4046 6376
567 358 636 418 67
1605 364 1663 419 S.
1704 365 1985 423 CYRILLI
2025 368 2505 424 ALEXANDRINI
2544 367 2864 425 ARCHIEP.
3785 373 3852 428 68

566 478 697 532 tiam
724 487 932 534 tantum
961 481 1126 546 cadit,
1187 481 1359 538 nutrit
1415 482 1482 536 ad
1511 483 1677 538 vitam
1725 485 2042 554 gloriosam,
2101 503 2129 538 ει

2259 489 2410 558 ἄρτῳ
2434 487 2512 559 τῷ
2529 487 2707 559 νοητῷ
2728 489 3001 559 τρέφοντα
3034 487 3168 560 πρὸς
3191 487 3336 560 ζωὴν
3370 489 3469 562 τὴν
3528 489 3728 544 εὐκλεᾶ
3756 492 3850 545 καὶ

553 571 730 626 .nullis
776 573 990 629 saeculis
1025 574 1318 630 finiendam
1345 593 1360 630 :
1391 577 1482 645 qui
1517 591 1656 646 aqua
1688 578 1900 634 viviiica
1948 580 2018 634 ad
2060 579 2155 632 bo-

560 677 688 717 .nam
737 673 792 718 et
823 665 1161 735 spiritualem
1199 683 1298 724 nos
1333 669 1708 724 habitudinem
1741 669 1859 724 alit.
1901 670 2003 737 Qui
2057 688 2154 724 au-

565 768 674 811 tem
706 756 774 810 ad
807 758 1138 828 impietatem
1165 759 1478 822 declinavit.
1509 761 1652 816 sicut
1676 761 1931 817 nimirum
1982 762 2153 818 forni-

557 848 735 902 catrix
763 848 1068 921 Synagoga,
1103 854 1248 908 hunc
1309 853 1485 923 inquit
1516 869 1644 909 suos
1682 868 1957 912 amatores
1998 858 2150 925 sequi

560 950 835 1009 Oportere,
860 953 916 996 et
950 942 1055 998 illis
1085 945 1292 1013 gratias
1319 944 1548 1008 referre.
1581 956 1879 1018 putareque
1925 949 2150 1015 victum,

556 1029 941 1101 Vestitumque
977 1032 1046 1086 ab
1071 1033 1175 1089 illis
1207 1037 1500 1106 accepisse.
1541 1036 1652 1092 Hoc
1685 1039 1886 1108 quippe
1933 1047 2038 1105 est,
2098 1041 2150 1094 ni

562 1119 756 1186 fallor,
804 1123 947 1189 quod
1001 1125 1110 1190 ait,
1172 1125 1317 1180 Dixit
1392 1127 1535 1181 enim
1570 1145 1584 1181 :
1615 1128 1825 1198 Sequar
1877 1139 2152 1186 amatores

563 1230 714 1270 uicos
745 1215 836 1284 qui
867 1216 1000 1270 dant
1034 1216 1165 1270 mihi
1215 1232 1382 1287 panes
1403 1207 1578 1286 meos,
1607 1229 1661 1274 et
1728 1235 1920 1290 aquam
1951 1237 2146 1286 meam,

559 1317 616 1360 et
643 1306 964 1361 vestimenta
994 1323 1131 1374 mea,
1166 1319 1222 1364 et
1263 1309 1448 1374 lintea,
1502 1319 1560 1366 et
1607 1311 1784 1366 oleum
1825 1328 2028 1377 meum,
2097 1325 2151 1369 et

557 1398 738 1453 omnia
779 1414 899 1468 qua:
955 1401 1087 1454 mihi
1149 1403 1503 1458 conveniunt.
1588 1400 1782 1459 Verum
1834 1405 2148 1476 prudentes,

557 1499 614 1545 et
639 1490 786 1556 boni,
817 1501 872 1545 et
911 1492 1020 1545 Deo
1045 1493 1154 1548 noti
1193 1495 1624 1565 amicissimique
1655 1497 1722 1550 ad
1757 1497 1934 1568 ipsum
1969 1502 2149 1554 omni-

559 1596 630 1635 nn
651 1582 957 1638 caelestium
983 1585 1244 1640 bonormn
1285 1586 1647 1657 largitionem,
1698 1598 2148 1663 terrenorumque

558 1677 1049 1746 suppeditationem
1115 1681 1422 1738 retulerint.
1502 1683 1694 1739 Dicent
1755 1687 1928 1751 enim,
1985 1687 2146 1756 idque

557 1766 869 1834 sapienter:
905 1786 924 1820 ι
954 1768 1224 1839 Numquid
1255 1780 1338 1826 est
1366 1772 1418 1826 in
1451 1773 1608 1829 idolis
1635 1776 1883 1845 gentium
1912 1777 2148 1847 pluens?

2256 582 2567 653 ἀμήρυτον,
2593 581 2686 635 τὸν
2713 579 2868 635 ὕδατι
2897 581 2974 653 τῷ
3012 581 3263 652 ζωοποιῷ
3291 582 3428 653 πρὸς
3463 581 3676 648 εὐεξίαν
3705 584 3850 655 ὑμᾶς

2253 672 2526 743 τρέφοντα
2559 673 2658 744 τὴν
2689 674 3087 745 πνευματικὴν.
3119 674 3260 728 Ἀλλ’
3291 675 3320 729 ὅ
3344 692 3410 744 γε
3434 675 3572 746 πρὸς
3593 676 3850 731 ἀσέϐειαν

2256 760 2641 826 διανενευκὼς,
2683 762 2939 835 καθάπερ
2983 765 3174 835 ἀμέλει
3213 766 3307 819 καὶ
3347 769 3380 835 ἡ
3431 768 3846 840 πεπορνευμένη

2257 853 2578 925 Συναγωγὴ,
2612 858 2726 918 τοῖς
2755 856 2906 919 ίδίοις
2935 858 3194 928 ἐρασταῖς
3216 857 3321 929 ἔφη
3344 859 3453 913 δεῖν
3471 859 3720 925 ἕπεσθαι,
3752 865 3848 916 καὶ

2256 945 2441 1009 αὐτοῖς
2497 945 2764 999 ἀνάπτειν
2819 946 2891 1002 τὰ
2933 952 3282 1021 χαριστήρια,
3342 951 3440 1006 καὶ
3490 951 3621 1024 παρ’
3666 953 3848 1006 αὐτῶν

2253 1037 2509 1106 ἡγεῖσθαι
2561 1037 2749 1092 λαϐεῖν
2801 1042 2931 1095 τάτε
2986 1043 3067 1104 εἰς
3118 1041 3329 1112 τροφὴν
3410 1042 3505 1096 καὶ
3552 1043 3840 1114 ἀμφίασιν.

2255 1129 2418 1182 Τουτὶ
2455 1129 2585 1203 γὰρ,
2612 1127 2791 1202 οἶμαι,
2832 1135 2952 1186 ἐστὶ
2985 1133 3068 1200 τὸ,
3106 1130 3251 1200 ,Είπε
3287 1134 3420 1206 γὰρ,
3464 1135 3843 1208 Ἀκολουθήσω

2252 1220 2429 1274 ὀπίσω
2473 1221 2585 1276 τῶν
2633 1223 2885 1294 ἐραστῶν
2937 1241 3062 1295 μου,
3118 1223 3226 1279 τῶν
3271 1225 3522 1280 διδόντων
3571 1244 3661 1297 μοι
3719 1228 3846 1290 10b;

2253 1313 2451 1383 ἄρτους
2485 1331 2610 1385 μου,
2645 1315 2741 1368 καὶ
2779 1314 2840 1368 τὸ
2891 1315 3036 1387 ὕδωρ
3080 1333 3204 1386 μου,
3252 1318 3348 1370 καὶ
3379 1317 3451 1372 τά
3480 1317 3675 1388 ἱμάτιά
3708 1334 3835 1388 μου,

2255 1405 2348 1457 καὶ
2391 1402 2462 1458 τά
2491 1403 2677 1458 ὀθόνιά
2717 1423 2844 1474 μου,
2885 1407 2980 1460 καὶ
3027 1408 3087 1460 τὸ
3132 1406 3313 1461 ἔλαιόν
3351 1425 3474 1478 μου,
3525 1409 3620 1462 καὶ
3664 1410 3843 1463 πάντα

2251 1494 2352 1546 ὅσα
2403 1512 2492 1565 μοι
2523 1497 2779 1568 καθήκει.
2832 1496 2976 1550 Ἀλλ’
3038 1499 3094 1551 οἵ
3120 1516 3182 1568 γε
3225 1500 3378 1568 σοφοί
3410 1518 3491 1564 τε,
3527 1501 3622 1556 καὶ
3647 1502 3843 1570 ἀγαθοὶ

2253 1589 2345 1641 καὶ
2369 1588 2489 1660 Θεῷ
2525 1589 2816 1662 γνώριμοι,
2852 1592 2946 1646 καὶ
2978 1593 3327 1658 οἰκειότατοι,
3355 1594 3506 1664 αύτῷ
3537 1595 3600 1667 δὴ
3623 1596 3844 1660 πάντως

2251 1679 2502 1734 ἀναθεῖεν
2523 1680 2591 1734 ἂν
2618 1681 2727 1736 τῶν
2755 1681 3022 1753 οὐρανίων
3067 1685 3289 1752 ἀγαθῶν
3318 1685 3418 1754 τὴν
3452 1686 3716 1751 ἐπίδοσιν,
3745 1688 3842 1742 καὶ

2250 1773 2358 1826 τῶν
2404 1773 2665 1843 ἐπιγείων
2712 1776 2812 1846 τὴν
2840 1777 3126 1848 χορηγίαν.
3181 1778 3396 1849 Ἐροῦσι
3449 1778 3559 1850 γάρ
3604 1779 3690 1851 δὴ,
3743 1781 3843 1833 καὶ

555 1859 676 1914 etsi
701 1860 895 1914 cmlum
921 1862 1068 1917 dabit
1090 1864 1392 1918 satietatem
1424 1881 1794 1930 suam,nonne
1823 1877 1878 1923 tu
1911 1870 2024 1938 ipse
2047 1872 2134 1927 esi

2245 1864 2363 1917 λίαν
2382 1865 2693 1938 ἐμφρόνως·
2725 1887 2744 1919 ι
2772 1869 2864 1939 Μή
2898 1870 3046 1924 ἐστιν
3065 1871 3122 1922 ἐν
3136 1859 3500 1935 τοῖςείδώλοις
3531 1872 3639 1925 τῶν
3667 1871 3842 1926 ἐθνῶν

555 1958 613 2003 et
641 1953 1077 2020 exspectabimus
1112 1963 1182 2020 te,
1211 1955 1318 2026 37
1339 1957 1462 2025 quia
1494 1967 1547 2011 tu
1593 1957 1770 2014 fecisti
1799 1961 1916 2016 haec
1949 1965 2132 2019 omnia

555 2041 624 2095 ²¹.
661 2059 680 2093 ι
706 2042 771 2096 Ει
795 2043 1107 2100 clamabunt
1143 2059 1292 2100 curm
1319 2042 1504 2102 divino
1565 2049 1768 2106 David:
1836 2071 1856 2106 ι
1901 2052 2146 2112 Visitasti

557 2143 782 2201 terram,
819 2148 873 2190 et
903 2138 1181 2194 iuebriasti
1205 2153 1325 2194 eam
1358 2155 1373 2205 ;
1411 2141 1782 2213 multiplicasti
1805 2144 2140 2218 locupletare

555 2226 764 2280 eam”.
798 2245 817 2278 ι

561 2405 726 2461 Vens.
765 2407 819 2472 6,
853 2409 906 2462 7.
946 2407 1172 2479 Propter
1205 2428 1266 2467 ea
1306 2431 1420 2468 ecce
1457 2433 1549 2487 ego
1583 2421 1727 2489 sepia
1765 2423 1900 2476 viam
1940 2424 2053 2494 ejus
2091 2427 2145 2480 in

621 2495 864 2562 sudibus,
888 2507 934 2552 et
964 2499 1235 2556 obstruam
1260 2503 1372 2558 vias
1399 2504 1564 2571 illius,
1591 2518 1638 2562 et
1665 2513 1908 2567 semitam
1934 2515 2068 2584 ejus,
2094 2528 2142 2572 et

624 2603 728 2640 non
763 2590 988 2645 inveniet
1021 2607 1042 2646 :
1075 2603 1121 2647 et
1156 2595 1459 2664 insequetur
1485 2611 1748 2656 amatores
1781 2621 1923 2671 suos,
1957 2617 2006 2660 et
2039 2625 2141 2662 non

621 2683 973 2748 apprehendet
1018 2701 1105 2739 eos
1150 2702 1170 2742 :
1209 2699 1256 2742 et
1300 2701 1496 2758 qureret
1540 2708 1649 2758 eos,
1687 2702 1737 2748 et
1779 2712 1880 2750 non
1920 2699 2140 2754 inueniet

619 2772 763 2828 ilics.

622 2863 740 2919 XV.
778 2865 1072 2937 Postquam
1103 2872 1273 2938 enim,
1304 2873 1501 2944 inquit,
1533 2877 1586 2930 in
1641 2879 1874 2950 seipsam
1903 2883 2142 2940 decrevit

476 3007 477 3010 η
549 2956 726 3023 mala,
775 2967 831 3012 et
887 2961 1024 3014 nihil
1075 2974 1269 3018 natura
1318 2982 1414 3021 sua
1467 2969 1736 3025 nefarium
1788 2979 2139 3042 praztermisit

549 3046 714 3116 (dixit
740 3047 910 3115 enim,
941 3054 1248 3121 sequendos
1275 3056 1380 3110 sibi
1410 3069 1686 3116 amatores
1713 3078 1866 3129 suos,
1894 3065 1999 3122 hoc
2027 3077 2133 3132 est,

549 3140 814 3209 improbis
859 3143 1207 3201 seductorum
1251 3153 1542 3206 sententiis
1591 3155 1973 3224 applicandum
2015 3161 2135 3215 ani-

2252 1957 2514 2025 ὑετίζων;
2556 1958 2650 2012 καὶ
2691 1959 2739 2012 εἰ
2769 1960 2798 2012 ὁ
2832 1958 3062 2032 οὐρανὸς
3095 1960 3258 2013 δώσει
3292 1959 3609 2032 πλησμονὴν
3645 1961 3836 2017 αὑτοῦ.

2247 2049 2368 2119 οὐχὶ
2424 2049 2487 2104 σὺ
2537 2045 2590 2104 εἷ
2619 2053 2649 2104 ό
2693 2050 2890 2117 αύτόςς
2939 2051 3037 2106 καὶ
3089 2051 3470 2124 ὑπομενοῦμέν
3524 2071 3605 2118 σε,
3645 2054 3728 2108 ὅτι
3769 2053 3834 2107 σί·

2247 2139 2511 2211 ἐποίησας
2534 2141 2708 2196 ταῦτα
2757 2143 2957 2199 πάντα.
3004 2163 3024 2196 ι
3055 2145 3562 2216 Συνανακράξονται
3621 2146 3679 2199 δὲ
3740 2148 3837 2201 καὶ

2246 2237 2397 2308 αὑτῷ
2423 2237 2502 2310 τῷ
2532 2237 2808 2310 θεσπεσίῳ
2833 2240 2998 2294 Δαϐΐδ
3016 2257 3064 2294 ἰ
3107 2239 3428 2312 Ἐπεσκέψω
3453 2241 3554 2310 τὴν
3583 2242 3706 2312 γῆν.
3739 2241 3837 2296 καὶ

2245 2328 2518 2399 ἐμέθυσας
2545 2331 2736 2402 αὐτὴν,
2765 2330 3075 2402 ἐπλήθυνας
3105 2331 3197 2385 τοῦ
3229 2331 3528 2402 πλουτῆσαι
3562 2333 3756 2404 αὑτήν.
3809 2353 3829 2385 ι

2316 2422 2419 2476 Διά
2439 2423 2616 2478 τοῦτο
2644 2423 2772 2477 ἰδοὺ
2805 2424 2920 2494 ἐγὼ
2945 2415 3200 2493 φράσσω
3230 2425 3347 2494 τὴν
3376 2425 3521 2480 ὁδόν
3547 2426 3738 2495 αὐτῆς
3763 2427 3836 2480 ἐν

2244 2514 2534 2582 σκόλοψι,
2563 2515 2667 2568 καὶ
2697 2514 3162 2585 ἀνοικοδομήσω
3195 2519 3304 2584 τὰς
3335 2516 3538 2584 ὀδοὺς,
3573 2518 3676 2572 καὶ
3715 2518 3836 2587 τὴν

2243 2607 2446 2674 τρίϐον
2475 2606 2688 2674 αὐτῆς,
2726 2609 2823 2661 καὶ
2855 2610 2926 2662 οὐ
2952 2608 3039 2678 μὴ
3069 2608 3213 2678 εὕρῃ
3236 2625 3250 2638 ·
3276 2609 3376 2663 καί
3407 2609 3835 2676 καταδιώεε-ται

2242 2697 2385 2764 τοὺς
2401 2698 2661 2766 ἐραστὰς
2681 2698 2892 2768 αὐτῆς,
2916 2699 3016 2754 καί
3042 2701 3114 2754 οὐ
3133 2700 3217 2768 μὴ
3243 2701 3552 2771 καταλάϐῃ
3575 2704 3830 2772 αὐτούς’

2241 2791 2342 2845 καὶ
2375 2789 2617 2860 ζητήσει
2644 2792 2887 2858 αὐτοὺς,
2914 2791 3014 2846 καὶ
3043 2795 3119 2847 οὑ
3147 2793 3234 2862 μὴ
3261 2794 3406 2863 εὕρῃ
3439 2797 3684 2864 αὐτούς.

2311 2880 2413 2936 ΙΕ’.
2457 2881 2678 2954 Ἐπειδὴ
2711 2890 2821 2955 γὰρ
2873 2883 3247 2954 βεϐούλευται,
3281 2888 3435 2956 φησὶ,
3466 2887 3680 2959 πονηρά
3706 2888 3833 2944 καθ⁸

2240 2974 2478 3045 ἑαυτῆς,
2515 2976 2608 3028 καὶ
2651 2975 2758 3028 τῶν
2812 2975 3020 3030 ἀδικεῖν
3057 2976 3383 3046 πεφυκότων
3426 2980 3832 3051 παραλέλοιπεν

2238 3065 2390 3119 οὐδέν
2415 3083 2430 3098 ’
2483 3066 2590 3136 ἔφη
2636 3067 2778 3138 γὰρ,
2832 3069 2945 3122 δεῖν
2997 3070 3418 3125 κατακολουθεῖν
3465 3073 3681 3128 ἑλέσθαι
3715 3078 3830 3139 τοῖς

2242 3157 2393 3222 ἰδίοις
2434 3159 2715 3229 ἐρασταῖς,
2765 3159 3035 3224 τουτέστι,
3083 3164 3204 3225 ταῖς
3247 3163 3355 3216 τῶν
3399 3165 3826 3237 πεπλανηκότων

551 3241 794 3293 mum,ut
813 3230 921 3287 illis
947 3242 1154 3289 tantum
1179 3236 1618 3312 obsequeretur);
1644 3244 1850 3310 adhaec,
1877 3249 2134 3316 quoniam

2241 3249 2480 3314 ἀνοσίοις
2502 3251 2752 3322 γνώμαις
2778 3253 3076 3324 ἀπονέμειν
3113 3255 3213 3325 τῆς
3239 3255 3480 3322 διανοίας
3497 3258 3598 3329 τὴν
3629 3230 3825 3332 ροπὴν,

545 3332 647 3388 pro
679 3319 746 3373 iis
779 3336 898 3390 quas
931 3336 1030 3392 ego
1064 3324 1262 3380 donavi
1303 3328 1415 3394 illi,
1457 3331 1540 3385 his
1562 3373 1575 3393 ,
1614 3334 1706 3402 qui
1745 3335 1879 3390 nihil
1915 3338 2134 3406 profue-

547 3421 696 3476 runt,
727 3411 1090 3479 daemonibus,
1124 3417 1366 3488 inquam,
1398 3424 1604 3491 gratias
1636 3427 1768 3496 agit,
1801 3428 2009 3486 idcirco
2040 3447 2136 3488 co-

545 3501 841 3570 gitationes
863 3506 980 3575 ejus
1005 3507 1199 3566 inanes
1225 3511 1448 3567 reddam
1467 3555 1482 3578 ,
1506 3517 1870 3591 resistamque
1895 3522 2128 3580 fortiter.

545 3593 762 3665 Sepiam
798 3600 941 3652 enim
973 3601 1090 3655 vias
1125 3602 1245 3673 ejus
1283 3606 1530 3672 sudibus,
1561 3618 1618 3664 et
1655 3627 1812 3668 muro
1846 3613 2128 3672 obstruam

541 3688 821 3754 semitam,
859 3702 915 3745 ut
951 3708 1130 3763 neque
1165 3704 1429 3764 sequatur
1461 3711 1734 3758 amatores
1766 3720 1918 3775 suos,
1955 3725 2130 3780 neque

543 3778 645 3833 sibi
681 3780 1057 3841 conducibiles
1089 3789 1326 3854 reperiat
1361 3790 1679 3848 seductores
1716 3809 1878 3865 suos,
1911 3778 2126 3856 etiamsi

539 3871 694 3941 sequi
727 3887 822 3928 eos
857 3872 1115 3941 fortasse,
1153 3877 1257 3934 hoc
1295 3889 1406 3946 est,
1438 3883 1684 3939 studiose
1718 3888 1786 3942 ad
1821 3904 1916 3946 eos
1951 3892 2126 3949 hono-

539 3966 742 4019 randos
786 3965 1155 4037 colendosque
1183 3971 1498 4029 incumbere
1519 3976 1774 4034 voluerit.
1824 3979 2124 4054 δυάεεξεοιι

539 4054 693 4124 palos
737 4068 1043 4126 praeacutos
1083 4063 1323 4130 appellat
1364 4079 1528 4121 casus
1569 4084 1708 4138 quos
1745 4086 2002 4143 expertus
2045 4093 2128 4134 est

537 4144 740 4213 lsrael;
778 4149 920 4204 bella
955 4151 1110 4216 dico,
1147 4155 1527 4224 captivitates,
1563 4161 1765 4218 famem
1792 4205 1808 4232 ,
1847 4169 2122 4237 pericula,

537 4239 848 4296 diuturnam
885 4245 1225 4300 servitutem.
1259 4247 1395 4303 Nam
1433 4254 1599 4306 semel
1632 4270 1661 4307 a
1691 4254 1873 4314 Persis
1928 4271 1982 4316 et
2013 4261 2124 4320 Me-

535 4333 621 4389 dis
655 4335 954 4406 subjugati,
984 4355 1089 4392 non
1127 4355 1224 4409 per
1251 4342 1425 4396 otium
1462 4347 1528 4399 ad
1561 4345 1711 4413 Baal,
1744 4364 1919 4421 neque
1949 4356 2015 4410 ad
2047 4358 2125 4410 vi-

539 4427 680 4483 tulos
707 4443 906 4485 aureos
932 4431 1299 4501 accedebant;
1328 4436 1421 4490 sed
1450 4451 1674 4494 necesse
1697 4452 1838 4507 erat,
1866 4455 1927 4500 ut
1953 4461 1982 4500 a
2015 4448 2122 4503 Deo

532 4535 790 4576 concessa
850 4532 905 4578 et
947 4524 1276 4581 charissima
1319 4528 1572 4585 libertate
1617 4534 1835 4604 privati,
1871 4547 1928 4593 et
1967 4553 2120 4610 qua:-

2236 3341 2315 3405 ώς
2362 3343 2500 3412 μόνα
2556 3342 2842 3414 πληροῦσα
2886 3345 2954 3398 τὰ
3001 3345 3259 3400 ἐκείνωνο
3304 3351 3396 3402 καὶ
3457 3350 3646 3423 ἐπειδὴ
3689 3354 3831 3423 πρὸς

2233 3433 2410 3505 τούτῳ
2437 3434 2547 3488 τῶν
2576 3435 2967 3508 δεδωρημένων
2998 3439 3136 3511 αὐτῇ
3183 3440 3313 3511 παρ’
3343 3441 3481 3511 ἐμοῦ
3520 3445 3636 3506 τοῖς
3671 3445 3828 3498 οὐδὲν

2233 3526 2545 3598 ώφεληκόσι
2584 3532 2699 3593 τοῖς
2748 3529 3000 3601 δαίμοσιν
3055 3532 3287 3586 ἀνάπτει
3336 3533 3406 3586 τὰ
3452 3536 3824 3606 χαριστήρια,

2233 3619 2493 3693 ταύτῃτοι
2536 3621 2774 3691 ματαίαν
2807 3623 2978 3694 αὐτῆς
3019 3624 3288 3692 ἀποφανῶ
3319 3625 3419 3696 τὴν
3467 3627 3679 3697 σκέψιν,
3726 3630 3824 3682 καὶ

2231 3712 2587 3785 ἀντιτάξόμαι
2621 3714 2874 3782 γενικῶς.
2906 3717 3103 3787 Φρὰξω
3135 3717 3244 3787 γὰρ
3289 3718 3462 3788 αὐτῆς
3486 3719 3584 3784 τὴν
3610 3720 3727 3774 ὁδὸν
3763 3724 3823 3775 ἐν

2232 3804 2478 3875 σκόλοψι,
2520 3807 2617 3860 καὶ
2649 3807 2836 3877 τειχιῶ
2863 3809 2964 3880 τὴν
3009 3809 3217 3880 τρίϐον,
3249 3809 3324 3874 ὼς
3373 3810 3440 3864 ἂν
3492 3813 3634 3883 μήτε
3685 3831 3822 3867 κατ-

2229 3899 2575 3973 ἀκολουθήσῃ
2595 3904 2710 3965 τοῖς
2734 3901 2885 3966 ἰδίοις
2914 3903 3193 3970 ἐρασταῖς,
3225 3905 3362 3976 μήτε
3392 3905 3497 3976 μὴν
3527 3905 3664 3980 εὕρῃ
3683 3924 3822 3979 χρη-

2230 3991 2283 4043 σί
2289 4008 2424 4062 μους
2443 3993 2571 4058 τοὺς
2584 3995 3026 4068 πεπλανηκότας,
3040 3999 3142 4053 κᾶν
3160 4002 3210 4054 εἰ
3231 3999 3449 4055 διώκειν
3462 4000 3637 4056 ἕλοιτο
3657 4004 3820 4073 τυχὸν

2228 4083 2458 4151 αὐτοὺς,
2494 4086 2794 4151 τουτέστιν,
2818 4088 3101 4157 ἐγκεῖσθαι
3134 4091 3440 4156 σπουδαίως
3472 4094 3592 4157 ταῖς
3613 4095 3694 4157 είς
3718 4097 3821 4148 αὐ-

2227 4173 2355 4237 τοὺς
2376 4178 2564 4244 τιμαῖς
2603 4179 2698 4231 καὶ
2728 4177 3029 4249 λατρείαις.
3054 4181 3331 4246 Σκόλοπας
3353 4182 3411 4236 δὲ
3439 4178 3580 4237 εἷναί
3603 4187 3819 4255 φησιτὲι

2228 4266 2613 4337 συμϐεϐηκότα
2651 4269 2730 4339 τῷ
2763 4271 2978 4341 Ἰσραὴλ
3003 4272 3261 4346 δυσχερῆ,
3292 4276 3420 4339 τοὺς
3449 4275 3716 4347 πολέμους
3748 4277 3816 4349 δὴ

2224 4359 2388 4428 λέγω,
2407 4361 2504 4423 τὰς
2526 4362 2926 4432 αἰχμαλωσίας,
2940 4365 3033 4418 τὸν
3053 4365 3230 4435 λιμὸν,
3249 4367 3376 4431 τοὺς
3393 4367 3690 4433 κινδύνους,
3714 4369 3815 4440 τὴν

2225 4453 2282 4505 ἐν
2293 4452 2509 4524 δουλείᾳ
2524 4455 2738 4526 τριϐήν.
2755 4456 3044 4524 Γεγονότες
3069 4458 3177 4529 γὰρ
3190 4458 3338 4524 ἅπαξ
3353 4459 3458 4512 ὑπὸ
3473 4461 3680 4530 Μήδοις
3718 4463 3815 4515 καὶ

2225 4543 2485 4616 Πέρσαις,
2503 4547 2602 4599 οὑκ
2622 4548 2680 4599 ἐν
2703 4547 2866 4617 σχολῇ
2893 4549 3203 4621 προσῄεσαν
3227 4549 3306 4622 τῷ
3334 4551 3481 4605 Βάαλ
3507 4595 3521 4617 ,
3548 4552 3668 4605 ούδέ
3690 4557 3813 4617 ταῖς

535 4623 716 4668 rentes
765 4615 984 4682 quidem
1031 4632 1152 4685 qua:
1200 4619 1346 4673 domi
1395 4622 1734 4691 habuerant,
1788 4626 1896 4683 illis
1939 4604 2118 4687 autem

2241 4604 2487 4706 ἰαμάλεσι
2515 4640 2636 4701 ταῖς
2662 4604 2891 4709 χρῦσαῖις
2911 4604 3071 4693 ’.ἀλλέ
3095 4637 3163 4712 ἦν
3207 4605 3326 4704 πως
3349 4642 3585 4714 ἀνάγκη,
3606 4644 3688 4708 τὸ,
3712 4647 3810 4698 καὶ

531 4714 786 4772 egentes,
822 4714 877 4759 et
921 4707 1317 4763 dominantium
1358 4710 1489 4782 jugo
1527 4718 1808 4784 oppressi,
1845 4724 2122 4776 consuetis

2241 4725 2388 4795 ιὺτῆς
2407 4726 2507 4796 τῆς
2528 4707 2756 4793 ἄνωθεν,
2774 4731 2870 4783 καὶ
2891 4707 3153 4800 φιλτάτης
3175 4707 3488 4803 ἐλευθερίας
3504 4707 3808 4805 ἐστερημέ-

530 4796 596 4848 de
635 4807 834 4851 caetero
877 4798 1024 4868 fungi
1075 4816 1181 4854 non
1229 4814 1470 4870 possent,
1555 4808 1646 4860 sed
1694 4809 2121 4870 lamentarentur

2241 4838 2361 4884 ιους,
2392 4821 2485 4873 καὶ
2507 4821 2802 4892 ζητοῦντας
2823 4824 2920 4893 μὲν
2939 4824 3009 4877 τὰ
3031 4825 3187 4885 οἴκοι,
3212 4825 3592 4895 πτωχεύοντας
3612 4827 3688 4888 δὲ.
3711 4829 3808 4883 καὶ

529 4887 730 4954 potius,
760 4899 815 4942 et
847 4888 1004 4945 mali.
1032 4893 1393 4950 atrocissimis
1424 4897 1573 4952 velut
1607 4901 1766 4966 ebrii,
1799 4904 2120 4961 damnarent

2241 4913 2335 4974 ταῖς
2359 4911 2468 4964 τῶν
2500 4913 2848 4984 κρατούντων
2871 4913 3206 4980 πλεονεξίαις
3237 4917 3662 4987 πεπιεσμένους,
3685 4919 3808 4971 οῦκ-

525 4977 633 5045 jam
677 4980 1027 5046 seductores;
1066 4988 1506 5056 quandoquidem
1543 5006 1607 5044 ex
1645 4991 1848 5048 frustra
1886 5001 2116 5065 speratis

2241 5019 2296 5053 rt
2323 5002 2419 5070 μὲν
2440 4977 2699 5056 δύνασθαι
2720 5006 2788 5058 τά
2812 5005 3015 5077 συνήθη
3043 4977 3285 5078 πληροῦν
3307 5021 3322 5035 °
3357 4977 3716 5077 ὀλο-φύρεσθαι
3744 5009 3804 5061 δὲ

531 5071 820 5126 utilitatem
854 5075 1058 5129 nullam
1094 5092 1290 5148 capere
1324 5081 1584 5137 licuisset.
1616 5083 1760 5139 Nihil
1789 5087 1988 5158 quippe
2017 5091 2113 5145 ad-

523 5161 621 5230 iuti
640 5174 766 5218 sunt
785 5177 878 5221 aut
906 5166 1032 5221 Baal
1057 5183 1152 5224 eos
1176 5171 1529 5240 defendente,
1561 5176 1712 5244 (quid
1737 5179 1880 5232 enim
1905 5179 2109 5251 lignum

525 5264 731 5310 mutum
769 5258 1031 5329 faceret?)
1086 5275 1180 5317 aut
1216 5275 1366 5320 certe
1402 5266 1586 5323 vitulis
1624 5267 1858 5338 aliquem
1895 5285 1990 5326 eos
2019 5273 2110 5341 ju-

525 5349 686 5402 vandi
725 5352 941 5406 modum
978 5357 1440 5425 excogitantibus.
1474 5358 1645 5415 Erant
1676 5363 1819 5417 enim
1859 5383 1878 5416 ι
1918 5380 2106 5421 aurmn

523 5453 685 5505 opera
717 5457 971 5499 manuum
1004 5447 1307 5517 hominum,
1346 5471 1364 5504 ι
1404 5462 1464 5507 ut
1493 5455 1753 5526 scriptum
1785 5465 1871 5512 est
1897 5459 1965 5514 ".
1995 5457 2109 5514 Ob-

521 5541 803 5588 struuntur
837 5537 1021 5607 itaque
1053 5541 1177 5605 vim,
1223 5543 1330 5598 Deo
1369 5559 1602 5613 peccare
1645 5563 1706 5604 so
1731 5549 1820 5604 itis
1858 5552 2107 5606 semitam

521 5626 588 5680 ad
632 5625 1037 5696 improbitatem
1092 5634 1236 5689 haud
1287 5637 1669 5707 complanante
1699 5682 1715 5708 ,
1766 5643 1860 5698 sed
1907 5645 2111 5699 utiliter

2221 5095 2443 5164 μᾶλλον,
2474 5098 2569 5149 καὶ
2598 5100 2718 5161 ταῖς
2740 5099 3061 5169 ἀνηκέστοις
3086 5099 3451 5171 καταμεθύειν
3472 5103 3801 5171 συμφοραῖς,

2218 5190 2731 5258 καταγινώσκοντας
2760 5191 2862 5262 ἤδη
2901 5192 3011 5247 τῶν
3061 5193 3506 5264 πεπλανηκότων,
3543 5195 3620 5256 ὡς
3649 5195 3804 5247 οὐδὲν

2211 5283 2518 5337 ἀπόνασθαι
2563 5284 2723 5356 μετὸν
2747 5287 2930 5349 αὐτοῖς
2956 5286 3064 5339 τῶν
3105 5288 3163 5340 ἐν
3193 5286 3375 5340 ἐλπίσι
3405 5290 3608 5351 κεναῖς.
3651 5288 3803 5356 Ὀφέ-

2211 5374 2400 5441 ληνται
2438 5375 2547 5448 γὰρ
2575 5375 2805 5449 ούδέν,ἢ
2841 5377 2934 5431 τοῦ
2969 5377 3117 5432 Βάαλ
3161 5379 3537 5450 ἐπαμύνοντος
3559 5397 3574 5414 ο
3607 5380 3662 5433 τί
3691 5380 3800 5452 γάρ

2210 5463 2276 5517 ἂν
2307 5464 2500 5536 ἔδρασε
2533 5467 2594 5519 τὸ
2641 5466 2856 5534 ἄφωνον
2891 5466 3082 5533 ξύλοντ
3129 5469 3297 5539 ἤγουν
3338 5469 3453 5522 τῶν
3509 5471 3800 5541 δαμάλεων

2212 5557 2531 5628 ἐπικουρίας
2556 5559 2739 5621 αὐτοῖς
2751 5558 3080 5613 ἐπινοουσῶν
3102 5578 3218 5614 τινα
3234 5561 3456 5633 τρόπον.
3479 5581 3497 5612 ι
3521 5563 3564 5614 Χ
3573 5563 3756 5634 ρυσδς,
3775 5583 3792 5614 ι

2211 5647 2318 5718 γὰρ
2351 5643 2441 5719 ἦν,
2481 5667 2497 5700 ι
2523 5649 2659 5720 ἔργα
2693 5649 2892 5721 χειρῶν
2923 5650 3280 5721 ἀνθρώπωνρ
3312 5652 3530 5708 κατὰτὸ
3547 5671 3796 5727 γεγραμ-

585 5801 629 5833 ¹¹
671 5800 868 5860 Jerem.
906 5824 1012 5874 MV,
1051 5811 1140 5866 22.
1220 5816 1286 5846 ²¹⁶
1324 5814 1744 5883 Psal.thv,lO.
1826 5824 1870 5852 ²²
1907 5821 2047 5878 Psal.
2079 5838 2233 5891 cxiii,
2263 5824 2316 5880 4.
