4046 6376
326 336 401 399 69
1248 334 1801 392 COMMENTARIUS
1835 333 1901 387 IN
1942 332 2174 389 OSEAM
2214 328 2664 386 I’itOPIIETAM.
3525 326 3598 381 7D

334 454 510 526 μένον.
556 454 1024 526 Ἀποφράττονται
1060 454 1238 507 τοίνυν
1272 457 1329 508 at
1364 456 1475 508 όδοὶ
1509 455 1665 519 Θεοῦ,
1703 455 1777 525 μὴ
1817 471 1904 507 κα·

2020 462 2339 522 :tsperanle,
2374 466 2472 507 nec
2506 465 2599 505 eos
2635 447 2981 520 permittente
3013 447 3260 516 expedite
3297 445 3459 513 ferri,
3490 458 3599 521 quo

330 544 727 609 ταλειαίνοντος
756 549 869 609 τοῖς
900 545 1348 617 φιλαμαρτήμοσι
1376 546 1474 618 τὴν
1498 548 1578 610 είς
1605 546 1917 616 φαυλότητα

330 637 534 709 τρίϐον,
566 637 1030 709 ἀποτραχύνοντος
1054 638 1111 690 δὲ
1141 639 1447 709 χρησίμως,
1486 640 1583 692 καὶ
1609 640 1706 691 οὐκ
1738 638 1918 706 ἐφιέν-

329 747 420 792 τος
471 730 657 791 αὐτοῖς
708 728 775 782 δι’
826 729 1128 800 εὐμαρείας
1177 729 1353 781 ἵεσθαι
1388 730 1481 781 ἐπὶ
1512 730 1573 782 τὸ
1622 729 1917 798 φληνάφως

2025 548 2188 602 stulte
2217 547 2643 615 concupiscunt;
2676 552 2733 596 ut
2760 541 3006 596 nolentes
3036 540 3420 609 impediantur,
3447 549 3501 592 et
3528 538 3594 590 ad

2024 633 2233 701 frugem
2272 642 2585 694 transeant,
2621 631 2709 685 ubi
2747 631 2861 699 ipsa
2899 630 3233 698 experientia
3270 627 3594 692 didicerint,

2022 727 2297 779 neminem
2333 733 2647 794 peccantem
2682 725 2898 792 impune
2928 723 3183 776 laturum.

332 820 541 873 δοκοῦν.
577 821 660 883 Ὠς
700 820 766 874 ἂν
795 820 895 890 οὐχ
921 821 1140 882 ἑκόντες
1188 822 1557 887 ἐγκόπτοιντο,
1620 822 1715 873 καὶ
1777 819 2145 889 μεταχωρεῖεν
2190 816 2289 868 ἓπὶ
2333 815 2393 868 τὸ
2432 816 2687 886 ἄμεινον,
2726 812 2815 867 διὰ
2884 813 3079 884 πείρας
3138 811 3307 881 αὐτῆς
3350 812 3595 881 ἐκμεμα-

335 908 579 978 θηκότες,
610 910 685 971 ὡς
729 909 842 962 ἔστι
887 910 1050 964 παντί
1079 929 1162 981 τῳ
1198 912 1259 963 τὸ
1306 910 1648 982 πλημμελεῖν
1677 912 1778 964 οὐκ
1814 911 2064 980 ἀζήμιον.

401 1001 509 1055 Καὶ
533 1001 671 1070 ἐρεῖ,
710 1003 1106 1071 Πορεύσομαι,
1134 1003 1229 1056 καὶ
1260 1004 1603 1072 ἐπιστρέψω
1634 1004 1782 1071 πρὸς
1812 1003 1920 1055 τόν

340 1095 517 1162 1’ἄνδρα
534 1112 653 1164 μου
686 1096 791 1149 τόν
825 1096 1131 1165 πρότερον,
1153 1096 1243 1149 ὅτι
1282 1096 1481 1162 καλῶς
1496 1113 1599 1166 μοι
1626 1092 1704 1166 ἦν
1726 1097 1857 1148 τότε
1876 1093 1916 1162 ἣ

337 1204 465 1240 νυν.

402 1280 527 1347 tq'.
567 1281 741 1345 Σώζει
786 1282 883 1350 μὲν
920 1281 948 1333 6
996 1280 1151 1348 λόγος
1198 1278 1277 1331 ἔτι
1311 1279 1401 1333 τὸν
1461 1279 1612 1349 αὐτῷ
1639 1278 1917 1350 πρέποντα

328 1374 528 1444 τρόπον
546 1390 561 1403 ·
594 1373 671 1436 ὡς
700 1373 808 1444 γὰρ
838 1374 929 1425 ἐπὶ
958 1372 1164 1443 πόρνης
1195 1371 1452 1438 γυναικὸς
1473 1372 1568 1425 ἀπ’
1595 1371 1769 1442 ἀρχῆς
1793 1388 1912 1422 συν-

326 1464 564 1517 τέθειται
600 1465 762 1535 μέχρι
814 1463 1023 1527 τέλους.
1077 1464 1175 1517 Διά
1206 1464 1385 1527 τοῦτο,
1432 1466 1583 1532 φησὶ,
1622 1464 1705 1515 ὅτι
1744 1480 1906 1533 μετα-

326 1553 616 1622 γνώσεται,
646 1556 740 1607 καὶ
768 1555 905 1625 ἐρεῖ,
939 1555 1286 1626 Πορεύσομαι
1316 1555 1451 1626 πρὸς
1484 1555 1572 1607 τὸν
1605 1553 1775 1624 ἄνδρα
1807 1572 1908 1624 μου

326 1647 420 1700 τὸν
465 1646 751 1718 πρότερον,
810 1648 891 1699 δτι
923 1646 1103 1710 καλῶς
1144 1666 1233 1716 μοι
1270 1643 1338 1717 ἦν
1376 1647 1495 1699 τότε
1527 1646 1559 1716 ἢ
1590 1645 1707 1699 νῦν.
1764 1645 1910 1717 Πλὴν

2015 1001 2125 1071 38
2156 999 2220 1052 Et
2250 1001 2425 1051 dicet:
2471 997 2705 1062 Vadam,
2737 1009 2784 1049 et
2832 1007 3063 1049 revertar
3101 996 3168 1048 ad
3212 1010 3378 1048 mrum
3420 1010 3590 1047 meum

2064 1095 2317 1161 priorem,
2346 1095 2468 1162 quin
2504 1096 2687 1143 melius
2721 1091 2846 1142 mihi
2876 1100 2999 1142 tunc
3026 1100 3161 1153 erat,
3190 1105 3347 1158 quant
3381 1105 3539 1141 nunc.

2085 1262 2223 1317 XVI.
2268 1264 2463 1318 Servat
2491 1263 2665 1317 adhuc
2694 1264 2872 1317 oratio
2899 1263 3310 1317 convenientem
3343 1262 3443 1316 sibi
3477 1276 3594 1314 mn-

2017 1355 2141 1409 dum
2177 1374 2190 1409 :
2224 1356 2290 1409 de
2323 1355 2549 1411 muliere
2585 1354 2863 1422 siquidem
2889 1353 3178 1407 meretrice
3214 1353 3281 1405 ab
3318 1352 3475 1405 initio
3507 1366 3596 1403 ns-

2017 1462 2121 1515 que
2146 1448 2214 1501 ad
2247 1447 2405 1500 linem
2440 1446 2684 1500 instituta
2710 1454 2813 1500 est.
2838 1444 3063 1508 Idcirco,
3090 1444 3286 1513 inquit,
3315 1443 3598 1513 pmnitebit

2017 1551 2136 1590 eam
2182 1536 2422 1600 consilii,
2473 1545 2528 1590 et
2570 1535 2757 1589 dicet:
2806 1533 3010 1588 Vadam
3087 1535 3154 1587 ad
3198 1534 3374 1586 virum
3417 1546 3594 1585 meum

2018 1630 2286 1694 priorem,
2317 1629 2443 1696 quia
2480 1628 2673 1681 melius
2703 1626 2832 1680 milii
2869 1636 2996 1679 tunc
3053 1636 3172 1679 erat
3202 1639 3363 1693 quam
3428 1638 3590 1677 nunc.

327 1738 485 1808 ἄθρει
513 1739 615 1791 κάν
637 1737 813 1807 τούτῳ
847 1738 938 1790 τὸν
966 1739 1074 1793 τῶν
1100 1738 1234 1793 ὅλων
1253 1738 1386 1791 Θεὸν
1412 1738 1505 1789 καὶ
1535 1738 1593 1788 ἐν
1614 1736 1751 1807 ὀργῇ
1783 1754 1904 1789 παι-

2022 1718 2404 1774 Vcrutntatnen
2430 1720 2593 1773 etiam
2626 1720 2677 1773 in
2710 1720 2811 1772 hoc
2837 1720 3214 1771 universorum
3244 1716 3433 1782 Deum,
3456 1728 3512 1770 et
3542 1716 3593 1768 in

325 1831 569 1896 δεύοντα,
601 1830 695 1883 καὶ
727 1830 1043 1900 ὠφελοῦντα
1071 1831 1351 1894 ποικίλως,
1386 1831 1480 1883 καὶ
1507 1834 1626 1894 ταῖς
1656 1831 1764 1882 τῶν
1806 1830 1915 1882 δει-

327 1921 433 1975 νῶν
456 1923 775 1989 ἐπαγωγαῖς
830 1921 1260 1992 ἀνασειράζοντα
1285 1921 1413 1984 τοὺς
1446 1919 1914 1989 πεπλανημένους,

326 2014 424 2068 καὶ
475 2012 873 2083 μεταποιοῦντα
928 2014 1065 2085 πρὸς
1094 2012 1156 2065 τὸ
1202 2013 1496 2082 συμφέρον.
1542 2013 1712 2065 Ὅταν
1766 2010 1912 2080 γὰρ,

327 2104 520 2174 φησὶν,
554 2101 1065 2171 ἀποπεφραγμένας
1118 2101 1204 2173 ἴδῃ
1255 2102 1355 2163 τὰς
1418 2101 1616 2170 ἑαυτῆς
1662 2100 1813 2162 ὀδοὺς
1854 2099 1913 2150 ἐν

328 2194 571 2263 σκόλοψι,
621 2192 745 2245 τότε
796 2190 859 2261 δὴ
899 2190 1021 2243 τότε
1064 2187 1593 2260 μεταϐουλεύσεται,
1643 2186 1738 2238 καὶ
1775 2186 1912 2254 ὅπερ

323 2274 391 2347 ἦν
420 2281 641 2349 ἄμεινον
684 2278 904 2331 ὶλέσθαι
946 2278 1099 2348 δρᾷν,
1133 2276 1288 2329 οῦπω
1327 2277 1435 2330 τῶν
1477 2276 1713 2347 ἀνιαρῶν
1742 2274 1915 2327 είσὸεο

326 2372 628 2443 ϐληκότων,
660 2372 765 2426 κᾶν
790 2371 923 2439 γοῦν
944 2371 1063 2439 ὀψὲ,
1102 2372 1195 2423 καὶ
1224 2370 1362 2441 μετά
1406 2373 1602 2441 πεῖραν
1649 2369 1872 2439 ἁρπάσῃ
1895 2383 1908 2398 ·

327 2465 602 2535 ἀγαπήσει
633 2464 743 2534 γὰρ
784 2463 907 2515 τότε
957 2462 1027 2515 τὰ
1056 2462 1210 2533 παρὰ
1254 2461 1395 2532 Θεῷ,
1425 2461 1521 2515 καὶ
1550 2460 1661 2512 τῶν
1706 2458 1909 2529 μεταξὺ

328 2554 817 2627 πλημμελημάτων
851 2553 925 2617 ὡς
965 2555 1029 2606 ἐκ
1059 2551 1319 2623 λογισμοῦ
1346 2552 1439 2605 τοῦ
1474 2550 1749 2620 σώφρονος
1783 2549 1908 2602 ἀλο-

327 2648 568 2718 γήσασα,
602 2647 980 2718 μεταχωρήσει
1020 2645 1205 2698 λοιπὸν
1246 2643 1381 2713 πρὸς
1410 2642 1471 2696 τὸ
1510 2642 1737 2713 θελῆσαι
1764 2641 1824 2693 τὸ
1851 2642 1909 2693 ὲν

327 2741 544 2811 ἀρχαῖς,
573 2740 668 2794 καὶ
706 2738 977 2811 θαυμάσει
1007 2738 1075 2791 τά
1108 2736 1261 2809 παρά
1278 2735 1417 2805 Θεῷ,
1443 2735 1539 2789 καὶ
1560 2733 1909 2805 ἀσυγκρίτοις

326 2828 468 2882 αὐτά
504 2828 849 2899 διενεγκόντα
877 2828 1181 2899 διαφοραῖς,
1219 2826 1467 2896 καθάπερ
1498 2827 1562 2877 ὲκ
1587 2824 1758 2894 μέθης
1781 2823 1908 2876 ἀνα-

323 2918 543 2989 νήψασα
590 2918 885 2988 κατόψεται
932 2918 1102 2988 μόλις.
1145 2916 1354 2970 Οὐκοῦν
1401 2917 1502 2968 οὐκ
1545 2915 1802 2983 ἀνόνητον
1850 2913 1909 2965 τὸ

327 3010 699 3074 παιδεύεσθαι,
726 3010 829 3065 κᾶν
851 3012 900 3063 εί
922 3010 1034 3080 ἔχοι
1060 3010 1221 3080 τυχὸν
1248 3008 1309 3062 τὺ
1330 3010 1462 3080 παρ’
1493 3007 1657 3061 αὐτοῦ
1679 3006 1742 3058 λυ
1754 3000 1903 3058 ποῦν.

2020 1813 2097 1865 ira
2141 1812 2556 1881 corripientem,
2604 1820 2659 1866 et
2709 1809 3040 1863 multimodis
3088 1809 3495 1871 consulentem,
3540 1817 3595 1860 et

2017 1905 2188 1977 plagis
2223 1905 2545 1959 adhibendis
2584 1920 2679 1959 eos
2716 1906 2806 1972 qui
2849 1906 3269 1967 aberraverunt,
3313 1902 3595 1955 retrahen-

2015 2007 2144 2062 tem,
2165 2010 2222 2053 et
2241 1998 2309 2051 ad
2335 1998 2592 2052 salutaria
2619 1997 2990 2051 immutantem
3018 1996 3244 2049 intuere.
3266 1994 3399 2048 Cum
3425 1993 3592 2055 enim,

2015 2090 2209 2158 inquit,
2236 2090 2348 2144 vias
2374 2104 2499 2145 suas
2523 2090 2745 2144 sudibus
2793 2103 2890 2142 seu
2914 2087 3047 2156 palis
3073 2088 3327 2154 obseptas
3351 2085 3594 2139 animad-

2013 2183 2255 2247 verterit,
2282 2191 2410 2235 tunc
2438 2191 2565 2235 tunc
2593 2182 2821 2235 mutabit
2844 2180 3125 2234 consilium
3148 2195 3162 2243 ;
3188 2188 3241 2232 et
3263 2177 3404 2248 quod
3430 2191 3594 2246 agere

2012 2273 2147 2327 velle
2178 2273 2488 2340 praestabat,
2520 2274 2767 2327 tristibus
2801 2273 3035 2327 nondum
3074 2272 3299 2340 illapsis,
3332 2269 3414 2323 vel
3471 2284 3594 2325 sera

1998 2379 2066 2425 .et
2102 2377 2220 2435 post
2254 2368 2643 2436 experientiam
2687 2365 2931 2433 arripiet.
2976 2365 3168 2435 Diliget
3211 2364 3352 2417 enim
3394 2372 3522 2417 tttnc
3562 2381 3591 2415 ει

2010 2458 2122 2513 Deo
2152 2460 2498 2528 prteseripta,
2531 2468 2585 2512 et
2615 2460 2852 2527 peccatis
2886 2459 3064 2512 medio
3094 2459 3146 2511 itt
3180 2467 3418 2527 tempore
3445 2473 3591 2512 COIII-

2012 2551 2210 2611 missis,
2266 2561 2327 2603 ut
2374 2552 2623 2619 prudenti
2673 2551 3089 2605 ratiocinatione
3131 2549 3479 2616 posthabitis,
3525 2552 3591 2605 ad

2011 2643 2342 2697 voluntatem
2381 2642 2594 2711 pristini
2631 2641 2809 2697 cultus
2843 2658 2901 2697 se
2936 2644 3282 2710 postmodum
3320 2642 3591 2711 recipiet:

2009 2744 2063 2788 et
2090 2749 2209 2808 qua:
2239 2733 2331 2788 Dei
2357 2743 2482 2788 sunt
2512 2733 2900 2801 admirabitur;
2932 2734 3356 2804 discriminaque
3385 2735 3592 2789 incom-

2009 2826 2237 2893 parabili
2259 2826 2807 2897 praecellentiadvelut
2828 2842 2891 2881 ex
2918 2842 2976 2882 se
2996 2827 3259 2883 ebrietate
3292 2828 3590 2898 recipiens,

2009 2917 2098 2970 vix
2126 2921 2340 2971 tandem
2366 2918 2680 2987 perspiciet.
2701 2919 3065 2985 Quamobrem
3088 2920 3344 2989 castigari
3370 2921 3592 2976 minime

2012 3009 2396 3073 itteomntodat,
2433 3010 2533 3064 etsi
2580 3010 2720 3064 forte
2761 3026 2858 3079 per
2890 3026 2949 3065 se
2993 3010 3298 3065 molestiam
3340 3024 3589 3083 generat.

325 3099 608 3170 Καὶιτοῦτο
634 3100 834 3163 εἰδότες
853 3102 901 3153 οἱ
920 3099 1191 3170 προφῆταί
1219 3117 1370 3167 φασι,
1384 3119 1401 3150 t
1422 3098 1715 3151 Παίδευσον
1740 3099 1769 3168 ἡ
1782 3099 1904 3167 μᾶς,

2014 3100 2163 3167 Quod
2236 3103 2513 3170 prophetae
2553 3103 2823 3167 scientes,
2894 3103 3119 3158 dicunt:
3157 3121 3176 3154 ι
3206 3102 3429 3174 Corrige
3470 3120 3590 3171 uos,

324 3189 519 3260 Κύριε.
542 3210 561 3242 ›
588 3191 793 3261 Γράφει
824 3191 880 3242 δὲ
908 3192 936 3243 6
965 3190 1252 3254 θεσπέσιος
1275 3190 1536 3253 Παῦλοςη
1567 3189 1629 3241 Εἰ
1655 3188 1905 3241 παιδείαν

326 3283 648 3355 ὑπομένετε,
686 3284 769 3348 ’ὼς
801 3285 938 3347 υἱοῖς
966 3283 1095 3355 ὑμῖν
1138 3283 1509 3356 προσφέρεται
1542 3282 1570 3334 6
1610 3281 1773 3343 Θεόςο
1823 3279 1905 3343 τίς

324 3375 433 3446 γάρ
469 3376 621 3428 ἐστιν
648 3375 678 3427 6
708 3375 842 3440 υίὸς,
886 3375 945 3428 δν
974 3375 1035 3427 οὐ
1068 3374 1315 3427 παιδεύει
1354 3374 1542 3444 πατήρ
1566 3391 1581 3439 ;
1607 3392 1624 3423 ›
1654 3374 1903 3427 Δείκνυσι

322 3467 381 3520 δὲ
415 3466 478 3521 τὸ
519 3469 585 3521 ὲκ
614 3466 709 3520 τοῦ
742 3465 1091 3520 παιδεύεσθαι
1113 3465 1285 3534 γλυκύ
1317 3483 1377 3518 τε
1429 3467 1523 3518 καὶ
1560 3465 1899 3535 ὀνησιφόρον,

324 3562 499 3626 οὕτως
521 3562 696 3630 λέγων
716 3578 731 3594 ·
771 3579 790 3612 ‹
816 3562 972 3615 Πᾶσα
995 3560 1213 3614 παιδεία
1243 3559 1379 3630 πρὸς
1415 3560 1513 3627 μὲν
1546 3558 1604 3610 τὸ
1635 3558 1807 3629 παρὸν
1840 3558 1900 3610 οὐ

322 3655 472 3709 δοκεῖ
496 3655 669 3725 χαρᾶς
700 3649 861 3718 εἶναι,
884 3652 1020 3708 ἀλλά
1043 3652 1245 3723 λύπης
1274 3652 1498 3723 ὕστερον
1532 3652 1713 3721 μέντοι
1768 3667 1901 3719 καρι-

326 3745 427 3797 πδν
454 3744 730 3815 εἰρηνικὸν
763 3747 878 3808 τοῖς
906 3743 972 3797 δι’
1005 3744 1173 3814 αὐτῆς
1208 3742 1683 3813 γεγυμνασμένοις
1711 3742 1901 3795 ἀποδί-

321 3834 453 3888 δωσι
482 3834 850 3905 δικαιοσύνης.
884 3852 903 3886 ι

393 3928 503 3981 Καὶ
537 3927 688 3994 αὕτη
731 3929 842 3981 οὐκ
870 3926 1043 3996 ἔγνω,
1089 3925 1180 3980 ὅτι
1222 3925 1337 3995 ἐγὼ
1378 3923 1569 3978 ἔδωκα
1610 3920 1766 3993 αὐτῇ
1796 3924 1901 3977 τόν

321 4017 516 4082 σῖτον,
546 4019 645 4071 καὶ
671 4018 777 4071 τόν
798 4013 988 4083 οἷκον,
1012 4016 1112 4070 καὶ
1136 4014 1203 4069 τὸ
1235 4014 1460 4081 ἔλαιον,
1488 4015 1586 4068 καί
1620 4014 1900 4084 ἀργύριον

320 4110 632 4177 ἐπλήθυνα
686 4106 860 4177 αὐτῇ.
915 4108 1077 4176 Αὕτη
1135 4106 1203 4160 δέ
1235 4105 1464 4177 ἀργυρᾶ
1543 4106 1644 4160 καὶ
1696 4105 1899 4175 χρυσᾶ

319 4204 571 4269 ἐποίησε
599 4198 674 4269 τῇ
696 4199 886 4253 Βάαλ.

391 4295 491 4347 IZ'.
523 4293 645 4345 Ὀτι
678 4291 776 4362 μὲν
826 4285 918 4345 οῦν
946 4291 1047 4344 οὐκ
1076 4292 1143 4345 ἂν
1173 4290 1370 4354 ἕλοιτο,
1406 4289 1559 4360 φησὶ,
1590 4290 1704 4353 τοῖς
1747 4288 1896 4352 ἰδίοις

318 4384 399 4437 ἔτι
437 4382 854 4437 κατακολουθεῖν
894 4384 1171 4454 ἐρασταῖς,
1223 4382 1322 4434 οὐκ
1350 4380 1415 4433 ἂν
1458 4379 1750 4433 ὲνδοιάσειέ
1787 4397 1890 4443 τις.

2010 3194 2236 3247 Domine
2256 3194 2354 3246 ³³.»
2381 3195 2652 3250 Etscribit
2684 3194 2917 3250 Paulus:
2940 3214 2960 3247 ι
2991 3194 3046 3250 Si
3069 3196 3409 3267 disciplinam
3427 3198 3590 3251 susti-

2008 3286 2169 3350 netis,
2198 3294 2454 3356 tanquam
2488 3287 2613 3342 [iliis
2641 3289 2793 3342 vobis
2819 3287 2979 3343 oII'ert
3006 3304 3065 3342 se
3097 3288 3259 3343 Deus.
3285 3289 3416 3355 Quis
3445 3290 3589 3343 enim

2005 3376 2171 3441 filius,
2204 3392 2361 3445 quem
2405 3393 2511 3433 non
2553 3378 2780 3447 corripit
2821 3389 2974 3447 pater
2997 3379 3084 3431 “?
3124 3397 3142 3429 ι
3184 3379 3386 3435 Deinde
3427 3382 3590 3434 disci-

2006 3467 2163 3534 plina:
2200 3469 2528 3523 suavitatem
2577 3478 2632 3523 et
2671 3470 3110 3524 commoditatem
3156 3470 3238 3523 ltis
3274 3471 3455 3526 verbis
3493 3488 3589 3525 ex-

2002 3561 2187 3629 planat
2222 3579 2235 3615 :
2277 3580 2296 3612 ι
2334 3561 2522 3616 Omnis
2553 3562 2841 3632 disciplina
2879 3563 2930 3617 in
2969 3564 3221 3633 pra-senti
3258 3564 3477 3633 quidem
3509 3566 3587 3620 vi-

2003 3651 2159 3703 detur
2191 3667 2295 3704 non
2338 3666 2458 3705 esse
2495 3652 2698 3719 gaudii,
2731 3654 2825 3706 sed
2866 3655 3145 3718 maeroris;
3179 3665 3363 3723 postea
3405 3666 3586 3709 autem

2002 3742 2236 3797 fructum
2282 3744 2689 3811 pacatissimum
2736 3745 3051 3799 exercitatis
3095 3746 3189 3814 per
3241 3762 3360 3801 eam
3411 3749 3586 3801 reddit

1994 3834 2220 3904 justitiac
2241 3838 2307 3891 ’³.
2345 3857 2363 3888 ι

2073 3929 2235 3985 Vens.
2276 3932 2328 3986 8.
2368 3928 2435 3983 Et
2478 3931 2594 3999 ipsa
2638 3947 2741 3984 non
2779 3933 3039 4001 cognovit,
3075 3932 3200 4000 quia
3240 3949 3332 4001 ego
3376 3932 3496 3985 dedi
3537 3934 3584 3985 ei

1998 4024 2343 4094 frumentum,
2376 4032 2426 4076 et
2465 4024 2663 4091 vinum,
2699 4035 2745 4077 et
2783 4023 2972 4089 oleum,
3012 4033 3061 4078 et
3097 4039 3370 4093 argentum
3406 4026 3585 4078 multi-

1994 4115 2187 4185 plicari
2216 4116 2283 4168 ei.
2320 4114 2451 4169 llwc
2483 4126 2660 4169 autem
2695 4126 2941 4185 argentea
3000 4126 3046 4168 et
3075 4132 3237 4169 aurea
3268 4114 3396 4184 fecit
3425 4114 3580 4170 Baal.

2048 4291 2211 4348 XVII.
2232 4293 2370 4360 Quin
2391 4294 2554 4364 igitur
2575 4294 2708 4349 nolit
2724 4296 2954 4364 amplius
2970 4297 3120 4366 sequi
3142 4306 3411 4354 amatores
3431 4315 3580 4369 suos,

1996 4385 2196 4455 inquit,
2230 4401 2388 4441 nemo
2421 4388 2774 4443 dubitaverit.
2811 4387 2923 4441 Hoc
2950 4389 3094 4443 enim
3151 4392 3318 4459 probe
3345 4402 3400 4446 et
3430 4392 3584 4449 facil-

318 4471 657 4543 Κατορθώσῃ
680 4471 789 4540 γὰρ
810 4469 988 4534 τοῦτο,
1012 4472 1106 4524 καὶ
1139 4470 1256 4523 λίαν
1285 4469 1539 4534 εὐκόλως,
1564 4469 1642 4540 τῷ
1665 4469 1899 4541 φράττε-

2007 4480 2131 4534 lime
2166 4480 2285 4545 fiet,
2315 4481 2359 4534 si
2393 4481 2708 4549 obsepiatur
2734 4481 2817 4533 via
2849 4479 2994 4548 ejus,
3026 4492 3079 4537 et
3112 4483 3471 4540 oltstruautur
3498 4502 3583 4542 se-

320 4565 443 4619 σθαι
477 4564 576 4635 μὲν
609 4564 709 4634 τὴν
736 4562 854 4616 ὁδὸν
891 4563 1082 4632 αὐτῆς,
1114 4560 1334 4625 καὶτὰς
1366 4560 1584 4631 τρίϐους
1622 4559 1897 4629 ἀνατειχί-

318 4659 526 4725 ξεσθαι,
562 4656 659 4710 καὶ
708 4658 829 4710 κατ’
865 4655 1057 4709 οὐδένα
1090 4654 1370 4717 παντελῶς
1410 4651 1723 4705 εὐοδοῦσθαι
1771 4651 1894 4723 τρό-

318 4769 438 4803 πον.
486 4752 704 4823 Ἐπειδὴ
735 4753 791 4805 δὲ
834 4753 969 4823 πρὸς
998 4752 1076 4822 τῷ
1103 4752 1234 4805 Θεὸν
1276 4750 1539 4821 ὑπάρχειν
1565 4747 1772 4802 οἴεσθαι
1804 4747 1895 4800 τὸν

318 4844 483 4907 Βάαλ,
520 4845 870 4899 ἀνατέθεικεν
898 4846 1047 4916 αὐτῷ
1076 4845 1170 4899 καὶ
1192 4844 1299 4898 τῶν
1331 4846 1461 4915 παρ’
1494 4843 1628 4913 ἐμοῦ
1662 4859 1892 4913 κεχορη-

319 4936 571 5005 γημένων
607 4938 743 5009 αὐτῇ
772 4938 840 4991 τὰ
886 4941 1236 5010 χαριστήρια,
1274 4940 1370 4992 καὶ
1406 4938 1540 5008 πρὸς
1581 4937 1738 4990 τοῦτο
1766 4936 1891 5007 βου-

319 5024 578 5095 λεύσομαι
615 5028 681 5081 τὰ
721 5029 936 5093 εἰκότα,
967 5030 1042 5093 ὠς
1084 5029 1149 5082 ἂν
1175 5029 1445 5099 ἀναμάθοι
1469 5070 1482 5091 ,
1518 5027 1602 5091 τίς
1632 5030 1659 5081 6
1694 5027 1890 5091 διδοὺς,

325 5117 407 5168 (αἰ
438 5117 547 5170 τῶν
573 5119 708 5172 ὅλων
740 5120 875 5190 ἔχων
901 5120 998 5191 τὴν
1029 5120 1294 5183 ἐξουσίαν.
1318 5120 1535 5173 Δὲδωκα
1561 5122 1657 5190 μὲν
1688 5119 1794 5190 γὰρ
1826 5119 1895 5172 τὰ

324 5209 569 5280 ζωαρκῆ·
606 5213 769 5273 σῖτον,
806 5212 899 5265 καὶ
929 5208 1091 5275 οἶνον,
1127 5212 1221 5265 καὶ
1267 5212 1465 5271 ἔλαιον,
1502 5212 1595 5264 καὶ
1628 5211 1892 5282 ἀργύριον

324 5296 590 5366 ιπλήθυνα
612 5299 770 5370 αὐτῇ.
808 5300 967 5352 Ἀλλά
983 5303 1102 5363 ταῖς
1124 5302 1283 5371 ἐμαῖς
1314 5300 1642 5370 φιλοτιμίαις
1676 5300 1893 5369 εὐχαρι-

321 5387 511 5458 ττῆσαι
527 5390 662 5451 δέον.
682 5394 760 5454 είς
777 5392 935 5457 δόξαν
951 5392 1087 5446 αὐτά
1100 5394 1390 5464 πεποίηται
1405 5396 1470 5463 τῇ
1492 5392 1656 5455 Βάαλ,
1672 5393 1700 5446 ὃ
1714 5394 1778 5465 δὴ
1794 5394 1894 5464 τῆς

313 5480 554 5548 ἐσχάτης
578 5482 725 5533 ἐστὶν
764 5482 1119 5552 ἀναισθησίας
1144 5501 1203 5536 τε
1246 5484 1381 5553 ὁμοῦ
1435 5484 1529 5536 καὶ
1567 5484 1891 5554 ἀχαριστίας

313 5569 590 5637 ἀπόδειξις
618 5572 885 5645 ἐναργήςο
919 5576 1012 5629 καὶ
1047 5577 1146 5629 οὐκ
1184 5577 1452 5638 ἀνικάνως
1478 5576 1536 5629 τὸ
1564 5577 1752 5647 χρῆμα
1780 5577 1890 5648 ἕχει

392 5751 437 5784 ιι
463 5749 663 5808 ιρι-ραι,
694 5768 748 5816 ι,
779 5754 869 5821 25,
946 5755 989 5785 ιι
1024 5754 1184 5809 μυίης,
1222 5772 1313 5821 χιι,
1351 5755 1400 5806 7.
1478 5756 1523 5786 ’⁸
1556 5755 1682 5810 ibid.
1731 5758 1809 5811 II.

2002 4573 2169 4634 mitte,
2211 4581 2259 4623 et
2312 4570 2475 4625 rebus
2524 4581 2706 4625 utatur
2750 4573 2973 4628 minime
3019 4576 3261 4629 omnium
3307 4580 3576 4634 secundis.

2004 4661 2265 4727 Quoniam
2291 4677 2415 4717 vero
2443 4673 2801 4733 praeterquam
2829 4665 2970 4733 quod
2997 4664 3120 4719 Baal
3150 4683 3249 4737 pro
3278 4667 3391 4723 Deo
3420 4685 3580 4740 repu-

1998 4755 2151 4816 tavit,
2176 4753 2339 4807 etiam
2368 4769 2487 4822 qua:
2520 4771 2549 4808 a
2582 4772 2666 4809 me
2692 4758 3029 4826 suppeditata
3061 4760 3294 4828 fuerant,
3318 4752 3492 4817 eidem
3523 4765 3576 4817 in

1984 4846 2233 4914 .acceptis
2272 4844 2492 4911 retulit,
2533 4847 2691 4914 eique
2732 4848 2936 4916 gratias
2974 4850 3115 4917 egit,
3154 4853 3315 4905 etiam
3359 4865 3578 4923 propter

1996 4938 2102 4993 Itoc
2129 4946 2362 4992 statuam
2395 4950 2757 4993 consentanea
2779 4980 2793 5003 ,
2828 4950 2885 4993 ut
2914 4941 3085 4995 discat
3114 4944 3235 5011 quis
3266 4944 3335 4997 sit
3362 4946 3452 5014 qui
3486 4948 3577 4999 de-

1996 5032 2139 5083 derit
2180 5047 2192 5084 :
2232 5040 2285 5085 et
2331 5045 2496 5100 penes
2539 5046 2696 5100 quem
2745 5033 2817 5087 sit
2861 5034 3100 5087 omnium
3147 5046 3405 5104 potestas.
3444 5037 3576 5093 Dedi

1995 5125 2139 5179 enim
2170 5126 2293 5179 vitae
2325 5126 2691 5181 sustentandae
2724 5127 3068 5193 necessaria;
3108 5128 3460 5192 frumentum,
3491 5132 3575 5184 vi-

1996 5233 2156 5283 num,
2198 5218 2408 5285 oleum,
2452 5230 2504 5274 et
2546 5232 2825 5287 argentum
2871 5222 3222 5290 mttitiplicavi
3268 5223 3337 5274 ei.
3376 5223 3573 5277 Verum
3650 5264 3659 5273 .

1994 5308 2105 5379 39
2142 5326 2263 5363 cttnt
2307 5312 2687 5366 munificentia
2730 5329 2861 5367 mea:
2901 5314 3105 5383 gratias
3144 5314 3383 5377 deberet,
3417 5327 3479 5368 ea
3521 5317 3573 5369 itt

1996 5403 2162 5457 decus
2191 5411 2243 5457 et
2269 5402 2491 5472 gloriam
2524 5402 2651 5457 Baal
2682 5406 2977 5471 convertit,
3009 5406 3151 5475 quod
3184 5406 3411 5460 extremi
3443 5422 3574 5461 sane

1995 5493 2232 5564 stuporis
2274 5494 2433 5548 simul
2483 5503 2537 5549 et
2604 5498 2765 5550 animi
2815 5498 3163 5565 ingratissimi
3206 5508 3451 5567 apertum
3492 5509 3575 5554 est

1997 5595 2373 5657 argumentum
2406 5606 2419 5642 :
2450 5597 2505 5643 et
2539 5588 2604 5643 ad
2640 5590 2802 5645 Deum
2831 5592 3176 5659 quantumvis
3206 5594 3384 5649 omnis
3412 5606 3571 5648 man-
