4046 6376
398 357 467 411 73
1323 365 1872 430 COMMENTARIUS
1904 376 1969 432 IN
2010 381 2244 438 OSEAM
2286 387 2722 447 I'ROPIIETAM.
3254 400 3259 411 ’
3586 413 3656 466 75

398 491 512 537 σεις
552 476 881 549 ἀφαίρεσιν,
920 477 1059 550 ύπέρ
1092 495 1155 548 γε
1197 481 1289 535 τοῦ
1327 485 1400 556 μὴ
1449 486 1819 544 καλύπτεσθαι

398 565 784 598 ἆωκοιλριτι-...ι
833 569 1003 598 ..ι’...ἶ-
1061 572 1460 598 ’A...-...\.'-l__..
1501 579 1547 598 ex
1586 581 1628 598 ἀι
1742 583 1753 598 ι
1845 584 1868 598 Α

2034 520 2049 559 ι
2080 503 2430 572 munditiam,
2462 516 2514 562 et
2542 523 2725 565 coram
2757 519 3089 578 amatoribus
3117 522 3235 594 ejus
3263 532 3530 598 promittit
3586 553 3656 592 eo

396 565 784 639 ἀσχημοσύνην
830 569 1023 639 αὐτῆς.
1061 572 1461 645 Ἀποκαλύψειν
1496 579 1552 631 δὲ
1579 581 1677 649 τὴν
1730 583 1975 656 ἀκαθαρ-

395 659 516 710 σίαν
549 660 722 730 αὐτῆς
751 662 1145 730 ἐπαγγέλλεται
1168 704 1184 731 ,
1228 669 1323 720 καὶ
1369 669 1479 722 τῶν
1518 673 1764 739 ἐραστῶν
1803 676 1973 748 αὐτῆς
2074 683 2089 737 i

393 752 657 817 ἐναντίον,
703 756 847 808 κατά
887 758 1089 810 τοιόνδε
1155 761 1274 813 τινά
1332 763 1569 832 τρόπον,
1611 766 1669 819 ὃν
1711 768 1973 841 ἐλέγομεν

392 843 615 912 ἀρτίως,
638 845 720 898 ὅτι
742 849 1119 918 περιπεσοῦσα
1152 854 1265 915 τοῖς
1300 854 1546 925 σκόλοψι,
1571 859 1837 927 τουτέστι,
1860 866 1971 927 τοῖς

390 936 455 987 ἐκ
480 935 575 988 τοῦ
606 937 845 1007 πολέμου
873 944 1083 1007 κακοῖς,
1117 944 1212 996 καὶ
1253 947 1377 1009 ταῖς
1415 949 1496 1001 ὅτι
1535 950 1769 1018 μάλιστα
1800 970 1970 1007 κατα-

390 1026 644 1097 πλήττειν
676 1029 1003 1100 δυναμέναις
1034 1038 1361 1106 συμφοραῖς,
1389 1039 1482 1092 καὶ
1505 1041 1684 1096 αὐτῶν
1704 1043 1968 1115 ἀμελήσει

386 1118 495 1170 τῶν
529 1121 586 1173 ἐν
633 1120 899 1191 ὑπολήψει
943 1123 1112 1189 θεῶν,
1154 1128 1253 1180 οὐκ
1292 1130 1349 1182 ἐν
1401 1132 1562 1204 σχολῇ
1615 1138 1967 1207 προσάγουσα

388 1208 578 1272 θυσίας
619 1212 834 1275 αὐτοῖς,
869 1212 992 1266 οὔτε
1043 1215 1150 1287 μὴν
1179 1218 1247 1271 τὰ
1282 1222 1486 1292 συνήθη
1519 1224 1758 1296 πληροῦν
1802 1228 1962 1282 δυνα-

387 1301 519 1372 μένη
551 1303 690 1373 πρὸς
722 1303 880 1369 δόξαν
904 1306 1101 1361 αὐτῶν.
1129 1311 1632 1384 Κατακερτομοῦσα
1656 1318 1713 1371 δὲ
1741 1321 1959 1389 μᾶλλον,

377 1392 454 1456 ὡς
481 1393 635 1446 οὐδὲν
658 1395 839 1449 αὐτῶν
868 1398 1169 1454 ἀπόνασθαι
1202 1403 1384 1472 μετὸν,
1409 1408 1501 1459 καὶ
1525 1412 1963 1476 κατονειδίζουσα

379 1504 497 1549 πως
517 1487 579 1540 τὸ
594 1487 784 1542 ἄναλκι
804 1492 1103 1556 παντελῶς,
1134 1514 1152 1545 t
1176 1495 1531 1570 Ὑποστρέψω
1549 1541 1562 1563 ,
1581 1520 1597 1553 ι
1621 1504 1774 1572 φησὶ,
1796 1507 1960 1576 «πρὸς

376 1577 469 1631 τὸν
498 1575 670 1650 ἄνδρα
700 1597 805 1650 μου
833 1583 925 1635 τὸν
965 1585 1251 1659 πρότερον,
1278 1590 1360 1642 ὅτι
1394 1591 1575 1656 καλῶς
1607 1612 1697 1664 μοι
1720 1591 1788 1666 ἦν
1816 1575 1958 1668 τάτε,

373 1667 554 1738 ήνῦν.
590 1689 609 1720 ι
662 1670 830 1724 Ὅταν
880 1673 1063 1727 τοίνυν
1110 1676 1449 1747 ἀπαμφιέσω
1498 1682 1595 1751 μὲν
1642 1686 1815 1758 αὐτὴν
1862 1689 1960 1759 τῆς

373 1762 505 1829 παρ’
554 1762 715 1831 ἐμοῦ,
740 1764 925 1834 φησὶν,
966 1766 1306 1838 ἐπικουρίας,
1332 1776 1707 1842 περιπεσοῦσα
1738 1778 1795 1832 δὲ
1843 1783 1957 1844 τοῖς

368 1851 598 1918 δεινοῖς,
662 1856 756 1907 καὶ
798 1855 899 1924 τῆς
949 1859 1029 1921 είς
1088 1859 1286 1924 αὐτοὺς
1339 1864 1583 1939 ἀλογήσῃ
1639 1868 1805 1939 τιμῆς
1866 1872 1959 1925 καὶ
1992 1855 2030 1910 Β
2060 1871 2304 1931 lamilosa

368 1940 589 2010 ἀγάπης
609 1984 622 2002 ,
656 1943 779 1997 τότε
833 1946 927 1997 καὶ
976 1946 1160 2010 αὐτοῖς
1211 1949 1478 2021 ἀσχήμων
1510 1956 1837 2026 ὀφθήσεται,
1870 1977 1958 2013 σα·

367 2031 483 2102 θρῷ
515 2034 611 2085 καὶ
638 2034 921 2099 κολάζοντι
951 2036 1027 2107 νῷ
1055 2038 1400 2097 διαπτύσασα
1425 2046 1519 2098 καὶ
1551 2049 1768 2112 αύτούς.
1789 2051 1956 2106 Ὅσον

364 2122 474 2194 γὰρ
501 2125 628 2194 ἣκει
676 2128 757 2190 είς
801 2129 862 2182 τὸ
908 2131 1135 2196 ἐκείνοις
1181 2133 1281 2202 ἡδὺ
1318 2138 1413 2189 καὶ
1468 2137 1661 2206 φίλον,
1699 2141 1949 2215 τληπαθῆ

367 2215 572 2284 μᾶλλιν
604 2218 837 2288 ὁρᾶσθαι
863 2224 999 2293 χρή.
1026 2225 1138 2277 Καὶ
1169 2225 1291 2280 οὐδὲ
1320 2228 1380 2280 ἐν
1415 2228 1605 2293 αὐταῖς
1632 2227 1799 2286 οὖσαν
1827 2238 1949 2299 ταῖς

363 2306 621 2377 ἐσχάταις
662 2314 989 2381 συμφοραῖς,
1022 2312 1131 2366 τῶν
1176 2315 1361 2380 αὐτοῖς
1394 2319 1693 2375 δοκούντων
1719 2324 1942 2376 ἐπιλαν-

362 2392 640 2448 θάνεσθαι.
669 2397 879 2452 Οὐκοῦν
916 2400 1041 2453 ὅσον
1069 2402 1197 2472 ἥκει
1230 2407 1312 2469 είς
1342 2407 1401 2459 τὸ
1444 2411 1671 2465 ἐκείνων
1708 2410 1938 2484 θέλημα,

359 2486 457 2539 καὶ
488 2488 622 2559 παρ’
649 2488 836 2554 αὐτοῖς
879 2492 1147 2562 ἀσχήμων
1172 2496 1202 2548 ὁ
1253 2497 1495 2570 Ἰσραήλ,
1524 2501 1618 2565 οὓς
1656 2506 1940 2575 νενόμικεν

356 2575 500 2631 εἶναι
526 2578 712 2643 θεοὺς,
742 2581 804 2634 ού
846 2587 1009 2655 μέχρι
1039 2589 1244 2650 παντὸς
1270 2588 1493 2661 ἀγαπᾷν
1523 2594 1816 2665 ᾑρημένος.
1850 2600 1943 2652 Δο-

357 2670 514 2723 κεῖδέ
536 2688 625 2741 μοι
644 2673 811 2741 φάναι
842 2693 896 2727 τι
915 2677 1156 2731 τοιοῦτον
1173 2681 1200 2733 6
1220 2682 1489 2753 μακάριος
1517 2686 1701 2750 Ἠλίας
1719 2704 1733 2719 ο
1766 2709 1784 2740 ι
1799 2690 1942 2755 Ἕως

355 2763 487 2816 πότε
517 2760 677 2833 ὑμεῖς
724 2767 1017 2836 χωλανεῖτε
1047 2773 1134 2824 ἐπ’
1169 2774 1513 2846 ἀμφοτέραις
1544 2783 1665 2843 ταῖς
1698 2782 1941 2848 ίγνύαιςς

351 2854 553 2908 Είέστι
585 2855 789 2927 Κύριος
826 2861 853 2911 6
877 2861 1031 2925 Θεὸς,
1080 2864 1383 2934 πορεύεσθε
1435 2868 1611 2921 ὀπίσω
1645 2872 1830 2926 αὐτοῦ.
1881 2876 1945 2935 Εἰ

347 2945 408 2999 δὲ
433 2950 461 3001 6
486 2948 634 3002 Βάαλ
654 2949 833 3013 αὐτὸς,
867 2954 1163 3021 πορεύεσθε
1193 2957 1368 3010 ὀπίσω
1398 2959 1561 3012 αὐτοῦ
1582 2978 1626 3012 ἰ
1656 2961 1684 3014 ὃ
1711 2964 1944 3033 ἑτέρωθί

2076 786 2285 845 menta,
2331 796 2451 850 qua:
2496 790 2789 854 percellere
2834 798 3066 855 maxime
3107 816 3364 872 possunt,
3406 820 3459 864 et
3505 813 3651 882 ipsos

2075 882 2213 936 quos
2254 876 2480 938 putabat
2519 879 2753 949 negliget
2792 883 2939 952 deos,
2975 903 3081 943 non
3116 891 3169 945 in
3204 895 3314 947 otio
3345 896 3411 951 iis
3443 876 3651 956 hostias

2070 959 2386 1031 immolans,
2427 982 2526 1021 nec
2564 983 2820 1027 consueta
2863 978 2930 1030 ad
2972 980 3207 1049 ipsorum
3245 985 3467 1053 gloriam
3510 1006 3647 1059 pra:-

2070 1061 2219 1108 stare
2244 1058 2404 1124 polis.
2430 1058 2683 1126 Quinimo
2708 1068 2967 1124 conviciis
2995 1071 3289 1143 insectans,
3317 1087 3375 1132 ut
3404 1080 3643 1148 inutiles,

2064 1326 2334 1396 priorem,
2384 1337 2636 1401 quoniam
2689 1341 2882 1397 melius
2930 1346 3059 1400 mihi
3112 1357 3237 1405 tunc
3282 1365 3429 1421 erat,
3478 1372 3641 1426 quam

2065 1435 2225 1475 nunc.
2267 1441 2286 1473 ι
2325 1422 2552 1489 Quando
2589 1429 2770 1498 igitur,
2805 1432 3011 1503 inquit,
3043 1450 3246 1494 exuero
3283 1443 3453 1510 ipsam
3488 1422 3642 1503 auxi-

2060 1509 2148 1566 liis
2180 1514 2347 1578 meis,
2381 1526 2436 1571 et
2467 1517 2520 1571 in
2557 1520 2694 1576 mala
2730 1523 3038 1593 devenerit,
3072 1529 3440 1605 honoremque
3468 1549 3523 1593 et
3553 1541 3639 1595 di-

2061 1602 2343 1661 lectionem
2396 1624 2584 1665 eorum
2612 1620 3017 1687 contempserit,
3041 1623 3329 1694 animoque
3354 1641 3554 1698 aegroto
3575 1647 3639 1687 ac

2060 1696 2355 1764 poenitente
2390 1700 2533 1769 ipsos
2568 1704 2871 1775 despuerit,
2905 1721 3033 1767 tunc
3065 1714 3170 1770 illis
3201 1696 3454 1773 indecora
3488 1723 3637 1777 vide-

2061 1783 2223 1838 bitur.
2251 1786 2382 1842 Nam
2411 1795 2586 1859 quoad
2619 1797 2726 1852 illis
2777 1803 2961 1854 suavia
2986 1813 3041 1858 et
3070 1807 3242 1860 amica
3294 1819 3521 1879 spectat,
3547 1830 3636 1866 ca-

2341 1883 2518 1948 potius
2544 1888 2791 1944 videatur
2817 1907 3036 1949 necesse
3071 1908 3187 1963 est,
3220 1901 3267 1955 si
3303 1918 3476 1973 neque
3510 1922 3633 1959 cum

2052 1970 2280 2024 summis
2309 1975 2652 2033 conﬂictatur
2683 1982 2945 2050 miseriis,
2978 2002 3164 2044 eorum
3196 2008 3315 2062 quae
3348 1995 3479 2062 ipsis
3513 1999 3631 2065 pla-

2051 2068 2174 2112 cent
2209 2060 2578 2121 obliviscatur.
2614 2071 2767 2138 Quod
2809 2091 2938 2148 ergo
2971 2079 3037 2133 ad
3080 2060 3264 2137 eorum
3299 2084 3628 2142 voluntatem

2049 2148 2264 2215 attinet,
2291 2154 2454 2208 etiam
2483 2160 2622 2226 apud
2653 2163 2800 2231 ipsos
2829 2181 2965 2235 quos
2994 2171 3199 2237 putavit
3227 2171 3357 2228 deos
3388 2190 3508 2230 esse
3535 2177 3631 2230 de-

2048 2238 2236 2297 formis
2265 2254 2348 2298 est
2379 2247 2562 2315 Israel,
2592 2257 2810 2321 quando
2838 2274 2931 2313 eos
2957 2260 3182 2331 diligere
3212 2267 3470 2324 cessavit.
3500 2262 3627 2325 Exi-

2046 2332 2211 2387 stimo
2261 2351 2423 2403 porro
2474 2342 2577 2397 tale
2611 2346 2885 2417 quidpiam
2917 2352 3117 2408 dixisse
3150 2354 3364 2410 beatum
3404 2359 3571 2413 Elian)
3607 2376 3621 2411 :

2050 2439 2069 2472 ι
2112 2421 2403 2495 Usquequo
2456 2448 2549 2488 vos
2580 2437 2954 2498 claudicabitis
3008 2447 3271 2502 ambobus
3332 2450 3624 2517 poplitibus

2042 2518 2276 2572 vestris?
2306 2519 2359 2573 Si
2393 2535 2475 2578 est
2504 2525 2764 2585 Dominus
2791 2531 2963 2599 Deus,
2998 2536 3074 2591 ite
3105 2549 3222 2607 post
3248 2554 3370 2595 eum
3402 2559 3417 2609 ;
3451 2544 3495 2597 si
3526 2560 3623 2596 au-

2037 2615 2144 2659 tem
2177 2608 2299 2664 Baal
2328 2625 2429 2678 est,
2460 2616 2532 2670 ite
2558 2631 2676 2686 post
2700 2639 2822 2677 eum
2844 2626 2913 2680 ’⁷.
2945 2645 2963 2679 ι
2993 2628 3141 2694 Quod
3166 2630 3291 2686 alibi
3316 2634 3431 2687 ait:
3464 2652 3483 2685 ι
3515 2637 3622 2691 Ant

2038 2694 2167 2751 Baal
2194 2699 2341 2766 Baal,
2367 2720 2461 2759 aut
2486 2708 2596 2763 Deo
2628 2711 2757 2767 Deo.
2793 2734 2811 2765 ι
2842 2715 3121 2772 Neminem
3153 2731 3331 2775 autem
3362 2739 3455 2779 eos
3485 2724 3619 2779 libe-

2041 2804 2165 2845 rare
2203 2809 2382 2863 posse,
2417 2801 2505 2869 qui
2546 2805 2712 2859 semel
2757 2807 2807 2861 in
2854 2810 2988 2864 iram
3035 2811 3125 2865 Dei
3171 2812 3481 2882 inciderint,
3521 2837 3619 2874 nec

2042 2884 2281 2951 erigere,
2312 2900 2365 2941 et
2396 2890 2704 2951 instaurare
2730 2913 2886 2967 quem
2919 2902 3059 2958 Deus
3087 2909 3403 2977 proiecerit,
3432 2922 3616 2964 osten-

2044 2972 2123 3025 dit
2155 2990 2275 3028 cum
2314 2979 2447 3033 dixit
2476 3000 2490 3036 :
2530 3002 2549 3035 ι
2586 2984 2753 3041 Nemo
2782 3005 2934 3045 eruet
2964 3012 3082 3051 eam
3116 2999 3181 3052 de
3214 3016 3374 3055 manu
3410 3019 3549 3057 mea.
3591 3022 3611 3055 ι

348 3056 542 3113 φησινλ·
587 3062 605 3095 ι
631 3045 700 3096 Ἢ
734 3044 906 3111 Βάαλ,
943 3049 1093 3102 Βάαλ
1143 3050 1176 3119 ἢ
1207 3051 1327 3123 Θεῷ
1363 3051 1480 3122 Θεῷ
1515 3072 1533 3105 ι
1568 3056 1689 3109 Ὅτι
1718 3057 1773 3110 δὲ
1803 3060 1976 3126 οὐδεὶς
2014 3065 2341 3136 ἀπαλλάξειε
2368 3078 2495 3140 τοὺς
2535 3078 2684 3146 ἅπαξ
2730 3084 2832 3139 ὑπὸ
2884 3087 3033 3142 θείαν
3087 3097 3378 3161 γεγονότας
3422 3098 3611 3169 ὀργὴν,

348 3136 543 3169 ﬂama”
576 3137 834 3169 λιπαρά
861 3155 945 3169 -.ρ
980 3139 1076 3169 ..λη
1106 3144 1544 3169 ..--..λλ.....ι..-..
1603 3147 1753 3169 __-._
1793 3148 1923 3169 ουρ
2034 3154 2115 3169 κ...
2342 3165 2353 3169 -
2415 3163 2426 3169 -
2546 3168 2549 3169 ,

346 3137 456 3190 οὐδ’
479 3136 543 3190 ἂν
576 3137 837 3209 ὀρθώσειέ
861 3155 945 3203 τις
980 3139 1076 3193 τὸν
1106 3144 1544 3215 κατερριμμένον
1600 3147 1755 3217 παρὰ
1792 3148 1950 3214 Θεοῦ,

346 3237 414 3288 ὲκ
436 3229 618 3297 χειρός
651 3246 772 3298 μου.
810 3250 829 3281 ι

2029 3154 2264 3229 δέδειχεν
2308 3163 2479 3219 είπὼν
2508 3168 2588 3234 τὸ,
2638 3189 2656 3222 ι
2693 3174 2881 3240 Οὐδεὶς
2945 3179 3005 3231 ού
3044 3154 3119 3251 μή
3153 3154 3400 3256 ἐξέληται

418 3320 526 3375 Kal
566 3321 932 3389 ἀποστρέψω
976 3322 1179 3390 πάσας
1230 3326 1337 3393 τὰς
1383 3329 1765 3397 εὐφροσύνας
1815 3334 1921 3385 αὐ-

427 3433 454 3442 ..
503 3412 707 3442 ,ιη’-ολ...
749 3414 937 3442 ,ιρι-ιτ-
993 3416 1089 3442 -.η-ι
1118 3418 1223 3442 -L-
1257 3421 1576 3442 --_-____---_L_,
1618 3426 1673 3442 μ’
1697 3441 1706 3442 ,
1734 3421 1759 3432 ιν
1912 3424 1924 3442 ι

2093 3339 2198 3411 41
2259 3342 2422 3401 Vens.
2455 3349 2541 3404 Il.
2584 3350 2655 3406 Et
2697 3370 2929 3411 avertam
2987 3378 3164 3418 omnes
3232 3365 3445 3425 lwtitias
3473 3373 3609 3442 ejus,

343 3412 475 3480 τῆς,
498 3412 707 3480 ἑορτὰς
745 3414 959 3483 αὐτῆς,
993 3416 1091 3470 καὶ
1117 3418 1225 3484 τὰς
1255 3421 1584 3488 νουμηνίας
1607 3421 1929 3491 αὐτῆς-,καὶ

341 3505 417 3560 τὰ
453 3504 721 3559 Σάϐϐατα
763 3506 976 3575 αὐτῆς,
1011 3509 1109 3562 καὶ
1149 3510 1353 3578 πάσας
1402 3516 1510 3579 τὰς
1560 3518 1927 3586 πανηγύρεις

340 3596 556 3663 αὐτῆς.

439 3688 539 3743 18'.
580 3690 643 3742 Οί
686 3689 795 3761 γὰρ
835 3690 972 3756 ὅλως
1013 3692 1127 3756 τοῖς
1158 3692 1302 3747 οὕτω
1352 3695 1606 3768 σκληροῖς
1655 3700 1748 3752 καὶ
1782 3700 1924 3769 ἀφύ-

339 3795 489 3842 κτοις
525 3780 904 3851 ἐνειλημμένοι
934 3785 1145 3848 κακοῖς,
1170 3784 1246 3848 ὼς
1282 3787 1377 3838 καὶ
1423 3787 1527 3841 ὑπὸ
1573 3793 1730 3861 χεῖρα
1762 3794 1916 3860 γενέσ

340 3869 465 3923 σθαι
496 3869 852 3942 βαρὸαρικὴν,
879 3876 973 3927 καὶ
1002 3874 1061 3928 ὲν
1084 3875 1430 3948 δορυκτήτων
1462 3879 1629 3951 μοίρᾳ
1651 3881 1922 3941 δουλεύειν

335 3958 572 4030 ἐχθροῖς,
597 3961 714 4025 πῶς
746 3961 812 4016 ἂν
851 3963 1203 4035 ἐορτάσειαν;
1237 3968 1308 4020 Ἢ
1340 3971 1491 4021 ποῖον
1520 3970 1588 4025 ἂν
1618 3971 1791 4041 ἔχοιεν
1831 3976 1921 4028 εὐ-

335 4050 611 4122 φροσύνης
651 4054 863 4125 καιρὸν,
905 4058 954 4109 οί
985 4059 1106 4120 ταῖς
1144 4058 1285 4111 οὔτω
1330 4060 1605 4131 δριμείαις
1645 4068 1920 4139 κατήχθη-

338 4142 491 4212 μὲνοι
518 4146 787 4215 φροντίσι,
818 4147 913 4200 καὶ
942 4147 1237 4220 ἀφορήτοις
1270 4150 1467 4215 λύπαις
1500 4156 1912 4228 ἐντετηγμένοις

333 4234 547 4297 Καίτοι,
589 4237 705 4300 πῶς
731 4240 832 4292 οὐκ
856 4240 1080 4311 ἄμεινον
1112 4243 1288 4297 ἐκεῖνο
1317 4248 1479 4309 νοεῖν,
1511 4247 1585 4310 ὡς
1614 4250 1813 4320 πρέποι
1848 4251 1915 4306 ἂν

335 4326 537 4395 μᾶλλον
582 4331 693 4393 τοῖς
734 4331 814 4392 είς
860 4331 1018 4385 τοῦτο
1054 4333 1427 4407 ταλαιπωρίας
1492 4338 1911 4410 ἐνηνεγμένοις,

329 4420 665 4489 ἀνακραγεῖν
689 4421 750 4474 τὺ
770 4422 859 4477 διὰ
884 4423 985 4493 τῆς
1014 4424 1109 4478 τοῦ
1141 4427 1451 4493 Ψάλλοντος
1475 4430 1643 4501 λύρας
1670 4430 1729 4485 εῦ
1768 4433 1911 4503 μάλα

330 4510 861 4580 παραφωνούμενον·
902 4533 923 4564 ι
965 4514 1088 4569 Ἐπὶ
1135 4516 1245 4569 τῶν
1296 4520 1559 4590 ποταμῶν
1594 4522 1911 4588 Βαϐυλῶνος

328 4600 447 4651 ἐκεῖ
474 4602 825 4673 ὲκαθίσαμεν,
871 4606 966 4658 καὶ
999 4607 1363 4679 ἐκλαύσαμεν,
1391 4613 1449 4665 ὲν
1489 4612 1566 4683 τῷ
1601 4613 1907 4685 μνησθῆναι

2028 3436 2384 3495 solemnitate:
2405 3445 2520 3509 eius
2550 3430 2603 3500 oet
2636 3455 2933 3507 neomenias
2964 3455 3098 3525 ejus,
3117 3468 3163 3510 et
3194 3456 3423 3516 Sabbata
3456 3467 3607 3536 ejus,

2026 3535 2076 3579 et
2107 3540 2323 3585 cunctas
2350 3533 2649 3603 festivitates
2674 3540 2810 3610 ejus.

2094 3702 2238 3761 XIX.
2280 3706 2389 3774 'Qui
2439 3712 2582 3765 enim
2651 3730 2873 3785 prorsus
2944 3724 3080 3779 adeo
3123 3730 3280 3785 saavis
3335 3742 3389 3788 et
3429 3736 3602 3793 inelu-

2024 3795 2310 3852 ctabilibns
2346 3799 2689 3872 circumsepti
2716 3822 2872 3863 erant
2901 3811 3272 3887 incommodis,
3308 3833 3363 3875 ut
3386 3835 3438 3879 et
3473 3829 3601 3883 bar-

2022 3883 2170 3941 baris
2212 3888 2437 3957 subjecti
2483 3906 2685 3962 essent,
2714 3908 2769 3951 et
2818 3910 2875 3953 ut
2909 3900 3048 3959 bello
3106 3883 3267 3978 capti
3307 3918 3596 3986 servirent,

2022 3981 2291 4044 quomodo
2349 3982 2541 4038 festum
2605 3987 3118 4052 celebrarent?aut
3184 4015 3343 4069 quam
3400 4005 3599 4064 laetitiae

2020 4075 2476 4140 opportunitatem
2515 4077 2809 4150 baberent,
2854 4086 2944 4155 qui
3000 4097 3108 4144 tam
3160 4094 3376 4150 acribus
3449 4103 3595 4156 curis

2020 4166 2372 4231 Vexabantur,
2407 4178 2460 4223 et
2493 4170 2840 4229 intolerandis
2886 4178 3293 4247 a‘gritudinibus
3339 4191 3596 4244 contabe-

2018 4254 2243 4307 sccbant
2272 4255 2295 4307 ?
2324 4255 2666 4328 Quanquam,
2719 4278 2816 4317 cur
2856 4282 2959 4320 non
3011 4271 3256 4328 malimus
3288 4275 3358 4329 ita
3402 4280 3594 4335 intelli-

2017 4360 2164 4413 gere,
2203 4346 2440 4405 futurum
2496 4363 2554 4406 ut
2598 4357 2759 4409 tantis
2787 4361 3042 4414 aerumnis
3110 4364 3284 4420 obruti
3337 4386 3439 4425 non
3495 4375 3592 4429 ab-

2015 4434 2179 4487 surde
2220 4437 2546 4504 exclamem,
2579 4444 2719 4510 quod
2762 4442 2957 4501 Psaltte
2988 4448 3099 4519 lyra
3121 4454 3403 4513 verissime
3459 4461 3589 4531 ipsis

2012 4524 2267 4580 accinuit.
2302 4545 2321 4579 ι
2353 4527 2528 4597 Super
2549 4533 2767 4588 ﬂumina
2801 4535 3086 4607 Babylonis
3118 4541 3224 4597 illic
3248 4524 3507 4616 sedimus,
3536 4564 3592 4607 et

2012 4612 2290 4683 ﬂevimus,
2330 4620 2453 4675 dum
2500 4627 2912 4683 recordarenmr
2948 4631 3043 4699 tui,
3073 4631 3202 4688 Sion
3226 4634 3303 4687 ’⁸2
3330 4654 3349 4687 ι
3377 4638 3587 4699 Etlicet

326 4692 477 4759 ἡμᾶς
534 4695 633 4763 τῆς
684 4694 821 4747 Σιών
841 4714 862 4763 ;.
893 4716 912 4748 ι
971 4699 1412 4770 Ἀνεπιτήδευτον
1440 4703 1497 4757 δὲ
1529 4705 1807 4771 παντελῶς
1849 4708 1908 4762 τὸ

333 4780 572 4802 ι---ευ,ᾼ
637 4784 659 4802 Ω
934 4787 1007 4802 osa
1084 4784 1113 4802 τ
1197 4789 1210 4802 ι
1522 4795 1606 4802 .....
1693 4795 1715 4802 ..

2034 4705 2167 4762 'estis
2214 4710 2500 4767 actitandis
2549 4716 2745 4771 nullam
2803 4722 3016 4788 penitus
3064 4741 3285 4797 operam
3350 4732 3583 4802 darent,

328 4780 606 4851 ἑορτάζειν
635 4784 871 4853 ἔχοντες,
897 4787 1051 4841 οὐδὲν
1081 4784 1242 4861 ἧττόν
1272 4808 1435 4859 φασιο
1473 4813 1491 4845 ι
1522 4795 1645 4858 Πῶς
1685 4795 1907 4867 ᾄσωμεν

327 4872 426 4942 τὴν
449 4873 591 4944 ᾠδὴν
622 4875 822 4945 Κυρίου
847 4877 939 4929 ἐπὶ
964 4878 1068 4947 γῆς
1096 4878 1440 4950 ἀλλοτρίας»
1479 4884 1592 4937 Ούκ
1615 4886 1901 4955 ἐφιέντων,

325 4961 479 5035 οἶμαι
512 4984 639 5029 που,
669 4968 777 5020 τῶν
802 4967 1155 5025 Βαϐυλωνίων
1176 4972 1274 5037 τὰς
1303 4976 1696 5047 νενομισμένας
1726 4979 1910 5043 αὐτοῖς

324 5056 600 5129 λατρείας,
631 5061 723 5112 καὶ
748 5061 817 5113 τά
843 5061 981 5115 οῐκοι
1015 5064 1144 5133 φίλα
1177 5082 1235 5118 τε
1283 5066 1378 5119 κα)⁵
1407 5066 1484 5130 ὡς
1521 5070 1579 5121 ἐν
1616 5070 1727 5124 ἔθει
1771 5072 1906 5144 πλη--

325 5144 473 5216 ροῦν.
503 5145 645 5199 Ἀλλ’
670 5146 799 5211 ἴσως
821 5151 996 5204 ἐκεῖνο
1017 5154 1134 5222 ἐρεῖ
1155 5170 1239 5217 τις
1258 5170 1272 5186 ο
1297 5156 1359 5208 EI
1384 5156 1520 5228 πρὸς
1540 5158 1601 5211 τὸ
1626 5159 1906 5233 λατρεύειν

322 5236 562 5300 εἰδώλοις
599 5238 958 5296 ἀπονένευκεν
989 5246 1018 5298 6
1056 5244 1289 5316 Ἰσραὴλ,
1324 5246 1440 5310 πῶς
1472 5247 1539 5301 ἂν
1578 5248 1652 5320 μὴ
1685 5252 1779 5306 καὶ
1805 5254 1904 5307 αὐ-

321 5327 430 5379 τῶν
475 5329 619 5381 κατά
648 5330 812 5401 νόμον
854 5335 1077 5406 ἑορτῶν,
1112 5336 1407 5391 Σαδσὰτων
1453 5356 1513 5391 τε
1556 5342 1648 5393 καὶ
1700 5360 1902 5416 νουμη-

320 5418 482 5486 ’νιῶνς
515 5419 659 5489 Πρὸς
688 5421 753 5492 δὴ
785 5424 943 5479 τοῦτο
975 5426 1173 5497 φαμὲν,
1201 5428 1283 5480 ὅτι
1312 5428 1652 5501 παρώλισθον
1680 5433 1779 5502 μὲν
1802 5436 1900 5506 τῆς

319 5511 400 5571 είς
421 5508 554 5562 Θεὸν
589 5512 827 5584 ἀγάπης,
881 5517 975 5570 καὶ
1009 5520 1484 5591 προσκεκυνήκασι
1517 5521 1596 5591 τῷ
1625 5522 1770 5578 Βάαλ
1802 5525 1897 5580 καὶ

315 5598 438 5659 ταῖς
476 5597 742 5668 δαμάλεσι
798 5606 917 5668 ταῖς
959 5607 1221 5676 χρυσαῖς,
1264 5607 1325 5660 ού
1364 5607 1470 5679 μὴν
1516 5610 1747 5667 είσάπαν
1791 5614 1897 5668 ἀπ-

389 5779 437 5813 ²⁷
472 5778 535 5834 Ill
568 5780 697 5849 Reg.
729 5795 887 5846 xvm,
913 5785 1003 5841 21.
1065 5782 1111 5815 ’⁸
1141 5781 1283 5839 PsaI.
1312 5799 1532 5845 cum.
1560 5788 1609 5842 I.
1688 5789 1735 5823 ²⁹
1766 5791 1896 5848 ibid.
1928 5794 1984 5850 ι.

642 5875 913 5940 Parnm“
960 5878 1076 5938 Gn.
1128 5876 1345 5938 LXXI.

2013 4795 2127 4866 lege
2160 4802 2396 4857 sancitas
2432 4804 2483 4857 in
2515 4806 2696 4862 divino
2740 4811 2884 4865 cultu
2948 4795 3320 4887 cerimonias,
3365 4837 3419 4879 et
3461 4842 3580 4896 qua:

2008 4887 2152 4944 domi
2187 4902 2339 4960 grata
2373 4904 2427 4949 et
2475 4898 2672 4953 usitata
2717 4904 2941 4960 obibant
2968 4947 2983 4971 ,
3010 4908 3337 4981 Babyloniis,
3391 4887 3576 4986 ere-do,

2010 4994 2115 5033 non
2142 4987 2576 5049 permittentibus
2623 5004 2636 5042 :
2676 4991 3024 5051 nihilominus
3041 4998 3572 5072 aiunt":tQuomo-

2010 5077 2078 5127 do
2109 5079 2447 5135 cantabimus
2477 5085 2741 5141 eantlcum
2770 5088 2981 5148 Domini
3040 5096 3092 5150 in
3136 5109 3276 5153 terra
3310 5103 3525 5159 aliena?
3552 5126 3570 5159 ι

2009 5160 2116 5217 Sed
2187 5165 2412 5223 forsitan
2484 5173 2704 5240 objiciet
2774 5182 3086 5251 quispiam:
3126 5186 3183 5243 Si
3228 5192 3293 5245 ad
3349 5194 3572 5252 colenda

2006 5253 2146 5309 idola
2184 5258 2468 5316 declinavit
2500 5264 2684 5334 Israel,
2709 5276 2979 5339 quomodo
3004 5292 3106 5332 non
3138 5282 3301 5336 etiam
3345 5285 3414 5339 ab
3439 5286 3572 5355 ipsis

2004 5343 2158 5402 festis
2224 5349 2340 5418 lege
2375 5352 2660 5425 institutis,
2713 5371 2769 5417 et
2811 5363 3085 5433 Sabbatis,
3119 5381 3173 5425 et
3234 5343 3572 5433 neomeniis!

2000 5436 2431 5510 Respondemus,
2470 5449 2777 5520 prolapsum
2827 5459 3042 5525 quidem
3099 5478 3220 5520 esse
3248 5481 3277 5521 a
3307 5468 3573 5527 cbaritate

1999 5530 2055 5585 in
2090 5532 2349 5600 Dc-um,et
2389 5540 2650 5598 adorasse
2681 5543 2806 5599 Baal
2841 5558 2898 5602 et
2930 5552 3125 5608 vitulos
3157 5571 3355 5614 aureos
3397 5579 3410 5615 :
3464 5576 3568 5617 non

1997 5630 2173 5679 tamen
2202 5628 2382 5683 omnia
2426 5646 2526 5701 per
2570 5632 2787 5707 Moysen
2830 5642 3033 5697 sancita
3089 5651 3414 5717 repudiasse.
3456 5653 3569 5714 Imo

3123 5913 3159 5972 3
