4046 6376
475 333 559 392 .75
1487 335 1547 389 S.
1578 332 1867 390 CYRILLI
1905 333 2060 390 ABE}

2161 333 2374 391 iDRlNI
2415 332 2738 392 A‘RCHIEP.
3679 335 3751 394 76

485 457 1206 526 perseverabantambobus
1236 455 1534 529 poplitibus
1571 456 1942 512 claudicantes
1977 458 2058 510 in-

2165 457 2375 512 ὡσαντο
2396 458 2572 528 τάὶδιὰ
2591 457 2853 521 Μωσέως.
2873 457 3152 512 Διετέλουν
3179 457 3236 512 δὲ
3260 456 3460 529 μᾶλλον
3485 455 3746 528 ἐπ’ἀμφω

485 547 700 614 cedere,
731 547 884 617 juxta
908 549 1182 619 pr0pheta:
1210 562 1398 603 vocem
1425 546 1494 616 ³ο,
1522 557 1582 602 ut
1612 561 1791 617 neque
1818 545 1946 602 Baal
1974 550 2060 602 ab-

2165 549 2472 619 βαίνοντες,
2517 551 2612 605 καὶ
2645 550 3155 616 σκάζοντες,.κατά
3198 549 3300 621 τὴν
3339 549 3435 604 τοῦ
3467 552 3746 620 προφήτου

484 638 683 706 solute,
717 653 894 708 neque
929 639 1095 694 Deum
1143 638 1522 695 universorum
1571 653 1708 709 pure
1733 653 1798 696 ac
1851 639 2060 695 sincere

2163 641 2368 714 φωνὴν,
2409 642 2484 706 ὡς
2525 643 2662 714 μήτε
2693 641 2774 712 τῷ
2807 642 2955 697 Βάαλ
2981 641 3314 713 ὁλοτρόπως,
3353 641 3494 712 μήτε
3531 641 3637 712 μὴν
3668 640 3748 712 τῷ

487 730 685 784 vellent
721 731 972 788 adorare.
1008 729 1372 798 Quamobrem
1419 739 1478 785 et
1536 729 1696 796 festa,
1723 737 1780 786 et
1830 731 2060 787 celebri-

2161 732 2272 786 τῶν
2303 734 2440 787 ὅλων
2467 733 2584 804 Θεῷ
2628 733 2881 805 καθαρῶς
2916 733 3128 787 ἑλέσθαι
3161 735 3510 804 προσκυνεῖν.
3536 732 3754 786 Οὐκοῦν

487 832 648 887 tates,
675 829 730 876 et
784 822 1022 890 laatitias,
1051 831 1108 878 et
1151 821 1390 878 Sabbata
1445 821 1770 889 amiserunt,
1799 836 1901 878 nec
1953 823 2060 877 Deo

2163 827 2516 880 ἐκπέπτωκεν
2541 826 2745 898 ἑορτῶν
2777 843 2838 879 τε
2876 826 2974 880 καὶ
2997 825 3379 896 πανηγύρεων,
3423 825 3520 878 καὶ
3549 826 3752 895 εὐφρο-

485 915 736 985 permissi
763 914 1004 985 legitima
1033 914 1364 984 persolvere,
1391 929 1568 988 neque
1590 914 1724 970 Baal
1767 929 1906 986 quos
1931 916 2060 970 sole-

2161 913 2362 977 συνῶν,
2397 913 2491 966 καὶ
2521 915 2836 980 Σαϐϐάτων,
2863 913 2986 968 οὐτε
3013 914 3134 985 Θεῷ
3152 912 3395 986 πληροῦν
3424 913 3495 967 τὰ
3520 915 3579 967 ἐν
3600 914 3747 984 νόμῳ

486 1007 616 1060 bant
644 1005 810 1061 festos
835 1015 1136 1062 conventus
1171 1016 1411 1078 agentes.

2164 1005 2634 1077 συγχωρούμενος,
2695 1006 2820 1060 οὐτε
2851 1007 2959 1077 μὴν
2987 1007 3064 1078 τῷ
3093 1007 3240 1062 Βάαλ
3271 1006 3371 1071 τὰς
3409 1007 3469 1060 ἐν
3495 1006 3606 1061 ἐθει
3643 1023 3749 1061 πα-

2161 1097 2420 1167 νηγύρεις
2455 1097 2738 1152 ἐπιτελῶν.

557 1186 738 1241 Potest
767 1187 870 1241 hoc
902 1197 957 1241 et
997 1185 1183 1253 aliam,
1212 1199 1442 1256 eamque
1497 1199 1708 1252 veram,
1739 1191 1796 1239 et
1845 1183 2060 1254 aptissi-

2244 1187 2466 1258 Ἀληθὲς
2502 1189 2559 1242 δὲ
2593 1190 2688 1242 καί¹
2721 1189 2923 1261 ἑτέρως
2955 1191 3040 1260 εἴη
3069 1190 3159 1254 ἂν,
3189 1188 3285 1244 καὶ
3323 1189 3468 1260 μάλα
3495 1188 3743 1252 εἰκότως.

485 1294 626 1332 mam
659 1280 860 1332 habere
880 1279 1230 1332 sententiam.
1271 1276 1608 1331 Becedeutes
1637 1290 1669 1328 a
1698 1275 1828 1340 Deo,
1864 1285 1920 1329 et
1942 1274 2060 1328 cha-

2163 1275 2287 1329 Ὄτι
2333 1278 2457 1341 τοὺς
2501 1278 2910 1347 ἀποφοιτῶντας
2959 1278 3126 1344 Θεοῦ,
3178 1279 3269 1332 καὶ
3313 1279 3414 1349 τῆς
3454 1279 3533 1342 εἰς
3587 1281 3748 1332 αὐτὸν

486 1372 700 1425 ritatem
749 1371 865 1440 ejus
911 1379 1254 1439 aSperuatos,
1285 1382 1509 1423 necesse
1545 1375 1630 1421 est
1650 1364 1853 1420 tristari
1905 1374 1958 1419 et
1995 1365 2060 1418 ab

2162 1368 2380 1438 ἀγάπης
2411 1368 2876 1440 όλιγωρήσαντας,
2920 1369 3384 1440 καταστυγνάζειν
3423 1372 3745 1439 ἀναγκαῖον,

483 1463 630 1517 omni
672 1461 948 1517 hilaritate
979 1461 1250 1531 refugere.
1283 1478 1302 1511 ι
1330 1459 1445 1514 Νοιι
1491 1458 1638 1514 enim
1682 1466 1766 1512 est
1808 1457 2060 1526 gaudium

2163 1462 2259 1514 καὶ
2288 1461 2489 1525 παντὸς
2527 1461 2633 1527 ἔξω
2660 1462 2922 1515 διατελεῖν
2951 1461 3045 1514 τοῦ
3077 1463 3493 1533 κατευφραίνειν
3521 1465 3744 1529 εἰδότος.

485 1555 689 1626 impiis,
712 1555 845 1609 dicit
897 1554 1155 1609 Dominus
1178 1554 1246 1620 ³⁸,
1286 1572 1305 1606 ι
1342 1553 1536 1622 quibus
1561 1551 1762 1606 vermis
1788 1549 2060 1619 sempiter-

2167 1570 2186 1603 ι
2220 1553 2295 1605 Οὐ
2332 1551 2442 1624 γὰρ
2471 1551 2588 1606 ἐστι
2619 1554 2831 1624 χαίρειν
2858 1557 2970 1617 τοῖς
3002 1554 3244 1617 ἀσεϐέσι,
3276 1553 3422 1623 λέγει
3457 1553 3692 1625 Κύριος’
3721 1574 3740 1608 ι

484 1663 585 1702 nus
631 1656 939 1702 reservatur
966 1647 1031 1699 ³².
1058 1646 1223 1702 Bonis
1268 1655 1450 1700 autem
1475 1653 1531 1699 et
1589 1644 1735 1714 pium
1797 1656 1863 1696 ac
1896 1641 2060 1696 divini

2162 1636 2244 1707 οἷς
2271 1644 2300 1696 ό
2327 1643 2543 1715 σκώληξ
2582 1646 2662 1708 εἰς
2691 1645 2862 1699 αἰῶνα
2897 1647 3215 1717 τετήρηται.
3245 1647 3370 1709 Τοῖς
3399 1662 3462 1715 γε
3492 1647 3598 1717 μὴν
3627 1649 3746 1699 ἐπι-

487 1737 695 1791 timoris
733 1736 950 1806 plenum
996 1751 1217 1806 scopum
1269 1736 1590 1791 habentibus
1625 1734 1881 1789 decornm
1948 1731 2063 1786 fue-

2166 1735 2361 1799 εικέσι,
2394 1737 2490 1789 καὶ
2521 1736 2721 1807 εὐσεϐῆ
2770 1737 2865 1790 καὶ
2895 1737 3144 1807 τιμόθεον
3177 1738 3360 1809 έχουσι
3393 1738 3485 1790 τὸν
3521 1739 3743 1802 σκοπὸν,

484 1830 558 1883 rit
620 1839 675 1882 et
704 1831 919 1894 merito,
960 1830 1132 1884 laetari
1164 1845 1326 1898 super
1372 1828 1623 1882 omnibus
1652 1825 1809 1881 bonis
1840 1839 1853 1876 :
1879 1841 1898 1876 ι
1924 1825 2056 1878 Ιαειί-

2161 1825 2361 1896 πρέποι
2406 1826 2472 1879 ἂν
2519 1827 2744 1890 εἰκότως
2785 1827 2880 1882 καί¹
2925 1827 2986 1880 τὸ
3031 1829 3115 1896 ἐφ’
3146 1828 3318 1882 ἅπασι
3364 1831 3479 1892 τοῖς
3522 1827 3748 1896 ἀγαθοῖς

485 1922 560 1973 tia
589 1920 731 1973 enim
765 1920 1093 1988 sempiterna
1140 1934 1303 1988 super
1331 1924 1495 1988 caput
1543 1930 1754 1980 eorum,
1789 1933 1808 1967 ι
1862 1929 2058 1968 secun-

485 2012 611 2066 dum
661 2010 1042 2080 Scripturam;
1089 2009 1404 2079 aufugitque
1440 2007 1508 2063 ab
1533 2007 1613 2062 eis
1642 2005 1816 2072 dolor,
1844 2004 2062 2061 tristitia

484 2113 539 2158 et
568 2104 797 2172 gemitus
825 2103 891 2156 ³³.
915 2102 1120 2170 Quibus
1146 2111 1200 2155 et
1237 2101 1438 2156 Paulus
1488 2101 1707 2155 scribit:
1744 2116 1764 2150 ι
1820 2096 2063 2155 Gaudete

483 2197 537 2250 in
584 2195 813 2250 Domino
870 2209 1118 2266 semper;
1174 2194 1369 2250 iterum
1421 2193 1541 2248 dico
1595 2194 1841 2262 gaudete.
1892 2189 2064 2244 Mode-

484 2289 587 2341 stia
623 2300 801 2341 vestra
834 2295 958 2342 nota
993 2287 1062 2341 sit
1082 2285 1329 2342 omnibus
1357 2284 1669 2339 hominibus
1690 2283 1759 2340 ³⁸.
1789 2299 1807 2333 ι
1838 2280 1946 2353 42
1973 2281 2062 2334 Et-

483 2381 628 2434 enim
677 2387 735 2434 ut
772 2378 1094 2448 supplicium
1149 2376 1444 2433 sceleratos
1500 2373 1722 2429 omnino
1766 2376 2012 2444 sequitur
2042 2415 2056 2436 ,

484 2473 558 2524 ita
612 2479 666 2526 et
724 2485 955 2540 superna
1018 2469 1290 2539 opulentia
1353 2476 1610 2536 sequetur
1644 2481 1778 2530 eos,
1830 2480 2058 2535 quorum

482 2562 816 2632 propositum
859 2560 1024 2616 fuerit
1070 2561 1241 2614 vitam
1283 2559 1484 2614 virtute
1528 2557 1878 2628 conspicuam
1944 2556 2062 2611 exi-

488 2669 720 2798 gelfesus.
749 2742 838 2796 12.
868 2741 937 2795 Ει
972 2741 1272 2810 disperdam
1295 2739 1504 2793 vineam
1537 2741 1672 2807 ejus,
1701 2743 1750 2790 et
1781 2735 1914 2804 ﬁcus
1946 2735 2060 2804 ejus

482 2836 546 2890 de
601 2835 992 2905 quibuscuuque
1056 2829 1535 2899 dixit,’Mercedes
1562 2843 1691 2882 mea:
1751 2836 1871 2881 sunt
1921 2827 2059 2888 ἰδίω,

483 2945 613 2993 quas
661 2927 918 2980 dederunt
949 2927 1077 2980 mihi
1107 2933 1368 2979 amatores
1399 2923 1518 2976 mei.
1558 2921 1628 2976 Et
1675 2936 1864 2990 ponam
1893 2936 1954 2975 ea
2005 2922 2059 2972 in

483 3019 859 3082 testimonium,
885 3026 932 3070 et
964 3015 1236 3070 comedent
1268 3030 1330 3070 ea
1358 3012 1838 3077 volucres.cwli,.et
1883 3009 2059 3064 bestia:

482 3111 620 3182 agri,
651 3120 700 3164 et
731 3110 937 3181 reptilia
987 3119 1163 3164 terrar.

556 3287 597 3342 Χ
610 3288 652 3342 Χ
665 3333 674 3342 .
686 3287 797 3342 Hoc
819 3302 1030 3342 rursum
1046 3286 1166 3342 aliis
1182 3286 1364 3342 verbis
1380 3284 1484 3340 dici
1496 3292 1692 3356 potest,
1712 3296 1902 3352 nempe
1919 3281 2021 3336 illis
2046 3300 2058 3334 :

489 3398 508 3432 ι
539 3379 794 3433 Auferam
830 3377 1175 3432 frumentum
1226 3392 1404 3433 meum
1472 3386 1717 3445 tempore
1758 3390 1880 3439 suo,
1901 3384 1956 3430 et
1983 3379 2062 3427 vi-

483 3488 609 3528 num
668 3487 846 3526 meum
894 3484 1138 3541 tempore
1169 3485 1290 3526 suo.
1324 3488 1344 3522 ι
1381 3469 1669 3540 Postquam
1709 3468 1851 3522 enim
1898 3463 2062 3521 Israel

481 3562 754 3620 fructuum
787 3563 998 3632 capiam
1047 3562 1382 3632 temporibus
1427 3561 1542 3617 suis
1569 3561 1920 3616 exsistentem
1951 3563 2060 3614 dae-

483 3668 702 3708 monum
749 3652 939 3707 virtuti
995 3660 1051 3707 et
1079 3651 1446 3707 beneficentiae
1491 3649 2064 3718 ascribens,insipieu-

484 3745 696 3800 tissime
726 3745 881 3814 ipsis,
911 3759 1018 3799 non
1064 3743 1172 3799 Deo
1200 3745 1378 3813 potius
1433 3753 1644 3814 gratum
1693 3757 1754 3798 se
1789 3743 2059 3808 ostendit;

481 3836 704 3901 idcirco,
769 3836 959 3906 inquit,
1018 3836 1328 3906 disperdam
1379 3844 1435 3890 et
1476 3849 1818 3904 corrumpam
1847 3848 1931 3903 ea,
1972 3851 2064 3904 per

479 3944 602 3998 quae
639 3927 802 3982 .male-
838 3927 1066 3988 seducta
1121 3933 1241 3993 est,
1288 3926 1475 3981 dicens
1518 3939 1578 3981 se
1633 3925 1882 3981 mercede
1935 3940 2062 3980 cou-

481 4023 700 4075 ductam
725 4020 793 4075 ab
835 4019 1172 4074 amatoribus
1226 4018 1361 4074 suis.
1401 4016 1471 4072 Et
1523 4027 1772 4081 venuste,
1808 4025 2062 4086 tanquam

485 4113 553 4165 de
595 4111 826 4165 muliere
881 4110 1166 4164 libidinosa
1227 4117 1530 4178 conceptus
1580 4119 1664 4164 est
1714 4123 1914 4162 sermo.
1963 4106 2068 4159 Re-

483 4217 610 4256 vera
653 4202 804 4256 euim
835 4199 1184 4256 existimabat
1231 4200 1418 4266 Israel,
1464 4199 1910 4270 tempestivorum
1959 4197 2066 4250 fru-

481 4304 669 4349 ctumn
700 4293 1025 4358 ubertatem,
1054 4300 1109 4347 et
1138 4299 1298 4346 terrae
1328 4290 1661 4346 fertilitatem
1691 4303 1794 4360 qua
1823 4287 2066 4358 potieba-

485 4395 594 4450 tur,
653 4385 704 4439 in
773 4384 1010 4452 pretium
1088 4392 1142 4439 et
1186 4384 1676 4439 remunerationem
1745 4381 1969 4437 honoris
2012 4389 2066 4436 et

2163 1917 2652 1987 κατευφραίνεσθαι
2675 1918 2812 1973 δεῖν·
2837 1938 2856 1972 ι
2887 1918 3208 1992 Εὐφροσύνη
3238 1919 3347 1992 γὰρ
3365 1920 3580 1983 αἰώνιος
3603 1920 3745 1991 ὑπὲρ

2160 2009 2400 2079 κεφαλῆς
2416 2008 2617 2076 αὐτῶν,
2643 2029 2662 2062 ›
2697 2011 2841 2064 κατὰ
2865 2011 2926 2064 τὸ
2953 2012 3356 2082 γεγραμμένον.
3394 2032 3412 2063 ι
3436 2012 3671 2082 Ἀπέδρα
3687 2027 3747 2063 τε

2159 2099 2339 2172 ὀδύνη,
2369 2101 2460 2154 καὶ
2476 2100 2642 2172 λύπη,
2660 2103 2755 2156 καὶ
2779 2103 3135 2173 στεναγμός.»
3174 2097 3268 2164 Οἷς
3297 2101 3390 2155 καὶ
3409 2104 3437 2154 6
3464 2101 3747 2164 θεσπέσιος

2161 2191 2370 2256 Παῦλος
2402 2192 2706 2246 ἐπιστέλλει
2744 2193 2917 2263 λέγων
2938 2211 2952 2224 ·
2992 2193 3259 2264 «Χαίρετε
3292 2195 3350 2246 ἐν
3384 2193 3574 2264 Κυρίῳ
3611 2193 3750 2246 πάν-

2160 2300 2280 2336 τοτε
2303 2299 2317 2313 ⁸
2369 2285 2532 2339 πάλιν
2574 2285 2686 2358 ἐρῶ
2707 2325 2720 2349 ,
2748 2287 2986 2358 χαίρετε.
3041 2286 3113 2338 Τὸ
3139 2285 3378 2348 ἐπιεικὲς
3421 2286 3574 2356 ὐμῶν
3605 2303 3748 2354 γνωο

2162 2372 2343 2443 σθήτω
2401 2377 2566 2429 πᾶσιν
2614 2376 2978 2445 ἀνθρώποις.»
3009 2378 3242 2446 Ἕψεται
3266 2379 3375 2450 γὰρ
3417 2378 3608 2450 ῶσπερ
3633 2383 3747 2443 τοῖς

2159 2463 2456 2534 ἀλιτηρίοις
2487 2466 2548 2520 τὸ
2577 2467 2898 2532 κολάζεσθαι
2931 2468 3062 2533 δεῖν,
3088 2468 3231 2522 οὕτω
3268 2471 3361 2522 καὶ
3395 2473 3507 2534 τοῖς
3540 2470 3747 2526 ἀνωθεν

2161 2558 2553 2614 καταπλουτεῖν
2581 2560 2828 2628 ἀγαθοῖς,
2855 2555 2937 2624 οἷς
2968 2559 3035 2614 ἂν
3067 2559 3276 2628 γένοιτο
3311 2563 3512 2628 σκοπὸς
3541 2563 3602 2617 τὸ
3631 2564 3747 2617 δια-

2161 2646 2352 2700 ϐιῶναι
2396 2646 2684 2720 λαμπρῶς.

2228 2737 2339 2790 Καὶ
2392 2737 2623 2806 ἀφανιῶ
2676 2738 2952 2808 ἄμπελον
2989 2739 3219 2809 αὐτῆς,
3263 2739 3364 2794 καὶ
3405 2740 3514 2806 τὰς
3547 2741 3745 2808 συκᾶς

2157 2827 2351 2896 αὐτῆς
2391 2829 2510 2882 ὅσα
2542 2827 2705 2883 εἷπε·
2750 2832 3115 2902 Μισθὼματά
3136 2850 3257 2903 μου
3313 2834 3502 2889 ταῦτά
3551 2834 3740 2892 ἐστιν.

2157 2917 2198 2972 ἂ
2227 2919 2458 2973 ἔδωκάν
2479 2938 2581 2990 μοι
2611 2925 2664 2976 οἱ
2696 2921 2945 2991 ἐρασταί
2986 2941 3132 2992 μου,
3164 2925 3265 2978 καὶ
3297 2925 3558 2995 θήσομαι
3594 2926 3747 2980 αὐτὰ

2157 3013 2246 3078 εὶς
2287 3014 2630 3082 μαρτύριον,
2663 3015 2761 3068 καὶ
2796 3019 3194 3086 καταφάγεται
3231 3017 3383 3072 αὐτὰ
3417 3018 3592 3087 θηρία
3637 3020 3744 3075 τοῦ

2160 3105 2367 3174 ἀγροῦ,
2418 3105 2518 3159 καὶ
2549 3107 2624 3160 τὰ
2660 3108 2902 3162 πετεινὰ
2933 3108 3039 3163 τοῦ
3076 3110 3369 3179 οὐρανοῦ,
3406 3112 3508 3167 καὶ
3554 3113 3628 3168 τὰ
3653 3113 3747 3181 ἐρ-

2165 3198 2319 3252 πετὰ
2345 3198 2456 3267 τῆς
2494 3199 2628 3270 γῆς.

2237 3291 2319 3345 K'.
2344 3291 2514 3345 Τοῦτο
2537 3291 2601 3363 δὴ
2625 3294 2788 3348 πάλιν
2830 3294 3032 3367 ἑτέρως
3057 3293 3203 3348 ἔστιν
3231 3297 3426 3362 εἰπεῖν,
3458 3296 3538 3361 τὸ,
3567 3317 3587 3350 ι
3621 3297 3748 3367 Ἀφ-

2158 3380 2394 3452 ελοῦμαι
2419 3383 2509 3437 τὸν
2533 3385 2675 3437 σῖτόν
2704 3403 2804 3455 μου
2837 3385 2960 3440 καθ’
2977 3376 3136 3456 ’ὥραν
3162 3385 3349 3452 αὐτοῦ,
3369 3387 3463 3442 καὶ
3486 3389 3576 3442 τὸν
3604 3384 3744 3442 οἶνόν

2169 3490 2269 3543 μου
2315 3474 2370 3526 ἐν
2410 3474 2586 3546 καιρῷ
2614 3475 2798 3529 αὐτοῦ.
2829 3495 2848 3530 ι
2891 3478 3108 3548 Ἐπειδὴ
3142 3479 3253 3549 γὰρ
3298 3477 3398 3542 τὰς
3440 3479 3549 3532 τῶν
3586 3479 3744 3548 ὡρῶν

2165 3560 2471 3631 εὐκαρπίας
2495 3566 2615 3627 ταῖς
2651 3565 2759 3619 τῶν
2783 3566 3072 3636 δαιμονίων
3100 3568 3365 3638 δυνάμεσι
3421 3569 3514 3622 καὶ
3545 3569 3746 3638 φιλοτι-

2167 3650 2319 3721 μίαις
2361 3653 2684 3724 προσνέμων
2729 3657 2758 3707 6
2795 3656 3046 3728 Ἰσραὴλ,
3083 3659 3178 3711 καὶ
3213 3658 3549 3713 ἀϐουλότατα
3576 3660 3741 3732 δρῶν,

2165 3740 2348 3804 αὐτοῖς
2373 3741 2606 3795 ἀνετίθει
2637 3744 2705 3797 τὰ
2725 3747 3072 3816 χαριστήρια,
3105 3746 3201 3800 καί¹
3229 3747 3352 3817 οὐχὶ
3381 3748 3580 3818 μᾶλλον
3604 3747 3742 3818 Θεῷ,

2163 3829 2438 3902 ταύτῃτοι,
2474 3834 2658 3905 φησὶν,
2688 3835 2763 3900 ὼς
2797 3838 3008 3906 ἀφανιῶ
3043 3839 3139 3892 καὶ
3183 3839 3515 3910 καταφθερῶ
3574 3841 3643 3894 τὰ
3675 3841 3745 3894 δι’

2162 3914 2236 3974 ὧν
2284 3923 2463 3995 ἐκείνη
2508 3926 2767 3995 χειρόνως
2810 3928 3186 3998 πεπλάνηται,
3240 3929 3746 4000 μεμισθαρνηκέναι

2164 4011 2402 4080 λέγουσα
2437 4014 2588 4084 παρὰ
2635 4015 2744 4069 τῶν
2788 4016 2933 4069 ἰδίων
2980 4015 3246 4086 ἐραστῶν.
3298 4017 3408 4068 Καὶ
3455 4016 3746 4086 πεποίηται

2169 4101 2266 4172 μὲν
2297 4103 2527 4165 ἀστείως
2554 4102 2628 4167 ὡς
2663 4104 2756 4158 ἐπὶ
2788 4104 3082 4177 μαχλώσης
3108 4105 3365 4175 γυναικὸς
3392 4106 3420 4156 6
3449 4106 3626 4174 λόγος.
3660 4106 3749 4170 Ὠς

2165 4193 2226 4246 τό
2255 4211 2319 4263 γε
2346 4195 2460 4265 μὴν
2507 4196 2650 4250 κατὰ
2693 4195 2951 4267 ἀλήθειαν
2979 4199 3009 4250 ό
3046 4196 3282 4268 Ἰσραὴλ,
3314 4197 3395 4250 ὅτι
3429 4197 3618 4267 μισθὸς
3644 4197 3746 4249 αὐ·

2163 4290 2278 4350 τοῖς
2326 4289 2421 4340 καὶ⁸
2463 4287 2770 4352 ἀντέκτισις
2808 4291 2905 4360 τῆς
2949 4292 3030 4353 είς
3073 4293 3142 4344 τὰ
3173 4290 3368 4344 εἴδωλα
3421 4290 3588 4360 τιμῆς
3649 4288 3746 4343 καί

2164 4373 2440 4444 λατρείας,
2480 4375 2542 4428 τὸ
2571 4375 2678 4429 τῶν
2723 4375 2946 4448 ὡρίμων
2979 4378 3293 4449 ἀμφιλαφές
3331 4378 3426 4432 καὶ
3457 4377 3521 4431 τὸ
3548 4377 3749 4450 εὐκαρ-

482 4477 684 4541 cultus,
725 4491 885 4546 quem
935 4474 1088 4531 idolis
1134 4475 1437 4538 adhiberet,
1469 4473 1570 4529 sibi
1607 4474 1850 4544 rependi.
1911 4472 2060 4539 Quod

2167 4482 2268 4518 πον
2315 4468 2733 4537 περιτυγχάνειν
2783 4469 2851 4540 τῇ
2904 4469 2997 4541 γῇ.
3027 4469 3149 4523 Ὅτι
3191 4469 3250 4522 δὲ
3298 4469 3391 4523 καὶ
3434 4469 3534 4540 τῆς
3581 4468 3748 4539 ἄλλης

483 4578 664 4622 autem
711 4566 861 4621 omni
939 4575 1227 4637 pr0pterea
1279 4563 1570 4620 securitate
1620 4574 1676 4620 et
1720 4563 2058 4633 iucunditate

2165 4557 2382 4628 ἀπάσης
2432 4559 2616 4621 αὐτοῖς
2666 4559 2932 4630 εὐθυμίας
2976 4562 3341 4631 παρακεῖσθαι
3393 4561 3494 4632 τὴν
3531 4560 3747 4631 μέθεξιν

480 4659 645 4714 animi
695 4657 1145 4730 praefruerentur,
1189 4658 1329 4713 hanc
1357 4666 1413 4712 et
1468 4657 1638 4712 solam
1688 4671 1906 4712 causam
1965 4671 2060 4710 eos

481 4749 774 4818 putavisse,
825 4749 1074 4803 facillime
1117 4750 1242 4819 quis
1291 4765 1359 4804 ex
1393 4747 1645 4804 Jeremiae
1673 4747 1850 4804 verbis
1899 4747 2059 4802 intel-

482 4841 698 4895 lexerit.
768 4840 1006 4895 Redacta
1075 4841 1219 4896 enim
1273 4838 1353 4896 'in
1423 4840 1662 4895 hostium
1733 4846 2055 4909 potestatem

482 4929 896 5000 Hierosolyma,
948 4943 1069 4982 cum
1146 4929 1364 4998 quidam
1434 4927 1559 4982 belli
1645 4926 1815 4981 aciem
1886 4925 2058 4980 hosti-

483 5019 656 5074 lemve
703 5019 937 5088 gladium
971 5018 1287 5085 evasissent,
1323 5019 1375 5072 in
1422 5015 1718 5088 Aigyptum
1769 5016 2059 5070 descende-

485 5119 630 5173 runt,
677 5117 731 5161 et
764 5108 944 5162 divino
983 5107 1238 5162 mandato
1278 5108 1543 5178 pr0pheta
1589 5122 1710 5163 cum
1750 5107 1900 5176 ipsis.
1951 5106 2059 5162 Illic

485 5198 647 5268 igitur
681 5199 747 5253 ab
796 5198 1113 5254 idololatria:
1180 5199 1601 5269 inquinamentis
1654 5199 2059 5262 abStineudum.

483 5297 540 5342 et
568 5289 632 5342 ad
675 5288 840 5343 Deum
885 5291 1267 5344 recurrendum
1359 5290 1555 5347 suasit.
1585 5289 1720 5344 Tum
1773 5292 2062 5346 muliercu-

483 5380 658 5434 larum
729 5381 913 5435 iufelix
963 5390 1019 5436 et
1085 5381 1465 5436 stultissimum
1518 5397 1730 5452 agmen,
1785 5384 2060 5452 prophetae

485 5473 663 5524 verbis
717 5473 1072 5538 adversando,
1133 5474 1471 5540 impudenter
1517 5475 1877 5541 garriebatu
1938 5475 2060 5530 Scr-

485 5576 698 5615 nmuetu
749 5577 906 5632 quem
961 5564 1170 5618 locutus
1203 5577 1261 5618 es
1311 5563 1377 5617 ad
1426 5579 1524 5618 uos
1567 5564 1618 5618 in
1690 5565 1904 5620 nomine
1953 5567 2056 5621 Du-

2158 4647 2364 4719 ταύτης
2389 4648 2549 4702 ἕνεκα
2580 4649 2674 4702 καὶ
2716 4651 2882 4722 μόνης
2911 4651 3079 4723 ᾣοντο
3109 4654 3208 4722 τῆς
3237 4652 3441 4717 αίτίας,
3468 4652 3634 4722 εἰδείη
3662 4668 3746 4714 τις

2161 4741 2229 4794 ἂν
2258 4741 2352 4793 καὶ
2393 4741 2540 4811 μάλα
2575 4742 2794 4813 ῥᾳδίως,
2826 4747 2940 4807 τοῖς
2971 4744 3236 4817 Ἰερεμίου
3267 4746 3445 4815 λόγοις
3486 4746 3742 4818 ἐντυχών.

2171 4831 2346 4885 Ἑάλω
2391 4833 2491 4901 μὲν
2536 4833 2645 4905 γὰρ
2676 4835 2746 4887 τὰ
2784 4835 3170 4907 Ἱεροσόλυμα·
3219 4837 3642 4907 διαπεφευγότες
3685 4837 3742 4889 δέ

2160 4941 2304 4988 τινες
2337 4923 2431 4977 τοῦ
2484 4925 2720 4997 πολέμου
2773 4928 2871 4998 τὴν
2915 4930 3122 5000 ἀκμὴν,
3160 4931 3475 5002 κατέϐησαν
3515 4933 3594 4994 εἰς
3646 4932 3743 5000 τὴν

2163 5019 2497 5086 Αἰγυπτίων,
2538 5020 2632 5073 καὶ
2681 5024 2776 5075 σὺν
2813 5023 2999 5085 αὐτοῖς
3027 5026 3055 5076 6
3091 5025 3398 5096 προφήτης,
3420 5025 3562 5077 κατὰ
3596 5022 3744 5076 θείαν

2163 5109 2366 5180 ὀμφήν.
2404 5109 2615 5164 Ἐκεῖσε
2665 5110 2796 5180 γοῦν
2835 5113 3184 5167 συνεϐούλευε
3229 5115 3425 5183 λέγων,
3447 5115 3545 5185 τῆς
3589 5115 3743 5167 εἰδω-

2159 5197 2446 5271 λολατρίας
2496 5202 2812 5257 παύσασθαι
2859 5205 3176 5276 μολυσμῶν,
3217 5207 3312 5259 καὶ
3361 5206 3743 5276 παλινδρομεῖν

2157 5289 2377 5343 ἑλέσθαι
2408 5292 2545 5362 πρὸς
2577 5294 2731 5350 Θεόν.
2761 5292 2895 5351 Εἶτα
2919 5297 3157 5364 γυναίων
3183 5297 3345 5352 ἀθλία
3371 5315 3432 5350 τε
3461 5300 3557 5351 καὶ
3587 5300 3742 5350 ἀνου-

2158 5382 2327 5455 στὰτη
2359 5385 2590 5453 πληθὺς,
2611 5390 2726 5450 τοῖς
2756 5388 2850 5442 τοῦ
2884 5390 3163 5461 προφήτου
3197 5390 3359 5445 πάλιν
3388 5391 3744 5460 ἀντεφέροντο

2152 5474 2347 5543 λόγοις,
2381 5477 2475 5529 καὶ
2501 5478 2566 5548 δὴ
2608 5479 2702 5532 καὶ
2724 5479 2962 5547 ἔφασκον
2993 5481 3224 5546 ἀναιδῶς
3247 5499 3260 5512 ·
3301 5501 3321 5534 ι
3355 5483 3459 5536 Τὸν
3488 5479 3646 5551 λόγον
3678 5483 3735 5534 ὃν

2152 5568 2422 5640 ἐλάλησας
2455 5571 2586 5642 πρὸς
2613 5573 2758 5643 ἡμᾶς
2779 5573 2856 5644 τῷ
2883 5575 3107 5646 ὀνόματι
3137 5576 3366 5645 Κυρίου,
3393 5575 3494 5629 οὐκ
3516 5576 3742 5630 ἀκουσό-

547 5739 601 5771 ⁴⁰
631 5738 716 5796 lll.
742 5742 871 5812 Reg.
898 5757 1049 5810 xvm,
1089 5742 1179 5798 2|.
1256 5743 1298 5775 ³⁸
1337 5743 1438 5799 lsa.
1478 5757 1665 5810 xum,
1695 5742 1786 5796 ‘22.
1864 5745 1906 5776 ³³
1937 5744 2035 5800 lsa.

2161 5763 2226 5814 rt,
2259 5747 2352 5804 24.
2429 5751 2473 5783 ³³
2505 5751 2624 5807 lsai.
2667 5771 2830 5821 xxxv,
2868 5757 2951 5810 lO.
3030 5758 3073 5790 ³³
3106 5757 3337 5828 Philipp.
3373 5773 3446 5824 tv,
3481 5757 3533 5816 5.
