4046 6376
311 370 378 426 7')
1226 370 1780 431 COMMENTARIUS
1821 376 1887 432 IN
1927 376 2158 432 OSEAM
2199 376 2641 435 PROPllETAM.
3485 387 3555 444 78

313 483 451 555 μεθά
490 498 609 545 σου,
638 482 719 536 ὅτι
758 482 1006 536 ποιοῦσαι
1039 485 1336 561 ποιήσομεν
1370 488 1545 539 πάντα
1573 488 1664 541 τὸν
1706 489 1883 559 λόγον,

2002 493 2144 556 mim,
2207 508 2309 547 non
2355 496 2635 563 audiemus
2691 505 2763 561 te,
2796 497 2919 566 quia
2966 497 3227 553 facientes
3297 499 3553 557 faciemus

307 577 367 639 ὃς
407 573 745 639 ἐξελεύσεται
787 576 850 626 ἐκ
886 574 980 627 τοῦ
1021 574 1289 645 στόματος
1338 576 1517 646 ἡμῶν,
1567 578 1770 650 θυμιᾷν
1817 583 1882 651 τῇ

311 668 595 739 βασιλίσσῃ
630 665 722 718 τοῦ
758 666 1008 736 ούρανοῦ,
1035 669 1128 719 καὶ
1162 668 1411 721 σπένδειν
1445 670 1583 741 αὐτῇ
1628 671 1883 736 σπονδὰς,

309 758 450 813 καθά
496 758 834 828 ἐποιήσαμεν
879 759 1058 828 ἡμεῖς,
1108 760 1204 812 καὶ
1237 762 1286 812 οἱ
1318 761 1556 833 πατέρες
1582 762 1758 833 ἡμῶν,
1793 763 1887 816 καὶ

309 854 358 903 οἱ
398 850 635 919 βασιλεῖς
659 849 837 919 ἡμῶν,
867 851 960 903 καὶ
992 852 1041 903 οἱ
1078 852 1337 923 ἄρχοντες
1377 854 1557 923 ήμῶν,
1584 856 1642 905 ἐν
1672 854 1887 907 πόλεσιν

323 944 525 1005 Ἰούδα,
574 943 666 994 καὶ⁸
719 941 916 1005 ἔξωθεν
954 943 1331 1014 Ἰερουσαλήμ.
1379 945 1487 997 Καὶ
1540 946 1888 1016 ἐπλήσθημεν

311 1038 513 1107 ἄρτων,
541 1036 635 1087 καὶ
677 1035 971 1104 ἐγενόμεθα
1010 1036 1267 1105 χρηστοὶ,
1298 1036 1394 1088 καὶ
1438 1037 1586 1089 κακὰ
1610 1038 1711 1089 οὐκ
1753 1038 1888 1089 είδο-

318 1143 433 1197 μεν.
467 1127 575 1178 Καὶ
601 1126 674 1189 ὡς
704 1126 1014 1196 διελίπομεν
1043 1126 1346 1196 θυμιῶντες
1370 1131 1437 1197 τῇ
1481 1125 1766 1199 βὰσιλίσσῃ
1795 1128 1887 1182 τοῦ

316 1218 564 1283 ούρανοῦ,
584 1218 974 1288 ἡλαττῶθημεν
1002 1220 1201 1283 πάντες
1225 1222 1406 1290 ἡμεῖς,
1431 1222 1526 1273 καὶ
1544 1223 1601 1274 ἐν
1648 1222 1889 1294 ῥομφαία

315 1309 406 1360 καὶ
442 1310 500 1360 ἐν
534 1307 692 1378 θυμῷ
729 1308 1063 1379 ἐξελίπομεν.
1094 1329 1112 1361 ι
1158 1312 1354 1380 Συνίης
1391 1307 1482 1364 οῦν
1512 1311 1660 1375 ὅπως
1698 1330 1887 1383 μονον-

312 1401 431 1472 ουχὶ
468 1404 559 1454 καὶ
605 1402 908 1455 ἁντέκτισιν
955 1402 1048 1455 τοῦ
1094 1403 1470 1473 πεπλανῆσθαί
1503 1422 1666 1477 φησιν
1725 1409 1888 1477 ἐσχη-

312 1496 469 1547 κέναι
495 1494 565 1546 τὰ
600 1493 846 1566 ζωαρκῆ,
888 1496 981 1547 καὶ
1018 1495 1154 1567 πρός
1191 1513 1254 1564 γε
1296 1497 1359 1567 δὴ
1389 1497 1561 1569 τούτῳ
1601 1499 1660 1551 τὸ
1690 1500 1889 1569 εὐημε-

315 1587 461 1654 ρεῖν;
501 1603 518 1635 ι
562 1585 802 1652 Ἀφανιῶ
839 1588 1151 1657 τοιγαροῦν,
1195 1588 1380 1657 φησὶν,
1426 1588 1462 1641 ἃ
1503 1586 1644 1653 εἷπε,
1672 1589 1891 1643 Μισθώ-

317 1676 462 1745 ματά
494 1694 595 1746 μου
620 1677 796 1732 ταῦτά
825 1680 995 1744 ἐστιν,
1018 1679 1053 1733 ἃ
1082 1679 1288 1734 ἔδωκάν
1321 1699 1410 1753 μοι
1437 1684 1484 1735 οί
1514 1685 1737 1754 ἐρασταί
1767 1702 1890 1754 μου,

313 1769 408 1820 καὶ
439 1768 674 1839 θήσομεν
703 1771 796 1823 καὶ
828 1771 966 1824 αὐτά
1002 1772 1079 1835 εἰς
1114 1772 1430 1843 μαρτύριον.
1456 1793 1474 1824 ι
1525 1776 1893 1848 Καταμαρτυ-

319 1862 475 1931 ρήσει
508 1861 615 1930 γὰρ
662 1861 853 1932 ὥσπερ
909 1865 1007 1932 τῆς
1043 1862 1137 1915 τοῦ
1174 1864 1390 1935 Ἰσραὴλ
1439 1867 1734 1938 μοχθηρίας
1786 1871 1885 1937 ἀφ-

314 1953 566 2023 ῃρημένα
605 1951 780 2015 ταυτὶ,
813 1953 905 2005 καὶ
933 1953 1031 2025 τὴν
1067 1953 1222 2024 δίκην
1261 1956 1445 2019 αὐτοῖς
1490 1959 1891 2029 ἐπισημοτέραν

315 2045 632 2116 ἐργάσεται,
662 2045 755 2097 καὶ
783 2047 1068 2117 καταφανῆ
1103 2049 1317 2117 ποιήσει
1350 2049 1449 2118 τὴν
1476 2050 1662 2121 ὀργήν.
1694 2071 1711 2102 ι
1740 2052 1893 2104 Ἔδε-

314 2153 403 2188 ται
428 2137 484 2188 δὲ
513 2136 652 2190 αὐτά
682 2136 751 2189 τὰ
783 2136 949 2207 θηρία
972 2137 1066 2189 τοῦ
1099 2138 1293 2208 ἀγροῦ,
1332 2139 1426 2193 καὶ
1458 2140 1524 2192 τά
1555 2143 1771 2196 πετεινὰ
1800 2143 1892 2196 τοῦ

315 2226 567 2297 ούρανοῦ,
594 2227 687 2278 καὶ
703 2226 772 2278 τὰ
793 2227 995 2297 ἐρπετά
1007 2228 1104 2297 τῆς
1116 2230 1239 2299 γῆς.
1256 2248 1273 2281 ι
1299 2231 1490 2284 Νοοῖτο
1514 2231 1560 2284 δ’
1589 2232 1655 2286 ἂν
1684 2236 1742 2286 ού
1772 2234 1895 2288 καθ’

317 2318 413 2370 ἕνα
447 2318 602 2370 ταυτὶ
627 2319 691 2388 δὴ
718 2321 935 2389 τρόπον,
966 2320 1126 2390 τριχῆ
1152 2320 1208 2373 δὲ
1260 2322 1457 2392 μᾶλλον
1484 2323 1552 2375 τά
1581 2326 1641 2377 ἐκ
1675 2325 1767 2378 τοῦ
1800 2343 1896 2396 ση-

325 2410 647 2479 μαινομένου
701 2410 1059 2480 ληφθήσεται,
1093 2414 1162 2465 Ἢ
1208 2413 1316 2484 γὰρ
1373 2415 1549 2468 ἐκεῖνό
1599 2434 1781 2485 φησιν,
1815 2419 1895 2471 ὅτι

320 2500 523 2570 θηρίων
552 2500 702 2554 ἔσται
733 2504 906 2573 τροφὴ
936 2503 1003 2555 τά
1029 2504 1086 2556 ἐν
1120 2504 1329 2575 ἀγροῖς,
1368 2506 1443 2570 ὡς
1476 2507 1577 2560 οὐκ
1616 2508 1768 2572 ὄντος
1816 2509 1897 2563 ἔτι

318 2592 414 2645 τοῦ
440 2592 816 2655 κατοικοῦντος
840 2594 936 2663 τὴν
960 2595 1086 2664 γῆν,
1108 2595 1194 2649 διὰ
1219 2597 1279 2649 τὸ
1304 2597 1587 2661 πλείστους
1619 2600 1716 2669 μέν
1741 2602 1899 2665 ὅσους

320 2686 485 2738 οῖκων
526 2690 586 2738 τέ
630 2686 723 2739 καὶ
770 2686 975 2739 πόλεων
1021 2688 1493 2760 ἐκσεσοϐημένους
1560 2692 1897 2762 ἀποδραμεῖν

321 2778 421 2849 οὐχ
457 2778 680 2841 ἑκόντας
719 2779 798 2840 εἰς
833 2777 1127 2832 Βαϐυλῶνα
1180 2779 1273 2832 καὶ
1312 2780 1559 2851 Μήδους,
1600 2782 1899 2853 δεδαπανῆ-

326 2871 453 2923 σθαι
487 2870 545 2923 δέ
582 2869 659 2940 τῷ
692 2870 913 2941 πολέμῳ
942 2872 1037 2923 καὶ
1075 2870 1295 2941 ἑτέρους
1327 2872 1517 2937 ὅσους,
1561 2872 1637 2937 ὡς
1668 2874 1771 2927 ὑπὸ
1804 2876 1900 2945 μό-

327 2980 433 3015 νων
474 2963 574 3033 ἤδη
617 2962 820 3032 θηρίων
862 2979 921 3013 τε
967 2962 1060 3014 καὶ
1090 2962 1334 3031 ἑρπετῶν
1375 2964 1481 3016 τῶν
1538 2965 1899 3037 Σαμαρειτῶν

324 3052 593 3106 οἰκεῖσθαι
622 3053 804 3123 χώραν
826 3070 840 3084 ο
865 3054 1029 3123 ἦγουν
1064 3054 1238 3105 ἐκεῖνο
1270 3053 1451 3119 πάλιν,
1480 3058 1562 3109 ὅτι
1588 3057 1689 3126 τῆς
1720 3057 1901 3130 χώρας

324 3145 627 3216 εὐκαρπίαν
656 3140 744 3199 οἷά
782 3162 927 3207 τινες
970 3145 1134 3215 θῆρες
1168 3146 1217 3198 οἱ
1252 3146 1582 3200 Βαϐυλώνιοι
1622 3147 1898 3220 θοινήσον-
1925 3186 1967 3242 C

326 3255 440 3301 ται,
471 3238 578 3290 τῶν
623 3237 975 3291 ἐνοικούντων
1001 3239 1099 3308 τὴν
1148 3238 1274 3307 γῆν,
1325 3241 1442 3301 ταῖς
1472 3242 1899 3311 τετειχισμέναις

335 3330 448 3383 τῶν
479 3330 685 3383 πόλεων
711 3329 1078 3400 ἐνισχημένων
1131 3330 1225 3383 καὶ
1253 3330 1392 3393 οὐδὲ,
1425 3332 1546 3384 ὅσον
1576 3335 1771 3395 εἰπεῖν,
1804 3336 1900 3387 ἐπ-

328 3426 514 3480 έκεινα
537 3424 719 3480 πυλῶν
758 3425 890 3480 ἱέναι
916 3422 1263 3497 τολμώντων,
1294 3424 1471 3478 καίτοι
1512 3424 1902 3496 καταφθείρον-

329 3534 425 3581 τος
453 3516 547 3571 τοῦ
573 3515 753 3588 λιμοῦ.

404 3609 470 3663 Εί
496 3608 551 3662 δέ
585 3607 828 3678 τῳδοκεῖ
863 3608 1101 3662 συνιέναι
1141 3607 1543 3678 πνευματικῶς,
1578 3608 1673 3661 καὶ
1702 3607 1767 3659 δι’
1796 3606 1906 3659 ἐτέ-

337 3717 437 3764 ρας
479 3699 546 3753 ἂν
594 3700 662 3753 ῖοι
712 3700 920 3771 τρίϐου.
977 3699 1284 3771 Ἀμπελῶνι
1327 3700 1425 3771 μὲν
1485 3700 1593 3769 γὰρ
1637 3699 1728 3752 καὶ
1768 3700 1902 3770 συκῇ

334 3792 727 3861 παρεικαστέον
750 3786 807 3844 εῦ
840 3791 983 3861 μάλα
1001 3791 1099 3861 τὴν
1122 3792 1210 3845 διά
1234 3792 1399 3863 νόμου
1444 3792 1741 3855 παίδευσιν,
1774 3793 1908 3844 ἀπο-

332 3882 667 3952 κομίζουσαν
689 3883 766 3945 είς
802 3881 1052 3953 Χριστόν.
1078 3882 1426 3952 Παιδαγωγεῖ
1455 3882 1565 3953 γὰρ
1607 3884 1685 3946 είς
1729 3882 1905 3948 τοῦτο,

335 3975 477 4028 κατά
502 3973 600 4045 τὴν
620 3973 712 4026 τοῦ
737 3974 1011 4045 μακαρίου
1043 3974 1260 4026 Παύλου
1291 3975 1493 4044 φωνήν.
1522 3974 1632 4027 Καὶ
1666 3973 1907 4044 ἄμπελος

348 4064 448 4137 μὲν
507 4065 810 4136 εὐφρασίας
853 4063 921 4117 ἂν
964 4066 1131 4119 νοοῖτο
1168 4064 1452 4134 σύμϐολον,
1488 4065 1820 4134 γλυκύτητος
1851 4064 1909 4117 δέ

340 4158 500 4228 συκῆ.
540 4159 661 4210 Ὀτι
705 4157 762 4210 δὲ
792 4156 936 4227 ψυχῇ
990 4154 1220 4227 φιλοθέῳ
1251 4155 1455 4225 γλυκὺς
1496 4155 1710 4227 ἀληθῶς
1738 4158 1766 4209 ὁ
1814 4154 1906 4208 τοῦ

336 4249 474 4303 Θεοῦ
507 4249 689 4319 νόμος,
722 4248 817 4301 καὶ
864 4247 1281 4319 κατευφραίνειν
1335 4246 1512 4310 εἰδὼς,
1555 4246 1673 4313 πῶς
1720 4246 1785 4300 ἂν
1818 4246 1904 4297 ἐν-

339 4340 572 4395 δοιάσειέ
600 4357 716 4405 τις;
749 4338 956 4391 Οὐκοῦν
982 4339 1245 4407 ἀμέτοχος
1269 4338 1365 4407 μὲν
1390 4339 1419 4390 ὁ
1456 4336 1669 4407 Ἰσραὴλ
1704 4337 1909 4406 ἀπομε-

343 4432 581 4501 μένηκεν
625 4430 939 4496 ἀναγκαίως
969 4428 1077 4483 τῶν
1127 4427 1331 4481 ἀνωθεν
1382 4427 1476 4481 καὶ
1528 4424 1909 4496 πνευματικῶν

1989 599 2148 639 omne
2199 586 2446 650 verbum,
2500 589 2642 656 quod
2706 588 3012 656 egredietur
3089 590 3156 644 de
3212 604 3306 645 ore
3346 605 3552 657 nostro,

1987 685 2046 731 ut
2110 677 2422 731 adoleamus
2466 677 2662 746 reginae
2715 677 2856 741 coeli,
2886 687 2940 732 et
2978 676 3206 734 libemus
3260 680 3553 747 libamina,

1987 769 2128 823 sicut
2158 769 2384 823 fecimus
2422 784 2517 822 nos
2567 776 2621 821 et
2670 779 2850 838 patres
2898 771 3100 837 nostri,
3142 781 3195 826 et
3243 788 3393 842 reges
3452 789 3553 827 no-

1988 858 2109 919 stri,
2154 867 2207 911 et
2245 858 2516 927 principes
2564 859 2755 921 nostri,
2790 860 2843 911 in
2897 859 3119 915 urbibus
3164 861 3325 929 Juda,
3383 874 3437 918 et
3463 866 3555 920 de-

1989 948 2121 1003 foris
2190 946 2512 1014 Jerusalem,
2570 958 2623 1003 et
2689 950 2909 1005 saturati
2958 966 3145 1007 sumus
3200 955 3449 1023 panibus,
3502 965 3558 1011 et

1988 1038 2119 1093 facti
2158 1054 2343 1093 sumus
2380 1039 2523 1104 boni,
2552 1040 2761 1092 etmala
2791 1056 2894 1094 non
2927 1042 3177 1097 vidimus.
3202 1044 3266 1097 Et
3292 1051 3349 1097 ut
3383 1060 3559 1100 cessa-

1988 1131 2166 1184 vimus
2206 1128 2484 1183 adolentes
2543 1130 2739 1199 regina:
2794 1130 2936 1196 caeli,
2978 1140 3032 1185 et
3076 1132 3303 1188 libantes
3331 1136 3380 1189 ei
3425 1135 3559 1191 liba-

1990 1221 2154 1284 mina,
2198 1221 2524 1289 indiguimus
2584 1236 2773 1275 omnes
2811 1236 2929 1288 uos,
2957 1232 3012 1275 et
3075 1224 3127 1277 in
3167 1225 3362 1294 gladio,
3403 1239 3458 1283 et
3505 1230 3558 1284 in

1991 1312 2134 1367 fame
2182 1312 2477 1367 defecimus
2505 1312 2570 1369 ³⁵.
2604 1331 2623 1364 ι
2664 1313 3060 1369 Animadvertis
3110 1317 3271 1387 igitur
3333 1335 3558 1388 quomo-

1991 1404 2059 1457 do
2115 1418 2201 1458 res
2268 1405 2334 1455 ad
2392 1419 2545 1457 usum
2602 1405 2723 1458 vitae
2794 1407 3156 1473 necessarias,
3221 1417 3285 1463 et‘
3339 1412 3560 1482 insuper

1991 1510 2309 1564 prosperum
2378 1511 2556 1551 rerum
2636 1506 2831 1553 statum
2887 1508 2946 1553 ut
3018 1500 3220 1555 erroris
3289 1500 3373 1555 sui
3416 1519 3560 1557 mer-

1993 1590 2177 1642 cedem
2218 1604 2283 1643 ae
2321 1590 2603 1659 praemium
2645 1606 2703 1645 se
2728 1593 2996 1660 recepisse
3030 1592 3249 1647 dicant?
3288 1596 3362 1647 ait
3396 1610 3557 1663 ergo:

2000 1699 2018 1732 ι
2067 1681 2378 1750 Disperdam
2452 1684 2518 1737 de
2581 1684 2988 1753 quibuscunque
3057 1685 3227 1751 dixit,
3284 1685 3562 1742 Meri-edes

1995 1785 2127 1825 meae
2170 1782 2294 1825 sunt
2335 1769 2441 1841 43
2479 1771 2615 1836 istae,
2663 1786 2797 1839 quas
2837 1772 3098 1825 dederunt
3170 1772 3302 1826 mihi
3360 1783 3561 1827 amato-

1996 1878 2081 1917 res
2120 1863 2243 1925 mei,
2272 1870 2327 1917 et
2364 1878 2556 1931 ponam
2591 1863 2727 1916 eain
2768 1863 3182 1917 testimonium.»
3206 1863 3393 1917 Ablata
3416 1864 3563 1919 enim

1995 1955 2109 2009 haec
2178 1953 2394 2009 lsraelis
2464 1956 2874 2024 perversitatem
2938 1956 3367 2010 testilicabantur
3423 1971 3561 2025 quo-

1994 2047 2302 2112 dammodo,
2343 2056 2397 2100 et
2433 2048 2599 2115 ipsius
2638 2060 2851 2115 pmnam
2908 2046 3266 2110 illustrabanl,
3300 2048 3565 2101 divinam-

1996 2151 2100 2203 que
2149 2137 2282 2189 iram
2334 2136 2595 2190 adversus
2642 2138 2888 2190 eumdem
2915 2137 3283 2193 declarabant.
3320 2156 3337 2188 ι
3370 2138 3564 2194 Come-

1995 2229 2125 2283 dent
2160 2243 2223 2283 ea
2264 2229 2449 2282 bestia:
2486 2228 2624 2296 agri,
2650 2239 2704 2284 et
2737 2229 2983 2284 volucres
3038 2230 3197 2295 coeli,
3246 2238 3302 2284 et
3355 2232 3563 2300 reptilia

1995 2333 2172 2376 teme.
2206 2339 2224 2372 ι
2282 2321 2411 2387 Quae
2463 2321 2677 2389 quidem
2727 2336 2832 2374 nou
2874 2336 3002 2385 uno,
3045 2323 3139 2374 sed
3186 2322 3355 2375 tribus
3391 2323 3565 2377 modis

1996 2414 2267 2484 explicare
2315 2415 2457 2467 licet.
2519 2415 2631 2466 Aut
2672 2414 2815 2466 enim
2880 2415 2984 2467 hoc
3040 2413 3208 2477 dicit,
3268 2412 3561 2467 bestiarum

1997 2506 2177 2560 cibum
2242 2505 2355 2559 fore
2396 2520 2513 2573 quae
2555 2517 2680 2557 sunt
2736 2506 2788 2557 in
2825 2506 2969 2573 agris
2996 2544 3012 2568 ,
3048 2514 3234 2573 utpote
3299 2519 3404 2559 non
3475 2521 3566 2560 ex-

1996 2606 2173 2650 stante
2233 2595 2461 2664 amplius
2505 2596 2592 2661 qui
2639 2604 2838 2647 terram
2894 2594 3136 2659 habitet;
3175 2594 3426 2662 quoniam
3453 2595 3566 2649 Ion-

1998 2702 2064 2758 ge
2118 2687 2330 2757 plurimi
2379 2687 2625 2742 domibus
2672 2694 2726 2739 et
2773 2686 2996 2740 urbibus
3050 2686 3278 2756 expulsi,
3340 2685 3567 2758 Babylo-

2000 2793 2157 2844 nem,
2210 2787 2266 2833 et
2311 2779 2376 2833 ad
2430 2778 2612 2832 Medos
2660 2777 2810 2831 inviti
2843 2777 3109 2844 abierint;
3153 2778 3242 2831 alii
3308 2788 3573 2846 prmterca

2001 2885 2105 2924 non
2158 2870 2312 2938 pauci
2354 2869 2495 2923 bello
2545 2868 2814 2937 absumpti
2863 2870 2992 2931 sint,
3032 2878 3091 2923 ut
3138 2868 3249 2938 jam
3295 2883 3325 2922 a
3384 2868 3571 2924 bestiis

2002 2971 2206 3017 tantum
2242 2970 2294 3017 et
2316 2961 2593 3031 reptilibus
2617 2961 3080 3015 Samaritanorum
3112 2962 3258 3030 regio
3280 2960 3569 3016 incolatur.

2002 3054 2106 3107 Aut
2144 3063 2292 3108 certe
2325 3054 2427 3108 hoc
2475 3056 2628 3116 vult,
2670 3052 2883 3121 frugum
2924 3052 3132 3121 copiam
3181 3052 3416 3121 regionis
3467 3051 3572 3105 Ba-

2002 3146 2245 3215 bylonios
2282 3147 2334 3198 in
2392 3160 2596 3199 morem
2642 3144 2934 3198 bestiarum
2977 3145 3366 3209 devoraturos,
3418 3145 3571 3198 inco-

2004 3238 2070 3290 lis
2109 3238 2247 3290 intra
2284 3252 2465 3289 muros
2490 3236 2703 3288 urbium
2754 3249 2814 3289 se
2866 3234 3194 3297 tenentibus,
3224 3248 3324 3288 nec
3361 3233 3444 3287 vel
3503 3234 3572 3289 ad

2005 3338 2333 3382 momentum
2360 3338 2511 3381 extra
2540 3338 2722 3396 portas
2752 3327 2969 3397 prodire
2996 3326 3339 3394 audentibus,
3379 3340 3573 3396 quam-

2003 3423 2087 3476 vis
2117 3421 2258 3475 fame
2302 3420 2601 3475 moriantur

2076 3603 2230 3669 Quod
2280 3601 2325 3655 si
2368 3599 2597 3668 cuipiam
2650 3599 2763 3651 haec
2826 3594 3183 3666 spiritualiter
3228 3595 3575 3666 intelligenda

2008 3696 2278 3757 videntur,
2312 3692 2359 3746 ei
2407 3691 2510 3743 alia
2571 3701 2785 3757 quoque
2838 3688 2921 3739 via
2979 3686 3185 3740 licitum
3225 3697 3310 3741 est
3343 3686 3442 3742 ire.
3478 3686 3577 3743 Vi-

2008 3800 2124 3841 neae
2200 3795 2435 3850 namque
2489 3789 2544 3833 et
2595 3777 2717 3831 ticui
2781 3776 3222 3829 commodissime
3269 3779 3575 3847 comparari

2008 3885 2184 3947 potest
2218 3889 2315 3943 per
2342 3874 2513 3942 legem
2555 3870 2843 3933 institutio,
2886 3870 2951 3922 ad
2977 3867 3249 3923 Christum
3281 3867 3573 3926 deducens.

2008 3969 2088 4025 Ad
2137 3968 2241 4023 hoc
2281 3965 2420 4021 enim
2459 3964 2550 4018 illa
2590 3971 2776 4016 noster
2813 3962 3133 4030 paedagogus
3153 3969 3258 4023 est,
3304 3961 3454 4030 juxta
3484 3978 3579 4019 vo-

2008 4077 2125 4118 cem
2162 4059 2301 4114 beati
2342 4057 2492 4112 Pauli
2516 4056 2579 4109 ⁸⁸.
2600 4056 2665 4110 Et
2698 4055 2848 4108 vinea
2877 4054 3094 4123 quidem
3135 4054 3354 4121 laetitiae,
3391 4055 3576 4109 dulce-

2010 4155 2153 4210 dinis
2195 4161 2373 4206 autem
2437 4150 2568 4205 ficus
2616 4147 2916 4217 symbolum
2968 4146 3139 4216 accipi
3187 4156 3383 4216 potest.
3447 4147 3579 4202 Esse

2010 4254 2185 4298 autem
2227 4241 2416 4295 anima?
2453 4240 2616 4292 Deum
2664 4236 2866 4290 amanti
2905 4235 3073 4303 legem
3119 4250 3305 4289 revera
3343 4235 3577 4303 dulcem,

2009 4344 2064 4390 et
2128 4348 2286 4403 posse
2332 4345 2449 4384 eam
2479 4328 2803 4390 exhilarare,
2854 4326 2981 4395 quid
3023 4334 3109 4381 est
3152 4341 3248 4381 cur
3292 4326 3578 4395 quisquam

2013 4422 2259 4477 dubitet?
2324 4420 2661 4490 Quapropter
2710 4416 2872 4471 Israel
2918 4431 3270 4485 supernorum
3330 4417 3584 4486 spiritua—

342 4522 588 4591 ἀγαθῶν.
615 4521 861 4574 Δέδονται
892 4521 949 4573 δὲ
990 4520 1126 4591 πρὸς
1160 4519 1457 4590 μετάληψιν
1492 4520 1603 4580 τοῖς
1634 4516 1795 4570 οἱονεὶ
1824 4516 1900 4586 θη-

2021 4514 2257 4581 liumque
2310 4512 2572 4565 bonorum
2607 4523 2800 4576 expers
2844 4521 3068 4565 manere
3123 4508 3341 4573 debuit,
3373 4517 3427 4562 et
3464 4516 3584 4561 tan-

342 4614 479 4687 ρίοις
524 4630 583 4665 τε
626 4613 720 4665 καὶ
766 4614 1033 4683 ἑρπετοῖς,
1084 4612 1225 4684 φημὶ
1272 4610 1337 4681 δὴ
1375 4612 1487 4672 τοῖς
1528 4609 1585 4675 ἐξ
1628 4607 1830 4669 ἐθνῶν,
1863 4607 1915 4660 οἳ

345 4706 453 4777 πρὸ
476 4706 575 4774 τῆς
609 4706 859 4774 Σωτῆρος
900 4704 1191 4774 ἐπιδημίας
1227 4702 1382 4771 ὀλίγα
1411 4702 1705 4768 διενεγκεῖν
1734 4697 1916 4769 θηρῶν

341 4815 401 4850 τε
449 4799 540 4851 καὶ
585 4796 828 4867 ἑρπετῶν
881 4796 1099 4849 ἰοϐόλων
1150 4794 1495 4864 ὑπονοηθεῖεν
1539 4791 1634 4854 ἂν,
1682 4790 1770 4844 διὰ
1815 4790 1915 4860 τὴν

348 4891 643 4959 σκαιότητα
676 4887 783 4941 τῶν
829 4888 1066 4959 τρόπων.
1112 4886 1257 4957 Πλὴν
1306 4886 1366 4938 οὐ
1432 4885 1802 4955 μεμενήκασιν
1855 4884 1914 4935 ἐν

341 4980 573 5045 τούτοις,
630 4978 945 5033 ἀκολουθεῖν
998 4977 1260 5049 ᾑρημένοι
1306 4976 1512 5045 λέγοντι
1542 4974 1620 5045 τῷ
1656 4972 1908 5045 Χριστῷ-

350 5092 369 5123 ι
400 5071 618 5126 Μάθετε
641 5071 735 5125 ἀπ’
764 5070 921 5141 ἐμοῦ,
948 5071 1029 5123 ὅτι
1061 5070 1235 5140 πρᾶός
1274 5070 1389 5135 είμι
1428 5067 1520 5120 καὶ
1548 5065 1801 5127 ταπεινὸς
1843 5066 1908 5135 τῇ

342 5163 563 5233 καρδίᾳ,
605 5163 698 5216 καὶ
725 5162 984 5233 εὑρήσετε
1008 5160 1311 5213 ἀνάπαυσιν
1333 5160 1448 5219 ταῖς
1470 5157 1666 5225 ψυχαῖς
1690 5155 1859 5224 ὑμῶν.
1888 5172 1905 5204 ι

342 5253 646 5324 Προσθείην
667 5252 710 5305 δ’
740 5252 806 5305 ἂν
834 5252 1008 5321 ἔγωγε
1035 5254 1145 5314 τοῖς
1186 5248 1493 5320 εἰρημένοις
1523 5248 1617 5301 καὶ
1651 5247 1802 5300 τόδε·
1838 5246 1913 5310 ὡς

341 5346 489 5397 ἐστιν
519 5344 730 5415 ἀνάγκη
774 5345 887 5406 τοῖς
928 5343 1020 5395 τὸν
1060 5342 1330 5412 ἐπάρατον
1376 5339 1470 5393 καὶ
1519 5338 1745 5409 θεομισῆ
1798 5338 1914 5409 τρί-

343 5436 499 5489 ϐουσι
554 5435 689 5505 βίον,
732 5435 827 5487 καὶ
873 5433 1231 5502 ἀπολισθῆναι
1279 5434 1390 5485 δεῖν
1438 5430 1638 5494 παντὸς
1684 5429 1912 5499 ἀγαθοῦ,

342 5529 441 5581 καὶ
482 5530 540 5581 ἐν
590 5531 708 5590 ταῖς
755 5528 981 5582 ἀπασῶν
1031 5528 1287 5597 ἐσχάταις
1340 5523 1587 5595 γενέσθαι
1637 5523 1914 5577 ταλαιπω-

349 5620 512 5689 ρίαις.

2017 4620 2177 4675 quam
2227 4602 2419 4658 belluis
2451 4617 2512 4655 ac
2552 4601 2829 4669 reptilibus
2884 4600 2937 4653 in
3003 4598 3238 4667 przedam
3293 4600 3411 4653 data
3454 4608 3581 4665 est,

2016 4698 2296 4767 gentibus,
2337 4696 2579 4763 inquam,
2627 4708 2763 4761 quas
2802 4700 2926 4745 ante
2977 4691 3175 4746 Christi
3219 4691 3505 4745 adventum
3552 4706 3584 4744 a

2015 4788 2147 4842 feris
2205 4797 2260 4841 et
2316 4785 2595 4853 reptilibus
2672 4783 2983 4848 venenatis,
3035 4792 3259 4852 propter
3318 4791 3582 4852 agrestem

2017 4894 2224 4934 morutn
2270 4876 2687 4931 inurbanitatem
2741 4889 2928 4942 parum
2988 4874 3347 4943 discrepuisse
3408 4874 3589 4927 existi-

2020 4988 2165 5027 mare
2191 4970 2333 5025 licet.
2366 4970 2471 5023 Sed
2515 4977 2691 5022 tamen
2731 4967 2864 5021 tales
2897 4982 2998 5019 non
3030 4974 3466 5035 permanserunt,
3499 4965 3585 5018 ubi

2018 5064 2291 5118 Christum
2335 5059 2485 5128 sequi
2530 5059 2906 5122 instituerunt,
2955 5058 3256 5112 dicentem:
3286 5076 3305 5109 ι
3330 5056 3527 5109 Discite
3557 5071 3585 5109 a

2020 5170 2126 5219 me,
2160 5156 2281 5223 quia
2333 5153 2478 5207 mitis
2519 5167 2636 5205 sum
2701 5160 2757 5206 et
2796 5149 3013 5205 humilis
3051 5149 3234 5213 corde,
3265 5157 3321 5202 et
3347 5147 3589 5203 invenie-

2022 5246 2089 5301 tis
2136 5245 2371 5313 requiem
2416 5244 2698 5297 auimabus
2731 5242 2927 5296 vestris
2950 5241 3047 5294 ³⁷.»
3078 5238 3183 5295 Fas
3224 5253 3387 5306 porro
3431 5239 3590 5292 dictis

2018 5337 2123 5392 hoc
2161 5351 2324 5389 unum
2377 5335 2594 5397 addere,
2658 5333 3021 5396 maledictam,
3083 5340 3139 5386 et
3192 5330 3301 5384 Deo
3359 5329 3590 5383 invisam

2020 5427 2161 5481 viam
2193 5426 2551 5491 ambulantes,
2572 5425 2739 5480 veliut
2760 5424 2932 5479 nolint
2963 5424 3106 5477 omni
3145 5424 3284 5478 bono
3305 5420 3589 5484 excedere,

2023 5528 2079 5573 et
2123 5517 2190 5573 ad
2225 5528 2497 5573 extremas
2527 5515 2778 5571 miserias
2824 5512 3051 5567 devolvi.

420 5797 466 5827 ³⁸
496 5795 696 5851 Jerem.
733 5812 877 5861 xuv,
908 5796 1089 5852 16-18.
1164 5794 1405 5850 "Galat.
1449 5808 1531 5859 In,
1557 5790 1648 5845 24.
1687 5790 1728 5821 ³⁷
1765 5787 1949 5843 Matth.
1989 5800 2065 5852 xl,
2099 5782 2189 5840 ‘29.
