  <div class='ocr_page' id='page_1' title='image "/cluster/home/n/w/nwhite01/storage/ocr_20150623/71/nnc1.0046980199/045.png"; bbox 0 0 4046 6376; ppageno 0'>
   <div class='ocr_carea' id='block_1_1' title="bbox 561 300 3820 414">
    <p class='ocr_par' dir='ltr' id='par_1_1' title="bbox 561 300 3820 414">
     <span class='ocr_line' id='line_1_1' title="bbox 561 300 3820 414; baseline -0.003 -3"><span class='ocrx_word' id='word_1_1' title='bbox 561 355 630 412; x_wconf 85' lang='lat'><strong>79</strong></span> <span class='ocrx_word' id='word_1_2' title='bbox 1150 300 1158 308; x_wconf 44' lang='grc'><em>”</em></span> <span class='ocrx_word' id='word_1_3' title='bbox 1545 349 1604 403; x_wconf 92' lang='lat' dir='ltr'><strong>s.</strong></span> <span class='ocrx_word' id='word_1_4' title='bbox 1647 347 1922 404; x_wconf 78' lang='lat' dir='ltr'><strong>CYRILLI</strong></span> <span class='ocrx_word' id='word_1_5' title='bbox 1962 345 2433 404; x_wconf 75' lang='lat' dir='ltr'><strong>ALEXANDRINI</strong></span> <span class='ocrx_word' id='word_1_6' title='bbox 2475 347 2792 406; x_wconf 81' lang='lat' dir='ltr'><strong>ARCHIEP.</strong></span> <span class='ocrx_word' id='word_1_7' title='bbox 3754 359 3820 414; x_wconf 77' lang='lat' dir='ltr'><strong>so</strong></span> 
     </span>
    </p>
   </div>
   <div class='ocr_carea' id='block_1_2' title="bbox 636 470 2121 543">
    <p class='ocr_par' dir='ltr' id='par_1_2' title="bbox 636 471 2121 542">
     <span class='ocr_line' id='line_1_2' title="bbox 636 471 2121 542; baseline -0.006 -13"><span class='ocrx_word' id='word_1_8' title='bbox 636 477 697 529; x_wconf 76' lang='lat' dir='ltr'><strong>Et</strong></span> <span class='ocrx_word' id='word_1_9' title='bbox 761 475 992 529; x_wconf 79' lang='lat' dir='ltr'><strong>ulciscar</strong></span> <span class='ocrx_word' id='word_1_10' title='bbox 1037 487 1198 542; x_wconf 73' lang='lat' dir='ltr'><strong>super</strong></span> <span class='ocrx_word' id='word_1_11' title='bbox 1255 487 1372 525; x_wconf 81' lang='lat' dir='ltr'><strong>eam</strong></span> <span class='ocrx_word' id='word_1_12' title='bbox 1421 471 1540 524; x_wconf 75' lang='lat' dir='ltr'><strong>dies</strong></span> <span class='ocrx_word' id='word_1_13' title='bbox 1582 471 1815 534; x_wconf 81' lang='lat' dir='ltr'><strong>Baalim,</strong></span> <span class='ocrx_word' id='word_1_14' title='bbox 1852 473 1905 524; x_wconf 87' lang='lat' dir='ltr'><strong>iu</strong></span> <span class='ocrx_word' id='word_1_15' title='bbox 1953 472 2121 540; x_wconf 68' lang='lat' dir='ltr'><strong>quibit;</strong></span> 
     </span>
    </p>
   </div>
   <div class='ocr_carea' id='block_1_3' title="bbox 2224 470 3818 543">
    <p class='ocr_par' dir='ltr' id='par_1_3' title="bbox 2310 470 3818 543">
     <span class='ocr_line' id='line_1_3' title="bbox 2310 470 3818 543; baseline 0.006 -20"><span class='ocrx_word' id='word_1_16' title='bbox 2310 471 2420 524; x_wconf 79' lang='lat' dir='ltr'><strong>Kal</strong></span> <span class='ocrx_word' id='word_1_17' title='bbox 2450 470 2752 539; x_wconf 83' lang='grc' dir='ltr'><em>ἐκδικήσω</em></span> <span class='ocrx_word' id='word_1_18' title='bbox 2780 470 2875 522; x_wconf 77' lang='grc' dir='ltr'><strong>ἐπ’</strong></span> <span class='ocrx_word' id='word_1_19' title='bbox 2899 470 3095 539; x_wconf 74' lang='grc' dir='ltr'>αὐτὴν</span> <span class='ocrx_word' id='word_1_20' title='bbox 3135 471 3242 540; x_wconf 85' lang='grc' dir='ltr'><strong>τὰς</strong></span> <span class='ocrx_word' id='word_1_21' title='bbox 3270 473 3488 543; x_wconf 78' lang='grc' dir='ltr'>ἡμέρας</span> <span class='ocrx_word' id='word_1_22' title='bbox 3522 475 3643 530; x_wconf 78' lang='grc' dir='ltr'><strong>τῶν</strong></span> <span class='ocrx_word' id='word_1_23' title='bbox 3681 479 3818 532; x_wconf 71' lang='grc' dir='ltr'>Βαα”</span> 
     </span>
    </p>
   </div>
   <div class='ocr_carea' id='block_1_4' title="bbox 556 559 2132 634">
    <p class='ocr_par' dir='ltr' id='par_1_4' title="bbox 556 559 2132 634">
     <span class='ocr_line' id='line_1_4' title="bbox 556 559 2132 634; baseline -0.004 -13"><span class='ocrx_word' id='word_1_24' title='bbox 556 565 864 621; x_wconf 73' lang='lat' dir='ltr'><strong>immolabat</strong></span> <span class='ocrx_word' id='word_1_25' title='bbox 924 564 1019 626; x_wconf 75' lang='lat' dir='ltr'><strong>eis,</strong></span> <span class='ocrx_word' id='word_1_26' title='bbox 1067 572 1115 616; x_wconf 80' lang='lat' dir='ltr'><strong>et</strong></span> <span class='ocrx_word' id='word_1_27' title='bbox 1157 561 1514 615; x_wconf 75' lang='lat' dir='ltr'><strong>circumdabat</strong></span> <span class='ocrx_word' id='word_1_28' title='bbox 1553 559 1669 634; x_wconf 67' lang='grc'><strong>44</strong></span> <span class='ocrx_word' id='word_1_29' title='bbox 1721 563 1930 616; x_wconf 75' lang='lat' dir='ltr'><strong>inaures</strong></span> <span class='ocrx_word' id='word_1_30' title='bbox 1975 579 2132 627; x_wconf 79' lang='lat' dir='ltr'><strong>suas,</strong></span> 
     </span>
    </p>
   </div>
   <div class='ocr_carea' id='block_1_5' title="bbox 557 654 2135 720">
    <p class='ocr_par' dir='ltr' id='par_1_5' title="bbox 557 654 2135 720">
     <span class='ocr_line' id='line_1_5' title="bbox 557 654 2135 720; baseline -0.004 -8"><span class='ocrx_word' id='word_1_31' title='bbox 557 671 603 712; x_wconf 78' lang='lat' dir='ltr'><strong>et</strong></span> <span class='ocrx_word' id='word_1_32' title='bbox 626 657 842 710; x_wconf 79' lang='lat' dir='ltr'><strong>monilia</strong></span> <span class='ocrx_word' id='word_1_33' title='bbox 864 671 982 718; x_wconf 81' lang='lat' dir='ltr'><strong>sua,</strong></span> <span class='ocrx_word' id='word_1_34' title='bbox 1006 663 1052 708; x_wconf 84' lang='lat' dir='ltr'><strong>et</strong></span> <span class='ocrx_word' id='word_1_35' title='bbox 1082 654 1192 706; x_wconf 84' lang='lat' dir='ltr'><strong>ibat</strong></span> <span class='ocrx_word' id='word_1_36' title='bbox 1223 660 1345 720; x_wconf 80' lang='lat' dir='ltr'><strong>post</strong></span> <span class='ocrx_word' id='word_1_37' title='bbox 1358 662 1624 708; x_wconf 71' lang='lat' dir='ltr'><strong>curatores</strong></span> <span class='ocrx_word' id='word_1_38' title='bbox 1649 670 1771 708; x_wconf 74' lang='lat' dir='ltr'><strong>suos</strong></span> <span class='ocrx_word' id='word_1_39' title='bbox 1794 668 1812 707; x_wconf 91' lang='lat'><strong><em>:</em></strong></span> <span class='ocrx_word' id='word_1_40' title='bbox 1839 654 1938 708; x_wconf 82' lang='lat' dir='ltr'><strong>mei</strong></span> <span class='ocrx_word' id='word_1_41' title='bbox 1962 662 2135 708; x_wconf 84' lang='lat' dir='ltr'><strong>autem</strong></span> 
     </span>
    </p>
   </div>
   <div class='ocr_carea' id='block_1_6' title="bbox 557 744 1322 812">
    <p class='ocr_par' dir='ltr' id='par_1_6' title="bbox 557 744 1322 812">
     <span class='ocr_line' id='line_1_6' title="bbox 557 744 1322 812; baseline -0.003 -10"><span class='ocrx_word' id='word_1_42' title='bbox 557 749 721 802; x_wconf 70' lang='lat' dir='ltr'><strong>oblita</strong></span> <span class='ocrx_word' id='word_1_43' title='bbox 763 756 861 812; x_wconf 74' lang='lat' dir='ltr'><strong>est,</strong></span> <span class='ocrx_word' id='word_1_44' title='bbox 888 746 1015 800; x_wconf 84' lang='lat' dir='ltr'><strong>dicit</strong></span> <span class='ocrx_word' id='word_1_45' title='bbox 1041 744 1322 800; x_wconf 79' lang='lat' dir='ltr'><strong>Dominus.</strong></span> 
     </span>
    </p>
   </div>
   <div class='ocr_carea' id='block_1_7' title="bbox 625 925 2134 993">
    <p class='ocr_par' dir='ltr' id='par_1_7' title="bbox 625 925 2134 993">
     <span class='ocr_line' id='line_1_7' title="bbox 625 925 2134 993; baseline -0.001 -9"><span class='ocrx_word' id='word_1_46' title='bbox 625 927 767 984; x_wconf 79' lang='lat' dir='ltr'><strong>XXI.</strong></span> <span class='ocrx_word' id='word_1_47' title='bbox 813 927 946 982; x_wconf 88' lang='lat' dir='ltr'><strong>Tam</strong></span> <span class='ocrx_word' id='word_1_48' title='bbox 1009 926 1246 993; x_wconf 49' lang='lat' dir='ltr'><strong>severae}</strong></span> <span class='ocrx_word' id='word_1_49' title='bbox 1284 926 1603 981; x_wconf 82' lang='lat' dir='ltr'><strong>imo-etiam</strong></span> <span class='ocrx_word' id='word_1_50' title='bbox 1655 925 1709 982; x_wconf 91' lang='lat' dir='ltr'><strong>in</strong></span> <span class='ocrx_word' id='word_1_51' title='bbox 1757 925 1876 982; x_wconf 90' lang='lat' dir='ltr'><strong>illos</strong></span> <span class='ocrx_word' id='word_1_52' title='bbox 1938 942 2134 982; x_wconf 83' lang='lat' dir='ltr'><strong>conve-</strong></span> 
     </span>
    </p>
   </div>
   <div class='ocr_carea' id='block_1_8' title="bbox 558 1017 2129 1091">
    <p class='ocr_par' dir='ltr' id='par_1_8' title="bbox 558 1017 2129 1091">
     <span class='ocr_line' id='line_1_8' title="bbox 558 1017 2129 1091; baseline 0.001 -17"><span class='ocrx_word' id='word_1_53' title='bbox 558 1018 917 1074; x_wconf 72' lang='lat' dir='ltr'><strong>nientissima:</strong></span> <span class='ocrx_word' id='word_1_54' title='bbox 939 1017 1334 1086; x_wconf 77' lang='lat' dir='ltr'><strong>indignationis</strong></span> <span class='ocrx_word' id='word_1_55' title='bbox 1355 1034 1574 1074; x_wconf 82' lang='lat' dir='ltr'><strong>causam</strong></span> <span class='ocrx_word' id='word_1_56' title='bbox 1609 1021 1806 1075; x_wconf 89' lang='lat' dir='ltr'><strong>iterum</strong></span> <span class='ocrx_word' id='word_1_57' title='bbox 1832 1021 2129 1091; x_wconf 74' lang='lat' dir='ltr'><strong>subjungit.</strong></span> 
     </span>
    </p>
   </div>
   <div class='ocr_carea' id='block_1_9' title="bbox 555 1111 2129 1180">
    <p class='ocr_par' dir='ltr' id='par_1_9' title="bbox 555 1111 2129 1180">
     <span class='ocr_line' id='line_1_9' title="bbox 555 1111 2129 1180; baseline 0.002 -14"><span class='ocrx_word' id='word_1_58' title='bbox 555 1115 691 1180; x_wconf 86' lang='lat' dir='ltr'><strong>Quia</strong></span> <span class='ocrx_word' id='word_1_59' title='bbox 723 1112 1192 1170; x_wconf 77' lang='lat' dir='ltr'><strong>enimio-errore</strong></span> <span class='ocrx_word' id='word_1_60' title='bbox 1249 1111 1544 1166; x_wconf 82' lang='lat' dir='ltr'><strong>admodum</strong></span> <span class='ocrx_word' id='word_1_61' title='bbox 1598 1113 1687 1167; x_wconf 79' lang='lat' dir='ltr'><strong>diu</strong></span> <span class='ocrx_word' id='word_1_62' title='bbox 1751 1115 2129 1180; x_wconf 87' lang='lat' dir='ltr'><strong>perstiterunt,</strong></span> 
     </span>
    </p>
   </div>
   <div class='ocr_carea' id='block_1_10' title="bbox 554 1204 2135 1274">
    <p class='ocr_par' dir='ltr' id='par_1_10' title="bbox 554 1204 2135 1274">
     <span class='ocr_line' id='line_1_10' title="bbox 554 1204 2135 1274; baseline 0.003 -16"><span class='ocrx_word' id='word_1_63' title='bbox 554 1204 1031 1274; x_wconf 61' lang='lat' dir='ltr'><strong>aequalirtetnporis</strong></span> <span class='ocrx_word' id='word_1_64' title='bbox 1068 1204 1421 1259; x_wconf 72' lang='lat' dir='ltr'><strong>diuturnitate</strong></span> <span class='ocrx_word' id='word_1_65' title='bbox 1450 1220 1543 1260; x_wconf 90' lang='lat' dir='ltr'><strong>eos</strong></span> <span class='ocrx_word' id='word_1_66' title='bbox 1587 1206 1681 1260; x_wconf 84' lang='lat' dir='ltr'><strong>Dei</strong></span> <span class='ocrx_word' id='word_1_67' title='bbox 1722 1207 1855 1260; x_wconf 89' lang='lat' dir='ltr'><strong>iram</strong></span> <span class='ocrx_word' id='word_1_68' title='bbox 1884 1217 2135 1274; x_wconf 81' lang='lat' dir='ltr'><strong>expertu-</strong></span> 
     </span>
    </p>
   </div>
   <div class='ocr_carea' id='block_1_11' title="bbox 541 1292 2132 1364">
    <p class='ocr_par' dir='ltr' id='par_1_11' title="bbox 541 1292 2132 1364">
     <span class='ocr_line' id='line_1_11' title="bbox 541 1292 2132 1364; baseline -0.002 -13"><span class='ocrx_word' id='word_1_69' title='bbox 541 1312 644 1351; x_wconf 76' lang='lat' dir='ltr'><strong>:ros</strong></span> <span class='ocrx_word' id='word_1_70' title='bbox 691 1295 939 1349; x_wconf 77' lang='lat' dir='ltr'><strong>allirmat.</strong></span> <span class='ocrx_word' id='word_1_71' title='bbox 988 1292 1099 1348; x_wconf 81' lang='lat' dir='ltr'><strong>Hoc</strong></span> <span class='ocrx_word' id='word_1_72' title='bbox 1137 1295 1237 1349; x_wconf 88' lang='lat' dir='ltr'><strong>sibi</strong></span> <span class='ocrx_word' id='word_1_73' title='bbox 1277 1293 1408 1361; x_wconf 82' lang='lat' dir='ltr'><strong>vult,</strong></span> <span class='ocrx_word' id='word_1_74' title='bbox 1442 1297 1674 1364; x_wconf 81' lang='lat' dir='ltr'><strong>opinor:</strong></span> <span class='ocrx_word' id='word_1_75' title='bbox 1712 1315 1730 1347; x_wconf 79' lang='grc' dir='ltr'><strong>ι</strong></span> <span class='ocrx_word' id='word_1_76' title='bbox 1761 1294 2008 1351; x_wconf 83' lang='lat' dir='ltr'><strong>Ulciscar</strong></span> <span class='ocrx_word' id='word_1_77' title='bbox 2041 1312 2132 1351; x_wconf 86' lang='lat' dir='ltr'><strong>su-</strong></span> 
     </span>
    </p>
   </div>
   <div class='ocr_carea' id='block_1_12' title="bbox 545 1385 2129 1458">
    <p class='ocr_par' dir='ltr' id='par_1_12' title="bbox 545 1385 2129 1458">
     <span class='ocr_line' id='line_1_12' title="bbox 545 1385 2129 1458; baseline -0.002 -16"><span class='ocrx_word' id='word_1_78' title='bbox 545 1403 800 1453; x_wconf 62' lang='lat' dir='ltr'><strong>peream</strong></span> <span class='ocrx_word' id='word_1_79' title='bbox 850 1388 968 1442; x_wconf 89' lang='lat' dir='ltr'><strong>dies</strong></span> <span class='ocrx_word' id='word_1_80' title='bbox 1006 1385 1231 1451; x_wconf 87' lang='lat' dir='ltr'><strong>Baalim,</strong></span> <span class='ocrx_word' id='word_1_81' title='bbox 1269 1404 1288 1436; x_wconf 72' lang='grc' dir='ltr'><strong>ι</strong></span> <span class='ocrx_word' id='word_1_82' title='bbox 1322 1386 1423 1441; x_wconf 85' lang='lat' dir='ltr'><strong>hoc</strong></span> <span class='ocrx_word' id='word_1_83' title='bbox 1450 1394 1532 1441; x_wconf 88' lang='lat' dir='ltr'><strong>est</strong></span> <span class='ocrx_word' id='word_1_84' title='bbox 1563 1386 1844 1441; x_wconf 79' lang='lat' dir='ltr'><strong>idolorum.</strong></span> <span class='ocrx_word' id='word_1_85' title='bbox 1865 1387 2129 1458; x_wconf 64' lang='lat' dir='ltr'><strong>Exazqua-</strong></span> 
     </span>
    </p>
   </div>
   <div class='ocr_carea' id='block_1_13' title="bbox 549 1477 2128 1548">
    <p class='ocr_par' dir='ltr' id='par_1_13' title="bbox 549 1477 2128 1548">
     <span class='ocr_line' id='line_1_13' title="bbox 549 1477 2128 1548; baseline 0.001 -17"><span class='ocrx_word' id='word_1_86' title='bbox 549 1481 686 1532; x_wconf 74' lang='lat' dir='ltr'><strong>bunt</strong></span> <span class='ocrx_word' id='word_1_87' title='bbox 731 1478 874 1531; x_wconf 91' lang='lat' dir='ltr'><strong>enim</strong></span> <span class='ocrx_word' id='word_1_88' title='bbox 927 1477 1104 1546; x_wconf 85' lang='lat' dir='ltr'><strong>plane,</strong></span> <span class='ocrx_word' id='word_1_89' title='bbox 1147 1477 1338 1544; x_wconf 84' lang='lat' dir='ltr'><strong>inquit.</strong></span> <span class='ocrx_word' id='word_1_90' title='bbox 1365 1478 1482 1532; x_wconf 86' lang='lat' dir='ltr'><strong>dies</strong></span> <span class='ocrx_word' id='word_1_91' title='bbox 1525 1479 1761 1544; x_wconf 81' lang='lat' dir='ltr'><strong>erroris,</strong></span> <span class='ocrx_word' id='word_1_92' title='bbox 1802 1479 1996 1548; x_wconf 86' lang='lat' dir='ltr'><strong>quibus</strong></span> <span class='ocrx_word' id='word_1_93' title='bbox 2047 1479 2128 1533; x_wconf 82' lang='lat' dir='ltr'><strong>in—</strong></span> 
     </span>
    </p>
   </div>
   <div class='ocr_carea' id='block_1_14' title="bbox 551 1565 2125 1636">
    <p class='ocr_par' dir='ltr' id='par_1_14' title="bbox 551 1565 2125 1636">
     <span class='ocr_line' id='line_1_14' title="bbox 551 1565 2125 1636; baseline 0.001 -15"><span class='ocrx_word' id='word_1_94' title='bbox 551 1583 776 1622; x_wconf 85' lang='lat' dir='ltr'><strong>censum</strong></span> <span class='ocrx_word' id='word_1_95' title='bbox 827 1567 1062 1622; x_wconf 86' lang='lat' dir='ltr'><strong>adolevit</strong></span> <span class='ocrx_word' id='word_1_96' title='bbox 1119 1565 1273 1634; x_wconf 83' lang='lat' dir='ltr'><strong>Baal,</strong></span> <span class='ocrx_word' id='word_1_97' title='bbox 1313 1568 1428 1623; x_wconf 89' lang='lat' dir='ltr'><strong>dies</strong></span> <span class='ocrx_word' id='word_1_98' title='bbox 1489 1568 1736 1636; x_wconf 74' lang='lat' dir='ltr'><strong>supplicii</strong></span> <span class='ocrx_word' id='word_1_99' title='bbox 1769 1575 1826 1623; x_wconf 86' lang='lat' dir='ltr'><strong>et</strong></span> <span class='ocrx_word' id='word_1_100' title='bbox 1885 1567 2125 1623; x_wconf 88' lang='lat' dir='ltr'><strong>ultionis.</strong></span> 
     </span>
    </p>
   </div>
   <div class='ocr_carea' id='block_1_15' title="bbox 553 1659 2125 1724">
    <p class='ocr_par' dir='ltr' id='par_1_15' title="bbox 553 1659 2125 1724">
     <span class='ocr_line' id='line_1_15' title="bbox 553 1659 2125 1724; baseline 0.001 -11"><span class='ocrx_word' id='word_1_101' title='bbox 553 1659 847 1714; x_wconf 57' lang='lat' dir='ltr'><strong>Nom-enim</strong></span> <span class='ocrx_word' id='word_1_102' title='bbox 893 1659 1099 1713; x_wconf 84' lang='lat' dir='ltr'><strong>destitit</strong></span> <span class='ocrx_word' id='word_1_103' title='bbox 1136 1673 1194 1711; x_wconf 89' lang='lat' dir='ltr'><strong>se</strong></span> <span class='ocrx_word' id='word_1_104' title='bbox 1215 1674 1435 1724; x_wconf 88' lang='lat' dir='ltr'><strong>ornare,</strong></span> <span class='ocrx_word' id='word_1_105' title='bbox 1472 1666 1526 1714; x_wconf 90' lang='lat' dir='ltr'><strong>et</strong></span> <span class='ocrx_word' id='word_1_106' title='bbox 1564 1660 1709 1715; x_wconf 65' lang='lat' dir='ltr'><strong>velle</strong></span> <span class='ocrx_word' id='word_1_107' title='bbox 1775 1660 2125 1715; x_wconf 80' lang='lat' dir='ltr'><strong>multifariam</strong></span> 
     </span>
    </p>
   </div>
   <div class='ocr_carea' id='block_1_16' title="bbox 551 1749 2124 1821">
    <p class='ocr_par' dir='ltr' id='par_1_16' title="bbox 551 1749 2124 1821">
     <span class='ocr_line' id='line_1_16' title="bbox 551 1749 2124 1821; baseline -0.001 -17"><span class='ocrx_word' id='word_1_108' title='bbox 551 1753 762 1821; x_wconf 67' lang='lat' dir='ltr'><strong>placere</strong></span> <span class='ocrx_word' id='word_1_109' title='bbox 812 1750 923 1805; x_wconf 76' lang='lat' dir='ltr'><strong>suis</strong></span> <span class='ocrx_word' id='word_1_110' title='bbox 953 1750 1306 1806; x_wconf 86' lang='lat' dir='ltr'><strong>amatoribus.</strong></span> <span class='ocrx_word' id='word_1_111' title='bbox 1325 1749 1560 1806; x_wconf 89' lang='lat' dir='ltr'><strong>Ornatus</strong></span> <span class='ocrx_word' id='word_1_112' title='bbox 1595 1760 1773 1805; x_wconf 92' lang='lat' dir='ltr'><strong>autem</strong></span> <span class='ocrx_word' id='word_1_113' title='bbox 1823 1751 2124 1804; x_wconf 89' lang='lat' dir='ltr'><strong>animarum</strong></span> 
     </span>
    </p>
   </div>
   <div class='ocr_carea' id='block_1_17' title="bbox 2241 558 3815 634">
    <p class='ocr_par' dir='ltr' id='par_1_17' title="bbox 2241 558 3815 634">
     <span class='ocr_line' id='line_1_17' title="bbox 2241 558 3815 634; baseline 0.004 -19"><span class='ocrx_word' id='word_1_114' title='bbox 2241 562 2401 631; x_wconf 82' lang='grc' dir='ltr'>λεὶμ,</span> <span class='ocrx_word' id='word_1_115' title='bbox 2440 563 2511 616; x_wconf 78' lang='grc' dir='ltr'><strong>ἐν</strong></span> <span class='ocrx_word' id='word_1_116' title='bbox 2543 558 2639 628; x_wconf 82' lang='grc' dir='ltr'><strong>αἷς</strong></span> <span class='ocrx_word' id='word_1_117' title='bbox 2667 562 2924 616; x_wconf 79' lang='grc' dir='ltr'><strong>ἐπέθυεν</strong></span> <span class='ocrx_word' id='word_1_118' title='bbox 2963 563 3190 630; x_wconf 78' lang='grc' dir='ltr'>αὐτοῖς,</span> <span class='ocrx_word' id='word_1_119' title='bbox 3231 565 3332 620; x_wconf 79' lang='grc' dir='ltr'>καὶ</span> <span class='ocrx_word' id='word_1_120' title='bbox 3363 568 3719 634; x_wconf 79' lang='grc' dir='ltr'><strong>περιετίθετο</strong></span> <span class='ocrx_word' id='word_1_121' title='bbox 3746 570 3815 622; x_wconf 82' lang='grc' dir='ltr'><strong>τὰ</strong></span> 
     </span>
    </p>
   </div>
   <div class='ocr_carea' id='block_1_18' title="bbox 2240 652 3814 725">
    <p class='ocr_par' dir='ltr' id='par_1_18' title="bbox 2240 652 3814 725">
     <span class='ocr_line' id='line_1_18' title="bbox 2240 652 3814 725; baseline 0.004 -20"><span class='ocrx_word' id='word_1_122' title='bbox 2240 653 2451 707; x_wconf 79' lang='grc' dir='ltr'>ἐνώτια</span> <span class='ocrx_word' id='word_1_123' title='bbox 2482 653 2692 722; x_wconf 83' lang='grc' dir='ltr'>αὐτῆς.</span> <span class='ocrx_word' id='word_1_124' title='bbox 2723 652 2820 705; x_wconf 83' lang='grc' dir='ltr'>καὶ</span> <span class='ocrx_word' id='word_1_125' title='bbox 2847 653 2920 708; x_wconf 87' lang='grc' dir='ltr'><strong>τὰ</strong></span> <span class='ocrx_word' id='word_1_126' title='bbox 2963 657 3251 724; x_wconf 79' lang='grc' dir='ltr'>καθόρμια</span> <span class='ocrx_word' id='word_1_127' title='bbox 3279 655 3471 725; x_wconf 83' lang='grc' dir='ltr'>αὐτῆς</span> <span class='ocrx_word' id='word_1_128' title='bbox 3491 672 3508 688; x_wconf 84' lang='grc'><strong>·</strong></span> <span class='ocrx_word' id='word_1_129' title='bbox 3555 657 3656 712; x_wconf 77' lang='grc' dir='ltr'>καὶ</span> <span class='ocrx_word' id='word_1_130' title='bbox 3691 659 3814 711; x_wconf 80' lang='grc' dir='ltr'>ἐπο-</span> 
     </span>
    </p>
   </div>
   <div class='ocr_carea' id='block_1_19' title="bbox 2233 744 3807 816">
    <p class='ocr_par' dir='ltr' id='par_1_19' title="bbox 2233 744 3807 816">
     <span class='ocr_line' id='line_1_19' title="bbox 2233 744 3807 816; baseline 0.003 -18"><span class='ocrx_word' id='word_1_131' title='bbox 2233 746 2446 813; x_wconf 84' lang='grc' dir='ltr'>ρεύετο</span> <span class='ocrx_word' id='word_1_132' title='bbox 2478 747 2671 798; x_wconf 78' lang='grc' dir='ltr'>ὀπίσω</span> <span class='ocrx_word' id='word_1_133' title='bbox 2707 744 2828 798; x_wconf 79' lang='grc' dir='ltr'><strong>τῶν</strong></span> <span class='ocrx_word' id='word_1_134' title='bbox 2854 744 3125 813; x_wconf 78' lang='grc' dir='ltr'><strong>ἐραστῶν</strong></span> <span class='ocrx_word' id='word_1_135' title='bbox 3180 745 3392 815; x_wconf 82' lang='grc' dir='ltr'>αὐτῆς,</span> <span class='ocrx_word' id='word_1_136' title='bbox 3421 747 3571 816; x_wconf 82' lang='grc' dir='ltr'><strong>ἐμοῦ</strong></span> <span class='ocrx_word' id='word_1_137' title='bbox 3616 748 3684 802; x_wconf 83' lang='grc' dir='ltr'>δὲ</span> <span class='ocrx_word' id='word_1_138' title='bbox 3715 749 3807 803; x_wconf 63' lang='grc' dir='ltr'><strong>ἐκ·</strong></span> 
     </span>
    </p>
   </div>
   <div class='ocr_carea' id='block_1_20' title="bbox 2240 835 2974 904">
    <p class='ocr_par' dir='ltr' id='par_1_20' title="bbox 2240 835 2974 904">
     <span class='ocr_line' id='line_1_20' title="bbox 2240 835 2974 904; baseline 0 -15"><span class='ocrx_word' id='word_1_139' title='bbox 2240 835 2514 900; x_wconf 79' lang='grc' dir='ltr'>ελάθετο,</span> <span class='ocrx_word' id='word_1_140' title='bbox 2545 835 2707 903; x_wconf 76' lang='grc' dir='ltr'>λέγει</span> <span class='ocrx_word' id='word_1_141' title='bbox 2738 837 2974 904; x_wconf 81' lang='grc' dir='ltr'>Κύριος.</span> 
     </span>
    </p>
   </div>
   <div class='ocr_carea' id='block_1_21' title="bbox 2310 925 3810 999">
    <p class='ocr_par' dir='ltr' id='par_1_21' title="bbox 2310 925 3810 999">
     <span class='ocr_line' id='line_1_21' title="bbox 2310 925 3810 999; baseline 0.008 -21"><span class='ocrx_word' id='word_1_142' title='bbox 2310 928 2440 980; x_wconf 80' lang='lat' dir='ltr'><strong>KA&#39;.</strong></span> <span class='ocrx_word' id='word_1_143' title='bbox 2530 925 2809 998; x_wconf 69' lang='grc' dir='ltr'>Ἐπιφέρει</span> <span class='ocrx_word' id='word_1_144' title='bbox 2860 927 3022 980; x_wconf 84' lang='grc' dir='ltr'>πάλιν</span> <span class='ocrx_word' id='word_1_145' title='bbox 3068 927 3230 991; x_wconf 78' lang='grc' dir='ltr'>εὐθὺς</span> <span class='ocrx_word' id='word_1_146' title='bbox 3272 928 3372 999; x_wconf 87' lang='grc' dir='ltr'><strong>τῆς</strong></span> <span class='ocrx_word' id='word_1_147' title='bbox 3431 927 3578 982; x_wconf 73' lang='grc' dir='ltr'>οὕτω</span> <span class='ocrx_word' id='word_1_148' title='bbox 3614 928 3810 998; x_wconf 83' lang='grc' dir='ltr'>δεινῆς.</span> 
     </span>
    </p>
   </div>
   <div class='ocr_carea' id='block_1_22' title="bbox 2243 1017 3812 1091">
    <p class='ocr_par' dir='ltr' id='par_1_22' title="bbox 2243 1017 3812 1091">
     <span class='ocr_line' id='line_1_22' title="bbox 2243 1017 3812 1091; baseline 0.002 -20"><span class='ocrx_word' id='word_1_149' title='bbox 2243 1017 2443 1087; x_wconf 78' lang='grc' dir='ltr'>μᾶλλον</span> <span class='ocrx_word' id='word_1_150' title='bbox 2478 1018 2536 1070; x_wconf 79' lang='grc' dir='ltr'>δὲ</span> <span class='ocrx_word' id='word_1_151' title='bbox 2570 1019 2666 1072; x_wconf 75' lang='grc' dir='ltr'><strong>καὶ</strong></span> <span class='ocrx_word' id='word_1_152' title='bbox 2719 1018 2839 1072; x_wconf 90' lang='grc' dir='ltr'>λίαν</span> <span class='ocrx_word' id='word_1_153' title='bbox 2888 1019 3347 1091; x_wconf 79' lang='grc' dir='ltr'><strong>πρεπωδεστάτης</strong></span> <span class='ocrx_word' id='word_1_154' title='bbox 3400 1019 3584 1083; x_wconf 82' lang='grc' dir='ltr'>αὐτοῖς</span> <span class='ocrx_word' id='word_1_155' title='bbox 3620 1021 3812 1088; x_wconf 83' lang='grc' dir='ltr'>ἀγανα-</span> 
     </span>
    </p>
   </div>
   <div class='ocr_carea' id='block_1_23' title="bbox 2238 1111 3813 1183">
    <p class='ocr_par' dir='ltr' id='par_1_23' title="bbox 2238 1111 3813 1183">
     <span class='ocr_line' id='line_1_23' title="bbox 2238 1111 3813 1183; baseline 0.002 -21"><span class='ocrx_word' id='word_1_156' title='bbox 2238 1111 2485 1182; x_wconf 79' lang='grc' dir='ltr'><strong>κτήσεως</strong></span> <span class='ocrx_word' id='word_1_157' title='bbox 2531 1111 2630 1183; x_wconf 74' lang='grc' dir='ltr'><strong>τῆν</strong></span> <span class='ocrx_word' id='word_1_158' title='bbox 2675 1111 2872 1164; x_wconf 71' lang='grc' dir='ltr'>αἰτίαν.</span> <span class='ocrx_word' id='word_1_159' title='bbox 2923 1111 3142 1182; x_wconf 81' lang='grc' dir='ltr'><strong>Ἐπειδὴ</strong></span> <span class='ocrx_word' id='word_1_160' title='bbox 3193 1112 3302 1181; x_wconf 75' lang='grc' dir='ltr'><strong>γὰρ</strong></span> <span class='ocrx_word' id='word_1_161' title='bbox 3349 1114 3595 1183; x_wconf 81' lang='grc' dir='ltr'>μακροὺς</span> <span class='ocrx_word' id='word_1_162' title='bbox 3645 1114 3703 1165; x_wconf 84' lang='grc' dir='ltr'>ὲν</span> <span class='ocrx_word' id='word_1_163' title='bbox 3741 1113 3813 1183; x_wconf 83' lang='grc' dir='ltr'>τῷ</span> 
     </span>
    </p>
   </div>
   <div class='ocr_carea' id='block_1_24' title="bbox 2238 1198 3812 1270">
    <p class='ocr_par' dir='ltr' id='par_1_24' title="bbox 2238 1198 3812 1270">
     <span class='ocr_line' id='line_1_24' title="bbox 2238 1198 3812 1270; baseline 0.001 -19"><span class='ocrx_word' id='word_1_164' title='bbox 2238 1198 2614 1269; x_wconf 80' lang='grc' dir='ltr'><strong>πεπλανῆσθαι</strong></span> <span class='ocrx_word' id='word_1_165' title='bbox 2640 1198 3044 1253; x_wconf 81' lang='grc' dir='ltr'>διατετελέκασι</span> <span class='ocrx_word' id='word_1_166' title='bbox 3073 1200 3318 1270; x_wconf 88' lang='grc' dir='ltr'>χρόνους,</span> <span class='ocrx_word' id='word_1_167' title='bbox 3351 1201 3410 1252; x_wconf 83' lang='grc' dir='ltr'>ὲν</span> <span class='ocrx_word' id='word_1_168' title='bbox 3445 1200 3585 1263; x_wconf 74' lang='grc' dir='ltr'>ἴσαις</span> <span class='ocrx_word' id='word_1_169' title='bbox 3611 1199 3812 1270; x_wconf 80' lang='grc' dir='ltr'>καιρῶν</span> 
     </span>
    </p>
   </div>
   <div class='ocr_carea' id='block_1_25' title="bbox 2237 1287 3811 1363">
    <p class='ocr_par' dir='ltr' id='par_1_25' title="bbox 2237 1287 3811 1363">
     <span class='ocr_line' id='line_1_25' title="bbox 2237 1287 3811 1363; baseline 0 -21"><span class='ocrx_word' id='word_1_170' title='bbox 2237 1291 2606 1360; x_wconf 85' lang='grc' dir='ltr'>παρατάσεσι,</span> <span class='ocrx_word' id='word_1_171' title='bbox 2636 1293 2821 1362; x_wconf 75' lang='grc' dir='ltr'>φησὶν,</span> <span class='ocrx_word' id='word_1_172' title='bbox 2852 1291 3035 1358; x_wconf 73' lang='grc' dir='ltr'>ἕξουσι</span> <span class='ocrx_word' id='word_1_173' title='bbox 3070 1293 3169 1362; x_wconf 81' lang='grc' dir='ltr'><strong>τὴν</strong></span> <span class='ocrx_word' id='word_1_174' title='bbox 3198 1293 3388 1363; x_wconf 84' lang='grc' dir='ltr'><strong>ὀργήν.</strong></span> <span class='ocrx_word' id='word_1_175' title='bbox 3418 1291 3611 1355; x_wconf 86' lang='grc' dir='ltr'>Τοῦτο,</span> <span class='ocrx_word' id='word_1_176' title='bbox 3639 1287 3811 1362; x_wconf 72' lang='grc' dir='ltr'>οἶμαι,</span> 
     </span>
    </p>
   </div>
   <div class='ocr_carea' id='block_1_26' title="bbox 2236 1381 3812 1454">
    <p class='ocr_par' dir='ltr' id='par_1_26' title="bbox 2236 1381 3812 1454">
     <span class='ocr_line' id='line_1_26' title="bbox 2236 1381 3812 1454; baseline 0.003 -22"><span class='ocrx_word' id='word_1_177' title='bbox 2236 1381 2356 1433; x_wconf 78' lang='grc' dir='ltr'>ἐστὶ</span> <span class='ocrx_word' id='word_1_178' title='bbox 2404 1381 2484 1446; x_wconf 83' lang='grc' dir='ltr'><strong>τὸ,</strong></span> <span class='ocrx_word' id='word_1_179' title='bbox 2541 1399 2561 1432; x_wconf 82' lang='grc' dir='ltr'><strong>ι</strong></span> <span class='ocrx_word' id='word_1_180' title='bbox 2610 1381 2910 1454; x_wconf 77' lang='grc' dir='ltr'>Ἐκδικήσω</span> <span class='ocrx_word' id='word_1_181' title='bbox 2955 1383 3043 1435; x_wconf 79' lang='grc' dir='ltr'><strong>ἐπ’</strong></span> <span class='ocrx_word' id='word_1_182' title='bbox 3085 1383 3254 1454; x_wconf 86' lang='grc' dir='ltr'>αὐτὴν</span> <span class='ocrx_word' id='word_1_183' title='bbox 3300 1385 3400 1446; x_wconf 77' lang='grc' dir='ltr'>τὰς</span> <span class='ocrx_word' id='word_1_184' title='bbox 3451 1383 3662 1453; x_wconf 79' lang='grc' dir='ltr'>ἡμέρας</span> <span class='ocrx_word' id='word_1_185' title='bbox 3707 1384 3812 1437; x_wconf 84' lang='grc' dir='ltr'>τῶν</span> 
     </span>
    </p>
   </div>
   <div class='ocr_carea' id='block_1_27' title="bbox 2235 1470 3811 1544">
    <p class='ocr_par' dir='ltr' id='par_1_27' title="bbox 2235 1470 3811 1544">
     <span class='ocr_line' id='line_1_27' title="bbox 2235 1470 3811 1544; baseline 0.004 -23"><span class='ocrx_word' id='word_1_186' title='bbox 2235 1470 2502 1541; x_wconf 73' lang='grc' dir='ltr'>Βααλεὶμ,</span> <span class='ocrx_word' id='word_1_187' title='bbox 2544 1489 2563 1524; x_wconf 75' lang='grc' dir='ltr'><strong>ι</strong></span> <span class='ocrx_word' id='word_1_188' title='bbox 2605 1473 2852 1526; x_wconf 85' lang='grc' dir='ltr'><strong>τουτέστι</strong></span> <span class='ocrx_word' id='word_1_189' title='bbox 2878 1473 2985 1526; x_wconf 85' lang='grc' dir='ltr'><strong>τῶν</strong></span> <span class='ocrx_word' id='word_1_190' title='bbox 3015 1473 3269 1528; x_wconf 85' lang='grc' dir='ltr'>εἰδώλων.</span> <span class='ocrx_word' id='word_1_191' title='bbox 3317 1475 3675 1544; x_wconf 80' lang='grc' dir='ltr'>Ἰσομοιρήσει</span> <span class='ocrx_word' id='word_1_192' title='bbox 3704 1475 3811 1544; x_wconf 76' lang='grc' dir='ltr'><strong>γὰρ</strong></span> 
     </span>
    </p>
   </div>
   <div class='ocr_carea' id='block_1_28' title="bbox 2237 1562 3811 1637">
    <p class='ocr_par' dir='ltr' id='par_1_28' title="bbox 2237 1562 3811 1637">
     <span class='ocr_line' id='line_1_28' title="bbox 2237 1562 3811 1637; baseline 0.003 -24"><span class='ocrx_word' id='word_1_193' title='bbox 2237 1563 2474 1627; x_wconf 85' lang='grc' dir='ltr'>πάντως,</span> <span class='ocrx_word' id='word_1_194' title='bbox 2511 1564 2666 1634; x_wconf 74' lang='grc' dir='ltr'>φησὶ,</span> <span class='ocrx_word' id='word_1_195' title='bbox 2709 1567 2828 1628; x_wconf 89' lang='grc' dir='ltr'>ταῖς</span> <span class='ocrx_word' id='word_1_196' title='bbox 2858 1566 2956 1635; x_wconf 86' lang='grc' dir='ltr'><strong>τῆς</strong></span> <span class='ocrx_word' id='word_1_197' title='bbox 2990 1566 3310 1637; x_wconf 83' lang='grc' dir='ltr'>πλανήσεως</span> <span class='ocrx_word' id='word_1_198' title='bbox 3349 1567 3602 1637; x_wconf 79' lang='grc' dir='ltr'>ἡμέραις,</span> <span class='ocrx_word' id='word_1_199' title='bbox 3636 1567 3692 1619; x_wconf 85' lang='grc' dir='ltr'>ὲν</span> <span class='ocrx_word' id='word_1_200' title='bbox 3725 1562 3811 1629; x_wconf 77' lang='grc' dir='ltr'><strong>αἷς</strong></span> 
     </span>
    </p>
   </div>
   <div class='ocr_carea' id='block_1_29' title="bbox 2234 1652 3809 1732">
    <p class='ocr_par' dir='ltr' id='par_1_29' title="bbox 2234 1652 3809 1732">
     <span class='ocr_line' id='line_1_29' title="bbox 2234 1652 3809 1732; baseline 0.006 -27"><span class='ocrx_word' id='word_1_201' title='bbox 2234 1652 2432 1723; x_wconf 85' lang='grc' dir='ltr'>ἐθυμία</span> <span class='ocrx_word' id='word_1_202' title='bbox 2458 1658 2522 1725; x_wconf 78' lang='grc' dir='ltr'>τῇ</span> <span class='ocrx_word' id='word_1_203' title='bbox 2555 1654 2723 1718; x_wconf 87' lang='grc' dir='ltr'>Βάαλ,</span> <span class='ocrx_word' id='word_1_204' title='bbox 2754 1655 2822 1708; x_wconf 80' lang='grc' dir='ltr'>τὰ</span> <span class='ocrx_word' id='word_1_205' title='bbox 2853 1657 2916 1709; x_wconf 83' lang='grc' dir='ltr'>ἐκ</span> <span class='ocrx_word' id='word_1_206' title='bbox 2945 1657 3136 1728; x_wconf 80' lang='grc' dir='ltr'><strong>ποινῆς</strong></span> <span class='ocrx_word' id='word_1_207' title='bbox 3165 1674 3222 1710; x_wconf 90' lang='grc' dir='ltr'><strong>τε</strong></span> <span class='ocrx_word' id='word_1_208' title='bbox 3253 1658 3347 1712; x_wconf 75' lang='grc' dir='ltr'><strong>καὶ</strong></span> <span class='ocrx_word' id='word_1_209' title='bbox 3395 1659 3571 1730; x_wconf 80' lang='grc' dir='ltr'><strong>δίκης.</strong></span> <span class='ocrx_word' id='word_1_210' title='bbox 3602 1661 3679 1713; x_wconf 84' lang='grc' dir='ltr'><strong>Οὐ</strong></span> <span class='ocrx_word' id='word_1_211' title='bbox 3702 1660 3809 1732; x_wconf 84' lang='grc' dir='ltr'><strong>γὰρ</strong></span> 
     </span>
    </p>
   </div>
   <div class='ocr_carea' id='block_1_30' title="bbox 2232 1743 3809 1822">
    <p class='ocr_par' dir='ltr' id='par_1_30' title="bbox 2232 1743 3809 1822">
     <span class='ocr_line' id='line_1_30' title="bbox 2232 1743 3809 1822; baseline 0.007 -27"><span class='ocrx_word' id='word_1_212' title='bbox 2232 1743 2565 1797; x_wconf 82' lang='grc' dir='ltr'><strong>διαλέλοιπεν</strong></span> <span class='ocrx_word' id='word_1_213' title='bbox 2607 1744 2976 1816; x_wconf 74' lang='grc' dir='ltr'>ὠραϊζομένη,</span> <span class='ocrx_word' id='word_1_214' title='bbox 3025 1748 3266 1812; x_wconf 78' lang='grc' dir='ltr'>καὶτοῖς</span> <span class='ocrx_word' id='word_1_215' title='bbox 3310 1749 3511 1819; x_wconf 81' lang='grc' dir='ltr'>ἑαυτῆς</span> <span class='ocrx_word' id='word_1_216' title='bbox 3557 1752 3809 1822; x_wconf 79' lang='grc' dir='ltr'><strong>ἐρασταῖς</strong></span> 
     </span>
    </p>
   </div>
   <div class='ocr_carea' id='block_1_31' title="bbox 554 1835 2121 1912">
    <p class='ocr_par' dir='ltr' id='par_1_31' title="bbox 554 1841 2121 1912">
     <span class='ocr_line' id='line_1_31' title="bbox 554 1841 2121 1912; baseline -0.004 -12"><span class='ocrx_word' id='word_1_217' title='bbox 554 1845 868 1900; x_wconf 75' lang='lat' dir='ltr'><strong>idololatria:</strong></span> <span class='ocrx_word' id='word_1_218' title='bbox 899 1842 1283 1910; x_wconf 87' lang='lat' dir='ltr'><strong>itnplicitarum</strong></span> <span class='ocrx_word' id='word_1_219' title='bbox 1312 1850 1396 1896; x_wconf 87' lang='lat' dir='ltr'><strong>est</strong></span> <span class='ocrx_word' id='word_1_220' title='bbox 1443 1841 1532 1896; x_wconf 89' lang='lat' dir='ltr'><strong>illa</strong></span> <span class='ocrx_word' id='word_1_221' title='bbox 1574 1843 1822 1912; x_wconf 87' lang='lat' dir='ltr'><strong>persequi</strong></span> <span class='ocrx_word' id='word_1_222' title='bbox 1883 1851 1939 1896; x_wconf 91' lang='lat' dir='ltr'><strong>et</strong></span> <span class='ocrx_word' id='word_1_223' title='bbox 1973 1841 2121 1896; x_wconf 83' lang='lat' dir='ltr'><strong>facti-</strong></span> 
     </span>
    </p>
   </div>
   <div class='ocr_carea' id='block_1_32' title="bbox 2224 1835 3807 1912">
    <p class='ocr_par' dir='ltr' id='par_1_32' title="bbox 2231 1835 3807 1912">
     <span class='ocr_line' id='line_1_32' title="bbox 2231 1835 3807 1912; baseline 0.005 -23"><span class='ocrx_word' id='word_1_224' title='bbox 2231 1835 2535 1889; x_wconf 81' lang='grc' dir='ltr'>ἀνδὰνουσα</span> <span class='ocrx_word' id='word_1_225' title='bbox 2571 1837 2944 1908; x_wconf 85' lang='grc' dir='ltr'><strong>πολυτρόπως.</strong></span> <span class='ocrx_word' id='word_1_226' title='bbox 2980 1838 3200 1910; x_wconf 84' lang='grc' dir='ltr'>Κόσμος</span> <span class='ocrx_word' id='word_1_227' title='bbox 3226 1839 3282 1893; x_wconf 85' lang='grc' dir='ltr'>δὲ</span> <span class='ocrx_word' id='word_1_228' title='bbox 3308 1842 3506 1912; x_wconf 77' lang='grc' dir='ltr'>ψυχαῖς</span> <span class='ocrx_word' id='word_1_229' title='bbox 3529 1843 3807 1898; x_wconf 75' lang='grc' dir='ltr'>εἰδωλολαο</span> 
     </span>
    </p>
   </div>
   <div class='ocr_carea' id='block_1_33' title="bbox 555 1931 2122 2003">
    <p class='ocr_par' dir='ltr' id='par_1_33' title="bbox 555 1931 2122 2003">
     <span class='ocr_line' id='line_1_33' title="bbox 555 1931 2122 2003; baseline -0.003 -12"><span class='ocrx_word' id='word_1_230' title='bbox 555 1947 674 1992; x_wconf 87' lang='lat' dir='ltr'><strong>tare</strong></span> <span class='ocrx_word' id='word_1_231' title='bbox 711 1949 829 2003; x_wconf 75' lang='lat' dir='ltr'><strong>qua:</strong></span> <span class='ocrx_word' id='word_1_232' title='bbox 870 1933 1095 2002; x_wconf 89' lang='lat' dir='ltr'><strong>impuris</strong></span> <span class='ocrx_word' id='word_1_233' title='bbox 1124 1931 1459 1987; x_wconf 74' lang='lat' dir='ltr'><strong>daemonibus</strong></span> <span class='ocrx_word' id='word_1_234' title='bbox 1492 1933 1750 1986; x_wconf 83' lang='lat' dir='ltr'><strong>arrident.</strong></span> <span class='ocrx_word' id='word_1_235' title='bbox 1800 1932 1954 1987; x_wconf 91' lang='lat' dir='ltr'><strong>Sicut</strong></span> <span class='ocrx_word' id='word_1_236' title='bbox 1980 1934 2122 1987; x_wconf 90' lang='lat' dir='ltr'><strong>enim</strong></span> 
     </span>
    </p>
   </div>
   <div class='ocr_carea' id='block_1_34' title="bbox 549 2023 2120 2093">
    <p class='ocr_par' dir='ltr' id='par_1_34' title="bbox 549 2023 2120 2093">
     <span class='ocr_line' id='line_1_34' title="bbox 549 2023 2120 2093; baseline -0.004 -10"><span class='ocrx_word' id='word_1_237' title='bbox 549 2025 892 2093; x_wconf 80' lang='lat' dir='ltr'><strong>conspicuam</strong></span> <span class='ocrx_word' id='word_1_238' title='bbox 938 2038 1057 2077; x_wconf 89' lang='lat' dir='ltr'><strong>esse</strong></span> <span class='ocrx_word' id='word_1_239' title='bbox 1088 2023 1321 2078; x_wconf 86' lang='lat' dir='ltr'><strong>dicimus</strong></span> <span class='ocrx_word' id='word_1_240' title='bbox 1362 2023 1596 2076; x_wconf 83' lang='lat' dir='ltr'><strong>hominis</strong></span> <span class='ocrx_word' id='word_1_241' title='bbox 1653 2025 1909 2087; x_wconf 85' lang='lat' dir='ltr'><strong>animam,</strong></span> <span class='ocrx_word' id='word_1_242' title='bbox 1938 2026 1990 2078; x_wconf 92' lang='lat' dir='ltr'><strong>in</strong></span> <span class='ocrx_word' id='word_1_243' title='bbox 2016 2040 2120 2092; x_wconf 88' lang='lat' dir='ltr'><strong>qua</strong></span> 
     </span>
    </p>
   </div>
   <div class='ocr_carea' id='block_1_35' title="bbox 547 2112 2124 2182">
    <p class='ocr_par' dir='ltr' id='par_1_35' title="bbox 547 2112 2124 2182">
     <span class='ocr_line' id='line_1_35' title="bbox 547 2112 2124 2182; baseline 0.001 -15"><span class='ocrx_word' id='word_1_244' title='bbox 547 2116 765 2171; x_wconf 83' lang='lat' dir='ltr'><strong>virtutis</strong></span> <span class='ocrx_word' id='word_1_245' title='bbox 806 2115 1148 2181; x_wconf 80' lang='lat' dir='ltr'><strong>excellentia,</strong></span> <span class='ocrx_word' id='word_1_246' title='bbox 1175 2123 1228 2168; x_wconf 89' lang='lat' dir='ltr'><strong>et</strong></span> <span class='ocrx_word' id='word_1_247' title='bbox 1285 2112 1626 2182; x_wconf 86' lang='lat' dir='ltr'><strong>pulchritudo</strong></span> <span class='ocrx_word' id='word_1_248' title='bbox 1665 2114 2019 2181; x_wconf 84' lang='lat' dir='ltr'><strong>perspicitur:</strong></span> <span class='ocrx_word' id='word_1_249' title='bbox 2044 2115 2124 2169; x_wconf 91' lang='lat' dir='ltr'><strong>sic</strong></span> 
     </span>
    </p>
   </div>
   <div class='ocr_carea' id='block_1_36' title="bbox 549 2206 2123 2278">
    <p class='ocr_par' dir='ltr' id='par_1_36' title="bbox 549 2206 2123 2278">
     <span class='ocr_line' id='line_1_36' title="bbox 549 2206 2123 2278; baseline -0.003 -17"><span class='ocrx_word' id='word_1_250' title='bbox 549 2210 790 2263; x_wconf 72' lang='lat' dir='ltr'><strong>animam</strong></span> <span class='ocrx_word' id='word_1_251' title='bbox 841 2209 1080 2278; x_wconf 81' lang='lat' dir='ltr'><strong>peceatis</strong></span> <span class='ocrx_word' id='word_1_252' title='bbox 1121 2207 1371 2274; x_wconf 85' lang='lat' dir='ltr'><strong>amicam,</strong></span> <span class='ocrx_word' id='word_1_253' title='bbox 1402 2206 1838 2276; x_wconf 80' lang='lat' dir='ltr'><strong>cogitantemque</strong></span> <span class='ocrx_word' id='word_1_254' title='bbox 1866 2214 1922 2260; x_wconf 86' lang='lat' dir='ltr'><strong>et</strong></span> <span class='ocrx_word' id='word_1_255' title='bbox 1960 2221 2123 2276; x_wconf 84' lang='lat' dir='ltr'><strong>agen-</strong></span> 
     </span>
    </p>
   </div>
   <div class='ocr_carea' id='block_1_37' title="bbox 548 2296 2120 2367">
    <p class='ocr_par' dir='ltr' id='par_1_37' title="bbox 548 2296 2120 2367">
     <span class='ocr_line' id='line_1_37' title="bbox 548 2296 2120 2367; baseline -0.001 -14"><span class='ocrx_word' id='word_1_256' title='bbox 548 2307 654 2354; x_wconf 84' lang='lat' dir='ltr'><strong>tem</strong></span> <span class='ocrx_word' id='word_1_257' title='bbox 681 2313 746 2352; x_wconf 82' lang='lat' dir='ltr'><strong>ex</strong></span> <span class='ocrx_word' id='word_1_258' title='bbox 806 2298 1208 2367; x_wconf 63' lang='lat' dir='ltr'><strong>institutoque:</strong></span> <span class='ocrx_word' id='word_1_259' title='bbox 1254 2297 1558 2351; x_wconf 75' lang='lat' dir='ltr'><strong>dzemonum</strong></span> <span class='ocrx_word' id='word_1_260' title='bbox 1604 2296 1854 2366; x_wconf 73' lang='lat' dir='ltr'><strong>gregibus</strong></span> <span class='ocrx_word' id='word_1_261' title='bbox 1886 2297 2120 2366; x_wconf 88' lang='lat' dir='ltr'><strong>jucunda</strong></span> 
     </span>
    </p>
   </div>
   <div class='ocr_carea' id='block_1_38' title="bbox 545 2387 2121 2459">
    <p class='ocr_par' dir='ltr' id='par_1_38' title="bbox 545 2387 2121 2459">
     <span class='ocr_line' id='line_1_38' title="bbox 545 2387 2121 2459; baseline -0.003 -15"><span class='ocrx_word' id='word_1_262' title='bbox 545 2401 602 2444; x_wconf 87' lang='lat' dir='ltr'><strong>et</strong></span> <span class='ocrx_word' id='word_1_263' title='bbox 631 2397 854 2459; x_wconf 86' lang='lat' dir='ltr'><strong>accepta</strong></span> <span class='ocrx_word' id='word_1_264' title='bbox 896 2387 1240 2459; x_wconf 70' lang='lat' dir='ltr'><strong>sunt,~longe</strong></span> <span class='ocrx_word' id='word_1_265' title='bbox 1274 2387 1689 2456; x_wconf 81' lang='lat' dir='ltr'><strong>pulcherrimam</strong></span> <span class='ocrx_word' id='word_1_266' title='bbox 1725 2387 1824 2440; x_wconf 80' lang='lat' dir='ltr'><strong>illis</strong></span> <span class='ocrx_word' id='word_1_267' title='bbox 1864 2403 1987 2443; x_wconf 91' lang='lat' dir='ltr'><strong>esse</strong></span> <span class='ocrx_word' id='word_1_268' title='bbox 2008 2395 2121 2442; x_wconf 71' lang='lat' dir='ltr'><strong>sta-</strong></span> 
     </span>
    </p>
   </div>
   <div class='ocr_carea' id='block_1_39' title="bbox 546 2479 2121 2546">
    <p class='ocr_par' dir='ltr' id='par_1_39' title="bbox 546 2479 2121 2546">
     <span class='ocr_line' id='line_1_39' title="bbox 546 2479 2121 2546; baseline -0.002 -11"><span class='ocrx_word' id='word_1_269' title='bbox 546 2482 802 2535; x_wconf 89' lang='lat' dir='ltr'><strong>tueudum</strong></span> <span class='ocrx_word' id='word_1_270' title='bbox 849 2491 952 2534; x_wconf 92' lang='lat' dir='ltr'><strong>est.</strong></span> <span class='ocrx_word' id='word_1_271' title='bbox 988 2479 1134 2534; x_wconf 79' lang='lat' dir='ltr'><strong>Talis</strong></span> <span class='ocrx_word' id='word_1_272' title='bbox 1174 2481 1350 2532; x_wconf 88' lang='lat' dir='ltr'><strong>anima</strong></span> <span class='ocrx_word' id='word_1_273' title='bbox 1390 2493 1510 2532; x_wconf 89' lang='lat' dir='ltr'><strong>cum</strong></span> <span class='ocrx_word' id='word_1_274' title='bbox 1568 2479 1802 2532; x_wconf 34' lang='lat' dir='ltr'><strong>‘lllllliet‘e</strong></span> <span class='ocrx_word' id='word_1_275' title='bbox 1855 2481 2121 2546; x_wconf 83' lang='lat' dir='ltr'><strong>improba,</strong></span> 
     </span>
    </p>
   </div>
   <div class='ocr_carea' id='block_1_40' title="bbox 547 2569 2121 2637">
    <p class='ocr_par' dir='ltr' id='par_1_40' title="bbox 547 2569 2121 2637">
     <span class='ocr_line' id='line_1_40' title="bbox 547 2569 2121 2637; baseline -0.001 -13"><span class='ocrx_word' id='word_1_276' title='bbox 547 2586 679 2625; x_wconf 89' lang='lat' dir='ltr'><strong>auro</strong></span> <span class='ocrx_word' id='word_1_277' title='bbox 709 2586 768 2625; x_wconf 88' lang='lat' dir='ltr'><strong>se</strong></span> <span class='ocrx_word' id='word_1_278' title='bbox 807 2570 970 2626; x_wconf 86' lang='lat' dir='ltr'><strong>stulte</strong></span> <span class='ocrx_word' id='word_1_279' title='bbox 1006 2577 1333 2634; x_wconf 24' lang='lat' dir='ltr'><strong>rexornante,</strong></span> <span class='ocrx_word' id='word_1_280' title='bbox 1357 2570 1796 2637; x_wconf 86' lang='lat' dir='ltr'><strong>ornamentisque</strong></span> <span class='ocrx_word' id='word_1_281' title='bbox 1830 2569 2039 2621; x_wconf 88' lang='lat' dir='ltr'><strong>aurium</strong></span> <span class='ocrx_word' id='word_1_282' title='bbox 2067 2581 2121 2623; x_wconf 90' lang='lat' dir='ltr'><strong>et</strong></span> 
     </span>
    </p>
   </div>
   <div class='ocr_carea' id='block_1_41' title="bbox 544 2661 2121 2729">
    <p class='ocr_par' dir='ltr' id='par_1_41' title="bbox 544 2661 2121 2729">
     <span class='ocr_line' id='line_1_41' title="bbox 544 2661 2121 2729; baseline -0.003 -11"><span class='ocrx_word' id='word_1_283' title='bbox 544 2662 666 2718; x_wconf 90' lang='lat' dir='ltr'><strong>colli</strong></span> <span class='ocrx_word' id='word_1_284' title='bbox 718 2673 1020 2716; x_wconf 85' lang='lat' dir='ltr'><strong>amatorum</strong></span> <span class='ocrx_word' id='word_1_285' title='bbox 1070 2678 1286 2717; x_wconf 90' lang='lat' dir='ltr'><strong>suorum</strong></span> <span class='ocrx_word' id='word_1_286' title='bbox 1315 2661 1476 2714; x_wconf 87' lang='lat' dir='ltr'><strong>corda</strong></span> <span class='ocrx_word' id='word_1_287' title='bbox 1523 2661 1910 2729; x_wconf 87' lang='lat' dir='ltr'><strong>propemodum</strong></span> <span class='ocrx_word' id='word_1_288' title='bbox 1941 2661 2121 2714; x_wconf 87' lang='lat' dir='ltr'><strong>incan-</strong></span> 
     </span>
    </p>
   </div>
   <div class='ocr_carea' id='block_1_42' title="bbox 546 2750 2118 2822">
    <p class='ocr_par' dir='ltr' id='par_1_42' title="bbox 546 2750 2118 2822">
     <span class='ocr_line' id='line_1_42' title="bbox 546 2750 2118 2822; baseline -0.003 -14"><span class='ocrx_word' id='word_1_289' title='bbox 546 2763 694 2808; x_wconf 88' lang='lat' dir='ltr'><strong>tante</strong></span> <span class='ocrx_word' id='word_1_290' title='bbox 719 2751 953 2806; x_wconf 80' lang='lat' dir='ltr'><strong>conferri</strong></span> <span class='ocrx_word' id='word_1_291' title='bbox 991 2760 1187 2822; x_wconf 86' lang='lat' dir='ltr'><strong>potest.</strong></span> <span class='ocrx_word' id='word_1_292' title='bbox 1218 2750 1518 2817; x_wconf 83' lang='lat' dir='ltr'><strong>Quamdam</strong></span> <span class='ocrx_word' id='word_1_293' title='bbox 1568 2751 1736 2818; x_wconf 87' lang='lat' dir='ltr'><strong>igitur</strong></span> <span class='ocrx_word' id='word_1_294' title='bbox 1801 2752 2118 2819; x_wconf 78' lang='lat' dir='ltr'><strong>dignitatem</strong></span> 
     </span>
    </p>
   </div>
   <div class='ocr_carea' id='block_1_43' title="bbox 543 2841 2114 2916">
    <p class='ocr_par' dir='ltr' id='par_1_43' title="bbox 543 2841 2114 2916">
     <span class='ocr_line' id='line_1_43' title="bbox 543 2841 2114 2916; baseline -0.003 -17"><span class='ocrx_word' id='word_1_295' title='bbox 543 2847 687 2916; x_wconf 80' lang='lat' dir='ltr'><strong>parit</strong></span> <span class='ocrx_word' id='word_1_296' title='bbox 744 2844 1002 2914; x_wconf 88' lang='lat' dir='ltr'><strong>improbis</strong></span> <span class='ocrx_word' id='word_1_297' title='bbox 1041 2859 1202 2898; x_wconf 89' lang='lat' dir='ltr'><strong>omne</strong></span> <span class='ocrx_word' id='word_1_298' title='bbox 1243 2857 1412 2913; x_wconf 87' lang='lat' dir='ltr'><strong>genus</strong></span> <span class='ocrx_word' id='word_1_299' title='bbox 1453 2842 1831 2896; x_wconf 78' lang='lat' dir='ltr'><strong>immunditize.</strong></span> <span class='ocrx_word' id='word_1_300' title='bbox 1877 2841 2114 2908; x_wconf 86' lang='lat' dir='ltr'><strong>Quorum</strong></span> 
     </span>
    </p>
   </div>
   <div class='ocr_carea' id='block_1_44' title="bbox 543 2933 2118 3004">
    <p class='ocr_par' dir='ltr' id='par_1_44' title="bbox 543 2933 2118 3004">
     <span class='ocr_line' id='line_1_44' title="bbox 543 2933 2118 3004; baseline -0.003 -14"><span class='ocrx_word' id='word_1_301' title='bbox 543 2945 724 2990; x_wconf 85' lang='lat' dir='ltr'><strong>autem</strong></span> <span class='ocrx_word' id='word_1_302' title='bbox 763 2951 958 3004; x_wconf 79' lang='lat' dir='ltr'><strong>scapus</strong></span> <span class='ocrx_word' id='word_1_303' title='bbox 985 2943 1068 2989; x_wconf 88' lang='lat' dir='ltr'><strong>est</strong></span> <span class='ocrx_word' id='word_1_304' title='bbox 1101 2936 1167 2988; x_wconf 89' lang='lat' dir='ltr'><strong>ad</strong></span> <span class='ocrx_word' id='word_1_305' title='bbox 1199 2935 1284 2987; x_wconf 84' lang='lat' dir='ltr'><strong>illa</strong></span> <span class='ocrx_word' id='word_1_306' title='bbox 1317 2933 1607 3002; x_wconf 85' lang='lat' dir='ltr'><strong>respicere,</strong></span> <span class='ocrx_word' id='word_1_307' title='bbox 1638 2933 1704 2988; x_wconf 88' lang='lat' dir='ltr'><strong>iis</strong></span> <span class='ocrx_word' id='word_1_308' title='bbox 1726 2935 1890 2986; x_wconf 83' lang='lat' dir='ltr'><strong>etiam</strong></span> <span class='ocrx_word' id='word_1_309' title='bbox 1927 2933 2118 2987; x_wconf 84' lang='lat' dir='ltr'><strong>solent-</strong></span> 
     </span>
    </p>
   </div>
   <div class='ocr_carea' id='block_1_45' title="bbox 543 3028 2117 3096">
    <p class='ocr_par' dir='ltr' id='par_1_45' title="bbox 543 3028 2117 3096">
     <span class='ocr_line' id='line_1_45' title="bbox 543 3028 2117 3096; baseline -0.001 -11"><span class='ocrx_word' id='word_1_310' title='bbox 543 3039 704 3085; x_wconf 84' lang='lat' dir='ltr'><strong>ne-et</strong></span> <span class='ocrx_word' id='word_1_311' title='bbox 753 3031 1116 3084; x_wconf 82' lang='lat' dir='ltr'><strong>necessarium</strong></span> <span class='ocrx_word' id='word_1_312' title='bbox 1175 3044 1293 3083; x_wconf 88' lang='lat' dir='ltr'><strong>esse</strong></span> <span class='ocrx_word' id='word_1_313' title='bbox 1331 3028 1500 3096; x_wconf 87' lang='lat' dir='ltr'><strong>ipsius</strong></span> <span class='ocrx_word' id='word_1_314' title='bbox 1535 3042 1748 3096; x_wconf 82' lang='lat' dir='ltr'><strong>quoque</strong></span> <span class='ocrx_word' id='word_1_315' title='bbox 1787 3028 1875 3082; x_wconf 87' lang='lat' dir='ltr'><strong>Dei</strong></span> <span class='ocrx_word' id='word_1_316' title='bbox 1927 3028 2117 3083; x_wconf 77' lang='lat' dir='ltr'><strong>oblivi-</strong></span> 
     </span>
    </p>
   </div>
   <div class='ocr_carea' id='block_1_46' title="bbox 541 3119 2118 3186">
    <p class='ocr_par' dir='ltr' id='par_1_46' title="bbox 541 3119 2118 3186">
     <span class='ocr_line' id='line_1_46' title="bbox 541 3119 2118 3186; baseline -0.003 -10"><span class='ocrx_word' id='word_1_317' title='bbox 541 3122 642 3186; x_wconf 80' lang='lat' dir='ltr'><strong>sci,</strong></span> <span class='ocrx_word' id='word_1_318' title='bbox 669 3121 906 3174; x_wconf 87' lang='lat' dir='ltr'><strong>ostendit</strong></span> <span class='ocrx_word' id='word_1_319' title='bbox 952 3135 1075 3174; x_wconf 87' lang='lat' dir='ltr'><strong>cum</strong></span> <span class='ocrx_word' id='word_1_320' title='bbox 1102 3120 1234 3174; x_wconf 88' lang='lat' dir='ltr'><strong>dicit</strong></span> <span class='ocrx_word' id='word_1_321' title='bbox 1255 3137 1322 3175; x_wconf 79' lang='lat' dir='ltr'><strong>:-t</strong></span> <span class='ocrx_word' id='word_1_322' title='bbox 1358 3120 1457 3172; x_wconf 85' lang='lat' dir='ltr'><strong>Mei</strong></span> <span class='ocrx_word' id='word_1_323' title='bbox 1509 3129 1689 3172; x_wconf 79' lang='lat' dir='ltr'><strong>autem</strong></span> <span class='ocrx_word' id='word_1_324' title='bbox 1720 3119 1884 3172; x_wconf 88' lang='lat' dir='ltr'><strong>oblita</strong></span> <span class='ocrx_word' id='word_1_325' title='bbox 1911 3131 2016 3186; x_wconf 89' lang='lat' dir='ltr'><strong>est,</strong></span> <span class='ocrx_word' id='word_1_326' title='bbox 2041 3121 2118 3172; x_wconf 86' lang='lat' dir='ltr'><strong>di-</strong></span> 
     </span>
    </p>
   </div>
   <div class='ocr_carea' id='block_1_47' title="bbox 2226 1928 3806 2002">
    <p class='ocr_par' dir='ltr' id='par_1_47' title="bbox 2226 1928 3806 2002">
     <span class='ocr_line' id='line_1_47' title="bbox 2226 1928 3806 2002; baseline 0.008 -24"><span class='ocrx_word' id='word_1_327' title='bbox 2226 1929 2375 1998; x_wconf 88' lang='grc' dir='ltr'>τρεῖν</span> <span class='ocrx_word' id='word_1_328' title='bbox 2409 1928 2733 1999; x_wconf 81' lang='grc' dir='ltr'>ᾑρημέναις,</span> <span class='ocrx_word' id='word_1_329' title='bbox 2769 1929 2830 1983; x_wconf 87' lang='grc' dir='ltr'><strong>τὸ</strong></span> <span class='ocrx_word' id='word_1_330' title='bbox 2883 1931 3070 1984; x_wconf 82' lang='grc' dir='ltr'>ἐκεῖνα</span> <span class='ocrx_word' id='word_1_331' title='bbox 3117 1931 3386 2002; x_wconf 84' lang='grc' dir='ltr'><strong>πληροῦν,</strong></span> <span class='ocrx_word' id='word_1_332' title='bbox 3436 1933 3473 1988; x_wconf 70' lang='grc' dir='ltr'>ἃ</span> <span class='ocrx_word' id='word_1_333' title='bbox 3516 1937 3630 1999; x_wconf 86' lang='grc' dir='ltr'>τοῖς</span> <span class='ocrx_word' id='word_1_334' title='bbox 3673 1939 3806 1990; x_wconf 82' lang='grc' dir='ltr'>ἀκα-</span> 
     </span>
    </p>
   </div>
   <div class='ocr_carea' id='block_1_48' title="bbox 2227 2018 3804 2096">
    <p class='ocr_par' dir='ltr' id='par_1_48' title="bbox 2227 2018 3804 2096">
     <span class='ocr_line' id='line_1_48' title="bbox 2227 2018 3804 2096; baseline 0.004 -26"><span class='ocrx_word' id='word_1_335' title='bbox 2227 2018 2448 2090; x_wconf 85' lang='grc' dir='ltr'>θάρτοις</span> <span class='ocrx_word' id='word_1_336' title='bbox 2493 2020 2790 2090; x_wconf 84' lang='grc' dir='ltr'>δαιμονίοις</span> <span class='ocrx_word' id='word_1_337' title='bbox 2834 2021 3002 2078; x_wconf 85' lang='grc' dir='ltr'>δοκεῖ.</span> <span class='ocrx_word' id='word_1_338' title='bbox 3052 2023 3260 2096; x_wconf 86' lang='grc' dir='ltr'>Ὥσπερ</span> <span class='ocrx_word' id='word_1_339' title='bbox 3305 2028 3413 2095; x_wconf 85' lang='grc' dir='ltr'><strong>γὰρ</strong></span> <span class='ocrx_word' id='word_1_340' title='bbox 3468 2027 3804 2081; x_wconf 77' lang='grc' dir='ltr'>ἀπόϐλεπτον</span> 
     </span>
    </p>
   </div>
   <div class='ocr_carea' id='block_1_49' title="bbox 2224 2101 3804 2187">
    <p class='ocr_par' dir='ltr' id='par_1_49' title="bbox 2224 2101 3804 2187">
     <span class='ocr_line' id='line_1_49' title="bbox 2224 2101 3804 2187; baseline 0.009 -31"><span class='ocrx_word' id='word_1_341' title='bbox 2224 2101 2363 2159; x_wconf 84' lang='grc' dir='ltr'>εἷναί</span> <span class='ocrx_word' id='word_1_342' title='bbox 2391 2124 2572 2178; x_wconf 86' lang='grc' dir='ltr'>φαμεν</span> <span class='ocrx_word' id='word_1_343' title='bbox 2600 2107 2888 2180; x_wconf 82' lang='grc' dir='ltr'>ἀνθρώπου</span> <span class='ocrx_word' id='word_1_344' title='bbox 2914 2109 3111 2180; x_wconf 71' lang='grc' dir='ltr'>ψυχὴν,</span> <span class='ocrx_word' id='word_1_345' title='bbox 3137 2106 3280 2184; x_wconf 78' lang='grc' dir='ltr'>ᾗπερ</span> <span class='ocrx_word' id='word_1_346' title='bbox 3313 2113 3378 2166; x_wconf 87' lang='grc' dir='ltr'>ἂν</span> <span class='ocrx_word' id='word_1_347' title='bbox 3405 2114 3579 2185; x_wconf 83' lang='grc' dir='ltr'>ὁρῷτο</span> <span class='ocrx_word' id='word_1_348' title='bbox 3609 2117 3804 2187; x_wconf 82' lang='grc' dir='ltr'>προσὸν</span> 
     </span>
    </p>
   </div>
   <div class='ocr_carea' id='block_1_50' title="bbox 2221 2196 3803 2278">
    <p class='ocr_par' dir='ltr' id='par_1_50' title="bbox 2221 2196 3803 2278">
     <span class='ocr_line' id='line_1_50' title="bbox 2221 2196 3803 2278; baseline 0.007 -28"><span class='ocrx_word' id='word_1_349' title='bbox 2221 2196 2284 2250; x_wconf 82' lang='grc' dir='ltr'>τὸ</span> <span class='ocrx_word' id='word_1_350' title='bbox 2312 2198 2634 2270; x_wconf 81' lang='grc' dir='ltr'>διαπρέπειν</span> <span class='ocrx_word' id='word_1_351' title='bbox 2669 2201 2728 2253; x_wconf 85' lang='grc' dir='ltr'>ὲν</span> <span class='ocrx_word' id='word_1_352' title='bbox 2755 2201 2978 2270; x_wconf 85' lang='grc' dir='ltr'>ἀρεταῖς</span> <span class='ocrx_word' id='word_1_353' title='bbox 2997 2218 3011 2233; x_wconf 91' lang='grc'><strong>·</strong></span> <span class='ocrx_word' id='word_1_354' title='bbox 3039 2201 3182 2256; x_wconf 77' lang='grc' dir='ltr'>οὕτω</span> <span class='ocrx_word' id='word_1_355' title='bbox 3215 2204 3310 2256; x_wconf 80' lang='grc' dir='ltr'>καὶ</span> <span class='ocrx_word' id='word_1_356' title='bbox 3349 2204 3526 2277; x_wconf 76' lang='grc' dir='ltr'>ψυχὴν</span> <span class='ocrx_word' id='word_1_357' title='bbox 3554 2207 3654 2278; x_wconf 83' lang='grc' dir='ltr'><strong>τὴν</strong></span> <span class='ocrx_word' id='word_1_358' title='bbox 3680 2209 3803 2278; x_wconf 83' lang='grc' dir='ltr'>φιλ-</span> 
     </span>
    </p>
   </div>
   <div class='ocr_carea' id='block_1_51' title="bbox 2222 2292 3802 2370">
    <p class='ocr_par' dir='ltr' id='par_1_51' title="bbox 2222 2292 3802 2370">
     <span class='ocr_line' id='line_1_51' title="bbox 2222 2292 3802 2370; baseline 0.006 -27"><span class='ocrx_word' id='word_1_359' title='bbox 2222 2294 2591 2362; x_wconf 83' lang='grc' dir='ltr'>αμαρτήμονα</span> <span class='ocrx_word' id='word_1_360' title='bbox 2619 2295 2738 2356; x_wconf 87' lang='grc' dir='ltr'>ταῖς</span> <span class='ocrx_word' id='word_1_361' title='bbox 2775 2292 2884 2346; x_wconf 85' lang='grc' dir='ltr'>τῶν</span> <span class='ocrx_word' id='word_1_362' title='bbox 2935 2295 3230 2366; x_wconf 83' lang='grc' dir='ltr'>δαιμονίων</span> <span class='ocrx_word' id='word_1_363' title='bbox 3275 2297 3497 2366; x_wconf 75' lang='grc' dir='ltr'><strong>ἀγέλαις</strong></span> <span class='ocrx_word' id='word_1_364' title='bbox 3531 2299 3802 2370; x_wconf 79' lang='grc' dir='ltr'>ὑποτοπη-</span> 
     </span>
    </p>
   </div>
   <div class='ocr_carea' id='block_1_52' title="bbox 2221 2379 3802 2462">
    <p class='ocr_par' dir='ltr' id='par_1_52' title="bbox 2221 2379 3802 2462">
     <span class='ocr_line' id='line_1_52' title="bbox 2221 2379 3802 2462; baseline 0.007 -28"><span class='ocrx_word' id='word_1_365' title='bbox 2221 2382 2341 2435; x_wconf 83' lang='grc' dir='ltr'>τέον</span> <span class='ocrx_word' id='word_1_366' title='bbox 2373 2379 2514 2436; x_wconf 74' lang='grc' dir='ltr'>εἶναι</span> <span class='ocrx_word' id='word_1_367' title='bbox 2540 2384 2867 2456; x_wconf 73' lang='grc' dir='ltr'>περικαλλῆ,</span> <span class='ocrx_word' id='word_1_368' title='bbox 2905 2389 3124 2457; x_wconf 83' lang='grc' dir='ltr'>φρονεῖν</span> <span class='ocrx_word' id='word_1_369' title='bbox 3151 2404 3212 2440; x_wconf 89' lang='grc' dir='ltr'><strong>τε</strong></span> <span class='ocrx_word' id='word_1_370' title='bbox 3261 2389 3354 2442; x_wconf 85' lang='grc' dir='ltr'><strong>καὶ</strong></span> <span class='ocrx_word' id='word_1_371' title='bbox 3382 2388 3514 2460; x_wconf 83' lang='grc' dir='ltr'>δρᾷν</span> <span class='ocrx_word' id='word_1_372' title='bbox 3543 2390 3802 2462; x_wconf 82' lang='grc' dir='ltr'>ἑλομένην</span> 
     </span>
    </p>
   </div>
   <div class='ocr_carea' id='block_1_53' title="bbox 2220 2474 3802 2554">
    <p class='ocr_par' dir='ltr' id='par_1_53' title="bbox 2220 2474 3802 2554">
     <span class='ocr_line' id='line_1_53' title="bbox 2220 2474 3802 2554; baseline 0.007 -28"><span class='ocrx_word' id='word_1_373' title='bbox 2220 2476 2330 2528; x_wconf 80' lang='grc' dir='ltr'><strong>πᾶν</strong></span> <span class='ocrx_word' id='word_1_374' title='bbox 2355 2474 2452 2528; x_wconf 85' lang='grc' dir='ltr'>ὅτί</span> <span class='ocrx_word' id='word_1_375' title='bbox 2483 2477 2631 2529; x_wconf 77' lang='grc' dir='ltr'>ἐστιν</span> <span class='ocrx_word' id='word_1_376' title='bbox 2660 2477 2756 2548; x_wconf 78' lang='grc' dir='ltr'><strong>ἡδύ</strong></span> <span class='ocrx_word' id='word_1_377' title='bbox 2795 2494 2856 2530; x_wconf 88' lang='grc' dir='ltr'><strong>τε</strong></span> <span class='ocrx_word' id='word_1_378' title='bbox 2884 2479 3067 2542; x_wconf 83' lang='grc' dir='ltr'>αὐτοῖς</span> <span class='ocrx_word' id='word_1_379' title='bbox 3085 2479 3184 2533; x_wconf 76' lang='grc' dir='ltr'>καὶ</span> <span class='ocrx_word' id='word_1_380' title='bbox 3212 2482 3386 2550; x_wconf 83' lang='grc' dir='ltr'>φίλον.</span> <span class='ocrx_word' id='word_1_381' title='bbox 3409 2484 3802 2554; x_wconf 74' lang='grc' dir='ltr'>Παρεικάζοιτο</span> 
     </span>
    </p>
   </div>
   <div class='ocr_carea' id='block_1_54' title="bbox 2219 2567 3801 2645">
    <p class='ocr_par' dir='ltr' id='par_1_54' title="bbox 2219 2567 3801 2645">
     <span class='ocr_line' id='line_1_54' title="bbox 2219 2567 3801 2645; baseline 0.007 -25"><span class='ocrx_word' id='word_1_382' title='bbox 2219 2567 2262 2620; x_wconf 84' lang='grc' dir='ltr'>δ’</span> <span class='ocrx_word' id='word_1_383' title='bbox 2307 2567 2373 2621; x_wconf 82' lang='grc' dir='ltr'><strong>ἂν</strong></span> <span class='ocrx_word' id='word_1_384' title='bbox 2430 2569 2464 2640; x_wconf 83' lang='grc' dir='ltr'>ἡ</span> <span class='ocrx_word' id='word_1_385' title='bbox 2509 2571 2735 2640; x_wconf 77' lang='grc' dir='ltr'>τοιαύτη</span> <span class='ocrx_word' id='word_1_386' title='bbox 2787 2569 2929 2642; x_wconf 80' lang='grc' dir='ltr'>ψυχὴ</span> <span class='ocrx_word' id='word_1_387' title='bbox 2985 2574 3208 2640; x_wconf 80' lang='grc' dir='ltr'>γυναικὶ</span> <span class='ocrx_word' id='word_1_388' title='bbox 3263 2575 3391 2638; x_wconf 86' lang='grc' dir='ltr'>τοὺς</span> <span class='ocrx_word' id='word_1_389' title='bbox 3439 2576 3674 2645; x_wconf 81' lang='grc' dir='ltr'>τρόπους</span> <span class='ocrx_word' id='word_1_390' title='bbox 3702 2579 3801 2632; x_wconf 82' lang='grc' dir='ltr'><strong>οὐκ</strong></span> 
     </span>
    </p>
   </div>
   <div class='ocr_carea' id='block_1_55' title="bbox 2219 2660 3799 2740">
    <p class='ocr_par' dir='ltr' id='par_1_55' title="bbox 2219 2660 3799 2740">
     <span class='ocr_line' id='line_1_55' title="bbox 2219 2660 3799 2740; baseline 0.007 -28"><span class='ocrx_word' id='word_1_391' title='bbox 2219 2660 2420 2732; x_wconf 84' lang='grc' dir='ltr'><strong>ἀγαθῇ,</strong></span> <span class='ocrx_word' id='word_1_392' title='bbox 2454 2660 2488 2732; x_wconf 83' lang='grc' dir='ltr'>ἢ</span> <span class='ocrx_word' id='word_1_393' title='bbox 2541 2662 2632 2714; x_wconf 78' lang='grc' dir='ltr'>καὶ</span> <span class='ocrx_word' id='word_1_394' title='bbox 2665 2661 2927 2734; x_wconf 76' lang='grc' dir='ltr'>ἐξιτήλως</span> <span class='ocrx_word' id='word_1_395' title='bbox 2959 2665 3314 2734; x_wconf 73' lang='grc' dir='ltr'>χρυσαῖζεται</span> <span class='ocrx_word' id='word_1_396' title='bbox 3337 2705 3353 2730; x_wconf 92' lang='grc'><strong>,</strong></span> <span class='ocrx_word' id='word_1_397' title='bbox 3399 2667 3560 2737; x_wconf 81' lang='grc' dir='ltr'>μόνον</span> <span class='ocrx_word' id='word_1_398' title='bbox 3591 2669 3649 2721; x_wconf 86' lang='grc' dir='ltr'>δὲ</span> <span class='ocrx_word' id='word_1_399' title='bbox 3681 2671 3799 2740; x_wconf 79' lang='grc' dir='ltr'>οὐχὶ</span> 
     </span>
    </p>
   </div>
   <div class='ocr_carea' id='block_1_56' title="bbox 2218 2751 3798 2830">
    <p class='ocr_par' dir='ltr' id='par_1_56' title="bbox 2218 2751 3798 2830">
     <span class='ocr_line' id='line_1_56' title="bbox 2218 2751 3798 2830; baseline 0.008 -28"><span class='ocrx_word' id='word_1_400' title='bbox 2218 2751 2312 2803; x_wconf 82' lang='grc' dir='ltr'>καὶ</span> <span class='ocrx_word' id='word_1_401' title='bbox 2361 2753 2474 2814; x_wconf 86' lang='grc' dir='ltr'>τοῖς</span> <span class='ocrx_word' id='word_1_402' title='bbox 2506 2755 2586 2815; x_wconf 82' lang='grc' dir='ltr'>εἰς</span> <span class='ocrx_word' id='word_1_403' title='bbox 2641 2753 2778 2806; x_wconf 85' lang='grc' dir='ltr'><strong>ὠτία</strong></span> <span class='ocrx_word' id='word_1_404' title='bbox 2829 2754 2923 2806; x_wconf 78' lang='grc' dir='ltr'>καὶ</span> <span class='ocrx_word' id='word_1_405' title='bbox 2972 2754 3136 2826; x_wconf 81' lang='grc' dir='ltr'>δέρην</span> <span class='ocrx_word' id='word_1_406' title='bbox 3188 2759 3510 2827; x_wconf 84' lang='grc' dir='ltr'>κοσμήμασι</span> <span class='ocrx_word' id='word_1_407' title='bbox 3551 2758 3653 2830; x_wconf 81' lang='grc' dir='ltr'>τὴν</span> <span class='ocrx_word' id='word_1_408' title='bbox 3692 2761 3798 2815; x_wconf 81' lang='grc' dir='ltr'>τῶν</span> 
     </span>
    </p>
   </div>
   <div class='ocr_carea' id='block_1_57' title="bbox 2217 2839 3796 2923">
    <p class='ocr_par' dir='ltr' id='par_1_57' title="bbox 2217 2839 3796 2923">
     <span class='ocr_line' id='line_1_57' title="bbox 2217 2839 3796 2923; baseline 0.008 -31"><span class='ocrx_word' id='word_1_409' title='bbox 2217 2839 2468 2912; x_wconf 79' lang='grc' dir='ltr'>ἐρώντων</span> <span class='ocrx_word' id='word_1_410' title='bbox 2511 2843 2681 2914; x_wconf 82' lang='grc' dir='ltr'>αὐτῆς</span> <span class='ocrx_word' id='word_1_411' title='bbox 2710 2845 3107 2916; x_wconf 85' lang='grc' dir='ltr'>καταγοητεύει</span> <span class='ocrx_word' id='word_1_412' title='bbox 3136 2847 3386 2917; x_wconf 85' lang='grc' dir='ltr'>καρδίαν.</span> <span class='ocrx_word' id='word_1_413' title='bbox 3423 2850 3688 2920; x_wconf 86' lang='grc' dir='ltr'>Σεμνύνει</span> <span class='ocrx_word' id='word_1_414' title='bbox 3733 2851 3796 2923; x_wconf 83' lang='grc' dir='ltr'>δὴ</span> 
     </span>
    </p>
   </div>
   <div class='ocr_carea' id='block_1_58' title="bbox 2215 2928 3797 3010">
    <p class='ocr_par' dir='ltr' id='par_1_58' title="bbox 2215 2928 3797 3010">
     <span class='ocr_line' id='line_1_58' title="bbox 2215 2928 3797 3010; baseline 0.007 -26"><span class='ocrx_word' id='word_1_415' title='bbox 2215 2928 2310 2984; x_wconf 84' lang='grc' dir='ltr'>οὖν</span> <span class='ocrx_word' id='word_1_416' title='bbox 2341 2933 2452 3001; x_wconf 79' lang='grc' dir='ltr'>ἄρα</span> <span class='ocrx_word' id='word_1_417' title='bbox 2476 2935 2602 2996; x_wconf 79' lang='grc' dir='ltr'>τοὺς</span> <span class='ocrx_word' id='word_1_418' title='bbox 2635 2934 2906 3004; x_wconf 78' lang='grc' dir='ltr'>πονηροὺς</span> <span class='ocrx_word' id='word_1_419' title='bbox 2939 2935 3048 2987; x_wconf 86' lang='grc' dir='ltr'>πᾶν</span> <span class='ocrx_word' id='word_1_420' title='bbox 3093 2929 3233 2999; x_wconf 77' lang='grc' dir='ltr'>εἶδος</span> <span class='ocrx_word' id='word_1_421' title='bbox 3277 2937 3638 3010; x_wconf 78' lang='grc' dir='ltr'>ἀκαθαρσίας.</span> <span class='ocrx_word' id='word_1_422' title='bbox 3675 2942 3797 2995; x_wconf 81' lang='grc' dir='ltr'>Ὅτι</span> 
     </span>
    </p>
   </div>
   <div class='ocr_carea' id='block_1_59' title="bbox 2214 3015 3795 3103">
    <p class='ocr_par' dir='ltr' id='par_1_59' title="bbox 2214 3015 3795 3103">
     <span class='ocr_line' id='line_1_59' title="bbox 2214 3015 3795 3103; baseline 0.006 -29"><span class='ocrx_word' id='word_1_423' title='bbox 2214 3020 2291 3086; x_wconf 81' lang='grc' dir='ltr'>δὲ,</span> <span class='ocrx_word' id='word_1_424' title='bbox 2330 3015 2410 3084; x_wconf 78' lang='grc' dir='ltr'>οἷς</span> <span class='ocrx_word' id='word_1_425' title='bbox 2439 3021 2467 3073; x_wconf 85' lang='grc' dir='ltr'>ὁ</span> <span class='ocrx_word' id='word_1_426' title='bbox 2497 3023 2697 3086; x_wconf 83' lang='grc' dir='ltr'>σκοπὸς</span> <span class='ocrx_word' id='word_1_427' title='bbox 2721 3023 2856 3095; x_wconf 84' lang='grc' dir='ltr'>πρὸς</span> <span class='ocrx_word' id='word_1_428' title='bbox 2880 3025 3065 3078; x_wconf 77' lang='grc' dir='ltr'>ἐκεῖνα</span> <span class='ocrx_word' id='word_1_429' title='bbox 3093 3024 3336 3094; x_wconf 83' lang='grc' dir='ltr'>βλέπειν,</span> <span class='ocrx_word' id='word_1_430' title='bbox 3377 3028 3588 3094; x_wconf 85' lang='grc' dir='ltr'>τούτοις</span> <span class='ocrx_word' id='word_1_431' title='bbox 3617 3031 3684 3086; x_wconf 82' lang='grc' dir='ltr'>ἂν</span> <span class='ocrx_word' id='word_1_432' title='bbox 3709 3035 3795 3103; x_wconf 84' lang='grc' dir='ltr'><strong>εἴη</strong></span> 
     </span>
    </p>
   </div>
   <div class='ocr_carea' id='block_1_60' title="bbox 2219 3112 3794 3190">
    <p class='ocr_par' dir='ltr' id='par_1_60' title="bbox 2219 3112 3794 3190">
     <span class='ocr_line' id='line_1_60' title="bbox 2219 3112 3794 3190; baseline 0.006 -25"><span class='ocrx_word' id='word_1_433' title='bbox 2219 3112 2453 3185; x_wconf 79' lang='grc' dir='ltr'>σύνηθές</span> <span class='ocrx_word' id='word_1_434' title='bbox 2489 3130 2548 3170; x_wconf 87' lang='grc' dir='ltr'><strong>τε</strong></span> <span class='ocrx_word' id='word_1_435' title='bbox 2577 3115 2670 3167; x_wconf 80' lang='grc' dir='ltr'>καὶ</span> <span class='ocrx_word' id='word_1_436' title='bbox 2721 3116 3019 3184; x_wconf 83' lang='grc' dir='ltr'>ἀναγκαῖον</span> <span class='ocrx_word' id='word_1_437' title='bbox 3060 3116 3122 3168; x_wconf 84' lang='grc' dir='ltr'>τὸ</span> <span class='ocrx_word' id='word_1_438' title='bbox 3166 3118 3261 3171; x_wconf 74' lang='grc' dir='ltr'>καὶ</span> <span class='ocrx_word' id='word_1_439' title='bbox 3289 3119 3460 3190; x_wconf 83' lang='grc' dir='ltr'>αὐτῆς</span> <span class='ocrx_word' id='word_1_440' title='bbox 3487 3120 3794 3176; x_wconf 85' lang='grc' dir='ltr'>ἀπολισθεῖν</span> 
     </span>
    </p>
   </div>
   <div class='ocr_carea' id='block_1_61' title="bbox 540 3188 2121 3281">
    <p class='ocr_par' dir='ltr' id='par_1_61' title="bbox 540 3207 2109 3280">
     <span class='ocr_line' id='line_1_61' title="bbox 540 3207 2109 3280; baseline -0.001 -14"><span class='ocrx_word' id='word_1_441' title='bbox 540 3215 618 3267; x_wconf 82' lang='lat' dir='ltr'><strong>cit</strong></span> <span class='ocrx_word' id='word_1_442' title='bbox 663 3213 988 3268; x_wconf 67' lang='lat' dir='ltr'><strong>Dominus.»</strong></span> <span class='ocrx_word' id='word_1_443' title='bbox 1047 3207 1148 3264; x_wconf 89' lang='lat' dir='ltr'><strong>Ubi</strong></span> <span class='ocrx_word' id='word_1_444' title='bbox 1207 3211 1356 3266; x_wconf 89' lang='lat' dir='ltr'><strong>enim</strong></span> <span class='ocrx_word' id='word_1_445' title='bbox 1406 3211 1680 3264; x_wconf 84' lang='lat' dir='ltr'><strong>intirmata</strong></span> <span class='ocrx_word' id='word_1_446' title='bbox 1722 3218 1841 3276; x_wconf 90' lang='lat' dir='ltr'><strong>est,</strong></span> <span class='ocrx_word' id='word_1_447' title='bbox 1895 3211 2109 3280; x_wconf 87' lang='lat' dir='ltr'><strong>inquit,</strong></span> 
     </span>
    </p>
   </div>
   <div class='ocr_carea' id='block_1_62' title="bbox 2224 3188 3794 3281">
    <p class='ocr_par' dir='ltr' id='par_1_62' title="bbox 2224 3188 3794 3281">
     <span class='ocr_line' id='line_1_62' title="bbox 2224 3188 3794 3281; baseline 0.006 -24"><span class='ocrx_word' id='word_1_448' title='bbox 2224 3204 2315 3274; x_wconf 88' lang='grc' dir='ltr'><strong>τῆς</strong></span> <span class='ocrx_word' id='word_1_449' title='bbox 2343 3204 2438 3258; x_wconf 87' lang='grc' dir='ltr'><strong>τοῦ</strong></span> <span class='ocrx_word' id='word_1_450' title='bbox 2471 3203 2604 3258; x_wconf 87' lang='grc' dir='ltr'><strong>Θεοῦ</strong></span> <span class='ocrx_word' id='word_1_451' title='bbox 2652 3209 2893 3277; x_wconf 86' lang='grc' dir='ltr'>μνήμης,</span> <span class='ocrx_word' id='word_1_452' title='bbox 2925 3207 3162 3277; x_wconf 77' lang='grc' dir='ltr'>δέδειχεν</span> <span class='ocrx_word' id='word_1_453' title='bbox 3205 3188 3422 3263; x_wconf 48' lang='grc' dir='ltr'>εἰπών(</span> <span class='ocrx_word' id='word_1_454' title='bbox 3461 3229 3482 3262; x_wconf 77' lang='grc' dir='ltr'><strong>ι</strong></span> <span class='ocrx_word' id='word_1_455' title='bbox 3536 3211 3698 3281; x_wconf 88' lang='grc' dir='ltr'>Ἐμοῦ</span> <span class='ocrx_word' id='word_1_456' title='bbox 3739 3214 3794 3267; x_wconf 73' lang='grc' dir='ltr'>δὲ</span> 
     </span>
    </p>
   </div>
   <div class='ocr_carea' id='block_1_63' title="bbox 547 3301 2113 3373">
    <p class='ocr_par' dir='ltr' id='par_1_63' title="bbox 547 3301 2113 3373">
     <span class='ocr_line' id='line_1_63' title="bbox 547 3301 2113 3373; baseline -0.001 -15"><span class='ocrx_word' id='word_1_457' title='bbox 547 3305 881 3359; x_wconf 56' lang='lat' dir='ltr'><strong>«latronibus</strong></span> <span class='ocrx_word' id='word_1_458' title='bbox 931 3302 1289 3367; x_wconf 61' lang='lat' dir='ltr'><strong>adherendo,</strong></span> <span class='ocrx_word' id='word_1_459' title='bbox 1350 3303 1458 3356; x_wconf 91' lang='lat' dir='ltr'><strong>imo</strong></span> <span class='ocrx_word' id='word_1_460' title='bbox 1503 3317 1531 3354; x_wconf 90' lang='lat' dir='ltr'><strong>a</strong></span> <span class='ocrx_word' id='word_1_461' title='bbox 1581 3301 1847 3356; x_wconf 79' lang='lat' dir='ltr'><strong>desiderio</strong></span> <span class='ocrx_word' id='word_1_462' title='bbox 1887 3311 1942 3356; x_wconf 88' lang='lat' dir='ltr'><strong>et</strong></span> <span class='ocrx_word' id='word_1_463' title='bbox 1991 3317 2113 3373; x_wconf 52' lang='lat' dir='ltr'><strong>pro-</strong></span> 
     </span>
    </p>
   </div>
   <div class='ocr_carea' id='block_1_64' title="bbox 533 3393 2116 3465">
    <p class='ocr_par' dir='ltr' id='par_1_64' title="bbox 533 3393 2116 3465">
     <span class='ocr_line' id='line_1_64' title="bbox 533 3393 2116 3465; baseline -0.001 -15"><span class='ocrx_word' id='word_1_464' title='bbox 533 3395 798 3464; x_wconf 80' lang='lat' dir='ltr'><strong>pensione</strong></span> <span class='ocrx_word' id='word_1_465' title='bbox 831 3395 897 3449; x_wconf 88' lang='lat' dir='ltr'><strong>ad</strong></span> <span class='ocrx_word' id='word_1_466' title='bbox 962 3394 1158 3448; x_wconf 90' lang='lat' dir='ltr'><strong>bonum</strong></span> <span class='ocrx_word' id='word_1_467' title='bbox 1201 3394 1415 3463; x_wconf 84' lang='lat' dir='ltr'><strong>penitus</strong></span> <span class='ocrx_word' id='word_1_468' title='bbox 1457 3393 1802 3461; x_wconf 88' lang='lat' dir='ltr'><strong>discedendo,</strong></span> <span class='ocrx_word' id='word_1_469' title='bbox 1836 3395 1946 3464; x_wconf 87' lang='lat' dir='ltr'><strong>ipsa</strong></span> <span class='ocrx_word' id='word_1_470' title='bbox 1984 3412 2116 3465; x_wconf 89' lang='lat' dir='ltr'><strong>quo-</strong></span> 
     </span>
    </p>
   </div>
   <div class='ocr_carea' id='block_1_65' title="bbox 535 3483 2112 3557">
    <p class='ocr_par' dir='ltr' id='par_1_65' title="bbox 535 3483 2112 3557">
     <span class='ocr_line' id='line_1_65' title="bbox 535 3483 2112 3557; baseline 0.001 -18"><span class='ocrx_word' id='word_1_471' title='bbox 535 3503 641 3557; x_wconf 87' lang='lat' dir='ltr'><strong>que</strong></span> <span class='ocrx_word' id='word_1_472' title='bbox 662 3487 752 3542; x_wconf 82' lang='lat' dir='ltr'><strong>Dei</strong></span> <span class='ocrx_word' id='word_1_473' title='bbox 777 3487 1034 3540; x_wconf 90' lang='lat' dir='ltr'><strong>memoria</strong></span> <span class='ocrx_word' id='word_1_474' title='bbox 1058 3486 1276 3552; x_wconf 87' lang='lat' dir='ltr'><strong>decidit,</strong></span> <span class='ocrx_word' id='word_1_475' title='bbox 1289 3498 1408 3554; x_wconf 70' lang='lat' dir='ltr'><strong>quae</strong></span> <span class='ocrx_word' id='word_1_476' title='bbox 1429 3484 1589 3539; x_wconf 88' lang='lat' dir='ltr'><strong>totius</strong></span> <span class='ocrx_word' id='word_1_477' title='bbox 1618 3483 1910 3553; x_wconf 86' lang='lat' dir='ltr'><strong>impietatis</strong></span> <span class='ocrx_word' id='word_1_478' title='bbox 1927 3495 2112 3554; x_wconf 89' lang='lat' dir='ltr'><strong>aperta</strong></span> 
     </span>
    </p>
   </div>
   <div class='ocr_carea' id='block_1_66' title="bbox 538 3577 1076 3635">
    <p class='ocr_par' dir='ltr' id='par_1_66' title="bbox 538 3577 1076 3635">
     <span class='ocr_line' id='line_1_66' title="bbox 538 3577 1076 3635; baseline -0.006 -1"><span class='ocrx_word' id='word_1_479' title='bbox 538 3577 926 3635; x_wconf 75' lang='lat' dir='ltr'><strong>demonstratio</strong></span> <span class='ocrx_word' id='word_1_480' title='bbox 972 3584 1076 3632; x_wconf 86' lang='lat' dir='ltr'><strong>est.</strong></span> 
     </span>
    </p>
   </div>
   <div class='ocr_carea' id='block_1_67' title="bbox 608 3856 2109 3929">
    <p class='ocr_par' dir='ltr' id='par_1_67' title="bbox 608 3856 2109 3929">
     <span class='ocr_line' id='line_1_67' title="bbox 608 3856 2109 3929; baseline 0.001 -19"><span class='ocrx_word' id='word_1_481' title='bbox 608 3857 770 3913; x_wconf 77' lang='lat' dir='ltr'><strong>Vens.</strong></span> <span class='ocrx_word' id='word_1_482' title='bbox 798 3858 884 3912; x_wconf 74' lang='grc' dir='ltr'><strong>Η.</strong></span> <span class='ocrx_word' id='word_1_483' title='bbox 915 3856 1044 3912; x_wconf 83' lang='lat' dir='ltr'><strong>Ideo</strong></span> <span class='ocrx_word' id='word_1_484' title='bbox 1060 3873 1184 3912; x_wconf 74' lang='lat' dir='ltr'><strong>ecce</strong></span> <span class='ocrx_word' id='word_1_485' title='bbox 1210 3874 1301 3929; x_wconf 78' lang='lat' dir='ltr'><strong>ego</strong></span> <span class='ocrx_word' id='word_1_486' title='bbox 1344 3861 1536 3913; x_wconf 82' lang='lat' dir='ltr'><strong>seduco</strong></span> <span class='ocrx_word' id='word_1_487' title='bbox 1561 3874 1703 3924; x_wconf 79' lang='lat' dir='ltr'><strong>eam,</strong></span> <span class='ocrx_word' id='word_1_488' title='bbox 1731 3867 1779 3912; x_wconf 84' lang='lat' dir='ltr'><strong>et</strong></span> <span class='ocrx_word' id='word_1_489' title='bbox 1810 3875 2000 3928; x_wconf 83' lang='lat' dir='ltr'><strong>ponam</strong></span> <span class='ocrx_word' id='word_1_490' title='bbox 2041 3859 2109 3914; x_wconf 80' lang='lat' dir='ltr'><strong>il-</strong></span> 
     </span>
    </p>
   </div>
   <div class='ocr_carea' id='block_1_68' title="bbox 533 3948 1130 4019">
    <p class='ocr_par' dir='ltr' id='par_1_68' title="bbox 533 3948 1130 4019">
     <span class='ocr_line' id='line_1_68' title="bbox 533 3948 1130 4019; baseline -0.005 -16"><span class='ocrx_word' id='word_1_491' title='bbox 533 3951 642 4003; x_wconf 84' lang='lat' dir='ltr'><strong>lam</strong></span> <span class='ocrx_word' id='word_1_492' title='bbox 674 3951 824 4019; x_wconf 79' lang='lat' dir='ltr'><strong>quasi</strong></span> <span class='ocrx_word' id='word_1_493' title='bbox 848 3948 1130 4000; x_wconf 84' lang='lat' dir='ltr'><strong>desertum.</strong></span> 
     </span>
    </p>
   </div>
   <div class='ocr_carea' id='block_1_69' title="bbox 605 4036 2109 4106">
    <p class='ocr_par' dir='ltr' id='par_1_69' title="bbox 605 4036 2109 4106">
     <span class='ocr_line' id='line_1_69' title="bbox 605 4036 2109 4106; baseline 0 -14"><span class='ocrx_word' id='word_1_494' title='bbox 605 4038 768 4092; x_wconf 74' lang='lat' dir='ltr'><strong>XXII.</strong></span> <span class='ocrx_word' id='word_1_495' title='bbox 813 4036 1101 4104; x_wconf 86' lang='lat' dir='ltr'><strong>Postquam</strong></span> <span class='ocrx_word' id='word_1_496' title='bbox 1146 4037 1312 4103; x_wconf 89' lang='lat' dir='ltr'><strong>enim,</strong></span> <span class='ocrx_word' id='word_1_497' title='bbox 1367 4037 1560 4106; x_wconf 80' lang='lat' dir='ltr'><strong>inquit,</strong></span> <span class='ocrx_word' id='word_1_498' title='bbox 1589 4036 1677 4091; x_wconf 89' lang='lat' dir='ltr'><strong>illa</strong></span> <span class='ocrx_word' id='word_1_499' title='bbox 1712 4037 1892 4091; x_wconf 75' lang='lat' dir='ltr'><strong>utultis</strong></span> <span class='ocrx_word' id='word_1_500' title='bbox 1937 4038 2109 4092; x_wconf 91' lang='lat' dir='ltr'><strong>modis</strong></span> 
     </span>
    </p>
   </div>
   <div class='ocr_carea' id='block_1_70' title="bbox 530 4127 2108 4197">
    <p class='ocr_par' dir='ltr' id='par_1_70' title="bbox 530 4127 2108 4197">
     <span class='ocr_line' id='line_1_70' title="bbox 530 4127 2108 4197; baseline -0.004 -10"><span class='ocrx_word' id='word_1_501' title='bbox 530 4131 776 4193; x_wconf 80' lang='lat' dir='ltr'><strong>oiIendit,</strong></span> <span class='ocrx_word' id='word_1_502' title='bbox 808 4143 909 4197; x_wconf 82' lang='lat' dir='ltr'><strong>ego</strong></span> <span class='ocrx_word' id='word_1_503' title='bbox 955 4139 1133 4182; x_wconf 88' lang='lat' dir='ltr'><strong>autem</strong></span> <span class='ocrx_word' id='word_1_504' title='bbox 1198 4127 1519 4183; x_wconf 85' lang='lat' dir='ltr'><strong>defectionis</strong></span> <span class='ocrx_word' id='word_1_505' title='bbox 1572 4142 1760 4197; x_wconf 71' lang='lat' dir='ltr'><strong>pwuas</strong></span> <span class='ocrx_word' id='word_1_506' title='bbox 1810 4128 2108 4197; x_wconf 85' lang='lat' dir='ltr'><strong>justissime</strong></span> 
     </span>
    </p>
   </div>
   <div class='ocr_carea' id='block_1_71' title="bbox 531 4217 2102 4291">
    <p class='ocr_par' dir='ltr' id='par_1_71' title="bbox 531 4217 2102 4291">
     <span class='ocr_line' id='line_1_71' title="bbox 531 4217 2102 4291; baseline -0.003 -16"><span class='ocrx_word' id='word_1_507' title='bbox 531 4219 810 4291; x_wconf 82' lang='lat' dir='ltr'><strong>repOposci</strong></span> <span class='ocrx_word' id='word_1_508' title='bbox 844 4219 1009 4288; x_wconf 90' lang='lat' dir='ltr'><strong>(ultus</strong></span> <span class='ocrx_word' id='word_1_509' title='bbox 1045 4234 1163 4272; x_wconf 87' lang='lat' dir='ltr'><strong>sum</strong></span> <span class='ocrx_word' id='word_1_510' title='bbox 1196 4218 1338 4272; x_wconf 91' lang='lat' dir='ltr'><strong>enim</strong></span> <span class='ocrx_word' id='word_1_511' title='bbox 1384 4233 1547 4289; x_wconf 87' lang='lat' dir='ltr'><strong>super</strong></span> <span class='ocrx_word' id='word_1_512' title='bbox 1585 4234 1704 4273; x_wconf 88' lang='lat' dir='ltr'><strong>eam</strong></span> <span class='ocrx_word' id='word_1_513' title='bbox 1729 4219 1845 4273; x_wconf 92' lang='lat' dir='ltr'><strong>dies</strong></span> <span class='ocrx_word' id='word_1_514' title='bbox 1873 4217 2102 4281; x_wconf 87' lang='lat' dir='ltr'><strong>Baalim,</strong></span> 
     </span>
    </p>
   </div>
   <div class='ocr_carea' id='block_1_72' title="bbox 2217 3296 3793 3375">
    <p class='ocr_par' dir='ltr' id='par_1_72' title="bbox 2217 3296 3793 3375">
     <span class='ocr_line' id='line_1_72' title="bbox 2217 3296 3793 3375; baseline 0.006 -28"><span class='ocrx_word' id='word_1_515' title='bbox 2217 3296 2532 3364; x_wconf 76' lang='grc' dir='ltr'>ἐπελάθετο,</span> <span class='ocrx_word' id='word_1_516' title='bbox 2580 3297 2727 3365; x_wconf 86' lang='grc' dir='ltr'>λέγει</span> <span class='ocrx_word' id='word_1_517' title='bbox 2773 3298 2998 3369; x_wconf 82' lang='grc' dir='ltr'>Κύριος.</span> <span class='ocrx_word' id='word_1_518' title='bbox 3042 3318 3062 3352; x_wconf 70' lang='grc' dir='ltr'><strong>ι</strong></span> <span class='ocrx_word' id='word_1_519' title='bbox 3111 3300 3328 3372; x_wconf 73' lang='grc' dir='ltr'>Ἐπειδὴ</span> <span class='ocrx_word' id='word_1_520' title='bbox 3364 3302 3474 3374; x_wconf 83' lang='grc' dir='ltr'><strong>γὰρ</strong></span> <span class='ocrx_word' id='word_1_521' title='bbox 3503 3305 3793 3375; x_wconf 77' lang='grc' dir='ltr'>κατηρρὡ-</span> 
     </span>
    </p>
   </div>
   <div class='ocr_carea' id='block_1_73' title="bbox 2219 3390 3791 3466">
    <p class='ocr_par' dir='ltr' id='par_1_73' title="bbox 2219 3390 3791 3466">
     <span class='ocr_line' id='line_1_73' title="bbox 2219 3390 3791 3466; baseline 0.006 -25"><span class='ocrx_word' id='word_1_522' title='bbox 2219 3406 2407 3460; x_wconf 87' lang='grc' dir='ltr'>στησε,</span> <span class='ocrx_word' id='word_1_523' title='bbox 2435 3390 2589 3460; x_wconf 80' lang='grc' dir='ltr'>φησὶ,</span> <span class='ocrx_word' id='word_1_524' title='bbox 2611 3390 2689 3462; x_wconf 79' lang='grc' dir='ltr'>τῷ</span> <span class='ocrx_word' id='word_1_525' title='bbox 2723 3392 3079 3463; x_wconf 88' lang='grc' dir='ltr'>προσκεῖσθαι</span> <span class='ocrx_word' id='word_1_526' title='bbox 3107 3395 3220 3456; x_wconf 88' lang='grc' dir='ltr'>τοῖς</span> <span class='ocrx_word' id='word_1_527' title='bbox 3245 3392 3561 3464; x_wconf 84' lang='grc' dir='ltr'>δαιμονίοις,</span> <span class='ocrx_word' id='word_1_528' title='bbox 3592 3397 3791 3466; x_wconf 84' lang='grc' dir='ltr'>μᾶλλον</span> 
     </span>
    </p>
   </div>
   <div class='ocr_carea' id='block_1_74' title="bbox 2213 3480 3791 3560">
    <p class='ocr_par' dir='ltr' id='par_1_74' title="bbox 2213 3480 3791 3560">
     <span class='ocr_line' id='line_1_74' title="bbox 2213 3480 3791 3560; baseline 0.007 -28"><span class='ocrx_word' id='word_1_529' title='bbox 2213 3480 2270 3533; x_wconf 84' lang='grc' dir='ltr'><strong>δὲ</strong></span> <span class='ocrx_word' id='word_1_530' title='bbox 2301 3482 2395 3534; x_wconf 83' lang='grc' dir='ltr'><strong>καὶ</strong></span> <span class='ocrx_word' id='word_1_531' title='bbox 2423 3481 2732 3552; x_wconf 85' lang='grc' dir='ltr'>ὁλοτρόπως</span> <span class='ocrx_word' id='word_1_532' title='bbox 2789 3482 3090 3554; x_wconf 77' lang='grc' dir='ltr'>ἀποφοιτᾷν</span> <span class='ocrx_word' id='word_1_533' title='bbox 3130 3483 3230 3553; x_wconf 90' lang='grc' dir='ltr'><strong>τῆς</strong></span> <span class='ocrx_word' id='word_1_534' title='bbox 3270 3487 3350 3550; x_wconf 77' lang='grc' dir='ltr'><strong>εις</strong></span> <span class='ocrx_word' id='word_1_535' title='bbox 3374 3485 3436 3539; x_wconf 87' lang='grc' dir='ltr'>τὺ</span> <span class='ocrx_word' id='word_1_536' title='bbox 3463 3488 3668 3556; x_wconf 81' lang='grc' dir='ltr'>ἀγαθὸν</span> <span class='ocrx_word' id='word_1_537' title='bbox 3693 3490 3791 3560; x_wconf 77' lang='grc' dir='ltr'><strong>ἐφ-</strong></span> 
     </span>
    </p>
   </div>
   <div class='ocr_carea' id='block_1_75' title="bbox 2215 3572 3790 3652">
    <p class='ocr_par' dir='ltr' id='par_1_75' title="bbox 2215 3572 3790 3652">
     <span class='ocr_line' id='line_1_75' title="bbox 2215 3572 3790 3652; baseline 0.008 -28"><span class='ocrx_word' id='word_1_538' title='bbox 2215 3572 2386 3636; x_wconf 79' lang='grc' dir='ltr'>έσεως</span> <span class='ocrx_word' id='word_1_539' title='bbox 2427 3590 2487 3626; x_wconf 89' lang='grc' dir='ltr'><strong>τε</strong></span> <span class='ocrx_word' id='word_1_540' title='bbox 2521 3574 2618 3626; x_wconf 72' lang='grc' dir='ltr'><strong>καὶ</strong></span> <span class='ocrx_word' id='word_1_541' title='bbox 2658 3573 2984 3646; x_wconf 82' lang='grc' dir='ltr'>προθυμίας,</span> <span class='ocrx_word' id='word_1_542' title='bbox 3033 3577 3130 3630; x_wconf 82' lang='grc' dir='ltr'>καὶ</span> <span class='ocrx_word' id='word_1_543' title='bbox 3171 3577 3340 3648; x_wconf 82' lang='grc' dir='ltr'>αὐτῆς</span> <span class='ocrx_word' id='word_1_544' title='bbox 3383 3578 3660 3634; x_wconf 83' lang='grc' dir='ltr'>ἀπώλισθε</span> <span class='ocrx_word' id='word_1_545' title='bbox 3690 3582 3790 3652; x_wconf 89' lang='grc' dir='ltr'><strong>τῆς</strong></span> 
     </span>
    </p>
   </div>
   <div class='ocr_carea' id='block_1_76' title="bbox 2211 3662 3789 3738">
    <p class='ocr_par' dir='ltr' id='par_1_76' title="bbox 2211 3662 3789 3738">
     <span class='ocr_line' id='line_1_76' title="bbox 2211 3662 3789 3738; baseline 0.008 -25"><span class='ocrx_word' id='word_1_546' title='bbox 2211 3663 2306 3715; x_wconf 85' lang='grc' dir='ltr'><strong>τοῦ</strong></span> <span class='ocrx_word' id='word_1_547' title='bbox 2333 3662 2467 3716; x_wconf 84' lang='grc' dir='ltr'>Θεοῦ</span> <span class='ocrx_word' id='word_1_548' title='bbox 2505 3664 2746 3734; x_wconf 85' lang='grc' dir='ltr'>μνήμης.</span> <span class='ocrx_word' id='word_1_549' title='bbox 2781 3663 2949 3718; x_wconf 87' lang='grc' dir='ltr'>Τοῦτο</span> <span class='ocrx_word' id='word_1_550' title='bbox 2980 3665 3040 3718; x_wconf 82' lang='grc' dir='ltr'>δέ</span> <span class='ocrx_word' id='word_1_551' title='bbox 3076 3666 3193 3718; x_wconf 66' lang='grc' dir='ltr'>ἑστι</span> <span class='ocrx_word' id='word_1_552' title='bbox 3220 3666 3320 3738; x_wconf 82' lang='grc' dir='ltr'><strong>τῆς</strong></span> <span class='ocrx_word' id='word_1_553' title='bbox 3346 3668 3580 3726; x_wconf 64' lang='grc' dir='ltr'>εἰσάνταν</span> <span class='ocrx_word' id='word_1_554' title='bbox 3601 3670 3789 3724; x_wconf 85' lang='grc' dir='ltr'>δυσσε-</span> 
     </span>
    </p>
   </div>
   <div class='ocr_carea' id='block_1_77' title="bbox 2212 3755 2972 3827">
    <p class='ocr_par' dir='ltr' id='par_1_77' title="bbox 2212 3755 2972 3827">
     <span class='ocr_line' id='line_1_77' title="bbox 2212 3755 2972 3827; baseline 0.004 -20"><span class='ocrx_word' id='word_1_555' title='bbox 2212 3755 2364 3819; x_wconf 71' lang='grc' dir='ltr'>ϐείας</span> <span class='ocrx_word' id='word_1_556' title='bbox 2395 3757 2671 3823; x_wconf 81' lang='grc' dir='ltr'>ἀπόδειξις</span> <span class='ocrx_word' id='word_1_557' title='bbox 2715 3758 2972 3827; x_wconf 81' lang='grc' dir='ltr'><strong>ἐναργής.</strong></span> 
     </span>
    </p>
   </div>
   <div class='ocr_carea' id='block_1_78' title="bbox 2279 3845 3786 3917">
    <p class='ocr_par' dir='ltr' id='par_1_78' title="bbox 2279 3845 3786 3917">
     <span class='ocr_line' id='line_1_78' title="bbox 2279 3845 3786 3917; baseline 0.006 -19"><span class='ocrx_word' id='word_1_558' title='bbox 2279 3846 2383 3899; x_wconf 78' lang='grc' dir='ltr'><strong>Διά</strong></span> <span class='ocrx_word' id='word_1_559' title='bbox 2418 3845 2593 3900; x_wconf 88' lang='grc' dir='ltr'>τοῦτο</span> <span class='ocrx_word' id='word_1_560' title='bbox 2639 3846 2768 3900; x_wconf 70' lang='grc' dir='ltr'>ἰδοὺ</span> <span class='ocrx_word' id='word_1_561' title='bbox 2813 3846 2932 3917; x_wconf 75' lang='grc' dir='ltr'><strong>ἐγὼ</strong></span> <span class='ocrx_word' id='word_1_562' title='bbox 2975 3845 3187 3902; x_wconf 75' lang='grc' dir='ltr'>πλανῶ</span> <span class='ocrx_word' id='word_1_563' title='bbox 3218 3847 3434 3917; x_wconf 74' lang='grc' dir='ltr'>αὐτὴν,</span> <span class='ocrx_word' id='word_1_564' title='bbox 3483 3849 3584 3904; x_wconf 80' lang='grc' dir='ltr'>καὶ</span> <span class='ocrx_word' id='word_1_565' title='bbox 3626 3850 3786 3917; x_wconf 79' lang='grc' dir='ltr'><strong>τάξω</strong></span> 
     </span>
    </p>
   </div>
   <div class='ocr_carea' id='block_1_79' title="bbox 2209 3936 2792 4006">
    <p class='ocr_par' dir='ltr' id='par_1_79' title="bbox 2209 3936 2792 4006">
     <span class='ocr_line' id='line_1_79' title="bbox 2209 3936 2792 4006; baseline 0.007 -19"><span class='ocrx_word' id='word_1_566' title='bbox 2209 3936 2405 4002; x_wconf 73' lang='grc' dir='ltr'>αὐτὴν</span> <span class='ocrx_word' id='word_1_567' title='bbox 2435 3936 2516 3999; x_wconf 86' lang='grc' dir='ltr'><strong>ὡς</strong></span> <span class='ocrx_word' id='word_1_568' title='bbox 2547 3937 2792 4006; x_wconf 74' lang='grc' dir='ltr'>ἔρημον.</span> 
     </span>
    </p>
   </div>
   <div class='ocr_carea' id='block_1_80' title="bbox 2280 4028 3784 4102">
    <p class='ocr_par' dir='ltr' id='par_1_80' title="bbox 2280 4028 3784 4102">
     <span class='ocr_line' id='line_1_80' title="bbox 2280 4028 3784 4102; baseline 0.004 -21"><span class='ocrx_word' id='word_1_569' title='bbox 2280 4028 2408 4081; x_wconf 84' lang='grc' dir='ltr'><strong>ΚΒ’.</strong></span> <span class='ocrx_word' id='word_1_570' title='bbox 2463 4029 2681 4100; x_wconf 85' lang='grc' dir='ltr'>Ἐπειδὴ</span> <span class='ocrx_word' id='word_1_571' title='bbox 2724 4029 2870 4100; x_wconf 85' lang='grc' dir='ltr'>γὰρ,</span> <span class='ocrx_word' id='word_1_572' title='bbox 2931 4029 3131 4100; x_wconf 73' lang='grc' dir='ltr'>φησὶν,</span> <span class='ocrx_word' id='word_1_573' title='bbox 3189 4029 3332 4100; x_wconf 81' lang='grc' dir='ltr'>αὓτη</span> <span class='ocrx_word' id='word_1_574' title='bbox 3388 4030 3487 4102; x_wconf 84' lang='grc' dir='ltr'><strong>μὲν</strong></span> <span class='ocrx_word' id='word_1_575' title='bbox 3528 4031 3784 4099; x_wconf 75' lang='grc' dir='ltr'>ἐξώκειλε</span> 
     </span>
    </p>
   </div>
   <div class='ocr_carea' id='block_1_81' title="bbox 2208 4118 3783 4196">
    <p class='ocr_par' dir='ltr' id='par_1_81' title="bbox 2208 4118 3783 4196">
     <span class='ocr_line' id='line_1_81' title="bbox 2208 4118 3783 4196; baseline 0.006 -26"><span class='ocrx_word' id='word_1_576' title='bbox 2208 4118 2580 4190; x_wconf 77' lang='grc' dir='ltr'>πολυτρόπως,</span> <span class='ocrx_word' id='word_1_577' title='bbox 2611 4121 2852 4191; x_wconf 73' lang='grc' dir='ltr'>ἐζήτησα</span> <span class='ocrx_word' id='word_1_578' title='bbox 2893 4121 2947 4174; x_wconf 85' lang='grc' dir='ltr'>δὲ</span> <span class='ocrx_word' id='word_1_579' title='bbox 2992 4121 3086 4174; x_wconf 75' lang='grc' dir='ltr'>καὶ</span> <span class='ocrx_word' id='word_1_580' title='bbox 3136 4121 3258 4176; x_wconf 86' lang='grc' dir='ltr'>λίαν</span> <span class='ocrx_word' id='word_1_581' title='bbox 3295 4122 3470 4194; x_wconf 81' lang='grc' dir='ltr'>ὀρθῶς</span> <span class='ocrx_word' id='word_1_582' title='bbox 3513 4125 3611 4196; x_wconf 87' lang='grc' dir='ltr'><strong>τῆς</strong></span> <span class='ocrx_word' id='word_1_583' title='bbox 3649 4125 3783 4179; x_wconf 68' lang='lat' dir='ltr'><strong>am.</strong></span> 
     </span>
    </p>
   </div>
   <div class='ocr_carea' id='block_1_82' title="bbox 2209 4210 3783 4288">
    <p class='ocr_par' dir='ltr' id='par_1_82' title="bbox 2209 4210 3783 4288">
     <span class='ocr_line' id='line_1_82' title="bbox 2209 4210 3783 4288; baseline 0.005 -26"><span class='ocrx_word' id='word_1_584' title='bbox 2209 4211 2434 4274; x_wconf 87' lang='grc' dir='ltr'>στασίας</span> <span class='ocrx_word' id='word_1_585' title='bbox 2463 4210 2561 4274; x_wconf 82' lang='grc' dir='ltr'>τὰς</span> <span class='ocrx_word' id='word_1_586' title='bbox 2609 4211 2764 4274; x_wconf 79' lang='grc' dir='ltr'>δίκας</span> <span class='ocrx_word' id='word_1_587' title='bbox 2815 4212 3164 4284; x_wconf 81' lang='grc' dir='ltr'>(ὲκδεδίκηκα</span> <span class='ocrx_word' id='word_1_588' title='bbox 3206 4215 3315 4285; x_wconf 87' lang='grc' dir='ltr'><strong>γὰρ</strong></span> <span class='ocrx_word' id='word_1_589' title='bbox 3342 4215 3431 4270; x_wconf 78' lang='grc' dir='ltr'><strong>ἐπ’</strong></span> <span class='ocrx_word' id='word_1_590' title='bbox 3481 4217 3649 4288; x_wconf 73' lang='grc' dir='ltr'>αὐτὴν</span> <span class='ocrx_word' id='word_1_591' title='bbox 3681 4217 3783 4281; x_wconf 81' lang='grc' dir='ltr'>τὰς</span> 
     </span>
    </p>
   </div>
   <div class='ocr_carea' id='block_1_83' title="bbox 530 4288 2121 4382">
    <p class='ocr_par' dir='ltr' id='par_1_83' title="bbox 530 4288 2103 4382">
     <span class='ocr_line' id='line_1_83' title="bbox 530 4288 2103 4382; baseline -0.001 -17"><span class='ocrx_word' id='word_1_592' title='bbox 530 4288 607 4366; x_wconf 71' lang='lat' dir='ltr'><strong>et</strong></span> <span class='ocrx_word' id='word_1_593' title='bbox 629 4288 976 4379; x_wconf 75' lang='lat' dir='ltr'><strong>proportione</strong></span> <span class='ocrx_word' id='word_1_594' title='bbox 1014 4310 1332 4366; x_wconf 86' lang='lat' dir='ltr'><strong>delictorqu</strong></span> <span class='ocrx_word' id='word_1_595' title='bbox 1366 4288 1568 4382; x_wconf 65' lang='lat' dir='ltr'><strong>salarii);</strong></span> <span class='ocrx_word' id='word_1_596' title='bbox 1595 4311 1714 4364; x_wconf 90' lang='lat' dir='ltr'><strong>ideo</strong></span> <span class='ocrx_word' id='word_1_597' title='bbox 1754 4314 1804 4364; x_wconf 91' lang='lat' dir='ltr'><strong>in</strong></span> <span class='ocrx_word' id='word_1_598' title='bbox 1833 4319 2103 4377; x_wconf 83' lang='lat' dir='ltr'><strong>posterum</strong></span> 
     </span>
    </p>
   </div>
   <div class='ocr_carea' id='block_1_84' title="bbox 2224 4288 3782 4382">
    <p class='ocr_par' dir='ltr' id='par_1_84' title="bbox 2224 4288 3782 4379">
     <span class='ocr_line' id='line_1_84' title="bbox 2224 4288 3782 4379; baseline 0.004 -25"><span class='ocrx_word' id='word_1_599' title='bbox 2224 4301 2420 4373; x_wconf 58' lang='grc' dir='ltr'>δμέρας</span> <span class='ocrx_word' id='word_1_600' title='bbox 2443 4288 2550 4356; x_wconf 66' lang='grc' dir='ltr'>τῶν</span> <span class='ocrx_word' id='word_1_601' title='bbox 2583 4303 2844 4375; x_wconf 70' lang='grc' dir='ltr'>Βααλεὶμ,</span> <span class='ocrx_word' id='word_1_602' title='bbox 2887 4305 2983 4357; x_wconf 75' lang='grc' dir='ltr'>καὶ</span> <span class='ocrx_word' id='word_1_603' title='bbox 3015 4306 3242 4378; x_wconf 86' lang='grc' dir='ltr'>ἰσοπαλῆ</span> <span class='ocrx_word' id='word_1_604' title='bbox 3288 4309 3401 4371; x_wconf 89' lang='grc' dir='ltr'>τοῖς</span> <span class='ocrx_word' id='word_1_605' title='bbox 3445 4309 3782 4379; x_wconf 85' lang='grc' dir='ltr'>πταίσμασιν</span> 
     </span>
    </p>
   </div>
   <div class='ocr_carea' id='block_1_85' title="bbox 528 4395 2121 4470">
    <p class='ocr_par' dir='ltr' id='par_1_85' title="bbox 528 4401 2103 4469">
     <span class='ocr_line' id='line_1_85' title="bbox 528 4401 2103 4469; baseline 0.002 -16"><span class='ocrx_word' id='word_1_606' title='bbox 528 4402 595 4454; x_wconf 91' lang='lat' dir='ltr'><strong>ad</strong></span> <span class='ocrx_word' id='word_1_607' title='bbox 639 4401 1065 4455; x_wconf 79' lang='lat' dir='ltr'><strong>misericordiam</strong></span> <span class='ocrx_word' id='word_1_608' title='bbox 1109 4417 1192 4455; x_wconf 90' lang='lat' dir='ltr'><strong>me</strong></span> <span class='ocrx_word' id='word_1_609' title='bbox 1231 4402 1480 4468; x_wconf 77' lang='lat' dir='ltr'><strong>dalio,et</strong></span> <span class='ocrx_word' id='word_1_610' title='bbox 1516 4417 1633 4456; x_wconf 88' lang='lat' dir='ltr'><strong>eam</strong></span> <span class='ocrx_word' id='word_1_611' title='bbox 1679 4405 1745 4456; x_wconf 90' lang='lat' dir='ltr'><strong>ad</strong></span> <span class='ocrx_word' id='word_1_612' title='bbox 1784 4402 2025 4469; x_wconf 88' lang='lat' dir='ltr'><strong>meliora,</strong></span> <span class='ocrx_word' id='word_1_613' title='bbox 2050 4415 2103 4457; x_wconf 89' lang='lat' dir='ltr'><strong>et</strong></span> 
     </span>
    </p>
   </div>
   <div class='ocr_carea' id='block_1_86' title="bbox 2224 4395 3780 4470">
    <p class='ocr_par' dir='ltr' id='par_1_86' title="bbox 2224 4395 3780 4470">
     <span class='ocr_line' id='line_1_86' title="bbox 2224 4395 3780 4470; baseline 0.006 -24"><span class='ocrx_word' id='word_1_614' title='bbox 2224 4396 2508 4466; x_wconf 73' lang='grc' dir='ltr'>επενήνοχα</span> <span class='ocrx_word' id='word_1_615' title='bbox 2538 4395 2637 4466; x_wconf 84' lang='grc' dir='ltr'>τὴν</span> <span class='ocrx_word' id='word_1_616' title='bbox 2672 4395 2864 4468; x_wconf 83' lang='grc' dir='ltr'><strong>ὀργήν)</strong></span> <span class='ocrx_word' id='word_1_617' title='bbox 2915 4397 3086 4470; x_wconf 72' lang='grc' dir='ltr'>ταύτῃ</span> <span class='ocrx_word' id='word_1_618' title='bbox 3132 4416 3213 4452; x_wconf 91' lang='grc' dir='ltr'><strong>τοι</strong></span> <span class='ocrx_word' id='word_1_619' title='bbox 3255 4399 3438 4454; x_wconf 85' lang='grc' dir='ltr'>λοιπὸν</span> <span class='ocrx_word' id='word_1_620' title='bbox 3478 4403 3557 4465; x_wconf 87' lang='grc' dir='ltr'>εἰς</span> <span class='ocrx_word' id='word_1_621' title='bbox 3600 4403 3780 4457; x_wconf 76' lang='grc' dir='ltr'>ἔλαιον</span> 
     </span>
    </p>
   </div>
   <div class='ocr_carea' id='block_1_87' title="bbox 527 4487 2121 4579">
    <p class='ocr_par' dir='ltr' id='par_1_87' title="bbox 527 4492 2096 4565">
     <span class='ocr_line' id='line_1_87' title="bbox 527 4492 2096 4565; baseline -0.001 -18"><span class='ocrx_word' id='word_1_622' title='bbox 527 4494 594 4547; x_wconf 88' lang='lat' dir='ltr'><strong>ad</strong></span> <span class='ocrx_word' id='word_1_623' title='bbox 636 4493 944 4548; x_wconf 81' lang='lat' dir='ltr'><strong>facultatem</strong></span> <span class='ocrx_word' id='word_1_624' title='bbox 991 4508 1055 4546; x_wconf 89' lang='lat' dir='ltr'><strong>ea</strong></span> <span class='ocrx_word' id='word_1_625' title='bbox 1111 4494 1423 4562; x_wconf 79' lang='lat' dir='ltr'><strong>praestaudi,</strong></span> <span class='ocrx_word' id='word_1_626' title='bbox 1473 4509 1569 4561; x_wconf 90' lang='lat' dir='ltr'><strong>per</strong></span> <span class='ocrx_word' id='word_1_627' title='bbox 1609 4509 1730 4563; x_wconf 74' lang='lat' dir='ltr'><strong>qua:</strong></span> <span class='ocrx_word' id='word_1_628' title='bbox 1778 4492 1888 4548; x_wconf 91' lang='lat' dir='ltr'><strong>Deo</strong></span> <span class='ocrx_word' id='word_1_629' title='bbox 1945 4505 2096 4565; x_wconf 87' lang='lat' dir='ltr'><strong>grata</strong></span> 
     </span>
    </p>
   </div>
   <div class='ocr_carea' id='block_1_88' title="bbox 2224 4487 3778 4579">
    <p class='ocr_par' dir='ltr' id='par_1_88' title="bbox 2224 4487 3778 4565">
     <span class='ocr_line' id='line_1_88' title="bbox 2224 4487 3778 4565; baseline 0.005 -25"><span class='ocrx_word' id='word_1_630' title='bbox 2224 4489 2640 4558; x_wconf 72' lang='grc' dir='ltr'>ιεταστήσομαι,</span> <span class='ocrx_word' id='word_1_631' title='bbox 2669 4487 2766 4542; x_wconf 79' lang='grc' dir='ltr'>καὶ</span> <span class='ocrx_word' id='word_1_632' title='bbox 2789 4489 2925 4560; x_wconf 82' lang='grc' dir='ltr'>πρὸς</span> <span class='ocrx_word' id='word_1_633' title='bbox 2944 4492 3006 4542; x_wconf 79' lang='grc' dir='ltr'><strong>τὸ</strong></span> <span class='ocrx_word' id='word_1_634' title='bbox 3029 4492 3253 4560; x_wconf 75' lang='grc' dir='ltr'>ἄμεινον</span> <span class='ocrx_word' id='word_1_635' title='bbox 3277 4494 3613 4563; x_wconf 84' lang='grc' dir='ltr'>μετακομιῶ,</span> <span class='ocrx_word' id='word_1_636' title='bbox 3639 4495 3778 4565; x_wconf 84' lang='grc' dir='ltr'>πρός</span> 
     </span>
    </p>
   </div>
   <div class='ocr_carea' id='block_1_89' title="bbox 525 4576 2121 4658">
    <p class='ocr_par' dir='ltr' id='par_1_89' title="bbox 525 4585 2094 4656">
     <span class='ocr_line' id='line_1_89' title="bbox 525 4585 2094 4656; baseline -0.003 -16"><span class='ocrx_word' id='word_1_637' title='bbox 525 4587 752 4640; x_wconf 83' lang='lat' dir='ltr'><strong>evadere</strong></span> <span class='ocrx_word' id='word_1_638' title='bbox 791 4594 971 4655; x_wconf 89' lang='lat' dir='ltr'><strong>queat,</strong></span> <span class='ocrx_word' id='word_1_639' title='bbox 1015 4585 1358 4642; x_wconf 82' lang='lat' dir='ltr'><strong>transferam.</strong></span> <span class='ocrx_word' id='word_1_640' title='bbox 1393 4586 1527 4652; x_wconf 84' lang='lat' dir='ltr'><strong>Quis</strong></span> <span class='ocrx_word' id='word_1_641' title='bbox 1562 4600 1710 4656; x_wconf 90' lang='lat' dir='ltr'><strong>ergo,</strong></span> <span class='ocrx_word' id='word_1_642' title='bbox 1758 4586 1950 4654; x_wconf 88' lang='lat' dir='ltr'><strong>inquit,</strong></span> <span class='ocrx_word' id='word_1_643' title='bbox 1982 4603 2094 4639; x_wconf 81' lang='lat' dir='ltr'><strong>IINI-</strong></span> 
     </span>
    </p>
   </div>
   <div class='ocr_carea' id='block_1_90' title="bbox 2224 4576 3774 4658">
    <p class='ocr_par' dir='ltr' id='par_1_90' title="bbox 2224 4576 3774 4658">
     <span class='ocr_line' id='line_1_90' title="bbox 2224 4576 3774 4658; baseline 0.005 -27"><span class='ocrx_word' id='word_1_644' title='bbox 2224 4595 2256 4631; x_wconf 61' lang='grc' dir='ltr'>νε</span> <span class='ocrx_word' id='word_1_645' title='bbox 2276 4579 2337 4632; x_wconf 84' lang='grc' dir='ltr'><strong>τὸ</strong></span> <span class='ocrx_word' id='word_1_646' title='bbox 2354 4577 2612 4632; x_wconf 79' lang='grc' dir='ltr'>δύνασθαι</span> <span class='ocrx_word' id='word_1_647' title='bbox 2635 4577 2874 4650; x_wconf 82' lang='grc' dir='ltr'>πληροῦν</span> <span class='ocrx_word' id='word_1_648' title='bbox 2897 4581 2967 4634; x_wconf 83' lang='grc' dir='ltr'>τὰ</span> <span class='ocrx_word' id='word_1_649' title='bbox 2989 4581 3055 4635; x_wconf 84' lang='grc' dir='ltr'>δι’</span> <span class='ocrx_word' id='word_1_650' title='bbox 3078 4576 3154 4636; x_wconf 84' lang='grc' dir='ltr'>ὧν</span> <span class='ocrx_word' id='word_1_651' title='bbox 3179 4581 3243 4636; x_wconf 84' lang='grc' dir='ltr'>ἂν</span> <span class='ocrx_word' id='word_1_652' title='bbox 3265 4584 3470 4651; x_wconf 82' lang='grc' dir='ltr'>γένοιτο</span> <span class='ocrx_word' id='word_1_653' title='bbox 3496 4584 3774 4658; x_wconf 77' lang='grc' dir='ltr'>θεοφιλής.</span> 
     </span>
    </p>
   </div>
   <div class='ocr_carea' id='block_1_91' title="bbox 525 4669 2121 4748">
    <p class='ocr_par' dir='ltr' id='par_1_91' title="bbox 525 4674 2088 4745">
     <span class='ocr_line' id='line_1_91' title="bbox 525 4674 2088 4745; baseline -0.001 -18"><span class='ocrx_word' id='word_1_654' title='bbox 525 4676 623 4730; x_wconf 89' lang='lat' dir='ltr'><strong>dus</strong></span> <span class='ocrx_word' id='word_1_655' title='bbox 647 4677 752 4729; x_wconf 85' lang='lat' dir='ltr'><strong>erit</strong></span> <span class='ocrx_word' id='word_1_656' title='bbox 796 4674 1147 4729; x_wconf 84' lang='lat' dir='ltr'><strong>sanationis?</strong></span> <span class='ocrx_word' id='word_1_657' title='bbox 1199 4693 1217 4725; x_wconf 84' lang='grc' dir='ltr'><strong>ι</strong></span> <span class='ocrx_word' id='word_1_658' title='bbox 1265 4675 1402 4730; x_wconf 86' lang='lat' dir='ltr'><strong>Ecce</strong></span> <span class='ocrx_word' id='word_1_659' title='bbox 1435 4690 1534 4745; x_wconf 82' lang='lat' dir='ltr'><strong>ego</strong></span> <span class='ocrx_word' id='word_1_660' title='bbox 1579 4677 1780 4730; x_wconf 89' lang='lat' dir='ltr'><strong>seduco</strong></span> <span class='ocrx_word' id='word_1_661' title='bbox 1829 4674 1977 4729; x_wconf 84' lang='lat' dir='ltr'><strong>illam</strong></span> <span class='ocrx_word' id='word_1_662' title='bbox 2015 4692 2028 4728; x_wconf 91' lang='lat'><strong>:</strong></span> <span class='ocrx_word' id='word_1_663' title='bbox 2071 4693 2088 4724; x_wconf 74' lang='grc' dir='ltr'><strong>ι</strong></span> 
     </span>
    </p>
   </div>
   <div class='ocr_carea' id='block_1_92' title="bbox 2224 4669 3772 4748">
    <p class='ocr_par' dir='ltr' id='par_1_92' title="bbox 2224 4669 3772 4748">
     <span class='ocr_line' id='line_1_92' title="bbox 2224 4669 3772 4748; baseline 0.004 -24"><span class='ocrx_word' id='word_1_664' title='bbox 2224 4671 2292 4736; x_wconf 65' lang='grc' dir='ltr'>Τίς</span> <span class='ocrx_word' id='word_1_665' title='bbox 2317 4672 2382 4743; x_wconf 79' lang='grc' dir='ltr'>δὴ</span> <span class='ocrx_word' id='word_1_666' title='bbox 2409 4669 2502 4727; x_wconf 82' lang='grc' dir='ltr'>οὖν</span> <span class='ocrx_word' id='word_1_667' title='bbox 2532 4672 2659 4744; x_wconf 81' lang='grc' dir='ltr'>ἄρα,</span> <span class='ocrx_word' id='word_1_668' title='bbox 2688 4673 2873 4744; x_wconf 67' lang='grc' dir='ltr'>φησιν,</span> <span class='ocrx_word' id='word_1_669' title='bbox 2906 4676 2936 4726; x_wconf 83' lang='grc' dir='ltr'>ὁ</span> <span class='ocrx_word' id='word_1_670' title='bbox 2962 4673 3061 4744; x_wconf 86' lang='grc' dir='ltr'><strong>τῆς</strong></span> <span class='ocrx_word' id='word_1_671' title='bbox 3087 4675 3326 4738; x_wconf 82' lang='grc' dir='ltr'>ἀκέσεως</span> <span class='ocrx_word' id='word_1_672' title='bbox 3355 4675 3505 4729; x_wconf 81' lang='grc' dir='ltr'>ἐσται</span> <span class='ocrx_word' id='word_1_673' title='bbox 3539 4678 3772 4748; x_wconf 77' lang='grc' dir='ltr'>τρόποςς</span> 
     </span>
    </p>
   </div>
   <div class='ocr_carea' id='block_1_93' title="bbox 523 4761 2121 4838">
    <p class='ocr_par' dir='ltr' id='par_1_93' title="bbox 523 4765 2090 4833">
     <span class='ocr_line' id='line_1_93' title="bbox 523 4765 2090 4833; baseline 0.001 -16"><span class='ocrx_word' id='word_1_674' title='bbox 523 4779 628 4817; x_wconf 89' lang='lat' dir='ltr'><strong>non</strong></span> <span class='ocrx_word' id='word_1_675' title='bbox 678 4779 808 4818; x_wconf 85' lang='lat' dir='ltr'><strong>sane</strong></span> <span class='ocrx_word' id='word_1_676' title='bbox 857 4765 926 4817; x_wconf 87' lang='lat' dir='ltr'><strong>ab</strong></span> <span class='ocrx_word' id='word_1_677' title='bbox 966 4779 1033 4818; x_wconf 92' lang='lat' dir='ltr'><strong>eo</strong></span> <span class='ocrx_word' id='word_1_678' title='bbox 1086 4765 1226 4833; x_wconf 85' lang='lat' dir='ltr'><strong>quod</strong></span> <span class='ocrx_word' id='word_1_679' title='bbox 1275 4766 1486 4819; x_wconf 59' lang='lat' dir='ltr'><strong>tuendae</strong></span> <span class='ocrx_word' id='word_1_680' title='bbox 1538 4767 1659 4820; x_wconf 68' lang='lat' dir='ltr'><strong>vita:</strong></span> <span class='ocrx_word' id='word_1_681' title='bbox 1726 4765 2090 4821; x_wconf 81' lang='lat' dir='ltr'><strong>necessarium</strong></span> 
     </span>
    </p>
   </div>
   <div class='ocr_carea' id='block_1_94' title="bbox 2224 4761 3775 4838">
    <p class='ocr_par' dir='ltr' id='par_1_94' title="bbox 2274 4761 3775 4838">
     <span class='ocr_line' id='line_1_94' title="bbox 2274 4761 3775 4838; baseline 0.005 -23"><span class='ocrx_word' id='word_1_682' title='bbox 2274 4763 2403 4816; x_wconf 85' lang='grc' dir='ltr'>Ἰδοὺ</span> <span class='ocrx_word' id='word_1_683' title='bbox 2431 4761 2542 4831; x_wconf 75' lang='grc' dir='ltr'><strong>ἐγὼ</strong></span> <span class='ocrx_word' id='word_1_684' title='bbox 2583 4763 2772 4817; x_wconf 88' lang='grc' dir='ltr'>πλανῶ</span> <span class='ocrx_word' id='word_1_685' title='bbox 2804 4764 2976 4834; x_wconf 81' lang='grc' dir='ltr'>αὐτήν</span> <span class='ocrx_word' id='word_1_686' title='bbox 2997 4777 3012 4792; x_wconf 79' lang='grc'><strong><em>⁸</em></strong></span> <span class='ocrx_word' id='word_1_687' title='bbox 3047 4783 3066 4816; x_wconf 69' lang='grc' dir='ltr'><strong>ι</strong></span> <span class='ocrx_word' id='word_1_688' title='bbox 3103 4765 3203 4818; x_wconf 80' lang='grc' dir='ltr'><strong>οὐκ</strong></span> <span class='ocrx_word' id='word_1_689' title='bbox 3239 4766 3346 4819; x_wconf 85' lang='grc' dir='ltr'><strong>ἀπό</strong></span> <span class='ocrx_word' id='word_1_690' title='bbox 3374 4783 3438 4834; x_wconf 87' lang='grc' dir='ltr'>γε</span> <span class='ocrx_word' id='word_1_691' title='bbox 3478 4768 3572 4820; x_wconf 86' lang='grc' dir='ltr'><strong>τοῦ</strong></span> <span class='ocrx_word' id='word_1_692' title='bbox 3605 4770 3775 4838; x_wconf 82' lang='grc' dir='ltr'><strong>ἀναγ-</strong></span> 
     </span>
    </p>
   </div>
   <div class='ocr_carea' id='block_1_95' title="bbox 518 4853 2121 4930">
    <p class='ocr_par' dir='ltr' id='par_1_95' title="bbox 518 4853 2090 4926">
     <span class='ocr_line' id='line_1_95' title="bbox 518 4853 2090 4926; baseline 0.001 -19"><span class='ocrx_word' id='word_1_693' title='bbox 518 4863 604 4907; x_wconf 85' lang='lat' dir='ltr'><strong>est</strong></span> <span class='ocrx_word' id='word_1_694' title='bbox 641 4863 804 4920; x_wconf 67' lang='lat' dir='ltr'><strong>atque</strong></span> <span class='ocrx_word' id='word_1_695' title='bbox 854 4855 1001 4918; x_wconf 84' lang='lat' dir='ltr'><strong>utile,</strong></span> <span class='ocrx_word' id='word_1_696' title='bbox 1032 4865 1091 4908; x_wconf 86' lang='lat' dir='ltr'><strong>ut</strong></span> <span class='ocrx_word' id='word_1_697' title='bbox 1129 4855 1382 4922; x_wconf 87' lang='lat' dir='ltr'><strong>deinceps</strong></span> <span class='ocrx_word' id='word_1_698' title='bbox 1437 4854 1542 4909; x_wconf 88' lang='lat' dir='ltr'><strong>tale</strong></span> <span class='ocrx_word' id='word_1_699' title='bbox 1594 4871 1698 4909; x_wconf 91' lang='lat' dir='ltr'><strong>non</strong></span> <span class='ocrx_word' id='word_1_700' title='bbox 1724 4853 1832 4926; x_wconf 68' lang='grc'><strong>45</strong></span> <span class='ocrx_word' id='word_1_701' title='bbox 1872 4856 2090 4910; x_wconf 82' lang='lat' dir='ltr'><strong>sitzsed</strong></span> 
     </span>
    </p>
   </div>
   <div class='ocr_carea' id='block_1_96' title="bbox 2224 4853 3771 4930">
    <p class='ocr_par' dir='ltr' id='par_1_96' title="bbox 2224 4854 3771 4930">
     <span class='ocr_line' id='line_1_96' title="bbox 2224 4854 3771 4930; baseline 0.005 -24"><span class='ocrx_word' id='word_1_702' title='bbox 2224 4854 2349 4907; x_wconf 79' lang='grc' dir='ltr'>ιαίου</span> <span class='ocrx_word' id='word_1_703' title='bbox 2383 4858 2478 4908; x_wconf 70' lang='grc' dir='ltr'><strong>καὶ¹</strong></span> <span class='ocrx_word' id='word_1_704' title='bbox 2531 4855 2806 4927; x_wconf 83' lang='grc' dir='ltr'>χρησίμου</span> <span class='ocrx_word' id='word_1_705' title='bbox 2845 4858 2982 4928; x_wconf 78' lang='grc' dir='ltr'>πρὸς</span> <span class='ocrx_word' id='word_1_706' title='bbox 3012 4856 3158 4929; x_wconf 79' lang='grc' dir='ltr'>ζωὴν</span> <span class='ocrx_word' id='word_1_707' title='bbox 3195 4857 3331 4928; x_wconf 84' lang='grc' dir='ltr'>πρὸς</span> <span class='ocrx_word' id='word_1_708' title='bbox 3365 4858 3426 4911; x_wconf 82' lang='grc' dir='ltr'><strong>τὸ</strong></span> <span class='ocrx_word' id='word_1_709' title='bbox 3475 4860 3552 4930; x_wconf 85' lang='grc' dir='ltr'>μὴ</span> <span class='ocrx_word' id='word_1_710' title='bbox 3596 4859 3771 4925; x_wconf 82' lang='grc' dir='ltr'>οὕτως</span> 
     </span>
    </p>
   </div>
   <div class='ocr_carea' id='block_1_97' title="bbox 520 4943 2121 5020">
    <p class='ocr_par' dir='ltr' id='par_1_97' title="bbox 520 4943 2088 5014">
     <span class='ocr_line' id='line_1_97' title="bbox 520 4943 2088 5014; baseline -0.001 -15"><span class='ocrx_word' id='word_1_711' title='bbox 520 4963 550 4999; x_wconf 88' lang='lat' dir='ltr'><strong>a</strong></span> <span class='ocrx_word' id='word_1_712' title='bbox 596 4945 860 5014; x_wconf 87' lang='lat' dir='ltr'><strong>turpibus,</strong></span> <span class='ocrx_word' id='word_1_713' title='bbox 888 4956 942 4998; x_wconf 88' lang='lat' dir='ltr'><strong>et</strong></span> <span class='ocrx_word' id='word_1_714' title='bbox 962 4960 1163 5000; x_wconf 73' lang='lat' dir='ltr'><strong>sincere</strong></span> <span class='ocrx_word' id='word_1_715' title='bbox 1204 4943 1378 4998; x_wconf 78' lang='lat' dir='ltr'><strong>Solitls</strong></span> <span class='ocrx_word' id='word_1_716' title='bbox 1403 4946 1469 4998; x_wconf 90' lang='lat' dir='ltr'><strong>ad</strong></span> <span class='ocrx_word' id='word_1_717' title='bbox 1517 4946 1688 4999; x_wconf 90' lang='lat' dir='ltr'><strong>utilia.</strong></span> <span class='ocrx_word' id='word_1_718' title='bbox 1729 4947 2088 5012; x_wconf 72' lang='lat' dir='ltr'><strong>Quemadmo-</strong></span> 
     </span>
    </p>
   </div>
   <div class='ocr_carea' id='block_1_98' title="bbox 2224 4943 3768 5020">
    <p class='ocr_par' dir='ltr' id='par_1_98' title="bbox 2224 4946 3768 5020">
     <span class='ocr_line' id='line_1_98' title="bbox 2224 4946 3768 5020; baseline 0.005 -21"><span class='ocrx_word' id='word_1_719' title='bbox 2224 4963 2335 5017; x_wconf 86' lang='grc' dir='ltr'>χον,</span> <span class='ocrx_word' id='word_1_720' title='bbox 2364 4947 2481 5000; x_wconf 80' lang='grc' dir='ltr'>ἀλλ’</span> <span class='ocrx_word' id='word_1_721' title='bbox 2514 4949 2580 5001; x_wconf 83' lang='grc' dir='ltr'>ὲκ</span> <span class='ocrx_word' id='word_1_722' title='bbox 2608 4946 2716 5003; x_wconf 85' lang='grc' dir='ltr'><strong>τῶν</strong></span> <span class='ocrx_word' id='word_1_723' title='bbox 2761 4948 3048 5018; x_wconf 78' lang='grc' dir='ltr'>αἰσχιόνων</span> <span class='ocrx_word' id='word_1_724' title='bbox 3077 4949 3170 5002; x_wconf 81' lang='grc' dir='ltr'>καὶ</span> <span class='ocrx_word' id='word_1_725' title='bbox 3197 4949 3402 5002; x_wconf 81' lang='grc' dir='ltr'>ἀδικεῖν</span> <span class='ocrx_word' id='word_1_726' title='bbox 3445 4953 3768 5020; x_wconf 82' lang='grc' dir='ltr'>πεφυκότων</span> 
     </span>
    </p>
   </div>
   <div class='ocr_carea' id='block_1_99' title="bbox 517 5035 2121 5114">
    <p class='ocr_par' dir='ltr' id='par_1_99' title="bbox 517 5035 2087 5104">
     <span class='ocr_line' id='line_1_99' title="bbox 517 5035 2087 5104; baseline 0.001 -15"><span class='ocrx_word' id='word_1_727' title='bbox 517 5038 642 5090; x_wconf 89' lang='lat' dir='ltr'><strong>dum</strong></span> <span class='ocrx_word' id='word_1_728' title='bbox 681 5035 825 5088; x_wconf 83' lang='lat' dir='ltr'><strong>enim</strong></span> <span class='ocrx_word' id='word_1_729' title='bbox 859 5051 889 5088; x_wconf 90' lang='lat' dir='ltr'><strong>a</strong></span> <span class='ocrx_word' id='word_1_730' title='bbox 929 5036 1128 5090; x_wconf 81' lang='lat' dir='ltr'><strong>virtute</strong></span> <span class='ocrx_word' id='word_1_731' title='bbox 1157 5039 1222 5088; x_wconf 89' lang='lat' dir='ltr'><strong>ad</strong></span> <span class='ocrx_word' id='word_1_732' title='bbox 1268 5038 1396 5090; x_wconf 88' lang='lat' dir='ltr'><strong>vitia</strong></span> <span class='ocrx_word' id='word_1_733' title='bbox 1433 5035 1710 5092; x_wconf 87' lang='lat' dir='ltr'><strong>seducitur</strong></span> <span class='ocrx_word' id='word_1_734' title='bbox 1760 5040 1970 5104; x_wconf 85' lang='lat' dir='ltr'><strong>anima;</strong></span> <span class='ocrx_word' id='word_1_735' title='bbox 2015 5038 2087 5091; x_wconf 87' lang='lat' dir='ltr'><strong>ita</strong></span> 
     </span>
    </p>
   </div>
   <div class='ocr_carea' id='block_1_100' title="bbox 2224 5035 3765 5114">
    <p class='ocr_par' dir='ltr' id='par_1_100' title="bbox 2224 5038 3765 5114">
     <span class='ocr_line' id='line_1_100' title="bbox 2224 5038 3765 5114; baseline 0.005 -24"><span class='ocrx_word' id='word_1_736' title='bbox 2224 5039 2283 5091; x_wconf 75' lang='grc' dir='ltr'>πὶ</span> <span class='ocrx_word' id='word_1_737' title='bbox 2305 5038 2366 5091; x_wconf 84' lang='grc' dir='ltr'><strong>τὸ</strong></span> <span class='ocrx_word' id='word_1_738' title='bbox 2395 5038 2584 5092; x_wconf 84' lang='grc' dir='ltr'>τελοῦν</span> <span class='ocrx_word' id='word_1_739' title='bbox 2612 5041 2693 5103; x_wconf 85' lang='grc' dir='ltr'><strong>είς</strong></span> <span class='ocrx_word' id='word_1_740' title='bbox 2734 5039 2940 5112; x_wconf 76' lang='grc' dir='ltr'>ὄνησιν.</span> <span class='ocrx_word' id='word_1_741' title='bbox 2975 5040 3186 5111; x_wconf 80' lang='grc' dir='ltr'>’Ὠσπερ</span> <span class='ocrx_word' id='word_1_742' title='bbox 3217 5040 3326 5112; x_wconf 82' lang='grc' dir='ltr'><strong>γὰρ</strong></span> <span class='ocrx_word' id='word_1_743' title='bbox 3369 5041 3429 5107; x_wconf 82' lang='grc' dir='ltr'>ἐξ</span> <span class='ocrx_word' id='word_1_744' title='bbox 3456 5043 3658 5114; x_wconf 80' lang='grc' dir='ltr'>ἀρετῆς</span> <span class='ocrx_word' id='word_1_745' title='bbox 3685 5049 3765 5108; x_wconf 83' lang='grc' dir='ltr'>εἰς</span> 
     </span>
    </p>
   </div>
   <div class='ocr_carea' id='block_1_101' title="bbox 515 5127 2121 5206">
    <p class='ocr_par' dir='ltr' id='par_1_101' title="bbox 515 5127 2084 5198">
     <span class='ocr_line' id='line_1_101' title="bbox 515 5127 2084 5198; baseline 0.001 -17"><span class='ocrx_word' id='word_1_746' title='bbox 515 5141 596 5192; x_wconf 89' lang='lat' dir='ltr'><strong>ut,</strong></span> <span class='ocrx_word' id='word_1_747' title='bbox 639 5127 896 5190; x_wconf 86' lang='lat' dir='ltr'><strong>arbitror,</strong></span> <span class='ocrx_word' id='word_1_748' title='bbox 947 5142 976 5180; x_wconf 92' lang='lat' dir='ltr'><strong>a</strong></span> <span class='ocrx_word' id='word_1_749' title='bbox 1027 5129 1268 5181; x_wconf 86' lang='lat' dir='ltr'><strong>moribus</strong></span> <span class='ocrx_word' id='word_1_750' title='bbox 1313 5130 1582 5196; x_wconf 85' lang='lat' dir='ltr'><strong>perversis</strong></span> <span class='ocrx_word' id='word_1_751' title='bbox 1629 5131 1774 5182; x_wconf 80' lang='lat' dir='ltr'><strong>velut</strong></span> <span class='ocrx_word' id='word_1_752' title='bbox 1813 5138 2084 5198; x_wconf 76' lang='lat' dir='ltr'><strong>retrogre-</strong></span> 
     </span>
    </p>
   </div>
   <div class='ocr_carea' id='block_1_102' title="bbox 2224 5127 3764 5206">
    <p class='ocr_par' dir='ltr' id='par_1_102' title="bbox 2224 5129 3764 5206">
     <span class='ocr_line' id='line_1_102' title="bbox 2224 5129 3764 5206; baseline 0.004 -22"><span class='ocrx_word' id='word_1_753' title='bbox 2224 5131 2500 5201; x_wconf 87' lang='grc' dir='ltr'>ιαυλότητα</span> <span class='ocrx_word' id='word_1_754' title='bbox 2517 5131 2784 5185; x_wconf 79' lang='grc' dir='ltr'>πλανᾶται</span> <span class='ocrx_word' id='word_1_755' title='bbox 2809 5131 2952 5202; x_wconf 83' lang='grc' dir='ltr'><strong>ψυχή</strong></span> <span class='ocrx_word' id='word_1_756' title='bbox 2979 5147 2993 5163; x_wconf 80' lang='grc' dir='ltr'><strong><em>ο</em></strong></span> <span class='ocrx_word' id='word_1_757' title='bbox 3028 5130 3118 5184; x_wconf 84' lang='grc' dir='ltr'>τὸν</span> <span class='ocrx_word' id='word_1_758' title='bbox 3145 5132 3329 5198; x_wconf 82' lang='grc' dir='ltr'>αὑτὸν,</span> <span class='ocrx_word' id='word_1_759' title='bbox 3360 5129 3536 5204; x_wconf 77' lang='grc' dir='ltr'>οἶμαι,</span> <span class='ocrx_word' id='word_1_760' title='bbox 3564 5137 3764 5206; x_wconf 83' lang='grc' dir='ltr'>τρόπον</span> 
     </span>
    </p>
   </div>
   <div class='ocr_carea' id='block_1_103' title="bbox 512 5220 2121 5305">
    <p class='ocr_par' dir='ltr' id='par_1_103' title="bbox 512 5220 2085 5290">
     <span class='ocr_line' id='line_1_103' title="bbox 512 5220 2085 5290; baseline 0 -16"><span class='ocrx_word' id='word_1_761' title='bbox 512 5221 687 5286; x_wconf 81' lang='lat' dir='ltr'><strong>dieus,</strong></span> <span class='ocrx_word' id='word_1_762' title='bbox 719 5220 936 5274; x_wconf 73' lang='lat' dir='ltr'><strong>seducta</strong></span> <span class='ocrx_word' id='word_1_763' title='bbox 969 5223 1354 5289; x_wconf 83' lang='lat' dir='ltr'><strong>pr0peiuodutn</strong></span> <span class='ocrx_word' id='word_1_764' title='bbox 1415 5221 1579 5274; x_wconf 87' lang='lat' dir='ltr'><strong>videri</strong></span> <span class='ocrx_word' id='word_1_765' title='bbox 1623 5230 1804 5290; x_wconf 84' lang='lat' dir='ltr'><strong>queat,</strong></span> <span class='ocrx_word' id='word_1_766' title='bbox 1841 5241 1871 5276; x_wconf 91' lang='lat' dir='ltr'><strong>e</strong></span> <span class='ocrx_word' id='word_1_767' title='bbox 1921 5238 2085 5288; x_wconf 87' lang='lat' dir='ltr'><strong>scopo</strong></span> 
     </span>
    </p>
   </div>
   <div class='ocr_carea' id='block_1_104' title="bbox 2224 5220 3760 5305">
    <p class='ocr_par' dir='ltr' id='par_1_104' title="bbox 2224 5228 3760 5305">
     <span class='ocr_line' id='line_1_104' title="bbox 2224 5228 3760 5305; baseline 0.005 -23"><span class='ocrx_word' id='word_1_768' title='bbox 2224 5246 2251 5282; x_wconf 82' lang='grc' dir='ltr'><strong>κ</strong></span> <span class='ocrx_word' id='word_1_769' title='bbox 2279 5228 2390 5281; x_wconf 82' lang='grc' dir='ltr'><strong>τῶν</strong></span> <span class='ocrx_word' id='word_1_770' title='bbox 2417 5228 2516 5298; x_wconf 83' lang='grc' dir='ltr'><strong>τῆς</strong></span> <span class='ocrx_word' id='word_1_771' title='bbox 2538 5228 2868 5298; x_wconf 86' lang='grc' dir='ltr'>φαυλότητος</span> <span class='ocrx_word' id='word_1_772' title='bbox 2889 5229 3108 5300; x_wconf 86' lang='grc' dir='ltr'>τρόπων</span> <span class='ocrx_word' id='word_1_773' title='bbox 3132 5230 3322 5285; x_wconf 84' lang='grc' dir='ltr'>ὰνόπιν</span> <span class='ocrx_word' id='word_1_774' title='bbox 3365 5231 3555 5305; x_wconf 82' lang='grc' dir='ltr'>ὥσπερ</span> <span class='ocrx_word' id='word_1_775' title='bbox 3586 5234 3760 5296; x_wconf 77' lang='grc' dir='ltr'>ἰοῦσα.</span> 
     </span>
    </p>
   </div>
   <div class='ocr_carea' id='block_1_105' title="bbox 509 5312 2121 5391">
    <p class='ocr_par' dir='ltr' id='par_1_105' title="bbox 509 5312 2083 5384">
     <span class='ocr_line' id='line_1_105' title="bbox 509 5312 2083 5384; baseline 0.003 -20"><span class='ocrx_word' id='word_1_776' title='bbox 509 5325 608 5365; x_wconf 88' lang='lat' dir='ltr'><strong>suo</strong></span> <span class='ocrx_word' id='word_1_777' title='bbox 659 5312 892 5376; x_wconf 82' lang='lat' dir='ltr'><strong>detorta,</strong></span> <span class='ocrx_word' id='word_1_778' title='bbox 921 5323 976 5366; x_wconf 92' lang='lat' dir='ltr'><strong>et</strong></span> <span class='ocrx_word' id='word_1_779' title='bbox 1013 5314 1282 5381; x_wconf 84' lang='lat' dir='ltr'><strong>proposita</strong></span> <span class='ocrx_word' id='word_1_780' title='bbox 1314 5314 1505 5368; x_wconf 86' lang='lat' dir='ltr'><strong>semita</strong></span> <span class='ocrx_word' id='word_1_781' title='bbox 1557 5330 1664 5368; x_wconf 90' lang='lat' dir='ltr'><strong>non</strong></span> <span class='ocrx_word' id='word_1_782' title='bbox 1695 5315 1927 5384; x_wconf 83' lang='lat' dir='ltr'><strong>amplius</strong></span> <span class='ocrx_word' id='word_1_783' title='bbox 1956 5331 2083 5370; x_wconf 89' lang='lat' dir='ltr'><strong>cur-</strong></span> 
     </span>
    </p>
   </div>
   <div class='ocr_carea' id='block_1_106' title="bbox 2224 5312 3760 5391">
    <p class='ocr_par' dir='ltr' id='par_1_106' title="bbox 2224 5320 3760 5391">
     <span class='ocr_line' id='line_1_106' title="bbox 2224 5320 3760 5391; baseline 0.005 -17"><span class='ocrx_word' id='word_1_784' title='bbox 2224 5320 2471 5390; x_wconf 75' lang='grc' dir='ltr'>ονονουχὶ</span> <span class='ocrx_word' id='word_1_785' title='bbox 2493 5320 2869 5391; x_wconf 82' lang='grc' dir='ltr'>πεπλανῆσθαι</span> <span class='ocrx_word' id='word_1_786' title='bbox 2898 5321 3100 5386; x_wconf 80' lang='grc' dir='ltr'>δόξειεν</span> <span class='ocrx_word' id='word_1_787' title='bbox 3140 5321 3228 5386; x_wconf 81' lang='grc' dir='ltr'><strong>ἂν,</strong></span> <span class='ocrx_word' id='word_1_788' title='bbox 3259 5322 3355 5377; x_wconf 89' lang='grc' dir='ltr'><strong>τοῦ</strong></span> <span class='ocrx_word' id='word_1_789' title='bbox 3394 5326 3522 5379; x_wconf 75' lang='grc' dir='ltr'>ἰδίου</span> <span class='ocrx_word' id='word_1_790' title='bbox 3555 5329 3760 5381; x_wconf 72' lang='grc' dir='ltr'>σκοποῦ</span> 
     </span>
    </p>
   </div>
   <div class='ocr_carea' id='block_1_107' title="bbox 508 5403 2121 5489">
    <p class='ocr_par' dir='ltr' id='par_1_107' title="bbox 508 5403 2081 5477">
     <span class='ocr_line' id='line_1_107' title="bbox 508 5403 2081 5477; baseline 0.003 -21"><span class='ocrx_word' id='word_1_791' title='bbox 508 5417 656 5456; x_wconf 86' lang='lat' dir='ltr'><strong>reus.</strong></span> <span class='ocrx_word' id='word_1_792' title='bbox 704 5403 771 5457; x_wconf 89' lang='lat' dir='ltr'><strong>Et</strong></span> <span class='ocrx_word' id='word_1_793' title='bbox 810 5405 950 5458; x_wconf 85' lang='lat' dir='ltr'><strong>sicut</strong></span> <span class='ocrx_word' id='word_1_794' title='bbox 997 5405 1113 5471; x_wconf 83' lang='lat' dir='ltr'><strong>ejus</strong></span> <span class='ocrx_word' id='word_1_795' title='bbox 1143 5405 1244 5459; x_wconf 67' lang='lat' dir='ltr'><strong>viae</strong></span> <span class='ocrx_word' id='word_1_796' title='bbox 1271 5406 1474 5459; x_wconf 84' lang='lat' dir='ltr'><strong>utiliter</strong></span> <span class='ocrx_word' id='word_1_797' title='bbox 1525 5407 1659 5475; x_wconf 88' lang='lat' dir='ltr'><strong>palis</strong></span> <span class='ocrx_word' id='word_1_798' title='bbox 1709 5409 2081 5477; x_wconf 88' lang='lat' dir='ltr'><strong>impedieban-</strong></span> 
     </span>
    </p>
   </div>
   <div class='ocr_carea' id='block_1_108' title="bbox 2224 5403 3759 5489">
    <p class='ocr_par' dir='ltr' id='par_1_108' title="bbox 2224 5412 3759 5489">
     <span class='ocr_line' id='line_1_108' title="bbox 2224 5412 3759 5489; baseline 0.01 -30"><span class='ocrx_word' id='word_1_799' title='bbox 2224 5412 2657 5483; x_wconf 76' lang='grc' dir='ltr'>ταρενηνεγμένη,</span> <span class='ocrx_word' id='word_1_800' title='bbox 2698 5414 2792 5466; x_wconf 76' lang='grc' dir='ltr'><strong>καὶ</strong></span> <span class='ocrx_word' id='word_1_801' title='bbox 2829 5413 3015 5484; x_wconf 74' lang='grc' dir='ltr'>τρίϐον</span> <span class='ocrx_word' id='word_1_802' title='bbox 3042 5414 3226 5468; x_wconf 81' lang='grc' dir='ltr'>οὐκέτι</span> <span class='ocrx_word' id='word_1_803' title='bbox 3266 5416 3368 5487; x_wconf 80' lang='grc' dir='ltr'><strong>τὴν</strong></span> <span class='ocrx_word' id='word_1_804' title='bbox 3400 5418 3759 5489; x_wconf 84' lang='grc' dir='ltr'>προτεθεῖσαν</span> 
     </span>
    </p>
   </div>
   <div class='ocr_carea' id='block_1_109' title="bbox 505 5494 2121 5580">
    <p class='ocr_par' dir='ltr' id='par_1_109' title="bbox 505 5494 2080 5567">
     <span class='ocr_line' id='line_1_109' title="bbox 505 5494 2080 5567; baseline 0.004 -16"><span class='ocrx_word' id='word_1_805' title='bbox 505 5494 615 5559; x_wconf 74' lang='lat' dir='ltr'><strong>tui&#39;,</strong></span> <span class='ocrx_word' id='word_1_806' title='bbox 669 5511 738 5550; x_wconf 86' lang='lat' dir='ltr'><strong>ne</strong></span> <span class='ocrx_word' id='word_1_807' title='bbox 789 5509 1058 5551; x_wconf 84' lang='lat' dir='ltr'><strong>amatores</strong></span> <span class='ocrx_word' id='word_1_808' title='bbox 1099 5513 1223 5552; x_wconf 89' lang='lat' dir='ltr'><strong>suos</strong></span> <span class='ocrx_word' id='word_1_809' title='bbox 1275 5510 1654 5567; x_wconf 81' lang='lat' dir='ltr'><strong>assequeretur</strong></span> <span class='ocrx_word' id='word_1_810' title='bbox 1681 5519 1695 5554; x_wconf 87' lang='lat'><strong>:</strong></span> <span class='ocrx_word' id='word_1_811' title='bbox 1726 5503 1796 5555; x_wconf 88' lang='lat' dir='ltr'><strong>ita</strong></span> <span class='ocrx_word' id='word_1_812' title='bbox 1843 5510 1899 5556; x_wconf 77' lang='lat' dir='ltr'><strong>et</strong></span> <span class='ocrx_word' id='word_1_813' title='bbox 1942 5519 2080 5558; x_wconf 87' lang='lat' dir='ltr'><strong>nunc</strong></span> 
     </span>
    </p>
   </div>
   <div class='ocr_carea' id='block_1_110' title="bbox 2224 5494 3758 5580">
    <p class='ocr_par' dir='ltr' id='par_1_110' title="bbox 2224 5505 3758 5580">
     <span class='ocr_line' id='line_1_110' title="bbox 2224 5505 3758 5580; baseline 0.005 -25"><span class='ocrx_word' id='word_1_814' title='bbox 2224 5505 2489 5558; x_wconf 60' lang='grc' dir='ltr'>μάττουσα.</span> <span class='ocrx_word' id='word_1_815' title='bbox 2525 5505 2636 5557; x_wconf 77' lang='grc' dir='ltr'><strong>Καὶ</strong></span> <span class='ocrx_word' id='word_1_816' title='bbox 2665 5505 2854 5574; x_wconf 79' lang='grc' dir='ltr'>ὥσπερ</span> <span class='ocrx_word' id='word_1_817' title='bbox 2883 5505 3052 5576; x_wconf 77' lang='grc' dir='ltr'>αὐτῆς</span> <span class='ocrx_word' id='word_1_818' title='bbox 3100 5507 3157 5560; x_wconf 75' lang='grc' dir='ltr'>αἱ</span> <span class='ocrx_word' id='word_1_819' title='bbox 3185 5507 3296 5561; x_wconf 79' lang='grc' dir='ltr'>ὁδοὶ</span> <span class='ocrx_word' id='word_1_820' title='bbox 3328 5508 3616 5580; x_wconf 88' lang='grc' dir='ltr'>χρησίμως</span> <span class='ocrx_word' id='word_1_821' title='bbox 3646 5515 3758 5574; x_wconf 76' lang='grc' dir='ltr'>τοῖς</span> 
     </span>
    </p>
   </div>
   <div class='ocr_carea' id='block_1_111' title="bbox 504 5587 2121 5670">
    <p class='ocr_par' dir='ltr' id='par_1_111' title="bbox 504 5587 2080 5658">
     <span class='ocr_line' id='line_1_111' title="bbox 504 5587 2080 5658; baseline 0.006 -20"><span class='ocrx_word' id='word_1_822' title='bbox 504 5587 669 5641; x_wconf 79' lang='lat' dir='ltr'><strong>veluti</strong></span> <span class='ocrx_word' id='word_1_823' title='bbox 724 5601 819 5656; x_wconf 89' lang='lat' dir='ltr'><strong>per</strong></span> <span class='ocrx_word' id='word_1_824' title='bbox 845 5604 1080 5658; x_wconf 70' lang='lat' dir='ltr'><strong>praeceps</strong></span> <span class='ocrx_word' id='word_1_825' title='bbox 1110 5591 1160 5643; x_wconf 90' lang='lat' dir='ltr'><strong>in</strong></span> <span class='ocrx_word' id='word_1_826' title='bbox 1197 5590 1488 5658; x_wconf 88' lang='lat' dir='ltr'><strong>perniciem</strong></span> <span class='ocrx_word' id='word_1_827' title='bbox 1547 5603 1598 5648; x_wconf 85' lang='lat' dir='ltr'><strong>et</strong></span> <span class='ocrx_word' id='word_1_828' title='bbox 1635 5595 1856 5648; x_wconf 83' lang='lat' dir='ltr'><strong>exitium</strong></span> <span class='ocrx_word' id='word_1_829' title='bbox 1895 5611 2080 5648; x_wconf 85' lang='lat' dir='ltr'><strong>errare</strong></span> 
     </span>
    </p>
   </div>
   <div class='ocr_carea' id='block_1_112' title="bbox 2224 5587 3757 5670">
    <p class='ocr_par' dir='ltr' id='par_1_112' title="bbox 2224 5594 3757 5670">
     <span class='ocr_line' id='line_1_112' title="bbox 2224 5594 3757 5670; baseline 0.006 -25"><span class='ocrx_word' id='word_1_830' title='bbox 2224 5594 2434 5663; x_wconf 78' lang='grc' dir='ltr'>κόλοψιν</span> <span class='ocrx_word' id='word_1_831' title='bbox 2477 5595 2890 5666; x_wconf 81' lang='grc' dir='ltr'>ἀνεφράττοντο,</span> <span class='ocrx_word' id='word_1_832' title='bbox 2925 5595 3012 5648; x_wconf 76' lang='grc' dir='ltr'>ἵνα</span> <span class='ocrx_word' id='word_1_833' title='bbox 3038 5596 3111 5666; x_wconf 84' lang='grc' dir='ltr'><strong>μὴ</strong></span> <span class='ocrx_word' id='word_1_834' title='bbox 3139 5595 3417 5668; x_wconf 78' lang='grc' dir='ltr'>καταλάϐῃ</span> <span class='ocrx_word' id='word_1_835' title='bbox 3443 5600 3566 5662; x_wconf 82' lang='grc' dir='ltr'>τοὺς</span> <span class='ocrx_word' id='word_1_836' title='bbox 3586 5599 3757 5670; x_wconf 85' lang='grc' dir='ltr'>αὐτῆς</span> 
     </span>
    </p>
   </div>
   <div class='ocr_carea' id='block_1_113' title="bbox 502 5677 2121 5759">
    <p class='ocr_par' dir='ltr' id='par_1_113' title="bbox 502 5677 2079 5740">
     <span class='ocr_line' id='line_1_113' title="bbox 502 5677 2079 5740; baseline 0.007 -12"><span class='ocrx_word' id='word_1_837' title='bbox 502 5677 736 5740; x_wconf 84' lang='lat' dir='ltr'><strong>videtur,</strong></span> <span class='ocrx_word' id='word_1_838' title='bbox 766 5679 832 5732; x_wconf 89' lang='lat' dir='ltr'><strong>ad</strong></span> <span class='ocrx_word' id='word_1_839' title='bbox 882 5694 1121 5733; x_wconf 90' lang='lat' dir='ltr'><strong>amorem</strong></span> <span class='ocrx_word' id='word_1_840' title='bbox 1175 5681 1385 5736; x_wconf 84' lang='lat' dir='ltr'><strong>virtutis</strong></span> <span class='ocrx_word' id='word_1_841' title='bbox 1428 5681 1536 5737; x_wconf 90' lang='lat' dir='ltr'><strong>Deo</strong></span> <span class='ocrx_word' id='word_1_842' title='bbox 1573 5684 1861 5739; x_wconf 82' lang='lat' dir='ltr'><strong>miserante</strong></span> <span class='ocrx_word' id='word_1_843' title='bbox 1903 5697 2079 5740; x_wconf 78' lang='lat' dir='ltr'><strong>trans-</strong></span> 
     </span>
    </p>
   </div>
   <div class='ocr_carea' id='block_1_114' title="bbox 2224 5677 3756 5759">
    <p class='ocr_par' dir='ltr' id='par_1_114' title="bbox 2224 5683 3756 5759">
     <span class='ocr_line' id='line_1_114' title="bbox 2224 5683 3756 5759; baseline 0.005 -23"><span class='ocrx_word' id='word_1_844' title='bbox 2224 5686 2413 5748; x_wconf 69' lang='grc' dir='ltr'>οαστάς</span> <span class='ocrx_word' id='word_1_845' title='bbox 2438 5703 2456 5716; x_wconf 72' lang='grc' dir='ltr'><strong><em>ο</em></strong></span> <span class='ocrx_word' id='word_1_846' title='bbox 2491 5684 2633 5738; x_wconf 73' lang='grc' dir='ltr'>οὕτω</span> <span class='ocrx_word' id='word_1_847' title='bbox 2663 5685 2758 5740; x_wconf 79' lang='grc' dir='ltr'>καὶ</span> <span class='ocrx_word' id='word_1_848' title='bbox 2803 5683 2898 5739; x_wconf 90' lang='grc' dir='ltr'><strong>νῦν</strong></span> <span class='ocrx_word' id='word_1_849' title='bbox 2949 5685 3110 5738; x_wconf 80' lang='grc' dir='ltr'>οἱονεί</span> <span class='ocrx_word' id='word_1_850' title='bbox 3137 5703 3254 5751; x_wconf 83' lang='grc' dir='ltr'><strong>πως</strong></span> <span class='ocrx_word' id='word_1_851' title='bbox 3299 5688 3567 5759; x_wconf 85' lang='grc' dir='ltr'>τρέχουσα</span> <span class='ocrx_word' id='word_1_852' title='bbox 3613 5690 3756 5743; x_wconf 78' lang='grc' dir='ltr'>κατὰ</span> 
     </span>
    </p>
   </div>
   <div class='ocr_carea' id='block_1_115' title="bbox 501 5765 2121 5852">
    <p class='ocr_par' dir='ltr' id='par_1_115' title="bbox 501 5765 2074 5842">
     <span class='ocr_line' id='line_1_115' title="bbox 501 5765 2074 5842; baseline 0.009 -24"><span class='ocrx_word' id='word_1_853' title='bbox 501 5765 635 5832; x_wconf 77' lang='lat' dir='ltr'><strong>lata,</strong></span> <span class='ocrx_word' id='word_1_854' title='bbox 670 5777 724 5820; x_wconf 87' lang='lat' dir='ltr'><strong>et</strong></span> <span class='ocrx_word' id='word_1_855' title='bbox 757 5782 880 5822; x_wconf 78' lang='lat' dir='ltr'><strong>vera</strong></span> <span class='ocrx_word' id='word_1_856' title='bbox 922 5768 1016 5824; x_wconf 87' lang='lat' dir='ltr'><strong>Dei</strong></span> <span class='ocrx_word' id='word_1_857' title='bbox 1049 5770 1356 5839; x_wconf 83' lang='lat' dir='ltr'><strong>cognitione</strong></span> <span class='ocrx_word' id='word_1_858' title='bbox 1381 5772 1431 5825; x_wconf 90' lang='lat' dir='ltr'><strong>iu</strong></span> <span class='ocrx_word' id='word_1_859' title='bbox 1483 5774 1740 5842; x_wconf 86' lang='lat' dir='ltr'><strong>animum,</strong></span> <span class='ocrx_word' id='word_1_860' title='bbox 1772 5785 1826 5830; x_wconf 89' lang='lat' dir='ltr'><strong>ct</strong></span> <span class='ocrx_word' id='word_1_861' title='bbox 1871 5776 2074 5832; x_wconf 72' lang='lat' dir='ltr'><strong>lumine</strong></span> 
     </span>
    </p>
   </div>
   <div class='ocr_carea' id='block_1_116' title="bbox 2224 5765 3749 5852">
    <p class='ocr_par' dir='ltr' id='par_1_116' title="bbox 2225 5776 3749 5852">
     <span class='ocr_line' id='line_1_116' title="bbox 2225 5776 3749 5852; baseline 0.004 -22"><span class='ocrx_word' id='word_1_862' title='bbox 2225 5776 2418 5848; x_wconf 87' lang='grc' dir='ltr'>ρανοῦς</span> <span class='ocrx_word' id='word_1_863' title='bbox 2461 5780 2539 5842; x_wconf 84' lang='grc' dir='ltr'>εἰς</span> <span class='ocrx_word' id='word_1_864' title='bbox 2567 5778 2787 5850; x_wconf 75' lang='grc' dir='ltr'>ὄλεθρον</span> <span class='ocrx_word' id='word_1_865' title='bbox 2829 5778 2925 5833; x_wconf 79' lang='grc' dir='ltr'><strong>καὶ</strong></span> <span class='ocrx_word' id='word_1_866' title='bbox 2959 5777 3255 5849; x_wconf 81' lang='grc' dir='ltr'>ἀπώλειαν,</span> <span class='ocrx_word' id='word_1_867' title='bbox 3285 5781 3424 5852; x_wconf 75' lang='grc' dir='ltr'><strong>ἐλέῳ</strong></span> <span class='ocrx_word' id='word_1_868' title='bbox 3451 5780 3588 5836; x_wconf 84' lang='grc' dir='ltr'>Θεοῦ</span> <span class='ocrx_word' id='word_1_869' title='bbox 3612 5781 3749 5836; x_wconf 81' lang='grc' dir='ltr'>πλα-</span> 
     </span>
    </p>
   </div>
  </div>
