4046 6376
313 461 371 515 si
1228 459 1774 518 COMMENTARIUS
1812 461 1880 517 IN
1920 461 2154 518 05mm
2195 463 2642 520 PROPllETAM.
3492 438 3594 519 δυ’

312 575 503 631 νᾶσθαι
522 576 694 639 δοκεῖ,
724 576 1095 647 μεθισταμένη
1136 577 1272 649 πρὸς
1299 579 1485 648 ἔφεσιν
1529 581 1749 651 ἀρετῆς,
1791 582 1886 635 καὶ

1990 581 2041 634 in
2084 596 2179 636 cor
2218 588 2494 649 suscepto,
2524 588 2580 634 et
2611 577 2753 632 viam
2820 577 3127 647 pristinam,
3174 584 3236 629 ut
3270 576 3404 641 diti,
3455 592 3567 632 non

310 666 409 736 τῆς
436 665 671 737 ἀληθοῦς
699 665 1031 735 θεογνωσίας
1057 668 1138 732 εἰς
1182 667 1309 723 νοῦν
1358 671 1453 723 καὶ
1479 671 1707 741 καρδίαν
1736 671 1886 742 δεχο-

314 756 447 827 μένη
476 754 540 809 τὸ
568 755 703 823 φῶς,
733 758 828 809 καὶ
856 758 955 827 τὴν
1001 758 1253 828 ἀρχαίαν,
1276 759 1352 822 ὡς
1378 760 1534 831 ἐφην,
1564 760 1746 814 οὐκέτι
1778 761 1887 832 τρί-

312 848 404 902 ϐον
429 848 778 920 εὑρίσκουσα.
824 849 1015 903 Ἰστέον
1036 849 1113 914 δὲ,
1147 852 1229 903 ὅτι
1261 851 1344 915 τὸ,
1377 871 1394 903 ι
1423 851 1618 905 Πλανῶ
1642 852 1831 924 αὐτὴν,
1860 872 1880 906 s

308 944 424 1001 τοῖς
454 942 659 1013 ἑτέροις
694 943 1056 1013 ἐρμηνευταῖς
1094 944 1308 1015 εἴρηται
1343 944 1443 1014 μὲν
1488 944 1683 1008 ἄλλως.
1716 945 1884 1016 Πλὴν,

311 1034 396 1098 εἰς
423 1034 521 1087 ἕνα
547 1034 639 1088 καὶ
668 1035 763 1087 τὸν
790 1034 953 1088 αὑτὸν
989 1035 1417 1106 άποπεραίνεται
1448 1037 1590 1090 νοῦν.
1633 1036 1887 1091 Ἐκδεδώ-

313 1139 445 1176 κασι
475 1124 604 1194 γὰρ,
646 1125 696 1176 οἱ
757 1124 877 1193 μὲν,
903 1142 921 1175 ι
958 1126 1039 1178 ὅτι
1067 1124 1176 1178 ἰδοὺ
1204 1122 1315 1192 ἐγὼ
1336 1125 1597 1197 ἀποφέρω
1618 1126 1788 1197 αὐτήν
1808 1143 1821 1156 ·
1860 1146 1880 1180 s

314 1216 361 1267 oi
386 1215 463 1279 δὲ,
500 1233 519 1266 ι
550 1216 631 1269 ὅτι
654 1214 877 1268 Ἀπατῶ
924 1216 1128 1287 αὐτήνο
1162 1235 1181 1269 ι
1211 1216 1602 1289 ἐτεροτρόπως,
1622 1218 1697 1282 ὡς
1725 1218 1883 1288 ἔφην,

318 1307 450 1361 αὐτὸ
486 1307 553 1377 δὴ
588 1307 747 1361 τοῦτο
784 1307 1161 1377 σημαίνοντες,
1209 1310 1289 1375 τὸ,
1330 1327 1348 1361 ι
1383 1308 1601 1375 Πλανῶ,
1653 1329 1671 1362 ι
1721 1312 1882 1381 φημὶ,

313 1399 599 1470 χρησίμως
642 1401 951 1469 νοούμενον.
1005 1400 1247 1470 Βάσιμον
1290 1400 1350 1453 δὲ
1396 1395 1582 1464 οὖσαν,
1633 1402 1727 1455 καὶ
1775 1399 1885 1456 οἷον

312 1490 532 1561 ἔνυδρον
584 1492 688 1561 γῆν
738 1494 859 1555 ταῖς
906 1490 1014 1544 τῶν
1066 1491 1358 1561 δαιμονίων
1408 1492 1651 1561 ἀγέλαις,
1701 1492 1887 1560 τάξειν

312 1588 518 1658 ἔρημον
557 1584 976 1654 ἐπαγγέλλεται,
1002 1581 1291 1645 διδάσκων,
1319 1583 1402 1636 ὅτι
1449 1581 1681 1653 σκληρόν
1708 1600 1767 1636 τε
1791 1583 1886 1637 καὶ

312 1678 513 1748 ἀστιϐῆ
548 1677 643 1731 καὶ
675 1675 903 1746 ἄνυδρον
950 1676 1221 1744 ἀποφανεῖ
1260 1675 1371 1736 τοῖς
1399 1673 1623 1727 ἐκείνων
1654 1673 1887 1745 θελήμα-

313 1786 417 1830 σιν,
454 1769 531 1833 ὡς
574 1766 890 1837 ἀναπαύλης
920 1766 1107 1819 οὐδένα
1148 1764 1335 1819 λοιπὸν
1367 1765 1718 1836 εὑρίσκοντας
1758 1766 1884 1839 τρό-

313 1879 432 1927 πον,
466 1858 846 1931 παραιτεῖσθαι
887 1858 979 1911 καὶ¹
1010 1858 1331 1926 ἀποφοιτᾷν.

1992 673 2221 741 amplius
2278 673 2575 727 inveniens.
2617 667 2905 724 Sciendum
2950 683 3135 739 porro,
3166 668 3334 722 illudi
3368 668 3567 723 seduco

1994 762 2161 831 ipsam
2203 780 2223 815 ι
2258 761 2398 817 alios
2449 762 2604 815 aliter
2670 760 2989 816 reddidisse.
3056 755 3434 812 Verumtamen
3498 756 3564 809 ad

1992 870 2157 908 unum
2212 863 2267 909 et
2318 856 2563 908 eumdem
2615 851 2771 905 tinem
2825 850 3037 904 recidit.
3093 850 3390 904 Ediderunt
3418 848 3564 904 enim

1992 948 2244 1015 quidam:
2277 962 2293 997 ι
2318 944 2451 1012 Quia
2475 959 2604 998 ecce
2625 959 2724 1011 ego
2748 943 2932 997 aufero
2957 943 3146 1012 ipsam.
3183 961 3201 993 ι
3233 943 3357 1003 Alii,
3390 960 3408 991 ι
3435 943 3566 1008 quia

1993 1039 2200 1107 decipio
2253 1038 2444 1107 ipsam,
2484 1055 2504 1088 ι
2556 1037 2675 1091 aliis
2737 1035 2998 1100 vocibus,
3031 1044 3090 1089 ut
3145 1035 3407 1097 dicebam,
3464 1034 3565 1088 hoe

1993 1130 2165 1199 ipsum
2201 1128 2561 1199 signiﬁcantes
2589 1144 2604 1193 ;
2641 1126 2771 1181 illud
2795 1124 3326 1195 r-seduco,»inqnam,
3360 1124 3565 1183 utiliter

1993 1220 2345 1276 intellectum.
2413 1204 2660 1274 Perviam
2732 1228 2942 1284 autem,
3006 1226 3062 1272 et
3108 1217 3255 1273 velut
3303 1231 3560 1284 aquosam

1991 1320 2192 1365 terram
2223 1309 2524 1363 daemonum
2570 1307 2805 1361 catervis
2842 1290 3144 1375 positurum
3189 1320 3249 1359 se
3290 1304 3561 1359 desertam

1990 1401 2276 1470 promittit,
2305 1400 2525 1462 docens,
2555 1413 2833 1469 asperam,
2884 1397 3083 1450 inviam
3133 1405 3187 1451 et
3244 1397 3562 1465 iuaquosam

1993 1494 2202 1548 illorum
2236 1491 2620 1562 cupiditatibus
2670 1492 2961 1553 facturum,
2988 1497 3048 1543 ut
3105 1487 3308 1556 requiei
3357 1487 3559 1541 nullum

1991 1584 2057 1638 de
2090 1592 2286 1637 caetero
2329 1582 2555 1635 modum
2591 1581 2958 1651 reperientes,
3005 1595 3122 1634 eam
3162 1589 3567 1649 aspernentur,

1992 1682 2047 1728 et
2078 1673 2390 1728 abscedant.

380 1951 538 2006 Οὕτω
589 1952 683 2006 καὶ
732 1951 761 2003 6
805 1949 1005 2021 Κύριος
1054 1947 1210 2019 ἡμῶν
1253 1946 1459 2019 Ἰησοῦς
1502 1947 1776 2019 Χριστὸς,
1824 1950 1885 2003 τὸ

2058 1953 2148 2010 Sic
2174 1955 2337 2010 etiam
2380 1955 2637 2011 Dominus
2668 1964 2852 2010 noster
2878 1953 3297 2012 J‘esusChristus
3322 1955 3568 2024 “agme-

310 2045 525 2110 ἐξελθὸν
573 2042 879 2113 ἀκάθαρτον
928 2038 1143 2109 πνεῦμα
1178 2042 1244 2092 ἐκ
1279 2037 1373 2091 τοῦ
1411 2038 1697 2111 ἀνθρώπου
1742 2040 1884 2112 διέρ-

311 2138 501 2210 χεσθαί
533 2154 665 2206 φησι
697 2136 762 2189 δι’
794 2134 1035 2202 ἀνύδρων
1088 2132 1285 2195 τόπων,
1322 2131 1517 2201 ζητοῦν
1558 2133 1883 2197 ἀνάπαυσιν,

310 2230 405 2283 καὶ
459 2228 533 2300 μὴ
588 2227 879 2298 εὑρίσκειν.
912 2226 1123 2294 Ὥσπερ
1164 2226 1272 2292 γὰρ
1321 2221 1630 2294 ἀνθρώποις
1672 2224 1771 2277 οὐκ
1808 2226 1888 2277 oi-

311 2322 547 2391 κήσιμος
590 2320 619 2371 6
667 2318 893 2389 ἄνυδρος
944 2315 1157 2386 χῶρος·
1218 2313 1362 2367 οὕτω
1409 2314 1500 2368 καὶ
1559 2315 1887 2385 ἀκαθάρτοις

310 2412 586 2481 πνεύμασι
614 2412 822 2481 πονηρά
858 2412 953 2465 καὶ
982 2412 1364 2484 ἀπηχθημένη,
1412 2415 1507 2467 καὶ
1539 2409 1650 2468 οἷον
1688 2414 1884 2478 ἀϐατός

308 2516 371 2551 τε
424 2500 518 2551 καὶ
543 2498 771 2569 ἄνυδρος
798 2500 868 2569 γῆ
895 2501 1054 2553 νοοῖτ’
1075 2500 1140 2553 ἂν
1164 2502 1386 2566 είκότως
1419 2504 1452 2573 ή
1487 2503 1738 2575 θεοφιλὴς
1791 2505 1886 2557 καὶ

310 2590 433 2643 ὁσία
462 2589 627 2661 ψυχὴ,
658 2592 753 2644 καὶ
789 2591 858 2644 τά
888 2592 1117 2656 ἐκείνοις
1148 2594 1271 2646 καθ’
1302 2594 1515 2665 ἡδονὴν,
1552 2594 1585 2666 ἢ
1645 2598 1885 2667 φρονεῖν,

309 2679 344 2748 ἦ
371 2680 502 2750 δρᾷν
533 2682 632 2733 οὑκ
658 2681 979 2753 ἀνεχομένη.
1023 2684 1372 2755 Ἐπικουρίας
1417 2681 1510 2738 οὖν
1549 2685 1655 2757 ἄρα
1685 2687 1890 2757 τρόπος

308 2774 345 2843 ἡ
394 2772 578 2826 ἐνθάδε
622 2772 884 2842 λεγομένη
926 2773 1212 2845 πλάνησις,
1254 2777 1349 2829 καὶ
1397 2776 1502 2846 μὴν
1550 2779 1644 2831 καὶ
1692 2778 1758 2829 τὸ
1804 2781 1885 2841 είς

308 2864 514 2934 ἔρημον
562 2863 995 2917 κατατάττεσθαι
1041 2866 1175 2936 γῆν,
1227 2867 1371 2921 κατά
1416 2883 1479 2936 γε
1519 2869 1645 2931 τοὺς
1684 2870 1885 2940 ἀρτίως

308 2956 442 3027 ⁴ἡμῖν
470 2957 589 3025 είρη
600 2954 794 3025 μένους
813 2954 1024 3021 λόγους.

378 3048 489 3100 Καὶ
523 3046 776 3111 λαλήσω
806 3047 903 3100 ἐπὶ
929 3048 1045 3115 τὴν
1067 3047 1320 3115 καρδίαν
1342 3047 1553 3116 αὐτῆς,
1586 3049 1685 3103 καί
1710 3047 1885 3104 δώσω

304 3135 461 3203 αὐτῇ
495 3137 568 3190 τὰ
599 3136 866 3204 κτήματα
893 3134 1084 3203 αὐτῆς
1111 3136 1358 3191 ἐκεῖθεν.

380 3230 507 3282 Kl".
527 3229 615 3281 Ἐν
630 3228 835 3291 τούτοις
853 3229 983 3297 ἡμῖν
1002 3229 1029 3281 6
1043 3228 1199 3296 λόγος
1218 3228 1317 3300 τὴν
1338 3228 1425 3283 διὰ
1442 3228 1675 3299 Χριστοῦ
1701 3247 1879 3300 σωτη-
1910 3284 1953 3342 C

309 3322 432 3395 ρίαν
470 3320 917 3389 καθυπισχνεῖται
967 3319 1259 3390 λαμπρῶς,
1316 3321 1409 3372 καὶ
1465 3319 1573 3372 τῶν
1613 3322 1711 3390 τῆς
1758 3323 1882 3375 ἐπι-

301 3413 506 3485 δημίας
529 3412 896 3482 διαμέμνηται
945 3412 1171 3480 χρόνων,
1203 3410 1325 3463 καθ’
1362 3409 1457 3473 οὒς
1492 3411 1883 3482 πεπληρῶσθαι

304 3523 486 3575 φαμεν
534 3504 614 3569 τὸ,
656 3522 675 3555 ι
717 3503 806 3555 Ἐν
828 3506 949 3566 ταῖς
999 3502 1235 3573 ἡμέραις
1286 3501 1544 3566 ἐκείναις,
1575 3503 1670 3556 καὶ
1705 3504 1764 3555 ἐν
1805 3503 1884 3575 τῷ

302 3597 484 3667 καιρῷ
509 3595 700 3666 ἐκείνῳ
720 3596 894 3657 διδοὺς
941 3593 1095 3647 δώσω
1139 3594 1337 3663 νόμους
1374 3611 1475 3663 μου
1526 3597 1606 3657 είς
1648 3595 1883 3648 διάνοιαν

305 3690 509 3753 αὐτῶν,
538 3689 630 3741 καὶ
674 3688 769 3741 ἐπὶ
817 3686 1041 3757 καρδίας
1065 3686 1247 3739 αὐτῶν
1291 3686 1552 3756 ἐγγράφω
1592 3687 1809 3751 αὐτούς.
1854 3708 1874 3740 ι

304 3783 462 3836 Οὖτω
499 3781 606 3851 γάρ
654 3782 718 3851 δὴ
767 3780 863 3833 καὶ
913 3780 941 3831 6
986 3779 1294 3848 σοφώτατος
1343 3779 1575 3845 Παῦλος,
1622 3783 1735 3843 τοῖς
1785 3782 1885 3853 τὴν

300 3872 447 3925 οῦτω
491 3870 746 3941 λαμπρὰν
797 3869 893 3924 καὶ
946 3868 1268 3939 ἀξιόληπτον
1312 3869 1529 3941 ἀληθῶς
1583 3872 1884 3925 καταπλουο

301 3964 502 4032 τήσασι
569 3961 729 4031 χάριν
806 3960 1141 4025 ἐπιστέλλει,
1192 3960 1399 4027 λέγων·
1443 3979 1463 4013 ‹
1508 3962 1571 4014 Ἠ
1628 3963 1883 4034 ἐπιστολὴ

305 4053 463 4123 ἡμῶν
499 4053 655 4123 ὑμεῖς
687 4054 809 4104 ἐστε
868 4052 1292 4122 ἐγγεγραμμένη
1350 4052 1409 4106 ἐν
1466 4056 1586 4116 ταῖς
1636 4054 1885 4125 καρδίαις

303 4145 482 4218 ἡμῶν,
514 4144 890 4215 γινωσκομένη
936 4144 1032 4197 καὶ
1076 4146 1558 4215 ἀναγινωσκομένη
1592 4145 1697 4199 ὑπὸ
1747 4146 1885 4201 πάν-

301 4256 412 4291 των
472 4236 772 4307 ἀνθρώπων
798 4273 815 4298 ,
860 4235 1250 4305 φανερούμενοι
1305 4236 1387 4290 ὅτι
1446 4237 1569 4290 ἐστὲ
1628 4238 1884 4311 ἐπιστολὴ

303 4330 563 4401 Χριστοῦ,
598 4327 975 4397 διακονηθεῖσα
1005 4327 1096 4395 ὑφ’
1132 4327 1309 4396 ἡμῶν,
1359 4329 1785 4400 ἐγγεγραμμένη
1820 4332 1883 4384 οὑ

308 4423 519 4492 μέλανι,
545 4420 680 4473 ἀλλά
711 4417 982 4489 πνεύματι
1031 4416 1165 4472 Θεοῦ
1195 4418 1413 4483 ζῶντος.
1450 4438 1468 4471 ι
1496 4420 1744 4474 Διδακτοὶ
1776 4420 1884 4492 γὰρ

305 4514 443 4567 Θεοῦ
468 4514 768 4582 γεγόναμεν
792 4513 839 4565 οἱ
868 4510 1308 4574 πεπιστευκότες.
1342 4512 1451 4564 Καὶ
1476 4511 1606 4580 γοῦν
1634 4514 1662 4565 6
1689 4512 1884 4565 θεσπέ-

1989 2064 2107 2102 sum
2138 2048 2386 2117 spiritum
2429 2048 2762 2102 immumlum
2797 2048 2863 2101 ab
2897 2047 3111 2101 homine
3155 2045 3431 2100 ambulare
3484 2046 3563 2099 ait

1986 2154 2083 2208 per
2114 2139 2228 2193 loca
2275 2138 2555 2207 inaquosa,
2588 2148 2921 2207 quaerentem
2972 2138 3239 2207 requiem,
3280 2152 3379 2191 nec
3411 2136 3563 2189 inve-

1988 2231 2246 2287 nientem.
2277 2229 2407 2284 Nam
2441 2241 2499 2284 ut
2532 2231 2840 2285 hominibus
2876 2229 3026 2285 locus
3053 2230 3207 2297 aquis
3228 2244 3421 2283 carens
3450 2246 3567 2283 non

1986 2330 2067 2374 est
2104 2321 2433 2384 habitabilis,
2478 2323 2550 2374 ita
2594 2331 2648 2375 et
2677 2322 2965 2375 immundis
3012 2320 3295 2391 spiritibus
3333 2320 3473 2374 mala
3504 2330 3562 2375 et

1985 2411 2231 2473 molesta,
2259 2411 2640 2466 etvelutinvia
2690 2420 2743 2466 et
2794 2413 3053 2479 inaquosa
3083 2422 3227 2465 terra
3266 2426 3369 2464 non
3415 2411 3567 2476 inju-

1986 2504 2063 2558 ria
2094 2503 2423 2571 intelligatur
2473 2502 2564 2557 Dei
2593 2518 2803 2567 amaus,
2832 2512 2888 2557 et
2936 2504 3002 2557 ad
3036 2504 3247 2557 illorum
3298 2502 3567 2572 placitum

1985 2596 2118 2651 nihil
2153 2605 2249 2651 aut
2268 2598 2507 2667 cogitare
2558 2606 2651 2651 aut
2688 2596 2865 2650 facere
2901 2596 3177 2649 sustinens
3207 2594 3406 2648 anima.
3444 2593 3569 2647 Mo-

1985 2688 2083 2742 dus
2120 2687 2283 2757 igitur
2309 2688 2493 2742 auxilii
2521 2697 2637 2755 est,
2658 2703 2779 2758 quae
2805 2687 2890 2741 bic
2926 2687 3123 2741 dicitur
3168 2686 3433 2749 seductio,
3464 2693 3565 2736 tit--

1985 2793 2091 2848 que
2133 2779 2297 2834 etiam
2349 2780 2402 2834 in
2458 2780 2729 2835 desertam
2786 2788 3010 2842 terram,
3066 2794 3159 2832 seu
3212 2776 3574 2832 solitudinem-

1984 2873 2257 2938 c0iistitui,
2285 2871 2438 2941 juxta
2470 2873 2519 2926 id
2547 2872 2687 2942 quod
2713 2870 2824 2940 jam
2859 2886 2899 2924 a.
2924 2871 3077 2926 nobis
3102 2870 3302 2924 dictum
3333 2878 3434 2925 est.

2055 3052 2122 3107 Et
2142 3054 2329 3125 loquar
2345 3054 2414 3109 ad
2441 3070 2531 3108 cor
2556 3054 2693 3124 ejus,
2728 3063 2773 3107 et
2796 3052 2931 3105 dabo
2953 3050 3034 3104 illi
3070 3049 3423 3119 possessiones
3443 3046 3564 3113 eius

1984 3148 2129 3202 inde.

2058 3237 2237 3294 XXIII.
2274 3237 2368 3292 llis
2398 3236 2578 3291 verbis
2603 3236 2747 3291 salus
2778 3250 2874 3303 per
2899 3234 3173 3289 Christum
3205 3231 3361 3285 nobis
3394 3230 3559 3299 liqui-

1986 3332 2053 3386 do
2086 3330 2438 3401 promittitur,
2472 3339 2528 3382 et
2568 3336 2808 3394 tempora
2852 3326 3113 3377 adventus
3158 3320 3557 3391 signiﬁcantur,

1986 3423 2179 3490 quibus
2204 3420 2481 3489 impletum
2511 3418 2740 3473 dicimus
2784 3415 2910 3468 illud
2939 3433 2950 3468 :
2982 3433 2999 3466 ι
3030 3413 3086 3468 In
3116 3414 3303 3467 diebus
3353 3412 3479 3473 illis,
3502 3421 3562 3464 et

1986 3515 2045 3568 in.
2073 3524 2313 3581 tempore
2359 3510 2447 3565 illo
2481 3510 2616 3563 dans
2653 3507 2792 3560 dabo
2841 3506 2984 3575 leges
3024 3518 3172 3558 meas
3222 3503 3273 3556 in
3319 3511 3566 3556 mentem
3637 3544 3641 3549 .

1985 3620 2193 3667 eorum,
2225 3612 2279 3657 et
2307 3604 2359 3656 in
2391 3601 2550 3656 corda
2578 3615 2762 3654 eorum
2805 3597 3095 3652 inscribam
3139 3609 3233 3649 eas
3278 3594 3343 3649 ”.
3394 3612 3414 3646 ι
3467 3592 3563 3646 Sic

1985 3696 2129 3750 enim
2184 3693 2616 3761 sapientissimus
2653 3689 2851 3743 Paulus
2899 3687 3034 3741 adeo
3081 3686 3257 3753 ampla
3307 3693 3362 3738 et
3406 3697 3561 3736 acce-

1985 3789 2167 3857 ptione
2193 3787 2349 3855 digna
2378 3784 2549 3852 gratia
2579 3796 2705 3836 vere
2728 3779 2982 3834 divitibus
3017 3777 3239 3833 scribit:
3269 3775 3556 3848 ωιΕνί-

1985 3879 2120 3935 stola
2179 3886 2361 3932 nostra
2415 3891 2512 3930 vos
2570 3874 2737 3935 estis,
2789 3871 2989 3940 scripta
3047 3872 3101 3923 in
3148 3870 3407 3923 cordibus
3461 3881 3558 3919 no-

1985 3975 2136 4031 stris.
2164 3984 2284 4038 quae.
2310 3968 2481 4020 scitur
2504 3975 2556 4019 et
2600 3964 2795 4034 legitur
2822 3963 2889 4016 ab
2921 3959 3171 4014 omnibus
3204 3958 3511 4011 hominibus
3539 3975 3552 4010 :

1986 4060 2336 4123 manilestati,
2372 4059 2515 4128 quod
2546 4057 2769 4127 epistola
2812 4056 2942 4109 estis
2976 4051 3197 4113 Christi,
3255 4050 3563 4102 ministrata

1986 4170 2014 4208 a
2052 4153 2224 4216 nobis,
2263 4152 2463 4220 scripta
2512 4166 2616 4206 non
2668 4158 2990 4213 atramento,
3053 4151 3147 4205 sed
3208 4149 3397 4219 spiritu
3461 4145 3567 4198 Deis

1984 4245 2090 4301 vivi
2121 4246 2189 4299 ⁸ο.
2230 4264 2251 4297 ι
2289 4245 2331 4298 Α
2366 4245 2474 4300 Deo
2493 4246 2635 4298 enim
2667 4242 2811 4298 docti
2855 4242 3150 4305 evasimus,
3184 4242 3274 4309 qui
3327 4237 3560 4295 credidi-

1986 4350 2126 4389 mus.
2160 4333 2345 4402 Itaque
2378 4339 2598 4387 sanctus
2638 4330 2873 4386 Joannes
2916 4333 2998 4386 sic
3051 4345 3147 4385 nos
3199 4328 3490 4397 alloquitur
3538 4343 3555 4380 :

1991 4445 2009 4478 ι
2051 4425 2113 4479 Et
2135 4440 2230 4479 vos
2259 4425 2569 4479 unctionem
2596 4423 2805 4478 habetis
2830 4438 2859 4477 a
2892 4432 3099 4488 sancto,
3118 4430 3173 4477 et
3204 4436 3308 4475 non
3337 4432 3559 4473 necesse

1990 4516 2203 4570 habetis
2239 4524 2299 4569 ut
2342 4515 2537 4584 aliquis
2565 4515 2757 4569 doceat
2799 4528 2897 4569 vos
2942 4530 2956 4567 :
2999 4513 3090 4567 sed
3137 4513 3278 4567 sicut
3332 4510 3567 4578 spiritus

308 4623 423 4669 σιος
477 4604 731 4673 Ἰωάννης
783 4600 1240 4672 προσπεφώνηκε,
1297 4601 1505 4670 λέγων·
1546 4601 1697 4654 «Καὶ
1726 4602 1884 4671 ὑμεῖς

1988 4607 2102 4671 ejus
2132 4606 2290 4660 docet
2325 4621 2417 4660 vus
2447 4607 2512 4658 dc
2538 4606 2793 4659 omnibus
2834 4603 2899 4658 “.
2939 4621 2958 4655 ι
2990 4603 3053 4657 Ει
3101 4603 3153 4655 in
3206 4603 3369 4658 corde
3412 4601 3563 4654 intus

308 4698 517 4772 χρίσμα
546 4696 695 4765 ἔχετε
740 4696 849 4748 ἀπὸ
881 4693 975 4748 τοῦ
1001 4694 1155 4761 ἁγίου
1178 4710 1192 4723 ·
1223 4712 1241 4744 ι
1268 4693 1364 4746 καὶ
1402 4694 1462 4746 οὐ
1496 4693 1686 4764 χρείαν
1709 4692 1883 4764 ἔχετε,

310 4793 398 4844 ῐνα
425 4807 506 4852 τις
536 4790 760 4859 διδάσκῃ
795 4789 970 4857 ὑμᾶς·
1005 4785 1138 4839 ἀλλά
1174 4784 1357 4847 καθὼς
1393 4786 1452 4839 τὸ
1479 4784 1643 4840 αὐτοῦ
1668 4784 1887 4855 πνεῦμα

306 4883 549 4936 διδάσκει
590 4881 732 4951 ὑμᾶς
760 4879 889 4949 περὶ
918 4878 1151 4932 πάντων.
1191 4896 1210 4930 ι
1243 4877 1352 4929 Καὶ
1400 4879 1480 4938 εἰς
1520 4876 1747 4943 καρδίαν
1779 4878 1888 4930 ἔσω

308 4975 493 5029 λοιπὸν
514 4974 725 5043 ἔχοντες
762 4972 923 5025 αὑτὸν
953 4968 1264 5024 ἐνοικοῦντα
1291 4969 1545 5040 Χριστὸν,
1574 4968 1681 5021 τῶν
1715 4971 1887 5036 ἀναγη

310 5064 483 5118 καίων
530 5061 845 5132 εἰσηγητὴν,
889 5062 1108 5130 ἀπάσης
1153 5060 1314 5123 εὐθὺς
1370 5058 1571 5130 ἀρετῆς
1622 5058 1762 5111 ἰδέαν
1788 5076 1886 5112 πε-

313 5156 711 5226 πλουτήκαμεν,
741 5156 836 5207 καὶ
863 5154 959 5225 τὴν
990 5152 1099 5206 τῶν
1124 5149 1505 5222 πνευματικῶν
1530 5149 1885 5220 χαρισμάτων

310 5246 603 5317 ἀμφιλαφῆ
626 5262 685 5298 τε
726 5245 821 5298 καὶ
865 5244 1235 5313 ἀναπόϐλητον
1276 5242 1487 5312 κτῆσιν.
1521 5242 1629 5294 Καὶ
1659 5241 1722 5310 δὴ
1748 5241 1885 5313 πρὸς

311 5338 471 5393 τοῦτο
505 5339 651 5407 ἡμᾶς
674 5336 900 5406 ὲμπεδοῖ
928 5336 1153 5407 γράφων
1175 5333 1386 5397 Παῦλος
1409 5348 1421 5362 ⁸
1452 5332 1608 5385 «Ὅτι
1631 5331 1666 5386 ἀ
1686 5332 1885 5399 ὀφθαλ-

317 5432 416 5502 μὸς
443 5429 543 5483 οὐκ
579 5424 710 5489 οἶδε,
738 5428 833 5480 καὶ
858 5423 950 5491 οὖς
978 5426 1077 5480 οὐκ
1116 5427 1344 5497 ἢκουσε,
1366 5423 1509 5497 [καὶ]
1530 5424 1620 5477 ἐπὶ
1663 5424 1889 5495 καρδίαν

311 5520 603 5591 ἀνθρώπου
632 5522 729 5574 οὑκ
756 5520 944 5590 ἀνέϐη,
982 5520 1018 5574 a
1043 5520 1340 5591 ἡτοίμασεν
1365 5522 1394 5572 ὁ
1430 5518 1563 5581 Θεὸς
1609 5520 1720 5591 τοῖς
1758 5520 1892 5586 ἁγα-

316 5612 494 5666 πῶσιν
541 5613 724 5667 αὐτόν.
759 5632 778 5664 ι
823 5612 1248 5680 Ἐπαγγέλλεται
1289 5612 1469 5665 τοίνυν
1512 5608 1762 5680 λαλήσειν
1813 5610 1893 5672 είς

314 5704 416 5779 τὴν
436 5705 664 5777 καρδίαν
694 5705 863 5776 αὑτῆς
887 5720 903 5735 ⁶
935 5704 1261 5776 κεκλήσεται
1287 5704 1393 5776 γάρ
1412 5703 1492 5768 είς
1536 5703 1832 5772 ἐπίγνωσιν
1859 5704 1892 5773 ή

1988 4698 2055 4752 de
2103 4707 2300 4752 caetero
2345 4696 2619 4750 Christum
2671 4695 2998 4749 habitantem
3056 4694 3414 4755 continentes,
3467 4706 3569 4745 ne—

1987 4788 2348 4844 cessariorum
2403 4791 2749 4849 monitorem,
2809 4787 3053 4855 protinus
3100 4786 3315 4839 virtutis
3359 4783 3556 4846 forma,

1989 4880 2453 4949 spiritualiumqne
2475 4879 2863 4951 charismatum
2893 4880 3043 4933 uberi
3065 4888 3119 4932 et
3153 4876 3554 4944 indepraedabili

1988 4973 2327 5042 possessione
2356 4972 2506 5026 dilati
2539 4987 2747 5027 sumus.
2791 4972 2966 5041 Atque
2996 4972 3157 5026 etiam
3199 4971 3265 5024 ad
3301 4970 3403 5024 hoc
3461 4982 3565 5021 nos

1992 5064 2277 5119 conﬁrmat
2305 5063 2526 5129 Paulus,
2553 5063 2794 5118 scribens
2829 5081 2846 5117 :
2883 5082 2903 5115 ε
2941 5063 3077 5129 Quia
3104 5062 3292 5115 oculus
3321 5075 3425 5114 non
3477 5059 3565 5111 vi-

1993 5155 2091 5219 dit,
2117 5163 2174 5208 et
2196 5154 2342 5207 auris
2379 5169 2484 5207 non
2524 5153 2747 5219 audivit,
2792 5162 2845 5206 et
2892 5153 2944 5206 in
3009 5166 3103 5204 cor
3160 5148 3391 5203 hominis
3452 5163 3556 5198 nun

1990 5245 2254 5309 ascendit,
2282 5260 2402 5314 qua:
2436 5246 2756 5315 praeparavit
2790 5245 2929 5299 Deus
2958 5243 3301 5314 diligentibus
3340 5255 3396 5293 se
3424 5240 3486 5293 δ’.
3532 5258 3556 5291 ι

1990 5336 2279 5391 Pollicetur
2307 5337 2488 5404 itaque
2517 5350 2574 5389 se
2602 5337 2900 5390 locuturum
2934 5335 2997 5388 ad
3040 5349 3135 5389 cor
3168 5332 3304 5400 ejus.
3330 5328 3559 5383 Vocabi-

1992 5438 2077 5481 tur
2109 5428 2251 5481 enim
2275 5427 2341 5481 ad
2372 5427 2698 5494 agnitionem
2723 5425 3032 5481 Iudaeorum
3069 5425 3377 5495 Synagoga,
3424 5420 3559 5475 divi-

1991 5535 2090 5573 nas
2119 5519 2262 5588 leges
2284 5527 2463 5573 mente
2496 5517 2793 5585 complexa,
2842 5515 3127 5583 inscriptas
3171 5528 3263 5581 per
3297 5511 3557 5580 Spiritum

1991 5624 2258 5675 sanctum,
2293 5610 2515 5679 perinde
2554 5621 2611 5663 ut
2650 5624 2715 5664 ex
2745 5610 2994 5678 gentibus
3046 5605 3282 5660 Ecciesia
3332 5618 3560 5671 congre-

1991 5716 2140 5774 gata.
2174 5703 2347 5758 Erunt
2375 5711 2554 5756 autem
2591 5700 2963 5770 possessiones
2985 5697 3101 5766 ejus
3126 5697 3267 5763 inde,
3291 5710 3390 5767 pro
3409 5694 3564 5758 hinc,

392 5878 439 5911 ⁸³
475 5879 665 5936 Matth.
703 5898 799 5948 χιι,
826 5884 912 5947 45,
942 5884 1027 5938 44.
1106 5883 1149 5916 ³³
1172 5882 1369 5937 Jcretn.
1402 5898 1549 5948 xxxi,
1578 5881 1664 5941 55.
1744 5884 1789 5915 ⁸ο
1814 5882 1853 5937 ll

1988 5899 2015 5935 '.
2055 5897 2138 5948 nl,
2170 5881 2225 5945 2,
2261 5880 2313 5934 5.
2392 5879 2431 5911 δ’
2456 5879 2606 5934 Juan.
2644 5894 2709 5941 ιι,
2743 5875 2830 5928 27.
2908 5875 2953 5906 ⁵⁸
2988 5873 3156 5928 lCor.
3200 5888 3265 5936 ιι,
3285 5870 3343 5925 9-.
