4046 6376
476 459 549 516 85
1459 454 1519 509 s.
1559 451 1834 510 CYRILLI
1872 449 2344 506 ALEXANDRINI
2385 450 2702 507 ARCHIEP.
3650 458 3720 513 ει

475 589 573 630 seu
601 589 666 630 ex
691 575 792 627 hoc
814 579 1075 642 tempore,
1107 567 1222 625 sive
1247 581 1314 624 ex
1347 568 1450 623 hac
1493 583 1573 622 re.
1611 567 1688 621 Ex
1745 581 1852 636 quo
1899 567 2044 621 enim

2153 568 2255 621 τῶν
2295 567 2560 621 Ἰουδαίων
2598 569 3066 641 Συναγωγὴ,τοὺς
3108 568 3285 633 θείους
3332 571 3412 633 είς
3449 569 3573 624 νοῦν
3622 573 3721 624 λα-

476 665 688 718 locutns
719 670 802 717 est
829 662 970 716 Deus
999 660 1052 714 in
1077 661 1253 727 nobis,
1284 667 1339 715 et
1367 673 1462 729 per
1508 657 1768 728 Spiritum
1811 657 2046 712 insonuit

475 771 812 826 quacunque
843 756 908 809 ad
936 756 1124 821 vitam,
1155 762 1209 808 et
1232 751 1598 822 cognitionem
1628 750 1720 803 Dei
1749 749 1800 803 in
1831 749 2046 804 Christo

472 848 804 907 intellectam
824 846 1192 915 requiruntur,
1223 858 1318 914 per
1338 857 1520 911 quem,
1551 850 1606 896 et
1635 842 1686 895 in
1705 857 1809 909 quo
1831 840 2045 894 Patrem

472 938 736 1004 vidimus,
765 951 860 1005 spe
889 933 1355 990 immarcescibilis
1378 932 1564 1002 gloriae
1589 933 1656 998 ⁸³,
1685 932 2043 1002 gloriationis,

475 1031 686 1102 gratiae,
709 1028 1029 1099 adoptionis,
1071 1025 1349 1082 societatis
1378 1023 1634 1093 regnandi
1664 1039 1784 1077 cum
1830 1022 2046 1077 Christo

474 1123 592 1190 ipso
623 1119 840 1176 divitias
870 1117 1146 1175 consecuti
1179 1131 1386 1171 sumus.
1440 1115 1530 1169 liae
1563 1124 1689 1171 sunt
1736 1125 2043 1168 sanctorum

473 1213 860 1282 possessiones,
881 1211 962 1265 ha:
988 1209 1235 1276 caelestes
1256 1223 1402 1276 opes.
1434 1206 1576 1261 Nihil
1603 1205 1744 1262 enim
1772 1215 2044 1260 terrenum

472 1318 664 1372 sapere
692 1311 920 1373 queunt,
966 1301 1307 1370 Oderuntque
1361 1299 1618 1353 mundum
1655 1306 1711 1351 et
1747 1311 1868 1366 quae
1897 1297 1948 1351 in
1982 1311 2045 1351 eo

472 1403 620 1452 sunt.

2143 657 2314 711 ϐοῦσα
2339 659 2557 729 νόμους.
2587 659 3097 730 ἐγκεχαραγμένους
3141 661 3228 714 διά
3262 661 3354 714 τοῦ
3381 660 3713 730 Πεκεύματος,

2143 750 2285 804 καθὰ
2317 750 2412 803 καὶ
2456 753 2489 820 ἡ
2528 749 2585 816 ἐξ
2637 750 2805 803 ἐθνῶν
2845 751 3165 822 Ἐκκλησία·
3199 751 3347 804 ἔσται
3388 751 3444 804 δὲ
3487 751 3556 803 τὰ
3593 754 3719 822 κτή-

2145 857 2291 911 ματα
2320 839 2486 909 αὐτῆς
2510 839 2738 898 ἐκεῖθεν,
2767 841 2887 893 ἀντὶ
2928 842 3021 894 τοῦ
3062 841 3332 906 ἐντεῦθεν,
3367 843 3536 913 ἠγουν
3565 840 3715 895 τοῦδε

2141 933 2236 987 τοῦ
2265 933 2609 1004 πράγματος.
2658 933 2790 985 Ἀπὸ
2820 934 2927 1004 γάρ
2966 950 3049 986 τοι
3088 934 3182 986 τοῦ
3224 933 3454 1002 λαλῆσαι
3501 932 3632 986 Θεὸν
3662 934 3718 985 ἐν

2143 1024 2296 1094 ἡμῖν,
2350 1021 2612 1093 ἐνηχῆσαί
2657 1039 2715 1074 τε
2761 1023 2854 1074 καὶ
2905 1022 2997 1075 τοῦ
3038 1022 3346 1092 πνεύματος
3397 1023 3464 1076 τὰ
3513 1023 3720 1092 ὅσαπέρ

2143 1114 2290 1166 ἐστιν
2329 1115 2600 1180 ἀναγκαῖα
2640 1113 2776 1182 πρὸς
2821 1113 2967 1183 ζωὴν
3024 1114 3117 1167 καὶ
3162 1114 3488 1182 θεογνωσίαν
3529 1113 3626 1184 τὴν
3663 1115 3721 1165 ἐν

2142 1204 2363 1278 Χριστῷ
2415 1205 2730 1274 νοουμένην,
2774 1205 2840 1257 δι’
2891 1199 2952 1258 οὗ
3018 1207 3111 1258 καὶ
3163 1209 3219 1258 ἐν
3269 1200 3313 1273 ᾧ
3363 1206 3455 1258 τὸν
3501 1205 3722 1274 Πατέρα

2141 1295 2468 1365 τεθεάμεθα,
2495 1295 2974 1367 πεπλουτήκαμεν,
3002 1296 3076 1360 ὡς
3105 1297 3262 1366 ἔφην,
3283 1297 3384 1368 τὴν
3411 1297 3722 1368 ἀμάραντον

2141 1387 2350 1448 ἐλπίδα,
2389 1386 2489 1457 τὴν
2539 1386 2714 1452 δόξαν,
2742 1387 2808 1440 τὰ
2843 1389 3135 1458 αὐχήματα
3173 1388 3274 1456 τῆς
3309 1387 3596 1448 υἱοθεσίας,
3624 1387 3723 1458 τὴν

470 1488 651 1558 χάριν,
689 1485 784 1540 καὶ
826 1483 888 1538 τὸ
928 1481 1111 1554 αὐτῷ’
1150 1481 1578 1553 συμϐασιλεῦσαι
1621 1479 1862 1552 Χριστῷ.
1904 1473 2070 1534 Αὗται
2134 1478 2241 1532 τῶν
2282 1479 2451 1546 ἁγίων
2505 1480 2561 1533 αἱ
2608 1481 2848 1550 κτήσεις,
2889 1472 3044 1544 οὗτος
3100 1481 3128 1532 6
3167 1481 3413 1552 οὐράνιος
3455 1475 3718 1542 πληῦτος⁶

470 1584 691 1654 Φρονεῖν
723 1581 823 1652 μὲν
845 1579 955 1651 γὰρ
979 1578 1260 1648 ἀνέχονται
1289 1578 1394 1632 τῶν
1435 1579 1691 1646 ἐπιγείων
1723 1576 1874 1631 οὐδέν
1893 1593 1906 1607 ο
1944 1577 2276 1648 μεμισήκασι
2306 1575 2362 1628 δὲ
2391 1575 2482 1628 τὸν
2505 1575 2707 1646 κόσμον
2740 1577 2834 1629 καὶ
2863 1577 2931 1630 τὰ
2961 1578 3018 1630 ἐν
3045 1577 3210 1648 αὐτῷ.

545 1673 708 1729 Vsus.
741 1676 827 1730 15.
868 1673 932 1728 Et
958 1675 1142 1730 vallem
1179 1675 1376 1741 Achar,
1409 1676 1477 1729 ad
1513 1675 1847 1729 aueriendam
1888 1674 2041 1727 intel-

473 1767 743 1838 ligentiam
769 1767 904 1836 ejus.

2216 1671 2329 1724 Καὶ
2372 1669 2488 1739 τὴν
2542 1670 2795 1725 κοιλάδα
2855 1671 3052 1742 Ἁχὼρ,
3123 1671 3414 1738 διανοῖξαι
3469 1674 3726 1729 σύνεσιν

2149 1762 2356 1831 αὐτῆς.

549 1856 744 1914 XXIV.
773 1857 1144 1926 Repetendum
1183 1867 1267 1913 est
1305 1872 1370 1912 ex
1401 1856 1766 1927 superioribus
1799 1855 2045 1920 verbum,

2220 1853 2342 1908 KA'.
2370 1854 2597 1926 ’Έψεται
2633 1855 2792 1909 πάλιν
2820 1855 2900 1927 τῷ
2929 1855 3072 1926 λόγῳ
3096 1856 3177 1922 τδ,
3205 1875 3222 1908 ι
3248 1860 3432 1912 Δωσω.
3465 1876 3485 1908 ι
3511 1875 3530 1908 ι
3554 1859 3720 1913 Δωσω

479 1966 501 1999 ι
532 1947 703 2004 Dabo.
732 1968 751 2001 ›
795 1948 1140 2018 lnquitenim
1174 1969 1185 2002 :
1253 1967 1272 2000 ‹
1306 1949 1451 2002 Dabo
1501 1947 1871 2016 possessiones
1928 1943 2042 2008 ejus

475 2040 655 2096 inde:
727 2040 867 2096 dabo
959 2040 1208 2095 similiter
1271 2039 1466 2094 vallem
1554 2037 1755 2101 Achor,
1837 2037 2046 2104 aperire

476 2132 884 2201 intelligentiam
911 2130 1046 2199 ejus.
1085 2150 1104 2183 ι
1155 2132 1221 2185 Ει
1263 2131 1402 2200 quod
1448 2129 1756 2198 signiﬁcare
1803 2128 1936 2192 vult,
1995 2127 2046 2180 id

477 2223 781 2291 huiusmodi
815 2234 918 2278 est.
940 2223 1048 2278 Nos
1079 2224 1168 2292 qui
1199 2222 1549 2286 credidimus,
1591 2235 1769 2274 rerum
1815 2219 2051 2288 agenda-

478 2333 598 2372 rum
644 2317 807 2372 veluti
848 2315 1074 2370 formam
1116 2323 1171 2371 et
1220 2314 1496 2383 exemplar
1544 2312 1700 2367 nobis
1750 2325 2050 2380 prepunere

476 2411 755 2465 studentes
771 2424 832 2464 ea
851 2423 970 2478 qum
995 2406 1270 2463 veteribus
1289 2408 1655 2474 contigerunt,
1679 2413 1738 2457 ut
1760 2403 2047 2456 exitiosum

478 2503 730 2574 quiddam
769 2515 1086 2555 aversantur
1119 2501 1285 2554 Deum
1323 2496 1596 2551 offendere
1640 2514 1653 2549 :
1691 2496 1816 2564 quin
1873 2495 2051 2563 potius

477 2595 790 2664 qumrimus,
827 2600 882 2647 et
910 2591 1123 2646 solliciti
1156 2605 1358 2653 sumus,
1394 2603 1500 2658 quo
1531 2599 1688 2658 pacto
1735 2589 1807 2642 illi
1857 2588 2048 2657 placita

479 2685 762 2739 faciamus.
793 2683 1236 2754 Sapientissimus
1271 2682 1412 2736 enim
1442 2681 1640 2735 Paulus
1665 2683 1714 2735 in
1749 2682 1864 2734 haec
1888 2679 2049 2733 verba

479 2793 579 2832 nos
608 2781 856 2832 hortatur
888 2795 902 2831 :
939 2795 958 2829 ι
995 2775 1119 2832 Hac
1148 2785 1326 2829 autem
1358 2775 1410 2828 in
1449 2774 1616 2844 ﬁgura
1667 2772 2054 2840 contingebant

479 2867 586 2940 47
615 2868 754 2934 illis;
787 2868 988 2938 scripta
1029 2875 1157 2922 sunt
1193 2875 1372 2919 autem
1414 2865 1479 2919 ad
1513 2864 1906 2930 correptionem
1956 2879 2051 2915 no-

482 2970 668 3020 stram,
718 2960 771 3012 in
800 2973 936 3026 quos
972 2958 1106 3012 ﬁnes
1145 2958 1468 3012 saeculorum
1527 2957 1862 3010 devenerunt
1907 2953 1971 3004 ⁸⁵.
2027 2971 2044 3004 2

483 3050 640 3105 Ratio
671 3051 835 3120 igitur
867 3051 1187 3119 paedagogia:
1225 3064 1316 3104 seu
1367 3047 1722 3102 institutionis
1763 3047 1829 3099 ad
1884 3045 2052 3098 virtu-

485 3155 590 3196 tem
620 3152 722 3209 est,
757 3152 834 3208 ut,
867 3159 987 3211 qua:
1017 3143 1284 3198 veteribus
1314 3148 1631 3204 evenerunt,
1657 3139 1812 3192 nobis
1833 3138 2051 3191 omnino

2149 1948 2276 2020 γὰρ,
2332 1949 2486 2018 φησὶ,
2529 1949 2597 2002 τὰ
2639 1951 2897 2020 κτήματα
2947 1951 3120 2021 αὐτῆς
3167 1952 3394 2007 ἐκεῖθεν.
3447 1951 3611 2005 Δώσω
3666 1951 3725 2006 δὲ

2146 2042 2346 2110 ὁμοίως
2372 2041 2468 2112 τὴν
2490 2041 2711 2095 κοιλάδα
2745 2039 2943 2114 Ἀχὼρ,
2967 2040 3222 2107 διανοῖξαι
3249 2043 3460 2096 σύνεσιν
3487 2043 3674 2113 αὐτῆς.
3699 2062 3719 2095 ι

2147 2133 2258 2185 Καὶ
2290 2133 2317 2185 ὃ
2353 2133 2597 2202 βούλεται
2635 2134 2845 2203 δηλοῦν,
2871 2134 2986 2186 ἔστι
3015 2134 3278 2188 τοιοῦτον·
3314 2136 3499 2206 Ἡμεῖς
3538 2137 3590 2189 οί
3624 2152 3726 2188 πε·-
3799 2137 3802 2140 ’

2148 2224 2521 2288 πιστευκότες,
2549 2225 2902 2278 ὑποτύπωσίν
2929 2243 3053 2279 τινα
3081 2227 3188 2278 τῶν
3212 2227 3500 2298 πρακτέων
3525 2227 3592 2280 τὰ
3613 2229 3727 2290 τοῖς

2149 2315 2396 2386 ἀρχαίοις
2423 2316 2806 2386 συμϐεϐηκότα
2841 2317 3108 2370 ποιεῖσθαι
3153 2317 3559 2382 σπουδάζοντες,
3588 2335 3727 2390 παρο

2148 2406 2446 2477 αιτούμεθα
2487 2408 2584 2478 μὲν
2621 2409 2696 2471 ὡς
2733 2407 2951 2479 ὀλέθρου
2985 2409 3246 2478 πρόξενον
3275 2407 3336 2460 τὸ
3371 2407 3726 2478 προσκρούειν

2323 2497 2588 2569 ζητοῦμεν
2627 2498 2682 2551 δὲ
2708 2498 2924 2568 μᾶλλον,
2947 2500 3042 2552 καὶ
3068 2497 3156 2551 διὰ
3191 2497 3464 2569 φροντίδος
3501 2501 3727 2569 πεποιή-
3791 2535 3795 2540 .

2154 2588 2292 2659 μεθα
2323 2589 2384 2641 τὸ
2423 2589 2810 2661 ἀποπεραίνειν
2852 2590 2912 2642 τὸ
2959 2589 3185 2643 ἀνδὰνον
3225 2590 3394 2660 αὐτῷ.
3425 2590 3725 2661 Προτρέπει

2149 2681 2259 2750 γὰρ
2294 2683 2440 2752 ἡμᾶς
2487 2682 2565 2744 εἰς
2606 2679 2763 2733 τοῦτο
2791 2680 2886 2734 καὶ
2924 2681 2951 2732 6
2994 2681 3298 2748 σοφώτατος
3333 2681 3562 2744 Παῦλος,
3585 2680 3727 2734 οὕτω

2150 2770 2361 2838 λέγων·
2404 2790 2424 2822 ι
2475 2771 2658 2824 Ταῦτα
2714 2771 2771 2824 δέ
2817 2771 3060 2834 τυπικῶς
3115 2772 3427 2825 συνέϐαινεν
3476 2771 3723 2834 ἐκείνοις·

2150 2862 2368 2932 ἐγράφη
2393 2861 2448 2914 δὲ
2476 2863 2614 2933 πρὸς
2642 2863 2924 2916 νουθεσίαν
2951 2863 3130 2933 ἡμῶν,
3155 2865 3233 2927 εἰς
3256 2863 3349 2928 οὓς
3374 2864 3442 2917 τά
3467 2863 3593 2934 τέλη
3615 2864 3730 2916 τῶν

2152 2950 2362 3003 αἰώνων
2391 2953 2744 3022 κατήντησεν.
2779 2971 2798 3004 ι
2838 2954 3049 3023 Τρόπος
3092 2951 3184 3007 οὖν
3215 2955 3321 3026 ἄρα
3355 2956 3729 3023 παιδαγωγίας

2152 3041 2232 3102 είς
2265 3041 2484 3112 ἀρετὴν,
2518 3041 2578 3094 τὸ
2610 3042 2718 3094 δεῖν
2750 3043 2956 3095 οἴεσθαι
3004 3043 3240 3115 καθορᾷν
3271 3045 3339 3098 τὰ
3365 3047 3477 3106 τοῖς
3509 3047 3727 3115 ἀρχαιο-

2154 3132 2331 3202 τέροις
2365 3133 2897 3203 συμϐεϐηκότα.”οτι
2923 3135 3100 3189 τοίνυν
3132 3137 3180 3188 oi
3212 3136 3478 3202 ἀπειθεῖς,
3512 3137 3604 3190 καὶ
3640 3137 3730 3202 ἐξ-

484 3238 820 3306 inspicienda
875 3247 931 3292 et
970 3237 1359 3292 consideranda
1407 3244 1674 3302 putemus.
1709 3231 1861 3297 Quod
1896 3229 2051 3299 igitur

2158 3223 2318 3285 ήνιοι,
2355 3224 2447 3276 καὶ
2479 3223 2587 3275 τῶν
2621 3224 2779 3276 θείων
2813 3228 3238 3297 καταφρονηταὶ,
3274 3227 3421 3297 δεινῇ
3467 3229 3558 3280 καὶ
3587 3227 3729 3296 ἀφύ-

483 3329 746 3383 increduli
802 3339 857 3384 et
913 3328 1139 3383 rebelles
1198 3326 1610 3393 divinorumque
1678 3321 2050 3376 mandatorum

488 3428 888 3488 contemptores
926 3419 980 3472 in
1025 3431 1211 3486 poenas
1263 3413 1551 3471 horribiles
1597 3420 1653 3466 et
1692 3409 2051 3472 inevitabiles,

487 3507 706 3564 Christo
729 3508 1024 3577 judicante,
1079 3507 1337 3571 incident,
1384 3502 1696 3574 planissime
1744 3498 2053 3560 ostendere,

481 3609 737 3670 tanquam
755 3601 807 3654 in
827 3600 1060 3669 imagine
1077 3607 1347 3668 poterunt,
1371 3612 1488 3667 quae
1512 3595 1777 3664 quondam
1805 3595 1855 3646 in
1873 3592 2055 3646 Achar

482 3701 634 3762 gesta
647 3700 773 3744 sunt
788 3690 856 3750 ³⁸,
876 3689 1282 3758 quicontempto
1295 3691 1559 3753 praecepto
1571 3682 1770 3742 divino,
1789 3690 1842 3734 et
1860 3680 1925 3732 de
1941 3678 2056 3730 thu-

483 3795 645 3835 sanro
662 3779 982 3848 pretiosiora
1001 3777 1229 3838 furatus,
1259 3790 1287 3827 a
1311 3771 1438 3827 Jesu
1475 3770 1620 3824 Nave
1637 3766 1836 3822 Christi
1872 3775 2054 3834 typum

483 3881 724 3941 gerente,
737 3885 860 3924 cum
881 3878 988 3922 tota
1002 3868 1159 3921 domo
1178 3881 1270 3919 sua
1292 3869 1536 3916 extremo
1554 3857 1814 3928 supplicio
1827 3866 1909 3909 est
1928 3854 2057 3906 mul-

482 3972 648 4016 tatus.
696 3961 858 4015 Duxit
907 3959 1052 4012 enim
1088 3968 1205 4026 post
1250 3955 1486 4024 Moysem
1532 3950 1802 4022 populum,
1835 3957 1890 4001 et
1916 3946 2056 3999 ﬁlios

479 4052 645 4106 Israel
665 4066 758 4120 per
772 4049 1059 4105 Jordanem
1077 4045 1335 4110 traduxit,
1350 4045 1602 4112 idemque
1617 4052 1810 4094 terram
1828 4038 2057 4106 promis-

483 4145 653 4198 sionis
669 4142 856 4196 iisdem
875 4139 1147 4194 distribuit
1168 4138 1232 4190 ⁷⁵⁸.
1248 4136 1339 4190 Sic
1353 4145 1529 4188 autem
1549 4134 1613 4186 de
1626 4133 1801 4186 Achar
1817 4144 2056 4184 comme-

483 4246 691 4292 morata
705 4248 765 4289 se
782 4235 1002 4288 habent.
1017 4231 1186 4284 Simul
1207 4229 1348 4282 enim
1365 4226 1490 4280 furti
1509 4234 1837 4292 compertus,
1858 4230 1910 4276 et
1926 4236 2053 4290 pec-

484 4345 663 4385 eatum
695 4309 972 4384 confessus
993 4334 1095 4388 est,
1122 4343 1140 4375 ι
1163 4333 1217 4377 et
1237 4323 1469 4391 accepit,
1489 4318 1683 4386 inquit,
1703 4313 1859 4368 Jesus
1876 4311 2055 4366 Achar

486 4423 652 4476 lilium
705 4419 874 4483 Zarae,
897 4427 950 4473 et
988 4416 1210 4470 abduxit
1249 4429 1368 4468 eum
1414 4412 1481 4465 ad
1525 4411 1722 4464 vallem
1765 4407 1964 4467 Achor,
1992 4406 2055 4458 ﬁ-

483 4514 584 4566 lius
612 4512 748 4580 ejus,
784 4520 839 4566 et
877 4509 1016 4563 ﬁlias
1040 4509 1179 4576 ejus,
1212 4515 1267 4560 et
1297 4505 1495 4558 vitulos
1520 4504 1652 4573 ejus,
1679 4509 1733 4557 et
1755 4499 2050 4570 subjugalia

2153 3331 2267 3384 κτῳ
2317 3315 2737 3386 περιπεσοῦνται
2791 3316 2945 3386 δίκῃ,
2990 3317 3265 3387 κρίνοντος
3312 3318 3407 3371 τοῦ
3454 3317 3729 3390 Χριστοῦ,

2156 3408 2530 3479 παραδείξειεν
2565 3408 2652 3471 ἂν,
2680 3409 2774 3461 καὶ
2811 3410 2955 3479 μάλα
2987 3410 3203 3481 ῥᾳδίως,
3231 3410 3303 3474 ὡς
3335 3411 3390 3466 ἓν
3411 3429 3473 3479 γε
3503 3415 3614 3475 τοῖς
3638 3412 3732 3465 τύ-

2156 3517 2298 3563 ποις,
2329 3501 2398 3553 τά
2442 3501 2536 3553 ἐπὶ
2575 3501 2652 3570 τῷ
2685 3502 2859 3574 Ἀχαρ
2895 3503 3262 3574 πεπραγμένα
3309 3505 3448 3558 κατά
3485 3505 3728 3576 καιρούς.

2161 3594 2256 3655 Ὃς
2279 3591 2378 3661 τῆς
2401 3592 2547 3655 θείας
2575 3593 2846 3664 ἀλογήσας
2865 3593 3101 3664 ἐντολῆς,
3131 3595 3223 3648 καὶ
3252 3595 3530 3666 κεκλοφὼς
3555 3598 3618 3649 ἐκ
3637 3595 3731 3648 τοῦ

2157 3687 2526 3757 ἀναθήματος,
2562 3685 2930 3757 τετιμώρηται
2986 3688 3223 3752 πανοικὶ,
3250 3689 3440 3759 ποινὴν
3490 3689 3732 3758 ἐπαρτή-

2159 3794 2350 3839 σαντος
2379 3777 2476 3846 τὴν
2509 3778 2743 3848 ἐσχάτην
2771 3778 2920 3848 αὐτῷ
2955 3779 3127 3849 Ἰησοῦ
3155 3781 3248 3832 τοῦ
3280 3780 3457 3850 Ναυῆ,
3490 3781 3591 3850 τὴν
3637 3779 3731 3832 τοῦ

2156 3866 2391 3936 Χριστοῦ
2421 3866 2756 3937 πληροῦντος
2788 3868 3416 3940 εἰκόνα.Ἐστρατήγησε
3459 3870 3567 3940 γὰρ
3596 3869 3731 3940 μετά

2157 3959 2376 4020 Μωσέα,
2407 3960 2499 4011 καὶ
2529 3959 2688 4022 αὐτὸς
2721 3960 2992 4013 διεϐίϐασε
3020 3961 3110 4014 τὸν
3147 3963 3415 4034 Ἰορδάνην
3440 3964 3564 4026 τοὺς
3586 3963 3733 4026 υἱοὺς

2168 4050 2404 4120 Ἰσραὴλ,
2437 4051 2531 4104 καὶ
2573 4051 2734 4115 αὐτὸς
2765 4053 2950 4116 αὐτοῖς
2979 4054 3474 4126 κατεκληροδότησε
3504 4057 3603 4126 τῆς
3632 4058 3734 4109 έπ-

2156 4141 2416 4210 αγγελίας
2441 4143 2541 4212 τὴν
2571 4143 2857 4213 γῆν.Ἔχει
2886 4145 2941 4196 δὲ
2974 4143 3115 4198 οὕτω
3140 4146 3204 4200 τὰ
3233 4149 3323 4199 ἐπὶ
3341 4148 3415 4218 τῷ
3432 4150 3606 4219 Ἀχαρ
3638 4165 3735 4218 γε·-

2156 4233 2468 4304 γραμμένα.
2488 4235 2704 4304 Ἐπειδὴ
2740 4236 2846 4306 γὰρ
2876 4237 3017 4288 ἐάλω
3063 4238 3362 4306 κεκλοφὼς,
3404 4242 3494 4294 καὶ
3524 4241 3734 4311 ὡμολό-

2155 4343 2293 4396 γησε
2322 4326 2422 4397 τὴν
2472 4327 2762 4397 ἁμαρτίαν,
2792 4347 2809 4378 ι
2836 4329 2945 4381 Καὶ
2966 4327 3144 4392 ἔλαϐε,
3184 4333 3367 4401 φησὶν,
3386 4331 3590 4401 Ἰησοῦς
3640 4333 3731 4386 τὸν

2159 4418 2338 4487 Ἀχαρ
2367 4416 2480 4468 υἱὸν
2507 4416 2677 4486 Ζαρὰ,
2717 4419 2810 4470 καὶ
2849 4419 3137 4488 ἀπήγαγεν
3162 4421 3325 4473 αὐτὸν
3360 4423 3440 4485 είς
3472 4422 3735 4492 φάραγγα

2155 4505 2355 4578 Ἀχὼρ,
2387 4508 2480 4560 καὶ
2514 4509 2640 4584 τοὺς
2673 4510 2822 4573 υἱοὺς
2852 4510 3147 4575 αὑτοῦ,καὶ
3175 4512 3275 4576 τὰς
3305 4513 3606 4583 θυγατέρας
3634 4516 3733 4569 αὺ-

484 4604 619 4670 ejus,
655 4613 710 4657 et
737 4616 866 4656 oves
880 4601 1016 4668 ejus,
1039 4609 1092 4654 et
1127 4596 1528 4653 tabernaculum
1559 4593 1695 4661 ejus,
1724 4603 1780 4646 et
1800 4603 2048 4647 cunctam

2153 4596 2269 4660 τοῦ,
2302 4598 2397 4651 καὶ
2421 4599 2547 4662 τοὺς
2577 4599 2810 4670 μόσχους
2837 4601 3025 4664 αὑτοῦ,
3045 4604 3137 4655 καὶ
3162 4603 3227 4655 τὰ
3254 4602 3521 4671 ὑποζύγια
3544 4603 3732 4670 αὐτοῦ,

484 4680 864 4763 supellectilem
897 4693 1034 4761 ejus,
1076 4698 1132 4745 et
1177 4688 1353 4744 omnis
1405 4687 1632 4757 populus
1680 4699 1802 4740 cum
1857 4699 1943 4750 eo,
2001 4690 2055 4736 et

486 4790 760 4841 duxerunt
776 4799 871 4840 eos
901 4783 966 4838 ad
1002 4779 1347 4852 Ἐμεκαχώρ,
1373 4781 1422 4835 id
1445 4790 1522 4833 est
1551 4777 1738 4832 vallem
1764 4777 1962 4830 Achor.
1990 4775 2057 4828 Et

483 4881 620 4935 dixit
642 4877 800 4934 Jesus
824 4877 891 4930 ad
920 4875 1100 4930 Achar
1131 4892 1145 4929 :
1175 4873 1353 4939 Quare
1385 4870 1664 4940 perdidisti
1703 4869 1835 4923 nos?
1857 4868 2055 4922 Perdat

489 4985 538 5026 te
570 4969 828 5024 Dominus
856 4967 996 5022 sicut
1025 4976 1081 5020 et
1107 4966 1289 5019 hodie.
1329 4963 1394 5017 Et
1419 4963 1678 5030 lapidavit
1707 4975 1827 5014 eum
1875 4959 2054 5013 omnis

485 5063 709 5135 pupulus
729 5060 912 5127 Israel,
933 5068 986 5114 et
1009 5065 1466 5127 congregaverant
1484 5067 1644 5123 super
1659 5067 1778 5106 eum
1803 5066 2052 5106 acervum

486 5157 722 5224 lapidum
773 5167 1024 5220 magnum
1054 5150 1120 5203 δ’.
1166 5169 1185 5202 ι
1225 5148 1404 5202 Achor
1440 5147 1602 5216 igitur
1633 5145 1918 5212 exponitur
1949 5145 2057 5197 dis-

486 5247 665 5311 tortio,
697 5258 791 5298 seu
823 5241 1106 5312 pervenio.
1138 5238 1328 5294 Juncta
1356 5247 1532 5290 autem
1563 5251 1662 5291 vox
1707 5234 2051 5305 Ἐμεκαχώρ,

487 5334 805 5403 intelligitur
857 5333 1009 5388 uallis
1069 5329 1430 5401 perversionis.
1470 5327 1542 5381 lbi
1590 5328 1789 5391 Achar,
1843 5337 1902 5380 ut
1943 5326 2054 5380 Deo

486 5440 733 5489 exosum,
765 5425 1183 5491 divitiarumque
1231 5421 1446 5475 avidum
1495 5418 1586 5473 ﬁlii
1635 5419 1798 5474 Israel
1847 5420 2060 5474 occide-

487 5524 635 5580 runt,
659 5529 783 5568 cum
810 5515 1060 5570 omnibus
1083 5529 1201 5583 quae
1224 5512 1472 5567 habebat.
1499 5513 1767 5580 Scriptum
1801 5520 1884 5565 est
1915 5512 2056 5564 enim

491 5622 512 5656 ι
553 5606 744 5674 impios
770 5606 1031 5662 radicitus
1064 5607 1130 5661 de
1157 5615 1298 5660 terra
1333 5607 1600 5676 perituros
1637 5605 1701 5656 ⁸⁸.
1741 5624 1758 5656 ι
1801 5603 2062 5658 Similiter

487 5696 582 5751 ﬂet
611 5697 665 5755 in
697 5696 956 5756 extremis
1006 5697 1190 5752 saeculi
1247 5701 1600 5770 temporibus,
1643 5695 1854 5764 quando
1906 5695 2060 5750 nobis

565 5853 614 5888 “
639 5857 659 5910 ι
687 5852 831 5915 Pe‘tr.
862 5876 919 5929 ν,
957 5861 1008 5917 4.
1088 5864 1130 5895 ⁸³
1163 5861 1184 5917 l
1213 5862 1338 5918 Cor.
1379 5879 1435 5930 x,
1464 5864 1516 5916 :2.
1559 5862 1738 5919 "Jus.
1781 5879 1875 5928 vn,
1906 5864 1996 5918 25.
2074 5863 2250 5922 “los.
2291 5883 2372 5936 ιιι,
2407 5867 2455 5921 l.

2161 4693 2256 4745 καὶ
2306 4695 2374 4746 τὰ
2427 4695 2672 4765 πρόϐατα
2717 4696 2903 4757 αὐτοῦ,
2933 4700 3028 4751 καὶ
3055 4697 3152 4768 τὴν
3187 4698 3390 4768 σκηνὴν
3421 4695 3607 4762 αὐτοῦ,
3642 4697 3736 4749 καὶ

2161 4783 2338 4836 πάντα
2369 4785 2439 4838 τά
2465 4787 2776 4857 ὑπάρχοντα
2801 4789 2991 4852 αὐτοῦ,
3020 4790 3116 4844 καὶ
3145 4792 3252 4852 πᾶς
3287 4792 3315 4842 6
3341 4788 3466 4851 λαὸς
3498 4790 3613 4858 μετ’
3635 4788 3735 4841 αὑ-

2158 4877 2273 4940 τοῦ,
2302 4877 2398 4931 καὶ
2432 4879 2706 4949 ἀνήγαγεν
2736 4880 2930 4943 αὐτοὺς
2957 4883 3036 4944 είς
3060 4881 3403 4951 Ἐμεκαχώρ.
3434 4880 3543 4934 Καὶ
3584 4875 3737 4933 εἷπεν

2172 4968 2376 5040 Ἰησοῦς
2405 4969 2482 5040 τῷ
2505 4971 2713 5042 Ἀχαρ·
2746 4971 2809 5024 Τί
2834 4972 2916 5024 ὅτι
2943 4973 3284 5044 ὡλόθρευσας
3307 4975 3485 5044 apag;
3529 4971 3736 5036 Ἐξολο-

2163 5062 2387 5132 θρεύσαι
2422 5079 2481 5115 σε
2515 5063 2739 5134 Κύριος,
2768 5064 2910 5117 καθά
2934 5065 3028 5118 καὶ
3061 5066 3319 5136 σήμερον.
3348 5065 3457 5116 Καὶ
3498 5061 3734 5116 ἐλιθοϐό-

2162 5151 2333 5222 λησαν
2357 5153 2518 5206 αὑτὸν
2547 5153 2714 5217 λίθοις
2741 5157 2848 5218 πᾶς
2879 5155 3110 5227 Ἰσραὴλ,
3138 5156 3231 5208 καὶ
3259 5156 3567 5226 ἐπέστησαν
3587 5153 3737 5226 αὐτῷ

2164 5244 2340 5313 σωρὸν
2391 5244 2552 5298 λίθων
2596 5247 2788 5314 μέγαν.
2823 5265 2840 5297 ι
2880 5245 3055 5318 Ἀχὼρ
3100 5247 3198 5317 μὲν
3243 5243 3333 5301 οῦν
3375 5248 3734 5318 ἑρμηνεύεται

2159 5335 2510 5404 διαστροφή.
2545 5338 3126 5407 Προσεπενηνεγμένου
3177 5339 3232 5393 δέ
3265 5338 3357 5392 τοῦ
3390 5339 3734 5412 Ἐμεκαχὼρ,

2160 5431 2358 5481 νοεῖται
2386 5428 2449 5498 δὴ
2469 5428 2628 5482 πάλιν
2659 5431 2866 5495 κοιλὰς
2881 5430 3270 5500 διαστροφῆς.
3291 5431 3437 5483 Ἐκεῖ
3450 5432 3543 5484 τὸν
3559 5433 3735 5503 Ἀχαρ

2161 5519 2522 5574 ἀπεκτόνασιν
2567 5521 2642 5584 ὡς
2694 5521 2916 5591 θεομισῆ
2980 5523 3075 5576 καὶ
3135 5521 3485 5590 φιλόπλουτον
3529 5524 3578 5576 οἱ
3633 5523 3739 5575 υίοὶ

2174 5610 2388 5681 Ἰσραὴλ
2409 5651 2424 5677 ,
2457 5611 2783 5682 προσθέντες
2812 5612 2960 5683 αὐτῷ
2996 5613 3090 5666 καὶ
3124 5613 3302 5666 πάντα
3330 5611 3398 5664 τὰ
3428 5611 3615 5666 αὐτοῦ.
3640 5612 3679 5664 Γ
3683 5611 3738 5663 έ-

2163 5717 2402 5771 γραπται
2455 5701 2602 5773 γὰρ,
2645 5703 2726 5755 ὅτι
2775 5720 2794 5754 ι
2836 5703 2896 5756 Οἱ
2943 5701 3162 5766 ἀσεϐεῖς
3205 5701 3474 5772 ὁλόρριξοι
3518 5702 3584 5754 ἐκ
3637 5699 3741 5772 γῆς

2533 5868 2576 5900 ⁸⁷
2615 5869 2723 5926 Jos.
2765 5884 2863 5936 vn,
2894 5867 3085 5923 τίετο.
3163 5867 3208 5900 ⁸⁸
3233 5864 3377 5922 Fsal.
3411 5879 3489 5932 LI,
3514 5863 3564 5918 7.
