4046 6376
377 358 444 417 87
1357 356 1416 410 S.
1455 353 1721 409 CYIIILLI
1760 351 2223 407 ALEXANDRINI
2260 353 2553 408 ARCIIEP.
3560 350 3627 410 85

377 472 520 530 milis
551 481 730 529 autem
774 475 1144 540 vehementer,
1191 483 1245 531 et
1275 477 1431 545 quasi
1476 489 1697 529 accessu
1753 474 1945 537 facilis,

2056 489 2155 541 μον
2179 471 2313 525 αἰδῶ
2333 489 2346 502 ο
2371 471 2621 533 ταπεινὸς
2645 469 2700 523 δὲ
2716 470 2855 531 λίαν,
2875 472 2967 525 καὶ
2995 473 3157 526 οἱονεί
3176 490 3290 537 πως
3311 472 3630 544 εὐπρόσιτος

374 566 443 621 ad
465 565 825 621 obediendum
852 576 1151 637 promptus,
1199 577 1252 622 et
1290 583 1317 621 a
1363 565 1475 621 Deo
1508 567 1561 621 in
1594 566 1784 635 primis
1817 565 1949 620 dile-

374 665 515 713 ctus.
543 656 654 730 5.9
670 657 849 725 Quare
870 674 967 728 per
994 659 1308 730 pr0phetam
1337 659 1623 729 quemdam
1651 657 1827 729 inquit
1848 656 1947 711 ali-

374 748 496 802 cubi
531 766 544 803 :
578 767 597 801 ι
625 751 799 819 Super
824 765 981 819 quem
1014 751 1323 819 respiciam,
1353 750 1454 804 nisi
1480 763 1642 817 super
1665 747 1946 810 humilem,

374 850 428 894 et
454 842 713 910 quietum,
745 849 799 895 et
823 850 1143 897 trementem
1171 857 1449 898 sermones
1481 855 1630 896 meos
1657 840 1744 894 "2
1773 859 1791 891 ι
1827 855 1947 893 cum

293 976 299 982 .
375 934 541 1003 igitur
570 933 778 989 locutus
808 934 981 999 fuero,
1010 935 1203 1004 inquit,
1236 935 1301 989 ad
1326 950 1421 989 cor
1452 932 1591 1001 ejus,
1629 940 1755 986 tunc
1798 940 1946 995 tunc,

374 1036 427 1078 et
455 1024 568 1093 ipsa
601 1026 993 1093 humiliabitur,
1036 1028 1175 1082 sicut
1223 1036 1279 1081 et
1323 1026 1379 1081 in
1410 1024 1697 1095 principio,
1733 1026 1949 1094 quando

373 1126 601 1172 vocante
640 1116 841 1187 Moyse,
882 1128 938 1173 et
985 1134 1047 1173 ex
1096 1118 1335 1191 Egypto
1385 1119 1665 1174 discedere
1723 1118 1950 1187 lubente

376 1207 731 1262 misericorde
768 1209 897 1276 Deo,
944 1212 1345 1280 promptissime
1384 1210 1486 1265 hoc
1526 1208 1709 1264 facere
1768 1209 1951 1264 stude-

375 1294 526 1361 bant,
554 1304 608 1351 et
633 1311 662 1351 e
689 1299 848 1353 terris
875 1298 1285 1368 imperiosorum
1323 1297 1661 1351 dominorum
1691 1309 1951 1365 propera-

376 1386 527 1441 bant.
557 1387 790 1444 Ferente
837 1399 1017 1444 autem
1050 1389 1220 1459 legem
1254 1389 1308 1444 in
1353 1387 1592 1452 Choreb,
1638 1383 1949 1456 congregati

374 1492 498 1534 cum
530 1479 714 1550 Moyse
754 1480 821 1534 ad
861 1490 1097 1534 montem
1133 1480 1282 1542 Sina,
1319 1476 1720 1548 promittebant,
1759 1493 1780 1527 ι
1832 1489 1950 1529 om-

368 1570 463 1624 'nia
504 1584 625 1640 quae
673 1570 809 1626 dixit
833 1570 986 1626 nobis
1014 1570 1271 1625 Dominus
1332 1568 1616 1632 faciemus,
1662 1576 1717 1621 et
1746 1566 1950 1621 erimus

375 1663 690 1718 obedientes
725 1663 793 1717 “.
832 1681 851 1715 ι
896 1663 1013 1717 Erit
1056 1663 1217 1733 igitur
1264 1661 1483 1717 humilis
1524 1669 1579 1714 et
1625 1657 1945 1722 tractabilis,

374 1757 825 1826 quemadmodum
860 1766 915 1811 et
948 1755 1125 1820 initio,
1156 1756 1372 1827 quando
1400 1769 1493 1823 per
1518 1753 1692 1823 legem
1736 1752 1802 1806 ad
1852 1766 1949 1807 co-

2048 560 2225 633 όπρὸς
2248 561 2557 615 εὐπείθειαν
2583 558 2823 625 εὔκολος,
2842 562 2937 614 καὶ
2961 562 3079 633 Θεῷ
3100 564 3219 616 λίαν
3238 565 3427 633 ηγαπη
3438 562 3593 633 μένος
3610 603 3625 618 .

2047 652 2157 705 Καὶ
2208 651 2340 721 γοῦν
2388 652 2491 721 ἔφη
2539 667 2641 703 που
2687 649 2751 703 δι’
2780 650 2897 714 ἐνὸς
2936 652 3043 705 τῶν
3090 654 3259 722 ἁγίων
3291 654 3626 726 προφητῶν·

2054 763 2073 797 ι
2097 745 2222 798 Ἐπὶ
2268 745 2391 798 τίνα
2439 743 2737 813 ὲπιϐλέψω,
2768 743 2883 797 ἀλλ’
2914 743 2947 815 ἢ
2972 746 3066 799 ἐπὶ
3108 747 3201 800 τὸν
3230 748 3504 809 ταπεινὸν,
3536 748 3630 801 καὶ

2047 837 2294 908 ἡσύχιον,
2321 837 2416 890 καὶ
2446 836 2720 908 τρέμοντά
2750 856 2850 907 μου
2876 839 3004 903 τοὺς
3030 839 3222 906 λόγους
3246 857 3260 905 ;
3298 862 3316 891 ι
3346 841 3515 893 ’Ὅταν
3541 836 3630 893 οὖν

2047 927 2286 999 λαλήσω,
2323 928 2509 999 φησὶν,
2543 929 2635 981 ἐπὶ
2664 929 2762 998 τὴν
2796 929 3025 1001 καρδίαν
3057 931 3381 1001 αὐτῆς,τότε
3402 930 3484 1002 δὴ,
3510 932 3632 983 τότε

2048 1022 2144 1076 καὶ
2186 1021 2325 1092 αὐτὴ
2358 1022 2853 1094 ταπεινωθήσεται,
2888 1023 3031 1078 καθά
3065 1026 3160 1078 καὶ
3208 1028 3267 1078 ἐν
3299 1026 3514 1097 ἀρχαῖς,
3543 1027 3633 1079 ὅτε

2047 1112 2342 1178 καλοῦντος
2399 1113 2682 1178 Μωσέως,
2728 1117 2824 1169 καὶ
2877 1117 2976 1187 τῆς
3025 1117 3337 1185 Αἰγυπτίων
3379 1118 3634 1187 ἀπαίρειν

2049 1207 2483 1279 προστεταχότος
2498 1207 2591 1261 τοῦ
2611 1209 3047 1279 φιλοικτίρμονας
3062 1209 3220 1277 Θεοῦ,
3233 1210 3403 1281 προθυ
3412 1209 3633 1280 μώτατα

2051 1298 2151 1371 μὲν
2200 1297 2359 1351 τοῦτο
2404 1298 2538 1370 δρᾷν
2594 1298 2948 1363 ἐσπούδαζον.
3010 1300 3107 1354 καὶ
3146 1301 3246 1370 τῆς
3286 1300 3394 1352 τῶν
3443 1299 3631 1352 πλεον-

2049 1389 2356 1444 εκτούντων
2382 1388 2683 1461 ἀπέτρεχον
2705 1389 2827 1458 γῆς.
2871 1387 3177 1461 Ὀρίζοντος
3201 1389 3257 1442 δὲ
3285 1391 3407 1453 τοὺς
3438 1391 3634 1459 νόμους

2049 1482 2106 1535 ἐν
2126 1479 2349 1551 Χωρὴϐ,
2384 1480 2855 1552 συναγηγερμένοι
2891 1480 3030 1550 μετά
3058 1480 3300 1543 Μωσέως
3325 1480 3416 1534 ἐπὶ
3436 1480 3496 1532 τὸ
3510 1480 3633 1550 δρος

2049 1571 2197 1636 Σινά,
2231 1570 2736 1642 κατεπηγγέλλοντο
2766 1570 3017 1638 λέγοντες
3046 1588 3059 1602 ·
3090 1590 3109 1622 ι
3147 1570 3332 1624 Πάντα
3355 1571 3455 1623 ὅσα
3482 1565 3634 1623 εἶπεν

2048 1667 2182 1736 ἡμῖν
2211 1664 2412 1737 Κύριος
2449 1668 2478 1719 ό
2528 1664 2680 1730 Θεὸς,
2711 1666 3034 1736 ποιήσομεν,
3072 1666 3168 1719 καὶ
3214 1665 3575 1735 ἀκουσόμεθα.
3609 1685 3628 1716 ι

2052 1758 2261 1812 Οὐκοῦν
2287 1758 2436 1812 ἔσται
2466 1757 2694 1828 ταπεινὴ
2729 1758 2824 1812 καὶ
2853 1758 3085 1829 εὐήνιος,
3111 1758 3255 1811 καθὰ
3285 1758 3380 1811 καὶ
3423 1760 3481 1811 ἐν
3530 1759 3633 1829 ἀρ-

373 1848 665 1916 gnitionem
694 1847 788 1903 Dei
823 1857 1100 1918 generata,
1135 1848 1465 1901 voluntatem
1498 1846 1733 1900 divinam
1778 1843 1951 1899 libens

2053 1852 2195 1921 χαίς,
2226 1851 2315 1904 ὅτε
2357 1850 2457 1922 τὴν
2500 1849 2589 1903 διὰ
2638 1850 2807 1919 νόμου
2856 1849 2992 1920 πρὸς
3033 1849 3362 1918 θεογνωσίαν
3394 1848 3636 1902 λαϐοῦσα

375 1935 857 2006 complectebatur.
901 1935 1028 1992 Dies
1062 1952 1193 2004 ergo
1215 1935 1513 2005 iuventutis
1541 1936 1830 2007 appellavit
1868 1949 1953 1988 re-

375 2029 779 2097 generationem
812 2044 907 2099 per
937 2029 1106 2100 legem
1132 2029 1198 2083 ad
1230 2029 1591 2099 cognitionem
1626 2026 1744 2081 Dei.
1774 2024 1954 2091 Quare

375 2119 541 2173 etiam
575 2120 711 2174 dixit
742 2137 756 2177 :
795 2137 815 2172 ι
848 2118 1248 2188 Primogenitus
1277 2117 1423 2174 ﬁlius
1454 2132 1608 2172 meus
1641 2115 1808 2171 Israel
1830 2114 1897 2168 ⁸⁵.
1929 2132 1947 2164 ι

445 2312 611 2367 VERS.
653 2312 741 2378 16,
779 2313 864 2369 17.
906 2312 973 2367 Et
995 2316 1116 2376 erit,
1146 2313 1203 2365 in
1233 2310 1320 2366 die
1341 2309 1455 2375 illa,
1493 2309 1625 2363 dicit
1656 2306 1953 2369 Dominus;

374 2406 577 2459 vocabit
617 2421 696 2458 me
726 2422 744 2459 :
774 2404 869 2458 Vir
893 2421 1058 2471 meus,
1084 2416 1128 2458 el
1160 2421 1261 2457 non
1292 2403 1497 2457 vocabit
1527 2418 1606 2455 me
1639 2398 1781 2454 ultra
1811 2397 1954 2452 Baa-

374 2498 486 2553 lim.
540 2496 609 2550 Et
656 2499 914 2568 auferam
959 2497 1172 2549 nomina
1226 2494 1435 2548 Baalim
1486 2510 1551 2546 ea:
1603 2507 1691 2546 ore
1730 2490 1867 2559 ejus,
1904 2502 1953 2543 et

374 2605 477 2643 non
519 2590 937 2643 recordabuntur
966 2589 1104 2641 ultra
1146 2589 1424 2642 nominum
1460 2584 1698 2656 illorum.

445 2748 634 2804 XXVI.
678 2749 826 2803 Diem
864 2748 968 2802 hoc
999 2746 1116 2800 loco
1150 2756 1363 2814 tempus
1404 2744 1670 2799 adventus
1705 2742 1953 2797 Salvato-

374 2840 450 2897 ris
477 2841 646 2896 nostri
670 2841 955 2894 nominat:
1004 2837 1219 2907 proprie
1256 2837 1403 2890 enim
1458 2850 1523 2889 ac
1552 2850 1679 2889 vere
1708 2835 1824 2889 dies
1852 2848 1951 2885 vo-

376 2935 488 2991 cari
543 2943 722 3004 potest
772 2942 984 3001 tempus
1052 2928 1442 2985 incarnationis
1495 2927 1792 2995 Unigeniti,
1844 2940 1953 2996 quo

374 3025 550 3095 caligo
577 3024 630 3078 in
668 3023 866 3077 mundo
899 3022 1119 3090 depulsa
1151 3030 1255 3085 est,
1286 3029 1341 3075 et
1366 3017 1660 3089 proﬂigatae
1693 3016 1948 3080 tenebrae,

375 3125 429 3170 et
472 3116 622 3184 quasi
654 3114 874 3184 quidam
916 3112 1230 3180 splendores
1281 3111 1335 3164 in
1381 3108 1578 3163 animis
1617 3107 1947 3162 credentium

375 3208 576 3271 exorti,
630 3206 783 3261 etsol
836 3205 1062 3275 iustitiae
1111 3203 1377 3265 illuxit“,
1440 3215 1578 3253 verae
1629 3198 2021 3265 cognitionisc

375 3302 470 3356 Dei
515 3301 692 3355 lumen
726 3299 972 3353 inserens
1001 3299 1087 3364 iis,
1117 3297 1213 3367 qui
1264 3294 1459 3349 mentis
1496 3291 1683 3348 oculos
1736 3289 1950 3358 aperire

376 3403 662 3448 noverunt.
716 3391 808 3445 Illo
861 3391 1026 3459 igitur
1064 3397 1326 3458 tempore,
1387 3387 1586 3456 inquit,
1641 3394 1829 3439 vocata
1880 3380 1949 3437 ad

377 3479 702 3550 agnitionem
733 3479 844 3533 veri
875 3478 989 3539 Dei,
1021 3492 1051 3530 a
1080 3478 1247 3531 veteri
1275 3476 1363 3530 illa
1428 3484 1484 3531 et
1513 3473 1699 3529 odiosa
1731 3472 1952 3528 levitate

377 3571 636 3636 discedet,
660 3585 759 3625 nec
779 3570 1009 3640 amplius
1038 3570 1285 3625 alicunde
1308 3569 1374 3622 ad
1393 3568 1717 3637 apostasiam
1749 3581 1778 3619 a
1802 3575 1951 3620 recto

380 3656 651 3712 curriculo
693 3656 850 3711 facile
876 3658 1329 3726 detorquebilur;
1370 3658 1462 3712 sed
1497 3656 1736 3710 animum
1772 3655 1949 3724 potius

380 3759 526 3805 recte
566 3761 619 3803 et
660 3750 951 3805 salubriter
994 3750 1299 3805 constantia
1342 3750 1562 3819 pietatis
1606 3750 1947 3804 incedentem

377 3841 621 3905 habebit,
646 3852 704 3895 ut
730 3856 906 3911 neque
932 3852 1191 3910 punctum
1220 3842 1480 3909 temporis
1515 3840 1732 3895 nomina
1780 3839 1951 3892 idolo-

378 3951 498 3989 rum
524 3936 575 3989 in
605 3950 857 3990 sermone
898 3943 1140 4002 usurpet.
1185 3934 1413 3989 Vocabit
1436 3935 1578 3987 enim
1608 3949 1715 3999 me,
1751 3934 1947 4002 inquit,

378 4028 475 4081 Vir
495 4043 668 4091 meus,
703 4036 756 4081 et
784 4042 887 4080 non
920 4026 1135 4080 vocabit
1165 4038 1249 4078 me
1276 4025 1416 4079 ultra
1447 4024 1675 4089 Baalim,
1719 4025 1821 4079 hoc
1869 4033 1953 4078 est

377 4117 702 4186 temperabit
745 4132 774 4170 a
829 4115 1095 4181 libidine,
1148 4125 1204 4170 et
1254 4114 1510 4170 fornicari
1572 4117 1626 4170 in
1675 4126 1951 4183 posterum

377 4210 673 4265 recusabit.
709 4208 883 4279 Magni
913 4216 1096 4262 autem
1140 4208 1455 4272 aestimabit,
1507 4223 1628 4263 esse
1667 4221 1731 4262 se
1778 4206 1953 4277 legiti-

380 4317 541 4367 mam,
576 4310 630 4354 et
655 4301 1029 4369 cognationem
1060 4299 1427 4364 conﬁtebitur,
1474 4299 1809 4367 spiritualem
1846 4299 1953 4354 uti-

377 4410 505 4461 que.
558 4392 878 4461 Neutiquam
920 4400 1100 4445 autem
1137 4390 1275 4444 idola
1313 4389 1518 4445 Baalim
1546 4391 1841 4454 invocabit,
1883 4405 1952 4445 ex

378 4489 557 4556 lapide
590 4486 858 4549 confecta,
905 4494 958 4540 et
986 4484 1347 4555 quorumdam
1396 4482 1627 4538 artiﬁcio
1672 4484 1857 4538 solerti
1898 4485 1951 4539 in

2053 1944 2328 2014 γέννησιν,
2360 1944 2615 2015 ἀσμένως
2636 1942 2847 2014 ἐδέχετο
2871 1943 2932 1997 τὸ
2958 1942 3039 2014 τῷ
3063 1940 3183 2011 Θεῷ
3208 1941 3399 1995 δοκοῦν
3442 1941 3637 2011 νηπιό-

2052 2051 2233 2104 τητος.
2262 2035 2454 2087 Τοίνυν
2479 2035 2713 2106 ἡμέρας,
2740 2034 2839 2106 τὴν
2867 2034 2956 2087 διὰ
3001 2035 3166 2104 νόμου
3215 2035 3380 2103 φησὶν
3413 2032 3641 2097 ἀναγεν-

2052 2143 2209 2197 νησιν
2237 2127 2316 2190 είς
2344 2125 2674 2195 θεογνωσίαν
2692 2141 2709 2158 ο
2740 2125 3020 2197 τοιγάρτοι
3055 2125 3150 2178 καὶ⁸
3176 2123 3432 2192 ἔφασκεν,
3463 2143 3481 2175 ι
3509 2124 3639 2187 Υἱὸς

2053 2216 2395 2288 πρωτότοκός
2424 2234 2525 2288 μου
2562 2216 2800 2288 Ἰσραήλ.
2835 2235 2854 2268 ι

2124 2306 2235 2362 Καὶ
2259 2307 2463 2373 ἔσται,
2496 2307 2567 2360 ἐν
2588 2306 2666 2375 τῇ
2703 2305 2894 2375 ἡμέρᾳ
2918 2306 3144 2373 ἐκείνῃ,
3180 2306 3342 2372 λέγει
3380 2303 3595 2369 Κύριος
3619 2340 3635 2365 ,

2050 2399 2301 2454 καλέσει
2321 2416 2400 2469 με
2434 2415 2448 2429 ο
2477 2396 2659 2465 Ἀνήρ
2712 2414 2833 2466 μου
2855 2414 2870 2429 ⁸
2903 2396 3001 2451 καὶ
3030 2398 3103 2451 οὐ
3133 2394 3377 2449 καλέσει
3415 2411 3494 2463 με
3549 2393 3637 2445 ἔτι

2051 2493 2337 2561 Βααλείμ.
2374 2491 2483 2546 Καὶ
2515 2486 2711 2557 ἑξαρῶ
2742 2486 2814 2541 τὰ
2845 2489 3107 2557 ὀνόματα
3146 2486 3266 2540 τῶν
3288 2485 3551 2550 Βααλεὶμ
3569 2484 3638 2536 ἐκ

2050 2585 2351 2653 στόματος
2376 2580 2590 2650 αὐτῆς,
2644 2579 2743 2634 καί
2779 2582 2853 2634 οὐ
2895 2580 2981 2649 μὴ
3021 2577 3378 2646 μνησθῶσιν
3410 2577 3520 2629 οὐκ
3547 2575 3637 2628 ἐτι

2050 2678 2121 2733 τὰ
2143 2678 2403 2745 ὀνόματα
2430 2673 2649 2729 αὐτῶν.

2118 2768 2264 2833 κει-ο.
2315 2766 2558 2837 Ἠμέραν
2590 2766 2690 2835 μὲν
2714 2764 2772 2816 ἐν
2795 2762 3005 2825 τούτοις
3033 2762 3124 2814 τὸν
3143 2761 3242 2831 τῆς
3263 2760 3357 2813 τοῦ
3388 2760 3638 2829 Σωτῆρος

2048 2858 2207 2930 ἡμῶν
2259 2858 2554 2928 ἐπιδημίας
2588 2855 2846 2926 ὀνομάζει
2874 2853 3066 2927 καιρόν
3091 2868 3106 2883 ⁸
3164 2853 3490 2921 κεκλήσεται
3527 2850 3637 2921 γὰρ

2049 2950 2234 3020 ἡμέρα
2287 2948 2492 3019 κυρίως
2551 2950 2645 3001 καὶ
2676 2948 2925 3017 ἀληθῶς,
2987 2946 3086 3016 τῆς
3149 2942 3245 2999 τοῦ
3298 2942 3637 3012 Μονογενοῦς

2050 3040 2206 3094 ὲνανθ
2218 3041 2515 3110 ρωπήσεως
2531 3040 2559 3091 ὁ
2590 3038 2800 3109 καιρὸς,
2835 3037 2957 3091 καθ’
2983 3037 3042 3090 ὃν
3065 3039 3097 3108 ή
3121 3038 3177 3090 ὲν
3201 3036 3392 3106 κόσμῳ
3419 3035 3634 3089 λέλυται

2054 3129 2152 3198 μὲν
2180 3127 2369 3198 ἀχλύςο
2401 3127 2698 3196 ἠφάνισται
2733 3127 2789 3179 δὲ
2833 3126 2928 3180 καὶ
2955 3127 3016 3179 τὸ
3068 3126 3274 3188 σκότος·
3302 3126 3552 3197 λαμπραὶ
3580 3125 3636 3179 δὲ

2053 3219 2242 3290 ῶσπερ
2270 3218 2581 3288 ἀνίσχουσιν
2597 3219 2764 3285 αὐγαὶ
2791 3216 2931 3270 κατά
2951 3216 3075 3270 νοῦν
3096 3219 3208 3279 τοῖς
3224 3216 3635 3278 πεπιστευκόσι,

2052 3312 2148 3365 καὶ
2176 3311 2204 3363 ὁ
2232 3311 2332 3379 τῆς
2357 3309 2705 3379 δικαιοσύνης
2736 3308 3050 3379 ἐπέλαμψεν
3084 3309 3252 3379 ἥλιος,
3281 3309 3379 3378 τῆς
3406 3308 3636 3377 ἀληθοῦς

2053 3399 2383 3468 θεογνωσίας
2422 3398 2484 3452 τὸ
2518 3398 2632 3466 φῶς
2659 3399 2821 3462 ἐνιεὶς
2848 3401 2959 3461 τοῖς
2997 3397 3313 3468 ἀνευρύνειν
3348 3398 3512 3451 εἰδόσι
3538 3399 3636 3468 τῆς

2051 3491 2290 3554 διανοίας
2343 3488 2435 3544 τὸν
2481 3489 2781 3560 ὀφθαλμόν.
2828 3490 2965 3542 Κατ’
2998 3491 3173 3543 ὲκεῖνο
3196 3489 3259 3560 δὴ
3281 3485 3373 3543 οὖν
3395 3489 3488 3543 τοῦ
3516 3508 3638 3542 και-

2054 3583 2173 3657 ροῦ,
2216 3584 2373 3654 φησὶ,
2434 3582 2745 3653 κεκλημένη
2807 3581 2943 3653 πρὸς
2993 3582 3285 3650 ἐπίγνωσιν
3340 3580 3433 3634 τοῦ
3497 3581 3635 3634 κατά

2051 3674 2307 3746 ἀλήθειαν
2332 3674 2481 3737 ὄντος
2514 3674 2670 3739 Θεοῦ,
2704 3673 2996 3742 καταλήξει
3034 3674 3132 3742 μὲν
3158 3672 3259 3742 τῆς
3291 3673 3464 3743 ἀρχῆς
3491 3673 3637 3725 ὲκεί-

2052 3784 2170 3837 νης,
2215 3767 2311 3818 καὶ
2359 3765 2629 3835 στυγητῆς
2667 3764 2929 3834 ὲλαφρίας
2954 3780 2967 3794 ·
3001 3764 3383 3834 εὐπαράφορος
3412 3764 3469 3816 δὲ
3510 3765 3639 3817 οὐκ·

2053 3856 2133 3909 έτι
2187 3856 2322 3927 πρὸς
2390 3855 2729 3908 ἀποστασίαν
2795 3854 2947 3907 ἔσται
3010 3853 3194 3907 ποθέν.
3250 3854 3529 3926 Βεὸηκότα
3581 3855 3636 3907 δὲ

2055 3947 2253 4018 μᾶλλον
2293 3946 2468 4017 ὀρθῶς
2488 3964 2547 3999 τε
2575 3946 2670 3999 καὶ
2710 3946 2897 4014 ὑγιῶς,
2930 3945 3024 3998 καὶ
3072 3945 3408 4016 ἀκράδαντον
3442 3948 3519 4009 εἰς
3548 3946 3638 3997 εὐ-

2055 4025 2268 4091 σέϐειαν
2297 4036 2406 4101 ἔξει
2429 4038 2520 4091 τὸν
2541 4036 2687 4101 νοῦν,
2721 4036 2797 4100 ὡς
2831 4035 2964 4105 μηδὲ
2990 4036 3113 4089 ὅσον
3143 4039 3339 4101 εἰπεῖν,
3370 4037 3450 4099 εἰς
3473 4036 3635 4104 λόγου

2055 4128 2249 4199 χρῆσιν
2275 4126 2448 4181 ἐλθεῖν
2492 4126 2560 4180 τὰ
2608 4125 2717 4177 τῶν
2754 4124 2987 4178 εἰδώλων
3020 4124 3281 4195 ὀνόματα.
3341 4143 3358 4174 ι
3401 4124 3637 4177 Καλὲσει

2054 4218 2162 4289 γάρ
2197 4234 2285 4287 με,
2320 4217 2508 4287 φησὶν,
2531 4217 2559 4268 ό
2583 4216 2723 4285 ἀνήρ
2749 4232 2875 4284 μου,
2909 4215 3002 4267 καὶ
3029 4216 3091 4267 οὐ
3120 4214 3337 4267 καλέσει
3364 4230 3431 4284 με
3454 4214 3634 4267 οὐκέτι

2054 4308 2325 4380 Βααλείμ·
2343 4328 2360 4361 ι
2388 4308 2688 4373 τουτέστιν,
2707 4307 3089 4361 ἀποπαύσεται
3114 4306 3208 4359 τοῦ
3235 4302 3371 4359 εῖναι
3406 4305 3632 4375 μαχλάς,

2055 4403 2149 4454 καὶ
2177 4402 2580 4473 παραιτήσεται
2612 4400 2709 4471 μὲν
2732 4398 2792 4453 τὸ
2826 4397 3108 4468 πορνεύειν
3133 4397 3232 4450 έτι.
3259 4398 3545 4466 Ποιήσεται
3577 4394 3633 4446 δὲ

2055 4493 2183 4562 περὶ
2222 4492 2415 4545 πολλοῦ
2456 4492 2515 4545 τὸ
2560 4488 2700 4545 εἶναι
2746 4491 2977 4561 γνησία,
3015 4489 3110 4543 καὶ
3156 4490 3478 4559 ὁμολογήσει
3537 4487 3635 4557 τὴν

379 4580 612 4647 Speciem
672 4579 962 4631 humanam
1008 4575 1344 4631 conformata
1406 4575 1458 4629 in
1496 4576 1600 4630 diis
1638 4590 1951 4631 numerans.

2058 4587 2384 4657 οἰκειότητα,
2404 4584 2561 4652 δῆλον
2594 4584 2649 4636 δὲ
2677 4585 2759 4637 ὅτι
2791 4585 2890 4653 τὴν
2924 4582 3317 4651 πνευματικήν.
3349 4577 3636 4632 Ἐπικαλέ-

384 4691 404 4721 ι
436 4671 620 4737 Itaque
665 4683 769 4735 me,
820 4669 1015 4736 inquit,
1052 4667 1269 4722 vocabit
1296 4667 1389 4722 Vir
1423 4682 1595 4724 meus.
1627 4685 1648 4721 ι
1683 4667 1791 4738 5o
1814 4666 1950 4721 Nam

377 4772 437 4815 ut
467 4761 654 4831 pudica
688 4770 743 4815 et
768 4760 1089 4829 probissima
1125 4775 1182 4815 se
1229 4760 1297 4816 ad
1340 4776 1424 4815 me
1459 4772 1763 4829 convertet,
1794 4778 1859 4817 ac
1886 4762 1954 4819 de

377 4863 576 4906 caetero
604 4851 793 4918 diliget
816 4851 1045 4905 aliorum
1072 4852 1344 4906 neminem
1374 4869 1390 4920 ;
1427 4868 1527 4907 nec
1553 4853 1690 4907 ultra
1728 4854 1951 4909 invoca-

378 4945 458 4999 bit
482 4944 706 4999 Baalim.
733 4944 907 4999 Etiam
931 4945 1037 4998 alio
1060 4959 1219 4999 sensu
1240 4983 1257 5009 ,
1289 4946 1339 5000 si
1369 4946 1453 5001 cui
1488 4946 1777 5015 placuerit,
1807 4948 1953 5015 quod

379 5038 577 5093 dicitur
611 5037 858 5105 accipiet.
884 5035 1084 5091 Baalim
1127 5038 1294 5101 enim,
1320 5037 1464 5106 quod
1501 5046 1703 5092 norunt
1732 5052 1948 5104 omnes,

382 5128 520 5184 idola
563 5128 859 5199 significat.
898 5127 1157 5182 Solebant
1201 5139 1383 5183 autem
1428 5128 1667 5183 Hebraeae
1698 5130 1952 5186 mulieres

381 5222 608 5276 maritos
630 5236 759 5275 suos
784 5220 1041 5274 falsorum
1064 5220 1286 5275 deormn
1318 5221 1629 5275 nominibus
1659 5220 1952 5290 appellare,

380 5316 469 5381 qui
501 5329 617 5369 mos
642 5315 1018 5383 iniquissimus
1050 5313 1154 5368 illis
1173 5315 1364 5368 honori
1389 5322 1528 5369 erat.
1561 5314 1691 5382 Ejus
1719 5315 1955 5386 primum

382 5417 618 5459 actorem
664 5405 861 5460 Ninum
908 5406 1265 5478 Babylonium
1327 5405 1536 5475 ferunt,
1598 5412 1687 5477 qui
1744 5417 1953 5478 patrem

382 5510 542 5547 suum
569 5496 867 5549 nominavit
893 5496 1102 5559 Belum,
1150 5512 1179 5550 a
1225 5495 1316 5550 Bel
1340 5495 1484 5551 idolo
1510 5501 1652 5566 quod
1683 5499 1952 5553 colebant.

383 5583 688 5641 Desituram
724 5587 886 5658 igitur
932 5598 986 5644 et
1028 5588 1170 5644 hanc
1222 5591 1356 5644 adeo
1391 5590 1695 5660 pudendam
1727 5606 1954 5646 consue-

452 5765 518 5800 ⁸³·
551 5763 654 5823 Isa.
688 5782 832 5837 wa,
864 5767 915 5824 2.
994 5770 1040 5804 "
1066 5771 1233 5827 Exod.
1266 5787 1411 5839 μιν,
1445 5771 1493 5825 7-

2059 4693 2210 4730 σεται
2232 4676 2289 4728 δὲ
2317 4675 2568 4746 οὐδαμῶς
2600 4674 2669 4727 τὰ
2690 4673 2955 4742 Βααλεὶμ,
2986 4672 3142 4734 θεοὺς
3175 4666 3311 4722 εἶναι
3339 4668 3635 4738 νομίζουσα

2054 4770 2124 4823 τὰ
2150 4772 2213 4822 ὲκ
2251 4770 2414 4823 λίθων
2444 4767 2807 4838 πεποιημένα,
2861 4766 2957 4819 καὶ
2988 4767 3108 4828 ταῖς
3137 4782 3299 4816 τινων
3335 4761 3633 4842 εὐτεκνίαις

2059 4861 2478 4930 πεπλαστουργη
2488 4860 2624 4930 μένα
2659 4860 2797 4929 πρὸς
2822 4854 2961 4922 εἶδος
2985 4858 3048 4910 τὸ
3080 4853 3442 4926 ἀνθρώπινον.
3487 4873 3505 4905 ι
3531 4854 3633 4906 Οὐ-

2058 4955 2189 5009 κοῦν
2210 4955 2308 5025 ἐμὲ
2347 4956 2465 5024 μὲν,
2494 4956 2647 5025 φησὶ,
2678 4954 2899 5008 καλέσει
2941 4956 2970 5006 ό
3001 4953 3140 5023 ἀνήρ
3168 4968 3291 5022 μου.
3331 4969 3349 5003 ι
3393 4948 3633 5020 Σώφρων

2057 5047 2166 5118 γάρ
2192 5041 2278 5101 οἶά
2318 5065 2399 5110 τις
2452 5047 2546 5101 καὶ
2594 5046 2977 5116 ἐπιεικεστάτη
3037 5045 3322 5116 ποιήσεται
3383 5042 3523 5113 πρός
3564 5057 3632 5111 με

2055 5138 2155 5207 τὴν
2183 5138 2561 5207 ἀποστροφήνο
2592 5137 2872 5207 ἀγαπήσει
2896 5136 2953 5188 δὲ
2978 5134 3165 5188 λοιπὸν
3190 5132 3299 5187 τῶν
3333 5132 3508 5186 ἄλλων
3537 5133 3630 5185 οὐ-

2056 5230 2202 5291 δένα,
2236 5229 2617 5283 ἐπικαλέσεται
2667 5230 2725 5284 δὲ
2752 5229 2934 5283 οὐκέτι
2970 5228 3040 5282 τά
3068 5226 3331 5296 Βααλείμ.
3372 5227 3484 5281 Καὶ
3508 5226 3632 5280 καθ’

2054 5321 2240 5392 ἕτερον
2286 5322 2342 5375 δὲ
2381 5323 2598 5393 τρόπον,
2634 5322 2792 5393 εἴπερ
2828 5339 2907 5392 τῳ
2930 5322 3094 5386 δοκεῖ,
3137 5321 3199 5374 τὸ
3221 5319 3508 5392 εἰρημένον
3537 5322 3630 5372 ὲκ-

2053 5413 2282 5478 δέξεται.
2309 5413 2551 5484 Βααλεὶμ
2570 5413 2671 5484 μὲν
2699 5414 2806 5485 γὰρ
2837 5412 3282 5484 ὁμολογουμένως
3308 5412 3632 5483 σημαίνεται

2053 5504 2122 5557 τὰ
2170 5504 2385 5558 εἴδωλα.
2452 5505 2539 5557 Ἑν
2588 5503 2699 5557 ἔθει
2727 5503 2783 5557 δὲ
2810 5500 2879 5575 ἦν
2914 5507 3036 5567 ταῖς
3096 5503 3362 5575 Ἐϐραίων
3412 5500 3631 5570 γυναιξὶ

2053 5596 2180 5659 τοὺς
2224 5596 2385 5661 ἰδίους
2410 5596 2611 5667 ἄνδρας
2639 5600 2752 5661 τοῖς
2790 5596 2898 5651 τῶν
2928 5595 3292 5668 ψευδωνύμων
3346 5593 3485 5648 θεῶν
3513 5593 3631 5647 ὀνό-
3661 5661 3667 5667 ἰ

1593 5774 1638 5806 ⁵⁸
1668 5776 1835 5830 Exod.
1866 5790 1938 5840 IV,
1980 5776 2067 5830 22.
2143 5779 2189 5810 "
2219 5778 2443 5835 Mulath.
2487 5796 2557 5847 tv,
2590 5779 2645 5837 2.
