4046 6376
535 460 601 516 9I
1518 456 1573 514 ς.
1613 455 1884 513 CYRILLI
1924 449 2393 511 ALEXANDRINI
2427 447 2747 506 ARCHIEP.
3704 440 3774 495 92

525 575 746 643 quando
783 574 836 630 in
870 588 1056 632 errore
1079 573 1552 644 permanebamus,
1587 584 1642 628 et
1689 573 1784 626 lilii
1830 573 1925 627 irae
1952 587 2089 626 voca

2207 568 2315 637 γὰρ
2349 568 2436 620 ὅτε
2466 562 2807 632 διετελοῦμεν
2850 561 2907 613 ἐν
2955 557 3150 630 πλάνῃ,
3208 557 3302 611 καὶ
3340 555 3509 628 ὀργῆς
3531 555 3775 628 ἐχρημα-

495 665 738 752 Ibamur,
770 667 942 720 instar
979 665 1334 734 quarumdam
1380 664 1644 718 malarum
1682 666 2004 728 bestiarum,
2045 675 2099 717 et

496 755 706 818 iavium
738 755 1166 817 carnivorarum,
1210 765 1370 822 atque
1399 754 1562 807 etiam
1601 753 2097 823 perniciosissimo-

526 858 644 898 rum
674 845 968 898 draconum
1002 843 1297 912 perdebant
1325 859 1422 898 nos
1457 859 1638 914 pravae
1667 852 1722 899 et
1767 844 2096 899 adversariae

524 935 772 990 virtutes.
832 935 929 992 Ubi
976 946 1156 990 autem
1203 937 1259 990 in
1302 935 1519 991 Clll‘lSlO
1553 951 1738 991 verum
1790 936 1955 990 Deum
2005 951 2097 990 co-

524 1031 848 1099 gnovimus,
896 1028 1201 1096 delictaque
1251 1039 1438 1081 nostra
1473 1043 1567 1095 per
1613 1027 1807 1092 Iidem,
1859 1035 1914 1081 et
1957 1027 2097 1081 anti-

523 1134 686 1190 quam
725 1120 1046 1174 charitatem
1076 1119 1369 1183 abluimus,
1402 1128 1531 1173 tunc
1556 1127 1611 1173 et
1649 1118 1842 1173 salvati
1884 1133 2093 1182 sumus,

527 1225 550 1261 ι
586 1217 642 1264 et
670 1219 990 1278 potestatem
1027 1209 1272 1264 calcandi
1306 1225 1469 1279 supra
1499 1219 1801 1278 serpentes,
1845 1221 1900 1264 et
1937 1225 2094 1264 scor-

521 1300 730 1370 piones,
772 1309 826 1355 et
867 1317 1032 1370 super
1072 1315 1287 1355 omnem
1324 1301 1578 1354 virtutem
1625 1301 1832 1355 inimici
1885 1302 2096 1370 accepi-

522 1406 644 1446 mus
659 1391 723 1445 “.
761 1411 780 1443 ι
819 1391 975 1446 Tunc
1005 1392 1132 1446 item
1163 1391 1558 1446 ambulavimus
1587 1407 1749 1462 super
1775 1393 2013 1462 aspidem
2041 1403 2095 1448 et

521 1482 873 1548 basiliscum,
929 1491 985 1537 et
1040 1481 1479 1538 conculcavimus
1529 1482 1737 1536 leonem
1793 1493 1848 1537 et
1901 1485 2095 1538 draco-

520 1589 647 1630 nem
671 1574 737 1638 “,
770 1575 988 1630 Christo
1027 1584 1368 1646 protegente,
1401 1585 1456 1630 et
1503 1576 1700 1630 virtute
1739 1575 1936 1630 invicta
1967 1591 2095 1630 suos

520 1666 942 1733 communiente,
990 1683 1285 1737 pacemque
1327 1683 1480 1722 suam
1531 1668 1584 1722 in
1627 1667 1839 1723 anintos
1881 1677 2094 1723 nostros

518 1758 810 1814 inserente.
867 1760 958 1814 Ait
1011 1761 1197 1814 enim:
1231 1777 1250 1810 ι
1291 1758 1488 1814 Pacem
1545 1775 1717 1816 meam
1773 1761 1842 1816 do
1903 1760 2090 1827 vobis,

519 1863 710 1921 pacem
735 1865 911 1907 meam
939 1851 1185 1922 relinquo
1215 1849 1370 1906 vobis
1385 1851 1448 1906 “.
1484 1869 1504 1904 ι

588 2008 752 2063 Vens.
786 2007 873 2063 I9.
915 2007 984 2061 Et
1021 2008 1262 2062 habitare
1288 2008 1483 2078 faciant
1513 2016 1563 2062 te
1601 2008 1659 2063 in
1702 2024 1825 2077 spe;
1865 2015 1914 2062 et
1943 2023 2092 2078 spon-

515 2098 644 2153 sabo
671 2107 720 2152 te
755 2097 884 2151 mihi
914 2098 969 2151 in
996 2098 1272 2152 saeculum.

588 2187 822 2244 XXVIII.
863 2187 979 2243 Non
1033 2189 1204 2244 solum
1256 2189 1378 2244 belli
1458 2189 1762 2245 terroribus
1827 2189 2089 2256 liberabo,

516 2281 719 2352 inquit,
769 2282 862 2338 sed
915 2282 1164 2352 adjiciam
1217 2283 1319 2336 hoc
1357 2296 1593 2351 quoque,
1625 2290 1684 2336 ut
1734 2283 1992 2354 deinceps
2038 2286 2089 2338 in

515 2373 655 2428 bona
687 2389 782 2444 spe
825 2374 901 2428 sis
931 2383 1154 2444 propter
1198 2375 1359 2439 bona,
1397 2383 1455 2428 ut
1498 2383 1726 2438 certam,
1770 2387 1825 2429 et
1855 2375 2090 2444 ﬁrmam,

513 2475 569 2520 et
609 2465 938 2520 immobilem
975 2466 1217 2520 laetitiam
1265 2465 1490 2521 habeas.
1537 2465 1666 2520 Mihi
1703 2469 1847 2522 enim
1897 2477 1948 2522 te
1993 2469 2090 2524 de—

513 2554 803 2624 sponsabo,
830 2555 991 2624 idque
1037 2556 1089 2610 in
1125 2558 1534 2625 sempiternum.
1567 2555 1704 2624 Quid
1735 2573 1900 2626 porro
1949 2558 2092 2613 istuc

513 2647 633 2700 est?
660 2644 1036 2716 Despondebat
1072 2649 1175 2702 sibi
1208 2650 1608 2717 quodammodo
1641 2660 1880 2705 veterem
1913 2650 2088 2706 Israe-

512 2737 639 2802 lem,
669 2738 784 2792 sive
812 2737 1118 2793 Iudaeorum
1161 2738 1524 2809 Synagogam,
1551 2749 1606 2794 et
1636 2741 1702 2794 ad
1737 2742 2091 2796 necessitudi-

513 2822 635 2882 nen’t
659 2830 905 2892 vocabat,
928 2843 1025 2896 per
1047 2828 1218 2898 legem
1241 2829 1468 2895 scilicet,
1493 2829 1676 2900 Moyse
1696 2833 2087 2896 sultscrviente,

514 2927 569 2970 et
615 2917 820 2986 angelis
849 2918 1184 2973 administris
1226 2918 1291 2972 ⁸⁸.
1344 2917 1541 2974 Verum
1575 2922 1855 2975 enimvero
1901 2923 2092 2978 modus

513 3009 951 3078 desponsationis
983 3025 1089 3064 non
1119 3011 1223 3065 fuit
1248 3023 1562 3081 perpetuus,
1591 3027 1691 3068 nec
1716 3014 2089 3084 insempiter-

514 3116 640 3154 num
690 3102 936 3169 duravit;
988 3102 1145 3172 longe
1205 3104 1384 3170 abest;
1436 3119 1546 3159 non
1596 3082 1978 3175 enimt'ypi,—¢
2036 3116 2090 3160 et

515 3207 684 3260 usque
704 3193 771 3246 ad
807 3203 1019 3263 tempus
1053 3195 1410 3248 correctionis
1451 3195 1788 3264 imposita“,
1823 3214 1841 3246 ι
1875 3211 2089 3264 semper

511 3283 745 3338 valitura
794 3295 971 3342 erant.
1013 3287 1117 3358 52
1146 3285 1414 3356 Tempore
1465 3297 1644 3341 autem
1694 3290 2080 3353 correctionis,
2111 3282 2151 3339 C

515 3373 618 3427 hoc
655 3383 758 3438 est,
803 3375 1068 3431 adventus
1109 3377 1410 3431 Salvatoris
1449 3378 1642 3440 nostri,
1692 3377 1795 3432 alia
1831 3383 1968 3432 ratio
1997 3379 2091 3433 de-

514 3467 879 3536 sponsationis
934 3470 1222 3539 apparuit,
1292 3479 1551 3540 perpetua
1606 3479 1662 3526 et
1729 3472 2088 3539 inconcussa,

515 3557 792 3625 multoque
821 3558 1002 3628 priore
1033 3560 1366 3629 splendidior
1403 3571 1456 3614 et
1483 3561 1691 3615 umbris
1721 3563 2086 3631 praestantior.

515 3643 657 3700 Deus
700 3647 899 3716 quippe
949 3649 1320 3704 universitatis
1369 3649 1534 3703 veluti
1583 3652 1873 3718 quamdam
1911 3653 2089 3705 dolent

513 3745 726 3800 sponste
756 3747 890 3795 suae,
915 3737 1153 3791 carnalis
1180 3738 1458 3792 servitutis
1489 3739 1828 3794 vacationem
1865 3739 2090 3808 largitus

513 3828 593 3873 est
641 3837 654 3873 :
702 3829 757 3874 et
808 3835 904 3890 per
958 3823 1205 3878 umbram
1267 3826 1580 3897 ﬁgurasque
1632 3829 1699 3883 ad
1750 3830 2088 3900 spiritualem

513 3913 956 3981 expurgationem
978 3918 1212 3972 vocavit.
1249 3918 1444 3972 Verum
1474 3921 1750 3976 enimvero
1796 3923 2090 3992 desponsa-

514 4001 643 4054 tioni
685 4013 892 4072 tempus
923 4007 1226 4073 praelinivit.
1260 4008 1415 4073 Nam,
1447 4026 1570 4064 cum
1602 4013 1777 4080 prima
1817 4014 1904 4068 illa
1936 4015 2085 4085 culpa

513 4106 619 4145 non
664 4103 885 4150 vacaret
903 4096 970 4162 ⁸⁸,
1013 4100 1310 4153 secundum
1343 4099 1493 4154 Pauli
1549 4116 1756 4168 vocem,
1793 4118 1892 4158 nec
1938 4120 2093 4160 sene-

513 4185 678 4239 ctutis
702 4201 894 4256 expers
917 4199 1080 4256 esset,
1115 4205 1214 4245 nec
1240 4191 1465 4245 multum
1493 4193 1558 4246 ab
1588 4193 1809 4248 interitu
1841 4196 2086 4264 distaret,

511 4273 663 4331 locus
701 4280 948 4334 secunda:
985 4291 1064 4335 est
1116 4281 1424 4351 inquisitus,
1471 4284 1573 4339 hoc
1631 4295 1715 4339 est
1759 4302 1930 4350 novre,
1965 4303 2086 4356 quas

511 4382 609 4438 per
644 4370 843 4426 Christi
879 4371 1101 4438 donum’,
1147 4375 1391 4444 inquam,
1442 4386 1494 4430 et
1534 4378 1762 4446 gratiam
1801 4393 1906 4432 non
1952 4387 2090 4433 tem-

511 4459 749 4527 poralem
784 4463 963 4528 nobis,
997 4479 1172 4532 neque
1199 4466 1472 4520 carnalem
1507 4467 1813 4522 libertatem
1849 4469 2082 4526 allerret.

510 4549 741 4618 Cooptat
783 4554 926 4608 enim
980 4571 1077 4610 nos
1127 4556 1181 4610 in
1241 4573 1522 4612 numerum
1577 4560 1812 4614 ﬁliorum
1865 4561 1980 4626 Dei,
2033 4573 2087 4618 et

2197 660 2417 726 τίζομεν
2445 659 2639 721 τέκνα,
2696 654 2946 724 καθάπερ
2992 653 3140 715 τινές
3167 650 3332 723 θῆρες
3373 648 3621 719 πονηροὶ,
3678 650 3773 701 καὶ

2197 753 2269 807 τὰ
2299 752 2405 804 τῶν
2429 751 2631 822 ὀρνέων
2663 747 3027 819 σαρκοφάγων
3055 744 3304 810 εἰωθότα,
3339 744 3434 798 καὶ
3463 742 3568 814 μὴν
3587 742 3679 795 καὶ
3723 742 3771 794 οἱ

2199 845 2540 914 παγχάλεποι
2579 842 2890 912 δράκοντες,
2922 839 3204 894 ἀπώλλυον
3249 838 3395 907 ἡμᾶς
3436 837 3492 889 αἰ
3542 834 3773 905 πονηραὶ

2197 939 2291 990 καὶ
2345 935 2717 1005 ἀντικείμεναι
2771 932 3048 1002 δυνάμεις.
3116 928 3330 1000 Ἐπειδὴ
3358 928 3414 981 δὲ
3445 929 3504 980 ἐν
3554 923 3771 997 Χριστῷ

2196 1027 2286 1079 τὸν
2319 1025 2477 1095 φύσει
2517 1025 2647 1078 Θεὸν
2667 1023 3007 1094 ἐγνώκαμεν,
3031 1020 3412 1091 ἀπενιψάμεθα
3431 1018 3527 1073 διάν
3539 1018 3770 1080 πίστεως

2197 1119 2416 1188 καὶτῆς
2476 1116 2703 1188 ἀρχαίας
2747 1115 2966 1186 ἀγάπης
2995 1113 3066 1167 τά
3114 1113 3455 1182 ἐγκλήματα,
3502 1111 3622 1163 τότε
3677 1109 3768 1160 καὶ

2196 1206 2539 1277 σεσῴσμεθα,
2576 1225 2594 1256 ι
2637 1206 2748 1258 Καὶ
2773 1205 3069 1276 εἰλήφαμεν
3098 1201 3343 1267 ἐξουσίαν
3368 1203 3556 1254 πατεῖν
3584 1199 3770 1251 ἐπάνω

2194 1297 2370 1366 ὄφεων
2431 1297 2527 1350 καὶ
2565 1296 2862 1368 σκορπίων,
2907 1296 3000 1349 καϊ
3053 1296 3146 1348 ἐπὶ
3193 1295 3370 1348 πᾶσαν
3419 1293 3518 1363 τὴν
3543 1291 3769 1360 δύναμιν

2193 1389 2288 1442 τοῦ
2332 1387 2546 1458 ἐχθροῦ.
2596 1407 2615 1440 ›
2671 1387 2806 1442 Τότε
2835 1389 2930 1442 καὶ
2985 1386 3264 1457 ἐπέϐημεν
3291 1385 3383 1438 ἐπὶ
3429 1384 3628 1438 ἀσπίδα
3677 1387 3770 1436 καί

2197 1479 2526 1550 βασιλίσκον,
2555 1478 2954 1550 πεπατήκαμὲν
3005 1496 3065 1532 τε
3106 1478 3292 1531 λέοντα
3341 1477 3434 1529 καὶ⁹
3469 1475 3760 1544 δράκοντα,

2195 1572 2438 1643 Χριστοῦ
2472 1571 2922 1642 προασπίζοντος,
2980 1570 3074 1624 καὶ
3111 1571 3352 1640 ἀνικήτῳ
3381 1568 3605 1638 δυνάμει
3641 1569 3767 1630 τοὺς

2197 1663 2359 1726 ἰδίους
2403 1663 2876 1734 περιτειχίζοντος,
2931 1663 3024 1716 καὶ
3069 1662 3292 1733 εἰρήνην
3331 1661 3462 1730 ἡμῖν
3508 1659 3606 1728 τὴν
3633 1658 3767 1710 ἰδίαν

2195 1755 2364 1818 ἱέντος
2429 1757 2508 1818 εἰς
2565 1755 2719 1808 νοῦνο
2785 1773 2803 1806 ι
2839 1756 3074 1826 Εἰρήνην
3113 1773 3132 1806 ι
3187 1752 3325 1822 γὰρ,
3385 1751 3552 1820 φησὶ,
3611 1769 3630 1800 ι
3668 1749 3767 1818 τὴν

2194 1844 2334 1915 ἐμὴν
2407 1845 2599 1916 δίδωμι
2653 1847 2820 1916 ὑμῖν·
2903 1822 3129 1918 εἰρήνην
3193 1843 3293 1915 τὴν
3359 1841 3498 1913 ἐμὴν
3562 1839 3766 1912 ἀιρίημι
3831 1822 3842 1842 ’

2122 1933 2165 1990 Β
2191 1935 2341 2006 ὑμῖν.
2382 1953 2402 1986 t

2259 2027 2368 2082 Kal
2391 2027 2664 2082 κατοικιῶ
2693 2042 2766 2082 σε
2807 2028 2898 2082 ἐπ’
2932 2026 3152 2082 ἐλπίδι·
3179 2025 3283 2082 καί
3307 2021 3767 2096 amatr-rumpat

2191 2134 2266 2173 σε
2297 2119 2530 2186 ἐμαυτῷ
2569 2121 2658 2186 εἰς
2694 2119 2800 2174 τὸν
2825 2119 3028 2173 αἰῶνα.

2261 2210 2395 2263 KH'.
2424 2211 2558 2280 Οὐχὶ
2587 2211 2762 2282 μόνον,
2788 2212 2939 2281 φησὶ,
2965 2209 3257 2274 ἀπαλλάξω
3277 2213 3385 2262 τῶν
3407 2207 3500 2261 τοῦ
3529 2205 3764 2276 πολέμου

2190 2301 2482 2373 δειμάτων,
2524 2304 2815 2374 προσθήσω
2847 2304 2904 2357 δέ
2941 2303 3099 2356 τοῦτο
3133 2302 3226 2355 καῖ
3259 2303 3319 2355 τὸ
3349 2303 3405 2354 ἐν
3434 2299 3584 2369 καλῷ
3613 2298 3766 2368 γενέ-

2193 2393 2315 2448 σθαι
2367 2395 2550 2449 λοιπὸν
2599 2396 2699 2466 τῆς
2731 2397 2816 2450 ἐπ’
2857 2397 3078 2465 ἀγαθοῖς
3111 2395 3344 2457 ἐλπίδος,
3388 2393 3464 2455 ὡς
3511 2391 3762 2462 ἀσφαλῆ,

2191 2486 2286 2539 καί
2307 2485 2728 2558 ἐρηρεισμένην,
2765 2487 2856 2540 καί
2878 2486 3169 2557 ἀκλόνητον
3197 2485 3336 2556 ἔχειν
3359 2484 3456 2554 τὴν
3480 2481 3762 2551 εὐθυμίαν.

2204 2577 2459 2648 Ἐμαυτῷ
2492 2579 2600 2648 γάρ
2640 2595 2699 2630 σε
2759 2577 3184 2648 μνηστεύσομαι,
3235 2575 3328 2628 καὶ
3389 2574 3546 2627 τοῦτο
3571 2576 3650 2637 εἰς
3676 2571 3766 2626 τὸν

2191 2665 2380 2719 αἰῶνα.
2411 2669 2521 2720 Καὶ
2545 2667 2596 2719 τί
2625 2666 2687 2738 δὴ
2717 2667 2872 2720 τοῦτό
2904 2668 3078 2730 ἐστινς
3107 2666 3282 2718 Οἰονεὶ
3307 2665 3414 2736 γάρ
3447 2682 3562 2726 πως
3599 2665 3766 2734 ἐμνη-

2193 2757 2411 2811 στεύετο
2447 2759 2536 2812 τὸν
2563 2760 2785 2830 ἀρχαῖον
2827 2758 3064 2830 Ἰσραὴλ,
3094 2759 3211 2828 ἦτοι
3239 2759 3338 2828 τὴν
3361 2756 3467 2810 τῶν
3503 2754 3765 2809 Ἰουδαίων

2191 2849 2541 2921 Συναγωγὴν,
2582 2851 2675 2903 καὶ
2719 2849 2854 2921 πρὸς
2909 2851 3211 2920 οἰκειότητα
3261 2849 3515 2916 κέκληκε,
3559 2845 3764 2917 τὴνδιά

2190 2940 2358 3010 νόμου
2399 2941 2563 3010 φημὶ,
2584 2940 2956 3004 διακονοῦντος
2981 2941 3244 3004 Μωσέως,
3273 2940 3366 2993 καὶ
3406 2937 3762 3010 μεσολαΰούν-

2188 3043 2297 3079 των
2325 3027 2594 3095 ἀγγέλων.
2632 3027 2772 3080 Ἀλλ’
2800 3025 2868 3099 ἦν
2911 3029 3011 3097 τῆς
3042 3028 3335 3099 μνηστείας
3384 3031 3413 3082 6
3459 3029 3656 3099 τρόπος
3698 3027 3760 3080 οὐ

2189 3117 2460 3188 διηνεκὴς,
2491 3119 2611 3172 οὔτε
2647 3119 2752 3192 μὴν
2783 3122 2862 3183 εἰς
2885 3121 2976 3173 τὸν
2999 3121 3190 3184 αἰῶνα,
3215 3120 3409 3174 πολλοῦ
3436 3139 3497 3190 γε
3538 3120 3635 3174 δεῖ.
3685 3124 3758 3176 Ou

2190 3206 2298 3277 γάρ
2327 3208 2548 3278 ἔμελλον
2572 3212 2618 3262 οἱ
2641 3210 2796 3263 τύποι
2820 3213 3113 3281 κρατήσειν
3151 3210 3237 3263 διὰ
3257 3211 3475 3275 παντὸς,
3507 3230 3525 3262 ι
3563 3210 3674 3263 Καὶ
3694 3206 3764 3264 τὰ

2188 3296 2348 3368 μέχρι
2371 3298 2562 3368 καιροῦ
2599 3298 2933 3370 διορθώσεως
2973 3298 3309 3368 ἐπικείμενα.
3353 3317 3370 3349 t
3427 3297 3584 3351 Κατὰ
3622 3297 3677 3349 δέ
3698 3314 3762 3366 γε

2188 3390 2281 3443 τὸν
2305 3391 2404 3458 τῆς
2434 3389 2772 3462 διορθώσεως
2825 3391 3038 3460 καιρὸν,
3085 3390 3366 3456 τουτέστι,
3414 3388 3503 3443 τὸν
3541 3388 3642 3458 τῆς
3670 3404 3764 3441 του

2188 3481 2440 3550 Σωτῆρος
2485 3481 2642 3550 ἡμῶν
2702 3480 3028 3551 ἐπιδημίας,
3083 3481 3268 3554 ἕτερος
3317 3485 3415 3552 τῆς
3475 3483 3764 3552 μνηστείας

2186 3569 2562 3640 ἀναπέφανται
2592 3571 2810 3642 τρόπος,
2841 3571 3113 3642 διηνεκὴς,
3169 3572 3264 3624 καὶ
3311 3571 3629 3637 ἀσάλευτος,
3669 3572 3764 3624 καὶ

2187 3664 2322 3716 πολὺ
2369 3662 2464 3715 τοῦ
2507 3665 2722 3734 πρώτου
2765 3665 3174 3735 λαμπρότερος,
3214 3665 3308 3718 καὶ
3361 3664 3460 3734 τῆς
3501 3667 3658 3727 σκιᾶς
3704 3666 3762 3718 ἐν

2187 3755 2484 3824 ἀμείνοσιν.
2530 3757 2586 3808 Ὀ
2615 3755 2712 3826 μὲν
2743 3756 2849 3826 γὰρ
2899 3755 3007 3808 τῶν
3036 3757 3172 3810 ὅλων
3231 3757 3362 3820 Θεὸς
3393 3756 3543 3809 ἕδνον
3570 3755 3760 3827 ὥσπερ

2186 3863 2240 3898 τι
2270 3849 2333 3916 τῇ
2358 3847 2564 3918 νύμφῃ,
2614 3849 2712 3918 τῆς
2747 3849 3016 3919 σαρκικῆς
3066 3849 3308 3912 δουλείας
3363 3849 3462 3918 τὴν
3507 3848 3767 3902 ἀπόθεσιν

2187 3937 2490 4007 ἐχαρίζετο,
2545 3939 2640 3992 καὶ
2684 3940 2771 3993 διὰ
2835 3942 2992 4003 σκιᾶς
3040 3941 3133 3993 καὶ
3183 3939 3371 3993 τύπων
3410 3940 3593 3994 ἐκάλει
3627 3941 3762 4011 πρὸς

2187 4029 2565 4100 ἀποκάθαρσιν
2589 4029 2686 4101 τὴν
2717 4033 3113 4102 πνευματικήν.
3142 4031 3286 4102 Πλὴν
3325 4031 3543 4102 ἐμέτρει
3574 4031 3773 4101 καιρὸν-

2186 4122 2252 4190 τῇ
2285 4121 2568 4191 μνηστείᾳ.
2595 4121 2668 4173 Οὐ
2697 4121 2803 4193 γὰρ
2833 4119 3121 4192 ἄμεμπτος
3148 4123 3181 4192 ἡ
3223 4120 3436 4192 πρώτη,
3478 4120 3619 4174 κατὰ
3664 4121 3762 4193 τὴν

2189 4209 2287 4263 τοῦ
2322 4210 2534 4263 Παύλου
2561 4211 2763 4282 φωνὴν,
2793 4211 2915 4265 οὔτε
2945 4214 3167 4283 ἀγήρως
3193 4207 3282 4282 ἦν,
3334 4215 3428 4265 καὶ
3452 4212 3758 4283 ἀφανισμοῦ

2190 4307 2429 4376 μακράν.
2463 4305 2731 4376 Ταύτῃτοι
2759 4307 2854 4358 καὶ
2882 4309 2979 4377 τῆς
3003 4307 3156 4358 δευτέ
3168 4324 3263 4377 ρας
3303 4307 3544 4377 ἐζητεῖτο
3576 4307 3758 4370 τόπος,

2185 4397 2448 4461 τουτέστι,
2475 4397 2576 4467 τῆς
2619 4398 2763 4462 νέας,
2807 4398 2906 4467 τῆς
2937 4398 3024 4451 διά
3053 4397 3315 4469 Χριστοῦ,
3354 4398 3516 4468 φημὶ,
3554 4398 3762 4468 δωρεᾶς

2185 4505 2246 4541 τε
2303 4491 2396 4542 καὶ
2433 4489 2674 4560 χάριτος,
2701 4491 2762 4544 οὐ
2789 4491 3117 4562 πρόσκαιρον
3137 4493 3292 4562 ήμῖν,
3325 4491 3443 4543 οὐδέ
3494 4491 3760 4562 σαρκικὴν

2187 4578 2606 4649 εἰσκομιζούσης
2624 4579 2958 4649 ἐλευθερίαν.
2982 4578 3335 4648 Καταγράφει
3355 4577 3463 4645 γὰρ
3479 4578 3534 4628 ἐν
3551 4577 3762 4639 τέκνοις

509 4643 703 4714 pignus
733 4645 950 4714 spiritus
977 4647 1274 4703 liberaliter
1299 4652 1649 4720 supperaddit
1669 4653 1734 4720 “,
1768 4664 2082 4723 perpetuas-

2188 4670 2342 4732 Θεοῦ,
2367 4672 2459 4723 καὶ
2484 4671 2574 4724 τὸν
2601 4669 2896 4742 ἀρραϐῶνα
2925 4669 3020 4722 τοῦ
3045 4668 3185 4722 Πνεύ
3195 4685 3362 4738 ματος
3386 4667 3761 4737 ἐπιδαψιλεύε-

509 4750 618 4805 que
651 4736 794 4806 leges
826 4740 1145 4806 praescribit.
1175 4741 1356 4807 Quare
1395 4745 1474 4800 sic
1504 4760 1626 4798 eum
1658 4745 1871 4802 divinus
1912 4746 2081 4804 David

511 4828 846 4898 alloquitur:
880 4848 899 4882 ι
928 4829 1143 4886 Justitia
1192 4845 1284 4889 tua
1324 4833 1536 4903 insuitia
1586 4838 1642 4892 in
1697 4848 1984 4906 aeternum,
2027 4851 2081 4896 et

511 4934 692 4977 sermo
721 4930 842 4976 tuus
867 4923 1069 4978 veritas
1084 4923 1162 4990 ";
1203 4943 1221 4974 ι
1259 4926 1568 4993 manifeste,
1602 4937 1661 4982 ut
1690 4930 1908 4997 opinor,
1939 4930 2080 4984 indi-

513 5027 676 5078 cans,
738 5028 912 5083 neque
970 5015 1022 5070 in
1083 5017 1470 5086 sempiternum
1522 5034 1743 5075 manere
1795 5037 1912 5090 quae
1965 5022 2079 5093 lege

513 5105 816 5170 traduntur,
873 5106 1132 5162 translata
1191 5109 1382 5163 umbra
1435 5111 1487 5164 in
1537 5112 1857 5182 veritatem;
1904 5131 2078 5186 neque

509 5197 754 5252 veritatis
776 5198 938 5254 decus
965 5199 1018 5253 in
1048 5200 1243 5255 litteris
1269 5201 1532 5271 legalibus
1564 5219 1724 5273 posse
1747 5221 1776 5259 a
1808 5221 2076 5276 quoquam

509 5295 768 5365 perspici.
818 5294 949 5350 Erat
982 5296 1124 5350 enim
1167 5296 1278 5363 lex,
1319 5306 1378 5351 ut
1411 5297 1544 5366 dixi,
1577 5299 1762 5354 umbra
1800 5312 1854 5356 et
1887 5301 2076 5370 ﬁgura.

511 5388 712 5454 Quaerit
750 5389 914 5459 igitur
955 5390 1284 5444 counuhium
1325 5389 1478 5458 ejus,
1532 5393 1758 5462 antiquo
1811 5402 1864 5449 et
1903 5395 2079 5463 primo

510 5478 602 5534 illo
631 5479 913 5535 dissoluto.
959 5479 1069 5536 Lex
1099 5482 1244 5536 enim
1280 5483 1346 5536 ad
1394 5499 1489 5538 nos
1517 5499 1639 5538 cum
1681 5483 1789 5540 Deo
1843 5486 2080 5554 perfecte

508 5586 574 5628 ac
609 5587 744 5642 pure
773 5573 1101 5644 copulandas
1150 5575 1256 5629 vim
1289 5575 1422 5632 satis
1454 5559 1712 5647 magnam.
1749 5593 1854 5633 non
1896 5578 2074 5634 habet.

489 5833 494 5840 ,
599 5775 645 5808 ⁸ο
673 5775 802 5834 Luc.
833 5795 886 5842 x,
912 5779 998 5836 I9.
1073 5780 1117 5812 “
1138 5780 1280 5836 Psal.
1315 5799 1399 5842 xc.
1428 5783 1515 5836 I5.

486 5846 559 5938 βξ
591 5845 634 5902 ll
663 5847 789 5905 Cor.
820 5865 869 5919 v,
896 5851 949 5907 5.
1025 5851 1070 5884 ⁸⁷
1106 5851 1247 5912 Psal.
1282 5869 1470 5919 cunt,
1498 5853 1616 5910 I52.

1624 5783 1669 5815 ⁸³
1695 5781 1846 5841 loan.
1875 5798 1986 5854 xxv,
2008 5784 2098 5842 27.

2175 4779 2286 4826 ται,
2318 4764 2411 4815 καὶ
2435 4762 2702 4833 διηνεκεῖς
2726 4761 2898 4834 ὁρίζει
2925 4763 3143 4831 νόμους.
3172 4761 3280 4814 Καὶ
3309 4760 3440 4830 γοῦν
3477 4759 3610 4830 πρὸς
3658 4760 3758 4812 αὑ-

2176 4853 2266 4907 τὸν
2287 4855 2314 4906 6
2340 4854 2479 4917 θεῖος
2504 4854 2604 4924 ἔφη
2646 4854 2808 4907 Δαὸίδ
2835 4871 2848 4884 ·
2886 4871 2905 4905 ι
2946 4854 3010 4906 Ἦ
3034 4853 3349 4924 δικαιοσύνη
3395 4870 3511 4913 σου,
3557 4851 3758 4904 δικαιο-

2175 4947 2308 5014 σύνη
2373 4947 2453 5008 εἰς
2503 4946 2591 4999 τὸν
2641 4945 2836 5011 αἰῶνα,
2893 4944 2988 4998 καὶ
3041 4946 3070 4998 6
3118 4945 3274 5010 λόγος
3328 4960 3421 4996 σου
3450 4941 3692 5012 ἀλήθεια.
3733 4959 3751 4990 ι

2187 5036 2533 5106 Ἀναφανδὸν,
2556 5032 2707 5108 οἳμαί
2739 5055 2863 5104 που,
2890 5035 3086 5107 δηλῶν,
3103 5036 3182 5088 ὅτι
3212 5034 3333 5088 οὔτε
3361 5036 3439 5096 εἰς
3469 5033 3559 5086 τὸν
3585 5032 3757 5086 αἰῶνα

2185 5129 2338 5199 μένει
2380 5129 2446 5182 τὰ
2507 5130 2565 5182 ἐν
2620 5130 2789 5200 νόμῳ,
2831 5126 3309 5200 μεταστησομένης
3335 5125 3435 5203 τῇς
3489 5126 3644 5186 σκιᾶς
3677 5125 3756 5186 εἰς

2183 5219 2456 5291 ἀλήθειαν·
2485 5219 2608 5273 οὔτε
2647 5221 2751 5291 μὴν
2780 5220 2880 5290 τῆς
2905 5219 3161 5287 ἀληθείας
3208 5217 3268 5270 τὸ
3299 5216 3492 5279 κάλλος
3533 5215 3591 5266 ἐν
3645 5215 3756 5275 τοῖς

2175 5317 2420 5385 νομικοῖς
2453 5313 2747 5384 γράμμασι
2773 5313 3092 5384 καταθρήσῃ
3123 5327 3209 5372 τις
3248 5309 3333 5363 ἄν.
3364 5303 3472 5360 Ἦν
3503 5307 3634 5376 γὰρ,
3677 5304 3753 5366 ὡς

2176 5403 2332 5474 ἔφην,
2373 5405 2501 5457 σκιά
2521 5406 2615 5457 καὶ
2644 5403 2814 5467 τύπος
2849 5406 2877 5457 ὁ
2925 5404 3110 5473 νόμος.
3151 5399 3525 5472 Μνηστεύεται
3575 5397 3753 5449 τοίνυν

2176 5495 2363 5568 αὐτὴν,
2391 5499 2482 5550 τὸν
2509 5500 2566 5551 ἐν
2595 5499 2789 5568 ἀρχαῖς
2811 5514 2868 5550 τε
2908 5497 3000 5549 καὶ
3020 5496 3236 5567 πρῶτον
3259 5493 3530 5561 ἀθετήσας
3553 5490 3750 5558 γάμον.

2177 5587 2250 5640 Οὐ
2280 5586 2390 5658 γὰρ
2420 5587 2599 5649 ἱκανὸς
2627 5587 2655 5638 ὁ
2682 5587 2846 5658 νόμος
2899 5585 3134 5657 συνάψαι
3163 5585 3283 5654 Θεῴ
3314 5584 3533 5644 τελείως
3566 5598 3624 5633 τε
3659 5579 3756 5632 καὶ

2176 5788 2220 5823 ⁸³
2250 5789 2422 5846 Galat.
2459 5805 2541 5853 Ill,
2575 5787 2655 5844 I9.
2736 5788 2781 5820 ⁸⁸
2811 5787 2971 5843 Ichr.
3009 5804 3078 5850 ut,
3119 5787 3204 5840 {0.
3284 5786 3328 5817 ⁵⁵
3366 5783 3666 5848 Ilcbr.vm,
3691 5780 3752 5838 7.
