4046 6376
346 474 416 528 93
1265 469 1820 528 COMMENTARIUS
1861 472 1925 527 IN
1965 474 2200 530 OSEAM
2237 472 2681 530 PRUPHETAM.
3535 478 3605 533 9b

306 602 319 617 ο
340 594 613 667 καςαρῶςο
650 591 949 664 προσίεμεν
997 591 1056 645 δὲ
1107 591 1255 662 αὐτῷ
1284 593 1351 645 δι’
1399 593 1553 658 Υἱοῦ,
1585 596 1679 647 καὶ
1708 595 1816 648 τῶν
1848 596 1915 649 δι’

2047 598 2344 651 recedimus
2383 607 2566 651 autem
2599 596 2665 648 ad
2699 593 2845 648 illum
2877 609 2973 664 per
3000 595 3221 657 Filium,
3258 603 3311 648 et
3339 605 3603 663 prarccpta

342 686 505 742 αὑτοῦ
531 684 943 753 θεσπισμάτων,
1003 683 1275 746 τουτέστι,
1307 685 1417 736 τῶν
1464 686 1858 754 εύαγγελικῶν,
1891 686 1928 740 ἃ

344 778 437 831 καὶ
474 774 853 845 πνευματικὴν
911 772 1024 843 ἔχει
1056 773 1156 843 τὴν
1187 773 1403 838 ἕνωσιν,
1438 776 1556 845 ἢτοι
1611 776 1925 846 συνάφειαν.

355 867 653 937 Ἐνούμεθα
676 865 783 936 γὰρ
820 865 898 937 τῷ
927 865 1047 935 Θεῷ
1076 868 1132 919 ὲν
1155 865 1450 935 πνεύματι,
1493 868 1589 920 καὶ¹
1632 869 1731 938 τῆς
1780 869 1931 932 θείας

347 958 513 1014 αὐτοῦ
542 958 754 1027 φύσεως
782 957 1121 1028 πλουτοῦμεν
1176 957 1275 1027 τὴν
1330 958 1569 1028 μέθεξιν.
1610 960 1770 1024 Εἰκὸς
1798 961 1854 1014 δέ
1877 978 1931 1015 τι

352 1054 442 1105 καὶ
467 1052 656 1119 ἕτερον
686 1050 1004 1117 ὑποφαίνειν
1031 1050 1259 1112 ἀστείως
1275 1052 1357 1111 τὸ,
1388 1052 1843 1123 (Μνηστεύσομαί
1870 1071 1931 1105 σε

351 1143 587 1214 ἐμαυτῷ·
603 1162 622 1195 ι
644 1143 909 1204 συνείσεις
924 1142 1029 1212 γὰρ
1048 1136 1149 1195 ὧδε
1166 1143 1426 1196 πάλιν.Ἦ
1442 1143 1549 1213 γὰρ
1565 1144 1625 1195 τὸ
1640 1184 1653 1207 ,
1672 1144 1928 1213 ἐμαυτῷ,

352 1238 513 1307 φησὶν
547 1236 669 1289 ἀντὶ
703 1234 821 1299 τοῦ,
853 1235 927 1288 δι’
956 1234 1220 1302 ἐμαυτοῦ
1242 1276 1256 1299 ,
1298 1237 1358 1289 ού
1394 1237 1534 1290 καθὰ
1586 1238 1679 1291 καὶ
1732 1238 1928 1304 πάλαιξ,

354 1328 793 1399 μεσολαὸούντων
822 1326 1089 1395 ἀγγέλων·
1118 1326 1240 1380 οὔτε
1275 1328 1379 1399 μὴν
1403 1329 1653 1382 διακόνου
1686 1330 1830 1393 τινὸς
1852 1332 1932 1393 εἰς

350 1420 505 1474 τοῦτο
530 1418 996 1490 παρειλημμένου,
1024 1419 1166 1472 κατὰ
1193 1419 1282 1473 τὸν
1315 1419 1407 1473 τοῦ
1439 1421 1681 1483 Μωσέως
1710 1422 1929 1491 τρόπον.

351 1513 425 1565 Οὐ
460 1511 568 1583 γὰρ
601 1511 860 1583 πρέσϐυς,
883 1510 981 1563 οὐκ
1006 1510 1255 1579 ἄγγελος,
1282 1512 1422 1564 κατὰ
1440 1514 1501 1564 το
1525 1513 1929 1583 γεγραμμένον,

353 1604 467 1656 ἀλλ’
496 1603 658 1666 αὐτὸς
688 1604 717 1655 6
740 1601 960 1672 Κύριος,
982 1602 1085 1654 όὲκ
1108 1600 1200 1654 τοῦ
1229 1600 1364 1655 Θεοῦ
1393 1603 1602 1672 Πατρδς
1621 1604 1814 1672 Λόγος,
1842 1605 1934 1658 ἄν-

351 1696 569 1757 θρωπος
617 1692 856 1762 γεγονὼς
906 1692 1216 1762 καθ’ἡμᾶς,
1268 1693 1443 1763 ἑαυτῷ
1490 1693 1803 1765 παρέστησε
1833 1696 1932 1766 τὴν

366 1783 723 1852 Ἐκκλησίαν·
772 1799 790 1833 ι
832 1782 944 1836 Καὶ
971 1783 1096 1845 τοὺς
1138 1782 1231 1834 δύο
1273 1782 1435 1847 λαοὺς
1467 1781 1680 1836 ἔκτισεν
1713 1786 1793 1847 εἰς
1837 1785 1933 1839 ἕνα

352 1876 531 1929 κοινὸν
553 1874 867 1946 ἄνθρωπον,
902 1874 1070 1927 ποιῶν
1093 1876 1317 1945 εἰρήνην
1336 1916 1351 1940 ,
1392 1877 1486 1929 καὶ
1516 1876 1930 1931 ἀπκαταλλάσ-

2030 690 2099 743 ab
2131 689 2250 758 ipso
2276 689 2495 752 tradita,
2546 685 2881 756 evangelica,
2929 686 3174 756 inquam,
3203 703 3322 755 qua:
3360 696 3415 740 et
3447 685 3607 753 spiri—

2029 782 2230 834 tualem
2259 781 2513 833 unionem
2568 781 2682 834 sive
2707 779 3104 847 copulationem
3141 779 3443 832 continent.
3474 777 3608 832 Uni-

2031 886 2156 923 mur
2198 869 2342 922 enim
2379 867 2489 921 Deo
2539 868 2593 921 in
2640 868 2867 936 Spiritu,
2920 878 2972 923 et
3014 868 3209 920 divina:
3250 868 3365 935 ejus
3402 875 3608 919 natura:

2032 960 2526 1015 communicatione
2570 959 2983 1029 locupletarnur.
3018 961 3114 1013 Est
3157 970 3336 1012 autem
3376 971 3607 1010 consen-

2034 1062 2276 1115 taneum,
2316 1052 2460 1105 aliud
2493 1067 2708 1121 quoque
2742 1053 2919 1105 verbis
2960 1052 3098 1114 istis,
3135 1068 3154 1103 ι
3185 1049 3520 1118 desponsabo
3557 1060 3609 1101 te

2032 1144 2188 1211 mihi,
2221 1164 2239 1195 ι
2282 1144 2557 1213 eleganter
2627 1144 3042 1198 submonstrari.
3097 1143 3187 1196 Sic
3229 1143 3372 1195 enim
3424 1154 3610 1193 rursus

2031 1252 2092 1291 ea
2139 1237 2429 1306 intelliges.
2478 1238 2587 1290 Aut
2634 1238 2779 1291 enim
2822 1236 2947 1288 mihi
2988 1236 3138 1298 dicit,
3187 1251 3303 1303 pro,
3367 1251 3460 1300 per
3510 1249 3607 1296 me,

2033 1346 2136 1384 non
2183 1330 2323 1384 sicut
2364 1330 2492 1383 olim
2530 1330 2734 1397 angelis
2771 1329 3263 1387 intercedentilms;
3308 1341 3405 1379 nec
3453 1326 3612 1377 mini-

2031 1433 2147 1477 stro
2201 1422 2382 1491 aliquo
2438 1423 2608 1476 instar
2642 1420 2841 1491 Moysis
2886 1424 2951 1475 ad
3001 1422 3100 1474 hoc
3151 1428 3447 1487 assumpto.
3493 1417 3612 1469 Non

2032 1519 2175 1570 enim
2220 1515 2445 1585 legatus,
2489 1530 2593 1569 non
2648 1516 2892 1585 angelus,
2946 1517 3061 1574 sed,
3101 1524 3159 1565 ut
3198 1512 3457 1578 scriptum
3506 1521 3609 1574 est,

2030 1606 2149 1677 ipse
2198 1606 2476 1672 Dominus,
2528 1622 2594 1661 ex
2647 1606 2757 1661 Deo
2804 1606 2963 1659 Patre
3010 1604 3268 1664 Verbum,
3320 1605 3479 1655 homo
3515 1618 3612 1654 no-

2032 1709 2205 1753 strum
2259 1697 2452 1751 similis
2508 1696 2717 1760 factus,
2778 1696 2878 1749 sibi
2944 1696 3056 1765 ipse
3112 1693 3360 1749 exhibuit
3428 1690 3614 1744 Eccle-

2034 1788 2168 1843 siam
2192 1787 2258 1853 ⁸³,
2296 1805 2315 1839 ι
2349 1797 2401 1842 et
2429 1788 2654 1856 populos
2681 1788 2812 1841 duos
2836 1788 2888 1841 in
2916 1802 3077 1839 unum
3112 1801 3306 1839 novum
3344 1785 3613 1837 hominem

2034 1879 2294 1942 conditit,
2363 1879 2567 1933 faciens
2617 1893 2826 1947 pacem.
2885 1876 3242 1932 reconcilians
3322 1875 3510 1928 ambos
3562 1873 3615 1926 in

355 1986 463 2021 σων
488 1968 615 2031 τοὺς
638 1966 979 2039 ἀμφοτέρους
1022 1968 1081 2019 ὲν
1115 1968 1195 2019 ἑνὶ
1238 1966 1510 2037 πνεύματι
1539 1968 1676 2039 πρὸς
1698 1968 1788 2022 τὸν
1820 1970 1930 2022 Πα-

2047 1987 2145 2027 uno
2188 1972 2380 2042 spiritu
2427 1972 2492 2025 ad
2537 1970 2749 2024 Patrem
2768 1970 2835 2037 “,
2873 1988 2891 2021 ι
2926 1969 3221 2023 secundum
3258 1968 3397 2021 beati
3471 1965 3616 2019 Pauli

351 2061 528 2131 τέρα,
590 2079 609 2112 ι
669 2060 812 2113 κατὰ
861 2058 959 2129 τὴν
1009 2058 1103 2111 τοῦ
1157 2059 1425 2130 μακαρίου
1458 2060 1671 2114 Παύλου
1728 2063 1931 2133 φωνήν.

353 2153 429 2204 ..Η
478 2151 571 2205 καὶ
636 2150 759 2204 καθ’
803 2150 990 2221 ἕτερον
1019 2190 1034 2215 ,
1098 2149 1146 2201 εί
1208 2149 1429 2220 βούλει,
1481 2151 1682 2222 τρόπον
1744 2153 1932 2225 ὲκδέξῃ

352 2243 416 2296 τὸ
474 2242 786 2313 εἰρημένον.
850 2239 1246 2311 Ἐμνηστεύετο
1296 2241 1444 2313 γὰρ,
1498 2243 1572 2307 ὡς
1632 2243 1814 2315 ἔφην,
1878 2247 1936 2298 ἐν

353 2334 617 2405 Αἰγύπτῳ
684 2333 813 2386 ποτὲ
881 2332 979 2403 τὴν
1040 2332 1149 2386 τῶν
1228 2332 1499 2388 Ἰουδαίων
1566 2330 1893 2405 Συναγωγήν
1918 2353 1935 2369 ο

352 2425 472 2479 ἀλλ’
514 2425 675 2477 οἱονεί
704 2442 823 2486 πως
855 2424 1027 2495 ἑτέρῳ
1061 2423 1280 2494 μᾶλλον,
1312 2426 1409 2495 οὐχ
1456 2426 1655 2497 ἑαυτῷ,
1700 2427 1844 2497 φημὶ
1871 2428 1936 2499 δὴ

354 2517 437 2587 τῷ
467 2516 736 2589 θεσπεσίῳ
765 2519 974 2582 Μωσεῖ,
1008 2519 1147 2589 πρὸς
1176 2518 1235 2571 ὃν
1264 2517 1368 2589 ἔφη
1392 2534 1404 2548 ⁸
1441 2518 1643 2589 βάδιζε,
1668 2521 1937 2589 κατάϐηθι

353 2610 419 2662 τὸ
445 2610 609 2679 τάχος
657 2609 910 2663 ἐντεῦθεν
934 2626 948 2641 ο
980 2610 1225 2682 ὴνόμησε
1259 2611 1368 2682 γὰρ
1400 2613 1428 2665 ό
1446 2612 1572 2675 λαός
1596 2630 1711 2676 σου,
1730 2611 1823 2675 οὒς
1855 2612 1942 2677 ἐξ·

354 2703 563 2773 ήγαγες
615 2703 680 2754 ἐκ
730 2702 834 2772 γῆς
883 2701 1183 2770 Αἰγύπτου.
1234 2722 1253 2756 ι
1322 2703 1588 2767 Ἀκούεις,
1626 2705 1707 2757 ὅτι
1753 2705 1943 2758 Μωσεῖ

356 2792 769 2864 προσνενέμηκε
808 2793 909 2863 τὴν
943 2795 1452 2866 μεμνηστευμένην,
1489 2796 1607 2867 ἦτοι
1635 2795 1726 2849 τὸν
1776 2795 1939 2861 λαὸν,

355 2886 509 2939 οῦπω
533 2886 631 2955 τῆς
653 2885 988 2956 οἰκειότητος
1008 2886 1177 2953 ἀξιῶν
1204 2887 1304 2957 τῆς
1330 2887 1467 2959 πρὸς
1491 2888 1701 2942 ἑαυτόν.
1728 2888 1801 2941 Οὐ
1832 2888 1943 2959 γὰρ

359 2976 581 3040 ἱκανῶς,
610 2976 685 3040 ὡς
710 2977 864 3047 ἔφην,
899 2978 929 3030 ὁ
957 2978 1141 3048 νόμος,
1167 2978 1285 3049 ἦτοι
1315 2979 1543 3049 Μωσῆς,
1563 2978 1796 3049 συνάψαι
1826 2977 1944 3049 Θεῷ

354 3066 615 3140 καθαρῶς
646 3085 705 3121 τε
741 3068 837 3121 καὶ
868 3069 1195 3140 ὁλοτρόπως.
1228 3070 1505 3141 Τετήρητο
1550 3070 1659 3141 γὰρ
1700 3071 1775 3134 ὡς
1812 3088 1945 3124 κατ-

354 3157 691 3230 ορθωμάτων
745 3157 988 3228 ἄριστον,
1017 3160 1112 3212 καὶ
1156 3158 1460 3230 θεοπρεπὲς
1487 3159 1704 3231 ἀληθῶς
1732 3158 1810 3230 τῷ
1854 3176 1948 3229 με-

358 3251 482 3324 σίτῃ
524 3250 660 3305 Θεοῦ
698 3254 794 3305 καὶ
829 3251 1131 3323 ἀνθρώπων
1154 3294 1169 3319 ,
1220 3254 1466 3305 τουτέστι
1504 3253 1755 3324 Χριστῷ,
1781 3255 1847 3307 δι’
1879 3246 1940 3306 οῦ

357 3344 457 3397 καὶ
490 3346 547 3397 ὲν
593 3337 639 3412 ᾧ
683 3345 820 3416 πρὸς
869 3345 1001 3397 Θεὸν
1041 3344 1327 3415 ένούμεθα.
1362 3348 1474 3399 Καὶ
1508 3347 1615 3417 γάρ
1659 3348 1807 3399 ἐστιν
1848 3349 1945 3401 αύ-

354 3437 503 3507 τὸςὴ
533 3438 722 3509 εἰρήνη
758 3437 939 3507 ἡμῶν,
987 3438 1125 3492 κατὰ
1153 3438 1254 3501 τὰς
1292 3438 1533 3509 Γραφὰς,
1562 3440 1589 3492 6
1617 3439 1714 3510 τὴν
1747 3439 1947 3510 μεταξὺ

359 3528 623 3600 κειμένην
660 3528 860 3596 ἐξελὼν
902 3530 1198 3601 ἁμαρτίαν,
1234 3530 1327 3583 καὶ
1353 3529 1626 3601 καθαροὺς
1670 3531 1817 3600 ἡμᾶς
1858 3530 1951 3583 καὶ

361 3621 795 3692 ἐκνενιμμένους
824 3621 901 3692 τῷ
943 3621 1221 3692 Πνεύματι
1256 3620 1499 3691 συνάψας
1537 3621 1733 3692 ἑαυτῷ,
1762 3622 1856 3676 καὶ
1882 3622 1949 3675 δι’

361 3713 560 3766 ἑαυτοῦ
594 3712 671 3783 τῷ
696 3712 815 3783 Θεῷ
844 3714 938 3766 καὶ
983 3715 1178 3785 Πατρί.

435 3803 544 3856 Καὶ
573 3803 1031 3871 μνηστεύσομαί
1061 3818 1135 3856 σε
1190 3802 1425 3872 ἐμαυτῷ
1471 3803 1541 3857 ὲν
1572 3804 1948 3874 δικαιοσύνῃ,

363 3892 463 3945 καί
481 3893 549 3945 ἐν
568 3894 823 3962 κρίματι,
852 3892 950 3946 καὶ
980 3893 1050 3946 ἐν
1063 3892 1237 3956 ἐλέει,
1266 3894 1365 3946 καὶ
1388 3894 1457 3947 ἐν
1485 3895 1825 3964 οὶκτιρμοῒς.
1843 3896 1953 3949 Καὶ

358 3984 819 4053 μνηστεύσομαι
862 3984 1096 4054 ἐμαυτῷ
1133 3984 1202 4037 ἐν
1232 3985 1452 4050 πίστει,
1497 3984 1595 4039 καὶ
1646 3985 1950 4056 ἐπιγνὼσῃ

365 4075 477 4129 τὸν
512 4077 755 4144 Κύριον.

439 4167 567 4221 KG'.
621 4166 928 4236 Ἐξηγεῖται
959 4166 1165 4235 σαφῶς,
1198 4166 1282 4229 τίς
1335 4166 1401 4219 ἂν
1433 4167 1641 4235 γένοιτο
1688 4167 1785 4239 τῆς
1838 4185 1955 4221 συν-

365 4260 611 4327 αφείαςὸ
638 4260 857 4328 τρόπος,
886 4259 979 4312 καὶ
1023 4258 1113 4311 διὰ
1164 4258 1334 4311 ποίων
1385 4258 1449 4311 ἂν
1498 4258 1567 4312 ἴοι
1612 4261 1952 4331 πραγμάτων

365 4354 465 4421 τῆς
517 4351 830 4421 οἰκονομίας
858 4351 918 4403 τὸ
949 4352 1270 4421 μυστήριον.
1306 4369 1325 4401 ‹
1373 4350 1459 4403 Ἐν
1488 4350 1800 4423 δικαιοσύνῃ
1845 4352 1953 4423 γὰρ

367 4444 542 4508 ἔσται,
574 4444 728 4514 φησὶ,
753 4444 845 4497 καί
876 4445 931 4496 ὲν
960 4444 1209 4514 κρίματι,
1242 4443 1336 4496 καὶ
1364 4444 1547 4513 μέντοι
1593 4444 1688 4497 καὶ
1718 4446 1775 4498 ὲν
1816 4445 1953 4499 ἐλέει

368 4538 464 4589 καὶ
494 4538 549 4587 ἐν
576 4538 897 4606 οἰκτιρμοῖς.
938 4556 955 4587 ι
995 4535 1089 4599 Τίς
1117 4531 1208 4589 οὖν
1229 4536 1337 4607 ἄρα
1369 4537 1516 4588 ἐστὶν
1550 4538 1583 4607 ἠ
1616 4537 1951 4609 δικαιοσύνη,

2038 2078 2249 2119 vocem.
2278 2065 2385 2117 Aut
2422 2063 2585 2117 etiam
2614 2062 2721 2115 alio
2754 2062 2931 2125 modo,
2966 2062 3009 2115 si
3044 2061 3211 2121 Iubet,
3241 2060 3382 2128 quod
3414 2058 3616 2110 dictum

2040 2165 2123 2211 est
2167 2156 2419 2225 accipies.
2476 2154 2835 2224 Desponsavit
2892 2154 3036 2207 enim
3090 2152 3213 2215 sibi,
3274 2161 3331 2205 ut
3385 2150 3513 2211 dixi,
3564 2151 3617 2201 iu

2042 2245 2277 2318 Egypto
2309 2246 2597 2315 aliquando
2640 2245 2976 2314 Synagogam
3008 2242 3314 2298 Judazorum
3349 2259 3362 2294 :
3390 2240 3494 2311 53
3526 2240 3620 2294 sed

2039 2338 2188 2391 velut
2218 2337 2373 2390 alteri
2417 2337 2597 2405 potius
2623 2351 2782 2404 quam
2821 2335 2947 2400 sibi,
2980 2334 3172 2404 Moysi,
3200 2334 3443 2401 inquam,
3490 2347 3620 2385 san-

2042 2443 2151 2493 cto,
2183 2431 2268 2484 cui
2296 2430 2431 2483 dixit
2459 2443 2475 2482 :
2510 2447 2527 2480 ι
2565 2425 2732 2494 Vade,
2761 2429 3026 2483 descende
3056 2428 3164 2481 cito
3198 2427 3345 2488 hinc,
3380 2424 3623 2493 peccavit

2042 2524 2185 2577 enim
2231 2521 2461 2590 populus
2504 2531 2647 2585 tuus,
2682 2534 2845 2588 quem
2891 2518 3128 2572 eduxisti
3161 2519 3227 2571 de
3274 2526 3414 2570 terra
3448 2513 3621 2585 Egy-

2044 2614 2119 2682 pti
2142 2614 2285 2666 7M“.
2320 2632 2338 2664 ι
2373 2612 2541 2666 Audis
2571 2612 2844 2680 quomodo
2877 2610 3041 2680 Moysi
3071 2610 3473 2678 desponsatam.
3509 2608 3623 2660 sive

2045 2705 2324 2776 populum,
2376 2706 2613 2758 nondum
2660 2703 2912 2756 familiari
2962 2703 3350 2754 consuetudine
3400 2715 3494 2752 sua
3537 2700 3623 2751 di-

2046 2804 2264 2866 gnatum
2321 2793 2605 2847 attribuit?
2654 2792 2768 2845 Non
2823 2792 2965 2846 enim
3010 2789 3307 2844 sufﬁciebat
3354 2791 3461 2855 lex,
3512 2789 3627 2842 sive

2047 2887 2279 2958 Moyses,
2326 2895 2383 2939 ut
2426 2887 2532 2940 Deo
2581 2900 2713 2954 pure
2749 2894 2803 2938 et
2846 2883 3153 2938 arctissime
3198 2897 3289 2936 eos
3326 2880 3623 2951 copularet.

2050 2977 2163 3033 Hoc
2206 2980 2348 3033 enim
2399 2987 2458 3031 ut
2506 2987 2656 3032 recte
2697 2976 2961 3029 factorum
3000 2973 3382 3034 rectissimum,
3419 2988 3481 3025 ac
3516 2970 3627 3025 Deo

2052 3086 2239 3125 revera
2257 3071 2499 3137 dignum,
2521 3066 2799 3121 mediatori
2824 3065 2913 3118 Dei
2934 3075 2986 3116 et
3004 3063 3285 3116 hominum
3308 3061 3378 3127 ⁵⁸,
3410 3060 3628 3115 Christo

2051 3161 2327 3225 videlicet,
2359 3162 2698 3223 servabatur,
2730 3172 2826 3226 per
2853 3170 3037 3225 quem,
3069 3164 3121 3208 et
3150 3154 3202 3206 in
3239 3167 3345 3221 quo
3371 3166 3489 3205 cum
3522 3152 3629 3204 Deo

2054 3253 2289 3305 unimur.
2327 3270 2346 3302 ι
2377 3251 2497 3320 Ipse
2546 3250 2690 3304 enim
2745 3257 2827 3301 est
2875 3264 2978 3316 pax
3030 3255 3238 3308 nostra,
3272 3263 3290 3295 ι
3328 3242 3628 3298 secundum

2056 3343 2388 3412 Scripturas,
2423 3342 2512 3410 qui
2560 3340 2890 3406 interlacens
2934 3344 3211 3407 peccatum
3262 3332 3519 3395 sustulit,
3575 3342 3631 3387 et

2057 3450 2220 3505 puros
2260 3449 2374 3498 nos,
2418 3442 2473 3488 et
2517 3448 2611 3501 per
2643 3430 2906 3500 Spiritum
2954 3430 3167 3482 ablutos
3210 3427 3332 3491 sibi,
3366 3438 3420 3483 et
3440 3440 3535 3496 per
3571 3437 3632 3480 se

2054 3531 2165 3583 Deo
2194 3534 2247 3579 et
2275 3523 2423 3577 Patri
2455 3521 2737 3591 conjunxit
2768 3530 2929 3589 atque
2965 3516 3258 3588 colligavit.

2130 3812 2293 3867 Vens.
2334 3812 2419 3873 19,
2442 3810 2531 3864 20.
2570 3808 2635 3862 Ει
2671 3808 2925 3871 sponsabo
2957 3818 3003 3861 te
3047 3806 3173 3859 mihi
3202 3806 3255 3858 in
3279 3803 3522 3872 justitia,
3582 3811 3632 3856 et

2057 3906 2109 3959 in
2158 3905 2387 3974 judicio,
2413 3912 2461 3955 et
2504 3901 2556 3954 in
2584 3901 2963 3965 misericordia,
3016 3910 3064 3952 et
3099 3899 3151 3950 in
3183 3895 3629 3949 miserationibus.

2058 3998 2127 4052 Et
2159 3996 2474 4066 sponsabote
2490 3993 2617 4046 milii
2646 3993 2698 4044 in
2722 3991 2846 4058 ﬁde,
2865 3999 2911 4043 et
2944 3990 3076 4042 scies
3090 3987 3212 4057 quia
3237 4003 3328 4056 ego
3349 3984 3621 4037 Dominus.

2130 4171 2321 4228 XXIX.
2354 4171 2647 4240 Perspicua
2700 4174 2939 4232 enarrat,
3002 4165 3121 4235 quis
3170 4165 3360 4219 modus
3407 4160 3636 4228 conjun-

2060 4267 2257 4323 ctionis
2309 4280 2429 4319 esse
2497 4273 2681 4334 queat,
2740 4271 2794 4316 et
2851 4260 3046 4329 quibus
3108 4257 3267 4311 rebus
3319 4255 3636 4310 oeconomia:

2062 4358 2377 4428 mysterium
2445 4370 2821 4423 processurum
2890 4352 2979 4405 sit.
3050 4368 3068 4400 ι
3114 4346 3169 4401 1η
3225 4347 3433 4416 justitia
3491 4347 3634 4399 enim

2061 4452 2189 4514 erit,
2241 4448 2435 4517 inquit,
2471 4445 2768 4514 injudicio,
2803 4444 2855 4496 in
2885 4440 3274 4501 misericordia,
3308 4446 3362 4491 et
3386 4438 3439 4490 in
3473 4436 3635 4489 mise-

2064 4541 2383 4596 rationibus.
2416 4557 2435 4590 ι
2489 4536 2746 4602 Quaenam
2776 4536 2939 4603 igitur
2966 4533 3038 4586 sit
3092 4530 3320 4599 iustitia,
3355 4529 3496 4599 quod
3557 4528 3639 4598 ju-

368 4628 422 4679 τί
452 4627 506 4679 δὲ
547 4626 608 4679 τὸ
665 4629 870 4697 κρῖμα,
906 4627 1002 4679 καὶ
1056 4630 1162 4696 μὴν
1216 4627 1311 4680 καὶ
1348 4627 1409 4679 τὸ
1449 4627 1631 4693 ἔλεος,
1664 4631 1857 4692 εἰπεῖν,
1881 4631 1942 4693 ὼς

2063 4633 2280 4696 dicium,
2313 4639 2573 4699 praeterea
2599 4644 2716 4697 quae
2745 4624 3136 4685 misericordia,
3163 4622 3445 4676 dicendum
3498 4621 3638 4675 vide-

370 4719 547 4772 ἔοικεν
573 4758 587 4784 ,
617 4720 932 4787 ἀναγκαῖον.
975 4718 1181 4771 υύκοῦν
1232 4718 1747 4789 πεπλεονεκτήμεθα
1784 4721 1882 4791 μὲν
1907 4723 1955 4774 οἰ

370 4811 629 4877 τάλανες,
665 4810 1050 4882 διαρπάζοντος
1110 4811 1259 4879 ἡμᾶς
1311 4811 1385 4873 ὡς
1428 4810 1591 4881 θηρὸς
1630 4811 1821 4883 ἀγρίου
1860 4810 1954 4864 τοῦ

371 4906 608 4969 Σατανᾶ,
638 4904 732 4956 καὶ
755 4902 1120 4972 ἁποφέροντος
1160 4902 1258 4971 μὲν
1286 4904 1365 4965 εἰς
1398 4902 1686 4973 πλάνησιν,
1721 4904 1955 4969 ὲνιέντος

371 4996 429 5050 δὲ
470 4996 611 5049 κατὰ
639 4997 701 5049 τὸ
734 4995 878 5065 αὐτῷ
920 4994 1111 5048 δοκοῦν
1137 4997 1248 5057 τοῖς
1280 4996 1379 5064 τῆς
1414 4994 1687 5065 ἁμαρτίας
1722 4993 1955 5064 βόθροις,

371 5087 524 5139 οὐδὲν
566 5088 776 5148 ἑαυτοῖς
806 5084 1104 5154 ἐπαμύνειν
1138 5083 1437 5153 ἰσχύοντας.
1466 5083 1822 5153 Παγχάλεπος
1848 5083 1956 5154 γὰρ

373 5180 469 5233 καὶ
516 5179 819 5249 βιαιότατος
862 5177 1077 5247 ἀληθῶς
1136 5177 1228 5229 καὶ
1282 5176 1723 5245 ἀνθρωποκτόνος
1757 5179 1784 5228 6
1828 5175 1952 5247 θήρ.

387 5270 604 5340 Ἐπειδὴ
649 5269 704 5322 δὲ
737 5270 815 5332 εἰς
858 5267 1014 5321 τοῦτο
1066 5266 1437 5337 ταλαιπωρίας
1484 5265 1856 5335 κατεκομίσθη
1885 5266 1954 5318 τὰ

374 5360 712 5430 ἀνθρώπινα,
742 5362 943 5430 συχνὰς
966 5360 1247 5412 ἐποιοῦντο
1279 5362 1379 5421 τὰς
1404 5356 1556 5421 λιτὰς
1581 5358 1717 5429 πρὸς
1736 5358 1826 5410 τὸν
1856 5360 1955 5411 ὲπ-

375 5453 604 5521 αμύνειν
629 5453 923 5523 δυνάμενον
950 5454 997 5504 οἰ
1026 5450 1288 5523 μακάριοι
1315 5450 1611 5521 προφῆται,
1635 5450 1728 5501 καὶ
1760 5449 1819 5501 τὸ
1846 5467 1957 5502 κοι-

342 5618 347 5643 i
376 5549 465 5601 νὺν
491 5550 590 5618 τῆς
620 5548 1039 5618 ἁνθρωπότητος
1070 5548 1347 5616 μονονουχὶ
1378 5550 1717 5617 προσωπεῖον
1746 5547 1959 5608 ἑαυτοῖς

379 5641 851 5710 περιπλάττοντες,
883 5640 1246 5710 συλλήπτορα,
1284 5639 1376 5692 καὶ
1416 5638 1666 5709 ἁρρωγὺν
1709 5636 1769 5701 ἐξ
1793 5637 1959 5707 οὐρα.⁴¹

379 5732 485 5785 νῶν
541 5731 835 5801 ἀφικέσθαι
889 5732 1227 5804 παρεκάλουν
1268 5730 1357 5783 τὸν
1400 5730 1547 5783 Υἰόν.
1578 5730 1719 5799 Ἔφη
1773 5727 1901 5797 γοῦν
1932 5729 1960 5780 6

2062 4732 2166 4778 tur.
2214 4718 2733 4790 Itaquecirumventi
2781 4733 2966 4771 smnus
2997 4716 3202 4777 miseri,
3245 4715 3485 4784 rapiente
3536 4727 3635 4767 nos

2057 4814 2111 4868 in
2164 4827 2368 4867 morem
2399 4811 2597 4865 atrocis
2630 4808 2815 4863 bestiae
2865 4808 3085 4873 Satana,
3146 4814 3200 4861 et
3244 4808 3295 4860 in
3394 4819 3635 4859 errorem

2060 4916 2272 4976 agente,
2306 4913 2361 4960 et
2402 4919 2497 4973 pro
2529 4902 2791 4957 arbitratu
2826 4917 2923 4956 suo
2946 4902 2997 4954 in
3027 4900 3230 4969 peccati
3265 4897 3469 4952 foveam
3500 4913 3637 4965 pra:-

2060 5001 2338 5070 cipitante,
2398 4997 2530 5052 nihil
2600 4997 2868 5050 nobismet
2938 4995 3056 5064 opis
3110 4993 3306 5047 afferre
3374 4990 3633 5047 valentes.

2061 5092 2199 5146 Vere
2236 5090 2377 5143 enim
2421 5088 2812 5150 crudelissima,
2854 5096 2907 5139 et
2956 5080 3366 5146 violentissima,
3424 5090 3478 5135 et
3537 5084 3635 5135 ho-

2063 5181 2266 5235 mimnn
2304 5178 2644 5233 interfectrix
2677 5178 2853 5231 bellua
2873 5186 2972 5231 est.
2997 5176 3175 5229 Rebus
3207 5183 3385 5227 autem
3444 5174 3636 5227 burna-

2062 5272 2146 5326 uis
2176 5273 2279 5325 huc
2309 5271 2651 5325 miseriarum
2688 5269 2942 5336 delapsis,
2973 5268 3195 5321 crebras
3245 5279 3435 5334 preces
3492 5265 3633 5318 beati

2058 5369 2334 5435 prophetae
2377 5362 2673 5415 fundebant
2730 5360 2798 5414 ad
2882 5360 3071 5420 Deum,
3153 5357 3241 5424 qui
3320 5370 3636 5411 succurrere

2060 5463 2258 5523 ροιρει,
2293 5465 2744 5519 communemque
2800 5451 3049 5503 humana:
3082 5457 3288 5502 natura:
3349 5462 3633 5515 personam

2062 5553 2269 5598 tantum
2325 5558 2429 5596 non
2466 5542 2767 5607 induentes,
2830 5539 3131 5608 adiutorem
3185 5549 3239 5591 et
3292 5536 3633 5590 auxiliarium

2062 5636 2129 5691 de
2158 5635 2309 5690 caelis
2346 5635 2601 5688 advenire
2635 5633 2825 5688 Filium
2855 5630 3185 5700 flagitabant.
3218 5627 3307 5682 Ait
3371 5641 3499 5697 ergo
3549 5626 3634 5679 di-

2062 5729 2220 5780 vinus
2259 5724 2426 5778 David
2458 5743 2473 5780 :
2528 5742 2549 5776 ι
2597 5723 2792 5794 Surge,
2829 5723 2989 5787 Deus,
3039 5720 3218 5789 iudica
3269 5728 3464 5774 terram
3492 5718 3539 5751 ⁸⁸
3567 5734 3581 5779 ;
3610 5737 3628 5770 ι

455 5894 499 5926 ⁸⁸
529 5896 649 5951 Act.
671 5912 770 5961 vn,
798 5896 887 5953 '58.
965 5897 1008 5931 '9
1030 5896 1222 5965 Ephes.
1246 5910 1304 5961 tt,
1331 5895 1413 5949 lli.
1456 5896 1577 5927 7”"
1603 5895 1619 5915 ‘
1646 5894 1797 5949 Deut.
1833 5907 1908 5959 ix,
1946 5892 2030 5949 12.
2073 5893 2118 5925 ⁸⁵
2144 5890 2323 5946 lTim.
2361 5906 2423 5955 ll,
2452 5890 2504 5945 5.
2583 5890 2625 5923 "
2648 5888 2843 5959 Ephcs.
2868 5903 2929 5950 ll,
2960 5886 3045 5940 Η.
3125 5886 3227 5941 "P
3265 5885 3332 5939 al.
3365 5895 3549 5943 Lxxxt.
3575 5873 3631 5929 8ο
