4046 6376
432 452 508 511 95
1421 461 1478 518 S.
1520 463 1798 520 CYRILLI
1840 465 2002 522 ALEI

2110 468 2310 525 [DRINI
2351 468 2666 526 Αιιαιιιειι.
3630 477 3698 535 96

426 586 484 632 et
525 592 774 633 rursum:
813 597 834 630 ι
874 577 1038 646 Deus,
1074 580 1126 635 in
1159 581 1374 636 nomine
1403 592 1496 637 tuo
1519 585 1726 640 salvum
1768 603 1855 643 me
1896 587 2001 653 iac,

2110 591 2397 654 Θεσπέσιος
2425 592 2613 657 Δαϐὶδ,
2637 613 2656 645 ι
2698 591 2933 647 Ἀνάστα
2959 596 2988 649 6
3009 594 3163 662 Θεὸς,
3182 600 3368 670 κρῖνον
3405 598 3502 669 τὴν
3534 601 3654 670 γῆν.
3672 623 3691 655 ι

427 683 483 724 et
511 671 562 723 in
611 671 810 726 virtute
844 680 932 725 ttta
963 671 1144 742 jndica
1196 677 1366 729 me”.
1411 695 1429 728 ι
1485 674 1760 734 Judicavit
1821 681 2008 748 itaque

429 764 484 818 in
526 763 728 828 iustitia
763 765 921 825 Deus.
965 775 1020 820 et
1075 768 1304 822 aﬂlictos
1362 771 1625 839 salvavit;
1679 772 2005 829 homicidam

427 865 606 909 autem
653 865 708 910 et
757 856 1072 925 pestiferum
1130 859 1386 915 Satanam
1447 865 1649 931 abegit,
1700 875 1756 918 et
1803 881 1832 918 a
1880 880 1995 919 cer-

426 945 634 1001 vicibus
690 947 888 1002 nostris
935 949 1152 1016 repulit,
1229 953 1630 1022 superbumque
1700 954 2004 1009 daemonum

425 1039 784 1108 principatum
813 1043 1027 1096 evertit.
1076 1042 1136 1096 Et
1177 1044 1278 1098 ltoc
1353 1047 1672 1117 mysterium
1725 1047 1839 1115 ipse
1910 1062 2008 1115 per

425 1132 663 1198 Seipsnm
689 1129 1005 1195 declaravit,
1040 1131 1148 1206 54
1165 1152 1286 1189 cum
1305 1136 1461 1200 dixit,
1493 1153 1522 1203 p
1543 1154 1601 1191 ro
1623 1139 1864 1192 omnium
1893 1140 2003 1192 vita

423 1247 639 1285 crucem
683 1247 1054 1302 perpessurus.
1085 1249 1106 1283 ι
1165 1228 1317 1284 Nunc
1362 1227 1628 1298 iudicium
1682 1239 1764 1284 est
1821 1231 2004 1284 mundi

422 1323 604 1392 hujus,
647 1333 702 1378 et
739 1325 986 1393 princeps
1015 1324 1201 1378 mundi
1255 1323 1416 1393 hujus
1467 1322 1716 1389 ejicietnr
1774 1320 1946 1377 foras.
1978 1339 1998 1374 ι

422 1413 490 1469 Et
523 1433 541 1467 ι
568 1414 678 1484 Ego
705 1415 1107 1469 cumexaltatns
1131 1413 1282 1470 fuero
1311 1428 1340 1468 a
1363 1423 1529 1478 terra,
1558 1410 1742 1467 omnia
1785 1412 1996 1465 traham

421 1506 488 1560 ad
523 1511 784 1574 meipsnm
815 1507 881 1558 °°.
914 1525 932 1557 ι
974 1505 1082 1560 Nec
1120 1521 1251 1560 sane
1303 1506 1550 1560 volumus
1587 1508 1792 1563 dixisse
1828 1507 2003 1571 illum,

418 1600 540 1666 ipso
578 1609 818 1666 tempore
851 1599 1120 1652 adventus
1144 1596 1382 1652 futurum
1424 1599 1605 1652 mundi
1659 1599 1818 1665 hujus
1859 1599 2004 1666 judi-

421 1689 589 1745 cium.
626 1687 759 1742 Nam
792 1699 849 1742 ut
904 1689 1130 1758 ipsemet
1181 1703 1395 1744 rursum
1462 1676 1564 1743 ait:
1603 1708 1622 1741 ι
1681 1688 1800 1744 Νοιι
1856 1690 2006 1744 misit

422 1783 566 1838 Dens
597 1781 793 1837 Filium
821 1798 977 1837 suum
1012 1781 1066 1836 in
1096 1780 1675 1850 mundum,utjndicet
1715 1783 2002 1850 mundum,

421 1874 515 1929 sed
546 1883 602 1928 ut
636 1873 876 1928 salvetur
911 1873 1142 1928 mundus
1177 1888 1273 1943 per
1299 1872 1472 1941 ipsum
1519 1874 1602 1925 "z
1644 1892 1663 1926 ι
1727 1871 2001 1929 iudicium

2114 685 2224 737 Καὶ
2250 685 2413 739 πάλιν
2439 702 2454 717 ο
2491 705 2508 738 ι
2552 688 2610 740 '0
2638 685 2789 750 Θεὸς,
2823 689 2882 742 ὲν
2911 688 2992 760 τῷ
3015 690 3238 762 ὀνόματί
3273 707 3367 744 σου
3400 691 3571 745 σῶσόν
3605 711 3696 765 με,

2113 775 2208 829 καὶ
2231 777 2288 829 ἐν
2313 779 2378 848 τῇ
2403 777 2629 848 δυνάμει
2661 795 2754 832 σου
2786 780 2970 851 κρῖνόν
3001 799 3093 852 με.
3132 801 3152 835 ι
3187 783 3411 854 Ἔκρινε
3434 784 3611 838 τοίνυν
3638 788 3700 843 ὲν

2111 869 2429 943 δικαιοσύνῃ
2451 873 2479 924 6
2498 871 2652 935 Θεὸς,
2679 872 2770 925 καὶ
2793 873 3000 927 σέσωκε
3026 875 3124 945 μὲν
3153 875 3280 938 τοὺς
3298 876 3460 947 ήδικη
3470 877 3694 948 μένους’

2111 961 2204 1014 τὸν
2236 962 2293 1015 δὲ
2330 964 2610 1033 μιαιφόνον
2643 965 2734 1019 καὶ
2768 965 3052 1036 ἀλιτήριον
3088 967 3400 1036 ἀπεσόόησε
3431 971 3696 1034 Σατανᾶν,

2112 1053 2206 1106 καὶ
2248 1053 2350 1123 τῆς
2407 1054 2526 1108 καθ’
2555 1055 2711 1126 ήμῶν
2765 1056 3056 1110 ἀπεώσατο
3091 1059 3404 1126 πλεονεξίας
3429 1101 3443 1124 ,
3477 1062 3570 1115 καὶ
3600 1063 3699 1134 τὴν

2112 1143 2345 1206 ἀλαζόνα
2381 1144 2488 1199 τῶν
2524 1147 2816 1217 δαιμονίων
2863 1148 3112 1203 καθεῖλεν
3157 1151 3352 1222 ἀρχήν.
3399 1153 3511 1206 Καὶ
3539 1152 3699 1207 τοῦτο

2113 1237 2244 1306 ἡμῖν
2269 1237 2332 1290 τὸ
2369 1240 2667 1311 μυστήριον
2695 1241 2859 1304 αὐτὸς
2877 1242 2944 1296 δι’
2975 1243 3170 1298 ἑαυτοῦ
3202 1244 3472 1315 διεσαφεῖ,
3500 1245 3697 1315 λέγων,

2121 1329 2212 1383 ὅτε
2239 1329 2330 1383 τὸν
2355 1330 2496 1402 ὑπὲρ
2529 1331 2632 1401 τῆς
2673 1333 2931 1389 ἁπάντων
2980 1334 3125 1406 ζωῆς
3157 1336 3381 1406 ἔμελλεν
3407 1339 3698 1409 ἀνατλῆναι

2113 1421 2344 1492 σταυρόν
2365 1439 2378 1452 °
2416 1422 2560 1476 (Νῦν
2578 1424 2760 1496 κρίσις
2782 1428 2900 1480 ἐστὶ
2916 1425 3014 1480 τοῦ
3033 1429 3239 1500 κόσμου
3263 1428 3474 1494 τούτου,
3492 1433 3586 1484 καὶ
3601 1431 3698 1503 ἄρ-

2111 1531 2222 1583 χων
2245 1513 2340 1567 τοῦ
2372 1515 2578 1586 κόσμου
2593 1515 2783 1570 τούτου
2803 1517 3041 1590 ὲκόληθή
3054 1536 3206 1573 σεται
3237 1520 3359 1587 ἔξω.
3379 1541 3398 1574 ι
3420 1522 3698 1591 -ιΚὰγὼ

2113 1606 2207 1660 ὲάν
2241 1607 2438 1677 ὑψωθῶ
2472 1611 2535 1662 ὲκ
2570 1611 2668 1680 τῆς
2701 1611 2823 1680 γῆς,
2859 1611 3041 1665 πάντα
3087 1613 3301 1667 ἑλκύσω
3342 1615 3480 1687 πρὸς
3521 1619 3695 1687 ἐμαυ-

2111 1697 2376 1752 τόν.›Καὶ
2408 1699 2469 1752 οὐ
2493 1701 2665 1772 δήπου
2696 1701 2894 1770 φαμὲν,
2915 1703 2998 1755 ὅτι
3027 1703 3209 1774 κρίσιν
3230 1704 3334 1774 ἔφη
3363 1705 3456 1758 τοῦ
3491 1705 3696 1776 κ’όσμου

2109 1789 2303 1842 τούτου
2320 1790 2646 1860 γενήσεσθαι
2665 1792 2796 1862 παρ’
2819 1790 2984 1845 αὐτοῦ
3002 1792 3146 1846 κατά
3164 1792 3256 1848 τὸν
3275 1793 3377 1864 τῆς
3407 1794 3698 1865 ἐπιδημίας

2111 1876 2322 1946 καιρόν.
2365 1877 2453 1940 Ὠς
2480 1877 2590 1949 γὰρ
2619 1878 2783 1941 αὐτὸς
2811 1878 2914 1950 ἔφη
2949 1881 3134 1947 πάλιν,
3173 1903 3192 1934 ι
3232 1884 3347 1936 Οὐκ
3377 1885 3698 1938 ἀπέστειλεν

422 1974 599 2019 autem
629 1980 750 2020 esse
781 1965 910 2020 dicit
939 1976 1140 2020 rectam
1180 1976 1235 2020 et
1269 1965 1594 2036 inculpatum
1623 1966 1762 2020 velut
1806 1965 2000 2030 dijudi-

2110 1966 2135 2017 6
2166 1967 2299 2031 Θεὸς
2327 1967 2418 2021 τὸν
2445 1967 2572 2021 Υίὸν
2595 1970 2676 2032 εἰς
2690 1969 2784 2022 τὸν
2809 1971 3032 2041 κόσμον,
3053 1972 3140 2025 ἵνα
3165 1974 3324 2044 κρίνῃ
3353 1974 3444 2028 τὸν
3470 1975 3693 2044 κόσμον,

421 2059 688 2114 cntionem
719 2059 962 2126 ;justum
999 2059 1142 2113 enim
1194 2059 1372 2124 nobis,
1407 2069 1462 2114 et
1495 2059 1567 2112 illi
1611 2059 1700 2127 jus
1735 2060 1891 2114 dixit.
1937 2059 2001 2113 Et

421 2152 651 2207 salvavit
683 2151 897 2221 quidem
937 2167 1034 2205 nos
1068 2151 1134 2205 ad
1163 2166 1222 2205 se
1254 2159 1483 2214 tractos,
1517 2160 1572 2206 et
1601 2152 1768 2206 nostri
1829 2152 2001 2206 domi-

421 2255 664 2309 nantem,
702 2261 763 2298 ac
818 2244 1150 2298 multimodis
1194 2259 1293 2298 nos
1349 2244 1658 2314 perdentem
1712 2242 2001 2314 tyrannide

421 2336 601 2405 ejecit.
638 2336 838 2390 Salvati
875 2351 1062 2390 sumus
1114 2335 1277 2404 igitur
1337 2336 1634 2390 miserante
1687 2350 1784 2390 nos
1865 2333 1996 2388 Deo.

426 2448 446 2481 ι
477 2429 764 2485 Jnsliﬁcati
803 2431 946 2483 enim
974 2443 1182 2492 sumus,
1234 2443 1339 2482 non
1369 2442 1437 2482 ex
1481 2426 1737 2497 operibus
1775 2425 2000 2496 iustitiae

421 2539 542 2593 qua:
589 2522 815 2576 fecimus
846 2537 963 2584 nos,
995 2521 1088 2575 sed
1123 2519 1420 2574 secundum
1467 2535 1736 2587 magnam-
1789 2519 2001 2573 miseri-

421 2613 664 2667 cordiam
717 2612 888 2681 ipsius
915 2613 982 2677 θ’,
1022 2630 1042 2663 ι
1079 2613 1219 2664 sicut
1243 2612 1502 2676 scriptum
1531 2620 1637 2666 est.
1669 2609 1857 2664 Vocati
1899 2626 1998 2664 an-

421 2713 530 2759 tem
557 2720 745 2760 sumns
775 2705 842 2757 ad
867 2703 1316 2757 necessitudinem
1345 2702 1680 2770 spiritualem
1696 2716 1790 2770 per
1813 2699 1997 2755 ﬁdem.

422 2799 500 2852 lla
530 2807 708 2850 autem
764 2797 964 2861 vocati,
1003 2809 1128 2848 eum
1154 2795 1357 2862 quiest
1405 2803 1595 2846 natura
1642 2795 1782 2848 Deus
1835 2809 2001 2862 agno-

421 2891 618 2943 vimus.
647 2887 874 2950 ldcirco,
897 2888 1086 2956 inquit,
1129 2903 1148 2938 ι
1180 2886 1515 2954 desponsabo
1543 2895 1592 2939 te
1633 2885 1760 2939 mihi
1797 2884 1850 2938 in
1874 2885 1998 2950 ﬁde,

424 2991 475 3037 et
502 2997 797 3054 cognosces
838 2980 1142 3035 Dominum.
1184 2998 1203 3031 ι
1239 2977 1670 3048 Praecessitergo
1702 2977 1856 3032 ﬁdes.
1911 2976 2002 3031 Sic

425 3087 608 3129 autem
674 3075 892 3129 Christo
947 3071 1326 3142 cognoscendo
1389 3087 1519 3140 opes
1586 3071 1995 3140 acquisivimus.

427 3167 722 3234 Elhoc,ut
780 3165 1037 3229 arbitror,
1075 3174 1155 3219 est
1215 3164 1358 3234 quod
1410 3163 1728 3232 quihusdam
1797 3165 1999 3216 dictum

425 3271 550 3315 est:
616 3277 636 3311 ι
711 3258 823 3313 Nisi
891 3257 1255 3322 credideritis,
1316 3273 1420 3310 non
1486 3257 1795 3324 intelligetis
1862 3256 1996 3308 ⁸³.»

2106 2057 2222 2111 ἀλλ’
2247 2059 2334 2112 ἵνα
2363 2059 2508 2131 σωθῇ
2540 2063 2568 2114 6
2606 2061 2812 2131 κόσμος
2841 2064 2909 2117 δι’
2937 2063 3124 2118 αὐτοῦ.
3174 2083 3193 2116 ι
3232 2064 3423 2134 Κρίσιν
3450 2067 3505 2120 δὲ
3549 2061 3692 2119 εἷναί

2107 2165 2262 2218 φησι,
2295 2149 2396 2220 τήν
2447 2149 2614 2222 ὀρθὴν
2670 2152 2764 2205 καὶ
2808 2151 3112 2224 ἀμώμητον
3141 2154 3304 2206 οἱονεὶ
3337 2154 3693 2210 διαδικασίαν.

2107 2238 2365 2292 Δεδίκακε
2399 2240 2530 2311 γὰρ,
2556 2240 2631 2303 ὡς
2655 2240 2813 2313 ἔφην,
2837 2242 3012 2313 ὀρθῶς
3063 2245 3195 2315 ἡμῖν
3217 2261 3276 2297 τε
3308 2245 3566 2314 κάκείνῳ.
3588 2245 3697 2298 Καὶ

2108 2329 2315 2383 σέσωκε
2352 2331 2451 2402 μὲν
2477 2333 2645 2402 ἡμᾶς,
2674 2332 2910 2398 ἑλκύσας
2936 2334 3072 2405 πρὸς
3116 2336 3308 2390 ἑαυτόν
3341 2351 3356 2365 '
3394 2337 3695 2395 ἐκϐέϐληκε

2105 2421 2161 2475 δὲ
2213 2423 2310 2492 τῆς
2353 2422 2476 2476 καθ’
2510 2423 2667 2495 ήμῶν
2713 2425 3028 2496 τυραννίδος
3058 2425 3148 2479 τὸν
3183 2428 3606 2484 πλεονεκτοῦντά
3638 2447 3696 2483 τε

2106 2515 2202 2568 καὶ
2227 2515 2506 2570 διολλύντα
2549 2518 2831 2582 ποικίλως.
2859 2517 3188 2590 Σεσώσμεθα
3212 2520 3277 2591 δὴ
3300 2516 3393 2574 οῦν
3421 2521 3698 2587 ἐλεοῦντός

2105 2624 2166 2659 τε
2192 2608 2340 2678 ἡμᾶς
2389 2610 2485 2662 καὶ
2527 2611 2996 2684 κατοικτείροντος
3026 2611 3182 2666 Θεοῦ.
3215 2631 3234 2664 ι
3289 2613 3696 2683 Δεδικαιώμεθα

2106 2698 2236 2769 γὰρ,
2266 2699 2366 2752 οὐκ
2401 2698 2460 2766 ἐξ
2489 2700 2668 2773 έργων
2681 2702 2786 2756 τῶν
2806 2705 2864 2756 ὲν
2885 2702 3202 2777 δικαιοσύνῃ
3225 2699 3303 2758 ὧν
3340 2707 3679 2776 ἐποιήσαμεν

2108 2793 2286 2864 ήμεῖς,
2318 2793 2455 2848 ἀλλά
2497 2795 2639 2849 κατά
2670 2795 2730 2849 τὸ
2777 2795 2912 2850 πολὺ
2942 2796 3107 2850 αὑτοῦ
3147 2797 3316 2862 ἔλεος,
3361 2816 3380 2850 ι
3417 2797 3562 2852 καθά
3606 2797 3696 2866 γέ-

2107 2902 2369 2955 γραπται.
2403 2887 2737 2957 Κεκλήμεθά
2773 2903 2836 2941 τε
2870 2889 3007 2959 πρὸς
3039 2889 3350 2960 οἰκειότητα
3379 2890 3478 2962 τὴν
3531 2907 3690 2943 πνευ-

2112 2978 2347 3048 ματικὴν
2374 2978 2464 3031 διά
2493 2979 2728 3042 πίστεως
2747 2996 2761 3010 ⁸
2799 2980 3130 3052 κεκλημένοι
3148 2999 3209 3036 τε
3235 2981 3398 3046 οὕτω,
3419 2984 3511 3036 τὸν
3540 2983 3696 3051 φύσει

2107 3070 2240 3123 Θεὸν
2284 3069 2623 3142 ἐγνώκαμεν.
2660 3073 2846 3146 Ταύτῃ
2881 3091 2962 3126 τοι
3010 3077 3177 3145 φησί’
3214 3094 3232 3126 ι
3276 3076 3382 3128 Καὶ
3433 3076 3696 3148 μνηστεύ-

2110 3161 2275 3231 σομαί
2325 3180 2382 3216 σε
2424 3163 2645 3236 ἐμαυτῷ
2691 3166 2748 3218 ὲν
2783 3166 2999 3230 πίστει,
3022 3168 3116 3222 καὶ
3148 3168 3424 3240 ὲπιγνώσῃ
3466 3171 3558 3223 τὸν
3584 3169 3697 3222 Κύ-

2112 3272 2245 3324 ριον.
2290 3273 2307 3308 ι
2350 3255 2559 3310 Οὐκοῦν
2610 3259 3025 3329 προεκόέόηκεν
3063 3262 3095 3330 ή
3143 3259 3359 3327 πίστις,
3395 3263 3698 3334 πεπλουτήο

425 3350 628 3405 Christi
665 3365 792 3403 vero
822 3350 1136 3421 mysterium
1176 3350 1324 3403 clare
1370 3363 1563 3411 nosse,
1627 3359 1844 3402 aaternaa
1878 3347 2000 3401 νῑιω

2110 3362 2282 3414 καμεν
2307 3345 2362 3399 δὲ
2391 3344 2565 3410 οῦτως
2593 3347 2688 3401 καὶ
2716 3349 2779 3402 τὸ
2825 3350 3023 3404 εἰδέναι
3058 3352 3314 3422 Χριστόν.
3355 3354 3467 3408 Καὶ
3519 3355 3696 3422 τοῦτο,

426 3441 716 3512 participes
754 3442 978 3496 reddere
1007 3457 1101 3496 eos
1149 3441 1239 3510 qui
1276 3441 1420 3511 digni
1462 3449 1607 3503 sunt,
1659 3439 1824 3494 Filius
1891 3439 2005 3508 ipse

425 3535 643 3590 Patrem
711 3534 991 3590 ctelestem
1095 3533 1378 3604 alloquens
1465 3542 1615 3588 certe
1685 3533 2003 3587 conﬁrmat:

431 3645 451 3678 ι
503 3626 625 3681 llaec
666 3635 750 3680 est
795 3626 900 3678 vita
956 3635 1200 3690 aeterna,
1249 3634 1308 3677 ut
1372 3631 1700 3694 cognoscant
1729 3633 1780 3675 te
1833 3621 2004 3676 solum

427 3735 614 3772 verum
645 3720 834 3784 Deum,
865 3727 918 3769 et
947 3731 1106 3784 quem
1139 3716 1335 3769 misisti
1364 3713 1548 3768 Jesnm
1580 3714 1857 3769 Christum
1885 3713 1952 3767 “.
1982 3731 2004 3765 ι

2105 3433 2281 3506 οἶμαι,
2308 3437 2427 3491 ἐστὶ
2467 3440 2528 3492 τὸ
2573 3441 2710 3510 πρός
2741 3458 2894 3504 τινας
2931 3443 3221 3514 εἰρημένον
3249 3462 3264 3478 ο
3301 3463 3320 3497 ι
3360 3447 3458 3500 “Av
3489 3446 3594 3518 γὰρ
3625 3447 3698 3518 μὴ

2110 3527 2464 3597 πιστεύσητε,
2503 3529 2625 3582 οὐδὲ
2677 3530 2753 3602 μὴ
2790 3531 3005 3601 συνῆτε.
3051 3552 3070 3585 ι
3113 3534 3232 3588 ’Ὀτι
3267 3535 3325 3588 δὲ
3365 3535 3424 3589 τὸ
3460 3536 3697 3589 συνιέναι

2108 3616 2376 3688 λαμπρῶς
2421 3619 2484 3672 τὸ
2523 3621 2757 3692 Χριστοῦ
2793 3623 3118 3693 μυστήριον,
3147 3625 3246 3696 τῆς
3289 3627 3509 3680 αἰωνίου
3549 3625 3696 3696 ζωῆς

2111 3714 2475 3780 περιποιεῖται
2497 3713 2596 3784 τὴν
2630 3712 2846 3784 μέθεξιν
2866 3716 2979 3776 τοῖς
3013 3715 3155 3769 ἑλεῖν
3189 3717 3394 3784 ἀξίοις,
3428 3718 3699 3789 πληροφοο

428 3812 585 3883 ρήσει
613 3809 786 3879 λέγων
817 3809 977 3873 αὐτὸς
1010 3812 1038 3863 6
1069 3809 1197 3873 Υίὸς
1242 3809 1378 3879 πρὸς
1405 3807 1495 3861 τὸν
1525 3810 1583 3861 ἐν
1616 3809 1728 3869 τοῖς
1761 3806 2012 3878 οὐρανοῖς
2042 3802 2262 3874 Πατέρα
2293 3805 2385 3856 καὶ
2413 3804 2548 3858 Θεὸν
2573 3822 2586 3836 ·
2635 3804 2814 3876 «Αὕτη
2841 3803 2898 3858 δέ
2925 3808 3076 3860 ἐστιν
3109 3809 3142 3879 ή
3183 3809 3402 3874 αίώνιος
3441 3810 3576 3882 ζωὴ,
3617 3812 3700 3863 ἰνα

424 3906 736 3977 γινώσκωσί
769 3923 828 3958 σε
854 3905 945 3959 τὸν
973 3905 1133 3974 μόνον
1163 3902 1414 3972 ἀληθινὸν
1445 3901 1598 3964 Θεὸν,
1628 3901 1721 3954 καὶ
1749 3900 1808 3953 ὃν
1837 3897 2165 3960 ἀπέστειλας
2191 3897 2418 3968 Ἰησοῦν.

433 4008 438 4010 ’
503 4000 658 4053 Vsus.
712 3997 802 4059 21,
832 3997 922 4050 2‘2.
979 3994 1172 4050 Et.erit
1212 3997 1370 4048 indie
1401 3994 1513 4059 illa,
1550 3995 1678 4046 dicit
1725 3993 2000 4058 Dominus,

425 4091 708 4146 exaudiam
737 4089 941 4154 caelum,
970 4100 1013 4142 et
1041 4089 1224 4142 malum
1254 4087 1497 4140 exaudiet
1525 4097 1740 4148 (errant,
1786 4096 1832 4138 et
1863 4095 2004 4138 terra

425 4181 666 4236 exaudiet
725 4181 1069 4250 frumentum,
1121 4189 1172 4233 et
1220 4180 1416 4243 vinum,
1469 4189 1515 4231 et
1549 4178 1741 4237 oleum,
1778 4185 1824 4230 et
1886 4176 2003 4229 ima

425 4277 598 4328 exaud
603 4275 704 4328 ient
720 4271 756 4327 .1
760 4271 930 4327 ezrael
935 4313 949 4326 .

484 4449 637 4505 XXX
663 4449 896 4504 Rursum
912 4449 1000 4512 hic
1012 4448 1151 4503 diem
1169 4447 1438 4503 vocationi
1455 4447 1784 4503 conveniens
1800 4455 2007 4516 tempus

2179 3992 2288 4045 Kal
2337 3993 2508 4046 ἔσται
2557 3991 2628 4046 ἐν
2675 3993 2876 4064 ἐκείνῃ
2920 3993 2994 4064 τῇ
3020 3995 3227 4064 ἡμέρᾳ,
3265 3995 3427 4066 λέγει
3460 3997 3695 4065 Κύριοςν

2108 4085 2515 4154 ἐπακούσομαι
2537 4084 2617 4151 τῷ
2643 4085 2897 4155 οὐρανῷ,
2933 4088 3032 4142 καὶ
3077 4087 3260 4154 αὐτὸς
3293 4089 3696 4144 ἐπακούσεται

2110 4176 2184 4248 τῇ
2221 4177 2319 4248 γῇ,
2349 4177 2445 4231 καὶ
2490 4180 2526 4246 ἡ
2556 4178 2631 4246 γῆ
2665 4179 3067 4234 ἐπακούσεται
3095 4181 3201 4234 τὸν
3245 4182 3437 4245 σῖτον,
3466 4183 3562 4235 καὶ
3593 4183 3698 4236 τὸν

2110 4265 2277 4322 οἶνον
2307 4268 2405 4321 καὶ
2439 4269 2505 4322 τὸ
2544 4269 2772 4336 ἔλαιον,
2802 4271 2896 4324 καί
2928 4272 3082 4326 αὐτὰ
3123 4272 3567 4328 ἐπακούσονται
3589 4273 3696 4328 τοῦ

2126 4359 2400 4428 Ἰεζραέλ.

2181 4451 2262 4505 Λ’.
2313 4451 2560 4523 Ἧμέραν
2596 4451 2660 4523 δὴ
2690 4453 2852 4506 πάλιν
2902 4455 2960 4506 ὲν
3008 4455 3218 4518 τούτοις
3250 4457 3341 4509 τὸν
3388 4459 3453 4527 τῇ
3506 4457 3695 4530 κλήσει

427 4549 726 4608 nuncupat.
777 4540 874 4595 Hic
915 4541 1113 4610 quippe
1169 4540 1468 4610 Scriptura:
1521 4554 1692 4594 sacra:
1742 4555 1858 4595 mos
1898 4549 2001 4596 est.

2112 4544 2390 4616 πρέποντα
2440 4545 2804 4615 κατονομάζει
2853 4546 3074 4617 καιρόν·
3112 4547 3274 4602 τοῦτο
3322 4550 3430 4620 γὰρ
3479 4549 3598 4614 ἔθος
3627 4553 3693 4621 τῇ

429 4633 488 4687 In
529 4632 769 4686 omnium
819 4631 986 4703 igitur
1030 4632 1318 4696 bonorum,
1356 4646 1846 4701 supernorumque,
1893 4641 2001 4686 eta

433 4723 546 4778 Deo
579 4724 1040 4792 suppeditatorum
1077 4723 1341 4779 donorum
1405 4723 1677 4780 allluentia
1752 4722 2003 4779 lsraelem

428 4820 536 4875 ﬁde
577 4821 629 4873 in
661 4819 933 4874 Christum
977 4818 1265 4887 aliquando
1301 4819 1626 4873 illustratum
1666 4818 1750 4878 iri,
1777 4817 1877 4871 sub
1909 4832 2004 4871 ve-

429 4913 632 4967 lamine
679 4912 914 4982 quodam
962 4912 1222 4968 ostendit.
1256 4910 1565 4966 Pluviarum
1615 4911 1879 4980 siquidem
1913 4924 2006 4964 coo

430 5007 575 5077 piam
626 5003 742 5059 fore
783 5013 1029 5059 autumat
1069 5005 1184 5074 ipso
1229 5012 1538 5070 annuente;
1579 5003 1680 5057 hoc
1727 5003 1869 5058 enim
1893 5002 2006 5071 opi-

432 5115 554 5164 nor,
605 5108 708 5163 eSI,
747 5097 886 5165 quod
931 5097 1148 5159 asserit,
1187 5114 1204 5147 t
1234 5096 1518 5150 exaudiam
1543 5095 1760 5150 caelum.
1791 5114 1809 5146 ι
1866 5093 2006 5159 Quin

432 5201 488 5245 et
544 5191 596 5244 in
664 5201 806 5244 terra
883 5189 1134 5243 deorsum
1203 5188 1520 5242 utilissimos
1575 5197 1631 5242 et
1669 5186 2009 5242 necessarios

433 5279 645 5335 fructus
713 5281 872 5334 nobis
932 5280 1113 5332 datum
1161 5278 1249 5333 iri.
1302 5277 1436 5332 Nam
1480 5281 1596 5333 sine
1661 5280 1767 5334 Deo
1798 5277 1903 5348 55
1955 5289 2010 5333 et

437 5387 673 5440 superno
709 5373 1006 5436 arbitratu,
1065 5385 1164 5426 nec
1203 5369 1400 5425 caelum
1463 5369 1752 5439 aliquando
1804 5371 2007 5423 imbres

437 5465 492 5517 in
541 5473 741 5518 terram
793 5463 1062 5529 demittet,
1113 5477 1212 5517 nec
1255 5471 1398 5516 terra
1446 5462 1736 5530 aliquando
1804 5461 2010 5515 fructus

439 5569 572 5609 suos
609 5555 891 5622 producet.
920 5554 975 5609 Id
1018 5554 1162 5625 quod
1204 5555 1381 5610 sciens
1414 5555 1673 5625 pr0pbeta
1707 5553 2007 5616 Jeremias,

436 5645 630 5700 orabat
664 5663 722 5700 ιι
767 5643 1018 5714 Nunquid
1065 5655 1146 5701 est
1189 5646 1240 5700 in
1283 5645 1442 5702 idolis
1467 5649 1706 5717 gentium
1767 5644 2010 5714 pluens?

439 5747 496 5794 et
538 5737 581 5794 si
627 5737 827 5794 cmlum
865 5738 1018 5794 dabit
1055 5739 1356 5794 satietatem
1399 5753 1574 5802 suam,
1604 5752 1787 5792 nonne
1837 5747 1890 5792 tu
1950 5751 2010 5792 es

516 5919 564 5950 "
595 5917 736 5974 Psal.
769 5934 887 5977 Lm.
921 5919 974 5974 5.
1051 5919 1094 5952 ⁸⁸
1114 5914 1266 5975 Joan.
1303 5921 1532 5987 xu;t,5',
1563 5919 1651 5975 52.

1727 5923 1769 5952 "
1809 5918 1961 5973 Joan.
1997 5935 2077 5986 ιιι,
2115 5919 2199 5974 17.
2278 5919 2321 5950 ⁸⁸
2356 5918 2458 5972 Tit.
2493 5935 2574 5984 ιιι,
2611 5919 2661 5973 5.

2108 4635 2450 4707 θεοπνεύστῳ
2511 4637 2727 4709 Γραφῇ.
2777 4638 2902 4691 Ὅτι
2973 4639 3152 4692 τοίνυν
3200 4641 3259 4694 ὲν
3323 4641 3571 4712 μεθέξει,
3601 4644 3697 4697 καὶ

2107 4728 2340 4800 ἀφθονίᾳ
2371 4727 2575 4792 παντὸς
2622 4728 2850 4798 ἀγαθοῦ,
2879 4730 2977 4783 καὶ
3007 4731 3114 4784 τῶν
3161 4731 3389 4796 ἄνωθεν,
3424 4735 3518 4786 καὶ
3545 4734 3695 4804 παρά

2108 4819 2243 4872 Θεοῦ
2276 4821 2631 4891 χαρισμάτων
2682 4821 2778 4874 καὶ
2819 4822 2984 4885 αὐτὸς
3037 4822 3186 4875 ἔσται
3231 4823 3371 4876 κατά
3416 4825 3641 4895 καιροὺς
3667 4828 3694 4879 6

2121 4907 2354 4980 Ἰσραὴλ,
2384 4912 2450 4980 τῇ
2481 4911 2559 4972 εἰς
2591 4910 2825 4983 Χριστὸν
2859 4911 3038 4965 πίστει
3064 4913 3552 4984 λελαμπρυσμένος
3572 4956 3586 4977 ,
3611 4917 3696 4969 ai-

2109 4998 2468 5069 νιγματωδῶς
2504 5000 2811 5069 ὑποφαίνει.
2831 5002 3034 5056 Ὑετῶν
3055 5003 3163 5074 γὰρ
3189 5004 3448 5074 ἀφθονίαν
3480 5005 3694 5059 ἔσεσθαί

2107 5105 2291 5158 φησιν,
2316 5087 2479 5142 αὑτοῦ
2502 5091 2910 5155 κατανεύοντος.
2930 5091 3101 5145 Τοῦτο
3129 5093 3280 5164 γὰρ,,
3305 5087 3460 5163 οἶμαι
3483 5093 3599 5146 ἐστὶ
3614 5093 3692 5160 τὸ,

2111 5199 2130 5231 ι
2155 5181 2648 5254 Ἐπακούσομαιτῷ
2665 5183 2901 5255 οὐρανῷ.
2936 5203 2955 5235 ι
2983 5183 3093 5237 Καὶ
3113 5185 3219 5255 μὴν
3243 5186 3334 5238 καὶ
3350 5186 3410 5237 ὲν
3433 5187 3500 5256 τῇ
3523 5188 3693 5250 κάτω,

2104 5273 2231 5337 τοὺς
2279 5273 2361 5326 ὅτι
2423 5273 2656 5344 μάλιστα
2705 5274 3166 5346 χρειωδεστάτους
3216 5275 3310 5327 καὶ
3362 5274 3694 5342 ἀναγκαίους

2113 5369 2246 5438 ἡμῖν
2304 5366 2692 5437 ἐκδοθήσεσθαι
2753 5366 3033 5436 καρπούς.
3084 5367 3221 5421 Θεοῦ
3273 5367 3382 5436 γὰρ
3433 5366 3555 5436 δίχα
3599 5359 3695 5419 καὶ

2115 5459 2308 5530 βουλῆς
2340 5460 2438 5530 τῆς
2467 5459 2691 5522 ἀνωθεν,
2723 5459 2832 5513 οὔτ’
2873 5459 2940 5514 ἂν
2969 5461 3133 5524 αὐτός
3166 5477 3295 5513 ποτε
3330 5460 3445 5522 τοῖς
3478 5457 3570 5510 ἐπὶ
3594 5458 3697 5528 γῆς

2111 5552 2262 5610 οὖσιν
2277 5559 2306 5610 6
2333 5555 2578 5626 οὐρανὸς.
2613 5553 2724 5611 οὔτ’
2739 5553 2804 5608 ἂν
2886 5553 2960 5623 γῆ
2981 5555 3072 5608 τὸν
3096 5556 3294 5608 οἰκεῖον
3315 5551 3454 5615 κατὰ
3474 5551 3697 5620 καιροὺς

2113 5647 2344 5718 ἁναφύοι
2377 5647 2605 5717 καρπόν.
2642 5647 2752 5701 Καὶ
2781 5646 2940 5700 τοῦτο
2972 5645 3128 5710 εἰδὼς
3151 5648 3180 5700 6
3221 5644 3504 5718 προφήτης
3537 5642 3696 5712 Ἱερε-

2117 5741 2266 5813 μίας,
2312 5740 2582 5810 ἐλιπάρει,
2606 5737 2782 5808 λέγων
2807 5755 2821 5769 ο
2851 5757 2869 5791 ι
2902 5739 2994 5810 Μὴ
3025 5737 3170 5792 ἔστιν
3214 5739 3273 5790 ὲν
3305 5734 3547 5798 εἰδώλοις
3585 5732 3696 5786 τῶν

2741 5920 2784 5951 ⁶³
2833 5919 2935 5974 lsa.
2969 5933 3058 5979 vn.
3080 5917 3132 5972 9.
3210 5917 3256 5949 “
3281 5916 3437 5972 Joan.
3470 5928 3604 5982 xm,
3635 5912 3692 5970 5.
