4046 6376
364 310 429 363 97
1280 302 1834 362 COMMENTARIUS
1875 300 1937 354 IN
1979 299 2214 356 OSEAM
2253 298 2701 355 PROPHETAM.
3556 302 3625 357 93

364 425 532 480 ἐθνῶν
563 425 820 489 ὐετίζων;
850 424 945 477 καὶ
978 424 1026 477 εί
1054 422 1283 494 οὐρανὸς
1309 424 1467 477 δώσει
1498 420 1814 492 πλησμονὴν
1851 421 1943 473 αὐ-

2048 420 2161 488 ipse
2206 419 2465 473 Dominus
2514 418 2652 472 Deus
2706 427 2891 470 noster
2920 414 2943 468 ?
2971 424 3025 469 et
3065 415 3497 485 exspectabimus
3550 429 3623 484 te,

361 516 477 581 τοῦ,
516 516 638 585 οὐχὶ
692 516 755 568 σύ
786 510 839 568 εί
874 515 1036 581 Θεός;
1069 516 1164 568 καὶ
1220 511 1599 583 ὐπομενοῦμέν
1646 528 1725 575 σε,
1761 512 1843 564 ὅτι
1878 512 1941 563 σὺ

364 609 622 679 ἐποίησας
674 606 847 660 ταῦτα
905 606 1102 660 πάντα.
1158 623 1177 657 ι
1226 604 1634 664 Κατανεύοντος
1684 601 1792 671 γὰρ
1818 644 1831 663 ,
1868 601 1943 664 ὡς

363 699 520 767 ἔφην,
553 698 646 751 τοῦ
668 698 1022 769 δημιουργοῦ,
1052 699 1146 751 καὶ
1174 696 1471 759 ἁπλοῦντος
1502 697 1602 766 τὴν
1649 698 1809 767 χεῖρα
1832 699 1943 759 τοῖς

360 788 455 839 ἐπὶ
484 788 581 857 τῆς
618 788 737 858 γῆς,
763 788 921 841 ὐετοῦ
954 788 1052 859 μὲν
1085 787 1236 842 ἔσται
1265 787 1428 857 δοτὴρ
1463 789 1492 840 ό
1523 785 1767 856 οὐρανὸς,
1810 803 1946 855 καρ-

360 880 483 932 πῶν
530 879 584 931 δὲ
613 879 924 947 ἀναγκαίων
982 881 1165 952 μήτηρ
1215 878 1348 948 ἐμοῦ
1407 877 1501 931 καὶ
1545 878 1803 949 τροφὸςή
1847 877 1941 946 γῆ.

370 989 390 1022 ι
435 970 837 1040 Ἐπακούσομαι
879 989 899 1023 ι
929 970 1111 1024 τοίνυν
1138 1007 1154 1033 ,
1180 971 1335 1039 φησι,
1381 970 1486 1039 (τῷ
1520 968 1785 1041 οὐρανῷ,ι
1824 967 1945 1021 ἀντὶ

364 1062 479 1124 τοῦ,
513 1062 827 1116 κατανεύσω
862 1062 1178 1116 καταθεῖναι
1214 1066 1325 1127 τοῖς
1355 1062 1452 1115 ἐπὶ
1474 1061 1575 1132 τῆς
1608 1061 1712 1131 γῆς
1735 1060 1940 1123 ὑετούς.

366 1149 439 1208 Οὐ
463 1153 525 1225 δὴ
556 1155 864 1222 γεγονότος,
901 1154 1264 1208 ἐπακούσεται
1315 1156 1411 1208 καὶ
1462 1154 1622 1224 αὐτὴ,
1652 1154 1743 1207 τὸν
1776 1155 1941 1217 σῖτον,

362 1245 453 1297 τὸν
492 1240 633 1298 οἶνον
655 1287 669 1309 ,
700 1246 795 1299 καὶ
823 1246 883 1298 τὸ
923 1246 1101 1299 ἔλαιον
1124 1287 1139 1311 ,
1167 1246 1468 1311 τουτέστιν,
1504 1243 1796 1315 ἀμφιλαφῆ
1831 1246 1945 1306 τοῖς

362 1334 601 1388 οἰκοῦσιν
629 1336 799 1405 αὐτὴν
822 1335 1048 1389 ἐκδώσει
1068 1337 1296 1406 καρπὸν,
1327 1336 1538 1401 οὐδενὸς
1565 1336 1945 1400 ἐκλελοιπότος

358 1428 468 1481 τῶν
499 1430 600 1481 ὅσα
628 1429 773 1481 ἐστὶν
805 1430 1077 1498 ἀναγκαῖα
1112 1430 1207 1483 καὶ
1253 1428 1499 1500 ζωαρκῆ.
1552 1430 1712 1483 Ἀλλὰ
1762 1428 1927 1483 ταυτὶ

363 1520 463 1590 μὲν
491 1519 796 1591 ἱστορικῶς.
1508 1516 1517 1521 ’

447 1613 577 1665 Ἀπὸ
597 1613 653 1665 δέ
678 1628 740 1678 γε
770 1612 876 1664 τῶν
903 1613 1249 1683 σωματικῶν,
1284 1614 1360 1677 ὡς
1402 1613 1461 1678 ὲξ
1491 1612 1697 1676 εἰκόνος
1725 1614 1943 1684 ἐναργε-

362 1703 563 1772 στάτης
624 1704 922 1773 ἁναφοιτᾷν
966 1706 1261 1772 ἀναγκαῖον
1313 1704 1405 1756 ἐπὶ
1458 1703 1526 1757 τὰ
1578 1704 1940 1774 πνευματικά.

2045 511 2171 579 quia
2204 517 2258 563 tu
2288 508 2463 564 fecisti
2488 510 2601 563 haec
2625 507 2806 562 omnia
2827 506 2971 561 ⁶⁸·“.
2995 525 3013 559 ι
3032 510 3317 562 Aunuente
3340 510 3483 562 enim
3507 510 3626 577 opi-

2046 600 2167 665 fice,
2197 608 2256 655 ut
2294 600 2423 663 dixi,
2454 609 2509 655 et
2556 615 2772 653 manum
2814 613 2976 667 super
3027 609 3226 653 terram
3268 600 3624 664 extendente,

2046 692 2246 745 caelum
2281 690 2538 759 pluviam,
2587 700 2639 745 et
2692 688 2901 744 fructus
2950 689 3146 757 quibus
3210 704 3429 758 egemus
3482 700 3627 744 terra

2045 781 2210 835 simul
2246 792 2438 845 mater,
2474 790 2527 835 et
2559 782 2741 835 nutrix
2762 780 3143 849 suppeditabit.
3169 780 3260 834 Ait
3286 797 3443 851 ergo:
3477 800 3494 832 ι
3524 781 3628 835 Ex-

2050 873 2269 927 audiam
2307 873 2530 935 coelum,
2583 891 2602 925 ι
2634 888 2751 943 pro,
2798 889 3032 927 annuam
3067 884 3125 927 ut
3169 873 3349 943 pluvia
3403 875 3623 928 humum

2051 965 2258 1034 irriget.
2290 963 2407 1030 Quo
2438 962 2579 1018 facto
2599 975 2655 1018 et
2682 965 2792 1032 ipsa
2826 983 2843 1015 ι
2871 965 3123 1018 exaudiet
3161 966 3419 1030 triticum,
3443 968 3622 1019 vinum

2049 1064 2106 1110 et
2147 1056 2345 1123 oleum,
2387 1075 2405 1108 ι
2451 1057 2551 1111 hoc
2580 1065 2664 1111 est
2707 1056 3005 1111 ubertatem
3049 1056 3317 1112 fructuum
3361 1058 3626 1127 indigenis

2045 1144 2160 1199 suis
2199 1145 2529 1215 procreabit,
2561 1146 2706 1200 nullo
2742 1162 2929 1202 eorum
2966 1130 3269 1211 deficiente,
3295 1163 3412 1217 quae
3451 1151 3518 1203 ad
3547 1150 3627 1207 vi-

2049 1247 2155 1291 tam
2188 1241 2440 1292 tuendam
2489 1241 2784 1293 necessitas
2832 1240 3088 1309 postulat.
3140 1240 3208 1295 Et
3237 1242 3350 1297 hate
3407 1242 3623 1312 quidem

2044 1330 2111 1385 ad
2153 1344 2376 1387 sensum
2424 1331 2764 1389 historicum.

2114 1606 2157 1660 A
2197 1606 2476 1677 corporeis
2523 1617 2725 1674 autem,
2755 1616 2813 1661 ut
2842 1608 2907 1661 ab
2947 1608 3179 1679 imagine
3222 1610 3623 1666 evidentissima

2046 1699 2110 1753 ad
2146 1700 2449 1769 spiritualia
2488 1703 2813 1756 redeundum
2856 1711 2955 1757 est.
2983 1703 3227 1769 Quandiu
3266 1704 3406 1756 enim
3442 1704 3623 1772 Israel,

360 1791 509 1855 Ἕως
542 1793 639 1862 μὲν
675 1792 786 1864 γὰρ
819 1794 1030 1864 ἑξήνιος
1049 1789 1138 1865 ἦν,
1163 1795 1256 1847 καὶ
1280 1794 1530 1865 ἀπειθὴς,
1564 1795 1658 1847 καὶ
1680 1794 1945 1865 θεομάχος

2048 1792 2205 1845 vinea
2242 1791 2451 1846 Domini
2482 1811 2501 1843 ι
2530 1794 2734 1848 novella
2772 1794 3036 1864 plantatio
3078 1803 3131 1849 et
3177 1795 3373 1849 dilecta
3396 1796 3461 1856 “,
3484 1816 3503 1849 ι
3539 1814 3624 1850 re-

360 1880 392 1932 ὀ
434 1881 671 1952 Ἰσραὴλ,
698 1885 727 1935 ὁ
749 1881 1008 1952 ἁμπελὼν
1032 1882 1257 1951 Κυρίου,
1293 1903 1311 1933 ι
1350 1884 1422 1935 Τὸ
1451 1882 1704 1949 νεόφυτον
1729 1884 1790 1935 τὸ
1807 1885 1946 1952 ἠγα-

361 1971 609 2041 πημένον
635 2012 651 2036 ,
686 1990 706 2023 ι
756 1971 1060 2025 ἐνετέλλετο
1091 1974 1209 2035 ταῖς
1256 1973 1506 2041 νεφέλαις
1536 1973 1564 2024 ὁ
1584 1971 1715 2035 Θεὸς
1745 1971 1839 2023 τοῦ
1870 1973 1945 2043 μὴ

362 2063 551 2134 βρέξαι
579 2066 659 2126 εἱς
681 2063 840 2116 αὐτὸν
858 2064 1031 2118 ὑετόν.
1054 2064 1300 2133 Νεφέλας
1320 2063 1376 2115 δὲ
1399 2064 1615 2132 νοητέον
1639 2064 1738 2127 τὰς
1785 2064 1947 2131 ἁγίας

359 2156 459 2210 καὶ
504 2156 703 2227 νοητὰς
746 2158 1003 2227 δυνάμεις
1053 2158 1151 2222 τὰς
1189 2158 1395 2211 ἄνωθεν
1443 2158 1535 2211 καὶ
1573 2158 1631 2224 ἐξ
1677 2158 1943 2231 οὐρανῶν,

357 2246 429 2301 δι’
458 2241 531 2301 ὧν
566 2249 631 2301 ἂν
652 2250 864 2317 γένοιτο
893 2249 1031 2320 πρὸς
1057 2251 1206 2321 ἡμᾶς
1236 2252 1264 2303 ὁ
1300 2250 1403 2321 τῆς
1429 2251 1829 2322 παρακλήσεως
1859 2251 1948 2304 λό-

360 2355 481 2407 γος,
510 2339 665 2409 δῆλον
687 2340 743 2392 δὲ
772 2341 854 2393 ὅτι
877 2340 1029 2411 παρὰ
1050 2339 1208 2394 θεοῦ.
1245 2342 1539 2411 Πνεύματα
1565 2343 1673 2413 γάρ
1704 2344 1809 2395 εἱσι
1838 2341 1946 2395 λει-

362 2430 647 2499 τουργικὰ,
673 2430 815 2482 κατὰ
835 2430 932 2500 τὴν
956 2428 1050 2481 τοῦ
1078 2429 1348 2502 μακαρίου
1366 2430 1579 2483 Παύλου
1608 2431 1812 2501 φωνὴν,
1835 2431 1947 2486 ἄνω

358 2537 421 2573 τε
457 2525 547 2574 καὶ
574 2521 722 2574 κάτω
750 2520 1055 2584 διαθέοντα,
1092 2522 1188 2574 καὶ
1207 2523 1646 2593 ἀποστελλόμενα
1671 2523 1807 2594 πρὸς
1831 2524 1948 2576 δια-

360 2613 569 2678 κονίαν,
615 2613 703 2666 διὰ
756 2615 882 2675 τοὺς
934 2614 1222 2684 μέλλοντας
1254 2613 1610 2685 κληρονομεῖν
1644 2614 1941 2684 σωτηρίαν.

376 2704 593 2775 Ἐπειδὴ
626 2705 682 2757 δὲ
713 2703 1042 2775 παρῴχηκεν
1069 2709 1096 2759 ὁ
1116 2705 1217 2775 τῆς
1241 2706 1395 2775 δίκης
1422 2706 1632 2775 καιρὸς,
1672 2705 1945 2758 σέσωσται

359 2796 453 2849 διὰ
506 2797 743 2859 πίστεως
793 2799 821 2849 ὁ
877 2796 1049 2849 πάλαι
1095 2798 1441 2868 κυριοκτόνος
1491 2798 1585 2851 καὶ
1640 2797 1944 2869 παρεδέχθη

361 2889 549 2942 λοιπὸν
578 2890 637 2942 ἐν
669 2888 1005 2961 δικαιοσύνῃ,
1051 2889 1146 2941 καὶ
1181 2891 1238 2942 ὲν
1283 2890 1545 2960 κρίματι,
1578 2890 1671 2943 καὶ
1707 2892 1767 2942 ὲν
1813 2888 1947 2961 ἐλέῳ

362 2979 462 3033 καὶ
491 2982 795 3051 οἱκτιρμοῖς
819 3019 833 3043 ,
866 2982 959 3034 καὶ
987 2981 1226 3051 καθῆκεν
1256 2982 1404 3053 αὐτῷ
1428 2983 1528 3047 τὰς
1557 2982 1764 3036 ἄνωθεν
1792 2982 1945 3035 εὐλο-

360 3073 510 3142 γίας,
547 3093 563 3125 ι
611 3074 667 3126 '0
705 3074 885 3127 πάντα
920 3074 1053 3126 πᾶσι
1108 3073 1377 3138 πλουσίως
1416 3074 1684 3144 διανέμων
1734 3074 1885 3136 Θεός.
1918 3092 1937 3125 ι

378 3164 711 3218 Ἐνετείλατο
758 3166 867 3235 γὰρ
896 3169 1014 3229 ταῖς
1067 3165 1318 3234 νεφέλαις
1348 3166 1593 3219 καθεῖναι
1626 3167 1716 3220 τὸν
1750 3167 1903 3219 ὐετὸν
1928 3208 1943 3230 ,

361 3256 465 3327 τὴν
504 3259 584 3319 είς
619 3255 744 3309 νοῦν
788 3258 883 3309 καὶ
916 3257 1142 3328 καρδίαν
1190 3257 1535 3329 παράκλησίν
1587 3275 1748 3328 φημι.
1798 3258 1944 3327 Πλὴν

360 3347 449 3399 ὅτι
484 3346 579 3399 καὶ
615 3345 752 3417 αὐτὴ
784 3345 892 3398 τῶν
920 3346 1164 3414 ἀγγέλων
1204 3347 1236 3416 ή
1278 3344 1437 3412 φύσις
1482 3344 1633 3397 οὐδὲν
1687 3344 1787 3414 μὲν
1818 3344 1945 3395 ίδιον

364 3435 501 3505 εχει,
538 3434 752 3487 πλουτεῖ
780 3433 837 3486 δὲ
873 3435 1051 3488 πάντα
1081 3433 1233 3503 παρὰ
1260 3432 1416 3497 Θεοῦ,
1446 3433 1715 3503 δεδίδαχεν
1737 3431 1906 3500 εἰπών
1929 3449 1943 3463 ·

374 3546 393 3578 ι
431 3525 836 3591 Ἐπακούσομαι
868 3524 945 3595 τῷ
974 3524 1187 3597 οὐρανῷ
1213 3565 1229 3589 ,
1286 3542 1305 3576 ι
1344 3525 1611 3588 τουτέστι,
1652 3523 1946 3594 πληρωτὴν

366 3617 476 3671 τῶν
504 3617 631 3687 παρ’
654 3615 788 3686 ἐμοῦ
820 3616 1031 3685 ποιήσω
1059 3615 1151 3668 τὸν
1178 3616 1404 3687 οὐρανὸν
1429 3656 1442 3679 ,
1488 3616 1606 3687 ἦτοι
1636 3616 1761 3679 τούς
1787 3615 1946 3679 ὄντας

368 3711 428 3762 ἐν
465 3708 712 3779 οὐρανῷ,
753 3706 978 3775 λογικὰς
1027 3707 1269 3777 δηλονότι
1318 3707 1411 3761 καὶ
1446 3707 1605 3776 ἁγίας
1654 3706 1943 3776 δυνάμεις,

369 3800 512 3853 ὥστε
541 3800 800 3855 δύνασθαι
844 3800 938 3854 καὶ
980 3800 1150 3864 αὐτὰς
1183 3799 1519 3869 παρακαλεῖν
1545 3799 1671 3863 τοὺς
1708 3799 1947 3869 ἠλεημέ-

369 3910 519 3958 νους,
547 3893 636 3946 καὶ
664 3893 781 3945 τότε
829 3891 893 3963 δὴ
921 3891 1139 3956 πάντως
1171 3911 1190 3943 ι
1242 3891 1638 3944 Ἐπακούσεται
1665 3892 1697 3961 ή
1744 3890 1818 3960 γῆ
1856 3891 1947 3943 τὸν

370 3988 538 4051 σῖτον,
575 3984 668 4037 καὶ
688 3984 780 4037 τὸν
814 3981 974 4047 οἶνον,
1007 3984 1103 4037 καὶ
1123 3983 1185 4036 τὸ
1213 3982 1411 4036 ἔλαιον.
1442 4002 1460 4033 ι
1495 3982 1641 4035 Ἀντὶ
1664 3981 1781 4045 τοῦ,
1809 3998 1947 4050 καρ-

368 4078 771 4148 ποφορήσουσιν
798 4077 845 4128 οί
877 4076 968 4127 ἐπὶ
988 4075 1089 4144 τῆς
1105 4075 1206 4144 γῆς
1234 4074 1425 4127 ἐλπίδα
1451 4072 1549 4143 τὴν
1578 4072 1669 4125 ἐπὶ
1694 4073 1828 4144 ζωῇ,
1854 4074 1947 4125 κα)⁸

366 4168 712 4239 εὐφροσύνῃ,
756 4167 850 4219 καὶ
902 4167 1198 4237 ἱλαρότητι.
1242 4166 1351 4218 Καὶ
1390 4166 1535 4237 ζωῆς
1580 4165 1682 4235 μὲν
1715 4164 1885 4227 τύπος
1918 4163 1947 4215 ὁ

372 4262 517 4324 σῖτος
539 4300 554 4323 ,
599 4256 738 4323 οἶνός
763 4276 826 4327 γε
858 4258 962 4330 μὴν
1004 4258 1362 4330 εὐφροσύνης,
1406 4256 1724 4328 ἱλαρότητος
1758 4256 1814 4309 δὲ
1854 4257 1948 4309 καὶ

369 4355 583 4422 εὐεξίας
607 4355 669 4409 τὸ
696 4354 891 4412 ἔλαιον.
922 4356 1134 4409 Ἕνεστι
1164 4356 1271 4426 γὰρ
1297 4356 1361 4426 δὴ
1382 4357 1496 4418 τοῖς
1524 4355 1947 4409 πεπιστευκόσιν

370 4446 524 4510 ἐλπὶς
554 4447 756 4517 ἀγαθὴ,
789 4447 977 4517 βεϐαία
1002 4464 1062 4500 τε
1092 4448 1187 4501 καὶ
1237 4446 1627 4519 ἐρηρεισμένη.
1665 4446 1776 4500 Καὶ
1811 4447 1938 4500 ἁπο-
1975 4470 2023 4529 D

371 4540 534 4609 φοιτᾷ
577 4540 675 4609 μέν
708 4556 791 4601 τις
836 4540 936 4609 τῆς
975 4540 1344 4611 φαυλότητος,
1401 4539 1612 4607 ἐφίεται
1651 4537 1708 4590 δὲ
1744 4538 1947 4601 παντὸς

370 4630 597 4699 ἀγαθοῦ,
632 4632 726 4684 καὶ
762 4633 873 4694 τοῖς
917 4631 1011 4685 τοῦ
1058 4633 1309 4702 Σωτῆρος
1347 4630 1530 4699 ζυγοῖς
1563 4629 1826 4700 ὑποφέρει
1855 4629 1946 4684 τὸν

369 4723 592 4792 αὐχένα,
622 4723 781 4793 καλῇ,
810 4723 905 4776 καὶ
936 4723 1313 4794 ἁναμφιϐόλῳ,
1357 4723 1451 4775 καὶ
1480 4721 1671 4793 ἀληθεῖ
1708 4720 1772 4792 δὴ
1812 4720 1947 4774 πάν-

372 4832 479 4876 τως
506 4814 681 4866 ὲλπίδι
712 4815 1044 4885 τρεφόμενος
1101 4816 1199 4886 τῆς
1228 4816 1308 4878 είς
1336 4815 1397 4868 τὸ
1423 4814 1613 4885 μέλλον
1650 4813 1817 4885 ζωῆς,
1851 4811 1946 4866 καὶ

374 4904 461 4957 ἵνα
486 4908 599 4969 τοῖς
618 4905 796 4968 ἄλλοις
823 4906 997 4973 ἁγίοις
1034 4904 1238 4977 ἀναμὶξ
1273 4905 1659 4976 εὐφραίνηται,
1707 4905 1803 4957 καὶ
1833 4903 1945 4957 ἱλα-

2047 1883 2203 1938 bellis
2232 1893 2287 1938 et
2332 1884 2661 1951 incredulus,
2699 1897 2751 1940 et
2785 1887 2877 1941 Dei
2916 1888 3258 1941 adversarius
3289 1887 3407 1951 fuit,
3430 1907 3447 1939 ι
3474 1904 3625 1941 man-

2048 1976 2212 2029 dabat
2253 1975 2490 2031 nubibus
2528 1976 2701 2042 Deus,
2744 1993 2813 2032 ne
2861 1978 3106 2047 pluerent
3145 1994 3307 2046 super
3350 1995 3469 2033 eam
3498 1980 3563 2033 ⁸⁷.
3598 2000 3619 2033 ι

2046 2066 2227 2122 Nubes
2262 2078 2438 2122 autem
2497 2079 2714 2134 sanctae,
2744 2080 2797 2124 et
2852 2086 2986 2139 quas
3022 2072 3216 2127 mentis
3258 2073 3433 2127 oculis
3470 2074 3620 2128 vide-

2048 2174 2186 2221 mus,
2211 2160 2439 2216 virtutes
2477 2160 2841 2231 intelligendte
2882 2172 3029 2227 sunt,
3071 2178 3320 2232 superna:
3350 2176 3403 2218 et
3462 2167 3625 2220 cmic-

2046 2260 2157 2305 stes
2192 2252 2443 2306 videlicet
2480 2268 2578 2322 per
2617 2269 2751 2322 quas
2794 2268 2975 2309 sermo
3001 2257 3396 2311 exhortationis
3435 2260 3501 2310 ad
3525 2272 3625 2313 nos

2047 2360 2366 2413 permanare
2399 2347 2590 2414 possit,
2615 2361 2640 2397 a
2666 2345 2795 2410 Deo,
2827 2346 3062 2414 inquam,
3092 2348 3211 2401 sine
3235 2352 3620 2403 controversia.

2048 2438 2188 2491 Sunt
2204 2439 2345 2491 enim
2364 2440 2585 2507 Spiritus
2605 2441 3234 2506 administratorii,juxta
3256 2444 3469 2494 beatum
3489 2441 3627 2495 Pau-

2048 2530 2181 2595 lttm,
2204 2546 2414 2585 sursum
2433 2541 2487 2584 et
2506 2532 2755 2586 deorsum
2777 2532 3169 2597 discurrentes,
3190 2543 3273 2587 rel.
3290 2534 3435 2587 missi
3457 2535 3505 2587 in
3527 2533 3627 2587 tui-

2047 2623 2326 2677 nisterium
2371 2634 2588 2694 propter
2629 2640 2722 2678 eos
2749 2626 2837 2693 qui
2869 2627 3235 2679 hazreditatem
3284 2628 3500 2694 capiunt
3536 2641 3623 2681 sa-

2047 2712 2177 2767 lutis
2214 2712 2283 2767 ".
2316 2731 2335 2764 ι
2376 2712 2477 2766 Ast
2509 2714 2597 2767 ubi
2654 2725 2861 2782 tempus
2888 2714 3109 2767 ultionis
3138 2717 3417 2783 praeteriit,
3452 2716 3628 2770 salva-

2049 2812 2137 2857 tus
2172 2812 2256 2856 est
2295 2816 2392 2869 per
2420 2802 2599 2855 fidem
2640 2812 2792 2855 vetus
2845 2804 3050 2855 Domini
3084 2803 3416 2870 interfector,
3453 2821 3517 2859 ac
3561 2808 3627 2859 de

2047 2908 2247 2952 caetero
2286 2906 2594 2965 assumptus
2624 2878 2706 2948 est
2736 2896 2786 2949 in
2834 2894 3075 2962 justitia,
3120 2906 3174 2950 et
3212 2896 3435 2963 judicio,
3467 2906 3521 2952 et
3570 2898 3624 2951 in

2048 2988 2446 3053 misericordia,
2478 2988 2789 3057 dimisitque
2828 2988 2875 3041 ei
2939 2989 3342 3043 benedictiones
3396 2989 3462 3043 ab
3516 2990 3627 3044 alto

2050 3079 2213 3143 Deus,
2234 3096 2253 3129 ι
2290 3078 2379 3145 qui
2424 3077 2697 3130 distribuit
2742 3078 2989 3131 omnibus
3031 3076 3313 3134 aﬂluenter
3338 3080 3404 3132 δ’.
3432 3100 3450 3132 ι
3477 3079 3626 3134 Man-

2049 3172 2193 3225 davit
2229 3170 2374 3223 enim
2436 3169 2667 3223 nubibus
2708 3169 2981 3224 dimittere
3032 3171 3259 3239 pluvias,
3292 3172 3625 3227 exhortatio-

2049 3275 2192 3325 nem,
2225 3260 2467 3327 inquam,
2519 3259 2572 3312 in
2626 3270 2859 3312 mentem
2906 3268 3068 3329 atque
3102 3276 3215 3315 cor.
3252 3260 3627 3317 Verumenim-

2050 3366 2177 3406 vero
2246 3365 2343 3404 nec
2405 3351 2575 3418 ipsam
2638 3350 2949 3420 angelorum
3004 3360 3251 3405 naturam
3329 3354 3620 3424 quidquan-

2051 3444 2253 3497 habere
2322 3442 2599 3510 proprium
2653 3458 2717 3495 ac
2770 3442 2956 3511 suum",
3003 3458 3192 3497 omnes
3256 3453 3432 3499 autem
3497 3460 3628 3516 opes

2048 3549 2173 3588 snas
2198 3549 2227 3586 a
2257 3533 2366 3586 Deo
2400 3543 2745 3587 consecutam
2776 3533 2989 3599 docuit,
3028 3534 3131 3588 illis
3154 3536 3332 3588 verbis
3362 3553 3376 3589 :
3416 3537 3625 3595 «Exau—

2047 3627 2188 3679 diam
2230 3625 2483 3691 caelum,»
2530 3625 2629 3678 hoc
2673 3634 2775 3688 est,
2810 3640 3092 3679 munerum
3128 3641 3368 3680 meorum
3407 3627 3617 3699 largum

2050 3717 2476 3786 dispensatorem
2532 3716 2724 3769 faciam
2770 3715 2986 3781 coelum,
3013 3716 3127 3770 sive
3171 3717 3623 3781 cmlicolas,con-

2049 3809 2170 3863 silio
2206 3808 2461 3862 nimirum
2510 3808 2762 3876 praaditas
2829 3814 2884 3860 et
2914 3818 3130 3862 sanctas
3185 3808 3431 3869 virtutes,
3462 3822 3518 3863 ut
3570 3821 3626 3864 et

2050 3901 2179 3968 ipsa:
2211 3898 2639 3953 misericordiam
2685 3909 3004 3953 consecutos
3061 3901 3335 3953 exhortari
3397 3904 3621 3970 possint.

2048 3990 2116 4044 Et
2158 4001 2284 4046 tunc
2321 3990 2478 4060 plane
2503 4008 2522 4041 ι
2562 4001 2701 4044 terra
2750 3991 3001 4045 exaudiet
3034 3990 3396 4056 frumentum,
3433 3995 3617 4048 vinum

2049 4089 2105 4135 et
2145 4080 2345 4146 oleum,
2393 4099 2413 4133 ι
2451 4096 2549 4151 pro
2581 4079 2815 4134 fructum
2851 4080 3023 4134 ferent
3073 4084 3162 4151 qui
3195 4092 3323 4137 sunt
3356 4084 3406 4136 in
3460 4094 3624 4150 terra,

2049 4186 2197 4241 spem
2245 4171 2387 4236 vitae,
2415 4171 3054 4236 laatitite,lhilaritudinis.
3100 4173 3167 4226 Et
3203 4184 3359 4243 typus
3404 4177 3623 4244 quidem

2050 4262 2172 4317 vitae
2206 4262 2531 4317 frumentum
2569 4274 2691 4328 est;
2736 4263 2917 4317 vinum
2958 4276 3134 4319 autem
3184 4264 3400 4332 laetitiae,
3446 4267 3621 4322 oleum

2050 4354 2359 4418 hilaritatis,
2397 4363 2452 4408 et
2490 4354 2643 4410 bona:
2676 4355 3025 4410 habitudinis.
3077 4355 3184 4428 56
3216 4356 3356 4411 Inest
3393 4360 3534 4412 enim
3569 4360 3623 4414 in

2049 4448 2135 4500 his
2178 4448 2268 4516 qui
2304 4447 2649 4501 crediderunt
2696 4448 2856 4514 bona,
2885 4457 2940 4501 et
2972 4460 3249 4515 constans,
3300 4460 3355 4504 et
3404 4452 3616 4507 firmata

2051 4551 2193 4605 Spes.
2227 4536 2289 4589 Et
2326 4537 2528 4589 recedit
2564 4536 2686 4605 quis
2721 4536 2789 4589 ab
2819 4537 3202 4604 improbitate;
3234 4550 3421 4593 contra
3466 4557 3627 4597 omne

2051 4629 2251 4683 bonum
2304 4627 2525 4695 appetit,
2562 4637 2617 4680 et
2652 4627 2946 4683 Salvatoris
2992 4628 3122 4699 jugo
3173 4631 3438 4685 cervicem
3489 4634 3622 4687 sub-

2053 4718 2238 4784 mittit,
2270 4718 2428 4780 bona,
2460 4728 2516 4773 et
2544 4719 2765 4773 minime
2809 4720 2990 4783 dubia,
3035 4731 3088 4776 et
3117 4737 3240 4775 vera
3284 4725 3503 4779 omnino
3531 4742 3626 4795 spe

2052 4813 2177 4867 vita:
2213 4812 2401 4866 futurae
2481 4822 2813 4868 sustentatus
2836 4854 2851 4876 ,
2882 4824 2939 4868 ut
2977 4831 3079 4870 una
3112 4832 3232 4871 cum
3278 4821 3476 4873 sanctis
3505 4820 3624 4875 aliis

2051 4903 2286 4968 lauetur,
2363 4912 2419 4957 et
2480 4919 2575 4958 cor
2642 4906 2835 4961 habeat
2876 4922 3037 4975 quam
3096 4909 3620 4967 hilarissimum.Ait

376 4995 623 5066 ρωτάτην
662 4996 761 5067 ἔχῃ
793 4996 890 5067 τὴν
937 4997 1183 5064 καρδίαν.
1221 5000 1365 5069 Ἔφη
1396 4998 1503 5068 γάρ
1530 5014 1632 5051 που
1681 4996 1811 5067 περὶ
1839 4995 1945 5049 τῶν

2048 4994 2184 5049 enim
2218 4993 2415 5047 alicubi
2453 4994 2521 5047 de
2542 4994 2745 5048 sanctis
2795 4998 3052 5065 propheta
3084 4997 3248 5053 lsaias
3281 5017 3294 5053 :
3334 5016 3353 5050 ι
3410 4999 3619 5054 Laetitia

375 5084 542 5153 ἁγίων
584 5086 613 5137 ὁ
643 5088 930 5158 προφήτης
976 5088 1225 5153 Ἡσαΐας,
1280 5089 1362 5141 ὅτι
1408 5106 1425 5138 ι
1459 5086 1779 5158 Εὐφροσύνη
1813 5085 1945 5139 αἰώ-

372 5194 482 5239 νιος
508 5177 648 5247 ὑπὲρ
692 5179 937 5250 κεφαλῆς
972 5180 1168 5233 αὐτῶν.
1218 5180 1453 5242 Αίνεσις,
1485 5178 1580 5231 καὶ
1608 5175 1942 5245 ἁγαλλίαμα,

372 5269 466 5322 καὶ
490 5270 797 5342 εὐφροσύνη
838 5271 1211 5341 καταλήψεται
1234 5270 1449 5332 αὐτούς.
1499 5268 1734 5338 Ἀπέδρα
1761 5266 1942 5337 ὀδύνη,

371 5365 466 5417 καὶ
496 5362 665 5431 λύπη,
692 5366 785 5417 καὶ
840 5364 1161 5435 στεναγμός.
1198 5383 1215 5414 ι
1251 5363 1459 5417 Οὐκοῦν
1499 5360 1671 5413 ἐλπίδι
1700 5359 1846 5429 ζωῆς
1882 5375 1943 5412 τε

370 5456 466 5508 καὶ
490 5456 821 5526 ἱλαρότητος,
840 5459 934 5510 καὶ
958 5459 1139 5527 μέντοι
1162 5458 1253 5510 καὶ
1283 5454 1641 5526 εὐφροσύνης,
1671 5456 1788 5517 ταῖς
1805 5452 1944 5506 ἄνω-

371 5547 464 5601 θεν
498 5550 926 5621 παρακλήσεσιν,
954 5551 1074 5620 ἦτοι
1107 5551 1219 5612 τοῖς
1248 5550 1458 5620 νοητοῖς
1496 5547 1671 5611 ὑετοῖς
1698 5544 1942 5600 ὐπακού-

450 5701 575 5741 “-“
603 5700 805 5759 Jerem.
837 5718 947 5771 XIV,
980 5703 1073 5758 22.
1152 5702 1197 5735 “
1236 5702 1339 5759 lsa.
1372 5717 1423 5769 v,
1464 5702 1516 5756 i.
1591 5701 1640 5733 "
1673 5700 1805 5757 ibid.
1832 5699 1885 5755 6ο

2038 5086 2358 5156 sempiterna
2380 5099 2543 5154 super
2575 5086 2747 5153 capita
2784 5102 2991 5142 eorum.
3020 5087 3184 5152 Laus,
3216 5099 3270 5143 et
3310 5091 3617 5159 exsultatio,

2051 5188 2105 5234 et
2146 5178 2397 5246 gaudium
2427 5179 2846 5248 comprehendet
2878 5195 2989 5257 eqs.
3028 5181 3184 5251 Fugit
3228 5182 3400 5247 dolor,
3437 5192 3491 5236 et
3525 5186 3621 5238 tri-

2053 5271 2221 5333 stitia,
2264 5279 2321 5323 et
2354 5270 2605 5339 gemitus.
2648 5290 2666 5322 ι
2702 5272 2885 5342 itaque
2919 5288 3014 5341 spe
3044 5276 3185 5338 vitae,
3226 5284 3280 5328 et
3309 5275 3617 5342 hilaritatis,

2053 5371 2212 5431 atque
2254 5363 2414 5415 etiam
2446 5361 2623 5416 laetitia
2666 5379 2926 5432 supernas
2958 5366 3313 5430 hortationes,
3347 5368 3458 5422 sive
3502 5369 3622 5437 pitt-

2052 5453 2188 5519 vias,
2225 5469 2343 5522 quae
2371 5454 2552 5507 animo
2572 5467 2887 5519 cernuntur,
2907 5458 3135 5511 omnino’
3171 5459 3419 5514 exaudiet
3451 5469 3617 5523 terra,

2052 5545 2105 5600 id
2131 5556 2236 5610 est,
2285 5546 2531 5601 homines
2564 5556 2762 5600 terram
2799 5547 3119 5604 habitantes.
3159 5549 3297 5605 Fore
3332 5560 3510 5607 autem
3565 5551 3619 5607 in

1998 5701 2045 5733 “
2089 5700 2252 5757 Hebr.
2278 5717 2319 5769 ι,
2353 5701 2442 5769 14,
2518 5700 2563 5734 ι’
2591 5716 2705 5757 cae.
2748 5716 2787 5769 ι,
2823 5703 2877 5758 5.
2954 5704 2999 5737 ⁸ο
3026 5702 3128 5761 lsa.
3157 5722 3320 5772 xxxv,
3349 5711 3437 5762 ιυ.
