  <div class='ocr_page' id='page_1' title='image "/cluster/home/n/w/nwhite01/storage/ocr_20150623/71/nnc1.0046980199/055.png"; bbox 0 0 4046 6376; ppageno 0'>
   <div class='ocr_carea' id='block_1_1' title="bbox 460 304 3719 374">
    <p class='ocr_par' dir='ltr' id='par_1_1' title="bbox 460 304 3719 374">
     <span class='ocr_line' id='line_1_1' title="bbox 460 304 3719 374; baseline -0.001 -7"><span class='ocrx_word' id='word_1_1' title='bbox 460 316 534 374; x_wconf 83' lang='lat'><strong>99</strong></span> <span class='ocrx_word' id='word_1_2' title='bbox 1453 309 1512 366; x_wconf 87' lang='lat' dir='ltr'><strong>S.</strong></span> <span class='ocrx_word' id='word_1_3' title='bbox 1553 304 1830 365; x_wconf 78' lang='lat' dir='ltr'><strong>CYBILLI</strong></span> <span class='ocrx_word' id='word_1_4' title='bbox 1869 304 2341 365; x_wconf 76' lang='lat' dir='ltr'><strong>ALEXANDRINI</strong></span> <span class='ocrx_word' id='word_1_5' title='bbox 2380 307 2701 364; x_wconf 83' lang='lat' dir='ltr'><strong>ARCHIEP.</strong></span> <span class='ocrx_word' id='word_1_6' title='bbox 3615 307 3719 366; x_wconf 68' lang='lat'><strong>£00</strong></span> 
     </span>
    </p>
   </div>
   <div class='ocr_carea' id='block_1_2' title="bbox 460 425 2025 504">
    <p class='ocr_par' dir='ltr' id='par_1_2' title="bbox 460 427 2025 504">
     <span class='ocr_line' id='line_1_2' title="bbox 460 427 2025 504; baseline -0.002 -18"><span class='ocrx_word' id='word_1_7' title='bbox 460 432 685 504; x_wconf 83' lang='lat' dir='ltr'><strong>gloriam</strong></span> <span class='ocrx_word' id='word_1_8' title='bbox 743 429 943 486; x_wconf 86' lang='lat' dir='ltr'><strong>Christi</strong></span> <span class='ocrx_word' id='word_1_9' title='bbox 989 427 1224 484; x_wconf 88' lang='lat' dir='ltr'><strong>fructum</strong></span> <span class='ocrx_word' id='word_1_10' title='bbox 1267 427 1390 483; x_wconf 64' lang='lat' dir='ltr'><strong>vitae</strong></span> <span class='ocrx_word' id='word_1_11' title='bbox 1448 442 1795 484; x_wconf 84' lang='lat' dir='ltr'><strong>sanetorum:</strong></span> <span class='ocrx_word' id='word_1_12' title='bbox 1833 446 1852 481; x_wconf 79' lang='grc' dir='ltr'><strong>ι</strong></span> <span class='ocrx_word' id='word_1_13' title='bbox 1892 442 2025 483; x_wconf 87' lang='lat' dir='ltr'><strong>unus</strong></span> 
     </span>
    </p>
   </div>
   <div class='ocr_carea' id='block_1_3' title="bbox 2128 425 3716 504">
    <p class='ocr_par' dir='ltr' id='par_1_3' title="bbox 2147 425 3716 500">
     <span class='ocr_line' id='line_1_3' title="bbox 2147 425 3716 500; baseline -0.001 -19"><span class='ocrx_word' id='word_1_14' title='bbox 2147 445 2296 482; x_wconf 84' lang='grc' dir='ltr'><strong>σεται</strong></span> <span class='ocrx_word' id='word_1_15' title='bbox 2323 428 2540 491; x_wconf 88' lang='grc' dir='ltr'><strong>πάντως</strong></span> <span class='ocrx_word' id='word_1_16' title='bbox 2575 431 2609 500; x_wconf 84' lang='grc' dir='ltr'>ἡ</span> <span class='ocrx_word' id='word_1_17' title='bbox 2643 427 2741 498; x_wconf 83' lang='grc' dir='ltr'><strong>γῆ,</strong></span> <span class='ocrx_word' id='word_1_18' title='bbox 2771 425 3066 492; x_wconf 81' lang='grc' dir='ltr'><strong>τουτέστιν,</strong></span> <span class='ocrx_word' id='word_1_19' title='bbox 3105 428 3154 482; x_wconf 88' lang='grc' dir='ltr'><strong>οἱ</strong></span> <span class='ocrx_word' id='word_1_20' title='bbox 3183 427 3282 500; x_wconf 83' lang='grc' dir='ltr'><strong>τὴν</strong></span> <span class='ocrx_word' id='word_1_21' title='bbox 3314 427 3418 499; x_wconf 78' lang='grc' dir='ltr'><strong>γῆν</strong></span> <span class='ocrx_word' id='word_1_22' title='bbox 3444 426 3716 491; x_wconf 78' lang='grc' dir='ltr'><strong>οἰκοῦντες</strong></span> 
     </span>
    </p>
   </div>
   <div class='ocr_carea' id='block_1_4' title="bbox 457 517 2025 591">
    <p class='ocr_par' dir='ltr' id='par_1_4' title="bbox 457 520 2025 591">
     <span class='ocr_line' id='line_1_4' title="bbox 457 520 2025 591; baseline -0.004 -12"><span class='ocrx_word' id='word_1_23' title='bbox 457 524 600 579; x_wconf 85' lang='lat' dir='ltr'><strong>enim</strong></span> <span class='ocrx_word' id='word_1_24' title='bbox 640 537 736 591; x_wconf 92' lang='lat' dir='ltr'><strong>pro</strong></span> <span class='ocrx_word' id='word_1_25' title='bbox 765 523 919 577; x_wconf 88' lang='lat' dir='ltr'><strong>nobis</strong></span> <span class='ocrx_word' id='word_1_26' title='bbox 965 529 1210 576; x_wconf 91' lang='lat' dir='ltr'><strong>mortuus</strong></span> <span class='ocrx_word' id='word_1_27' title='bbox 1251 530 1354 586; x_wconf 89' lang='lat' dir='ltr'><strong>est,</strong></span> <span class='ocrx_word' id='word_1_28' title='bbox 1384 529 1441 575; x_wconf 91' lang='lat' dir='ltr'><strong>ut</strong></span> <span class='ocrx_word' id='word_1_29' title='bbox 1494 521 1740 575; x_wconf 79' lang='lat' dir='ltr'><strong>viventes</strong></span> <span class='ocrx_word' id='word_1_30' title='bbox 1774 520 1887 590; x_wconf 82' lang='lat' dir='ltr'><strong>jam</strong></span> <span class='ocrx_word' id='word_1_31' title='bbox 1931 534 2025 574; x_wconf 84' lang='lat' dir='ltr'><strong>nor</strong></span> 
     </span>
    </p>
   </div>
   <div class='ocr_carea' id='block_1_5' title="bbox 2128 517 3716 591">
    <p class='ocr_par' dir='ltr' id='par_1_5' title="bbox 2142 517 3716 590">
     <span class='ocr_line' id='line_1_5' title="bbox 2142 517 3716 590; baseline 0 -18"><span class='ocrx_word' id='word_1_32' title='bbox 2142 517 2238 572; x_wconf 82' lang='grc' dir='ltr'><strong>ἀνθ</strong></span> <span class='ocrx_word' id='word_1_33' title='bbox 2251 536 2440 590; x_wconf 85' lang='grc' dir='ltr'><strong>ρωποι.</strong></span> <span class='ocrx_word' id='word_1_34' title='bbox 2508 523 2606 573; x_wconf 88' lang='grc' dir='ltr'><strong>Οτι</strong></span> <span class='ocrx_word' id='word_1_35' title='bbox 2638 519 2695 572; x_wconf 85' lang='grc' dir='ltr'><strong>δὲ</strong></span> <span class='ocrx_word' id='word_1_36' title='bbox 2731 518 2811 582; x_wconf 79' lang='grc' dir='ltr'><strong>εἰς</strong></span> <span class='ocrx_word' id='word_1_37' title='bbox 2839 518 2996 583; x_wconf 82' lang='grc' dir='ltr'><strong>δόξαν</strong></span> <span class='ocrx_word' id='word_1_38' title='bbox 3020 519 3173 573; x_wconf 75' lang='grc' dir='ltr'><strong>ἔσται</strong></span> <span class='ocrx_word' id='word_1_39' title='bbox 3218 519 3455 590; x_wconf 82' lang='grc' dir='ltr'><strong>Χριστοῦ</strong></span> <span class='ocrx_word' id='word_1_40' title='bbox 3482 519 3582 588; x_wconf 82' lang='grc' dir='ltr'><strong>τῆς</strong></span> <span class='ocrx_word' id='word_1_41' title='bbox 3607 519 3716 572; x_wconf 89' lang='grc' dir='ltr'><strong>τῶν</strong></span> 
     </span>
    </p>
   </div>
   <div class='ocr_carea' id='block_1_6' title="bbox 459 613 2040 682">
    <p class='ocr_par' dir='ltr' id='par_1_6' title="bbox 459 613 2040 682">
     <span class='ocr_line' id='line_1_6' title="bbox 459 613 2040 682; baseline -0.005 -9"><span class='ocrx_word' id='word_1_42' title='bbox 459 616 560 673; x_wconf 84' lang='lat' dir='ltr'><strong>sibi</strong></span> <span class='ocrx_word' id='word_1_43' title='bbox 605 616 822 680; x_wconf 82' lang='lat' dir='ltr'><strong>vivant,</strong></span> <span class='ocrx_word' id='word_1_44' title='bbox 854 615 946 669; x_wconf 89' lang='lat' dir='ltr'><strong>sed</strong></span> <span class='ocrx_word' id='word_1_45' title='bbox 982 613 1053 678; x_wconf 93' lang='lat' dir='ltr'><strong>ei,</strong></span> <span class='ocrx_word' id='word_1_46' title='bbox 1088 613 1178 681; x_wconf 89' lang='lat' dir='ltr'><strong>qui</strong></span> <span class='ocrx_word' id='word_1_47' title='bbox 1219 627 1317 682; x_wconf 89' lang='lat' dir='ltr'><strong>pro</strong></span> <span class='ocrx_word' id='word_1_48' title='bbox 1352 613 1482 681; x_wconf 89' lang='lat' dir='ltr'><strong>ipsis</strong></span> <span class='ocrx_word' id='word_1_49' title='bbox 1513 622 1762 667; x_wconf 84' lang='lat' dir='ltr'><strong>mortuus</strong></span> <span class='ocrx_word' id='word_1_50' title='bbox 1812 620 1917 675; x_wconf 87' lang='lat' dir='ltr'><strong>est,</strong></span> <span class='ocrx_word' id='word_1_51' title='bbox 1985 619 2040 665; x_wconf 89' lang='lat' dir='ltr'><strong>et</strong></span> 
     </span>
    </p>
   </div>
   <div class='ocr_carea' id='block_1_7' title="bbox 457 703 2037 774">
    <p class='ocr_par' dir='ltr' id='par_1_7' title="bbox 457 703 2037 774">
     <span class='ocr_line' id='line_1_7' title="bbox 457 703 2037 774; baseline -0.004 -12"><span class='ocrx_word' id='word_1_52' title='bbox 457 707 758 763; x_wconf 72' lang='lat' dir='ltr'><strong>resurrexit</strong></span> <span class='ocrx_word' id='word_1_53' title='bbox 779 707 878 774; x_wconf 62' lang='grc' dir='ltr'><strong>ἰν</strong></span> <span class='ocrx_word' id='word_1_54' title='bbox 909 705 1144 760; x_wconf 90' lang='lat' dir='ltr'><strong>ostendit</strong></span> <span class='ocrx_word' id='word_1_55' title='bbox 1166 720 1289 760; x_wconf 92' lang='lat' dir='ltr'><strong>cum</strong></span> <span class='ocrx_word' id='word_1_56' title='bbox 1323 705 1550 760; x_wconf 85' lang='lat' dir='ltr'><strong>subdit:</strong></span> <span class='ocrx_word' id='word_1_57' title='bbox 1571 723 1590 756; x_wconf 79' lang='grc' dir='ltr'><strong>ι</strong></span> <span class='ocrx_word' id='word_1_58' title='bbox 1620 703 1687 758; x_wconf 83' lang='grc' dir='ltr'><strong>Ει</strong></span> <span class='ocrx_word' id='word_1_59' title='bbox 1715 704 1828 772; x_wconf 90' lang='lat' dir='ltr'><strong>ipsa</strong></span> <span class='ocrx_word' id='word_1_60' title='bbox 1867 718 2037 758; x_wconf 76' lang='lat' dir='ltr'><strong>exau-</strong></span> 
     </span>
    </p>
   </div>
   <div class='ocr_carea' id='block_1_8' title="bbox 456 795 2036 865">
    <p class='ocr_par' dir='ltr' id='par_1_8' title="bbox 456 795 2036 865">
     <span class='ocr_line' id='line_1_8' title="bbox 456 795 2036 865; baseline -0.002 -13"><span class='ocrx_word' id='word_1_61' title='bbox 456 799 604 853; x_wconf 91' lang='lat' dir='ltr'><strong>dient</strong></span> <span class='ocrx_word' id='word_1_62' title='bbox 638 796 866 851; x_wconf 83' lang='lat' dir='ltr'><strong>Jezrael.</strong></span> <span class='ocrx_word' id='word_1_63' title='bbox 905 814 923 848; x_wconf 78' lang='lat'><strong>)</strong></span> <span class='ocrx_word' id='word_1_64' title='bbox 955 796 1056 865; x_wconf 87' lang='lat' dir='ltr'><strong>Ipsi</strong></span> <span class='ocrx_word' id='word_1_65' title='bbox 1085 795 1256 860; x_wconf 89' lang='lat' dir='ltr'><strong>enim,</strong></span> <span class='ocrx_word' id='word_1_66' title='bbox 1311 803 1371 849; x_wconf 81' lang='lat' dir='ltr'><strong>ut</strong></span> <span class='ocrx_word' id='word_1_67' title='bbox 1416 795 1552 859; x_wconf 84' lang='lat' dir='ltr'><strong>dixi,</strong></span> <span class='ocrx_word' id='word_1_68' title='bbox 1609 795 1844 848; x_wconf 81' lang='lat' dir='ltr'><strong>fructum</strong></span> <span class='ocrx_word' id='word_1_69' title='bbox 1892 795 2036 850; x_wconf 85' lang='lat' dir='ltr'><strong>fere-</strong></span> 
     </span>
    </p>
   </div>
   <div class='ocr_carea' id='block_1_9' title="bbox 454 885 2038 964">
    <p class='ocr_par' dir='ltr' id='par_1_9' title="bbox 454 885 2038 964">
     <span class='ocr_line' id='line_1_9' title="bbox 454 885 2038 964; baseline -0.002 -21"><span class='ocrx_word' id='word_1_70' title='bbox 454 905 596 956; x_wconf 89' lang='lat' dir='ltr'><strong>mus,</strong></span> <span class='ocrx_word' id='word_1_71' title='bbox 635 889 734 958; x_wconf 92' lang='lat' dir='ltr'><strong>ipsi</strong></span> <span class='ocrx_word' id='word_1_72' title='bbox 774 888 940 964; x_wconf 82' lang='lat' dir='ltr'><strong>vitam</strong></span> <span class='ocrx_word' id='word_1_73' title='bbox 981 896 1218 942; x_wconf 87' lang='lat' dir='ltr'><strong>nostram</strong></span> <span class='ocrx_word' id='word_1_74' title='bbox 1251 886 1534 941; x_wconf 89' lang='lat' dir='ltr'><strong>debentes.</strong></span> <span class='ocrx_word' id='word_1_75' title='bbox 1569 885 1779 940; x_wconf 82' lang='lat' dir='ltr'><strong>Dictum</strong></span> <span class='ocrx_word' id='word_1_76' title='bbox 1805 895 1888 939; x_wconf 86' lang='lat' dir='ltr'><strong>est</strong></span> <span class='ocrx_word' id='word_1_77' title='bbox 1911 900 2038 956; x_wconf 88' lang='lat' dir='ltr'><strong>por-</strong></span> 
     </span>
    </p>
   </div>
   <div class='ocr_carea' id='block_1_10' title="bbox 455 975 2033 1050">
    <p class='ocr_par' dir='ltr' id='par_1_10' title="bbox 455 975 2033 1050">
     <span class='ocr_line' id='line_1_10' title="bbox 455 975 2033 1050; baseline -0.004 -15"><span class='ocrx_word' id='word_1_78' title='bbox 455 997 517 1035; x_wconf 92' lang='lat' dir='ltr'><strong>ro</strong></span> <span class='ocrx_word' id='word_1_79' title='bbox 567 983 780 1050; x_wconf 69' lang='lat' dir='ltr'><strong>saepius,</strong></span> <span class='ocrx_word' id='word_1_80' title='bbox 812 977 1021 1033; x_wconf 83' lang='lat' dir='ltr'><strong>Jezrael</strong></span> <span class='ocrx_word' id='word_1_81' title='bbox 1073 993 1269 1032; x_wconf 87' lang='lat' dir='ltr'><strong>sonare</strong></span> <span class='ocrx_word' id='word_1_82' title='bbox 1298 997 1316 1028; x_wconf 79' lang='grc' dir='ltr'><strong>ι</strong></span> <span class='ocrx_word' id='word_1_83' title='bbox 1360 992 1548 1031; x_wconf 86' lang='lat' dir='ltr'><strong>semen</strong></span> <span class='ocrx_word' id='word_1_84' title='bbox 1578 975 1672 1029; x_wconf 91' lang='lat' dir='ltr'><strong>Dei</strong></span> <span class='ocrx_word' id='word_1_85' title='bbox 1703 994 1750 1041; x_wconf 80' lang='grc' dir='ltr'><strong>,ι</strong></span> <span class='ocrx_word' id='word_1_86' title='bbox 1785 975 1891 1029; x_wconf 88' lang='lat' dir='ltr'><strong>hoc</strong></span> <span class='ocrx_word' id='word_1_87' title='bbox 1926 983 2033 1044; x_wconf 88' lang='lat' dir='ltr'><strong>est,</strong></span> 
     </span>
    </p>
   </div>
   <div class='ocr_carea' id='block_1_11' title="bbox 452 1066 2033 1135">
    <p class='ocr_par' dir='ltr' id='par_1_11' title="bbox 452 1066 2033 1135">
     <span class='ocr_line' id='line_1_11' title="bbox 452 1066 2033 1135; baseline -0.005 -8"><span class='ocrx_word' id='word_1_88' title='bbox 452 1072 641 1135; x_wconf 83' lang='lat' dir='ltr'><strong>Filius,</strong></span> <span class='ocrx_word' id='word_1_89' title='bbox 679 1087 746 1126; x_wconf 81' lang='lat' dir='ltr'><strong>ex</strong></span> <span class='ocrx_word' id='word_1_90' title='bbox 800 1071 907 1126; x_wconf 89' lang='lat' dir='ltr'><strong>Deo</strong></span> <span class='ocrx_word' id='word_1_91' title='bbox 936 1069 1099 1123; x_wconf 83' lang='lat' dir='ltr'><strong>Patre</strong></span> <span class='ocrx_word' id='word_1_92' title='bbox 1137 1068 1435 1123; x_wconf 91' lang='lat' dir='ltr'><strong>secundum</strong></span> <span class='ocrx_word' id='word_1_93' title='bbox 1477 1076 1726 1120; x_wconf 90' lang='lat' dir='ltr'><strong>naturam</strong></span> <span class='ocrx_word' id='word_1_94' title='bbox 1778 1075 1833 1120; x_wconf 88' lang='lat' dir='ltr'><strong>et</strong></span> <span class='ocrx_word' id='word_1_95' title='bbox 1879 1066 2033 1120; x_wconf 80' lang='lat' dir='ltr'><strong>inex-</strong></span> 
     </span>
    </p>
   </div>
   <div class='ocr_carea' id='block_1_12' title="bbox 453 1160 2033 1238">
    <p class='ocr_par' dir='ltr' id='par_1_12' title="bbox 453 1160 2033 1238">
     <span class='ocr_line' id='line_1_12' title="bbox 453 1160 2033 1238; baseline -0.005 -16"><span class='ocrx_word' id='word_1_96' title='bbox 453 1168 684 1238; x_wconf 85' lang='lat' dir='ltr'><strong>plicabili</strong></span> <span class='ocrx_word' id='word_1_97' title='bbox 723 1167 881 1221; x_wconf 93' lang='lat' dir='ltr'><strong>modo</strong></span> <span class='ocrx_word' id='word_1_98' title='bbox 929 1165 1163 1234; x_wconf 85' lang='lat' dir='ltr'><strong>genitus,</strong></span> <span class='ocrx_word' id='word_1_99' title='bbox 1213 1165 1460 1232; x_wconf 86' lang='lat' dir='ltr'><strong>quamvis</strong></span> <span class='ocrx_word' id='word_1_100' title='bbox 1493 1160 1569 1216; x_wconf 87' lang='lat' dir='ltr'><strong>rei</strong></span> <span class='ocrx_word' id='word_1_101' title='bbox 1604 1167 1903 1230; x_wconf 70' lang='lat' dir='ltr'><strong>corporataa</strong></span> <span class='ocrx_word' id='word_1_102' title='bbox 1939 1173 2033 1214; x_wconf 86' lang='lat' dir='ltr'><strong>vo-</strong></span> 
     </span>
    </p>
   </div>
   <div class='ocr_carea' id='block_1_13' title="bbox 450 1259 964 1318">
    <p class='ocr_par' dir='ltr' id='par_1_13' title="bbox 450 1259 964 1318">
     <span class='ocr_line' id='line_1_13' title="bbox 450 1259 964 1318; baseline -0.012 0"><span class='ocrx_word' id='word_1_103' title='bbox 450 1262 643 1318; x_wconf 86' lang='lat' dir='ltr'><strong>cabulo</strong></span> <span class='ocrx_word' id='word_1_104' title='bbox 680 1259 964 1315; x_wconf 78' lang='lat' dir='ltr'><strong>afﬁciatur.</strong></span> 
     </span>
    </p>
   </div>
   <div class='ocr_carea' id='block_1_14' title="bbox 522 1429 2032 1500">
    <p class='ocr_par' dir='ltr' id='par_1_14' title="bbox 522 1429 2032 1500">
     <span class='ocr_line' id='line_1_14' title="bbox 522 1429 2032 1500; baseline -0.008 -8"><span class='ocrx_word' id='word_1_105' title='bbox 522 1439 686 1492; x_wconf 72' lang='lat' dir='ltr'><strong>Vens.</strong></span> <span class='ocrx_word' id='word_1_106' title='bbox 725 1437 815 1500; x_wconf 74' lang='grc'><strong>25,</strong></span> <span class='ocrx_word' id='word_1_107' title='bbox 842 1435 933 1489; x_wconf 70' lang='grc'><strong>24.</strong></span> <span class='ocrx_word' id='word_1_108' title='bbox 965 1433 1030 1486; x_wconf 83' lang='lat' dir='ltr'><strong>Et</strong></span> <span class='ocrx_word' id='word_1_109' title='bbox 1071 1431 1341 1488; x_wconf 86' lang='lat' dir='ltr'><strong>seminabo</strong></span> <span class='ocrx_word' id='word_1_110' title='bbox 1393 1447 1506 1485; x_wconf 79' lang='lat' dir='ltr'><strong>eam</strong></span> <span class='ocrx_word' id='word_1_111' title='bbox 1541 1430 1670 1483; x_wconf 83' lang='lat' dir='ltr'><strong>mihi</strong></span> <span class='ocrx_word' id='word_1_112' title='bbox 1721 1429 1821 1497; x_wconf 86' lang='lat' dir='ltr'><strong>ipsi</strong></span> <span class='ocrx_word' id='word_1_113' title='bbox 1877 1443 2032 1497; x_wconf 80' lang='lat' dir='ltr'><strong>super</strong></span> 
     </span>
    </p>
   </div>
   <div class='ocr_carea' id='block_1_15' title="bbox 451 1521 2029 1592">
    <p class='ocr_par' dir='ltr' id='par_1_15' title="bbox 451 1521 2029 1592">
     <span class='ocr_line' id='line_1_15' title="bbox 451 1521 2029 1592; baseline -0.007 -11"><span class='ocrx_word' id='word_1_114' title='bbox 451 1540 664 1591; x_wconf 85' lang='lat' dir='ltr'><strong>terram,</strong></span> <span class='ocrx_word' id='word_1_115' title='bbox 698 1536 744 1580; x_wconf 84' lang='lat' dir='ltr'><strong>et</strong></span> <span class='ocrx_word' id='word_1_116' title='bbox 777 1523 1076 1587; x_wconf 80' lang='lat' dir='ltr'><strong>miserebor,</strong></span> <span class='ocrx_word' id='word_1_117' title='bbox 1131 1523 1283 1592; x_wconf 85' lang='lat' dir='ltr'><strong>cujus</strong></span> <span class='ocrx_word' id='word_1_118' title='bbox 1326 1539 1427 1575; x_wconf 86' lang='lat' dir='ltr'><strong>non</strong></span> <span class='ocrx_word' id='word_1_119' title='bbox 1482 1537 1596 1573; x_wconf 87' lang='lat' dir='ltr'><strong>sum</strong></span> <span class='ocrx_word' id='word_1_120' title='bbox 1648 1521 1926 1577; x_wconf 73' lang='lat' dir='ltr'><strong>misertus.</strong></span> <span class='ocrx_word' id='word_1_121' title='bbox 1980 1527 2029 1572; x_wconf 87' lang='lat' dir='ltr'><strong>et</strong></span> 
     </span>
    </p>
   </div>
   <div class='ocr_carea' id='block_1_16' title="bbox 450 1614 2027 1686">
    <p class='ocr_par' dir='ltr' id='par_1_16' title="bbox 450 1614 2027 1686">
     <span class='ocr_line' id='line_1_16' title="bbox 450 1614 2027 1686; baseline -0.006 -13"><span class='ocrx_word' id='word_1_122' title='bbox 450 1623 622 1673; x_wconf 77' lang='lat' dir='ltr'><strong>dicunt</strong></span> <span class='ocrx_word' id='word_1_123' title='bbox 685 1636 784 1673; x_wconf 85' lang='lat' dir='ltr'><strong>non</strong></span> <span class='ocrx_word' id='word_1_124' title='bbox 826 1618 1015 1686; x_wconf 85' lang='lat' dir='ltr'><strong>papulo</strong></span> <span class='ocrx_word' id='word_1_125' title='bbox 1064 1633 1172 1670; x_wconf 90' lang='lat' dir='ltr'><strong>meo</strong></span> <span class='ocrx_word' id='word_1_126' title='bbox 1223 1631 1244 1669; x_wconf 86' lang='lat'><strong><em>:</em></strong></span> <span class='ocrx_word' id='word_1_127' title='bbox 1281 1614 1510 1682; x_wconf 83' lang='lat' dir='ltr'><strong>Populus</strong></span> <span class='ocrx_word' id='word_1_128' title='bbox 1562 1629 1706 1666; x_wconf 86' lang='lat' dir='ltr'><strong>meus</strong></span> <span class='ocrx_word' id='word_1_129' title='bbox 1752 1628 1805 1666; x_wconf 84' lang='lat' dir='ltr'><strong>es</strong></span> <span class='ocrx_word' id='word_1_130' title='bbox 1846 1625 1945 1676; x_wconf 87' lang='lat' dir='ltr'><strong>tu;</strong></span> <span class='ocrx_word' id='word_1_131' title='bbox 1978 1620 2027 1664; x_wconf 85' lang='lat' dir='ltr'><strong>et</strong></span> 
     </span>
    </p>
   </div>
   <div class='ocr_carea' id='block_1_17' title="bbox 449 1710 1598 1784">
    <p class='ocr_par' dir='ltr' id='par_1_17' title="bbox 449 1710 1598 1784">
     <span class='ocr_line' id='line_1_17' title="bbox 449 1710 1598 1784; baseline -0.003 -18"><span class='ocrx_word' id='word_1_132' title='bbox 449 1718 555 1784; x_wconf 77' lang='lat' dir='ltr'><strong>ipse</strong></span> <span class='ocrx_word' id='word_1_133' title='bbox 584 1715 754 1767; x_wconf 80' lang='lat' dir='ltr'><strong>dicet:</strong></span> <span class='ocrx_word' id='word_1_134' title='bbox 786 1711 1047 1766; x_wconf 77' lang='lat' dir='ltr'><strong>Dominus</strong></span> <span class='ocrx_word' id='word_1_135' title='bbox 1082 1710 1222 1763; x_wconf 86' lang='lat' dir='ltr'><strong>Deus</strong></span> <span class='ocrx_word' id='word_1_136' title='bbox 1263 1726 1406 1762; x_wconf 87' lang='lat' dir='ltr'><strong>meus</strong></span> <span class='ocrx_word' id='word_1_137' title='bbox 1438 1725 1489 1761; x_wconf 85' lang='lat' dir='ltr'><strong>es</strong></span> <span class='ocrx_word' id='word_1_138' title='bbox 1523 1719 1598 1763; x_wconf 83' lang='lat' dir='ltr'><strong>tu.</strong></span> 
     </span>
    </p>
   </div>
   <div class='ocr_carea' id='block_1_18' title="bbox 2143 605 3715 683">
    <p class='ocr_par' dir='ltr' id='par_1_18' title="bbox 2143 605 3715 683">
     <span class='ocr_line' id='line_1_18' title="bbox 2143 605 3715 683; baseline 0.001 -20"><span class='ocrx_word' id='word_1_139' title='bbox 2143 611 2314 679; x_wconf 83' lang='grc' dir='ltr'>ἁγίων</span> <span class='ocrx_word' id='word_1_140' title='bbox 2345 611 2489 683; x_wconf 77' lang='grc' dir='ltr'><strong>ζωῆς</strong></span> <span class='ocrx_word' id='word_1_141' title='bbox 2511 612 2538 663; x_wconf 90' lang='lat'><strong>6</strong></span> <span class='ocrx_word' id='word_1_142' title='bbox 2567 610 2776 682; x_wconf 82' lang='grc' dir='ltr'><strong>καρπὸς</strong></span> <span class='ocrx_word' id='word_1_143' title='bbox 2797 608 2841 681; x_wconf 82' lang='grc' dir='ltr'><strong>(ι</strong></span> <span class='ocrx_word' id='word_1_144' title='bbox 2863 605 2956 673; x_wconf 78' lang='grc' dir='ltr'><strong>Εἷς</strong></span> <span class='ocrx_word' id='word_1_145' title='bbox 2976 610 3086 682; x_wconf 83' lang='grc' dir='ltr'><strong>γὰρ</strong></span> <span class='ocrx_word' id='word_1_146' title='bbox 3108 612 3248 683; x_wconf 84' lang='grc' dir='ltr'><strong>ὑπὲρ</strong></span> <span class='ocrx_word' id='word_1_147' title='bbox 3270 613 3488 666; x_wconf 88' lang='grc' dir='ltr'><strong>πάντων</strong></span> <span class='ocrx_word' id='word_1_148' title='bbox 3512 611 3715 665; x_wconf 84' lang='grc' dir='ltr'><strong>ἀπέθα-</strong></span> 
     </span>
    </p>
   </div>
   <div class='ocr_carea' id='block_1_19' title="bbox 2139 702 3715 776">
    <p class='ocr_par' dir='ltr' id='par_1_19' title="bbox 2139 702 3715 776">
     <span class='ocr_line' id='line_1_19' title="bbox 2139 702 3715 776; baseline -0.001 -20"><span class='ocrx_word' id='word_1_149' title='bbox 2139 720 2248 767; x_wconf 89' lang='grc' dir='ltr'><strong>νεν,</strong></span> <span class='ocrx_word' id='word_1_150' title='bbox 2282 703 2387 756; x_wconf 69' lang='grc' dir='ltr'><strong>ἵνα·</strong></span> <span class='ocrx_word' id='word_1_151' title='bbox 2417 705 2464 757; x_wconf 85' lang='grc' dir='ltr'><strong>οἱ</strong></span> <span class='ocrx_word' id='word_1_152' title='bbox 2507 704 2708 768; x_wconf 80' lang='grc' dir='ltr'><strong>ζῶντες</strong></span> <span class='ocrx_word' id='word_1_153' title='bbox 2743 703 2940 776; x_wconf 81' lang='grc' dir='ltr'><strong>μηκέτι</strong></span> <span class='ocrx_word' id='word_1_154' title='bbox 2985 705 3197 766; x_wconf 79' lang='grc' dir='ltr'><strong>ἑαυτοῖς</strong></span> <span class='ocrx_word' id='word_1_155' title='bbox 3230 703 3394 767; x_wconf 84' lang='grc' dir='ltr'><strong>ζῶσιν</strong></span> <span class='ocrx_word' id='word_1_156' title='bbox 3420 744 3436 770; x_wconf 90' lang='grc'><strong>,</strong></span> <span class='ocrx_word' id='word_1_157' title='bbox 3464 702 3597 756; x_wconf 89' lang='grc' dir='ltr'><strong>ἀλλά</strong></span> <span class='ocrx_word' id='word_1_158' title='bbox 3637 703 3715 772; x_wconf 91' lang='grc' dir='ltr'><strong>τῷ</strong></span> 
     </span>
    </p>
   </div>
   <div class='ocr_carea' id='block_1_20' title="bbox 2139 794 3716 867">
    <p class='ocr_par' dir='ltr' id='par_1_20' title="bbox 2139 794 3716 867">
     <span class='ocr_line' id='line_1_20' title="bbox 2139 794 3716 867; baseline -0.001 -20"><span class='ocrx_word' id='word_1_159' title='bbox 2139 795 2279 866; x_wconf 81' lang='grc' dir='ltr'><strong>ὑπὲρ</strong></span> <span class='ocrx_word' id='word_1_160' title='bbox 2303 795 2482 848; x_wconf 84' lang='grc' dir='ltr'><strong>αὐτῶν</strong></span> <span class='ocrx_word' id='word_1_161' title='bbox 2511 796 2834 849; x_wconf 83' lang='grc' dir='ltr'><strong>ἀποθανόντι</strong></span> <span class='ocrx_word' id='word_1_162' title='bbox 2859 796 2954 849; x_wconf 77' lang='grc' dir='ltr'><strong>καὶ</strong></span> <span class='ocrx_word' id='word_1_163' title='bbox 2981 794 3260 867; x_wconf 78' lang='grc' dir='ltr'><strong>ἐγερθέντι</strong></span> <span class='ocrx_word' id='word_1_164' title='bbox 3293 794 3366 866; x_wconf 80' lang='grc' dir='ltr'><strong>ι),</strong></span> <span class='ocrx_word' id='word_1_165' title='bbox 3384 794 3716 865; x_wconf 87' lang='grc' dir='ltr'><strong>διαμεμήνυ-</strong></span> 
     </span>
    </p>
   </div>
   <div class='ocr_carea' id='block_1_21' title="bbox 2138 885 3708 958">
    <p class='ocr_par' dir='ltr' id='par_1_21' title="bbox 2138 885 3708 958">
     <span class='ocr_line' id='line_1_21' title="bbox 2138 885 3708 958; baseline -0.001 -19"><span class='ocrx_word' id='word_1_166' title='bbox 2138 903 2232 939; x_wconf 88' lang='grc' dir='ltr'><strong>κεν</strong></span> <span class='ocrx_word' id='word_1_167' title='bbox 2261 885 2464 940; x_wconf 75' lang='grc' dir='ltr'><strong>εἰπών·</strong></span> <span class='ocrx_word' id='word_1_168' title='bbox 2505 905 2524 938; x_wconf 78' lang='grc' dir='ltr'><strong>ι</strong></span> <span class='ocrx_word' id='word_1_169' title='bbox 2559 888 2669 940; x_wconf 78' lang='grc' dir='ltr'><strong>Καὶ</strong></span> <span class='ocrx_word' id='word_1_170' title='bbox 2706 887 2846 941; x_wconf 83' lang='grc' dir='ltr'><strong>αὐτὰ</strong></span> <span class='ocrx_word' id='word_1_171' title='bbox 2890 887 3251 940; x_wconf 78' lang='grc' dir='ltr'><strong>ἐπακούσεται</strong></span> <span class='ocrx_word' id='word_1_172' title='bbox 3276 886 3352 957; x_wconf 87' lang='grc' dir='ltr'><strong>τῷ</strong></span> <span class='ocrx_word' id='word_1_173' title='bbox 3397 885 3651 958; x_wconf 79' lang='grc' dir='ltr'><strong>Ἰεζραέλ.</strong></span> <span class='ocrx_word' id='word_1_174' title='bbox 3688 905 3708 938; x_wconf 76' lang='grc' dir='ltr'><strong>ι</strong></span> 
     </span>
    </p>
   </div>
   <div class='ocr_carea' id='block_1_22' title="bbox 2135 976 3715 1050">
    <p class='ocr_par' dir='ltr' id='par_1_22' title="bbox 2135 976 3715 1050">
     <span class='ocr_line' id='line_1_22' title="bbox 2135 976 3715 1050; baseline 0 -21"><span class='ocrx_word' id='word_1_175' title='bbox 2135 977 2293 1046; x_wconf 82' lang='grc' dir='ltr'><strong>Αὐτῷ</strong></span> <span class='ocrx_word' id='word_1_176' title='bbox 2315 978 2443 1050; x_wconf 81' lang='grc' dir='ltr'><strong>γὰρ,</strong></span> <span class='ocrx_word' id='word_1_177' title='bbox 2469 979 2544 1043; x_wconf 86' lang='grc' dir='ltr'><strong>ὡς</strong></span> <span class='ocrx_word' id='word_1_178' title='bbox 2577 979 2734 1050; x_wconf 74' lang='grc' dir='ltr'><strong>ἔφην,</strong></span> <span class='ocrx_word' id='word_1_179' title='bbox 2758 979 3269 1050; x_wconf 86' lang='grc' dir='ltr'><strong>καρποφορήσομεν,</strong></span> <span class='ocrx_word' id='word_1_180' title='bbox 3293 976 3441 1047; x_wconf 81' lang='grc' dir='ltr'><strong>αὐτῷ</strong></span> <span class='ocrx_word' id='word_1_181' title='bbox 3463 979 3561 1049; x_wconf 83' lang='grc' dir='ltr'><strong>τὴν</strong></span> <span class='ocrx_word' id='word_1_182' title='bbox 3582 976 3715 1030; x_wconf 86' lang='grc' dir='ltr'><strong>ίδίαν</strong></span> 
     </span>
    </p>
   </div>
   <div class='ocr_carea' id='block_1_23' title="bbox 2138 1069 3713 1143">
    <p class='ocr_par' dir='ltr' id='par_1_23' title="bbox 2138 1069 3713 1143">
     <span class='ocr_line' id='line_1_23' title="bbox 2138 1069 3713 1143; baseline 0 -21"><span class='ocrx_word' id='word_1_183' title='bbox 2138 1069 2520 1137; x_wconf 83' lang='grc' dir='ltr'><strong>ἐποφείλοντες</strong></span> <span class='ocrx_word' id='word_1_184' title='bbox 2567 1069 2729 1141; x_wconf 82' lang='grc' dir='ltr'><strong>ζωήν.</strong></span> <span class='ocrx_word' id='word_1_185' title='bbox 2784 1073 3010 1143; x_wconf 76' lang='grc' dir='ltr'><strong>Εἴρηται</strong></span> <span class='ocrx_word' id='word_1_186' title='bbox 3055 1072 3111 1124; x_wconf 88' lang='grc' dir='ltr'><strong>δὲ</strong></span> <span class='ocrx_word' id='word_1_187' title='bbox 3140 1070 3480 1134; x_wconf 82' lang='grc' dir='ltr'><strong>πλειστάκις,</strong></span> <span class='ocrx_word' id='word_1_188' title='bbox 3514 1071 3596 1123; x_wconf 88' lang='grc' dir='ltr'><strong>ὄτι</strong></span> <span class='ocrx_word' id='word_1_189' title='bbox 3632 1069 3713 1135; x_wconf 86' lang='grc' dir='ltr'><strong>τὸ,</strong></span> 
     </span>
    </p>
   </div>
   <div class='ocr_carea' id='block_1_24' title="bbox 2147 1160 3714 1233">
    <p class='ocr_par' dir='ltr' id='par_1_24' title="bbox 2147 1160 3714 1233">
     <span class='ocr_line' id='line_1_24' title="bbox 2147 1160 3714 1233; baseline -0.001 -19"><span class='ocrx_word' id='word_1_190' title='bbox 2147 1161 2387 1231; x_wconf 79' lang='grc' dir='ltr'><strong>Ἰεζραέλ</strong></span> <span class='ocrx_word' id='word_1_191' title='bbox 2421 1162 2784 1233; x_wconf 78' lang='grc' dir='ltr'><strong>ἑρμηνεύεται</strong></span> <span class='ocrx_word' id='word_1_192' title='bbox 2816 1182 2834 1214; x_wconf 78' lang='grc' dir='ltr'><strong>ι</strong></span> <span class='ocrx_word' id='word_1_193' title='bbox 2874 1163 3052 1232; x_wconf 83' lang='grc' dir='ltr'><strong>σπορὰ</strong></span> <span class='ocrx_word' id='word_1_194' title='bbox 3077 1162 3232 1226; x_wconf 83' lang='grc' dir='ltr'><strong>Θεοῦ,</strong></span> <span class='ocrx_word' id='word_1_195' title='bbox 3266 1181 3284 1213; x_wconf 77' lang='grc' dir='ltr'><strong>ι</strong></span> <span class='ocrx_word' id='word_1_196' title='bbox 3312 1160 3574 1216; x_wconf 74' lang='grc' dir='ltr'><strong>καὶτοῦτό</strong></span> <span class='ocrx_word' id='word_1_197' title='bbox 3599 1163 3714 1213; x_wconf 86' lang='grc' dir='ltr'><strong>ἐστι</strong></span> 
     </span>
    </p>
   </div>
   <div class='ocr_carea' id='block_1_25' title="bbox 2131 1250 3715 1326">
    <p class='ocr_par' dir='ltr' id='par_1_25' title="bbox 2131 1250 3715 1326">
     <span class='ocr_line' id='line_1_25' title="bbox 2131 1250 3715 1326; baseline 0.001 -23"><span class='ocrx_word' id='word_1_198' title='bbox 2131 1250 2212 1317; x_wconf 87' lang='grc' dir='ltr'><strong>τὸ,</strong></span> <span class='ocrx_word' id='word_1_199' title='bbox 2245 1252 2400 1318; x_wconf 86' lang='grc' dir='ltr'><strong>Υἱὸς,</strong></span> <span class='ocrx_word' id='word_1_200' title='bbox 2428 1253 2504 1316; x_wconf 86' lang='grc' dir='ltr'><strong>ὡς</strong></span> <span class='ocrx_word' id='word_1_201' title='bbox 2537 1256 2602 1306; x_wconf 91' lang='grc' dir='ltr'><strong>ἐκ</strong></span> <span class='ocrx_word' id='word_1_202' title='bbox 2634 1254 2769 1307; x_wconf 87' lang='grc' dir='ltr'><strong>Θεοῦ</strong></span> <span class='ocrx_word' id='word_1_203' title='bbox 2804 1255 3014 1326; x_wconf 76' lang='grc' dir='ltr'><strong>Πατρὸς</strong></span> <span class='ocrx_word' id='word_1_204' title='bbox 3045 1253 3186 1308; x_wconf 85' lang='grc' dir='ltr'><strong>κατὰ</strong></span> <span class='ocrx_word' id='word_1_205' title='bbox 3231 1253 3392 1322; x_wconf 86' lang='grc' dir='ltr'><strong>φύσιν</strong></span> <span class='ocrx_word' id='word_1_206' title='bbox 3418 1255 3512 1306; x_wconf 79' lang='grc' dir='ltr'><strong>καὶ</strong></span> <span class='ocrx_word' id='word_1_207' title='bbox 3543 1254 3715 1323; x_wconf 78' lang='grc' dir='ltr'><strong>ἀπορ-</strong></span> 
     </span>
    </p>
   </div>
   <div class='ocr_carea' id='block_1_26' title="bbox 2133 1343 3711 1416">
    <p class='ocr_par' dir='ltr' id='par_1_26' title="bbox 2133 1343 3711 1416">
     <span class='ocr_line' id='line_1_26' title="bbox 2133 1343 3711 1416; baseline 0.002 -21"><span class='ocrx_word' id='word_1_208' title='bbox 2133 1343 2311 1414; x_wconf 79' lang='grc' dir='ltr'><strong>ῥήτως</strong></span> <span class='ocrx_word' id='word_1_209' title='bbox 2321 1345 2804 1414; x_wconf 75' lang='grc' dir='ltr'><strong>γεγενημένος,καὶ</strong></span> <span class='ocrx_word' id='word_1_210' title='bbox 2820 1347 2868 1398; x_wconf 85' lang='grc' dir='ltr'><strong>εί</strong></span> <span class='ocrx_word' id='word_1_211' title='bbox 2884 1346 3100 1399; x_wconf 82' lang='grc' dir='ltr'><strong>καλοῖτο</strong></span> <span class='ocrx_word' id='word_1_212' title='bbox 3116 1345 3348 1416; x_wconf 80' lang='grc' dir='ltr'><strong>πρᾶγμα</strong></span> <span class='ocrx_word' id='word_1_213' title='bbox 3365 1343 3711 1414; x_wconf 83' lang='grc' dir='ltr'><strong>σωματικῶς.</strong></span> 
     </span>
    </p>
   </div>
   <div class='ocr_carea' id='block_1_27' title="bbox 2199 1434 3711 1506">
    <p class='ocr_par' dir='ltr' id='par_1_27' title="bbox 2199 1434 3711 1506">
     <span class='ocr_line' id='line_1_27' title="bbox 2199 1434 3711 1506; baseline -0.001 -19"><span class='ocrx_word' id='word_1_214' title='bbox 2199 1435 2311 1488; x_wconf 79' lang='grc' dir='ltr'><strong>Καὶ</strong></span> <span class='ocrx_word' id='word_1_215' title='bbox 2363 1435 2566 1503; x_wconf 82' lang='grc' dir='ltr'><strong>σπερῶ</strong></span> <span class='ocrx_word' id='word_1_216' title='bbox 2605 1437 2802 1505; x_wconf 80' lang='grc' dir='ltr'><strong>αὐτὴν</strong></span> <span class='ocrx_word' id='word_1_217' title='bbox 2850 1435 3084 1506; x_wconf 82' lang='grc' dir='ltr'><strong>ἐμαυτῷ</strong></span> <span class='ocrx_word' id='word_1_218' title='bbox 3133 1436 3234 1489; x_wconf 76' lang='grc' dir='ltr'><strong>ἐπὶ</strong></span> <span class='ocrx_word' id='word_1_219' title='bbox 3263 1435 3376 1504; x_wconf 81' lang='grc' dir='ltr'><strong>τῆς</strong></span> <span class='ocrx_word' id='word_1_220' title='bbox 3427 1434 3560 1506; x_wconf 77' lang='grc' dir='ltr'><strong>γῆς,</strong></span> <span class='ocrx_word' id='word_1_221' title='bbox 3613 1435 3711 1487; x_wconf 80' lang='grc' dir='ltr'><strong>καὶ</strong></span> 
     </span>
    </p>
   </div>
   <div class='ocr_carea' id='block_1_28' title="bbox 2129 1524 3714 1597">
    <p class='ocr_par' dir='ltr' id='par_1_28' title="bbox 2129 1524 3714 1597">
     <span class='ocr_line' id='line_1_28' title="bbox 2129 1524 3714 1597; baseline 0.003 -20"><span class='ocrx_word' id='word_1_222' title='bbox 2129 1524 2362 1594; x_wconf 81' lang='grc' dir='ltr'><strong>ἐλεήσω</strong></span> <span class='ocrx_word' id='word_1_223' title='bbox 2406 1527 2522 1594; x_wconf 83' lang='grc' dir='ltr'><strong>τὴν</strong></span> <span class='ocrx_word' id='word_1_224' title='bbox 2555 1530 2668 1582; x_wconf 79' lang='grc' dir='ltr'><strong>οὐκ</strong></span> <span class='ocrx_word' id='word_1_225' title='bbox 2697 1529 3068 1597; x_wconf 77' lang='grc' dir='ltr'><strong>ἠλεημένην,</strong></span> <span class='ocrx_word' id='word_1_226' title='bbox 3099 1529 3198 1582; x_wconf 82' lang='grc' dir='ltr'><strong>καὶ</strong></span> <span class='ocrx_word' id='word_1_227' title='bbox 3229 1526 3341 1596; x_wconf 84' lang='grc' dir='ltr'><strong>ἐρῶ</strong></span> <span class='ocrx_word' id='word_1_228' title='bbox 3365 1529 3446 1593; x_wconf 83' lang='grc' dir='ltr'><strong>τῷ</strong></span> <span class='ocrx_word' id='word_1_229' title='bbox 3485 1530 3556 1582; x_wconf 83' lang='grc' dir='ltr'><strong>οὐ</strong></span> <span class='ocrx_word' id='word_1_230' title='bbox 3588 1525 3714 1590; x_wconf 63' lang='grc' dir='ltr'><strong>,λαῷ</strong></span> 
     </span>
    </p>
   </div>
   <div class='ocr_carea' id='block_1_29' title="bbox 2122 1616 3714 1688">
    <p class='ocr_par' dir='ltr' id='par_1_29' title="bbox 2122 1616 3714 1688">
     <span class='ocr_line' id='line_1_29' title="bbox 2122 1616 3714 1688; baseline 0 -16"><span class='ocrx_word' id='word_1_231' title='bbox 2122 1633 2242 1684; x_wconf 85' lang='grc' dir='ltr'><strong>μου</strong></span> <span class='ocrx_word' id='word_1_232' title='bbox 2268 1655 2282 1679; x_wconf 94' lang='grc'><strong>,</strong></span> <span class='ocrx_word' id='word_1_233' title='bbox 2337 1619 2494 1683; x_wconf 84' lang='grc' dir='ltr'><strong>Λαός</strong></span> <span class='ocrx_word' id='word_1_234' title='bbox 2515 1637 2639 1686; x_wconf 83' lang='grc' dir='ltr'><strong>μου</strong></span> <span class='ocrx_word' id='word_1_235' title='bbox 2667 1616 2727 1673; x_wconf 82' lang='grc' dir='ltr'><strong>εἴ</strong></span> <span class='ocrx_word' id='word_1_236' title='bbox 2769 1620 2874 1688; x_wconf 84' lang='grc' dir='ltr'><strong>σὺ,</strong></span> <span class='ocrx_word' id='word_1_237' title='bbox 2899 1621 2999 1674; x_wconf 75' lang='grc' dir='ltr'><strong>καὶ</strong></span> <span class='ocrx_word' id='word_1_238' title='bbox 3032 1620 3216 1685; x_wconf 80' lang='grc' dir='ltr'><strong>αὐτὸς</strong></span> <span class='ocrx_word' id='word_1_239' title='bbox 3265 1619 3404 1687; x_wconf 84' lang='grc' dir='ltr'><strong>ἐρεῖ,</strong></span> <span class='ocrx_word' id='word_1_240' title='bbox 3440 1620 3655 1688; x_wconf 78' lang='grc' dir='ltr'><strong>Κύριος</strong></span> <span class='ocrx_word' id='word_1_241' title='bbox 3680 1621 3714 1672; x_wconf 86' lang='grc' dir='ltr'><strong>ό</strong></span> 
     </span>
    </p>
   </div>
   <div class='ocr_carea' id='block_1_30' title="bbox 2131 1708 2626 1778">
    <p class='ocr_par' dir='ltr' id='par_1_30' title="bbox 2131 1708 2626 1778">
     <span class='ocr_line' id='line_1_30' title="bbox 2131 1708 2626 1778; baseline 0.01 -18"><span class='ocrx_word' id='word_1_242' title='bbox 2131 1709 2273 1774; x_wconf 86' lang='grc' dir='ltr'><strong>Θεός</strong></span> <span class='ocrx_word' id='word_1_243' title='bbox 2294 1727 2414 1778; x_wconf 86' lang='grc' dir='ltr'><strong>μου</strong></span> <span class='ocrx_word' id='word_1_244' title='bbox 2435 1708 2496 1764; x_wconf 81' lang='grc' dir='ltr'><strong>ετ</strong></span> <span class='ocrx_word' id='word_1_245' title='bbox 2521 1713 2626 1766; x_wconf 86' lang='grc' dir='ltr'><strong>σύ.</strong></span> 
     </span>
    </p>
   </div>
   <div class='ocr_carea' id='block_1_31' title="bbox 521 1798 2025 1875">
    <p class='ocr_par' dir='ltr' id='par_1_31' title="bbox 521 1798 2025 1869">
     <span class='ocr_line' id='line_1_31' title="bbox 521 1798 2025 1869; baseline -0.005 -9"><span class='ocrx_word' id='word_1_246' title='bbox 521 1805 712 1861; x_wconf 77' lang='lat' dir='ltr'><strong>XXXI.</strong></span> <span class='ocrx_word' id='word_1_247' title='bbox 749 1805 980 1859; x_wconf 81' lang='lat' dir='ltr'><strong>Rursum</strong></span> <span class='ocrx_word' id='word_1_248' title='bbox 1024 1817 1183 1857; x_wconf 89' lang='lat' dir='ltr'><strong>voces</strong></span> <span class='ocrx_word' id='word_1_249' title='bbox 1217 1820 1236 1853; x_wconf 76' lang='grc' dir='ltr'><strong>ι</strong></span> <span class='ocrx_word' id='word_1_250' title='bbox 1269 1799 1398 1853; x_wconf 84' lang='lat' dir='ltr'><strong>mihi</strong></span> <span class='ocrx_word' id='word_1_251' title='bbox 1441 1803 1538 1869; x_wconf 84' lang='lat' dir='ltr'><strong>ipsi</strong></span> <span class='ocrx_word' id='word_1_252' title='bbox 1574 1818 1592 1850; x_wconf 81' lang='grc' dir='ltr'><strong>ι</strong></span> <span class='ocrx_word' id='word_1_253' title='bbox 1638 1798 1886 1852; x_wconf 74' lang='lat' dir='ltr'><strong>bifariam</strong></span> <span class='ocrx_word' id='word_1_254' title='bbox 1942 1799 2025 1852; x_wconf 91' lang='lat' dir='ltr'><strong>in-</strong></span> 
     </span>
    </p>
   </div>
   <div class='ocr_carea' id='block_1_32' title="bbox 2128 1798 3703 1875">
    <p class='ocr_par' dir='ltr' id='par_1_32' title="bbox 2220 1801 3703 1875">
     <span class='ocr_line' id='line_1_32' title="bbox 2220 1801 3703 1875; baseline 0.001 -21"><span class='ocrx_word' id='word_1_255' title='bbox 2220 1801 2347 1855; x_wconf 82' lang='lat' dir='ltr'><strong>AA’.</strong></span> <span class='ocrx_word' id='word_1_256' title='bbox 2379 1801 2453 1854; x_wconf 81' lang='lat' dir='ltr'>T6</span> <span class='ocrx_word' id='word_1_257' title='bbox 2485 1820 2504 1853; x_wconf 76' lang='grc' dir='ltr'><strong>ι</strong></span> <span class='ocrx_word' id='word_1_258' title='bbox 2545 1803 2769 1875; x_wconf 82' lang='grc' dir='ltr'><strong>ἐμαυτῷ</strong></span> <span class='ocrx_word' id='word_1_259' title='bbox 2818 1821 2836 1856; x_wconf 77' lang='grc' dir='ltr'><strong>ι</strong></span> <span class='ocrx_word' id='word_1_260' title='bbox 2887 1804 2953 1875; x_wconf 82' lang='grc' dir='ltr'><strong>δὴ</strong></span> <span class='ocrx_word' id='word_1_261' title='bbox 3008 1805 3169 1859; x_wconf 84' lang='grc' dir='ltr'><strong>πάλιν</strong></span> <span class='ocrx_word' id='word_1_262' title='bbox 3223 1805 3476 1872; x_wconf 87' lang='grc' dir='ltr'><strong>συνήσεις</strong></span> <span class='ocrx_word' id='word_1_263' title='bbox 3520 1803 3703 1873; x_wconf 84' lang='grc' dir='ltr'><strong>διχῶς.</strong></span> 
     </span>
    </p>
   </div>
   <div class='ocr_carea' id='block_1_33' title="bbox 451 1887 2030 1965">
    <p class='ocr_par' dir='ltr' id='par_1_33' title="bbox 451 1887 2030 1965">
     <span class='ocr_line' id='line_1_33' title="bbox 451 1887 2030 1965; baseline -0.004 -17"><span class='ocrx_word' id='word_1_264' title='bbox 451 1896 682 1965; x_wconf 86' lang='lat' dir='ltr'><strong>teltiges.</strong></span> <span class='ocrx_word' id='word_1_265' title='bbox 723 1892 961 1947; x_wconf 76' lang='lat' dir='ltr'><strong>Reddam</strong></span> <span class='ocrx_word' id='word_1_266' title='bbox 1002 1892 1172 1955; x_wconf 89' lang='lat' dir='ltr'><strong>enim,</strong></span> <span class='ocrx_word' id='word_1_267' title='bbox 1205 1891 1399 1959; x_wconf 89' lang='lat' dir='ltr'><strong>inquit,</strong></span> <span class='ocrx_word' id='word_1_268' title='bbox 1447 1891 1584 1943; x_wconf 88' lang='lat' dir='ltr'><strong>bene</strong></span> <span class='ocrx_word' id='word_1_269' title='bbox 1618 1887 1918 1952; x_wconf 83' lang='lat' dir='ltr'><strong>ﬂorentem,</strong></span> <span class='ocrx_word' id='word_1_270' title='bbox 1975 1898 2030 1941; x_wconf 92' lang='lat' dir='ltr'><strong>et</strong></span> 
     </span>
    </p>
   </div>
   <div class='ocr_carea' id='block_1_34' title="bbox 450 1977 2028 2052">
    <p class='ocr_par' dir='ltr' id='par_1_34' title="bbox 450 1977 2028 2052">
     <span class='ocr_line' id='line_1_34' title="bbox 450 1977 2028 2052; baseline -0.008 -10"><span class='ocrx_word' id='word_1_271' title='bbox 450 1987 786 2042; x_wconf 75' lang='lat' dir='ltr'><strong>fructiferam</strong></span> <span class='ocrx_word' id='word_1_272' title='bbox 851 1982 1160 2038; x_wconf 82' lang='lat' dir='ltr'><strong>Judaeorum</strong></span> <span class='ocrx_word' id='word_1_273' title='bbox 1222 1979 1559 2052; x_wconf 83' lang='lat' dir='ltr'><strong>Synagogam</strong></span> <span class='ocrx_word' id='word_1_274' title='bbox 1621 1977 1886 2049; x_wconf 86' lang='lat' dir='ltr'><strong>profecto,</strong></span> <span class='ocrx_word' id='word_1_275' title='bbox 1923 1991 2028 2030; x_wconf 93' lang='lat' dir='ltr'><strong>non</strong></span> 
     </span>
    </p>
   </div>
   <div class='ocr_carea' id='block_1_35' title="bbox 455 2070 2028 2149">
    <p class='ocr_par' dir='ltr' id='par_1_35' title="bbox 455 2070 2028 2149">
     <span class='ocr_line' id='line_1_35' title="bbox 455 2070 2028 2149; baseline -0.009 -14"><span class='ocrx_word' id='word_1_276' title='bbox 455 2082 686 2149; x_wconf 81' lang='lat' dir='ltr'><strong>amplius</strong></span> <span class='ocrx_word' id='word_1_277' title='bbox 735 2080 904 2133; x_wconf 89' lang='lat' dir='ltr'><strong>invite</strong></span> <span class='ocrx_word' id='word_1_278' title='bbox 937 2084 1214 2148; x_wconf 87' lang='lat' dir='ltr'><strong>parentem</strong></span> <span class='ocrx_word' id='word_1_279' title='bbox 1242 2075 1444 2145; x_wconf 75' lang='lat' dir='ltr'><strong>legibus</strong></span> <span class='ocrx_word' id='word_1_280' title='bbox 1479 2072 1631 2136; x_wconf 89' lang='lat' dir='ltr'><strong>meis,</strong></span> <span class='ocrx_word' id='word_1_281' title='bbox 1661 2087 1832 2140; x_wconf 87' lang='lat' dir='ltr'><strong>neque</strong></span> <span class='ocrx_word' id='word_1_282' title='bbox 1861 2070 2028 2140; x_wconf 80' lang='lat' dir='ltr'><strong>perti—</strong></span> 
     </span>
    </p>
   </div>
   <div class='ocr_carea' id='block_1_36' title="bbox 449 2163 2031 2242">
    <p class='ocr_par' dir='ltr' id='par_1_36' title="bbox 449 2163 2031 2242">
     <span class='ocr_line' id='line_1_36' title="bbox 449 2163 2031 2242; baseline -0.006 -16"><span class='ocrx_word' id='word_1_283' title='bbox 449 2178 661 2227; x_wconf 88' lang='lat' dir='ltr'><strong>naciter</strong></span> <span class='ocrx_word' id='word_1_284' title='bbox 698 2172 837 2242; x_wconf 89' lang='lat' dir='ltr'><strong>typis</strong></span> <span class='ocrx_word' id='word_1_285' title='bbox 865 2168 1077 2223; x_wconf 77' lang='lat' dir='ltr'><strong>affixam</strong></span> <span class='ocrx_word' id='word_1_286' title='bbox 1125 2177 1179 2223; x_wconf 87' lang='lat' dir='ltr'><strong>et</strong></span> <span class='ocrx_word' id='word_1_287' title='bbox 1201 2167 1563 2232; x_wconf 63' lang='lat' dir='ltr'><strong>,inhwrentem</strong></span> <span class='ocrx_word' id='word_1_288' title='bbox 1587 2181 1600 2230; x_wconf 91' lang='lat'>;</span> <span class='ocrx_word' id='word_1_289' title='bbox 1626 2166 1718 2218; x_wconf 90' lang='lat' dir='ltr'><strong>sed</strong></span> <span class='ocrx_word' id='word_1_290' title='bbox 1751 2163 1890 2232; x_wconf 90' lang='lat' dir='ltr'><strong>quod</strong></span> <span class='ocrx_word' id='word_1_291' title='bbox 1919 2177 2031 2216; x_wconf 90' lang='lat' dir='ltr'><strong>ma-</strong></span> 
     </span>
    </p>
   </div>
   <div class='ocr_carea' id='block_1_37' title="bbox 447 2255 2031 2327">
    <p class='ocr_par' dir='ltr' id='par_1_37' title="bbox 447 2255 2031 2327">
     <span class='ocr_line' id='line_1_37' title="bbox 447 2255 2031 2327; baseline -0.008 -8"><span class='ocrx_word' id='word_1_292' title='bbox 447 2267 592 2319; x_wconf 80' lang='lat' dir='ltr'><strong>xime</strong></span> <span class='ocrx_word' id='word_1_293' title='bbox 629 2266 802 2318; x_wconf 87' lang='lat' dir='ltr'><strong>visum</strong></span> <span class='ocrx_word' id='word_1_294' title='bbox 840 2261 1004 2316; x_wconf 86' lang='lat' dir='ltr'><strong>fuerit</strong></span> <span class='ocrx_word' id='word_1_295' title='bbox 1038 2261 1146 2314; x_wconf 86' lang='lat' dir='ltr'><strong>Deo</strong></span> <span class='ocrx_word' id='word_1_296' title='bbox 1196 2269 1429 2327; x_wconf 90' lang='lat' dir='ltr'><strong>gratum,</strong></span> <span class='ocrx_word' id='word_1_297' title='bbox 1457 2266 1512 2311; x_wconf 88' lang='lat' dir='ltr'><strong>et</strong></span> <span class='ocrx_word' id='word_1_298' title='bbox 1544 2257 1683 2325; x_wconf 89' lang='lat' dir='ltr'><strong>quod</strong></span> <span class='ocrx_word' id='word_1_299' title='bbox 1734 2255 1804 2308; x_wconf 90' lang='lat' dir='ltr'><strong>illi</strong></span> <span class='ocrx_word' id='word_1_300' title='bbox 1837 2269 2031 2324; x_wconf 90' lang='lat' dir='ltr'><strong>oppor-</strong></span> 
     </span>
    </p>
   </div>
   <div class='ocr_carea' id='block_1_38' title="bbox 450 2348 2033 2419">
    <p class='ocr_par' dir='ltr' id='par_1_38' title="bbox 450 2348 2033 2419">
     <span class='ocr_line' id='line_1_38' title="bbox 450 2348 2033 2419; baseline -0.006 -9"><span class='ocrx_word' id='word_1_301' title='bbox 450 2368 637 2410; x_wconf 90' lang='lat' dir='ltr'><strong>tunum</strong></span> <span class='ocrx_word' id='word_1_302' title='bbox 669 2352 1086 2418; x_wconf 80' lang='lat' dir='ltr'><strong>exiStimaverit,</strong></span> <span class='ocrx_word' id='word_1_303' title='bbox 1121 2352 1170 2404; x_wconf 93' lang='lat' dir='ltr'><strong>id</strong></span> <span class='ocrx_word' id='word_1_304' title='bbox 1223 2362 1464 2419; x_wconf 83' lang='lat' dir='ltr'><strong>paratam</strong></span> <span class='ocrx_word' id='word_1_305' title='bbox 1513 2349 1615 2402; x_wconf 89' lang='lat' dir='ltr'><strong>rite</strong></span> <span class='ocrx_word' id='word_1_306' title='bbox 1645 2348 1894 2416; x_wconf 81' lang='lat' dir='ltr'><strong>exsequi.</strong></span> <span class='ocrx_word' id='word_1_307' title='bbox 1931 2357 2033 2400; x_wconf 87' lang='lat' dir='ltr'><strong>tta-</strong></span> 
     </span>
    </p>
   </div>
   <div class='ocr_carea' id='block_1_39' title="bbox 447 2441 2033 2519">
    <p class='ocr_par' dir='ltr' id='par_1_39' title="bbox 447 2441 2033 2519">
     <span class='ocr_line' id='line_1_39' title="bbox 447 2441 2033 2519; baseline -0.005 -17"><span class='ocrx_word' id='word_1_308' title='bbox 447 2463 553 2519; x_wconf 88' lang='lat' dir='ltr'><strong>que</strong></span> <span class='ocrx_word' id='word_1_309' title='bbox 589 2448 717 2501; x_wconf 89' lang='lat' dir='ltr'><strong>mihi</strong></span> <span class='ocrx_word' id='word_1_310' title='bbox 750 2447 849 2516; x_wconf 90' lang='lat' dir='ltr'><strong>ipsi</strong></span> <span class='ocrx_word' id='word_1_311' title='bbox 895 2445 1204 2500; x_wconf 85' lang='lat' dir='ltr'><strong>seminabo:</strong></span> <span class='ocrx_word' id='word_1_312' title='bbox 1235 2457 1412 2496; x_wconf 87' lang='lat' dir='ltr'><strong>meum</strong></span> <span class='ocrx_word' id='word_1_313' title='bbox 1446 2441 1643 2510; x_wconf 88' lang='lat' dir='ltr'><strong>quippe</strong></span> <span class='ocrx_word' id='word_1_314' title='bbox 1682 2454 1866 2493; x_wconf 84' lang='lat' dir='ltr'><strong>semen</strong></span> <span class='ocrx_word' id='word_1_315' title='bbox 1919 2455 2033 2494; x_wconf 88' lang='lat' dir='ltr'><strong>sus-</strong></span> 
     </span>
    </p>
   </div>
   <div class='ocr_carea' id='block_1_40' title="bbox 447 2531 2034 2610">
    <p class='ocr_par' dir='ltr' id='par_1_40' title="bbox 447 2531 2034 2610">
     <span class='ocr_line' id='line_1_40' title="bbox 447 2531 2034 2610; baseline -0.005 -16"><span class='ocrx_word' id='word_1_316' title='bbox 447 2542 630 2610; x_wconf 88' lang='lat' dir='ltr'><strong>cipiet,</strong></span> <span class='ocrx_word' id='word_1_317' title='bbox 670 2549 726 2594; x_wconf 90' lang='lat' dir='ltr'><strong>ut</strong></span> <span class='ocrx_word' id='word_1_318' title='bbox 761 2537 1068 2606; x_wconf 83' lang='lat' dir='ltr'><strong>evangelica</strong></span> <span class='ocrx_word' id='word_1_319' title='bbox 1143 2535 1385 2597; x_wconf 86' lang='lat' dir='ltr'><strong>oracula,</strong></span> <span class='ocrx_word' id='word_1_320' title='bbox 1433 2549 1536 2587; x_wconf 90' lang='lat' dir='ltr'><strong>non</strong></span> <span class='ocrx_word' id='word_1_321' title='bbox 1574 2531 1684 2601; x_wconf 87' lang='lat' dir='ltr'><strong>jam</strong></span> <span class='ocrx_word' id='word_1_322' title='bbox 1727 2533 1895 2602; x_wconf 84' lang='lat' dir='ltr'><strong>legem</strong></span> <span class='ocrx_word' id='word_1_323' title='bbox 1937 2547 2034 2602; x_wconf 89' lang='lat' dir='ltr'><strong>per</strong></span> 
     </span>
    </p>
   </div>
   <div class='ocr_carea' id='block_1_41' title="bbox 447 2621 2034 2700">
    <p class='ocr_par' dir='ltr' id='par_1_41' title="bbox 447 2621 2034 2700">
     <span class='ocr_line' id='line_1_41' title="bbox 447 2621 2034 2700; baseline -0.009 -14"><span class='ocrx_word' id='word_1_324' title='bbox 447 2631 666 2700; x_wconf 81' lang='lat' dir='ltr'><strong>Moysen</strong></span> <span class='ocrx_word' id='word_1_325' title='bbox 711 2631 1131 2698; x_wconf 86' lang='lat' dir='ltr'><strong>promulgatam,</strong></span> <span class='ocrx_word' id='word_1_326' title='bbox 1163 2625 1303 2678; x_wconf 89' lang='lat' dir='ltr'><strong>sicut</strong></span> <span class='ocrx_word' id='word_1_327' title='bbox 1341 2624 1394 2677; x_wconf 90' lang='lat' dir='ltr'><strong>in</strong></span> <span class='ocrx_word' id='word_1_328' title='bbox 1443 2622 1732 2691; x_wconf 86' lang='lat' dir='ltr'><strong>principio,</strong></span> <span class='ocrx_word' id='word_1_329' title='bbox 1771 2621 2034 2688; x_wconf 84' lang='lat' dir='ltr'><strong>intelliga-</strong></span> 
     </span>
    </p>
   </div>
   <div class='ocr_carea' id='block_1_42' title="bbox 447 2711 2034 2787">
    <p class='ocr_par' dir='ltr' id='par_1_42' title="bbox 447 2711 2034 2787">
     <span class='ocr_line' id='line_1_42' title="bbox 447 2711 2034 2787; baseline -0.007 -10"><span class='ocrx_word' id='word_1_330' title='bbox 447 2739 584 2777; x_wconf 81' lang='lat' dir='ltr'><strong>ntus.</strong></span> <span class='ocrx_word' id='word_1_331' title='bbox 649 2721 789 2776; x_wconf 86' lang='lat' dir='ltr'><strong>Olim</strong></span> <span class='ocrx_word' id='word_1_332' title='bbox 851 2720 996 2774; x_wconf 90' lang='lat' dir='ltr'><strong>enim</strong></span> <span class='ocrx_word' id='word_1_333' title='bbox 1055 2717 1195 2787; x_wconf 88' lang='lat' dir='ltr'><strong>typis</strong></span> <span class='ocrx_word' id='word_1_334' title='bbox 1227 2724 1283 2769; x_wconf 89' lang='lat' dir='ltr'><strong>et</strong></span> <span class='ocrx_word' id='word_1_335' title='bbox 1353 2714 1541 2783; x_wconf 82' lang='lat' dir='ltr'><strong>ﬁguris</strong></span> <span class='ocrx_word' id='word_1_336' title='bbox 1575 2711 1874 2767; x_wconf 86' lang='lat' dir='ltr'><strong>colebatur.</strong></span> <span class='ocrx_word' id='word_1_337' title='bbox 1926 2714 2034 2771; x_wconf 80' lang='lat' dir='ltr'><strong>Aut</strong></span> 
     </span>
    </p>
   </div>
   <div class='ocr_carea' id='block_1_43' title="bbox 445 2805 2035 2878">
    <p class='ocr_par' dir='ltr' id='par_1_43' title="bbox 445 2805 2035 2878">
     <span class='ocr_line' id='line_1_43' title="bbox 445 2805 2035 2878; baseline -0.008 -10"><span class='ocrx_word' id='word_1_338' title='bbox 445 2825 594 2869; x_wconf 79' lang='lat' dir='ltr'><strong>certe</strong></span> <span class='ocrx_word' id='word_1_339' title='bbox 623 2833 640 2863; x_wconf 81' lang='grc' dir='ltr'><strong>ι</strong></span> <span class='ocrx_word' id='word_1_340' title='bbox 679 2811 807 2865; x_wconf 88' lang='lat' dir='ltr'><strong>mihi</strong></span> <span class='ocrx_word' id='word_1_341' title='bbox 843 2809 966 2878; x_wconf 88' lang='lat' dir='ltr'><strong>ipsi,</strong></span> <span class='ocrx_word' id='word_1_342' title='bbox 1004 2827 1022 2860; x_wconf 76' lang='grc' dir='ltr'><strong>ι</strong></span> <span class='ocrx_word' id='word_1_343' title='bbox 1078 2807 1184 2860; x_wconf 91' lang='lat' dir='ltr'><strong>alio</strong></span> <span class='ocrx_word' id='word_1_344' title='bbox 1238 2820 1398 2860; x_wconf 87' lang='lat' dir='ltr'><strong>sensu</strong></span> <span class='ocrx_word' id='word_1_345' title='bbox 1454 2805 1896 2874; x_wconf 86' lang='lat' dir='ltr'><strong>interpretabere.</strong></span> <span class='ocrx_word' id='word_1_346' title='bbox 1931 2805 2035 2858; x_wconf 88' lang='lat' dir='ltr'><strong>Per</strong></span> 
     </span>
    </p>
   </div>
   <div class='ocr_carea' id='block_1_44' title="bbox 445 2897 2032 2974">
    <p class='ocr_par' dir='ltr' id='par_1_44' title="bbox 445 2897 2032 2974">
     <span class='ocr_line' id='line_1_44' title="bbox 445 2897 2032 2974; baseline -0.009 -12"><span class='ocrx_word' id='word_1_347' title='bbox 445 2923 554 2972; x_wconf 88' lang='lat' dir='ltr'><strong>me,</strong></span> <span class='ocrx_word' id='word_1_348' title='bbox 586 2904 777 2974; x_wconf 85' lang='lat' dir='ltr'><strong>inquit,</strong></span> <span class='ocrx_word' id='word_1_349' title='bbox 811 2904 978 2972; x_wconf 85' lang='lat' dir='ltr'><strong>ipsam</strong></span> <span class='ocrx_word' id='word_1_350' title='bbox 1038 2899 1259 2964; x_wconf 87' lang='lat' dir='ltr'><strong>curabo,</strong></span> <span class='ocrx_word' id='word_1_351' title='bbox 1294 2911 1387 2951; x_wconf 88' lang='lat' dir='ltr'><strong>seu</strong></span> <span class='ocrx_word' id='word_1_352' title='bbox 1438 2897 1504 2951; x_wconf 90' lang='lat' dir='ltr'><strong>ad</strong></span> <span class='ocrx_word' id='word_1_353' title='bbox 1550 2897 1665 2966; x_wconf 84' lang='lat' dir='ltr'><strong>ejus</strong></span> <span class='ocrx_word' id='word_1_354' title='bbox 1711 2912 1896 2951; x_wconf 90' lang='lat' dir='ltr'><strong>curam</strong></span> <span class='ocrx_word' id='word_1_355' title='bbox 1953 2897 2032 2948; x_wconf 90' lang='lat' dir='ltr'><strong>iu-</strong></span> 
     </span>
    </p>
   </div>
   <div class='ocr_carea' id='block_1_45' title="bbox 446 2991 2035 3062">
    <p class='ocr_par' dir='ltr' id='par_1_45' title="bbox 446 2991 2035 3062">
     <span class='ocr_line' id='line_1_45' title="bbox 446 2991 2035 3062; baseline -0.008 -10"><span class='ocrx_word' id='word_1_356' title='bbox 446 2996 725 3060; x_wconf 85' lang='lat' dir='ltr'><strong>culnbam,</strong></span> <span class='ocrx_word' id='word_1_357' title='bbox 758 3004 813 3048; x_wconf 89' lang='lat' dir='ltr'><strong>et</strong></span> <span class='ocrx_word' id='word_1_358' title='bbox 843 2993 994 3062; x_wconf 89' lang='lat' dir='ltr'><strong>quasi</strong></span> <span class='ocrx_word' id='word_1_359' title='bbox 1024 2999 1225 3045; x_wconf 88' lang='lat' dir='ltr'><strong>terram</strong></span> <span class='ocrx_word' id='word_1_360' title='bbox 1259 2991 1544 3057; x_wconf 88' lang='lat' dir='ltr'><strong>quamdam</strong></span> <span class='ocrx_word' id='word_1_361' title='bbox 1596 2991 1864 3058; x_wconf 84' lang='lat' dir='ltr'><strong>pinguem,</strong></span> <span class='ocrx_word' id='word_1_362' title='bbox 1915 3003 2035 3041; x_wconf 83' lang='lat' dir='ltr'><strong>ara-</strong></span> 
     </span>
    </p>
   </div>
   <div class='ocr_carea' id='block_1_46' title="bbox 449 3083 2035 3156">
    <p class='ocr_par' dir='ltr' id='par_1_46' title="bbox 449 3083 2035 3156">
     <span class='ocr_line' id='line_1_46' title="bbox 449 3083 2035 3156; baseline -0.006 -14"><span class='ocrx_word' id='word_1_363' title='bbox 449 3097 614 3156; x_wconf 90' lang='lat' dir='ltr'><strong>tuque</strong></span> <span class='ocrx_word' id='word_1_364' title='bbox 638 3085 868 3148; x_wconf 88' lang='lat' dir='ltr'><strong>facilem,</strong></span> <span class='ocrx_word' id='word_1_365' title='bbox 890 3099 992 3137; x_wconf 91' lang='lat' dir='ltr'><strong>non</strong></span> <span class='ocrx_word' id='word_1_366' title='bbox 1012 3098 1106 3152; x_wconf 90' lang='lat' dir='ltr'><strong>per</strong></span> <span class='ocrx_word' id='word_1_367' title='bbox 1137 3083 1298 3135; x_wconf 88' lang='lat' dir='ltr'><strong>alium</strong></span> <span class='ocrx_word' id='word_1_368' title='bbox 1321 3083 1651 3149; x_wconf 84' lang='lat' dir='ltr'><strong>quempiam,</strong></span> <span class='ocrx_word' id='word_1_369' title='bbox 1672 3083 1763 3135; x_wconf 90' lang='lat' dir='ltr'><strong>sed</strong></span> <span class='ocrx_word' id='word_1_370' title='bbox 1796 3097 1889 3150; x_wconf 90' lang='lat' dir='ltr'><strong>per</strong></span> <span class='ocrx_word' id='word_1_371' title='bbox 1919 3095 2035 3134; x_wconf 88' lang='lat' dir='ltr'><strong>me-</strong></span> 
     </span>
    </p>
   </div>
   <div class='ocr_carea' id='block_1_47' title="bbox 2144 1891 3711 1966">
    <p class='ocr_par' dir='ltr' id='par_1_47' title="bbox 2144 1891 3711 1966">
     <span class='ocr_line' id='line_1_47' title="bbox 2144 1891 3711 1966; baseline 0.001 -22"><span class='ocrx_word' id='word_1_372' title='bbox 2144 1892 2429 1961; x_wconf 84' lang='grc' dir='ltr'><strong>Ἀποφανῶ</strong></span> <span class='ocrx_word' id='word_1_373' title='bbox 2451 1893 2581 1965; x_wconf 82' lang='grc' dir='ltr'><strong>γὰρ,</strong></span> <span class='ocrx_word' id='word_1_374' title='bbox 2611 1896 2794 1965; x_wconf 73' lang='grc' dir='ltr'><strong>φησὶν,</strong></span> <span class='ocrx_word' id='word_1_375' title='bbox 2823 1891 2932 1948; x_wconf 74' lang='grc' dir='ltr'><strong>οἷόν</strong></span> <span class='ocrx_word' id='word_1_376' title='bbox 2957 1913 3071 1959; x_wconf 87' lang='grc' dir='ltr'><strong>πως</strong></span> <span class='ocrx_word' id='word_1_377' title='bbox 3091 1895 3293 1966; x_wconf 88' lang='grc' dir='ltr'><strong>εὐθαλῆ</strong></span> <span class='ocrx_word' id='word_1_378' title='bbox 3313 1913 3373 1948; x_wconf 90' lang='grc' dir='ltr'><strong>τε</strong></span> <span class='ocrx_word' id='word_1_379' title='bbox 3389 1896 3482 1948; x_wconf 74' lang='grc' dir='ltr'><strong>καὶ</strong></span> <span class='ocrx_word' id='word_1_380' title='bbox 3506 1895 3678 1964; x_wconf 80' lang='grc' dir='ltr'><strong>ἓγκαρ</strong></span> <span class='ocrx_word' id='word_1_381' title='bbox 3693 1922 3711 1935; x_wconf 87' lang='lat'><strong>-</strong></span> 
     </span>
    </p>
   </div>
   <div class='ocr_carea' id='block_1_48' title="bbox 2131 1982 3711 2056">
    <p class='ocr_par' dir='ltr' id='par_1_48' title="bbox 2131 1982 3711 2056">
     <span class='ocr_line' id='line_1_48' title="bbox 2131 1982 3711 2056; baseline 0 -21"><span class='ocrx_word' id='word_1_382' title='bbox 2131 1999 2252 2047; x_wconf 89' lang='grc' dir='ltr'><strong>πον,</strong></span> <span class='ocrx_word' id='word_1_383' title='bbox 2271 1982 2428 2052; x_wconf 81' lang='grc' dir='ltr'><strong>δῆλον</strong></span> <span class='ocrx_word' id='word_1_384' title='bbox 2446 1984 2503 2036; x_wconf 85' lang='grc' dir='ltr'><strong>δὲ</strong></span> <span class='ocrx_word' id='word_1_385' title='bbox 2523 1985 2605 2038; x_wconf 79' lang='grc' dir='ltr'><strong>ὅτι</strong></span> <span class='ocrx_word' id='word_1_386' title='bbox 2626 1985 2723 2056; x_wconf 85' lang='grc' dir='ltr'><strong>τὴν</strong></span> <span class='ocrx_word' id='word_1_387' title='bbox 2743 1985 2852 2039; x_wconf 90' lang='grc' dir='ltr'><strong>τῶν</strong></span> <span class='ocrx_word' id='word_1_388' title='bbox 2881 1984 3146 2039; x_wconf 79' lang='grc' dir='ltr'><strong>Ἰουδαίων</strong></span> <span class='ocrx_word' id='word_1_389' title='bbox 3165 1985 3510 2054; x_wconf 84' lang='grc' dir='ltr'><strong>συναγωγὴν,</strong></span> <span class='ocrx_word' id='word_1_390' title='bbox 3527 1984 3711 2036; x_wconf 83' lang='grc' dir='ltr'><strong>οὐκέτι</strong></span> 
     </span>
    </p>
   </div>
   <div class='ocr_carea' id='block_1_49' title="bbox 2131 2058 3710 2146">
    <p class='ocr_par' dir='ltr' id='par_1_49' title="bbox 2131 2058 3710 2146">
     <span class='ocr_line' id='line_1_49' title="bbox 2131 2058 3710 2146; baseline 0 -19"><span class='ocrx_word' id='word_1_391' title='bbox 2131 2080 2221 2127; x_wconf 76' lang='grc' dir='ltr'><strong>τὸν</strong></span> <span class='ocrx_word' id='word_1_392' title='bbox 2243 2073 2540 2145; x_wconf 89' lang='grc' dir='ltr'><strong>ἀϐούλητον</strong></span> <span class='ocrx_word' id='word_1_393' title='bbox 2579 2077 2703 2146; x_wconf 78' lang='grc' dir='ltr'><strong>ἐμοὶ</strong></span> <span class='ocrx_word' id='word_1_394' title='bbox 2737 2077 3192 2146; x_wconf 86' lang='grc' dir='ltr'><strong>διαπεραίνουσαν</strong></span> <span class='ocrx_word' id='word_1_395' title='bbox 3211 2058 3394 2146; x_wconf 86' lang='grc' dir='ltr'><strong>νόμον,</strong></span> <span class='ocrx_word' id='word_1_396' title='bbox 3433 2074 3556 2128; x_wconf 78' lang='grc' dir='ltr'><strong>οὔτε</strong></span> <span class='ocrx_word' id='word_1_397' title='bbox 3606 2073 3710 2145; x_wconf 76' lang='grc' dir='ltr'><strong>μὴν</strong></span> 
     </span>
    </p>
   </div>
   <div class='ocr_carea' id='block_1_50' title="bbox 2132 2159 3708 2235">
    <p class='ocr_par' dir='ltr' id='par_1_50' title="bbox 2132 2159 3708 2235">
     <span class='ocr_line' id='line_1_50' title="bbox 2132 2159 3708 2235; baseline -0.002 -20"><span class='ocrx_word' id='word_1_398' title='bbox 2132 2165 2514 2234; x_wconf 87' lang='grc' dir='ltr'><strong>προσερεῖσθαι</strong></span> <span class='ocrx_word' id='word_1_399' title='bbox 2532 2167 2644 2228; x_wconf 89' lang='grc' dir='ltr'><strong>τοῖς</strong></span> <span class='ocrx_word' id='word_1_400' title='bbox 2669 2163 2882 2228; x_wconf 88' lang='grc' dir='ltr'><strong>τύποις,</strong></span> <span class='ocrx_word' id='word_1_401' title='bbox 2907 2163 3075 2235; x_wconf 73' lang='grc' dir='ltr'><strong>ἀπρὶξ</strong></span> <span class='ocrx_word' id='word_1_402' title='bbox 3109 2163 3444 2235; x_wconf 78' lang='grc' dir='ltr'><strong>ᾑρημένουςο</strong></span> <span class='ocrx_word' id='word_1_403' title='bbox 3469 2161 3604 2216; x_wconf 83' lang='grc' dir='ltr'><strong>ἀλλὰ</strong></span> <span class='ocrx_word' id='word_1_404' title='bbox 3627 2159 3708 2224; x_wconf 78' lang='grc' dir='ltr'><strong>τὸ,</strong></span> 
     </span>
    </p>
   </div>
   <div class='ocr_carea' id='block_1_51' title="bbox 2132 2247 3710 2326">
    <p class='ocr_par' dir='ltr' id='par_1_51' title="bbox 2132 2247 3710 2326">
     <span class='ocr_line' id='line_1_51' title="bbox 2132 2247 3710 2326; baseline -0.001 -20"><span class='ocrx_word' id='word_1_405' title='bbox 2132 2254 2211 2306; x_wconf 86' lang='grc' dir='ltr'><strong>ὅτι</strong></span> <span class='ocrx_word' id='word_1_406' title='bbox 2249 2255 2487 2325; x_wconf 87' lang='grc' dir='ltr'><strong>μάλιστα</strong></span> <span class='ocrx_word' id='word_1_407' title='bbox 2539 2254 2616 2326; x_wconf 88' lang='grc' dir='ltr'><strong>τῷ</strong></span> <span class='ocrx_word' id='word_1_408' title='bbox 2649 2255 2769 2326; x_wconf 89' lang='grc' dir='ltr'><strong>Θεῷ</strong></span> <span class='ocrx_word' id='word_1_409' title='bbox 2805 2257 2957 2326; x_wconf 82' lang='grc' dir='ltr'><strong>φίλον</strong></span> <span class='ocrx_word' id='word_1_410' title='bbox 2995 2273 3055 2309; x_wconf 87' lang='grc' dir='ltr'><strong>τε</strong></span> <span class='ocrx_word' id='word_1_411' title='bbox 3083 2255 3295 2320; x_wconf 88' lang='grc' dir='ltr'><strong>δοκοῦν,</strong></span> <span class='ocrx_word' id='word_1_412' title='bbox 3326 2254 3420 2308; x_wconf 61' lang='grc' dir='ltr'><strong>καὶ¹</strong></span> <span class='ocrx_word' id='word_1_413' title='bbox 3467 2247 3528 2307; x_wconf 82' lang='grc' dir='ltr'><strong>εὖ</strong></span> <span class='ocrx_word' id='word_1_414' title='bbox 3568 2252 3710 2323; x_wconf 77' lang='grc' dir='ltr'><strong>ἔχειν</strong></span> 
     </span>
    </p>
   </div>
   <div class='ocr_carea' id='block_1_52' title="bbox 2133 2345 3709 2420">
    <p class='ocr_par' dir='ltr' id='par_1_52' title="bbox 2133 2345 3709 2420">
     <span class='ocr_line' id='line_1_52' title="bbox 2133 2345 3709 2420; baseline -0.001 -21"><span class='ocrx_word' id='word_1_415' title='bbox 2133 2347 2558 2418; x_wconf 79' lang='grc' dir='ltr'><strong>ὑπειλημμένον,</strong></span> <span class='ocrx_word' id='word_1_416' title='bbox 2589 2348 2890 2420; x_wconf 82' lang='grc' dir='ltr'><strong>κατορθοῦν</strong></span> <span class='ocrx_word' id='word_1_417' title='bbox 2930 2349 3211 2420; x_wconf 78' lang='grc' dir='ltr'><strong>ἑλομένην.</strong></span> <span class='ocrx_word' id='word_1_418' title='bbox 3253 2347 3460 2402; x_wconf 85' lang='grc' dir='ltr'><strong>Οὐκοῦν</strong></span> <span class='ocrx_word' id='word_1_419' title='bbox 3490 2345 3709 2416; x_wconf 87' lang='grc' dir='ltr'><strong>ἐμαυτῷ</strong></span> 
     </span>
    </p>
   </div>
   <div class='ocr_carea' id='block_1_53' title="bbox 2133 2437 3710 2512">
    <p class='ocr_par' dir='ltr' id='par_1_53' title="bbox 2133 2437 3710 2512">
     <span class='ocr_line' id='line_1_53' title="bbox 2133 2437 3710 2512; baseline -0.001 -20"><span class='ocrx_word' id='word_1_420' title='bbox 2133 2441 2463 2511; x_wconf 83' lang='grc' dir='ltr'><strong>κατασπερῶ</strong></span> <span class='ocrx_word' id='word_1_421' title='bbox 2478 2457 2492 2472; x_wconf 88' lang='grc'><strong>·</strong></span> <span class='ocrx_word' id='word_1_422' title='bbox 2517 2440 2606 2494; x_wconf 75' lang='grc' dir='ltr'><strong>τὸν</strong></span> <span class='ocrx_word' id='word_1_423' title='bbox 2627 2441 2736 2510; x_wconf 83' lang='grc' dir='ltr'><strong>γὰρ</strong></span> <span class='ocrx_word' id='word_1_424' title='bbox 2759 2442 2890 2512; x_wconf 82' lang='grc' dir='ltr'><strong>ἐμὸν</strong></span> <span class='ocrx_word' id='word_1_425' title='bbox 2913 2441 3205 2506; x_wconf 85' lang='grc' dir='ltr'><strong>είσδέξεται</strong></span> <span class='ocrx_word' id='word_1_426' title='bbox 3230 2440 3450 2512; x_wconf 86' lang='grc' dir='ltr'><strong>σπόρον,</strong></span> <span class='ocrx_word' id='word_1_427' title='bbox 3471 2439 3558 2492; x_wconf 84' lang='grc' dir='ltr'><strong>ἴνα</strong></span> <span class='ocrx_word' id='word_1_428' title='bbox 3574 2437 3710 2491; x_wconf 81' lang='grc' dir='ltr'><strong>νοῶ·-</strong></span> 
     </span>
    </p>
   </div>
   <div class='ocr_carea' id='block_1_54' title="bbox 2139 2531 3710 2604">
    <p class='ocr_par' dir='ltr' id='par_1_54' title="bbox 2139 2531 3710 2604">
     <span class='ocr_line' id='line_1_54' title="bbox 2139 2531 3710 2604; baseline 0.001 -21"><span class='ocrx_word' id='word_1_429' title='bbox 2139 2548 2237 2600; x_wconf 89' lang='grc' dir='ltr'><strong>μεν</strong></span> <span class='ocrx_word' id='word_1_430' title='bbox 2264 2532 2331 2584; x_wconf 85' lang='grc' dir='ltr'><strong>τὰ</strong></span> <span class='ocrx_word' id='word_1_431' title='bbox 2379 2533 2710 2601; x_wconf 83' lang='grc' dir='ltr'><strong>εὐαγγελικά</strong></span> <span class='ocrx_word' id='word_1_432' title='bbox 2753 2532 3119 2604; x_wconf 84' lang='grc' dir='ltr'><strong>θεσπίσματα,</strong></span> <span class='ocrx_word' id='word_1_433' title='bbox 3165 2535 3257 2586; x_wconf 75' lang='grc' dir='ltr'><strong>καὶ</strong></span> <span class='ocrx_word' id='word_1_434' title='bbox 3290 2533 3473 2586; x_wconf 84' lang='grc' dir='ltr'><strong>οὐκέτι</strong></span> <span class='ocrx_word' id='word_1_435' title='bbox 3502 2532 3592 2584; x_wconf 79' lang='grc' dir='ltr'><strong>τὸν</strong></span> <span class='ocrx_word' id='word_1_436' title='bbox 3625 2531 3710 2584; x_wconf 72' lang='grc' dir='ltr'><strong>διὰ</strong></span> 
     </span>
    </p>
   </div>
   <div class='ocr_carea' id='block_1_55' title="bbox 2135 2623 3710 2697">
    <p class='ocr_par' dir='ltr' id='par_1_55' title="bbox 2135 2623 3710 2697">
     <span class='ocr_line' id='line_1_55' title="bbox 2135 2623 3710 2697; baseline 0.002 -23"><span class='ocrx_word' id='word_1_437' title='bbox 2135 2623 2401 2687; x_wconf 86' lang='grc' dir='ltr'><strong>Μωσέως,</strong></span> <span class='ocrx_word' id='word_1_438' title='bbox 2427 2624 2570 2676; x_wconf 84' lang='grc' dir='ltr'><strong>καθὰ</strong></span> <span class='ocrx_word' id='word_1_439' title='bbox 2591 2625 2686 2676; x_wconf 71' lang='grc' dir='ltr'><strong>καὶ</strong></span> <span class='ocrx_word' id='word_1_440' title='bbox 2715 2627 2772 2679; x_wconf 85' lang='grc' dir='ltr'><strong>ἐν</strong></span> <span class='ocrx_word' id='word_1_441' title='bbox 2794 2626 3010 2696; x_wconf 84' lang='grc' dir='ltr'><strong>ἀρχαῖς.</strong></span> <span class='ocrx_word' id='word_1_442' title='bbox 3039 2625 3392 2697; x_wconf 87' lang='grc' dir='ltr'><strong>Ἐγεωργεῖτο</strong></span> <span class='ocrx_word' id='word_1_443' title='bbox 3410 2623 3518 2695; x_wconf 80' lang='grc' dir='ltr'><strong>γὰρ</strong></span> <span class='ocrx_word' id='word_1_444' title='bbox 3545 2623 3710 2677; x_wconf 83' lang='grc' dir='ltr'><strong>πάλαι</strong></span> 
     </span>
    </p>
   </div>
   <div class='ocr_carea' id='block_1_56' title="bbox 2132 2702 3710 2788">
    <p class='ocr_par' dir='ltr' id='par_1_56' title="bbox 2132 2702 3710 2788">
     <span class='ocr_line' id='line_1_56' title="bbox 2132 2702 3710 2788; baseline 0.001 -22"><span class='ocrx_word' id='word_1_445' title='bbox 2132 2717 2246 2776; x_wconf 88' lang='grc' dir='ltr'><strong>τοῖς</strong></span> <span class='ocrx_word' id='word_1_446' title='bbox 2273 2715 2483 2779; x_wconf 87' lang='grc' dir='ltr'><strong>τύποις.</strong></span> <span class='ocrx_word' id='word_1_447' title='bbox 2534 2702 2742 2785; x_wconf 78' lang='grc' dir='ltr'><strong>Ἤγουν</strong></span> <span class='ocrx_word' id='word_1_448' title='bbox 2770 2716 2833 2770; x_wconf 82' lang='grc' dir='ltr'><strong>τὸ</strong></span> <span class='ocrx_word' id='word_1_449' title='bbox 2859 2735 2878 2768; x_wconf 77' lang='grc' dir='ltr'><strong>ι</strong></span> <span class='ocrx_word' id='word_1_450' title='bbox 2919 2717 3142 2788; x_wconf 82' lang='grc' dir='ltr'><strong>ἐμαυτῷ</strong></span> <span class='ocrx_word' id='word_1_451' title='bbox 3178 2737 3197 2770; x_wconf 82' lang='grc' dir='ltr'><strong>ι</strong></span> <span class='ocrx_word' id='word_1_452' title='bbox 3237 2719 3331 2771; x_wconf 75' lang='grc' dir='ltr'><strong>καὶ</strong></span> <span class='ocrx_word' id='word_1_453' title='bbox 3359 2716 3480 2770; x_wconf 84' lang='grc' dir='ltr'><strong>καθ’</strong></span> <span class='ocrx_word' id='word_1_454' title='bbox 3527 2717 3710 2784; x_wconf 76' lang='grc' dir='ltr'><strong>ἕτερον</strong></span> 
     </span>
    </p>
   </div>
   <div class='ocr_carea' id='block_1_57' title="bbox 2135 2805 3710 2880">
    <p class='ocr_par' dir='ltr' id='par_1_57' title="bbox 2135 2805 3710 2880">
     <span class='ocr_line' id='line_1_57' title="bbox 2135 2805 3710 2880; baseline -0.001 -21"><span class='ocrx_word' id='word_1_455' title='bbox 2135 2806 2328 2879; x_wconf 76' lang='grc' dir='ltr'><strong>ἐκδέξῃ</strong></span> <span class='ocrx_word' id='word_1_456' title='bbox 2367 2809 2583 2878; x_wconf 88' lang='grc' dir='ltr'><strong>τρόπον.</strong></span> <span class='ocrx_word' id='word_1_457' title='bbox 2623 2806 2934 2879; x_wconf 82' lang='grc' dir='ltr'><strong>Αὑτουργὸς</strong></span> <span class='ocrx_word' id='word_1_458' title='bbox 2967 2808 3076 2880; x_wconf 86' lang='grc' dir='ltr'><strong>γάρ</strong></span> <span class='ocrx_word' id='word_1_459' title='bbox 3114 2808 3330 2880; x_wconf 74' lang='grc' dir='ltr'><strong>ἔσομαι,</strong></span> <span class='ocrx_word' id='word_1_460' title='bbox 3381 2807 3544 2878; x_wconf 74' lang='grc' dir='ltr'><strong>φησὶ,</strong></span> <span class='ocrx_word' id='word_1_461' title='bbox 3576 2805 3710 2876; x_wconf 75' lang='grc' dir='ltr'><strong>πρὸς</strong></span> 
     </span>
    </p>
   </div>
   <div class='ocr_carea' id='block_1_58' title="bbox 2133 2894 3707 2971">
    <p class='ocr_par' dir='ltr' id='par_1_58' title="bbox 2133 2894 3707 2971">
     <span class='ocr_line' id='line_1_58' title="bbox 2133 2894 3707 2971; baseline -0.001 -20"><span class='ocrx_word' id='word_1_462' title='bbox 2133 2899 2232 2970; x_wconf 84' lang='grc' dir='ltr'><strong>τὴν</strong></span> <span class='ocrx_word' id='word_1_463' title='bbox 2255 2900 2342 2953; x_wconf 84' lang='grc' dir='ltr'><strong>ἐπ’</strong></span> <span class='ocrx_word' id='word_1_464' title='bbox 2374 2901 2510 2971; x_wconf 82' lang='grc' dir='ltr'><strong>αὐτῇ</strong></span> <span class='ocrx_word' id='word_1_465' title='bbox 2575 2901 2849 2971; x_wconf 86' lang='grc' dir='ltr'><strong>φροντίδα,</strong></span> <span class='ocrx_word' id='word_1_466' title='bbox 2885 2900 2978 2953; x_wconf 74' lang='grc' dir='ltr'><strong>καὶ</strong></span> <span class='ocrx_word' id='word_1_467' title='bbox 3009 2894 3120 2954; x_wconf 75' lang='grc' dir='ltr'><strong>οἷόν</strong></span> <span class='ocrx_word' id='word_1_468' title='bbox 3153 2918 3275 2954; x_wconf 89' lang='grc' dir='ltr'><strong>τινα</strong></span> <span class='ocrx_word' id='word_1_469' title='bbox 3324 2901 3426 2970; x_wconf 84' lang='grc' dir='ltr'><strong>γῆν</strong></span> <span class='ocrx_word' id='word_1_470' title='bbox 3468 2900 3628 2952; x_wconf 88' lang='grc' dir='ltr'><strong>πίονά</strong></span> <span class='ocrx_word' id='word_1_471' title='bbox 3649 2915 3707 2951; x_wconf 89' lang='grc' dir='ltr'><strong>τε</strong></span> 
     </span>
    </p>
   </div>
   <div class='ocr_carea' id='block_1_59' title="bbox 2137 2989 3709 3063">
    <p class='ocr_par' dir='ltr' id='par_1_59' title="bbox 2137 2989 3709 3063">
     <span class='ocr_line' id='line_1_59' title="bbox 2137 2989 3709 3063; baseline 0.001 -21"><span class='ocrx_word' id='word_1_472' title='bbox 2137 2989 2229 3042; x_wconf 79' lang='grc' dir='ltr'><strong>καὶ</strong></span> <span class='ocrx_word' id='word_1_473' title='bbox 2253 2991 2530 3062; x_wconf 84' lang='grc' dir='ltr'><strong>εὐήροτον,</strong></span> <span class='ocrx_word' id='word_1_474' title='bbox 2554 2993 2614 3044; x_wconf 85' lang='grc' dir='ltr'><strong>οὐ</strong></span> <span class='ocrx_word' id='word_1_475' title='bbox 2649 2991 2715 3045; x_wconf 82' lang='grc' dir='ltr'><strong>δι’</strong></span> <span class='ocrx_word' id='word_1_476' title='bbox 2735 2992 2923 3063; x_wconf 87' lang='grc' dir='ltr'><strong>ἐτέρου</strong></span> <span class='ocrx_word' id='word_1_477' title='bbox 2949 2992 3114 3057; x_wconf 88' lang='grc' dir='ltr'><strong>τινὸς,</strong></span> <span class='ocrx_word' id='word_1_478' title='bbox 3137 2992 3252 3046; x_wconf 89' lang='grc' dir='ltr'><strong>ἀλλ’</strong></span> <span class='ocrx_word' id='word_1_479' title='bbox 3280 2990 3515 3062; x_wconf 88' lang='grc' dir='ltr'><strong>ἐμαυτοῦ</strong></span> <span class='ocrx_word' id='word_1_480' title='bbox 3545 3008 3709 3044; x_wconf 87' lang='grc' dir='ltr'><strong>κατα-</strong></span> 
     </span>
    </p>
   </div>
   <div class='ocr_carea' id='block_1_60' title="bbox 2139 3081 3706 3154">
    <p class='ocr_par' dir='ltr' id='par_1_60' title="bbox 2139 3081 3706 3154">
     <span class='ocr_line' id='line_1_60' title="bbox 2139 3081 3706 3154; baseline -0.001 -20"><span class='ocrx_word' id='word_1_481' title='bbox 2139 3082 2642 3153; x_wconf 87' lang='grc' dir='ltr'><strong>σπερῶ.·Λελάληκε</strong></span> <span class='ocrx_word' id='word_1_482' title='bbox 2663 3082 2772 3154; x_wconf 89' lang='grc' dir='ltr'><strong>γὰρ</strong></span> <span class='ocrx_word' id='word_1_483' title='bbox 2807 3085 2937 3154; x_wconf 80' lang='grc' dir='ltr'><strong>ἡμῖν</strong></span> <span class='ocrx_word' id='word_1_484' title='bbox 2964 3085 2991 3137; x_wconf 96' lang='lat'><strong>6</strong></span> <span class='ocrx_word' id='word_1_485' title='bbox 3007 3085 3138 3148; x_wconf 82' lang='grc' dir='ltr'><strong>Θεὸς</strong></span> <span class='ocrx_word' id='word_1_486' title='bbox 3158 3085 3253 3137; x_wconf 76' lang='grc' dir='ltr'><strong>καὶ</strong></span> <span class='ocrx_word' id='word_1_487' title='bbox 3277 3083 3466 3153; x_wconf 77' lang='grc' dir='ltr'><strong>Πατὴρ</strong></span> <span class='ocrx_word' id='word_1_488' title='bbox 3495 3085 3552 3136; x_wconf 87' lang='grc' dir='ltr'><strong>ἐν</strong></span> <span class='ocrx_word' id='word_1_489' title='bbox 3573 3081 3706 3152; x_wconf 79' lang='grc' dir='ltr'><strong>Υίῷο</strong></span> 
     </span>
    </p>
   </div>
   <div class='ocr_carea' id='block_1_61' title="bbox 448 3159 2025 3246">
    <p class='ocr_par' dir='ltr' id='par_1_61' title="bbox 448 3173 2025 3246">
     <span class='ocr_line' id='line_1_61' title="bbox 448 3173 2025 3246; baseline -0.004 -14"><span class='ocrx_word' id='word_1_490' title='bbox 448 3179 733 3246; x_wconf 89' lang='lat' dir='ltr'><strong>metipsum</strong></span> <span class='ocrx_word' id='word_1_491' title='bbox 758 3191 1060 3231; x_wconf 77' lang='lat' dir='ltr'><strong>emiseram.</strong></span> <span class='ocrx_word' id='word_1_492' title='bbox 1080 3173 1318 3227; x_wconf 88' lang='lat' dir='ltr'><strong>Locutus</strong></span> <span class='ocrx_word' id='word_1_493' title='bbox 1344 3182 1616 3226; x_wconf 84' lang='lat' dir='ltr'><strong>estautetn</strong></span> <span class='ocrx_word' id='word_1_494' title='bbox 1643 3173 1799 3226; x_wconf 82' lang='lat' dir='ltr'><strong>nobis</strong></span> <span class='ocrx_word' id='word_1_495' title='bbox 1826 3173 1962 3226; x_wconf 84' lang='lat' dir='ltr'><strong>Deus</strong></span> <span class='ocrx_word' id='word_1_496' title='bbox 1978 3182 2025 3226; x_wconf 92' lang='lat' dir='ltr'><strong>et</strong></span> 
     </span>
    </p>
   </div>
   <div class='ocr_carea' id='block_1_62' title="bbox 2128 3159 3707 3246">
    <p class='ocr_par' dir='ltr' id='par_1_62' title="bbox 2135 3173 3707 3246">
     <span class='ocr_line' id='line_1_62' title="bbox 2135 3173 3707 3246; baseline 0 -20"><span class='ocrx_word' id='word_1_497' title='bbox 2135 3174 2312 3227; x_wconf 86' lang='grc' dir='ltr'><strong>καίτοι</strong></span> <span class='ocrx_word' id='word_1_498' title='bbox 2356 3176 2521 3237; x_wconf 77' lang='grc' dir='ltr'><strong>«Τοῖς</strong></span> <span class='ocrx_word' id='word_1_499' title='bbox 2565 3174 2731 3228; x_wconf 88' lang='grc' dir='ltr'><strong>πάλαι</strong></span> <span class='ocrx_word' id='word_1_500' title='bbox 2769 3175 3010 3246; x_wconf 84' lang='grc' dir='ltr'><strong>λαλήσας</strong></span> <span class='ocrx_word' id='word_1_501' title='bbox 3051 3175 3141 3229; x_wconf 82' lang='grc' dir='ltr'><strong>διὰ</strong></span> <span class='ocrx_word' id='word_1_502' title='bbox 3191 3175 3486 3246; x_wconf 86' lang='grc' dir='ltr'><strong>προφητῶν</strong></span> <span class='ocrx_word' id='word_1_503' title='bbox 3539 3173 3707 3242; x_wconf 83' lang='grc' dir='ltr'><strong>ἁγίων</strong></span> 
     </span>
    </p>
   </div>
   <div class='ocr_carea' id='block_1_63' title="bbox 449 3263 2027 3334">
    <p class='ocr_par' dir='ltr' id='par_1_63' title="bbox 449 3263 2027 3334">
     <span class='ocr_line' id='line_1_63' title="bbox 449 3263 2027 3334; baseline -0.005 -10"><span class='ocrx_word' id='word_1_504' title='bbox 449 3269 611 3324; x_wconf 86' lang='lat' dir='ltr'><strong>Pater</strong></span> <span class='ocrx_word' id='word_1_505' title='bbox 661 3269 713 3322; x_wconf 91' lang='lat' dir='ltr'><strong>in</strong></span> <span class='ocrx_word' id='word_1_506' title='bbox 762 3267 932 3330; x_wconf 84' lang='lat' dir='ltr'><strong>Filio,</strong></span> <span class='ocrx_word' id='word_1_507' title='bbox 993 3266 1240 3334; x_wconf 83' lang='lat' dir='ltr'><strong>quamvis</strong></span> <span class='ocrx_word' id='word_1_508' title='bbox 1309 3267 1579 3318; x_wconf 74' lang='lat' dir='ltr'><strong>veteribus</strong></span> <span class='ocrx_word' id='word_1_509' title='bbox 1621 3281 1639 3314; x_wconf 76' lang='grc' dir='ltr'><strong>ι</strong></span> <span class='ocrx_word' id='word_1_510' title='bbox 1679 3263 2027 3318; x_wconf 80' lang='lat' dir='ltr'><strong>multifariam</strong></span> 
     </span>
    </p>
   </div>
   <div class='ocr_carea' id='block_1_64' title="bbox 449 3354 2028 3427">
    <p class='ocr_par' dir='ltr' id='par_1_64' title="bbox 449 3354 2028 3427">
     <span class='ocr_line' id='line_1_64' title="bbox 449 3354 2028 3427; baseline -0.003 -14"><span class='ocrx_word' id='word_1_511' title='bbox 449 3360 740 3427; x_wconf 86' lang='lat' dir='ltr'><strong>multisque</strong></span> <span class='ocrx_word' id='word_1_512' title='bbox 795 3357 968 3411; x_wconf 88' lang='lat' dir='ltr'><strong>modis</strong></span> <span class='ocrx_word' id='word_1_513' title='bbox 1021 3371 1116 3426; x_wconf 88' lang='lat' dir='ltr'><strong>per</strong></span> <span class='ocrx_word' id='word_1_514' title='bbox 1180 3356 1471 3425; x_wconf 80' lang='lat' dir='ltr'><strong>prophetas</strong></span> <span class='ocrx_word' id='word_1_515' title='bbox 1538 3364 1756 3409; x_wconf 88' lang='lat' dir='ltr'><strong>sanctos</strong></span> <span class='ocrx_word' id='word_1_516' title='bbox 1819 3354 2028 3408; x_wconf 86' lang='lat' dir='ltr'><strong>locutus</strong></span> 
     </span>
    </p>
   </div>
   <div class='ocr_carea' id='block_1_65' title="bbox 448 3446 2025 3521">
    <p class='ocr_par' dir='ltr' id='par_1_65' title="bbox 448 3446 2025 3521">
     <span class='ocr_line' id='line_1_65' title="bbox 448 3446 2025 3521; baseline -0.006 -14"><span class='ocrx_word' id='word_1_517' title='bbox 448 3453 521 3507; x_wconf 86' lang='lat' dir='ltr'><strong>sit</strong></span> <span class='ocrx_word' id='word_1_518' title='bbox 557 3453 655 3504; x_wconf 62' lang='lat'><strong>&quot;.2</strong></span> <span class='ocrx_word' id='word_1_519' title='bbox 693 3451 796 3521; x_wconf 84' lang='lat'><strong>57</strong></span> <span class='ocrx_word' id='word_1_520' title='bbox 849 3449 1133 3518; x_wconf 88' lang='lat' dir='ltr'><strong>Segetibns</strong></span> <span class='ocrx_word' id='word_1_521' title='bbox 1185 3462 1345 3517; x_wconf 91' lang='lat' dir='ltr'><strong>porro</strong></span> <span class='ocrx_word' id='word_1_522' title='bbox 1387 3447 1438 3499; x_wconf 91' lang='lat' dir='ltr'><strong>in</strong></span> <span class='ocrx_word' id='word_1_523' title='bbox 1483 3461 1612 3515; x_wconf 86' lang='lat' dir='ltr'><strong>agro</strong></span> <span class='ocrx_word' id='word_1_524' title='bbox 1640 3457 1695 3500; x_wconf 87' lang='lat' dir='ltr'><strong>et</strong></span> <span class='ocrx_word' id='word_1_525' title='bbox 1736 3446 1848 3514; x_wconf 89' lang='lat' dir='ltr'><strong>ipse</strong></span> <span class='ocrx_word' id='word_1_526' title='bbox 1909 3446 2025 3500; x_wconf 86' lang='lat' dir='ltr'><strong>Sal-</strong></span> 
     </span>
    </p>
   </div>
   <div class='ocr_carea' id='block_1_66' title="bbox 447 3538 2025 3599">
    <p class='ocr_par' dir='ltr' id='par_1_66' title="bbox 447 3538 2025 3599">
     <span class='ocr_line' id='line_1_66' title="bbox 447 3538 2025 3599; baseline -0.004 -2"><span class='ocrx_word' id='word_1_527' title='bbox 447 3551 603 3599; x_wconf 82' lang='lat' dir='ltr'><strong>vator</strong></span> <span class='ocrx_word' id='word_1_528' title='bbox 647 3545 963 3598; x_wconf 85' lang='lat' dir='ltr'><strong>immensam</strong></span> <span class='ocrx_word' id='word_1_529' title='bbox 1025 3539 1360 3594; x_wconf 88' lang='lat' dir='ltr'><strong>credentium</strong></span> <span class='ocrx_word' id='word_1_530' title='bbox 1419 3538 1816 3591; x_wconf 87' lang='lat' dir='ltr'><strong>multitudinem</strong></span> <span class='ocrx_word' id='word_1_531' title='bbox 1878 3553 2025 3592; x_wconf 84' lang='lat' dir='ltr'><strong>com-</strong></span> 
     </span>
    </p>
   </div>
   <div class='ocr_carea' id='block_1_67' title="bbox 451 3630 2026 3708">
    <p class='ocr_par' dir='ltr' id='par_1_67' title="bbox 451 3630 2026 3708">
     <span class='ocr_line' id='line_1_67' title="bbox 451 3630 2026 3708; baseline -0.004 -18"><span class='ocrx_word' id='word_1_532' title='bbox 451 3636 678 3708; x_wconf 89' lang='lat' dir='ltr'><strong>paravit,</strong></span> <span class='ocrx_word' id='word_1_533' title='bbox 727 3649 849 3689; x_wconf 91' lang='lat' dir='ltr'><strong>cum</strong></span> <span class='ocrx_word' id='word_1_534' title='bbox 915 3631 1174 3703; x_wconf 83' lang='lat' dir='ltr'><strong>apostolis</strong></span> <span class='ocrx_word' id='word_1_535' title='bbox 1219 3633 1296 3684; x_wconf 86' lang='lat' dir='ltr'><strong>ait</strong></span> <span class='ocrx_word' id='word_1_536' title='bbox 1345 3647 1358 3683; x_wconf 95' lang='lat'><strong>:</strong></span> <span class='ocrx_word' id='word_1_537' title='bbox 1399 3649 1417 3682; x_wconf 81' lang='grc' dir='ltr'><strong>ι</strong></span> <span class='ocrx_word' id='word_1_538' title='bbox 1470 3630 1660 3686; x_wconf 89' lang='lat' dir='ltr'><strong>Nonne</strong></span> <span class='ocrx_word' id='word_1_539' title='bbox 1712 3646 1805 3684; x_wconf 83' lang='lat' dir='ltr'><strong>vcs</strong></span> <span class='ocrx_word' id='word_1_540' title='bbox 1850 3630 2026 3684; x_wconf 85' lang='lat' dir='ltr'><strong>(licitis</strong></span> 
     </span>
    </p>
   </div>
   <div class='ocr_carea' id='block_1_68' title="bbox 449 3722 2026 3800">
    <p class='ocr_par' dir='ltr' id='par_1_68' title="bbox 449 3722 2026 3800">
     <span class='ocr_line' id='line_1_68' title="bbox 449 3722 2026 3800; baseline -0.008 -14"><span class='ocrx_word' id='word_1_541' title='bbox 449 3731 591 3800; x_wconf 85' lang='lat' dir='ltr'><strong>quod</strong></span> <span class='ocrx_word' id='word_1_542' title='bbox 616 3731 792 3784; x_wconf 86' lang='lat' dir='ltr'><strong>adhuc</strong></span> <span class='ocrx_word' id='word_1_543' title='bbox 825 3734 1056 3796; x_wconf 89' lang='lat' dir='ltr'><strong>quatuor</strong></span> <span class='ocrx_word' id='word_1_544' title='bbox 1108 3739 1320 3778; x_wconf 89' lang='lat' dir='ltr'><strong>menses</strong></span> <span class='ocrx_word' id='word_1_545' title='bbox 1347 3734 1491 3787; x_wconf 91' lang='lat' dir='ltr'><strong>sunt,</strong></span> <span class='ocrx_word' id='word_1_546' title='bbox 1526 3733 1580 3778; x_wconf 89' lang='lat' dir='ltr'><strong>et</strong></span> <span class='ocrx_word' id='word_1_547' title='bbox 1623 3724 1811 3777; x_wconf 85' lang='lat' dir='ltr'><strong>messis</strong></span> <span class='ocrx_word' id='word_1_548' title='bbox 1847 3722 2026 3777; x_wconf 84' lang='lat' dir='ltr'><strong>venit?</strong></span> 
     </span>
    </p>
   </div>
   <div class='ocr_carea' id='block_1_69' title="bbox 455 3814 2025 3877">
    <p class='ocr_par' dir='ltr' id='par_1_69' title="bbox 455 3814 2025 3877">
     <span class='ocr_line' id='line_1_69' title="bbox 455 3814 2025 3877; baseline -0.006 -1"><span class='ocrx_word' id='word_1_549' title='bbox 455 3822 596 3877; x_wconf 85' lang='lat' dir='ltr'><strong>Ecce</strong></span> <span class='ocrx_word' id='word_1_550' title='bbox 637 3820 760 3874; x_wconf 91' lang='lat' dir='ltr'><strong>dico</strong></span> <span class='ocrx_word' id='word_1_551' title='bbox 799 3818 986 3871; x_wconf 88' lang='lat' dir='ltr'><strong>vobis:</strong></span> <span class='ocrx_word' id='word_1_552' title='bbox 1015 3816 1214 3870; x_wconf 86' lang='lat' dir='ltr'><strong>Levate</strong></span> <span class='ocrx_word' id='word_1_553' title='bbox 1260 3815 1445 3869; x_wconf 90' lang='lat' dir='ltr'><strong>oculos</strong></span> <span class='ocrx_word' id='word_1_554' title='bbox 1508 3825 1738 3877; x_wconf 86' lang='lat' dir='ltr'><strong>vestros,</strong></span> <span class='ocrx_word' id='word_1_555' title='bbox 1765 3821 1818 3868; x_wconf 90' lang='lat' dir='ltr'><strong>et</strong></span> <span class='ocrx_word' id='word_1_556' title='bbox 1850 3814 2025 3867; x_wconf 88' lang='lat' dir='ltr'><strong>videte</strong></span> 
     </span>
    </p>
   </div>
   <div class='ocr_carea' id='block_1_70' title="bbox 453 3899 2026 3980">
    <p class='ocr_par' dir='ltr' id='par_1_70' title="bbox 453 3899 2026 3980">
     <span class='ocr_line' id='line_1_70' title="bbox 453 3899 2026 3980; baseline -0.006 -14"><span class='ocrx_word' id='word_1_557' title='bbox 453 3899 720 3980; x_wconf 79' lang='lat' dir='ltr'><strong>regiones,</strong></span> <span class='ocrx_word' id='word_1_558' title='bbox 751 3907 1004 3977; x_wconf 92' lang='lat' dir='ltr'><strong>quoniam</strong></span> <span class='ocrx_word' id='word_1_559' title='bbox 1061 3905 1194 3958; x_wconf 64' lang='lat' dir='ltr'><strong>alba:</strong></span> <span class='ocrx_word' id='word_1_560' title='bbox 1233 3913 1360 3958; x_wconf 92' lang='lat' dir='ltr'><strong>sunt</strong></span> <span class='ocrx_word' id='word_1_561' title='bbox 1392 3903 1503 3971; x_wconf 89' lang='lat' dir='ltr'><strong>jam</strong></span> <span class='ocrx_word' id='word_1_562' title='bbox 1564 3905 1630 3958; x_wconf 91' lang='lat' dir='ltr'><strong>ad</strong></span> <span class='ocrx_word' id='word_1_563' title='bbox 1678 3917 1926 3957; x_wconf 83' lang='lat' dir='ltr'><strong>messem.</strong></span> <span class='ocrx_word' id='word_1_564' title='bbox 1963 3903 2026 3956; x_wconf 85' lang='lat' dir='ltr'><strong>Et</strong></span> 
     </span>
    </p>
   </div>
   <div class='ocr_carea' id='block_1_71' title="bbox 451 3990 2021 4070">
    <p class='ocr_par' dir='ltr' id='par_1_71' title="bbox 451 3990 2021 4070">
     <span class='ocr_line' id='line_1_71' title="bbox 451 3990 2021 4070; baseline -0.006 -16"><span class='ocrx_word' id='word_1_565' title='bbox 451 4001 545 4070; x_wconf 85' lang='lat' dir='ltr'><strong>qui</strong></span> <span class='ocrx_word' id='word_1_566' title='bbox 586 4001 756 4063; x_wconf 82' lang='lat' dir='ltr'><strong>metit,</strong></span> <span class='ocrx_word' id='word_1_567' title='bbox 794 3996 1094 4050; x_wconf 86' lang='lat' dir='ltr'><strong>mercedem</strong></span> <span class='ocrx_word' id='word_1_568' title='bbox 1131 3995 1348 4063; x_wconf 86' lang='lat' dir='ltr'><strong>accipit,</strong></span> <span class='ocrx_word' id='word_1_569' title='bbox 1380 4004 1433 4047; x_wconf 89' lang='lat' dir='ltr'><strong>et</strong></span> <span class='ocrx_word' id='word_1_570' title='bbox 1477 4003 1768 4063; x_wconf 77' lang='lat' dir='ltr'><strong>congregat</strong></span> <span class='ocrx_word' id='word_1_571' title='bbox 1791 3990 2021 4045; x_wconf 88' lang='lat' dir='ltr'><strong>fructum</strong></span> 
     </span>
    </p>
   </div>
   <div class='ocr_carea' id='block_1_72' title="bbox 449 4083 2023 4146">
    <p class='ocr_par' dir='ltr' id='par_1_72' title="bbox 449 4083 2023 4146">
     <span class='ocr_line' id='line_1_72' title="bbox 449 4083 2023 4146; baseline -0.006 0"><span class='ocrx_word' id='word_1_572' title='bbox 449 4093 505 4146; x_wconf 90' lang='lat' dir='ltr'><strong>in</strong></span> <span class='ocrx_word' id='word_1_573' title='bbox 544 4093 708 4144; x_wconf 84' lang='lat' dir='ltr'><strong>vitam</strong></span> <span class='ocrx_word' id='word_1_574' title='bbox 767 4098 1023 4142; x_wconf 69' lang='lat' dir='ltr'><strong>aeternam</strong></span> <span class='ocrx_word' id='word_1_575' title='bbox 1067 4086 1166 4138; x_wconf 75' lang='grc'><strong>⁸³.)</strong></span> <span class='ocrx_word' id='word_1_576' title='bbox 1203 4085 1268 4138; x_wconf 84' lang='lat' dir='ltr'><strong>Et</strong></span> <span class='ocrx_word' id='word_1_577' title='bbox 1327 4085 1520 4139; x_wconf 87' lang='lat' dir='ltr'><strong>iterum</strong></span> <span class='ocrx_word' id='word_1_578' title='bbox 1585 4084 1742 4138; x_wconf 85' lang='lat' dir='ltr'><strong>alibi:</strong></span> <span class='ocrx_word' id='word_1_579' title='bbox 1779 4102 1795 4134; x_wconf 90' lang='grc' dir='ltr'><strong>ι</strong></span> <span class='ocrx_word' id='word_1_580' title='bbox 1837 4083 2023 4137; x_wconf 81' lang='lat' dir='ltr'><strong>Messis</strong></span> 
     </span>
    </p>
   </div>
   <div class='ocr_carea' id='block_1_73' title="bbox 450 4174 2023 4251">
    <p class='ocr_par' dir='ltr' id='par_1_73' title="bbox 450 4174 2023 4251">
     <span class='ocr_line' id='line_1_73' title="bbox 450 4174 2023 4251; baseline -0.006 -15"><span class='ocrx_word' id='word_1_581' title='bbox 450 4183 664 4251; x_wconf 90' lang='lat' dir='ltr'><strong>quidem</strong></span> <span class='ocrx_word' id='word_1_582' title='bbox 702 4180 896 4242; x_wconf 87' lang='lat' dir='ltr'><strong>multa,</strong></span> <span class='ocrx_word' id='word_1_583' title='bbox 932 4177 1167 4246; x_wconf 88' lang='lat' dir='ltr'><strong>operarii</strong></span> <span class='ocrx_word' id='word_1_584' title='bbox 1195 4186 1374 4230; x_wconf 86' lang='lat' dir='ltr'><strong>autem</strong></span> <span class='ocrx_word' id='word_1_585' title='bbox 1410 4174 1586 4245; x_wconf 90' lang='lat' dir='ltr'><strong>pauci.</strong></span> <span class='ocrx_word' id='word_1_586' title='bbox 1616 4174 1818 4244; x_wconf 87' lang='lat' dir='ltr'><strong>Rogate</strong></span> <span class='ocrx_word' id='word_1_587' title='bbox 1863 4175 2023 4244; x_wconf 84' lang='lat' dir='ltr'><strong>igitur</strong></span> 
     </span>
    </p>
   </div>
   <div class='ocr_carea' id='block_1_74' title="bbox 449 4269 2018 4337">
    <p class='ocr_par' dir='ltr' id='par_1_74' title="bbox 449 4269 2018 4337">
     <span class='ocr_line' id='line_1_74' title="bbox 449 4269 2018 4337; baseline -0.004 -10"><span class='ocrx_word' id='word_1_588' title='bbox 449 4273 742 4327; x_wconf 91' lang='lat' dir='ltr'><strong>Dominum</strong></span> <span class='ocrx_word' id='word_1_589' title='bbox 777 4272 992 4337; x_wconf 90' lang='lat' dir='ltr'><strong>messis,</strong></span> <span class='ocrx_word' id='word_1_590' title='bbox 1024 4280 1082 4324; x_wconf 93' lang='lat' dir='ltr'><strong>ut</strong></span> <span class='ocrx_word' id='word_1_591' title='bbox 1116 4270 1327 4324; x_wconf 88' lang='lat' dir='ltr'><strong>emittat</strong></span> <span class='ocrx_word' id='word_1_592' title='bbox 1361 4269 1635 4336; x_wconf 85' lang='lat' dir='ltr'><strong>operarius</strong></span> <span class='ocrx_word' id='word_1_593' title='bbox 1686 4269 1738 4322; x_wconf 93' lang='lat' dir='ltr'><strong>in</strong></span> <span class='ocrx_word' id='word_1_594' title='bbox 1791 4283 2018 4321; x_wconf 88' lang='lat' dir='ltr'><strong>messem</strong></span> 
     </span>
    </p>
   </div>
   <div class='ocr_carea' id='block_1_75' title="bbox 450 4357 2017 4429">
    <p class='ocr_par' dir='ltr' id='par_1_75' title="bbox 450 4357 2017 4429">
     <span class='ocr_line' id='line_1_75' title="bbox 450 4357 2017 4429; baseline -0.005 -11"><span class='ocrx_word' id='word_1_595' title='bbox 450 4379 606 4418; x_wconf 88' lang='lat' dir='ltr'><strong>suam</strong></span> <span class='ocrx_word' id='word_1_596' title='bbox 634 4361 703 4416; x_wconf 72' lang='lat'><strong>“.</strong></span> <span class='ocrx_word' id='word_1_597' title='bbox 730 4380 748 4413; x_wconf 77' lang='grc' dir='ltr'><strong>ι</strong></span> <span class='ocrx_word' id='word_1_598' title='bbox 784 4361 969 4429; x_wconf 90' lang='lat' dir='ltr'><strong>Itaque</strong></span> <span class='ocrx_word' id='word_1_599' title='bbox 996 4359 1227 4413; x_wconf 88' lang='lat' dir='ltr'><strong>demissa</strong></span> <span class='ocrx_word' id='word_1_600' title='bbox 1275 4359 1429 4412; x_wconf 90' lang='lat' dir='ltr'><strong>nobis</strong></span> <span class='ocrx_word' id='word_1_601' title='bbox 1455 4375 1483 4410; x_wconf 91' lang='lat' dir='ltr'><strong>a</strong></span> <span class='ocrx_word' id='word_1_602' title='bbox 1511 4359 1788 4413; x_wconf 81' lang='lat' dir='ltr'><strong>Salvatore</strong></span> <span class='ocrx_word' id='word_1_603' title='bbox 1820 4357 2017 4427; x_wconf 83' lang='lat' dir='ltr'><strong>pluvia,</strong></span> 
     </span>
    </p>
   </div>
   <div class='ocr_carea' id='block_1_76' title="bbox 2130 3265 3706 3339">
    <p class='ocr_par' dir='ltr' id='par_1_76' title="bbox 2130 3265 3706 3339">
     <span class='ocr_line' id='line_1_76' title="bbox 2130 3265 3706 3339; baseline 0.001 -21"><span class='ocrx_word' id='word_1_604' title='bbox 2130 3265 2453 3336; x_wconf 88' lang='grc' dir='ltr'><strong>πολυμερῶς</strong></span> <span class='ocrx_word' id='word_1_605' title='bbox 2483 3284 2541 3320; x_wconf 89' lang='grc' dir='ltr'><strong>τε</strong></span> <span class='ocrx_word' id='word_1_606' title='bbox 2572 3269 2666 3320; x_wconf 71' lang='grc' dir='ltr'><strong>καὶ</strong></span> <span class='ocrx_word' id='word_1_607' title='bbox 2691 3268 3062 3339; x_wconf 86' lang='grc' dir='ltr'><strong>πολυτρόπως.</strong></span> <span class='ocrx_word' id='word_1_608' title='bbox 3093 3269 3280 3339; x_wconf 83' lang='grc' dir='ltr'><strong>Ληῖοις</strong></span> <span class='ocrx_word' id='word_1_609' title='bbox 3303 3269 3361 3320; x_wconf 84' lang='grc' dir='ltr'><strong>δὲ</strong></span> <span class='ocrx_word' id='word_1_610' title='bbox 3381 3265 3706 3338; x_wconf 76' lang='grc' dir='ltr'><strong>παρεικάζει</strong></span> 
     </span>
    </p>
   </div>
   <div class='ocr_carea' id='block_1_77' title="bbox 2127 3359 3706 3434">
    <p class='ocr_par' dir='ltr' id='par_1_77' title="bbox 2127 3359 3706 3434">
     <span class='ocr_line' id='line_1_77' title="bbox 2127 3359 3706 3434; baseline 0.001 -23"><span class='ocrx_word' id='word_1_611' title='bbox 2127 3361 2239 3422; x_wconf 88' lang='grc' dir='ltr'><strong>τοῖς</strong></span> <span class='ocrx_word' id='word_1_612' title='bbox 2261 3361 2317 3410; x_wconf 81' lang='grc' dir='ltr'><strong>ἐν</strong></span> <span class='ocrx_word' id='word_1_613' title='bbox 2342 3359 2496 3430; x_wconf 84' lang='grc' dir='ltr'><strong>ἀγρῷ</strong></span> <span class='ocrx_word' id='word_1_614' title='bbox 2534 3360 2630 3413; x_wconf 73' lang='grc' dir='ltr'><strong>καὶ</strong></span> <span class='ocrx_word' id='word_1_615' title='bbox 2650 3361 2812 3424; x_wconf 82' lang='grc' dir='ltr'><strong>αὐτὸς</strong></span> <span class='ocrx_word' id='word_1_616' title='bbox 2846 3363 2875 3415; x_wconf 93' lang='lat'><strong>6</strong></span> <span class='ocrx_word' id='word_1_617' title='bbox 2905 3361 3096 3434; x_wconf 82' lang='grc' dir='ltr'><strong>Σωτὴρ</strong></span> <span class='ocrx_word' id='word_1_618' title='bbox 3137 3362 3232 3431; x_wconf 85' lang='grc' dir='ltr'><strong>τὴν</strong></span> <span class='ocrx_word' id='word_1_619' title='bbox 3267 3361 3574 3432; x_wconf 83' lang='grc' dir='ltr'><strong>ἀμέτρητον</strong></span> <span class='ocrx_word' id='word_1_620' title='bbox 3599 3360 3706 3413; x_wconf 88' lang='grc' dir='ltr'><strong>τῶν</strong></span> 
     </span>
    </p>
   </div>
   <div class='ocr_carea' id='block_1_78' title="bbox 2128 3451 3703 3524">
    <p class='ocr_par' dir='ltr' id='par_1_78' title="bbox 2128 3451 3703 3524">
     <span class='ocr_line' id='line_1_78' title="bbox 2128 3451 3703 3524; baseline 0.003 -23"><span class='ocrx_word' id='word_1_621' title='bbox 2128 3451 2570 3504; x_wconf 85' lang='grc' dir='ltr'><strong>πεπιστευκότων</strong></span> <span class='ocrx_word' id='word_1_622' title='bbox 2625 3452 2852 3522; x_wconf 89' lang='grc' dir='ltr'><strong>πληθύν.</strong></span> <span class='ocrx_word' id='word_1_623' title='bbox 2895 3454 3002 3508; x_wconf 80' lang='grc' dir='ltr'><strong>Καὶ</strong></span> <span class='ocrx_word' id='word_1_624' title='bbox 3052 3453 3184 3522; x_wconf 83' lang='grc' dir='ltr'><strong>γοῦν</strong></span> <span class='ocrx_word' id='word_1_625' title='bbox 3228 3453 3332 3524; x_wconf 73' lang='grc' dir='ltr'><strong>ἔφη</strong></span> <span class='ocrx_word' id='word_1_626' title='bbox 3375 3455 3486 3516; x_wconf 87' lang='grc' dir='ltr'><strong>τοῖς</strong></span> <span class='ocrx_word' id='word_1_627' title='bbox 3531 3452 3703 3522; x_wconf 80' lang='grc' dir='ltr'><strong>ἁγίοις</strong></span> 
     </span>
    </p>
   </div>
   <div class='ocr_carea' id='block_1_79' title="bbox 2127 3542 3703 3617">
    <p class='ocr_par' dir='ltr' id='par_1_79' title="bbox 2127 3542 3703 3617">
     <span class='ocr_line' id='line_1_79' title="bbox 2127 3542 3703 3617; baseline 0.003 -22"><span class='ocrx_word' id='word_1_628' title='bbox 2127 3542 2449 3605; x_wconf 86' lang='grc' dir='ltr'><strong>ἀποστόλοις</strong></span> <span class='ocrx_word' id='word_1_629' title='bbox 2466 3559 2478 3572; x_wconf 77' lang='grc' dir='ltr'><strong>ο</strong></span> <span class='ocrx_word' id='word_1_630' title='bbox 2519 3543 2661 3613; x_wconf 78' lang='grc' dir='ltr'><strong>«Οὐχ</strong></span> <span class='ocrx_word' id='word_1_631' title='bbox 2687 3545 2844 3613; x_wconf 84' lang='grc' dir='ltr'><strong>ὑμεῖς</strong></span> <span class='ocrx_word' id='word_1_632' title='bbox 2869 3545 3077 3614; x_wconf 85' lang='grc' dir='ltr'><strong>λέγετε,</strong></span> <span class='ocrx_word' id='word_1_633' title='bbox 3095 3546 3531 3617; x_wconf 77' lang='grc' dir='ltr'><strong>ὃτιτετράμηνός</strong></span> <span class='ocrx_word' id='word_1_634' title='bbox 3563 3549 3703 3614; x_wconf 80' lang='grc' dir='ltr'><strong>ἐστι,</strong></span> 
     </span>
    </p>
   </div>
   <div class='ocr_carea' id='block_1_80' title="bbox 2127 3633 3703 3710">
    <p class='ocr_par' dir='ltr' id='par_1_80' title="bbox 2127 3633 3703 3710">
     <span class='ocr_line' id='line_1_80' title="bbox 2127 3633 3703 3710; baseline 0.004 -25"><span class='ocrx_word' id='word_1_635' title='bbox 2127 3634 2273 3686; x_wconf 83' lang='grc' dir='ltr'><strong>καὶὸ</strong></span> <span class='ocrx_word' id='word_1_636' title='bbox 2300 3633 2558 3704; x_wconf 83' lang='grc' dir='ltr'><strong>θερισμὸς</strong></span> <span class='ocrx_word' id='word_1_637' title='bbox 2601 3634 2855 3705; x_wconf 82' lang='grc' dir='ltr'><strong>ἕρχεται;</strong></span> <span class='ocrx_word' id='word_1_638' title='bbox 2913 3636 3023 3689; x_wconf 78' lang='grc' dir='ltr'><strong>ίδοῦ</strong></span> <span class='ocrx_word' id='word_1_639' title='bbox 3073 3636 3214 3705; x_wconf 82' lang='grc' dir='ltr'><strong>λέγω</strong></span> <span class='ocrx_word' id='word_1_640' title='bbox 3259 3638 3406 3708; x_wconf 86' lang='grc' dir='ltr'><strong>ὑμῖν,</strong></span> <span class='ocrx_word' id='word_1_641' title='bbox 3461 3639 3703 3710; x_wconf 82' lang='grc' dir='ltr'><strong>ἐπάρατε</strong></span> 
     </span>
    </p>
   </div>
   <div class='ocr_carea' id='block_1_81' title="bbox 2125 3723 3701 3800">
    <p class='ocr_par' dir='ltr' id='par_1_81' title="bbox 2125 3723 3701 3800">
     <span class='ocr_line' id='line_1_81' title="bbox 2125 3723 3701 3800; baseline 0.006 -24"><span class='ocrx_word' id='word_1_642' title='bbox 2125 3723 2250 3786; x_wconf 86' lang='grc' dir='ltr'><strong>τοὺς</strong></span> <span class='ocrx_word' id='word_1_643' title='bbox 2269 3724 2581 3794; x_wconf 73' lang='grc' dir='ltr'><strong>ὀφθαλμοὺς</strong></span> <span class='ocrx_word' id='word_1_644' title='bbox 2604 3726 2780 3796; x_wconf 89' lang='grc' dir='ltr'><strong>ὑμῶν,</strong></span> <span class='ocrx_word' id='word_1_645' title='bbox 2813 3727 2904 3780; x_wconf 74' lang='grc' dir='ltr'><strong>καὶ</strong></span> <span class='ocrx_word' id='word_1_646' title='bbox 2930 3727 3199 3781; x_wconf 85' lang='grc' dir='ltr'><strong>θεάσασθε</strong></span> <span class='ocrx_word' id='word_1_647' title='bbox 3218 3729 3315 3792; x_wconf 82' lang='grc' dir='ltr'><strong>τὰς</strong></span> <span class='ocrx_word' id='word_1_648' title='bbox 3343 3730 3546 3800; x_wconf 84' lang='grc' dir='ltr'><strong>χώρας.</strong></span> <span class='ocrx_word' id='word_1_649' title='bbox 3580 3731 3701 3785; x_wconf 74' lang='grc' dir='ltr'><strong>Ὀτι</strong></span> 
     </span>
    </p>
   </div>
   <div class='ocr_carea' id='block_1_82' title="bbox 2125 3814 3699 3892">
    <p class='ocr_par' dir='ltr' id='par_1_82' title="bbox 2125 3814 3699 3892">
     <span class='ocr_line' id='line_1_82' title="bbox 2125 3814 3699 3892; baseline 0.006 -26"><span class='ocrx_word' id='word_1_650' title='bbox 2125 3814 2312 3867; x_wconf 83' lang='grc' dir='ltr'><strong>λευκαί</strong></span> <span class='ocrx_word' id='word_1_651' title='bbox 2351 3818 2488 3869; x_wconf 81' lang='grc' dir='ltr'><strong>είσιν</strong></span> <span class='ocrx_word' id='word_1_652' title='bbox 2529 3817 2628 3888; x_wconf 85' lang='grc' dir='ltr'><strong>ῆδη</strong></span> <span class='ocrx_word' id='word_1_653' title='bbox 2665 3818 2800 3888; x_wconf 82' lang='grc' dir='ltr'><strong>πρὸς</strong></span> <span class='ocrx_word' id='word_1_654' title='bbox 2841 3818 3130 3890; x_wconf 76' lang='grc' dir='ltr'><strong>θερισμόνο</strong></span> <span class='ocrx_word' id='word_1_655' title='bbox 3167 3820 3314 3874; x_wconf 84' lang='grc' dir='ltr'><strong>καὶὸ</strong></span> <span class='ocrx_word' id='word_1_656' title='bbox 3338 3821 3567 3891; x_wconf 80' lang='grc' dir='ltr'><strong>θερίζων</strong></span> <span class='ocrx_word' id='word_1_657' title='bbox 3608 3839 3699 3892; x_wconf 86' lang='grc' dir='ltr'><strong>μι-</strong></span> 
     </span>
    </p>
   </div>
   <div class='ocr_carea' id='block_1_83' title="bbox 2126 3905 3700 3984">
    <p class='ocr_par' dir='ltr' id='par_1_83' title="bbox 2126 3905 3700 3984">
     <span class='ocr_line' id='line_1_83' title="bbox 2126 3905 3700 3984; baseline 0.006 -28"><span class='ocrx_word' id='word_1_658' title='bbox 2126 3905 2250 3957; x_wconf 78' lang='grc' dir='ltr'><strong>σθὸν</strong></span> <span class='ocrx_word' id='word_1_659' title='bbox 2273 3905 2537 3975; x_wconf 85' lang='grc' dir='ltr'><strong>λαμϐάνει</strong></span> <span class='ocrx_word' id='word_1_660' title='bbox 2566 3924 2578 3936; x_wconf 90' lang='grc'><strong>·</strong></span> <span class='ocrx_word' id='word_1_661' title='bbox 2600 3925 2618 3958; x_wconf 75' lang='grc' dir='ltr'><strong>ι</strong></span> <span class='ocrx_word' id='word_1_662' title='bbox 2647 3907 2762 3970; x_wconf 73' lang='grc' dir='ltr'><strong>καὶ,</strong></span> <span class='ocrx_word' id='word_1_663' title='bbox 2782 3925 2799 3958; x_wconf 78' lang='grc' dir='ltr'><strong>ι</strong></span> <span class='ocrx_word' id='word_1_664' title='bbox 2820 3907 3089 3978; x_wconf 82' lang='grc' dir='ltr'><strong>Θερισμὺς</strong></span> <span class='ocrx_word' id='word_1_665' title='bbox 3118 3909 3303 3973; x_wconf 78' lang='grc' dir='ltr'><strong>πολὺς,</strong></span> <span class='ocrx_word' id='word_1_666' title='bbox 3320 3912 3371 3963; x_wconf 80' lang='lat' dir='ltr'><strong>oi</strong></span> <span class='ocrx_word' id='word_1_667' title='bbox 3397 3911 3453 3964; x_wconf 82' lang='grc' dir='ltr'><strong>δὲ</strong></span> <span class='ocrx_word' id='word_1_668' title='bbox 3476 3911 3700 3984; x_wconf 78' lang='grc' dir='ltr'><strong>ἐργάται</strong></span> 
     </span>
    </p>
   </div>
   <div class='ocr_carea' id='block_1_84' title="bbox 2123 3995 3701 4074">
    <p class='ocr_par' dir='ltr' id='par_1_84' title="bbox 2123 3995 3701 4074">
     <span class='ocr_line' id='line_1_84' title="bbox 2123 3995 3701 4074; baseline 0.006 -26"><span class='ocrx_word' id='word_1_669' title='bbox 2123 3996 2311 4065; x_wconf 85' lang='grc' dir='ltr'><strong>ὀλίγοι.</strong></span> <span class='ocrx_word' id='word_1_670' title='bbox 2361 3997 2598 4069; x_wconf 85' lang='grc' dir='ltr'><strong>Δεήθητε</strong></span> <span class='ocrx_word' id='word_1_671' title='bbox 2639 3995 2732 4052; x_wconf 83' lang='grc' dir='ltr'><strong>οὖν</strong></span> <span class='ocrx_word' id='word_1_672' title='bbox 2781 3998 2877 4052; x_wconf 87' lang='grc' dir='ltr'><strong>τοῦ</strong></span> <span class='ocrx_word' id='word_1_673' title='bbox 2922 4001 3126 4072; x_wconf 79' lang='grc' dir='ltr'><strong>Κυρίου</strong></span> <span class='ocrx_word' id='word_1_674' title='bbox 3166 4001 3262 4054; x_wconf 88' lang='grc' dir='ltr'><strong>τοῦ</strong></span> <span class='ocrx_word' id='word_1_675' title='bbox 3302 4002 3584 4074; x_wconf 87' lang='grc' dir='ltr'><strong>θερισμοῦ,</strong></span> <span class='ocrx_word' id='word_1_676' title='bbox 3613 4004 3701 4059; x_wconf 82' lang='grc' dir='ltr'><strong>ἵνα</strong></span> 
     </span>
    </p>
   </div>
   <div class='ocr_carea' id='block_1_85' title="bbox 2123 4087 3699 4161">
    <p class='ocr_par' dir='ltr' id='par_1_85' title="bbox 2123 4087 3699 4161">
     <span class='ocr_line' id='line_1_85' title="bbox 2123 4087 3699 4161; baseline 0.006 -22"><span class='ocrx_word' id='word_1_677' title='bbox 2123 4087 2327 4159; x_wconf 78' lang='grc' dir='ltr'><strong>ἐκϐάλῃ</strong></span> <span class='ocrx_word' id='word_1_678' title='bbox 2341 4089 2574 4159; x_wconf 81' lang='grc' dir='ltr'><strong>ἐργάτας</strong></span> <span class='ocrx_word' id='word_1_679' title='bbox 2594 4090 2674 4152; x_wconf 85' lang='grc' dir='ltr'><strong>είς</strong></span> <span class='ocrx_word' id='word_1_680' title='bbox 2691 4089 2781 4143; x_wconf 84' lang='grc' dir='ltr'><strong>τὸν</strong></span> <span class='ocrx_word' id='word_1_681' title='bbox 2804 4089 3065 4161; x_wconf 81' lang='grc' dir='ltr'><strong>θερισμὸν</strong></span> <span class='ocrx_word' id='word_1_682' title='bbox 3082 4091 3268 4145; x_wconf 76' lang='grc' dir='ltr'><strong>αὑτοῦ.</strong></span> <span class='ocrx_word' id='word_1_683' title='bbox 3282 4112 3302 4145; x_wconf 81' lang='grc' dir='ltr'><strong>ι</strong></span> <span class='ocrx_word' id='word_1_684' title='bbox 3327 4092 3538 4146; x_wconf 76' lang='grc' dir='ltr'><strong>Οὐκοῦν</strong></span> <span class='ocrx_word' id='word_1_685' title='bbox 3565 4093 3699 4148; x_wconf 84' lang='grc' dir='ltr'><strong>καθ-</strong></span> 
     </span>
    </p>
   </div>
   <div class='ocr_carea' id='block_1_86' title="bbox 2122 4177 3700 4252">
    <p class='ocr_par' dir='ltr' id='par_1_86' title="bbox 2122 4177 3700 4252">
     <span class='ocr_line' id='line_1_86' title="bbox 2122 4177 3700 4252; baseline 0.003 -23"><span class='ocrx_word' id='word_1_686' title='bbox 2122 4177 2274 4241; x_wconf 85' lang='grc' dir='ltr'><strong>έντος</strong></span> <span class='ocrx_word' id='word_1_687' title='bbox 2299 4180 2430 4248; x_wconf 77' lang='grc' dir='ltr'><strong>ἡμῖν</strong></span> <span class='ocrx_word' id='word_1_688' title='bbox 2462 4178 2554 4232; x_wconf 80' lang='grc' dir='ltr'><strong>τὸν</strong></span> <span class='ocrx_word' id='word_1_689' title='bbox 2577 4180 2765 4250; x_wconf 84' lang='grc' dir='ltr'><strong>νοητὸν</strong></span> <span class='ocrx_word' id='word_1_690' title='bbox 2786 4179 2942 4232; x_wconf 83' lang='grc' dir='ltr'><strong>ὑετὸν</strong></span> <span class='ocrx_word' id='word_1_691' title='bbox 2974 4179 3069 4232; x_wconf 88' lang='grc' dir='ltr'><strong>τοῦ</strong></span> <span class='ocrx_word' id='word_1_692' title='bbox 3102 4179 3350 4250; x_wconf 87' lang='grc' dir='ltr'><strong>Σωτῆρος</strong></span> <span class='ocrx_word' id='word_1_693' title='bbox 3395 4181 3571 4252; x_wconf 82' lang='grc' dir='ltr'><strong>ἡμῶν,</strong></span> <span class='ocrx_word' id='word_1_694' title='bbox 3607 4198 3700 4248; x_wconf 82' lang='grc' dir='ltr'><strong>γε-</strong></span> 
     </span>
    </p>
   </div>
   <div class='ocr_carea' id='block_1_87' title="bbox 2120 4271 3695 4344">
    <p class='ocr_par' dir='ltr' id='par_1_87' title="bbox 2120 4271 3695 4344">
     <span class='ocr_line' id='line_1_87' title="bbox 2120 4271 3695 4344; baseline 0.003 -20"><span class='ocrx_word' id='word_1_695' title='bbox 2120 4272 2359 4340; x_wconf 88' lang='grc' dir='ltr'><strong>γόναμεν</strong></span> <span class='ocrx_word' id='word_1_696' title='bbox 2391 4272 2465 4342; x_wconf 86' lang='grc' dir='ltr'><strong>γῆ</strong></span> <span class='ocrx_word' id='word_1_697' title='bbox 2495 4271 2715 4343; x_wconf 83' lang='grc' dir='ltr'><strong>θελητὴ.</strong></span> <span class='ocrx_word' id='word_1_698' title='bbox 2745 4272 2885 4326; x_wconf 85' lang='grc' dir='ltr'><strong>κατὰ</strong></span> <span class='ocrx_word' id='word_1_699' title='bbox 2915 4273 3014 4341; x_wconf 83' lang='grc' dir='ltr'><strong>τὴν</strong></span> <span class='ocrx_word' id='word_1_700' title='bbox 3047 4271 3141 4325; x_wconf 88' lang='grc' dir='ltr'><strong>τοῦ</strong></span> <span class='ocrx_word' id='word_1_701' title='bbox 3173 4274 3456 4343; x_wconf 87' lang='grc' dir='ltr'><strong>προφήτου</strong></span> <span class='ocrx_word' id='word_1_702' title='bbox 3490 4276 3695 4344; x_wconf 87' lang='grc' dir='ltr'><strong>φωνήν.</strong></span> 
     </span>
    </p>
   </div>
   <div class='ocr_carea' id='block_1_88' title="bbox 2124 4361 3695 4433">
    <p class='ocr_par' dir='ltr' id='par_1_88' title="bbox 2124 4361 3695 4433">
     <span class='ocr_line' id='line_1_88' title="bbox 2124 4361 3695 4433; baseline 0.002 -19"><span class='ocrx_word' id='word_1_703' title='bbox 2124 4363 2386 4431; x_wconf 79' lang='grc' dir='ltr'><strong>Ἐσπειρε</strong></span> <span class='ocrx_word' id='word_1_704' title='bbox 2417 4361 2527 4433; x_wconf 76' lang='grc' dir='ltr'><strong>γὰρ</strong></span> <span class='ocrx_word' id='word_1_705' title='bbox 2550 4364 2696 4432; x_wconf 80' lang='grc' dir='ltr'><strong>ἡμᾶς</strong></span> <span class='ocrx_word' id='word_1_706' title='bbox 2726 4361 2926 4431; x_wconf 79' lang='grc' dir='ltr'><strong>ἐαυτῷ,</strong></span> <span class='ocrx_word' id='word_1_707' title='bbox 2953 4366 3048 4415; x_wconf 72' lang='grc' dir='ltr'><strong>καὶ</strong></span> <span class='ocrx_word' id='word_1_708' title='bbox 3075 4366 3448 4433; x_wconf 85' lang='grc' dir='ltr'><strong>κεχρημάτικε</strong></span> <span class='ocrx_word' id='word_1_709' title='bbox 3469 4363 3530 4417; x_wconf 85' lang='grc' dir='ltr'><strong>τὸ</strong></span> <span class='ocrx_word' id='word_1_710' title='bbox 3559 4364 3695 4417; x_wconf 84' lang='grc' dir='ltr'><strong>Θεοῦ</strong></span> 
     </span>
    </p>
   </div>
   <div class='ocr_carea' id='block_1_89' title="bbox 448 4449 2025 4547">
    <p class='ocr_par' dir='ltr' id='par_1_89' title="bbox 448 4449 2013 4525">
     <span class='ocr_line' id='line_1_89' title="bbox 448 4449 2013 4525; baseline -0.003 -17"><span class='ocrx_word' id='word_1_711' title='bbox 448 4470 567 4525; x_wconf 74' lang='lat' dir='ltr'><strong>quae</strong></span> <span class='ocrx_word' id='word_1_712' title='bbox 619 4453 966 4522; x_wconf 87' lang='lat' dir='ltr'><strong>intelligentia</strong></span> <span class='ocrx_word' id='word_1_713' title='bbox 1037 4451 1368 4522; x_wconf 87' lang='lat' dir='ltr'><strong>percipitur,</strong></span> <span class='ocrx_word' id='word_1_714' title='bbox 1427 4449 1548 4504; x_wconf 84' lang='lat' dir='ltr'><strong>facti</strong></span> <span class='ocrx_word' id='word_1_715' title='bbox 1604 4465 1829 4504; x_wconf 64' lang='lat' dir='ltr'><strong>sumusr</strong></span> <span class='ocrx_word' id='word_1_716' title='bbox 1873 4461 2013 4503; x_wconf 90' lang='lat' dir='ltr'><strong>terra</strong></span> 
     </span>
    </p>
   </div>
   <div class='ocr_carea' id='block_1_90' title="bbox 2128 4449 3695 4547">
    <p class='ocr_par' dir='ltr' id='par_1_90' title="bbox 2128 4453 3695 4529">
     <span class='ocr_line' id='line_1_90' title="bbox 2128 4453 3695 4529; baseline 0.004 -24"><span class='ocrx_word' id='word_1_717' title='bbox 2128 4453 2431 4525; x_wconf 88' lang='grc' dir='ltr'><strong>γεώργιονὸ</strong></span> <span class='ocrx_word' id='word_1_718' title='bbox 2481 4455 2717 4524; x_wconf 83' lang='grc' dir='ltr'><strong>Ἰσραήλ.</strong></span> <span class='ocrx_word' id='word_1_719' title='bbox 2757 4455 2998 4526; x_wconf 86' lang='grc' dir='ltr'><strong>Ἐλεήσει</strong></span> <span class='ocrx_word' id='word_1_720' title='bbox 3051 4455 3158 4527; x_wconf 83' lang='grc' dir='ltr'><strong>γὰρ</strong></span> <span class='ocrx_word' id='word_1_721' title='bbox 3193 4455 3288 4528; x_wconf 84' lang='grc' dir='ltr'><strong>τὴν</strong></span> <span class='ocrx_word' id='word_1_722' title='bbox 3318 4457 3418 4510; x_wconf 82' lang='grc' dir='ltr'><strong>οὐκ</strong></span> <span class='ocrx_word' id='word_1_723' title='bbox 3456 4457 3695 4529; x_wconf 78' lang='grc' dir='ltr'><strong>ἠλεημέ-</strong></span> 
     </span>
    </p>
   </div>
   <div class='ocr_carea' id='block_1_91' title="bbox 448 4540 2025 4618">
    <p class='ocr_par' dir='ltr' id='par_1_91' title="bbox 448 4540 2014 4612">
     <span class='ocr_line' id='line_1_91' title="bbox 448 4540 2014 4612; baseline -0.003 -13"><span class='ocrx_word' id='word_1_724' title='bbox 448 4545 772 4611; x_wconf 73' lang='lat' dir='ltr'><strong>voluntaria,</strong></span> <span class='ocrx_word' id='word_1_725' title='bbox 809 4563 826 4596; x_wconf 78' lang='grc' dir='ltr'><strong>ι</strong></span> <span class='ocrx_word' id='word_1_726' title='bbox 864 4555 921 4598; x_wconf 89' lang='grc' dir='ltr'><strong>ιιι</strong></span> <span class='ocrx_word' id='word_1_727' title='bbox 951 4543 1209 4612; x_wconf 87' lang='lat' dir='ltr'><strong>propheta</strong></span> <span class='ocrx_word' id='word_1_728' title='bbox 1261 4541 1512 4609; x_wconf 86' lang='lat' dir='ltr'><strong>loquitur.</strong></span> <span class='ocrx_word' id='word_1_729' title='bbox 1561 4540 1815 4594; x_wconf 82' lang='lat' dir='ltr'><strong>Consevit</strong></span> <span class='ocrx_word' id='word_1_730' title='bbox 1871 4543 2014 4594; x_wconf 90' lang='lat' dir='ltr'><strong>enim</strong></span> 
     </span>
    </p>
   </div>
   <div class='ocr_carea' id='block_1_92' title="bbox 2128 4540 3695 4618">
    <p class='ocr_par' dir='ltr' id='par_1_92' title="bbox 2128 4544 3695 4618">
     <span class='ocr_line' id='line_1_92' title="bbox 2128 4544 3695 4618; baseline 0.004 -21"><span class='ocrx_word' id='word_1_731' title='bbox 2128 4561 2239 4614; x_wconf 84' lang='grc' dir='ltr'><strong>νην,</strong></span> <span class='ocrx_word' id='word_1_732' title='bbox 2270 4545 2364 4598; x_wconf 78' lang='grc' dir='ltr'><strong>καὶ</strong></span> <span class='ocrx_word' id='word_1_733' title='bbox 2388 4544 2479 4599; x_wconf 84' lang='grc' dir='ltr'><strong>τόν</strong></span> <span class='ocrx_word' id='word_1_734' title='bbox 2506 4562 2636 4598; x_wconf 85' lang='grc' dir='ltr'><strong>ποτε</strong></span> <span class='ocrx_word' id='word_1_735' title='bbox 2673 4546 2732 4598; x_wconf 81' lang='grc' dir='ltr'><strong>οὐ</strong></span> <span class='ocrx_word' id='word_1_736' title='bbox 2763 4546 2911 4613; x_wconf 77' lang='grc' dir='ltr'><strong>λαὸν,</strong></span> <span class='ocrx_word' id='word_1_737' title='bbox 2941 4547 3196 4618; x_wconf 88' lang='grc' dir='ltr'><strong>ὀνομάσει</strong></span> <span class='ocrx_word' id='word_1_738' title='bbox 3226 4549 3373 4604; x_wconf 87' lang='grc' dir='ltr'><strong>λαόν.</strong></span> <span class='ocrx_word' id='word_1_739' title='bbox 3396 4550 3508 4603; x_wconf 76' lang='grc' dir='ltr'><strong>Καὶ</strong></span> <span class='ocrx_word' id='word_1_740' title='bbox 3533 4552 3695 4616; x_wconf 79' lang='grc' dir='ltr'><strong>αὐτὸς</strong></span> 
     </span>
    </p>
   </div>
   <div class='ocr_carea' id='block_1_93' title="bbox 451 4631 2016 4703">
    <p class='ocr_par' dir='ltr' id='par_1_93' title="bbox 451 4631 2016 4703">
     <span class='ocr_line' id='line_1_93' title="bbox 451 4631 2016 4703; baseline -0.003 -12"><span class='ocrx_word' id='word_1_741' title='bbox 451 4652 552 4691; x_wconf 91' lang='lat' dir='ltr'><strong>nos</strong></span> <span class='ocrx_word' id='word_1_742' title='bbox 589 4636 690 4690; x_wconf 88' lang='lat' dir='ltr'><strong>sibi</strong></span> <span class='ocrx_word' id='word_1_743' title='bbox 726 4635 848 4703; x_wconf 91' lang='lat' dir='ltr'><strong>ipsi,</strong></span> <span class='ocrx_word' id='word_1_744' title='bbox 892 4644 1223 4702; x_wconf 84' lang='lat' dir='ltr'><strong>vocatusque</strong></span> <span class='ocrx_word' id='word_1_745' title='bbox 1274 4631 1438 4686; x_wconf 76' lang='lat' dir='ltr'><strong>Israel</strong></span> <span class='ocrx_word' id='word_1_746' title='bbox 1494 4631 1822 4700; x_wconf 83' lang='lat' dir='ltr'><strong>agricultura</strong></span> <span class='ocrx_word' id='word_1_747' title='bbox 1901 4633 2016 4686; x_wconf 89' lang='lat' dir='ltr'><strong>Dei.</strong></span> 
     </span>
    </p>
   </div>
   <div class='ocr_carea' id='block_1_94' title="bbox 450 4720 2020 4788">
    <p class='ocr_par' dir='ltr' id='par_1_94' title="bbox 450 4720 2020 4788">
     <span class='ocr_line' id='line_1_94' title="bbox 450 4720 2020 4788; baseline -0.003 -8"><span class='ocrx_word' id='word_1_748' title='bbox 450 4725 789 4781; x_wconf 82' lang='lat' dir='ltr'><strong>Miserebitur</strong></span> <span class='ocrx_word' id='word_1_749' title='bbox 844 4725 1008 4788; x_wconf 92' lang='lat' dir='ltr'><strong>enim,</strong></span> <span class='ocrx_word' id='word_1_750' title='bbox 1070 4725 1152 4776; x_wconf 83' lang='lat' dir='ltr'><strong>cui</strong></span> <span class='ocrx_word' id='word_1_751' title='bbox 1221 4739 1324 4776; x_wconf 92' lang='lat' dir='ltr'><strong>non</strong></span> <span class='ocrx_word' id='word_1_752' title='bbox 1388 4720 1562 4775; x_wconf 84' lang='lat' dir='ltr'><strong>fuerat</strong></span> <span class='ocrx_word' id='word_1_753' title='bbox 1629 4723 1918 4776; x_wconf 89' lang='lat' dir='ltr'><strong>misertus:</strong></span> <span class='ocrx_word' id='word_1_754' title='bbox 1965 4732 2020 4776; x_wconf 91' lang='lat' dir='ltr'><strong>et</strong></span> 
     </span>
    </p>
   </div>
   <div class='ocr_carea' id='block_1_95' title="bbox 449 4809 2015 4886">
    <p class='ocr_par' dir='ltr' id='par_1_95' title="bbox 449 4809 2015 4886">
     <span class='ocr_line' id='line_1_95' title="bbox 449 4809 2015 4886; baseline -0.002 -17"><span class='ocrx_word' id='word_1_755' title='bbox 449 4817 541 4886; x_wconf 93' lang='lat' dir='ltr'><strong>qui</strong></span> <span class='ocrx_word' id='word_1_756' title='bbox 576 4815 863 4883; x_wconf 85' lang='lat' dir='ltr'><strong>aliquando</strong></span> <span class='ocrx_word' id='word_1_757' title='bbox 893 4811 1010 4866; x_wconf 87' lang='lat' dir='ltr'><strong>Non</strong></span> <span class='ocrx_word' id='word_1_758' title='bbox 1043 4811 1288 4880; x_wconf 90' lang='lat' dir='ltr'><strong>populus,</strong></span> <span class='ocrx_word' id='word_1_759' title='bbox 1340 4810 1613 4865; x_wconf 86' lang='lat' dir='ltr'><strong>vocabitur</strong></span> <span class='ocrx_word' id='word_1_760' title='bbox 1645 4809 1908 4880; x_wconf 78' lang='lat' dir='ltr'><strong>Pepulus;</strong></span> <span class='ocrx_word' id='word_1_761' title='bbox 1960 4823 2015 4866; x_wconf 90' lang='lat' dir='ltr'><strong>et</strong></span> 
     </span>
    </p>
   </div>
   <div class='ocr_carea' id='block_1_96' title="bbox 449 4907 2013 4981">
    <p class='ocr_par' dir='ltr' id='par_1_96' title="bbox 449 4907 2013 4981">
     <span class='ocr_line' id='line_1_96' title="bbox 449 4907 2013 4981; baseline -0.003 -14"><span class='ocrx_word' id='word_1_762' title='bbox 449 4913 566 4981; x_wconf 88' lang='lat' dir='ltr'><strong>ipse</strong></span> <span class='ocrx_word' id='word_1_763' title='bbox 595 4919 788 4965; x_wconf 81' lang='lat' dir='ltr'><strong>exutus</strong></span> <span class='ocrx_word' id='word_1_764' title='bbox 819 4923 1056 4963; x_wconf 89' lang='lat' dir='ltr'><strong>errorem</strong></span> <span class='ocrx_word' id='word_1_765' title='bbox 1084 4908 1388 4977; x_wconf 87' lang='lat' dir='ltr'><strong>pristinum,</strong></span> <span class='ocrx_word' id='word_1_766' title='bbox 1425 4907 1589 4960; x_wconf 78' lang='lat' dir='ltr'><strong>Deum</strong></span> <span class='ocrx_word' id='word_1_767' title='bbox 1629 4923 1812 4960; x_wconf 84' lang='lat' dir='ltr'><strong>verum</strong></span> <span class='ocrx_word' id='word_1_768' title='bbox 1851 4924 2013 4976; x_wconf 81' lang='lat' dir='ltr'><strong>agno-</strong></span> 
     </span>
    </p>
   </div>
   <div class='ocr_carea' id='block_1_97' title="bbox 449 4999 2011 5066">
    <p class='ocr_par' dir='ltr' id='par_1_97' title="bbox 449 4999 2011 5066">
     <span class='ocr_line' id='line_1_97' title="bbox 449 4999 2011 5066; baseline -0.002 -9"><span class='ocrx_word' id='word_1_769' title='bbox 449 5010 586 5066; x_wconf 85' lang='lat' dir='ltr'><strong>scet,</strong></span> <span class='ocrx_word' id='word_1_770' title='bbox 630 5009 684 5056; x_wconf 88' lang='lat' dir='ltr'><strong>et</strong></span> <span class='ocrx_word' id='word_1_771' title='bbox 722 5002 866 5055; x_wconf 89' lang='lat' dir='ltr'><strong>dicet</strong></span> <span class='ocrx_word' id='word_1_772' title='bbox 909 5015 922 5052; x_wconf 92' lang='lat'><strong>:</strong></span> <span class='ocrx_word' id='word_1_773' title='bbox 996 5016 1014 5050; x_wconf 82' lang='grc' dir='ltr'><strong>ι</strong></span> <span class='ocrx_word' id='word_1_774' title='bbox 1044 4999 1180 5053; x_wconf 89' lang='lat' dir='ltr'><strong>Deus</strong></span> <span class='ocrx_word' id='word_1_775' title='bbox 1211 5015 1359 5053; x_wconf 87' lang='lat' dir='ltr'><strong>meus</strong></span> <span class='ocrx_word' id='word_1_776' title='bbox 1383 5015 1444 5054; x_wconf 88' lang='lat' dir='ltr'><strong>es</strong></span> <span class='ocrx_word' id='word_1_777' title='bbox 1474 5009 1550 5062; x_wconf 91' lang='lat' dir='ltr'><strong>tu,</strong></span> <span class='ocrx_word' id='word_1_778' title='bbox 1578 5017 1597 5050; x_wconf 75' lang='grc' dir='ltr'><strong>ι</strong></span> <span class='ocrx_word' id='word_1_779' title='bbox 1638 4999 1851 5053; x_wconf 86' lang='lat' dir='ltr'><strong>tametsi</strong></span> <span class='ocrx_word' id='word_1_780' title='bbox 1885 5000 2011 5054; x_wconf 88' lang='lat' dir='ltr'><strong>olim</strong></span> 
     </span>
    </p>
   </div>
   <div class='ocr_carea' id='block_1_98' title="bbox 447 5089 2011 5156">
    <p class='ocr_par' dir='ltr' id='par_1_98' title="bbox 447 5089 2011 5156">
     <span class='ocr_line' id='line_1_98' title="bbox 447 5089 2011 5156; baseline -0.001 -8"><span class='ocrx_word' id='word_1_781' title='bbox 447 5107 516 5148; x_wconf 80' lang='lat' dir='ltr'><strong>ex</strong></span> <span class='ocrx_word' id='word_1_782' title='bbox 565 5093 854 5148; x_wconf 87' lang='lat' dir='ltr'><strong>immodica</strong></span> <span class='ocrx_word' id='word_1_783' title='bbox 913 5094 1132 5146; x_wconf 84' lang='lat' dir='ltr'><strong>vesania</strong></span> <span class='ocrx_word' id='word_1_784' title='bbox 1175 5091 1470 5145; x_wconf 88' lang='lat' dir='ltr'><strong>clamavit:</strong></span> <span class='ocrx_word' id='word_1_785' title='bbox 1529 5108 1547 5142; x_wconf 86' lang='grc' dir='ltr'><strong>ι</strong></span> <span class='ocrx_word' id='word_1_786' title='bbox 1605 5089 1715 5145; x_wconf 88' lang='lat' dir='ltr'><strong>Nos</strong></span> <span class='ocrx_word' id='word_1_787' title='bbox 1767 5093 2011 5156; x_wconf 91' lang='lat' dir='ltr'><strong>scimus,</strong></span> 
     </span>
    </p>
   </div>
   <div class='ocr_carea' id='block_1_99' title="bbox 447 5183 2014 5256">
    <p class='ocr_par' dir='ltr' id='par_1_99' title="bbox 447 5183 2014 5256">
     <span class='ocr_line' id='line_1_99' title="bbox 447 5183 2014 5256; baseline -0.001 -17"><span class='ocrx_word' id='word_1_788' title='bbox 447 5186 572 5256; x_wconf 86' lang='lat' dir='ltr'><strong>quia</strong></span> <span class='ocrx_word' id='word_1_789' title='bbox 604 5185 770 5255; x_wconf 86' lang='lat' dir='ltr'><strong>Moysi</strong></span> <span class='ocrx_word' id='word_1_790' title='bbox 823 5185 1032 5238; x_wconf 90' lang='lat' dir='ltr'><strong>locutus</strong></span> <span class='ocrx_word' id='word_1_791' title='bbox 1069 5193 1150 5250; x_wconf 85' lang='lat' dir='ltr'><strong>est</strong></span> <span class='ocrx_word' id='word_1_792' title='bbox 1177 5184 1352 5246; x_wconf 88' lang='lat' dir='ltr'><strong>Deus;</strong></span> <span class='ocrx_word' id='word_1_793' title='bbox 1391 5183 1534 5236; x_wconf 85' lang='lat' dir='ltr'><strong>hunc</strong></span> <span class='ocrx_word' id='word_1_794' title='bbox 1591 5195 1768 5236; x_wconf 89' lang='lat' dir='ltr'><strong>autem</strong></span> <span class='ocrx_word' id='word_1_795' title='bbox 1841 5185 2014 5238; x_wconf 87' lang='lat' dir='ltr'><strong>nesci-</strong></span> 
     </span>
    </p>
   </div>
   <div class='ocr_carea' id='block_1_100' title="bbox 447 5274 2013 5343">
    <p class='ocr_par' dir='ltr' id='par_1_100' title="bbox 447 5274 2013 5343">
     <span class='ocr_line' id='line_1_100' title="bbox 447 5274 2013 5343; baseline -0.003 -9"><span class='ocrx_word' id='word_1_796' title='bbox 447 5295 568 5334; x_wconf 89' lang='lat' dir='ltr'><strong>mus</strong></span> <span class='ocrx_word' id='word_1_797' title='bbox 598 5280 738 5332; x_wconf 90' lang='lat' dir='ltr'><strong>unde</strong></span> <span class='ocrx_word' id='word_1_798' title='bbox 766 5278 836 5331; x_wconf 87' lang='lat' dir='ltr'><strong>sit</strong></span> <span class='ocrx_word' id='word_1_799' title='bbox 863 5276 965 5329; x_wconf 76' lang='grc'><strong>⁸³.»</strong></span> <span class='ocrx_word' id='word_1_800' title='bbox 985 5275 1345 5341; x_wconf 85' lang='lat' dir='ltr'><strong>Quamobrem</strong></span> <span class='ocrx_word' id='word_1_801' title='bbox 1401 5289 1524 5329; x_wconf 90' lang='lat' dir='ltr'><strong>cum</strong></span> <span class='ocrx_word' id='word_1_802' title='bbox 1567 5274 1876 5343; x_wconf 86' lang='lat' dir='ltr'><strong>ignorarent</strong></span> <span class='ocrx_word' id='word_1_803' title='bbox 1924 5276 2013 5330; x_wconf 84' lang='lat' dir='ltr'><strong>Fi-</strong></span> 
     </span>
    </p>
   </div>
   <div class='ocr_carea' id='block_1_101' title="bbox 448 5365 2009 5435">
    <p class='ocr_par' dir='ltr' id='par_1_101' title="bbox 448 5365 2009 5435">
     <span class='ocr_line' id='line_1_101' title="bbox 448 5365 2009 5435; baseline -0.003 -12"><span class='ocrx_word' id='word_1_804' title='bbox 448 5369 598 5435; x_wconf 91' lang='lat' dir='ltr'><strong>lium,</strong></span> <span class='ocrx_word' id='word_1_805' title='bbox 643 5384 739 5422; x_wconf 91' lang='lat' dir='ltr'><strong>nec</strong></span> <span class='ocrx_word' id='word_1_806' title='bbox 769 5368 980 5421; x_wconf 87' lang='lat' dir='ltr'><strong>Patrem</strong></span> <span class='ocrx_word' id='word_1_807' title='bbox 1017 5375 1303 5420; x_wconf 89' lang='lat' dir='ltr'><strong>noverant:</strong></span> <span class='ocrx_word' id='word_1_808' title='bbox 1340 5367 1481 5434; x_wconf 83' lang='lat' dir='ltr'><strong>quml</strong></span> <span class='ocrx_word' id='word_1_809' title='bbox 1515 5365 1585 5418; x_wconf 87' lang='lat' dir='ltr'><strong>ita</strong></span> <span class='ocrx_word' id='word_1_810' title='bbox 1631 5375 1858 5420; x_wconf 87' lang='lat' dir='ltr'><strong>testatur</strong></span> <span class='ocrx_word' id='word_1_811' title='bbox 1888 5367 2009 5420; x_wconf 87' lang='lat' dir='ltr'><strong>Sal-</strong></span> 
     </span>
    </p>
   </div>
   <div class='ocr_carea' id='block_1_102' title="bbox 448 5456 2010 5521">
    <p class='ocr_par' dir='ltr' id='par_1_102' title="bbox 448 5456 2010 5521">
     <span class='ocr_line' id='line_1_102' title="bbox 448 5456 2010 5521; baseline 0 -9"><span class='ocrx_word' id='word_1_812' title='bbox 448 5473 633 5514; x_wconf 84' lang='lat' dir='ltr'><strong>vator:</strong></span> <span class='ocrx_word' id='word_1_813' title='bbox 673 5479 690 5511; x_wconf 79' lang='grc' dir='ltr'><strong>ι</strong></span> <span class='ocrx_word' id='word_1_814' title='bbox 728 5460 783 5513; x_wconf 90' lang='lat' dir='ltr'><strong>Si</strong></span> <span class='ocrx_word' id='word_1_815' title='bbox 832 5476 915 5513; x_wconf 89' lang='lat' dir='ltr'><strong>me</strong></span> <span class='ocrx_word' id='word_1_816' title='bbox 957 5459 1187 5521; x_wconf 85' lang='lat' dir='ltr'><strong>sciretis,</strong></span> <span class='ocrx_word' id='word_1_817' title='bbox 1213 5467 1268 5511; x_wconf 87' lang='lat' dir='ltr'><strong>et</strong></span> <span class='ocrx_word' id='word_1_818' title='bbox 1294 5456 1509 5510; x_wconf 81' lang='lat' dir='ltr'><strong>Putrem</strong></span> <span class='ocrx_word' id='word_1_819' title='bbox 1548 5472 1724 5511; x_wconf 89' lang='lat' dir='ltr'><strong>meum</strong></span> <span class='ocrx_word' id='word_1_820' title='bbox 1787 5457 2010 5512; x_wconf 74' lang='lat' dir='ltr'><strong>forsitan</strong></span> 
     </span>
    </p>
   </div>
   <div class='ocr_carea' id='block_1_103' title="bbox 447 5549 2014 5620">
    <p class='ocr_par' dir='ltr' id='par_1_103' title="bbox 447 5549 2014 5620">
     <span class='ocr_line' id='line_1_103' title="bbox 447 5549 2014 5620; baseline -0.002 -12"><span class='ocrx_word' id='word_1_821' title='bbox 447 5552 659 5608; x_wconf 84' lang='lat' dir='ltr'><strong>sciretis</strong></span> <span class='ocrx_word' id='word_1_822' title='bbox 687 5552 787 5604; x_wconf 74' lang='grc'><strong>⁸⁸.»</strong></span> <span class='ocrx_word' id='word_1_823' title='bbox 828 5551 1116 5620; x_wconf 88' lang='lat' dir='ltr'><strong>Postquam</strong></span> <span class='ocrx_word' id='word_1_824' title='bbox 1144 5559 1322 5605; x_wconf 85' lang='lat' dir='ltr'><strong>autem</strong></span> <span class='ocrx_word' id='word_1_825' title='bbox 1377 5549 1442 5604; x_wconf 87' lang='lat' dir='ltr'><strong>ad</strong></span> <span class='ocrx_word' id='word_1_826' title='bbox 1478 5549 1803 5619; x_wconf 86' lang='lat' dir='ltr'><strong>agnitionem</strong></span> <span class='ocrx_word' id='word_1_827' title='bbox 1854 5567 2014 5605; x_wconf 85' lang='lat' dir='ltr'><strong>voca-</strong></span> 
     </span>
    </p>
   </div>
   <div class='ocr_carea' id='block_1_104' title="bbox 2114 4635 3695 4714">
    <p class='ocr_par' dir='ltr' id='par_1_104' title="bbox 2114 4635 3695 4714">
     <span class='ocr_line' id='line_1_104' title="bbox 2114 4635 3695 4714; baseline 0.006 -26"><span class='ocrx_word' id='word_1_828' title='bbox 2114 4635 2171 4688; x_wconf 83' lang='grc' dir='ltr'><strong>δὲ</strong></span> <span class='ocrx_word' id='word_1_829' title='bbox 2205 4636 2304 4705; x_wconf 83' lang='grc' dir='ltr'><strong>τῆς</strong></span> <span class='ocrx_word' id='word_1_830' title='bbox 2330 4636 2562 4707; x_wconf 84' lang='grc' dir='ltr'><strong>ἀρχαίας</strong></span> <span class='ocrx_word' id='word_1_831' title='bbox 2593 4638 2918 4709; x_wconf 89' lang='grc' dir='ltr'><strong>καταλήγων</strong></span> <span class='ocrx_word' id='word_1_832' title='bbox 2960 4640 3189 4712; x_wconf 87' lang='grc' dir='ltr'><strong>πλάνης,</strong></span> <span class='ocrx_word' id='word_1_833' title='bbox 3222 4640 3315 4694; x_wconf 82' lang='grc' dir='ltr'><strong>τὸν</strong></span> <span class='ocrx_word' id='word_1_834' title='bbox 3359 4642 3534 4714; x_wconf 82' lang='grc' dir='ltr'><strong>ἀληθῆ</strong></span> <span class='ocrx_word' id='word_1_835' title='bbox 3565 4645 3695 4697; x_wconf 74' lang='grc' dir='ltr'><strong>Θεὸν</strong></span> 
     </span>
    </p>
   </div>
   <div class='ocr_carea' id='block_1_105' title="bbox 2116 4725 3693 4801">
    <p class='ocr_par' dir='ltr' id='par_1_105' title="bbox 2116 4725 3693 4801">
     <span class='ocr_line' id='line_1_105' title="bbox 2116 4725 3693 4801; baseline 0.006 -22"><span class='ocrx_word' id='word_1_836' title='bbox 2116 4727 2499 4794; x_wconf 85' lang='grc' dir='ltr'><strong>ἐπιγνώσεται.</strong></span> <span class='ocrx_word' id='word_1_837' title='bbox 2535 4729 2673 4780; x_wconf 73' lang='grc' dir='ltr'><strong>(Καὶ</strong></span> <span class='ocrx_word' id='word_1_838' title='bbox 2694 4730 2831 4798; x_wconf 83' lang='grc' dir='ltr'><strong>ἐρεῖ,</strong></span> <span class='ocrx_word' id='word_1_839' title='bbox 2852 4728 2982 4792; x_wconf 88' lang='grc' dir='ltr'><strong>Θεός</strong></span> <span class='ocrx_word' id='word_1_840' title='bbox 3007 4747 3108 4801; x_wconf 90' lang='grc' dir='ltr'><strong>μου</strong></span> <span class='ocrx_word' id='word_1_841' title='bbox 3126 4725 3177 4783; x_wconf 75' lang='grc' dir='ltr'><strong>εἴ</strong></span> <span class='ocrx_word' id='word_1_842' title='bbox 3193 4732 3310 4796; x_wconf 63' lang='lat' dir='ltr'><strong>ab,»</strong></span> <span class='ocrx_word' id='word_1_843' title='bbox 3331 4732 3508 4785; x_wconf 89' lang='grc' dir='ltr'><strong>καίτοι</strong></span> <span class='ocrx_word' id='word_1_844' title='bbox 3526 4735 3693 4788; x_wconf 88' lang='grc' dir='ltr'><strong>πάλαι</strong></span> 
     </span>
    </p>
   </div>
   <div class='ocr_carea' id='block_1_106' title="bbox 2125 4816 3689 4897">
    <p class='ocr_par' dir='ltr' id='par_1_106' title="bbox 2125 4816 3689 4897">
     <span class='ocr_line' id='line_1_106' title="bbox 2125 4816 3689 4897; baseline 0.006 -27"><span class='ocrx_word' id='word_1_845' title='bbox 2125 4817 2263 4888; x_wconf 85' lang='grc' dir='ltr'><strong>βοῶν</strong></span> <span class='ocrx_word' id='word_1_846' title='bbox 2304 4816 2362 4884; x_wconf 82' lang='grc' dir='ltr'><strong>ἐξ</strong></span> <span class='ocrx_word' id='word_1_847' title='bbox 2402 4821 2710 4891; x_wconf 88' lang='grc' dir='ltr'><strong>ἀμετρήτου</strong></span> <span class='ocrx_word' id='word_1_848' title='bbox 2750 4821 3174 4892; x_wconf 87' lang='grc' dir='ltr'><strong>φρενοϐλαϐείας</strong></span> <span class='ocrx_word' id='word_1_849' title='bbox 3198 4861 3212 4886; x_wconf 93' lang='grc'><strong>,</strong></span> <span class='ocrx_word' id='word_1_850' title='bbox 3248 4823 3408 4893; x_wconf 84' lang='grc' dir='ltr'><strong>ἡμεῖς</strong></span> <span class='ocrx_word' id='word_1_851' title='bbox 3450 4825 3689 4897; x_wconf 72' lang='grc' dir='ltr'><strong>οἴδαμεν,</strong></span> 
     </span>
    </p>
   </div>
   <div class='ocr_carea' id='block_1_107' title="bbox 2119 4909 3691 4986">
    <p class='ocr_par' dir='ltr' id='par_1_107' title="bbox 2119 4909 3691 4986">
     <span class='ocr_line' id='line_1_107' title="bbox 2119 4909 3691 4986; baseline 0.006 -25"><span class='ocrx_word' id='word_1_852' title='bbox 2119 4909 2202 4961; x_wconf 83' lang='grc' dir='ltr'><strong>ὅτι</strong></span> <span class='ocrx_word' id='word_1_853' title='bbox 2221 4909 2412 4962; x_wconf 86' lang='grc' dir='ltr'><strong>Μωσεῖ</strong></span> <span class='ocrx_word' id='word_1_854' title='bbox 2448 4909 2742 4981; x_wconf 78' lang='grc' dir='ltr'><strong>λελάληκεν</strong></span> <span class='ocrx_word' id='word_1_855' title='bbox 2772 4913 2800 4964; x_wconf 94' lang='lat'><strong>6</strong></span> <span class='ocrx_word' id='word_1_856' title='bbox 2828 4911 2960 4975; x_wconf 82' lang='grc' dir='ltr'><strong>Θεὸς</strong></span> <span class='ocrx_word' id='word_1_857' title='bbox 2982 4927 2999 4944; x_wconf 81' lang='grc'><strong><em>⁸</em></strong></span> <span class='ocrx_word' id='word_1_858' title='bbox 3033 4914 3223 4966; x_wconf 89' lang='grc' dir='ltr'><strong>τοῦτον</strong></span> <span class='ocrx_word' id='word_1_859' title='bbox 3256 4914 3312 4966; x_wconf 88' lang='grc' dir='ltr'><strong>δὲ</strong></span> <span class='ocrx_word' id='word_1_860' title='bbox 3345 4914 3446 4968; x_wconf 87' lang='grc' dir='ltr'><strong>οὐκ</strong></span> <span class='ocrx_word' id='word_1_861' title='bbox 3471 4914 3691 4986; x_wconf 77' lang='grc' dir='ltr'><strong>οἴδαμεν</strong></span> 
     </span>
    </p>
   </div>
   <div class='ocr_carea' id='block_1_108' title="bbox 2121 4999 3688 5075">
    <p class='ocr_par' dir='ltr' id='par_1_108' title="bbox 2121 4999 3688 5075">
     <span class='ocr_line' id='line_1_108' title="bbox 2121 4999 3688 5075; baseline 0.003 -20"><span class='ocrx_word' id='word_1_862' title='bbox 2121 5001 2282 5056; x_wconf 89' lang='grc' dir='ltr'><strong>πόθεν</strong></span> <span class='ocrx_word' id='word_1_863' title='bbox 2311 4999 2480 5054; x_wconf 84' lang='grc' dir='ltr'><strong>ἐστίν.</strong></span> <span class='ocrx_word' id='word_1_864' title='bbox 2513 5002 2722 5055; x_wconf 84' lang='grc' dir='ltr'><strong>Οὐκοῦν</strong></span> <span class='ocrx_word' id='word_1_865' title='bbox 2749 5005 3116 5075; x_wconf 82' lang='grc' dir='ltr'><strong>ἀγνοήσαντες</strong></span> <span class='ocrx_word' id='word_1_866' title='bbox 3145 5006 3236 5058; x_wconf 84' lang='grc' dir='ltr'><strong>τὸν</strong></span> <span class='ocrx_word' id='word_1_867' title='bbox 3265 5006 3411 5069; x_wconf 81' lang='grc' dir='ltr'><strong>Υίὺν,</strong></span> <span class='ocrx_word' id='word_1_868' title='bbox 3444 5007 3563 5060; x_wconf 84' lang='grc' dir='ltr'><strong>οὐδὲ</strong></span> <span class='ocrx_word' id='word_1_869' title='bbox 3595 5008 3688 5060; x_wconf 60' lang='lat' dir='ltr'><strong>aia-</strong></span> 
     </span>
    </p>
   </div>
   <div class='ocr_carea' id='block_1_109' title="bbox 2115 5091 3691 5168">
    <p class='ocr_par' dir='ltr' id='par_1_109' title="bbox 2115 5091 3691 5168">
     <span class='ocr_line' id='line_1_109' title="bbox 2115 5091 3691 5168; baseline 0.006 -25"><span class='ocrx_word' id='word_1_870' title='bbox 2115 5093 2206 5145; x_wconf 81' lang='grc' dir='ltr'><strong>τὸν</strong></span> <span class='ocrx_word' id='word_1_871' title='bbox 2237 5091 2434 5162; x_wconf 68' lang='grc' dir='ltr'><strong>¹ᾔδεσαν</strong></span> <span class='ocrx_word' id='word_1_872' title='bbox 2459 5091 2550 5144; x_wconf 82' lang='grc' dir='ltr'><strong>τὸν</strong></span> <span class='ocrx_word' id='word_1_873' title='bbox 2570 5093 2790 5164; x_wconf 85' lang='grc' dir='ltr'><strong>Πατέρα</strong></span> <span class='ocrx_word' id='word_1_874' title='bbox 2809 5114 2823 5127; x_wconf 91' lang='grc'><strong>·</strong></span> <span class='ocrx_word' id='word_1_875' title='bbox 2843 5097 2937 5149; x_wconf 69' lang='grc' dir='ltr'><strong>καὶ</strong></span> <span class='ocrx_word' id='word_1_876' title='bbox 2962 5097 3299 5168; x_wconf 87' lang='grc' dir='ltr'><strong>μαρτυρήσει</strong></span> <span class='ocrx_word' id='word_1_877' title='bbox 3328 5096 3503 5166; x_wconf 90' lang='grc' dir='ltr'><strong>λέγων</strong></span> <span class='ocrx_word' id='word_1_878' title='bbox 3530 5099 3691 5163; x_wconf 78' lang='grc' dir='ltr'><strong>αὐτὸς</strong></span> 
     </span>
    </p>
   </div>
   <div class='ocr_carea' id='block_1_110' title="bbox 2118 5184 3690 5260">
    <p class='ocr_par' dir='ltr' id='par_1_110' title="bbox 2118 5184 3690 5260">
     <span class='ocr_line' id='line_1_110' title="bbox 2118 5184 3690 5260; baseline 0.003 -23"><span class='ocrx_word' id='word_1_879' title='bbox 2118 5185 2146 5237; x_wconf 86' lang='grc' dir='ltr'>ὁ</span> <span class='ocrx_word' id='word_1_880' title='bbox 2176 5184 2383 5254; x_wconf 87' lang='grc' dir='ltr'><strong>Σωτήρ.</strong></span> <span class='ocrx_word' id='word_1_881' title='bbox 2437 5184 2501 5236; x_wconf 81' lang='grc' dir='ltr'><strong>Εἰ</strong></span> <span class='ocrx_word' id='word_1_882' title='bbox 2547 5184 2648 5254; x_wconf 80' lang='grc' dir='ltr'><strong>ἐμὲ</strong></span> <span class='ocrx_word' id='word_1_883' title='bbox 2681 5185 2879 5256; x_wconf 78' lang='grc' dir='ltr'><strong>ᾔδειτε,</strong></span> <span class='ocrx_word' id='word_1_884' title='bbox 2931 5187 3026 5240; x_wconf 80' lang='grc' dir='ltr'><strong>καὶ</strong></span> <span class='ocrx_word' id='word_1_885' title='bbox 3071 5187 3163 5242; x_wconf 81' lang='grc' dir='ltr'><strong>τὸν</strong></span> <span class='ocrx_word' id='word_1_886' title='bbox 3204 5188 3425 5260; x_wconf 85' lang='grc' dir='ltr'><strong>Πατέρα</strong></span> <span class='ocrx_word' id='word_1_887' title='bbox 3475 5206 3577 5260; x_wconf 89' lang='grc' dir='ltr'><strong>μου</strong></span> <span class='ocrx_word' id='word_1_888' title='bbox 3625 5191 3690 5244; x_wconf 79' lang='grc' dir='ltr'><strong>ἂν</strong></span> 
     </span>
    </p>
   </div>
   <div class='ocr_carea' id='block_1_111' title="bbox 2118 5273 3692 5352">
    <p class='ocr_par' dir='ltr' id='par_1_111' title="bbox 2118 5273 3692 5352">
     <span class='ocr_line' id='line_1_111' title="bbox 2118 5273 3692 5352; baseline 0.006 -25"><span class='ocrx_word' id='word_1_889' title='bbox 2118 5275 2317 5346; x_wconf 75' lang='grc' dir='ltr'><strong>ᾔδειτε.</strong></span> <span class='ocrx_word' id='word_1_890' title='bbox 2364 5273 2584 5346; x_wconf 85' lang='grc' dir='ltr'><strong>Ἐπειδὴ</strong></span> <span class='ocrx_word' id='word_1_891' title='bbox 2608 5276 2666 5330; x_wconf 84' lang='grc' dir='ltr'><strong>δὲ</strong></span> <span class='ocrx_word' id='word_1_892' title='bbox 2701 5277 2991 5348; x_wconf 85' lang='grc' dir='ltr'><strong>κέκληνται</strong></span> <span class='ocrx_word' id='word_1_893' title='bbox 3037 5281 3173 5352; x_wconf 85' lang='grc' dir='ltr'><strong>πρὸς</strong></span> <span class='ocrx_word' id='word_1_894' title='bbox 3219 5282 3546 5351; x_wconf 85' lang='grc' dir='ltr'><strong>ἐπίγνωσιν,</strong></span> <span class='ocrx_word' id='word_1_895' title='bbox 3596 5283 3692 5338; x_wconf 82' lang='grc' dir='ltr'><strong>καὶ</strong></span> 
     </span>
    </p>
   </div>
   <div class='ocr_carea' id='block_1_112' title="bbox 2118 5367 3689 5438">
    <p class='ocr_par' dir='ltr' id='par_1_112' title="bbox 2118 5367 3689 5438">
     <span class='ocr_line' id='line_1_112' title="bbox 2118 5367 3689 5438; baseline 0.006 -20"><span class='ocrx_word' id='word_1_896' title='bbox 2118 5367 2502 5438; x_wconf 86' lang='grc' dir='ltr'><strong>ὠμολογήκασι</strong></span> <span class='ocrx_word' id='word_1_897' title='bbox 2547 5369 2637 5420; x_wconf 82' lang='grc' dir='ltr'><strong>τὸν</strong></span> <span class='ocrx_word' id='word_1_898' title='bbox 2678 5369 2826 5433; x_wconf 86' lang='grc' dir='ltr'><strong>Υίὸν,</strong></span> <span class='ocrx_word' id='word_1_899' title='bbox 2877 5370 3162 5424; x_wconf 87' lang='grc' dir='ltr'><strong>τεθέανται</strong></span> <span class='ocrx_word' id='word_1_900' title='bbox 3206 5371 3390 5425; x_wconf 84' lang='grc' dir='ltr'><strong>λοιπὸν</strong></span> <span class='ocrx_word' id='word_1_901' title='bbox 3419 5373 3485 5426; x_wconf 84' lang='grc' dir='ltr'><strong>δι’</strong></span> <span class='ocrx_word' id='word_1_902' title='bbox 3523 5373 3689 5427; x_wconf 86' lang='grc' dir='ltr'><strong>αὑτοῦ</strong></span> 
     </span>
    </p>
   </div>
   <div class='ocr_carea' id='block_1_113' title="bbox 2119 5456 3692 5530">
    <p class='ocr_par' dir='ltr' id='par_1_113' title="bbox 2119 5456 3692 5530">
     <span class='ocr_line' id='line_1_113' title="bbox 2119 5456 3692 5530; baseline 0.005 -22"><span class='ocrx_word' id='word_1_903' title='bbox 2119 5473 2178 5508; x_wconf 87' lang='grc' dir='ltr'><strong>τε</strong></span> <span class='ocrx_word' id='word_1_904' title='bbox 2206 5458 2298 5509; x_wconf 82' lang='grc' dir='ltr'><strong>καὶ</strong></span> <span class='ocrx_word' id='word_1_905' title='bbox 2328 5459 2384 5508; x_wconf 87' lang='grc' dir='ltr'><strong>ἐν</strong></span> <span class='ocrx_word' id='word_1_906' title='bbox 2416 5456 2563 5526; x_wconf 82' lang='grc' dir='ltr'><strong>αὐτῷ</strong></span> <span class='ocrx_word' id='word_1_907' title='bbox 2601 5457 2693 5509; x_wconf 81' lang='grc' dir='ltr'><strong>τὸν</strong></span> <span class='ocrx_word' id='word_1_908' title='bbox 2722 5458 2961 5526; x_wconf 86' lang='grc' dir='ltr'><strong>Πατέρα.</strong></span> <span class='ocrx_word' id='word_1_909' title='bbox 3015 5459 3239 5530; x_wconf 85' lang='grc' dir='ltr'><strong>Ἀληθές</strong></span> <span class='ocrx_word' id='word_1_910' title='bbox 3266 5460 3394 5530; x_wconf 84' lang='grc' dir='ltr'><strong>γὰρ,</strong></span> <span class='ocrx_word' id='word_1_911' title='bbox 3435 5462 3517 5514; x_wconf 81' lang='grc' dir='ltr'><strong>ὅτι</strong></span> <span class='ocrx_word' id='word_1_912' title='bbox 3546 5463 3692 5516; x_wconf 83' lang='grc' dir='ltr'><strong>καθά</strong></span> 
     </span>
    </p>
   </div>
   <div class='ocr_carea' id='block_1_114' title="bbox 2119 5549 3689 5623">
    <p class='ocr_par' dir='ltr' id='par_1_114' title="bbox 2119 5549 3689 5623">
     <span class='ocr_line' id='line_1_114' title="bbox 2119 5549 3689 5623; baseline 0.005 -23"><span class='ocrx_word' id='word_1_913' title='bbox 2119 5565 2281 5620; x_wconf 90' lang='grc' dir='ltr'><strong>φησιν</strong></span> <span class='ocrx_word' id='word_1_914' title='bbox 2311 5550 2338 5601; x_wconf 93' lang='lat'><strong>6</strong></span> <span class='ocrx_word' id='word_1_915' title='bbox 2383 5549 2653 5620; x_wconf 84' lang='grc' dir='ltr'><strong>Ἰωάννης,</strong></span> <span class='ocrx_word' id='word_1_916' title='bbox 2686 5551 2714 5603; x_wconf 94' lang='lat'><strong>6</strong></span> <span class='ocrx_word' id='word_1_917' title='bbox 2761 5550 3091 5623; x_wconf 88' lang='grc' dir='ltr'><strong>ἀρνούμενος</strong></span> <span class='ocrx_word' id='word_1_918' title='bbox 3127 5553 3218 5607; x_wconf 85' lang='grc' dir='ltr'><strong>τὸν</strong></span> <span class='ocrx_word' id='word_1_919' title='bbox 3257 5554 3412 5621; x_wconf 80' lang='grc' dir='ltr'><strong>Υίδν,</strong></span> <span class='ocrx_word' id='word_1_920' title='bbox 3452 5555 3571 5607; x_wconf 81' lang='grc' dir='ltr'><strong>οὐδὲ</strong></span> <span class='ocrx_word' id='word_1_921' title='bbox 3599 5554 3689 5608; x_wconf 81' lang='grc' dir='ltr'><strong>τὸν</strong></span> 
     </span>
    </p>
   </div>
   <div class='ocr_carea' id='block_1_115' title="bbox 512 5733 2025 5807">
    <p class='ocr_par' dir='ltr' id='par_1_115' title="bbox 512 5733 2025 5802">
     <span class='ocr_line' id='line_1_115' title="bbox 512 5733 2025 5802; baseline -0.001 -12"><span class='ocrx_word' id='word_1_922' title='bbox 512 5737 558 5770; x_wconf 80' lang='grc'>⁸⁸</span> <span class='ocrx_word' id='word_1_923' title='bbox 589 5735 630 5790; x_wconf 87' lang='lat' dir='ltr'><strong>ll</strong></span> <span class='ocrx_word' id='word_1_924' title='bbox 657 5735 783 5792; x_wconf 89' lang='lat' dir='ltr'><strong>Cor.</strong></span> <span class='ocrx_word' id='word_1_925' title='bbox 819 5751 872 5802; x_wconf 89' lang='lat' dir='ltr'><strong>v,</strong></span> <span class='ocrx_word' id='word_1_926' title='bbox 908 5736 993 5792; x_wconf 76' lang='grc'><strong>15.</strong></span> <span class='ocrx_word' id='word_1_927' title='bbox 1068 5738 1110 5768; x_wconf 70' lang='grc' dir='ltr'><strong>δ’</strong></span> <span class='ocrx_word' id='word_1_928' title='bbox 1133 5735 1290 5791; x_wconf 89' lang='lat' dir='ltr'><strong>llebr.</strong></span> <span class='ocrx_word' id='word_1_929' title='bbox 1314 5751 1351 5790; x_wconf 89' lang='grc' dir='ltr'><strong>ι.</strong></span> <span class='ocrx_word' id='word_1_930' title='bbox 1375 5735 1425 5791; x_wconf 82' lang='grc'><strong>1.</strong></span> <span class='ocrx_word' id='word_1_931' title='bbox 1502 5733 1546 5767; x_wconf 82' lang='grc'><strong>⁸³</strong></span> <span class='ocrx_word' id='word_1_932' title='bbox 1574 5733 1726 5790; x_wconf 83' lang='lat' dir='ltr'><strong>Joan.</strong></span> <span class='ocrx_word' id='word_1_933' title='bbox 1757 5733 1937 5800; x_wconf 79' lang='lat' dir='ltr'><strong>tv,35,</strong></span> <span class='ocrx_word' id='word_1_934' title='bbox 1969 5733 2025 5788; x_wconf 74' lang='lat' dir='ltr'><strong>St</strong></span> 
     </span>
    </p>
   </div>
   <div class='ocr_carea' id='block_1_116' title="bbox 2128 5733 3684 5807">
    <p class='ocr_par' dir='ltr' id='par_1_116' title="bbox 2128 5735 3684 5807">
     <span class='ocr_line' id='line_1_116' title="bbox 2128 5735 3684 5807; baseline 0.003 -17"><span class='ocrx_word' id='word_1_935' title='bbox 2128 5735 2347 5791; x_wconf 66' lang='lat' dir='ltr'><strong>‘Matth.</strong></span> <span class='ocrx_word' id='word_1_936' title='bbox 2387 5751 2458 5801; x_wconf 73' lang='grc' dir='ltr'><strong>ιχ,</strong></span> <span class='ocrx_word' id='word_1_937' title='bbox 2493 5735 2580 5789; x_wconf 78' lang='grc'><strong>57.</strong></span> <span class='ocrx_word' id='word_1_938' title='bbox 2661 5737 2702 5768; x_wconf 83' lang='grc'><strong><em>⁵⁸</em></strong></span> <span class='ocrx_word' id='word_1_939' title='bbox 2733 5735 2886 5792; x_wconf 87' lang='lat' dir='ltr'><strong>Joan.</strong></span> <span class='ocrx_word' id='word_1_940' title='bbox 2921 5754 2999 5804; x_wconf 83' lang='lat' dir='ltr'><strong>Ix,</strong></span> <span class='ocrx_word' id='word_1_941' title='bbox 3033 5738 3122 5792; x_wconf 78' lang='lat'><strong>50.</strong></span> <span class='ocrx_word' id='word_1_942' title='bbox 3197 5740 3242 5772; x_wconf 79' lang='grc'><strong>⁵⁸</strong></span> <span class='ocrx_word' id='word_1_943' title='bbox 3271 5739 3424 5795; x_wconf 87' lang='lat' dir='ltr'><strong>Joan.</strong></span> <span class='ocrx_word' id='word_1_944' title='bbox 3455 5755 3571 5807; x_wconf 78' lang='lat' dir='ltr'><strong>vui,</strong></span> <span class='ocrx_word' id='word_1_945' title='bbox 3601 5739 3684 5797; x_wconf 77' lang='lat' dir='ltr'><strong>i9.</strong></span> 
     </span>
    </p>
   </div>
  </div>
