4046 6376
301 291 392 347 101
1212 283 1757 343 COMMENTARIUS
1796 283 1863 340 IN
1904 283 2137 340 OSEAM
2177 284 2628 343 PROPIIETAM.

3451 287 3559 343 {0'2

298 406 515 476 Πατέρα
543 404 656 475 ἔχει
678 421 692 435 ·
726 406 754 458 6
783 403 839 456 δὲ
880 402 1160 475 ὁμολογῶν
1190 403 1282 457 τὸν
1310 403 1437 456 Υἱδν
1462 444 1478 468 ,
1511 403 1765 474 ὁμολογεῖ
1790 403 1869 455 κα¹

1991 401 2052 466 ti,
2086 411 2136 456 et
2168 402 2364 457 Filium
2401 401 2633 458 confessi
2666 409 2810 468 sunt,
2840 400 3095 471 deinceps
3148 414 3243 471 per
3270 401 3466 472 ipsum,
3497 416 3554 459 et

293 498 384 552 τὸν
414 496 650 567 Πατέρα,

1984 494 2036 547 in
2070 494 2188 561 ipSo
2251 494 2468 549 Patrem
2529 494 2801 549 viderunt.
2842 494 3039 548 Verum
3082 502 3165 549 est
3208 494 3375 555 enim.
3405 493 3563 563 juxta

295 588 591 658 sapientem
630 586 935 641 Joannem:
964 603 985 637 ι
1021 585 1113 656 qui
1149 598 1308 657 negat
1340 585 1555 651 Filium,
1609 600 1709 639 nec
1768 582 1986 639 Patrem
2056 587 2220 641 habet
2245 605 2257 617 ·
2296 588 2396 653 Qui
2460 597 2637 641 autem
2702 587 2991 641 conﬁtetur
3024 586 3240 655 Filium,
3279 585 3567 643 conﬁtetur

292 691 348 737 et
375 680 593 735 Patrem
629 678 697 730 ⁵⁷.
712 696 731 729 ι

890 790 1147 848 ΚΕΦΛΛ.
1199 791 1273 844 Γ’.

362 924 472 980 Καὶ
505 920 633 977 εἷπε
668 923 883 991 Κύριος
923 923 1073 989 πρός
1108 940 1214 991 με·
1255 925 1383 976 Ἔτι
1406 922 1745 990 πορεύθητι,
1777 921 1878 975 καὶ

291 1017 615 1087 ἀγάπησον
653 1015 909 1085 γυναῖκα
956 1014 1290 1082 ἀγαπῶσαν
1334 998 1595 1081 πονηρὰ,
1622 1015 1717 1067 καὶ
1748 1033 1878 1083 μοι-

291 1111 491 1181 χαλὶν.
519 1108 710 1174 καθὼς
738 1106 938 1176 ἀγαπᾷ
978 1111 1009 1161 ό
1048 1109 1191 1173 Θεὸς
1218 1107 1359 1172 τοὺς
1394 1106 1564 1172 υἱοὺς
1607 1107 1876 1175 Ἰσραὴλ,

292 1204 387 1256 καὶ
421 1201 586 1255 αὐτοὶ
619 1202 1073 1255 ἀποϐλέπουσιν
1118 1200 1212 1253 ἐπὶ
1268 1199 1452 1263 Θεοὺς
1491 1199 1868 1267 ἀλλοτρίους,

291 1294 388 1349 καὶ
408 1293 657 1363 φιλοῦσι
684 1292 956 1361 πέμματα
980 1293 1128 1361 μετὰ
1154 1292 1479 1361 σταφίδων.

357 1408 480 1460 ΛΒ’.
522 1408 587 1460 Τί
619 1407 679 1459 τὸ
704 1408 888 1477 χρῆμα
919 1406 1100 1471 πάλιν,
1131 1407 1163 1477 ἢ
1203 1406 1256 1458 τί
1282 1405 1343 1458 τὸ
1377 1407 1706 1477 μυστήριον,
1737 1406 1869 1458 ἀνα-

292 1501 482 1571 μαθεῖν
515 1501 828 1568 ἀναγκαῖον.
864 1502 984 1551 Δεῖν
1028 1500 1155 1569 γάρ,
1186 1496 1361 1568 οἶμαι,
1389 1499 1456 1551 τὰ
1484 1498 1663 1551 τοιάδε
1700 1498 1866 1550 πολυ-

290 1596 648 1664 πραγμονεῖν,
678 1593 772 1645 καὶ
805 1590 1145 1661 καταθρῆσαι
1179 1588 1551 1659 λεπτομεριῖκ.
1583 1588 1736 1641 Μετὰ
1766 1587 1874 1656 γάρ

285 1704 369 1739 τοι
400 1687 498 1755 τὴν
533 1684 776 1754 πρώτην,
805 1683 902 1754 τὴν
936 1682 1182 1753 μαχλάδα
1207 1681 1299 1734 xai.
1326 1680 1720 1749 σεσοϐημένην,
1754 1679 1868 1730 ἓτε-

291 1794 383 1847 ρον
416 1775 493 1845 τῷ
524 1777 777 1845 προφήτῃ
815 1772 1035 1841 γύναιον
1071 1772 1424 1844 εἰσκρίνεται,
1458 1774 1572 1834 τοῖς
1613 1771 1713 1839 τῆς
1748 1787 1866 1839 μοι-

284 1871 438 1941 χείας
468 1869 806 1938 ἐγκλήμασιν
837 1866 1112 1936 ἐχόμενον.
1150 1866 1261 1917 Καὶ
1288 1864 1369 1926 τίς
1393 1866 1420 1917 6
1451 1864 1639 1931 λόγος,
1689 1866 1721 1933 ή
1776 1864 1875 1933 μὲν

281 1961 395 2029 γάρ
434 1959 541 2010 τῶν
577 1957 845 2009 Ἰουδαίων
882 1955 1111 2025 πληθὺς,
1146 1957 1180 2024 ὴ
1217 1954 1324 2025 πρὸ
1355 1957 1453 2025 τῆς
1483 1954 1575 2007 τοῦ
1620 1954 1875 2023 Σωτῆρος

285 2050 447 2119 ήμῶν
512 2048 841 2118 ἐπιδημίας,
888 2046 981 2100 ἆτε
1031 2047 1095 2117 δὴ
1142 2047 1236 2098 καὶ
1286 2045 1724 2115 ἀφυλακτότερον
1780 2043 1875 2095 καὶ

288 2142 437 2212 μάλα
458 2142 688 2210 ἑτοίμως
721 2140 875 2193 ἰοῦσα
902 2139 1035 2210 πρὸς
1057 2138 1344 2207 πλάνησιν,
1370 2138 1463 2191 καὶ
1483 2137 1744 2207 δαμάλεσι
1776 2135 1874 2204 μὲν

286 2233 624 2305 λατρεύουσα
658 2234 777 2295 ταῖς
826 2233 1074 2303 χρυσαῖς,
1108 2228 1489 2301 προσκυνοῦσα
1536 2246 1594 2282 τε
1652 2228 1745 2280 καὶ
1780 2227 1874 2279 θύ-

288 2342 427 2378 ουσα
452 2324 528 2393 τῷ
559 2323 721 2387 Βάαλ,
754 2323 870 2393 ἦτοι
897 2322 975 2393 τῷ
1013 2321 1355 2391 Βεελφεγὼρ,
1388 2322 1561 2394 πόρνῃ
1605 2321 1874 2374 παοεικά-

287 2415 433 2478 ζετο,
472 2414 565 2466 καὶ
600 2413 719 2466 λίαν
768 2412 1011 2475 εἰκότως,
1045 2411 1207 2465 οἱονεί
1236 2429 1353 2474 πως
1386 2412 1680 2481 ἐκκειμένη
1711 2412 1873 2464 παντὶ

288 2504 511 2575 πονηρῷ
563 2505 654 2557 καὶ
698 2504 990 2575 ἀκαθάρτῳ
1046 2502 1339 2573 πνεύματι,
1385 2504 1485 2566 τὰς
1522 2503 1657 2566 ἰδίας
1685 2502 1877 2572 ήδονάς

285 2596 641 2667 ἀποπληροῦν
702 2596 958 2650 ἐθέλοντι.
1015 2596 1408 2669 Προσεδέχοντο
1464 2596 1573 2667 γὰρ
1622 2596 1715 2648 καὶ
1768 2594 1877 2647 τῶν

284 2691 506 2761 ὁμόρων
528 2690 698 2741 ἐθνῶν
719 2690 786 2741 τὰ
804 2689 1146 2758 σεϐάσματα,
1176 2687 1315 2741 κατά
1338 2689 1397 2741 τὸ
1428 2688 1643 2758 ἑκάστῳ
1666 2687 1875 2750 δοκοῦν,

286 2783 519 2844 ἀνοσίως
566 2783 658 2835 καί
701 2781 1093 2844 ἀϐασανίστως.
1122 2780 1259 2833 Ἀλλ’
1288 2780 1468 2850 ἐκείνη
1510 2779 1609 2850 μὲν
1637 2779 1712 2841 ὼς
1737 2778 1877 2831 ἑτοί-

2637 790 2789 847 CAP.
2832 789 2921 857 111,

2046 927 2213 983 Vsus.
2245 929 2297 982 1.
2327 927 2397 982 Et
2440 929 2580 983 dixit
2630 930 2885 987 Dominus
2923 934 2992 989 ad
3022 951 3104 989 me
3156 936 3385 989 :Adltuc
3433 936 3561 989 vade

1976 1029 2024 1074 et
2047 1021 2207 1089 dilige
2229 1020 2497 1074 mulierem
2529 1021 2828 1090 diligentem
2848 1024 3010 1090 mala,
3026 1033 3074 1079 et
3095 1025 3563 1090 adulteram,sicut

1978 1112 2165 1165 dilexit
2190 1111 2451 1165 Dominus
2466 1112 2607 1181 ﬁlios
2627 1111 2821 1178 Israel,
2842 1124 2891 1168 et
2919 1116 3018 1182 ipsi
3044 1117 3325 1182 respiciunt
3348 1117 3416 1171 ad
3440 1118 3563 1173 deos

1977 1202 2197 1270 alienos,
2215 1212 2265 1257 et
2282 1212 2460 1258 amant
2479 1206 2737 1259 coctiones
2773 1221 2893 1259 cum
2933 1207 3180 1263 vinaceis.
3578 1212 3579 1215 “

2045 1399 2259 1456 XXXII.
2291 1402 2429 1469 Quid
2452 1403 2549 1468 rei,
2575 1412 2665 1457 aut
2697 1406 2935 1475 mysterii
2964 1405 3106 1461 istud
3147 1406 3236 1474 sit,
3271 1422 3566 1478 cognosca-

1974 1509 2097 1549 mus
2121 1504 2354 1566 Oportet.
2386 1496 2523 1550 Puto
2552 1498 2805 1567 equidem
2845 1499 2969 1553 talia
3004 1500 3296 1555 scrutanda
3328 1501 3558 1572 diligen-

1980 1587 2086 1640 tius
2134 1596 2189 1641 et
2231 1589 2608 1657 perpendenda
2649 1588 2920 1643 subtilius.
2958 1590 3087 1646 Post
3130 1592 3359 1661 primam
3395 1594 3564 1657 enim,

1978 1690 2205 1744 eamque
2249 1677 2609 1743 meretricem,
2665 1688 2720 1733 et
2764 1682 3065 1749 repulsam,
3099 1682 3205 1735 alia
3248 1682 3565 1738 muliercula

1978 1766 2254 1835 prophetae
2283 1764 2524 1831 oﬂ‘ertur,
2561 1768 2809 1823 adulterii
2849 1768 3068 1841 ﬂagitiis
3121 1772 3383 1828 involuta.
3423 1773 3566 1839 Quid

1978 1856 2090 1910 ita?
2122 1854 2428 1911 Judzeorum
2474 1874 2706 1927 namque
2749 1861 3060 1927 multitudo,
3098 1879 3219 1933 qua:
3266 1864 3561 1921 adventum

1980 1947 2280 2003 Salvatoris
2319 1950 2490 2003 nostri
2543 1954 2853 2017 antecessit,
2886 1964 3073 2023 utpote
3120 1955 3461 2025 insolentius,
3496 1972 3562 2013 ac

1978 2048 2226 2108 prompte
2263 2039 2423 2093 nimis
2464 2054 2706 2097 errorem
2755 2058 3010 2113 sequens,
3039 2054 3094 2099 et
3128 2046 3325 2102 vitulos
3364 2063 3560 2105 aureos

1980 2131 2184 2197 colens,
2210 2132 2567 2200 adoransque,
2585 2143 2639 2188 et
2659 2136 2972 2191 sacriﬁcans
2992 2138 3272 2205 Baa|,sive
3294 2139 3559 2211 Beelphe-

1978 2236 2095 2291 gor,
2128 2237 2248 2275 cum
2274 2231 2455 2276 scorto
2477 2222 2874 2291 conferebatur,
2906 2225 3015 2297 58
3041 2239 3095 2283 et
3122 2230 3417 2299 aptissime,
3482 2246 3557 2287 ve-

1978 2314 2076 2369 luti
2110 2315 2358 2384 exposita
2384 2318 2531 2371 omni
2560 2317 2794 2388 maligno
2812 2319 3162 2376 etimmundo
3184 2322 3563 2391 spiritui,suas

1979 2407 2033 2461 in
2064 2421 2127 2461 ea
2175 2406 2477 2476 voluptates
2516 2410 2735 2479 explere
2762 2412 3021 2478 cupienti.
3054 2410 3188 2466 Nam
3222 2422 3274 2467 et
3304 2413 3561 2469 ﬁnitima-

1980 2511 2097 2551 rum
2124 2499 2359 2568 gentium
2382 2515 2559 2566 sacra,
2585 2510 2743 2571 prout
2772 2501 2969 2570 cuique
2997 2502 3209 2569 liberet,
3232 2504 3437 2574 absque
3456 2506 3561 2560 ulla

1977 2589 2345 2658 exploratione
2373 2592 2760 2661 suscipiebant.
2794 2591 2996 2646 Verum
3022 2593 3109 2648 illa
3137 2596 3560 2664 quidem,utde-

1978 2681 2264 2736 lectionem
2316 2683 2457 2737 haud
2500 2684 2665 2737 invita
2717 2682 2915 2750 ini'ens,
2964 2698 3181 2752 poenam
3237 2687 3561 2757 condignam

1978 2775 2210 2845 excepit,
2236 2775 2452 2829 redacta
2478 2775 2530 2828 in
2559 2774 3028 2844 captivitatem,et
3070 2776 3303 2830 hostium
3334 2778 3559 2846 pedibus

291 2890 409 2941 μως
443 2872 596 2924 ἰοῦσα
638 2870 773 2941 πρὸς
804 2870 1101 2925 ἀπόστασιν
1133 2869 1420 2933 ἐκολάζετο
1450 2869 1695 2932 δικαίως,
1732 2886 1869 2938 πεμ-

1979 2866 2244 2935 subjecta.
2291 2867 2481 2936 Aperit
2531 2867 2882 2921 nihilominus
2916 2868 3189 2936 prophetae
3222 2867 3389 2935 Deus,
3428 2878 3562 2924 tem-

289 2963 502 3034 πομένη
533 2964 668 3035 πρὸς
700 2963 1100 3033 αἰχμαλωσίαν,
1130 2963 1224 3016 καὶ
1258 2962 1361 3015 ὑπὸ
1404 2962 1570 3025 πόδας
1602 2962 1876 3015 πίπτουσα

285 3058 398 3110 τῶν
432 3055 662 3127 ἐχθρῶν.
690 3056 937 3126 Καθίστη
987 3072 1053 3123 γε
1106 3055 1212 3126 μὴν
1252 3054 1481 3125 ἐναργὲς
1509 3054 1585 3124 τῷ
1619 3056 1874 3125 προφήτῃ

288 3150 444 3214 Θεὸς,
479 3150 559 3202 ὅτι
592 3146 733 3201 κατά
760 3148 851 3201 τὸν
890 3148 1079 3218 καιρὸν
1108 3147 1209 3217 τῆς
1236 3147 1329 3201 τοῦ
1365 3147 1600 3217 Ἰεζραέλ
1625 3148 1834 3218 ἡμέρας
1858 3186 1873 3210 ,

286 3243 391 3311 τῆς
420 3242 497 3303 ὡς
544 3240 759 3311 ἀληθῶς
796 3240 1057 3310 μεγάλης,
1089 3239 1447 3309 ἀναϐήσονται
1496 3241 1561 3291 ἐκ
1608 3240 1704 3308 τῆς
1751 3239 1874 3307 γῆς,

286 3332 553 3391 τουτέστι,
594 3330 692 3400 τῆς
716 3328 822 3382 τῶν
858 3328 1170 3398 ἀλλοφύλων
1200 3327 1640 3398 ἀποδραμοῦνται
1669 3326 1871 3399 χώρας.

288 3423 461 3476 Τοῦτο
489 3423 543 3475 δὲ
571 3417 638 3492 ἦν
664 3419 1077 3491 αἰνιγματωδῶς
1117 3420 1390 3490 ὑποφῆναι
1434 3420 1616 3485 πάλιν,
1646 3421 1727 3472 ὅτι
1774 3436 1873 3471 πε-

288 3513 590 3568 παύσονται
633 3510 726 3563 τοῦ
779 3506 916 3563 εἶναι
947 3509 1085 3573 ξένοι
1120 3509 1214 3561 καὶ
1257 3508 1546 3578 ἐπήλυτοι,
1578 3508 1776 3578 μᾶλλον
1814 3506 1872 3560 δὲ

287 3607 637 3678 δορύληπτοι,
670 3582 899 3675 καὶδτὴν
946 3605 1233 3675 ἀλλοτρίαν
1278 3603 1555 3667 οἰκοῦντες
1588 3604 1687 3657 οὐκ
1719 3602 1871 3655 ἐλευ-

291 3700 485 3769 θέρως.
504 3699 804 3770 Ἐκήρυσσε
843 3696 950 3768 γὰρ
980 3698 1008 3750 6
1042 3698 1231 3766 Σωτὴρ
1261 3694 1629 3765 αἰχμαλώτοις
1652 3696 1867 3763 ἄφεσιν,

289 3793 383 3845 καὶ
416 3791 633 3860 τυφλοῖς
662 3789 974 3857 ἀνάϐλεψιν,
1007 3789 1148 3841 κατά
1178 3788 1277 3858 τὴν
1309 3786 1401 3840 τοῦ
1444 3788 1723 3858 προφήτου
1754 3805 1868 3855 φω-

287 3884 406 3955 νήν.
436 3884 557 3935 "Ott.
581 3882 635 3935 δὲ
657 3884 751 3935 καὶ
773 3881 1205 3952 εἰσδεχθήσονται
1232 3881 1320 3933 διά
1370 3879 1604 3943 πίστεως
1624 3882 1680 3933 ἐν
1705 3880 1871 3941 ἐλέοις

287 3975 381 4028 καὶ
411 3976 737 4044 οἰκτιρμοῖς,
771 3974 863 4027 καὶ
896 3973 1253 4043 κεκλήσονται
1293 3971 1419 4035 λαὸς
1451 3970 1607 4035 Θεοῦ,
1634 3971 1727 4025 καὶ
1764 3972 1869 4042 μὴν

287 4067 384 4119 καὶ
410 4065 540 4136 ήλεη
551 4065 722 4134 μένοι,
747 4065 1151 4135 διαμεμήνυκεν
1178 4063 1443 4135 ἐναργῶς.
1475 4062 1629 4117 Μετὰ
1657 4064 1763 4132 γάρ
1788 4081 1869 4117 τοι

285 4158 385 4228 τὴν
417 4157 512 4209 τοῦ
544 4158 792 4227 Σωτῆρος
831 4156 1148 4227 ἐπιδημίαν,
1184 4156 1276 4208 καὶ
1302 4157 1360 4208 τὸ
1391 4155 1485 4208 ἐπὶ
1530 4155 1608 4225 τῷ
1647 4155 1868 4225 σταυρῷ

1981 2972 2113 3027 pore
2140 2958 2242 3013 diei
2280 2956 2515 3022 Jezrael,
2547 2973 2675 3013 vere
2709 2959 2912 3029 magni,
2946 2974 3268 3014 ascensuros
3294 2959 3361 3015 de
3393 2969 3559 3025 terra,

1983 3050 2083 3104 hoc
2102 3060 2207 3116 est,
2242 3064 2273 3103 e
2308 3051 2526 3119 regione
2556 3049 2982 3121 alienigenarum
3023 3052 3350 3107 avolaturos.
3400 3053 3562 3120 Quod

1980 3157 2196 3196 rursum
2214 3150 2331 3195 erat
2363 3141 2462 3196 sub
2516 3150 2825 3210 tegumento
2873 3142 3420 3207 indicare,desituros
3440 3160 3563 3201 esse

1980 3234 2296 3305 peregrinos
2329 3243 2382 3288 et
2405 3235 2658 3300 advenas,
2682 3236 2789 3289 imo
2819 3235 2960 3290 bello
2996 3246 3204 3305 captos,
3243 3244 3297 3291 et
3321 3237 3554 3292 alienam

1980 3328 2277 3394 regionem,
2304 3343 2407 3381 non
2440 3337 2497 3379 ut
2524 3327 2723 3383 liberos
2749 3327 2996 3392 decebat,
3017 3328 3559 3385 incolentes.Praedi~

1979 3418 2125 3472 cavit
2150 3418 2293 3472 enim
2333 3417 2582 3473 Salvator
2605 3436 2623 3468 ι
2650 3419 2876 3488 captivis
2907 3420 3560 3488 indulgentiam,etctncis

1978 3516 2229 3577 aspectus
2259 3510 2653 3565 restitutionem
2687 3510 2795 3574 '3,»
2815 3509 2971 3579 juxta
2996 3512 3216 3565 verbum
3251 3515 3549 3579 prophetae.

1977 3598 2149 3654 Porro
2174 3615 2270 3670 per
2302 3601 2459 3655 ﬁdem
2494 3601 2546 3654 in
2592 3600 2987 3668 misericordia,
3029 3610 3085 3656 et
3116 3603 3556 3659 miserationibus

1976 3704 2309 3760 susceptum,
2343 3701 2397 3747 et
2423 3702 2670 3747 vocatum
2704 3694 2769 3747 iri
2817 3694 3043 3763 papulus
3079 3694 3193 3759 Dei,
3216 3695 3344 3764 quin
3372 3706 3425 3751 et
3450 3698 3555 3751 mi-

1976 3784 2325 3841 sericordiam
2364 3794 2715 3839 consecutum
2754 3784 2988 3839 dilucide
3019 3786 3373 3842 demonstrat.
3406 3786 3545 3842 Nam

1976 3886 2099 3947 post
2134 3875 2428 3931 Salvatoris
2475 3877 2785 3942 adventum,
2823 3886 2878 3931 et
2913 3879 3317 3947 perpessionem
3351 3881 3551 3945 crucis,

1975 3976 2030 4023 et
2063 3968 2115 4022 in
2139 3969 2305 4022 vitam
2348 3966 2601 4033 reditum,
2630 3968 2849 4023 salvattu
2884 3980 3011 4025 sunt
3056 3970 3272 4041 quidem
3311 3972 3554 4042 reliquiae

1976 4058 2347 4130 (crediderunt
2368 4059 2511 4113 enim
2542 4075 2648 4115 non
2688 4061 2843 4129 pauci
2872 4075 3099 4117 numero
3131 4076 3196 4117 ex
3222 4062 3430 4134 Israel);
3459 4079 3551 4119 re-

1976 4152 2177 4207 mansit
2211 4162 2390 4207 tamen
2434 4153 2612 4208 adhuc
2644 4152 2920 4208 incredula
2944 4154 3250 4221 multitudo,
3283 4171 3404 4226 quae
3434 4172 3553 4210 mu-

288 4248 479 4311 πάθος,
510 4248 604 4300 καὶ
636 4247 734 4318 τὴν
779 4248 843 4299 ἐκ
868 4247 1076 4317 νεκρῶν
1106 4246 1424 4307 ἀναϐίωσιν,
1458 4245 1726 4298 σέσωσται
1770 4246 1868 4315 μὲν

1976 4243 2092 4299 Iieri
2138 4245 2354 4299 lascivae
2412 4246 2657 4315 apposite
2693 4256 3068 4315 comparatur,
3110 4249 3234 4317 quia
3276 4248 3551 4305 caelestem

285 4336 347 4388 τὸ
376 4336 725 4405 >ατάλειμμα
776 4335 793 4405 (
818 4334 1213 4389 πεπιστεύκασι
1241 4334 1349 4405 γὰρ
1376 4336 1477 4387 οὑκ
1507 4333 1866 4405 εὐαρίθμητοι

285 4424 394 4479 τῶν
426 4426 485 4490 ἐξ
519 4427 750 4497 Ἰσραήλ)
768 4444 782 4457 ⁸
824 4427 1211 4497 ἀπομεμένηκε
1237 4425 1293 4477 δὲ
1319 4425 1478 4479 πάλιν
1506 4427 1537 4496 ἡ
1565 4425 1865 4479 ἀπειθοῦσα

286 4517 516 4587 πληθὺς,
548 4518 614 4589 ἦν
660 4518 927 4589 μοιχαλίδι
976 4517 1394 4588 παρεικαστέον,
1423 4517 1513 4570 διά
1555 4534 1639 4570 τοι
1684 4517 1744 4569 τὸ
1787 4518 1863 4588 μὴ

286 4608 503 4661 ἑλέσθαι
536 4610 626 4661 τὸν
670 4610 729 4675 ἐξ
763 4609 991 4680 οὐρανοῦ
1039 4609 1291 4679 νυμφίον,
1325 4610 1418 4661 καὶ
1451 4610 1712 4680 ἀθετῆσαι
1762 4612 1862 4681 μὲν

284 4700 377 4753 τὸν
409 4701 467 4753 ἐν
498 4702 673 4753 πίστει
706 4701 1007 4771 μνώμενον,
1042 4704 1246 4772 μοιχοῖς
1287 4702 1343 4754 δὲ
1384 4700 1573 4769 ὥσπερ
1599 4702 1740 4755 τισὶν
1766 4706 1863 4756 ἀν·

286 4794 425 4845 εἶναι
473 4793 564 4845 τὸν
613 4793 738 4846 νοῦν
787 4796 897 4856 τοῖς
945 4793 1334 4864 Γραμματεῦσι
1389 4795 1483 4847 καὶ
1521 4796 1855 4865 Φαρισαίοις.

296 4883 600 4938 Ἐδίδασκον
634 4886 741 4956 γάρ
773 4886 1119 4949 διδασκαλίας
1172 4888 1266 4940 καὶ
1311 4887 1620 4957 ἐντάλματα
1656 4886 1865 4958 ἀνθρώ-

285 4975 642 5047 πων.”Ωσπερ
668 4972 760 5030 οῦν
791 4980 857 5049 τῇ
892 4978 1065 5049 πόρνῃ
1090 4978 1254 5049 συνῆν
1283 4979 1311 5031 6
1334 4979 1639 5050 προφήτης,
1671 4979 1750 5042 εἰς
1774 4977 1865 5029 τύ-

284 5084 387 5118 πον
420 5066 554 5121 Θεοῦ
584 5069 681 5139 τῆς
708 5068 799 5122 τοῦ
837 5070 1050 5141 Ἰσραὴλ
1072 5070 1399 5140 ἀνεχομένου
1430 5070 1687 5140 πορνείας
1707 5110 1722 5131 ,
1768 5071 1863 5123 xati.

283 5156 603 5221 κολάζοντος
636 5160 736 5227 μὲν
759 5160 1087 5230 συμμέτρως
1115 5162 1194 5224 είς
1218 5161 1573 5232 ἐπιστροφὴν,
1600 5162 1862 5231 ἀνακομί-

283 5244 469 5309 ζοντος
498 5247 553 5299 δὲ
592 5248 728 5319 πρὸς
760 5250 1051 5318 ἐπίγνωσιν
1071 5266 1084 5280 °
1116 5252 1207 5303 τὸν
1237 5252 1420 5317 αὑτὸν,
1448 5248 1622 5322 οἶμαι,
1662 5254 1862 5323 τρόπον

284 5336 381 5388 καὶ
438 5337 526 5390 διὰ
576 5339 684 5391 τῶν
738 5340 1114 5411 προκειμένων
1168 5341 1470 5412 μορφοῦται
1517 5342 1681 5396 πάλιν
1730 5345 1861 5412 ήμῖν

282 5427 513 5490 ἀστείως
555 5428 616 5480 τὸ
668 5430 979 5500 μυστήριον,
1022 5432 1115 5493 Εἰς
1144 5430 1309 5483 τύπον
1357 5434 1464 5501 γάρ
1504 5432 1532 5483 6
1577 5434 1863 5502 προφήτης

282 5514 416 5566 Θεοῦ
458 5518 818 5587 παραδέχεται
848 5520 947 5589 μὲν
973 5522 1070 5590 τὴν
1099 5521 1379 5591 μοιχαλίδα
1431 5522 1520 5574 καὶ
1562 5522 1860 5589 ἀγαπῶσαν

1974 4336 2240 4405 Sponsum
2274 4353 2377 4391 non
2408 4339 2649 4407 elegerit,
2678 4348 2734 4393 et
2760 4348 3048 4406 aspernata
3082 4340 3153 4394 sit
3177 4340 3267 4409 qui
3294 4341 3464 4411 ipsam
3492 4344 3543 4396 in

1972 4428 2076 4483 ﬁde
2106 4430 2369 4494 ambibat,
2404 4440 2459 4485 et
2480 4431 2685 4488 Scribis
2716 4448 2780 4487 ac
2805 4434 3095 4491 Pharisaeis
3124 4435 3289 4490 veluti
3323 4438 3551 4493 moechis

1970 4521 2294 4591 quibusdam
2394 4524 2633 4577 animum
2694 4526 3018 4593 permiserit.
3074 4527 3345 4583 Docebant
3403 4530 3545 4584 enim

1973 4615 2276 4668 «doctrinas
2293 4626 2345 4668 et
2364 4618 2614 4670 mandata
2640 4616 3225 4688 hominum”.iltaque
3250 4621 3401 4689 quasi
3426 4635 3545 4675 cum

1966 4706 2253 4759 meretrice
2288 4715 2403 4758 erat
2429 4707 2689 4775 propheta
2730 4708 2783 4761 in
2816 4717 2996 4778 typum
3024 4708 3139 4775 Dei,
3162 4709 3548 4767 fornicationes

1964 4795 2130 4850 lsrael
2183 4797 2519 4863 sustinentis,
2569 4800 2959 4869 moderateque
3015 4800 3083 4855 ad
3132 4802 3543 4857 conversionem

1967 4888 2316 4957 punientis,et
2336 4888 2400 4942 ad
2429 4890 2755 4957 agnitionem
2777 4892 3097 4959 revocantis;
3115 4894 3540 4962 eodem,opinor,

1967 4976 2128 5031 modo
2166 4986 2218 5031 et
2256 4992 2352 5045 per
2375 4978 2538 5032 verba
2578 4979 2849 5048 proposita
2901 4996 3118 5035 rursum
3156 4981 3311 5035 nobis
3347 4992 3545 5049 myste-

1967 5068 2109 5122 rium
2140 5069 2273 5123 scite
2307 5070 2647 5124 informatur.
2666 5069 2797 5123 Nam
2821 5086 3107 5141 personam
3141 5086 3204 5125 ac
3233 5082 3412 5140 typum
3446 5073 3539 5126 Dei

1967 5174 2161 5227 gerens
2208 5162 2467 5229 propheta
2506 5161 2803 5215 adulteram
2832 5173 2886 5216 et
2910 5163 3233 5233 diligentem
3266 5162 3404 5217 mala
3450 5166 3540 5218 ad-

1968 5252 2162 5315 mittit;
2198 5252 2291 5305 sed
2322 5253 2466 5306 fovet
2494 5266 2637 5320 eam,
2664 5254 3063 5321 quodammodo
3092 5252 3539 5322 promissionibus

1967 5351 2022 5396 et
2055 5344 2193 5396 bona
2216 5358 2311 5411 spe
2327 5343 2581 5411 saginans
2607 5345 2828 5411 optime,
2848 5345 2912 5399 ad
2933 5344 3362 5409 deSperationem
3383 5360 3541 5400 ruere

1970 5447 2076 5485 non
2117 5432 2264 5485 sinit.
2301 5433 2353 5485 In
2391 5432 2474 5486 his
2496 5433 2638 5485 enim
2667 5434 2965 5487 consistere
3007 5442 3176 5488 totum
3225 5434 3537 5503 mysterium

1970 5523 2209 5576 ostendit
2240 5523 2399 5589 Deus,
2424 5540 2545 5580 cum
2571 5525 2642 5579 ita
2676 5525 2991 5596 prophetam
3016 5525 3393 5597 compellavit;
3422 5524 3538 5581 «Di-

309 5690 353 5721 ⁸⁷
394 5688 586 5750 lJoan.
620 5712 683 5762 ιι,
711 5696 801 5766 25,
878 5699 921 5730 ⁵⁸
946 5698 1047 5755 lsa.
1083 5715 1190 5765 LXI,
1226 5699 1273 5752 l.
1350 5702 1393 5734 ⁵9
1436 5702 1617 5756 Matth.
1696 5720 1782 5767 xv,
1810 5703 1842 5757 9

1976 5703 2101 5760 larc.
2145 5718 2236 5768 vu,
2281 5703 2330 5757 7.
