4046 6376
531 290 635 345 103

1513 281 1571 338 S.
1615 280 1892 337 CYRILLI
1929 278 2404 336 ALEXANDRINI
2442 278 2763 338 ARCHIEP.

3679 289 3783 346 101

529 398 635 470 lige
668 396 962 452 adulteram
985 406 1040 450 et
1067 393 1377 466 diligentem
1411 395 1573 459 mala,
1593 397 1736 449 sicut
1763 395 1904 450 Deus
1940 396 2103 466 diligil

2214 395 2283 448 τὰ
2318 395 2533 466 πονηρά
2553 411 2565 425 ·
2600 395 2928 468 περιθάλπει
2959 396 3036 460 δὲ,
3073 396 3261 470 ὥσπερ
3286 400 3405 463 ταῖς
3431 399 3785 468 ἐπαγγελίαι-ς

531 494 673 548 tilios
719 489 908 557 Israel,
937 500 992 546 et
1020 489 1124 559 ipsi
1168 487 1464 558 respiciunt
1502 491 1570 544 ad
1614 490 1746 544 deos
1791 489 2018 554 alienos,
2048 498 2104 545 et

527 583 1002 639 amantcoctiones
1034 597 1156 637 cum
1191 580 1479 634 vinaceis.)
1505 579 1824 650 Quanquam
1852 580 1994 634 enim
2027 579 2104 634 in-

526 675 796 741 credulos,
827 675 1022 743 inquit,
1054 683 1110 727 et
1142 672 1246 727 diis
1295 670 1680 727 commentitiis
1719 684 1958 724 amorem
2015 670 2104 725 tri-

529 772 843 832 buentes,et
867 768 1103 836 ipsorum
1135 764 1346 819 libidini
1377 763 1601 832 obsequi
1627 777 1732 816 nou
1767 773 2099 828 recusantes,

524 859 634 930 59
682 874 744 913 ex
775 859 934 912 insita
973 856 1302 926 benignitate
1340 854 1517 923 diligit
1544 853 1704 918 Deus,
1745 872 1763 903 ι
1791 854 1880 922 qui
1912 867 2102 908 omnes

524 953 771 1006 homines
803 950 916 1003 vult
940 949 1118 1004 salvos
1149 947 1285 1011 fieri,
1322 957 1374 1001 et
1403 947 1473 1000 ad
1501 945 1832 1016 agnitionem
1862 943 2101 999 veritatis

521 1041 707 1096 venire
728 1041 828 1094 θ’.)
858 1039 1067 1093 [labent
1099 1049 1279 1092 autem
1306 1035 1699 1106 prOpemodum
1738 1035 1876 1089 hanc
1896 1035 2098 1089 intelli-

520 1135 751 1205 gentiam
770 1133 934 1188 verba
962 1132 1082 1198 Dei,
1107 1141 1345 1199 tempore
1373 1128 1636 1182 adventus
1659 1126 1862 1181 Christi
1898 1128 2100 1183 vixisse

519 1224 659 1278 forte
684 1225 820 1292 apud
837 1221 1053 1277 Iudaeos
1087 1221 1263 1276 adhuc
1301 1219 1516 1285 mullos,
1537 1219 1626 1288 qui
1657 1217 1903 1273 neutrius
1925 1218 2099 1289 partis

519 1318 618 1369 toti
642 1325 821 1370 essent
838 1331 854 1380 ;
872 1316 961 1384 qui
985 1330 1084 1370 nec
1112 1313 1381 1368 mandatis
1405 1311 1654 1366 Mosaicis
1679 1311 1890 1366 sincere
1919 1311 2102 1366 adhae-

521 1417 818 1471 rescerent,
835 1422 935 1461 nec
957 1422 986 1460 a
1015 1406 1264 1461 sordibus
1295 1404 1631 1459 seductionis
1656 1402 1896 1473 perfecte
1917 1413 2099 1458 essent

520 1501 696 1564 liberi,
715 1501 1048 1571 respicerent
1077 1509 1254 1552 autem
1288 1497 1459 1567 magis
1480 1497 1546 1550 ad
1577 1495 1707 1550 deos
1733 1493 2100 1562 alienos,qui-

519 1595 623 1647 bus
652 1601 706 1646 et
747 1601 900 1646 cocta
937 1606 1056 1645 cum
1094 1590 1357 1653 vinaceis,
1397 1603 1490 1642 seu
1535 1587 1653 1640 uvis
1689 1586 1860 1655 passis
1904 1585 2099 1640 offere-

516 1683 668 1747 bant,
704 1699 912 1754 popana
945 1685 1179 1738 fortasse
1213 1683 1395 1753 (genus
1433 1678 1800 1747 crustuli)aut
1826 1678 2101 1747 placenlas

2202 487 2298 541 καὶ
2333 487 2567 556 ἀγαθαῖς
2612 487 2792 541 ἐλπίσι
2843 490 3218 544 καταπιαίνων
3260 486 3318 544 εὖ
3365 491 3531 561 μάλα,
3562 491 3783 546 πίπτειν

2201 579 2300 632 οὐκ
2325 579 2388 650 ἐᾷ
2413 579 2550 650 πρὸς
2574 579 3032 648 ἀπόγνωσιν.⁹’οτι
3065 582 3173 653 γὰρ
3198 585 3255 635 ὲν
3285 581 3496 646 τούτοις
3523 582 3641 635 ὅλον
3667 580 3783 634 ἐστὶ

2163 721 2170 728 .
2201 672 2262 724 τὸ
2296 672 2614 744 μυστήριον,
2641 672 2978 743 παρέδειξεν,
3008 672 3178 726 εἰπὼν
3228 673 3305 744 τῷ
3349 674 3602 744 προφήτῃ
3649 671 3783 735 Θεὸς

2202 761 2376 825 οὕτως
2400 779 2415 796 ο
2461 763 2775 834 ’Δγάπησον
2818 763 2918 835 τὴν
2951 764 3232 835 μοιχαλίδα
3257 764 3351 818 καὶ
3387 764 3686 832 ἀγαπῶσαν
3712 763 3781 816 τὰ

2203 856 2437 929 πονηρὰ,
2469 857 2652 920 καθὼς
2707 859 2894 926 ἀγαπᾷ
2936 860 2964 910 6
3005 857 3136 922 Θεὸς
3177 859 3304 920 τοὺς
3351 857 3500 919 υἱοὺς
3545 856 3775 928 Ἰσραήλ.

2202 951 2317 1004 Καὶ
2360 950 2515 1004 αὐτοὶ
2565 950 2934 1004 ἀποϐλέπουσι
2977 953 3111 1022 πρὸς
3146 950 3301 1012 θεοὺς
3330 948 3661 1020 ἀλλοτρίους,
3688 949 3782 1001 καὶ

2202 1040 2418 1110 φιλοῦσι
2466 1039 2733 1111 πέμματα
2785 1039 2925 1110 μετά
2974 1038 3265 1108 σταφίδων.
3296 1038 3488 1091 Καίτοι
3517 1037 3624 1105 γάρ
3650 1050 3781 1105 φησι

2201 1134 2297 1187 καὶ
2330 1130 2578 1186 ἀπειθεῖν
2615 1131 2923 1201 ἑλομένους,
2956 1131 3049 1183 καὶ
3085 1131 3197 1192 τοῖς
3239 1127 3608 1197 ψευδωνύμοις
3641 1125 3781 1188 θεοῖς

2202 1221 2573 1292 ἀπονέμοντας
2620 1221 2719 1291 τήν
2772 1220 3066 1290 ἀγάπησιν,
3102 1219 3194 1272 καὶ
3222 1219 3405 1280 αὐτοῖς
3449 1217 3518 1268 τὰ
3561 1215 3779 1285 θυμήρη

2201 1313 2443 1386 πληροῦν
2475 1312 2777 1378 ἐθέλοντας,
2815 1310 2874 1376 ἐξ
2907 1311 3151 1382 ἐμφύτου
3181 1309 3546 1380 χρηστότητος
3591 1307 3783 1375 ἀγαπᾷ

2200 1408 2229 1460 6
2257 1405 2409 1470 Θεὸς,
2437 1404 2497 1467 ὃς
2527 1405 2732 1466 πάντας
2761 1403 3078 1474 ἀνθρώπους
3107 1402 3246 1455 θέλει
3278 1400 3534 1470 σωθῆναι,
3565 1400 3658 1452 καὶ
3700 1399 3782 1460 εἰς

2201 1497 2496 1564 ἐπίγνωσιν
2529 1495 2786 1564 ἀληθείας
2816 1494 3008 1548 ἐλθεῖν.
3041 1513 3060 1544 ›
3095 1493 3288 1544 Δίδωσι
3333 1489 3391 1542 δέ
3439 1505 3556 1550 πως
3593 1488 3724 1557 ήμῖν
3753 1487 3782 1538 6

2199 1586 2292 1640 τοῦ
2337 1584 2472 1639 Θεοῦ
2517 1585 2673 1654 λόγος
2717 1586 2938 1645 ἐννοεῖν,
2965 1583 3045 1636 ὅτι
3075 1582 3214 1635 κατά
3243 1579 3333 1633 τὸν
3361 1579 3460 1648 τῆς
3489 1575 3781 1646 ἐπιδημίας
3831 1601 3834 1603 λ

2199 1677 2394 1749 καιρὸν
2419 1672 2558 1747 ἦσάν
2587 1693 2688 1728 που
2719 1675 2860 1745 τάχα
2889 1674 3040 1744 παρὰ
3077 1673 3188 1734 τοῖς
3225 1670 3501 1730 Ἰουδαίοις
3528 1669 3778 1734 ἐπαμφο-

517 1774 769 1826 mellitas.
786 1773 933 1826 Talia
959 1771 1221 1840 siquidem
1254 1778 1523 1839 pemmata
1550 1767 1883 1822 daemonibus
1915 1767 1968 1821 in
2003 1783 2089 1822 sa—

2203 1771 2495 1842 τερίζοντες
2525 1768 2606 1821 ἔτι
2638 1767 2840 1828 πολλοὶ,
2876 1765 2971 1818 καὶ
3007 1763 3130 1816 οὔτε
3165 1763 3277 1824 τοῖς
3309 1761 3397 1814 διὰ
3424 1758 3664 1816 Μωσέως
3697 1755 3784 1806 ὲν-

515 1865 780 1920 criﬁcium
817 1863 1012 1918 offerre
1039 1872 1457 1917 consueverant.

2199 1841 2437 1930 τάλμασι
2497 1856 2846 1928 προκείμενοι
2897 1851 3184 1923 καθαρῶςο
3221 1849 3344 1902 οὔτε
3397 1846 3502 1917 μὴν
3550 1841 3774 1897 είσάπαι

513 1956 921 2027 ἀπηλλαγμένοι
958 1955 1065 2008 τῶν
1108 1955 1208 2024 τῆς
1249 1953 1571 2024 πλανήσεως
1621 1951 1836 2024 ρύπων,
1863 1952 2264 2018 ἀποϐλέποντες
2301 1953 2358 2007 δὲ
2403 1952 2603 2022 μᾶλλον
2663 1950 2758 2003 καὶ
2825 1949 2906 2010 είς
2937 1946 3090 2008 θεοὺς
3150 1942 3480 2014 ἀλλοτρίους,
3557 1933 3639 2000 οἷς
3683 1932 3782 1989 καὶ

513 2046 780 2118 πέμματα
797 2046 1071 2118 προσῆγον
1094 2043 1231 2113 μετά
1250 2041 1544 2110 σταφίδων,
1571 2042 1792 2097 πόπανά
1811 2060 1914 2096 που
1940 2041 2103 2114 τάχα,
2143 2043 2238 2098 καὶ
2287 2045 2660 2115 μελιττούτας.
2729 2037 3134 2112 Προσεκόμιζον
3169 2035 3283 2105 γὰρ,
3323 2035 3402 2097 είς
3442 2030 3633 2085 θυσίαν
3670 2031 3782 2091 τοῖς

511 2129 732 2210 δαιμοσι
763 2137 833 2190 τὰ
865 2137 1041 2190 τοιάδε
1069 2135 1360 2206 πέμματα.

586 2233 748 2287 Vens.
775 2229 898 2284 2-4.
933 2227 1001 2281 Ει
1028 2227 1258 2282 conduxi
1279 2243 1393 2282 eam
1424 2227 1553 2282 mihi
1573 2229 1874 2298 quindecim
1903 2245 2093 2299 argen-

517 2323 700 2389 teis,et
737 2335 918 2390 gomor
950 2319 1153 2381 hordei,
1185 2329 1232 2372 et
1273 2317 1420 2371 nebel
1453 2319 1582 2383 viui,
1617 2327 1666 2372 et
1693 2320 1808 2372 dixi
1831 2318 1900 2370 ad
1934 2334 2047 2372 eam
2075 2335 2093 2374 :

519 2416 639 2468 Dies
670 2413 860 2466 multos
884 2411 1083 2465 sedebis
1127 2410 1265 2478 apud
1297 2425 1414 2474 nte;
1443 2427 1546 2464 non
1599 2411 1964 2480 fornicabcrt’a,
2000 2426 2095 2464 tte-

515 2521 614 2575 que
639 2506 741 2559 eris
773 2505 882 2557 viro
907 2501 1085 2568 alteri,
1112 2510 1161 2555 et
1187 2517 1280 2572 ego
1315 2501 1456 2555 aoud
1489 2509 1560 2556 te.

592 2679 829 2736 XXXIII.
887 2679 1135 2734 Mercede
1199 2678 1368 2748 igitur
1427 2678 1799 2734 mulierculam
1842 2681 2099 2738 conducit

519 2775 797 2844 propheta.
819 2771 1060 2828 Collocat
1088 2780 1271 2826 autem
1296 2770 1670 2837 domi,eteam
1698 2790 1728 2826 a
1771 2775 2009 2842 nequitia
2039 2788 2099 2828 se

521 2866 795 2929 cohibere,
827 2863 1187 2933 adulteriique
1241 2863 1576 2918 fteditatibus
1616 2864 1780 2918 ﬁnem
1824 2864 2101 2935 imponere

517 2956 688 3026 jubet.
723 2953 1015 3008 Pollicetur
1046 2967 1196 3016 vero,
1231 2953 1275 3006 si
1303 2954 1369 3006 ad
1417 2952 1590 3022 ipsum
1629 2952 1800 3007 solum
1838 2969 2101 3009 conversa

525 3048 592 3100 ab
621 3045 726 3098 alio
761 3045 1018 3099 intactam
1057 3057 1175 3096 sese
1195 3045 1620 3108 conservaverit,
1656 3044 1796 3113 apud
1847 3045 2018 3114 ipsam
2048 3055 2104 3102 et

524 3147 583 3186 se
607 3132 868 3193 futurum,
914 3129 1020 3182 hoc
1049 3136 1159 3194 est,
1181 3129 1247 3180 ad
1276 3128 1490 3181 thorum
1537 3127 1869 3198 coniugalem
1895 3130 2103 3186 adhibi-

527 3233 728 3287 tnrum,
759 3231 812 3276 et
860 3234 1030 3275 unum
1090 3234 1213 3272 cum
1271 3219 1388 3288 ipsa
1438 3217 1700 3274 futurum.
1745 3218 1920 3288 lnqnit
1957 3221 2101 3275 enim

527 3315 840 3383 Scriptura:
875 3329 895 3363 ι
926 3311 1090 3365 Erant
1115 3311 1166 3365 bi
1193 3312 1302 3365 duo
1327 3311 1381 3364 in
1397 3325 1560 3366 carne
1585 3327 1690 3365 una
1715 3311 1781 3366 “.
1814 3331 1834 3363 ι
1863 3311 1998 3378 Quid
2015 3329 2106 3367 au-

529 3415 633 3459 tem
659 3405 773 3459 vult
796 3403 1059 3472 aenigma?
1087 3402 1392 3457 Iudaeorum
1418 3404 1631 3457 turbam
1670 3404 2024 3470 incredulam,
2051 3414 2106 3460 et

528 3497 739 3551 Domini
789 3497 1184 3561 mactatricem,
1226 3493 1525 3548 adulteram
1576 3505 1629 3549 et
1669 3495 1935 3564 impuram
1986 3505 2101 3566 post

527 3586 728 3643 Christi
781 3586 834 3640 in
895 3584 1063 3640 caelos
1108 3584 1340 3638 reditum
1382 3587 1572 3640 sedere
1616 3585 1790 3655 jubet,
1836 3587 1954 3642 sine
1990 3589 2105 3642 viro

527 3681 782 3751 quidem;
819 3687 1197 3730 verumtamen
1247 3676 1350 3731 nisi
1400 3677 1576 3732 adhuc
1608 3678 1875 3733 fornicata
1921 3677 2104 3747 fuerit,

528 3773 632 3826 hoc
667 3779 772 3836 est,
796 3769 841 3823 si
875 3769 1006 3824 deos
1032 3768 1237 3824 alienos
1261 3784 1472 3824 rursum
1496 3771 1674 3825 colere
1705 3772 2104 3836 detrectaverit,

527 3864 630 3918 sibi
647 3877 767 3916 eam
793 3877 892 3916 suo
915 3871 1155 3930 tempore
1175 3860 1549 3929 copulaturum
1572 3863 1855 3932 promittit,
1871 3864 2106 3933 gentium

529 3955 781 4010 videlicet
812 3953 1151 4008 multitudine
1181 3955 1330 4023 prius
1355 3953 1850 4023 ingressa.Positus
1866 3966 1950 4010 est
1963 3955 2106 4010 enim

529 4062 561 4100 a
597 4056 744 4114 tergo
768 4043 955 4108 lsrael,
987 4044 1040 4098 id
1076 4054 1178 4109 est,
1211 4044 1426 4115 sequela
1457 4046 1720 4114 quaedam,
1742 4056 1797 4101 et
1819 4047 2104 4116 appendix,

528 4148 584 4194 et
612 4139 664 4192 in
701 4137 1011 4208 postremis.
1041 4137 1279 4194 Observa
1327 4138 1476 4204 item,
1501 4155 1608 4209 quo
1653 4149 1810 4210 pacto
1856 4141 2110 4211 nuptialis

2269 2224 2380 2279 Kal
2425 2223 2881 2293 ἐμισθευσάμην
2928 2219 3162 2293 ἐμαυτῷ
3217 2217 3644 2274 πεντεκαίδεκα
3681 2219 3782 2286 ἀρ·

2199 2316 2467 2386 γυρίους,
2528 2313 2626 2367 καὶ
2684 2313 2867 2383 γομόρ
2922 2310 3158 2380 κριθῶν,
3197 2310 3298 2363 καὶ
3352 2307 3527 2362 νέϐελ
3583 2309 3780 2368 οῑνου.

2200 2405 2302 2460 καὶ
2324 2402 2464 2459 εἶπα
2507 2406 2656 2473 πρὸς
2689 2404 2902 2470 αὐτήν.
2963 2401 3208 2472 Ἡμέρας
3269 2399 3502 2464 πολλὰς
3547 2397 3781 2466 neaeran

2197 2494 2294 2547 ἐπ’
2348 2495 2511 2564 ἐμοί·
2550 2493 2649 2546 καὶ
2681 2498 2754 2548 οὺ
2780 2492 2868 2563 μὴ
2920 2493 3285 2560 πορνεύσῃς,
3344 2489 3488 2545 οὐδὲ
3514 2489 3596 2558 μὴ
3640 2487 3782 2560 γένῃ

2199 2585 2374 2654 ἀνδρὶ
2399 2584 2598 2653 ἑτέρῳ,
2637 2585 2735 2639 καὶ
2763 2583 2878 2654 ἐγὼ
2911 2584 3008 2637 ἐπὶ
3036 2583 3158 2638 σοι.

2272 2679 2393 2732 AI".
2443 2675 2896 2747 Καταμισθοῦται
2957 2674 3055 2746 μὲν
3104 2669 3197 2728 οὖν
3230 2673 3293 2727 τὸ
3335 2672 3556 2742 γύναιον
3583 2672 3611 2725 ό
3649 2687 3785 2737 προ-

2204 2769 2403 2840 φήτης,
2436 2765 2652 2829 καθίζει
2678 2765 2736 2819 δὲ
2755 2763 2915 2826 οἴκοι,
2940 2763 3034 2817 καὶ
3082 2763 3184 2834 τῆς
3215 2763 3272 2816 ὲν
3303 2762 3416 2816 ἔδει
3456 2759 3785 2829 φαυλότητος

2206 2860 2542 2932 ἀποσχέσθαι
2598 2859 2834 2922 κελεύει,
2865 2859 2958 2910 καὶ
2983 2856 3090 2910 τῶν
3122 2857 3220 2926 τῆς
3276 2853 3522 2926 μοιχείας
3549 2853 3785 2922 καταλή-

2129 2921 2171 2978 C'
2205 2955 2291 3022 ξαι
2311 2921 2622 3026 μολυσμῶν.
2660 2948 3087 3018 Ἐπαγγέλλεταί
3109 2921 3306 3018 γε-μὴν
3339 2921 3634 3017 σῶφρονεῖν
3651 2921 3786 3014 ᾑρη-

2207 3047 2366 3117 μένῃ,
2418 3043 2514 3098 καὶ
2537 3045 2617 3106 είς
2645 3042 2805 3096 αὑτὸν
2834 3040 3017 3112 ὁρώσῃ
3045 3041 3204 3111 μόνον
3237 3040 3324 3092 ἐπ’
3348 3039 3483 3108 αὐτῇ
3519 3038 3611 3090 καὶ
3630 3035 3786 3093 αὐτὸς

2205 3136 2440 3190 ἔσεσθαι.
2489 3134 2799 3197 Τουτέστιν,
2853 3131 3237 3186 οἰκειώσασθαι
3279 3128 3549 3200 γαμικῶς,
3587 3127 3677 3181 καὶ
3729 3126 3786 3180 ἓν

2205 3226 2425 3281 ἔσεσθαι
2453 3225 2590 3296 πρὸς
2614 3225 2802 3295 αὑτήν⁶
2837 3243 2854 3275 ι
2871 3222 3128 3277 Ἔσονται
3151 3223 3279 3294 γὰρ,
3321 3220 3506 3291 φησὶν,
3525 3221 3573 3274 οἱ
3599 3219 3690 3272 δύο
3709 3221 3788 3282 εἰς

2207 3319 2386 3388 σάρκα
2431 3316 2616 3388 μίαν.»
2646 3315 2758 3369 Καὶ
2785 3314 2838 3367 τί
2864 3313 2924 3368 τὸ
2952 3315 3216 3385 αίνιγμα;
3241 3312 3351 3384 Τήν
3371 3312 3479 3366 τῶν
3519 3313 3788 3366 Ἰουδαίων

2207 3410 2438 3481 πληθὺν,
2469 3409 2568 3480 τήν
2595 3406 2798 3477 ἀπειθῆ
2827 3407 2923 3460 καὶ
2961 3405 3348 3476 Κυριοκτόνον,
3371 3404 3469 3475 τήν
3509 3404 3788 3474 μοιχαλίδα

2207 3503 2300 3556 καὶ
2331 3500 2554 3571 βέϐηλον
2608 3499 2746 3570 μετὰ
2790 3497 2853 3552 τὸ
2883 3498 3241 3568 ἀναφοιτῆσαι
3289 3496 3520 3568 Χριστὸν
3553 3499 3632 3559 εἰς
3665 3497 3788 3558 τοὺς

2206 3593 2526 3665 ἀνθρώπους
2554 3591 2768 3656 καθίζει
2801 3590 2954 3654 Θεὸς,
2998 3590 3255 3660 ἄνανδρον
3285 3590 3415 3660 μέν·
3457 3589 3594 3660 πλὴν
3625 3590 3674 3642 εί
3713 3588 3788 3660 μή

2209 3685 2557 3757 πορνεύσειεν
2578 3681 2682 3747 ἔτι,
2713 3682 3013 3745 τουτέστιν,
3043 3683 3092 3736 εί
3119 3681 3195 3752 μὴ
3221 3679 3426 3751 βαδίζοι
3451 3680 3614 3733 πάλιν
3650 3679 3787 3749 πρὸς

2207 3779 2266 3832 τὸ
2285 3778 2396 3831 δεῖν
2426 3776 2642 3831 ἑλέσθαι
2673 3776 2838 3847 τιμᾷν
2867 3774 3021 3838 θεοὺς
3054 3773 3367 3844 ἀλλοτρίους
3388 3813 3401 3835 ,
3439 3770 3618 3842 ἑαυτῷ
3667 3787 3788 3824 συν-

2209 3870 2366 3941 άψειν
2388 3869 2532 3924 κατά
2560 3869 2786 3939 καιροὺς
2807 3867 3224 3936 ἐπαγγέλλεται,
3255 3866 3354 3936 τῆς
3373 3863 3480 3918 τῶν
3507 3862 3674 3918 ἐθνῶν
3696 3862 3790 3932 δη-

2207 3959 2382 4014 λονότι
2421 3958 2662 4031 πληθύος
2700 3958 3246 4030 προεισκεκριμένης.
3289 3955 3541 4009 Τέθειντο
3569 3953 3680 4025 γάρ
3710 3955 3788 4017 εἰς

2209 4053 2377 4106 νῶτον
2424 4053 2474 4105 oi
2503 4051 2562 4116 ἐξ
2597 4051 2842 4122 Ἰσραὴλ,
2894 4051 3160 4114 τουτέστι,
3192 4045 3660 4121 παρακολούθημα
3697 4045 3790 4098 καὶ

2209 4144 2383 4198 όπίσω
2412 4143 2504 4198 καὶ
2529 4145 2586 4197 ὲν
2603 4145 2716 4207 τοῖς
2732 4143 3002 4213 ὲσχάτοις.
3021 4141 3212 4212 Ἐπιτή
3222 4157 3302 4211 ρει
3314 4139 3391 4205 δὲ,
3409 4139 3556 4201 ὅπως
3574 4136 3788 4199 σύνοδος

530 4245 817 4300 corporum
844 4230 1154 4298 coniunctio
1185 4232 1459 4300 propheta;
1489 4247 1610 4286 cum
1660 4233 1900 4288 adultera
1925 4243 1979 4288 et
2008 4236 2103 4287 im-

2216 4237 2314 4307 μὲν
2326 4235 2541 4306 γαμική
2562 4233 2640 4304 τῷ
2661 4235 2914 4304 προφήτῃ
2938 4233 3074 4304 πρὸς
3085 4232 3183 4304 τὴν
3201 4229 3484 4302 μοιχαλίδα
3514 4228 3611 4283 καὶ
3625 4245 3790 4298 πονη-

528 4323 696 4392 proba
729 4321 869 4375 nulla
912 4323 1070 4390 plane
1120 4321 1322 4387 fuerit;
1354 4324 1618 4391 promissa
1648 4339 1779 4378 vero
1819 4332 1940 4395 post
1989 4326 2103 4382 dies

2215 4327 2315 4400 ράν
2352 4327 2414 4380 οὐ
2464 4326 2687 4395 γέγονεν
2720 4326 2879 4390 ὅλως,
2914 4325 3208 4396 ὑπόσχεσις
3239 4323 3295 4377 δὲ
3339 4321 3434 4377 τοῦ
3466 4322 3790 4392 πράγματος

532 4412 750 4477 multos,
785 4413 886 4467 nisi
919 4414 1122 4468 interea
1166 4415 1358 4469 fuisset
1386 4431 1506 4469 cum
1545 4417 1663 4470 viro
1691 4432 1877 4471 rursus
1909 4417 2101 4483 altero,

531 4504 634 4558 hoc
662 4511 766 4570 est,
795 4519 856 4559 se
880 4504 932 4558 in
960 4505 1262 4560 sceleribus
1290 4515 1345 4560 et
1373 4507 1768 4575 impuritatibus
1796 4507 2094 4564 fornicatio-

533 4595 618 4649 nis
653 4595 848 4650 anime
877 4605 1200 4665 perpetratae
1230 4613 1336 4651 non
1364 4598 1806 4653 contaminasset.
1839 4598 2110 4668 Suscipiet

531 4688 796 4752 enim,'ut
834 4688 983 4753 dixi,
1027 4689 1314 4758 aliquando
1357 4690 1658 4745 adulteram
1707 4691 2119 4747 multitudinem’

536 4793 765 4848 sponsus
797 4780 864 4833 de
901 4779 1060 4847 caelo,
1085 4781 1131 4834 si
1166 4780 1306 4835 idola
1343 4781 1526 4836 colere
1555 4783 1795 4838 desierit.
1823 4783 1949 4839 Post
1978 4800 2106 4840 cru-

537 4887 656 4927 cem
703 4872 846 4926 enim
902 4871 1200 4930 Salvatoris
1242 4874 1373 4930 solis
1419 4874 1588 4947 Moysi
1638 4877 1848 4947 legibus
1899 4877 2110 4935 deditus

540 4972 660 5016 erat
683 4961 886 5032 Israel;
921 4962 1141 5020 ﬂaccide
1167 4966 1379 5035 quidem
1410 4977 1464 5022 et
1492 4968 1859 5038 negligenter;
1890 4985 2109 5024 verum-

541 5063 721 5110 tamen
748 5055 813 5110 ad
844 5056 1234 5126 pseudolatrias
1275 5058 1573 5113 daemonum
1607 5057 1890 5115 deﬂectere
1915 5075 2020 5115 non
2045 5060 2109 5115 li-

539 5146 720 5200 bebat.
753 5147 1019 5203 Craterum
1062 5163 1184 5218 quae
1236 5150 1374 5204 ratio
1419 5151 1543 5205 vita
1582 5149 1845 5205 adulterio
1871 5151 2106 5220 polluta,

537 5237 649 5307 ω
677 5248 730 5293 et
765 5239 1039 5308 prophetae
1063 5241 1506 5296 consuetudinem
1543 5250 1784 5311 tempore
1823 5257 1922 5296 suo
1961 5243 2109 5296 futu-

542 5345 658 5382 ram
685 5331 1058 5398 exspectanti?
1087 5339 1179 5384 aut
1217 5345 1337 5401 quae
1362 5329 1599 5396 fuerunt,
1625 5333 1820 5403 quibus
1847 5333 2110 5388 conducta

541 5429 646 5486 est,
673 5422 988 5476 mercedes?
1025 5421 1390 5487 «Quindecim,
1430 5422 1626 5492 inquit,
1649 5424 1910 5494 argentei,
1941 5431 1994 5479 et
2013 5437 2112 5493 go-

543 5526 663 5568 tuor
695 5513 902 5580 hordei,
924 5523 980 5567 et
1020 5513 1330 5569 nebel'vini.
1373 5532 1392 5566 ι
1425 5513 1817 5573 Perseverabat
1845 5517 1990 5574 enim
2030 5516 2111 5573 ls-

614 5686 662 5720 '°
692 5686 710 5741 l
737 5686 874 5743 Tim.
909 5704 966 5754 ll,
1007 5688 1058 5745 4.
1137 5690 1176 5721 ⁶¹
1215 5689 1350 5744 Gen.
1384 5705 1443 5750 ll,
1471 5689 1558 5746 ‘25.

2212 4421 2351 4491 μετὰ
2383 4417 2586 4481 πολλὰς
2611 4417 2847 4489 ἡμέρας,
2883 4419 2931 4470 εί
2965 4416 3040 4488 μὴ
3073 4416 3228 4488 ἀνδρὶ
3255 4415 3464 4485 γένοιτο
3493 4413 3655 4468 πάλιν
3683 4412 3793 4465 ἑτέρ

2188 4529 2309 4582 -ρῳ,
2331 4510 2631 4576 τουτέστιν,
2652 4511 2702 4562 εἰ
2724 4508 3014 4580 ἀπόσχοιτο
3041 4507 3149 4562 τῶν
3180 4508 3279 4578 τῆς
3308 4507 3504 4578 νοητῆς
3534 4504 3793 4576 πορνείας

2201 4599 2567 4672 ὶγκλημάτων
2630 4601 2726 4654 καὶ
2787 4598 3097 4670 μολυσμῶν.
3143 4595 3456 4663 Εἰσδέξεται
3515 4593 3656 4665 γὰρ,
3717 4591 3795 4653 ὡς

2207 4691 2366 4764 ἔφην,
2402 4692 2546 4747 κατά
2574 4693 2800 4765 καιροὺς
2823 4691 2921 4762 τὴν
2951 4691 3233 4763 μοιχαλίδα
3277 4689 3486 4761 πληθὺν
3537 4686 3597 4751 ἐξ
3625 4686 3793 4753 ούρα-

2209 4783 2302 4838 νοῦ
2329 4783 2582 4854 νυμφίος,
2610 4784 2671 4838 οὐ
2690 4783 3066 4854 λατρεύσασαν
3098 4782 3356 4845 εἰδώλοις.
3388 4778 3543 4834 Μετά
3565 4779 3674 4848 γάρ
3707 4793 3792 4828 τοι

2206 4876 2298 4930 τὸν
2332 4875 2428 4930 τοῦ
2462 4877 2714 4950 Σωτῆρος
2746 4877 2976 4949 σταυρὸν
2997 4915 3012 4940 ,
3063 4876 3243 4947 μόνοις
3279 4876 3392 4936 τοῖς
3416 4871 3504 4926 διά
3551 4868 3795 4930 Μωσέως

2209 4970 2606 5041 προσκείμενος
2642 4969 2827 5041 νόμοις
2890 4971 2920 5022 6
2988 4967 3225 5041 Ἰσραὴλ,
3268 4965 3484 5036 σαθρῶς
3530 4962 3626 5032 μὲν
3684 4959 3795 5028 γὰρ

2211 5058 2330 5112 λίαν
2364 5060 2460 5112 καὶ
2515 5059 3000 5131 κατημελημένως,
3031 5059 3169 5130 πλὴν
3198 5057 3300 5111 οὐκ
3329 5054 3690 5110 ἀπονένευκεν
3715 5050 3796 5111 εἰς

2213 5152 2276 5205 τὸ
2299 5150 2513 5205 ἑλέσθαι
2541 5153 2708 5223 τιμᾷν
2733 5153 2830 5215 τὰς
2862 5152 2971 5205 τῶν
3013 5149 3304 5222 δαιμονίων
3351 5141 3794 5216 ψευδολατρείας.

2229 5243 2390 5297 Ἀλλά
2420 5245 2503 5308 τίς
2533 5246 2562 5298 6
2607 5244 2804 5315 τρόπος
2837 5243 2936 5314 τῆς
2961 5243 3106 5310 ζωῆς
3132 5245 3199 5314 τῇ
3229 5226 3658 5313 ’μεμοιχευμένῃ
3705 5233 3801 5286 καὶ

2219 5335 2586 5408 περιμενούσῃ
2627 5336 2768 5390 κατά
2806 5336 3032 5407 καιροὺς
3069 5335 3164 5389 τοῦ
3217 5334 3499 5405 προφήτου
3541 5330 3641 5401 τὴν
3686 5344 3801 5380 κοι-

2219 5429 2452 5495 νωνίαν;
2483 5428 2518 5500 ἢ
2547 5430 2676 5482 ποῖα
2717 5428 2941 5497 γέγονεν
2969 5429 3107 5499 αὐτῇ
3145 5429 3214 5481 τὰ
3256 5423 3625 5496 μισθώματα;
3660 5420 3804 5472 Πεν-

2217 5519 2530 5587 τεκαίδεκα,
2576 5520 2764 5592 φησὶν,
2804 5517 3064 5593 ἀργύρια,
3094 5519 3188 5574 καὶ
3224 5517 3400 5590 γόμορ
3427 5513 3658 5587 κριθῶν,
3705 5507 3806 5566 καὶ
