4046 6376
365 399 467 457 105

1276 396 1825 452 COMMENTARIUS
1867 399 1930 452 ΙΝ
1972 400 2207 456 OSEAM
2246 401 2700 459 PROPHETAM.

3517 413 3619 469 106

365 516 515 569 νέϐελ
541 512 707 567 οἴνου.
743 531 762 563 ι
791 510 1136 565 Διατετέλεκε
1165 510 1274 583 γὰρ
1304 514 1333 565 6
1367 511 1584 585 Ἰσραὴλ
1614 514 1704 565 τὸν
1737 514 1930 584 μεταξὶ

2046 516 2157 572 rael
2179 533 2349 587 usque
2370 521 2435 573 ad
2461 530 2763 575 extremum
2792 529 3002 590 tempus
3029 524 3328 582 vocationis
3342 541 3453 585 sua:
3472 536 3619 599 pasci

363 606 456 676 τῆς
491 601 731 672 ἐσχάτης
759 599 927 653 αὑτοῦ
957 599 1203 670 κλήσεως
1228 600 1440 670 χρόνον,
1473 601 1719 672 ἁδοκίμῳ
1747 603 1938 672 τρεφό-

361 711 521 766 μενος
564 692 729 762 λόγῳ,
774 692 870 745 καὶ
916 691 1287 756 διδασκαλίαις
1319 692 1603 762 προσέχων
1631 696 1752 757 ταῖς
1778 694 1938 764 μυθι-

359 790 481 848 καῖς
531 787 628 838 καὶ
658 782 1067 854 γραοπρεπέσιν
1101 783 1181 853 (1)
1220 782 1437 854 ἀληθῶς
1482 786 1605 847 ταῖς
1640 783 1749 836 τῶν
1794 785 1940 848 ἰδίως

358 876 706 948 καθηγητῶν.
735 876 932 944 Γέγονε
956 875 1010 928 δὲ
1035 876 1183 945 αὐτῷ
1211 877 1593 946 κτηνοπρεπὴς
1615 876 1644 928 6
1676 876 1810 946 βίος,
1845 876 1939 929 καὶ

359 972 389 1024 6
426 970 549 1033 νοῦς
586 971 644 1020 ἐν
679 966 816 1038 μέθῃ
872 966 967 1019 καὶ
1022 966 1215 1037 σκότῳ.
1256 965 1435 1030 Τύπος
1481 966 1525 1019 δ’
1579 966 1645 1019 ἂν
1697 966 1783 1036 εἴη
1844 966 1938 1019 καὶ

364 1061 507 1132 μάλα
544 1058 753 1130 σαφὴς,
792 1057 951 1125 λόγου
1004 1058 1103 1127 μὲν
1127 1057 1511 1112 διδασκαλικοῦ
1544 1056 1605 1110 τὸ
1642 1056 1934 1128 ἀργύριον,

362 1157 501 1211 κατά
529 1173 592 1224 γε
625 1155 685 1208 τὸ
704 1153 793 1206 διὰ
823 1155 923 1223 τῆς
949 1153 1174 1205 Ἡσαΐου
1207 1152 1390 1222 φωνῆς
1410 1151 1547 1223 πρὸς
1568 1151 1765 1215 αὐτοὺς
1791 1153 1938 1221 εἰρη-

364 1247 542 1317 μένον·
562 1264 585 1297 ‹
597 1245 671 1300 Τὸ
687 1242 949 1314 ἀργύριον
967 1243 1119 1312 ὑμῶν
1136 1242 1417 1311 ἀδόκιμον,
1434 1242 1554 1295 »καὶ
1572 1241 1713 1295 κατὰ
1728 1240 1825 1311 τὴν
1840 1240 1935 1293 τοῦ

358 1337 611 1406 Σωτῆρος
652 1333 852 1403 φωνὴν,
897 1332 977 1403 τῷ
1016 1331 1237 1403 πονηρῷ
1260 1334 1352 1386 καὶ
1396 1330 1613 1404 ὀκνηρῷ
1643 1332 1814 1401 δούλῳ
1855 1332 1936 1384 δι-

359 1429 525 1491 καίως
547 1424 912 1496 ἐπιτιμῶντος
954 1425 1047 1477 καὶ
1076 1424 1379 1493 λέγοντοςοι
1410 1423 1555 1477 Ἔδει
1583 1441 1642 1477 σε
1671 1423 1853 1493 βαλεῖν
1876 1422 1937 1475 τὸ

356 1519 619 1592 ἀργύριόν
654 1535 754 1587 μου
787 1519 900 1580 τοῖς
934 1516 1311 1586 τραπεζίταις.
1348 1536 1365 1568 ι
1400 1516 1608 1571 Οὐκοῦν
1658 1516 1723 1570 τὸ
1762 1515 1937 1588 ἀργύ-

356 1630 493 1684 ριον,
512 1612 574 1665 τὸ
598 1611 709 1664 τῶν
733 1609 1090 1663 διδασκόντων
1119 1607 1312 1679 ἐκδέξῃ
1336 1608 1510 1676 λόγον.

427 1705 491 1757 Εἰ
517 1703 573 1757 δέ
602 1703 666 1773 δή
692 1718 776 1764 τις
802 1699 976 1752 ἕλοιτο
1004 1698 1100 1752 καὶ
1137 1700 1218 1761 είς
1256 1699 1420 1751 αὑτὸν
1446 1698 1535 1751 τὸν
1567 1697 1655 1752 διὰ
1686 1698 1936 1761 Μωσέως

354 1795 590 1850 ἀνοίσειν
615 1794 799 1864 νόμον,
830 1790 1225 1844 πεντεκαίδεκα
1267 1785 1406 1844 εἶναι
1445 1792 1630 1860 φήσει,
1661 1789 1694 1861 ἢ
1730 1790 1812 1843 ὅτι
1845 1790 1935 1842 τέ-

2038 622 2102 663 ac
2124 610 2317 662 nutriri
2349 609 2669 666 adulterinis
2699 612 3059 679 sermonibus,
3097 624 3154 669 et
3188 618 3468 675 attendere
3524 621 3621 675 do-

2036 699 2229 754 ctrinis
2258 698 2515 755 fabulosis
2558 711 2615 756 et
2656 716 2783 759 vere
2824 703 3058 760 anilibus
3080 709 3464 776 magistrorum
3495 727 3622 768 suo-

2036 806 2179 845 rum.
2203 789 2323 845 Vita
2364 800 2543 847 autem
2577 793 2681 847 fuit
2714 795 2765 848 ei
2804 795 3100 852 bestiarum
3146 800 3268 853 vitae
3310 802 3524 870 similis,
3565 817 3622 861 et

2037 897 2190 937 mens
2218 884 2368 938 ebria
2414 899 2481 939 ac
2528 888 2768 943 tenebris
2801 886 2994 946 oﬂ‘nsa.
3026 890 3259 948 Evidens
3293 903 3452 965 typus
3496 914 3620 953 esse

2038 979 2511 1042 potest,sermonis
2540 976 2754 1044 quidem
2790 979 3123 1035 instituentis
3152 987 3618 1054 argentum,jnxm

2036 1062 2186 1128 illud,
2211 1065 2354 1133 quod
2392 1066 2461 1119 ab
2495 1065 2633 1120 lsaia
2660 1067 2728 1121 ad
2752 1083 2846 1124 eos
2872 1069 3076 1124 dictum
3102 1082 3221 1129 est:
3264 1092 3284 1126 ι
3314 1075 3615 1147 Argentum

2038 1165 2276 1211 vestrum
2298 1161 2595 1227 reprobum
2620 1160 2665 1191 ⁸⁸
2692 1175 2741 1227 ς»
2777 1171 2831 1216 et
2860 1163 3013 1232 juxta
3042 1166 3265 1220 verbum
3296 1166 3613 1235 Salvatoris,

2045 1261 2261 1301 servum
2297 1263 2524 1317 nequam
2567 1258 2621 1305 et
2652 1252 2862 1321 pigrum
2894 1254 3041 1323 juste
3085 1256 3409 1326 increpantis
3437 1275 3504 1316 ac
3535 1263 3617 1315 di-

2037 1336 2241 1390 centis:
2277 1355 2296 1387 ι
2322 1336 2573 1407 Οροι·ιιιίι
2620 1348 2672 1394 te
2720 1345 3061 1399 committere
3098 1356 3376 1413 argentum
3414 1364 3607 1404 .meum

2040 1429 2416 1484 nummulariis
2442 1430 2508 1485 “.
2540 1450 2559 1482 ι
2603 1431 2788 1503 Itaque
2811 1437 3022 1505 argenti
3059 1442 3276 1493 nomine
3305 1453 3610 1497 sermonem

2040 1521 2348 1577 docentium
2381 1523 2621 1593 accipies

2112 1695 2261 1762 Quod
2280 1698 2322 1752 si
2348 1699 2430 1753 cui
2456 1698 2715 1768 placuerit
2731 1701 2915 1767 etiam,
2932 1702 2999 1757 ad
3018 1702 3186 1772 ipsam
3213 1704 3410 1777 Moysis
3435 1707 3605 1778 legem

2040 1784 2264 1851 referre,
2299 1787 2603 1855 quindecim
2658 1799 2941 1858 argenteos
2981 1806 3101 1846 esse
3150 1793 3315 1860 dicet,
3348 1807 3441 1850 aut
3481 1800 3606 1867 quia

354 1886 499 1949 λαός
523 1903 584 1939 τε
619 1884 752 1955 ὁμοῦ
798 1883 894 1937 καὶ
930 1880 1125 1952 ἀτελὴς
1154 1883 1183 1933 ὁ
1215 1882 1395 1950 νόμος.
1434 1882 1547 1935 Καὶ
1578 1881 1781 1944 τέλειος
1811 1881 1928 1951 μὲν,

2035 1873 2271 1941 perfecta
2320 1877 2479 1931 simul
2522 1887 2578 1932 et
2627 1878 2939 1949 imperfecta
2988 1894 3072 1937 est
3117 1883 3242 1940 lex:
3274 1895 3328 1939 et
3370 1866 3606 1955 perfecta

348 1981 405 2031 εἰ
429 1978 600 2030 νοοῖτο
636 1971 1021 2045 πνευματικῶς
1064 1971 1239 2039 (λαλεῖ
1271 1970 1380 2042 γὰρ
1407 1973 1541 2042 ἡμῖν
1569 1971 1662 2025 τοῦ
1694 1970 1933 2047 Χριστοῦ

358 2068 706 2141 μυστήριον)·
741 2064 938 2136 ἀτελὴς
957 2065 1014 2117 δὲ
1038 2059 1127 2129 αὖ,
1156 2065 1204 2115 εί
1227 2062 1419 2134 μέχρις
1446 2063 1514 2116 ἴοι
1545 2061 1639 2115 τοῦ
1672 2064 1935 2133 γράμμα-

350 2178 446 2224 τος
468 2159 578 2213 τῶν
609 2154 1141 2226 παιδαγωγουμένων
1165 2154 1193 2206 ὁ
1223 2154 1366 2217 νοῦς.
1397 2154 1572 2206 Οἱονεὶ
1595 2154 1703 2225 γάρ
1737 2171 1853 2217 πως
1878 2155 1934 2207 ὲν

351 2252 543 2323 ἡμίσει
578 2250 834 2319 γνώσεως
866 2249 963 2317 τῆς
990 2245 1233 2317 ἱστορίας
1262 2245 1325 2298 τὸ
1356 2246 1549 2315 πάχος.
1582 2245 1855 2315 Σῦμσολον
1877 2245 1933 2297 δέ

350 2344 687 2413 τελειότητος
731 2343 759 2394 6
806 2341 939 2395 δέκα
985 2340 1132 2392 ἐστὶν
1166 2338 1432 2409 ἀριθμὸς,
1468 2337 1778 2401 παπέλειος
1816 2337 1890 2389 ὢν
1914 2376 1929 2401 ,

352 2435 496 2489 κατὰ
510 2434 592 2498 τὸ,
610 2450 631 2485 ι
654 2433 786 2485 "Eoo
801 2432 985 2485 ἐπάνω
1002 2431 1134 2484 δέκα
1163 2430 1370 2483 πόλεων
1387 2443 1436 2480 ἰ
1460 2429 1553 2482 καὶ
1572 2428 1656 2493 τὸ,
1680 2446 1699 2479 ι
1719 2428 1810 2498 Τῷ
1835 2428 1931 2498 μὲν

350 2526 522 2580 ἔδωκε
574 2524 735 2578 πέντε
766 2523 1023 2577 τάλαντα.
1056 2541 1074 2573 ι
1112 2522 1219 2575 Τοῦ
1252 2520 1307 2573 δὲ
1338 2520 1413 2591 μὴ
1460 2519 1632 2583 οῦτως
1682 2518 1928 2589 ἔχοντος,

349 2618 509 2669 νοοῖτ’
543 2615 609 2669 ἂν
641 2618 669 2668 6
695 2615 878 2668 πέντε.
920 2614 1029 2667 Καὶ
1058 2612 1188 2683 γὰρ,
1222 2612 1296 2675 ὡς
1328 2612 1485 2681 ἔφην,
1513 2612 1570 2663 ἐν
1601 2610 1791 2681 ἡμίσει
1823 2611 1932 2664 τῶν

346 2706 505 2760 δέκα.
544 2705 617 2757 Ἢ
666 2704 761 2758 καὶ
808 2702 931 2757 καθ’
976 2703 1161 2772 ἕτερον
1208 2700 1409 2771 τρόπον
1454 2700 1569 2761 τοῖς
1620 2696 1931 2768 εἰρημένοις

348 2797 701 2869 προσϐαλεῖς.
745 2796 803 2849 '0
833 2796 966 2848 δέκα
992 2794 1086 2847 καὶ
1121 2792 1282 2845 πέντε
1321 2789 1553 2861 ἀριθμὸς
1584 2787 1929 2858 περιεκτικός

353 2892 470 2943 ἐστι
500 2890 605 2943 τῶν
634 2874 793 2952 ἑπτὰ,
847 2888 942 2941 καὶ
979 2887 1161 2956 μέντοι
1203 2885 1299 2938 καὶ
1351 2882 1461 2935 τῶν
1509 2881 1673 2935 ὀκτώ.
1720 2879 1929 2951 Σημαί-

350 2997 502 3034 νεται
534 2979 590 3032 δέ
622 2997 738 3042 πως
781 2979 867 3030 ἀεὶ
914 2977 1066 3046 παρὰ
1111 2978 1176 3046 τῇ
1220 2972 1560 3043 θεοπνεύστῳ
1595 2972 1806 3043 Γραφῇ,
1839 2969 1929 3022 διὰ

352 3071 453 3142 μὲν
482 3071 577 3124 τοῦ
604 3070 743 3122 emat
777 3068 999 3139 σύμπας
1032 3069 1061 3121 6
1090 3067 1183 3120 τοῦ
1214 3067 1378 3132 νόμου
1407 3064 1597 3134 καιρὸς
1631 3062 1791 3133 μέχρι
1818 3061 1927 3114 τῶν

350 3163 524 3231 ἁγίων
558 3160 875 3232 προφητῶν,
900 3158 987 3212 διὰ
1033 3159 1125 3211 τὸν
1172 3159 1229 3211 ἐν
1257 3156 1460 3227 ἐϐδόμῃ
1505 3152 1886 3222 Σαϐϐατισμόν
1909 3168 1921 3179 ·

349 3216 447 3307 ἐπὶ
473 3252 531 3305 δὲ
563 3216 657 3304 τοῦ
679 3216 841 3303 ’ὀκτὼ
862 3216 1038 3301 ’πάλιν
1064 3250 1092 3300 6
1113 3248 1210 3317 τῆς
1238 3245 1362 3307 νέας
1384 3216 1675 3312 διαθήκης,
1708 3216 1830 3294 acad”
1857 3240 1925 3308 ἣν
1952 3216 2000 3279 c

349 3346 386 3417 ἡ
412 3346 703 3406 ἀνάστασις
731 3341 825 3396 τοῦ
850 3341 1056 3411 Κυρίου
1085 3338 1241 3410 ἡμῶν
1280 3334 1456 3407 Ἰησοῦ
1482 3333 1743 3405 Χριστοῦ,
1769 3348 1923 3400 γενο-

338 3436 490 3507 μένη
522 3434 668 3488 κατὰ
718 3434 818 3504 τὴν
868 3432 1084 3501 ὀγδόην.
1114 3429 1224 3482 Καὶ
1264 3427 1422 3481 τοῦτο
1463 3422 1614 3496 οἶμαι
1642 3424 1835 3495 δηλοῦν
1863 3422 1925 3476 τὸ

349 3526 767 3597 αἰνιγματωδῶς
789 3526 910 3596 είρη
920 3524 1101 3593 μένον·
1125 3541 1143 3573 ι
1166 3521 1264 3584 Δὸς
1296 3519 1489 3590 μερίδα
1513 3521 1624 3582 τοῖς
1653 3516 1811 3580 ἐπτὰ,
1829 3516 1923 3568 καί

349 3636 417 3689 γε
453 3620 565 3682 τοῖς
592 3617 751 3680 ὀκτὼ,
775 3637 794 3669 ι
833 3618 1077 3671 τουτέστι
1119 3614 1282 3666 τόπον
1322 3611 1595 3682 ἐχέτωσαν
1640 3608 1791 3679 παρὰ
1840 3607 1924 3660 σοὶ

349 3712 514 3781 νόμος
543 3728 601 3763 τε
658 3711 750 3762 καὶ
775 3710 824 3761 οί
853 3708 970 3779 μετ’
1001 3705 1163 3759 αὐτὸν
1197 3704 1495 3775 προφῆται,
1521 3701 1612 3754 τὸν
1635 3704 1691 3754 ἐν
1719 3698 1921 3769 ἐϐδόμῃ

348 3800 616 3870 τιμῶντες
654 3797 1054 3867 Σαϐϐατισμόν.
1098 3795 1403 3865 Ἐχέτωσαν
1433 3794 1491 3846 δέ
1533 3793 1626 3845 καὶ
1662 3793 1710 3844 οἱ
1754 3789 1917 3853 ὀκτὼ,

342 3895 659 3958 τουτέστιν,
706 3894 756 3944 oi
808 3890 946 3960 μετὰ
990 3889 1090 3960 τὴν
1128 3886 1497 3955 ἁναστάσιμον
1537 3884 1633 3937 τοῦ
1666 3884 1918 3953 Σωτῆρος

345 3986 568 4057 ἡμέων
617 3982 907 4037 ἁπόστολοί
942 3998 1008 4034 -τε
1053 3981 1145 4034 καὶ
1191 3976 1593 4047 εὐαγγελισταί.
1626 3974 1919 4045 Συμόαξνει

341 4077 403 4131 δὲ
446 4076 602 4129 τοῦτο
642 4074 827 4127 καὶτὸ
868 4074 957 4127 διὰ
1007 4074 1189 4143 φωνῆς
1217 4070 1311 4124 τοῦ
1345 4070 1625 4140 προφήτου
1676 4065 1920 4133 πλαγίως

345 4168 801 4239 ὑποδηλούμενον·
844 4185 862 4217 ι
900 4165 1012 4219 Καὶ
1047 4163 1433 4234 ἐγερθήσονται
1461 4160 1546 4213 ἐπ’
1584 4158 1747 4213 αὐτὸν
1780 4158 1918 4212 ἑπτὰ

343 4259 623 4330 ποιμένες,
659 4260 755 4311 καὶ
792 4257 936 4311 ὀκτὼ
956 4256 1208 4326 δήγματα
1231 4253 1555 4324 ἀνθρώπων.
1586 4271 1605 4304 ι
1649 4250 1916 4321 Ἑπιλάμ-

342 4349 545 4419 ψαντος
574 4348 681 4417 γὰρ
714 4349 846 4418 ἡμῖν
876 4345 971 4399 τοῦ
1007 4345 1257 4415 Σωτῆρος
1283 4343 1439 4413 ἡμῶν
1468 4342 1640 4412 Ἰησοῦ
1658 4341 1915 4410 Χριστοῦ,

344 4438 815 4507 κατεξανέστησαν
843 4436 1044 4506 τρόπον
1068 4435 1192 4487 τινὰ
1210 4431 1740 4503 τοῦιπαραλύσαντος
1769 4433 1918 4501 ἡμᾶς

2035 1966 2277 2035 quidem,
2312 1968 2357 2023 si
2400 1962 2749 2037 spiritualiter
2796 1972 3127 2043 intelligatur
3155 1975 3413 2045 (loquitur
3459 1980 3604 2039 enim

2037 2057 2190 2112 nobis
2206 2056 2403 2114 Christi
2435 2062 2791 2133 mysterium);
2816 2064 3210 2133 imperfecta,si
3245 2085 3398 2125 mens
3418 2084 3604 2127 eorum

2034 2149 2124 2219 qui
2160 2165 2221 2203 ea
2269 2151 2648 2217 instituuntur,
2674 2153 2811 2208 ultra
2893 2157 3131 2211 litteram
3166 2173 3272 2213 non
3309 2162 3604 2229 procedat;

2035 2242 2343 2296 velutenim
2382 2244 2662 2299 dimidium
2694 2247 3020 2315 cognitionis
3053 2249 3296 2307 historiae
3324 2254 3605 2311 crassities

2032 2334 2260 2389 obtinet.
2303 2333 2613 2406 Symbolum
2644 2353 2809 2407 porro
2838 2340 3182 2407 perfectionis
3212 2342 3468 2401 denarius
3519 2358 3605 2402 est

2035 2437 2312 2487 numerus,
2345 2424 2502 2494 longe
2540 2426 2987 2495 perfectissimus,
3024 2429 3179 2494 juxta
3214 2431 3385 2486 illud:
3426 2452 3446 2485 ι
3477 2435 3604 2491 Esto

2032 2528 2194 2583 super
2226 2514 2410 2570 decem
2438 2517 2685 2571 civitates
2702 2518 2803 2584 δὴ»
2834 2528 2889 2572 et
2922 2520 3048 2575 illud
3076 2541 3089 2576 :
3130 2522 3228 2578 «Et
3261 2524 3351 2579 alii
3384 2528 3600 2596 quidem

2030 2604 2175 2657 dedit
2204 2606 2439 2676 quinque
2465 2607 2665 2663 talenta
2695 2609 2776 2676 ⁶⁵;
2805 2628 2825 2662 ι
2868 2609 2955 2664 ubi
2992 2626 3091 2681 per
3114 2614 3419 2682 quinarium
3459 2620 3601 2689 quod

2029 2707 2203 2761 secus,
2238 2711 2331 2750 seu
2384 2697 2761 2767 imperfectum
2798 2711 2881 2756 est
2916 2702 3216 2773 intelligere
3260 2705 3405 2762 licet.
3440 2707 3597 2775 Nam,

2028 2795 2087 2838 nt
2115 2786 2382 2853 dicebam,
2414 2789 2691 2844 dimidium
2722 2790 2906 2845 decem
2925 2803 3052 2847 sunt
3075 2795 3343 2864 quinque;
3376 2807 3469 2853 aut
3495 2798 3601 2854 alio

2029 2878 2187 2930 modo
2219 2877 2730 2949 dictanplanabis.
2772 2882 3090 2949 Quindecim
3119 2901 3377 2943 numerus
3400 2898 3485 2945 est
3513 2906 3601 2945 se-

2028 2980 2170 3035 ptem
2195 2982 2251 3023 et
2266 2980 2388 3026 octo
2411 2974 2715 3028 continens.
2737 2974 3081 3043 Signiﬁcatur
3102 2988 3279 3033 autem
3302 2995 3440 3049 pene
3459 2997 3603 3038 sem-

2027 3076 2123 3130 per
2158 3061 2209 3115 in
2241 3062 2419 3117 divina
2440 3064 2719 3135 Scriptura
2749 3081 2844 3136 per
2865 3076 3070 3137 septem
3103 3078 3273 3125 totum
3305 3071 3441 3143 legis
3464 3081 3601 3129 tem-

2028 3167 2146 3220 pus,
2184 3168 2356 3222 usque
2377 3154 2445 3208 ad
2469 3167 2688 3211 sanctos
2710 3159 3047 3228 prephetas,
3077 3171 3301 3230 propter
3334 3161 3596 3218 Sabbati-

2028 3258 2320 3309 smum,seu
2346 3247 2585 3316 quietem
2620 3250 2705 3302 die
2726 3250 2956 3319 septima
2979 3251 3045 3307 ".
3097 3252 3321 3319 Contra,
3353 3268 3449 3322 per
3475 3264 3598 3311 octo

2026 3333 2108 3388 lex
2145 3338 2263 3389 novi
2302 3340 2632 3402 testamenti,
2656 3340 2709 3393 in
2744 3356 2851 3410 quo
2876 3343 3203 3399 resurrectio
3254 3344 3466 3400 Domini
3501 3361 3598 3400 no.

2024 3427 2119 3479 stri
2142 3426 2268 3481 Jesu
2298 3427 2500 3485 Christi
2526 3430 2614 3485 die
2637 3441 2827 3485 octavo
2853 3433 3094 3502 contigit.
3118 3434 3295 3504 Atque
3326 3436 3427 3491 hoc
3464 3438 3595 3494 mibi

2024 3518 2237 3571 videtur
2263 3519 2419 3584 velle,
2445 3520 2585 3589 quod
2614 3520 2905 3577 involutius
2935 3524 3138 3577 dictum
3168 3535 3286 3581 est:
3318 3545 3337 3578 ι
3371 3527 3444 3582 Da
3477 3544 3598 3597 par-

2027 3617 2131 3663 tem
2164 3620 2367 3678 septem
2394 3620 2449 3665 ct
2476 3621 2607 3667 octo
2628 3613 2694 3678 ⁸⁷,
2722 3632 2741 3665 υ
2776 3613 2877 3668 hoc
2901 3625 3004 3679 est,
3036 3614 3211 3670 locum
3236 3619 3379 3686 apud
3416 3629 3468 3674 te
3502 3621 3595 3675 ha-

2024 3701 2186 3755 beant
2219 3712 2273 3755 et
2323 3702 2430 3764 lex,
2458 3712 2513 3757 et
2535 3704 2627 3773 qui
2672 3714 2793 3772 post
2836 3718 2955 3758 eam
2998 3716 3264 3762 venerunt
3296 3710 3591 3777 propheta},

2023 3792 2231 3861 septimi
2262 3794 2363 3848 diei
2401 3780 2798 3848 Sabbatismnm
2828 3795 3177 3853 honorantes.
3227 3797 3475 3855 Habeant
3500 3816 3597 3855 au-

2024 3892 2129 3937 tem
2157 3893 2364 3953 partem
2390 3894 2441 3937 et
2465 3895 2609 3952 octo,
2637 3887 2726 3956 qui
2752 3898 2875 3956 post
2898 3888 3345 3943 resurrectionem
3370 3893 3595 3953 exstite-

2023 3983 2146 4025 runt
2171 3974 2478 4042 apostoliet
2505 3975 2868 4044 evangelista}.
2902 3976 3018 4031 Huc
3048 3979 3211 4033 etiam
3257 3979 3389 4035 illud
3426 3982 3592 4049 perti-

2021 4075 2134 4128 net,
2186 4066 2325 4132 quod
2360 4081 2456 4134 per
2499 4081 2562 4121 os
2604 4068 2877 4136 prophetae
2920 4069 3187 4125 occultius
3226 4072 3589 4142 signiﬁcatum

2020 4165 2129 4209 est:
2167 4176 2185 4207 ι
2208 4157 2273 4209 Ει
2305 4169 2634 4228 consurgent
2657 4174 2815 4226 super
2845 4176 2967 4213 eum
3007 4171 3215 4230 septem
3241 4174 3505 4231 pastores,
3537 4174 3594 4220 et

2019 4260 2143 4304 octo
2167 4266 2377 4305 morsus
2402 4252 2677 4305 hominum
2710 4252 2779 4307 ⁸⁸.
2810 4271 2828 4304 ι
2859 4252 3146 4321 Postquam
3174 4255 3315 4308 enim
3346 4257 3501 4311 nobis
3523 4258 3589 4310 il-

2021 4342 2154 4396 luxit
2206 4340 2453 4397 Salvator
2491 4354 2676 4398 noster
2717 4344 2876 4399 Jesus
2918 4345 3185 4409 Christus,
3219 4358 3407 4403 contra
3432 4348 3591 4409 Sata-

2020 4451 2167 4496 nam,
2190 4436 2279 4504 qni
2318 4451 2415 4490 nos
2441 4446 2819 4499 enervaverat,
2846 4439 3115 4505 przeconia
3156 4453 3252 4494 seu
3282 4440 3421 4495 dicta
3452 4441 3591 4511 lega-

328 4529 561 4582 .Eazavd
591 4528 790 4598 νομικά
816 4544 877 4579 τε
910 4525 1006 4578 καὶ
1062 4524 1375 4596 προφητικὰ
1407 4521 1918 4594 κηρύγματα,ιὰποο

2030 4527 2237 4597 lia,61
2267 4537 2321 4580 et
2344 4527 2678 4595 prophetica,
2714 4528 3098 4597 institutioque
3146 4531 3443 4599 apostolica
3490 4534 3593 4586 ali.

344 4619 567 4691 στολική
606 4636 666 4673 τε
703 4618 1005 4682 παίδευσις.
1036 4615 1136 4669 Διὰ
1155 4616 1361 4687 γάρτοι
1382 4614 1588 4667 τούτων
1609 4613 1911 4684 κατεδήχθη

2030 4632 2127 4686 quo
2146 4615 2305 4671 modo
2329 4618 2760 4675 insurrexerunt.
2782 4616 3031 4673 Perlucet
3049 4619 3193 4673 enim
3221 4635 3436 4676 morsus
3458 4638 3591 4692 qua-

338 4713 545 4784 τρόπον
583 4711 707 4765 τινὰ
739 4710 834 4763 καὶ
871 4708 1185 4778 σεσύληται.
1220 4708 1329 4761 Καὶ
1362 4706 1503 4760 κατὰ
1528 4706 1627 4776 τὴν
1664 4703 1761 4759 τοῦ
1803 4705 1916 4759 Σω-

2030 4709 2141 4763 llam
2183 4708 2394 4769 ratione
2416 4708 2768 4778 .et-spaliatns
2795 4718 2900 4773 est,
2928 4719 2983 4764 et
3001 4708 3153 4777 juxta
3176 4726 3365 4768 vocem
3384 4712 3591 4769 Salva-

338 4806 502 4875 τῆρος
537 4802 720 4873 φωνὴν
768 4801 1079 4872 διηρπάσθη
1117 4800 1188 4854 τὰ
1234 4798 1402 4870 σκεύη
1434 4796 1629 4861 αὐτοῦ,
1674 4797 1776 4869 τῆς
1804 4798 1914 4851 ὑπ’

2030 4799 2153 4854 loris
2176 4799 2387 4867 direpta
2422 4814 2551 4854 vasa
2590 4799 2710 4869 ejus
2736 4800 2801 4865 δ’,
2827 4815 2949 4854 cum
2974 4801 3180 4856 seducti
3211 4803 3337 4859 olim
3360 4817 3393 4858 e
3420 4805 3592 4861 servi-

338 4894 492 4966 αὐτῷ
536 4894 775 4956 δουλείας
813 4891 1289 4964 ἐκπεφοιτηκότων
1336 4889 1444 4943 τῶν
1482 4889 1916 4962 πεπλανημένων

2030 4897 2133 4943 tute
2181 4887 2296 4957 eius
2354 4888 2523 4957 elapsi
2551 4902 2701 4956 sunt,
2733 4899 3042 4959 naturaque
3063 4900 3118 4947 et
3148 4907 3293 4949 vere.
3310 4892 3501 4957 Deum,
3536 4905 3590 4947 et

338 4987 494 5050 ποτὲ,
508 4985 599 5039 xai.
622 4984 713 5037 τὸν
726 4984 886 5054 φύσει
905 4984 999 5037 καὶ
1024 4982 1240 5052 ἀληθῶς
1262 4981 1415 5046 Θεὸν,
1440 4981 1656 5035 καὶτῶν
1676 4980 1810 5035 ὅλων
1824 4982 1912 5035 δε-

2030 4980 2391 5034 aniversorum
2438 4980 2719 5035 Dominum
2757 4990 3114 5046 agnoverunt.
3141 4982 3380 5047 ρωποι
3409 4982 3587 5036 insur-

340 5075 548 5146 σπότην
566 5074 975 5143 ἐπεγνωκότων.
995 5073 1205 5128 Οὐκοῦν
1220 5090 1239 5123 t
1264 5074 1636 5142 ἐπανέστησαν
1656 5072 1751 5143 μὲν
1764 5072 1913 5143 αὐτῷ

2034 5079 2270 5124 exerunt
2316 5071 2366 5124 in
2409 5070 2557 5124 illum
2586 5083 2827 5140 pastores
2863 5082 3172 5141 septem,.et
3199 5083 3321 5128 octo
3371 5088 3587 5129 morsus

338 5169 598 5238 ποιμένες
628 5166 899 5229 ἐπτὰ,κα“ι
928 5165 1072 5219 ὀκτὼ
1101 5166 1352 5235 δήγματα
1369 5164 1689 5236 ἀνθρώπων,
1717 5185 1734 5217 ι
1758 5182 1913 5218 τουτ-

2030 5165 2315 5229 mminum,
2344 5183 2361 5216 ι
2380 5164 2483 5219 hoc
2504 5174 2606 5231 est,
2639 5166 2730 5234 qui
2768 5174 2895 5219 ante
2925 5169 3237 5229 adventum,
3263 5173 3317 5219 et
3349 5165 3438 5232 qui
3465 5175 3589 5233 post

337 5260 509 5323 ἐστιν,
527 5260 579 5311 οἱ
605 5258 710 5329 πρὸ
746 5258 843 5329 τῆς
878 5258 1186 5328 ἐπιδημίας,
1215 5256 1309 5309 καὶ
1344 5256 1395 5308 οἱ
1417 5255 1555 5326 μετὰ
1574 5256 1672 5325 τὴν
1697 5255 1911 5325 ὀγδόην,

2030 5257 2520 5325 )ctavanrl‘uerunt,
2562 5274 2655 5326 per
2684 5258 2883 5326 legales
2908 5268 2962 5315 et
2996 5257 3493 5324 novasscripturas
3516 5261 3582 5311 ad

335 5350 429 5405 διὰ
453 5349 694 5421 νομικῶν
728 5366 787 5401 τε
831 5349 926 5403 καὶ
954 5350 1089 5402 νέων
1121 5347 1467 5420 γραμμάτων
1511 5346 1803 5411 καλοῦντες
1830 5350 1912 5412 εἰς

2030 5349 2243 5403 salutem
2272 5359 2532 5404 vocantes
2558 5351 2648 5419 qui
2679 5358 3019 5405 erraverunt.
3046 5348 3271 5409 .=,Allixtts
3300 5363 3429 5418 ergo
3470 5363 3584 5402 ma-

411 5549 455 5579 "
496 5548 594 5602 lsa.
630 5563 671 5609 ι,
700 5547 792 5603 εξ.
869 5546 914 5576 ⁸³
941 5544 1286 5614 Μςιῑιιι.ξκν,
1317 5542 1407 5594 ‘27.
1485 5541 1532 5614 ⁶ξ
1561 5541 1691 5595 Luc.
1736 5559 1846 5608 xix,
1890 5545 1976 5601 l7.
2052 5547 2099 5578 °'
2136 5546 2326 5601 Matth.
2370 5564 2495 5614 xxv,
2540 5549 2620 5602 l5.
2695 5548 2740 5579 ⁸⁵
2779 5548 2948 5602 Exue.
2991 5563 3100 5614 xw,
3130 5548 3233 5601 .25.
3312 5544 3356 5578 ⁸⁷
3393 5544 3572 5600 Eccle.

334 5633 419 5682 St,
451 5618 505 5673 2.
582 5618 628 5649 ⁸⁸
662 5616 822 5672 Mich.
860 5632 911 5679 v,
945 5615 998 5669 5.
1074 5614 1117 5645 ⁶⁹
1152 5611 1340 5666 Matth.
1379 5627 1475 5676 xu,
1507 5612 1591 5665 29.

410 5798 487 5869 (1)
517 5795 606 5850 Sic
638 5810 735 5865 pro
773 5793 917 5846 edito
953 5790 1364 5862 πραοπρεπέσιν
1393 5791 1770 5859 cet't'3gcndttttt
1801 5804 1930 5843 mon<

2030 5785 2305 5842 Iotclcrius
2336 5785 2570 5841 Monum.
2611 5783 2753 5841 Eccl.
2785 5784 2878 5841 Cr.
2910 5784 2976 5853 ll,
3008 5785 3130 5843 654.
3164 5787 3322 5843 Ειιιτ.

660 5887 930 5949 ΡΑτιιοι..
970 5884 1096 5964 lin.
1147 5881 1362 5946 LXXI.

3227 5874 3265 5937 4
