  <div class='ocr_page' id='page_1' title='image "/cluster/home/n/w/nwhite01/storage/ocr_20150623/71/nnc1.0046980199/059.png"; bbox 0 0 4046 6376; ppageno 0'>
   <div class='ocr_carea' id='block_1_1' title="bbox 504 389 608 447">
    <p class='ocr_par' dir='ltr' id='par_1_1' title="bbox 504 389 608 447">
     <span class='ocr_line' id='line_1_1' title="bbox 504 389 608 447; baseline -0.038 0"><span class='ocrx_word' id='word_1_1' title='bbox 504 389 608 447; x_wconf 64' lang='grc' dir='ltr'>ιοτ</span> 
     </span>
    </p>
   </div>
   <div class='ocr_carea' id='block_1_2' title="bbox 1493 371 2748 432">
    <p class='ocr_par' dir='ltr' id='par_1_2' title="bbox 1493 371 2748 432">
     <span class='ocr_line' id='line_1_2' title="bbox 1493 371 2748 432; baseline -0.002 0"><span class='ocrx_word' id='word_1_2' title='bbox 1493 377 1556 432; x_wconf 88' lang='lat' dir='ltr'><strong>S.</strong></span> <span class='ocrx_word' id='word_1_3' title='bbox 1597 372 1873 431; x_wconf 73' lang='lat' dir='ltr'><strong>CYRILLI</strong></span> <span class='ocrx_word' id='word_1_4' title='bbox 1917 371 2384 428; x_wconf 75' lang='lat' dir='ltr'><strong>ALEXANDRINI</strong></span> <span class='ocrx_word' id='word_1_5' title='bbox 2424 371 2748 429; x_wconf 75' lang='lat' dir='ltr'><strong>ARCHIEP.</strong></span> 
     </span>
    </p>
   </div>
   <div class='ocr_carea' id='block_1_3' title="bbox 3654 374 3759 434">
    <p class='ocr_par' dir='ltr' id='par_1_3' title="bbox 3654 374 3759 434">
     <span class='ocr_line' id='line_1_3' title="bbox 3654 374 3759 434; baseline 0 -1"><span class='ocrx_word' id='word_1_6' title='bbox 3654 374 3759 434; x_wconf 78' lang='lat' dir='ltr'><strong>tos</strong></span> 
     </span>
    </p>
   </div>
   <div class='ocr_carea' id='block_1_4' title="bbox 504 491 2079 566">
    <p class='ocr_par' dir='ltr' id='par_1_4' title="bbox 504 491 2079 566">
     <span class='ocr_line' id='line_1_4' title="bbox 504 491 2079 566; baseline -0.009 -6"><span class='ocrx_word' id='word_1_7' title='bbox 504 509 666 560; x_wconf 86' lang='lat' dir='ltr'><strong>nebat</strong></span> <span class='ocrx_word' id='word_1_8' title='bbox 692 499 942 566; x_wconf 85' lang='lat' dir='ltr'><strong>lsrael,ut</strong></span> <span class='ocrx_word' id='word_1_9' title='bbox 963 497 1380 564; x_wconf 87' lang='lat' dir='ltr'><strong>docui,suorum</strong></span> <span class='ocrx_word' id='word_1_10' title='bbox 1413 495 1793 566; x_wconf 86' lang='lat' dir='ltr'><strong>magistrorum</strong></span> <span class='ocrx_word' id='word_1_11' title='bbox 1821 491 2079 548; x_wconf 86' lang='lat' dir='ltr'><strong>adulteri-</strong></span> 
     </span>
    </p>
   </div>
   <div class='ocr_carea' id='block_1_5' title="bbox 2177 491 3756 566">
    <p class='ocr_par' dir='ltr' id='par_1_5' title="bbox 2184 491 3756 565">
     <span class='ocr_line' id='line_1_5' title="bbox 2184 491 3756 565; baseline -0.002 -19"><span class='ocrx_word' id='word_1_12' title='bbox 2184 493 2458 564; x_wconf 79' lang='grc' dir='ltr'><strong>σωτηρίαν</strong></span> <span class='ocrx_word' id='word_1_13' title='bbox 2490 494 2616 557; x_wconf 74' lang='grc' dir='ltr'>τοὺς</span> <span class='ocrx_word' id='word_1_14' title='bbox 2678 491 3149 565; x_wconf 66' lang='grc' dir='ltr'>πεπλανημένους.</span> <span class='ocrx_word' id='word_1_15' title='bbox 3183 492 3531 547; x_wconf 79' lang='grc' dir='ltr'>Διατετέλεκε</span> <span class='ocrx_word' id='word_1_16' title='bbox 3578 492 3756 545; x_wconf 84' lang='grc' dir='ltr'>τοίνυν</span> 
     </span>
    </p>
   </div>
   <div class='ocr_carea' id='block_1_6' title="bbox 503 582 2079 656">
    <p class='ocr_par' dir='ltr' id='par_1_6' title="bbox 503 582 2079 656">
     <span class='ocr_line' id='line_1_6' title="bbox 503 582 2079 656; baseline -0.007 -7"><span class='ocrx_word' id='word_1_17' title='bbox 503 595 590 649; x_wconf 90' lang='lat' dir='ltr'><strong>nis</strong></span> <span class='ocrx_word' id='word_1_18' title='bbox 630 591 1005 656; x_wconf 86' lang='lat' dir='ltr'><strong>vocibus;seu</strong></span> <span class='ocrx_word' id='word_1_19' title='bbox 1037 587 1178 642; x_wconf 87' lang='lat' dir='ltr'><strong>nuda</strong></span> <span class='ocrx_word' id='word_1_20' title='bbox 1218 587 1398 642; x_wconf 83' lang='lat' dir='ltr'><strong>littera</strong></span> <span class='ocrx_word' id='word_1_21' title='bbox 1446 585 1794 655; x_wconf 89' lang='lat' dir='ltr'><strong>pascebatur,</strong></span> <span class='ocrx_word' id='word_1_22' title='bbox 1825 582 2079 652; x_wconf 81' lang='lat' dir='ltr'><strong>quamvis</strong></span> 
     </span>
    </p>
   </div>
   <div class='ocr_carea' id='block_1_7' title="bbox 501 671 2079 754">
    <p class='ocr_par' dir='ltr' id='par_1_7' title="bbox 501 671 2079 754">
     <span class='ocr_line' id='line_1_7' title="bbox 501 671 2079 754; baseline -0.008 -15"><span class='ocrx_word' id='word_1_23' title='bbox 501 694 556 740; x_wconf 86' lang='lat' dir='ltr'><strong>et</strong></span> <span class='ocrx_word' id='word_1_24' title='bbox 585 683 673 738; x_wconf 91' lang='lat' dir='ltr'><strong>illa</strong></span> <span class='ocrx_word' id='word_1_25' title='bbox 721 696 842 754; x_wconf 63' lang='lat' dir='ltr'><strong>quae</strong></span> <span class='ocrx_word' id='word_1_26' title='bbox 887 690 1094 737; x_wconf 69' lang='lat' dir='ltr'><strong>octavze</strong></span> <span class='ocrx_word' id='word_1_27' title='bbox 1136 687 1282 744; x_wconf 88' lang='lat' dir='ltr'><strong>sunt,</strong></span> <span class='ocrx_word' id='word_1_28' title='bbox 1314 678 1417 732; x_wconf 93' lang='lat' dir='ltr'><strong>hoc</strong></span> <span class='ocrx_word' id='word_1_29' title='bbox 1443 684 1548 741; x_wconf 89' lang='lat' dir='ltr'><strong>est,</strong></span> <span class='ocrx_word' id='word_1_30' title='bbox 1569 673 1774 730; x_wconf 85' lang='lat' dir='ltr'><strong>Christi</strong></span> <span class='ocrx_word' id='word_1_31' title='bbox 1821 671 2079 744; x_wconf 79' lang='lat' dir='ltr'><strong>mysteria</strong></span> 
     </span>
    </p>
   </div>
   <div class='ocr_carea' id='block_1_8' title="bbox 501 762 2076 846">
    <p class='ocr_par' dir='ltr' id='par_1_8' title="bbox 501 762 2076 846">
     <span class='ocr_line' id='line_1_8' title="bbox 501 762 2076 846; baseline -0.01 -15"><span class='ocrx_word' id='word_1_32' title='bbox 501 775 972 846; x_wconf 72' lang='lat' dir='ltr'><strong>complecteretur.</strong></span> <span class='ocrx_word' id='word_1_33' title='bbox 997 770 1149 839; x_wconf 92' lang='lat' dir='ltr'><strong>Quod</strong></span> <span class='ocrx_word' id='word_1_34' title='bbox 1183 779 1366 825; x_wconf 88' lang='lat' dir='ltr'><strong>autem</strong></span> <span class='ocrx_word' id='word_1_35' title='bbox 1393 769 1564 836; x_wconf 79' lang='lat' dir='ltr'><strong>egerit</strong></span> <span class='ocrx_word' id='word_1_36' title='bbox 1595 766 1759 820; x_wconf 88' lang='lat' dir='ltr'><strong>vitam</strong></span> <span class='ocrx_word' id='word_1_37' title='bbox 1787 762 2076 836; x_wconf 90' lang='lat' dir='ltr'><strong>pecudum,</strong></span> 
     </span>
    </p>
   </div>
   <div class='ocr_carea' id='block_1_9' title="bbox 500 854 2080 931">
    <p class='ocr_par' dir='ltr' id='par_1_9' title="bbox 500 854 2080 931">
     <span class='ocr_line' id='line_1_9' title="bbox 500 854 2080 931; baseline -0.009 -8"><span class='ocrx_word' id='word_1_38' title='bbox 500 877 550 923; x_wconf 89' lang='lat' dir='ltr'><strong>et</strong></span> <span class='ocrx_word' id='word_1_39' title='bbox 597 867 663 922; x_wconf 84' lang='lat' dir='ltr'><strong>ad</strong></span> <span class='ocrx_word' id='word_1_40' title='bbox 689 864 930 920; x_wconf 85' lang='lat' dir='ltr'><strong>carnalia</strong></span> <span class='ocrx_word' id='word_1_41' title='bbox 985 863 1163 918; x_wconf 86' lang='lat' dir='ltr'><strong>solum</strong></span> <span class='ocrx_word' id='word_1_42' title='bbox 1205 858 1557 931; x_wconf 89' lang='lat' dir='ltr'><strong>propenderit</strong></span> <span class='ocrx_word' id='word_1_43' title='bbox 1583 898 1600 925; x_wconf 83' lang='lat'><strong>,</strong></span> <span class='ocrx_word' id='word_1_44' title='bbox 1643 854 2080 912; x_wconf 81' lang='lat' dir='ltr'><strong>commodissime</strong></span> 
     </span>
    </p>
   </div>
   <div class='ocr_carea' id='block_1_10' title="bbox 501 943 2076 1024">
    <p class='ocr_par' dir='ltr' id='par_1_10' title="bbox 501 943 2076 1024">
     <span class='ocr_line' id='line_1_10' title="bbox 501 943 2076 1024; baseline -0.01 -12"><span class='ocrx_word' id='word_1_45' title='bbox 501 955 882 1020; x_wconf 88' lang='lat' dir='ltr'><strong>subindicavit,</strong></span> <span class='ocrx_word' id='word_1_46' title='bbox 931 955 1072 1024; x_wconf 90' lang='lat' dir='ltr'><strong>quod</strong></span> <span class='ocrx_word' id='word_1_47' title='bbox 1099 952 1283 1007; x_wconf 90' lang='lat' dir='ltr'><strong>datum</strong></span> <span class='ocrx_word' id='word_1_48' title='bbox 1311 959 1398 1005; x_wconf 90' lang='lat' dir='ltr'><strong>est</strong></span> <span class='ocrx_word' id='word_1_49' title='bbox 1428 951 1690 1005; x_wconf 83' lang='lat' dir='ltr'><strong>hordeum</strong></span> <span class='ocrx_word' id='word_1_50' title='bbox 1729 945 1983 1000; x_wconf 65' lang='lat' dir='ltr'><strong>adultera:</strong></span> <span class='ocrx_word' id='word_1_51' title='bbox 2011 943 2076 998; x_wconf 90' lang='lat' dir='ltr'><strong>ad</strong></span> 
     </span>
    </p>
   </div>
   <div class='ocr_carea' id='block_1_11' title="bbox 503 1036 2073 1110">
    <p class='ocr_par' dir='ltr' id='par_1_11' title="bbox 503 1036 2073 1110">
     <span class='ocr_line' id='line_1_11' title="bbox 503 1036 2073 1110; baseline -0.009 -7"><span class='ocrx_word' id='word_1_52' title='bbox 503 1047 836 1103; x_wconf 84' lang='lat' dir='ltr'><strong>alimoniam.</strong></span> <span class='ocrx_word' id='word_1_53' title='bbox 879 1045 975 1101; x_wconf 87' lang='lat' dir='ltr'><strong>Est</strong></span> <span class='ocrx_word' id='word_1_54' title='bbox 1001 1044 1148 1100; x_wconf 86' lang='lat' dir='ltr'><strong>enim</strong></span> <span class='ocrx_word' id='word_1_55' title='bbox 1192 1043 1345 1099; x_wconf 88' lang='lat' dir='ltr'><strong>cibus</strong></span> <span class='ocrx_word' id='word_1_56' title='bbox 1374 1037 1671 1110; x_wconf 82' lang='lat' dir='ltr'><strong>pecudibus</strong></span> <span class='ocrx_word' id='word_1_57' title='bbox 1707 1036 2073 1101; x_wconf 84' lang='lat' dir='ltr'><strong>conveniens;</strong></span> 
     </span>
    </p>
   </div>
   <div class='ocr_carea' id='block_1_12' title="bbox 499 1126 2075 1199">
    <p class='ocr_par' dir='ltr' id='par_1_12' title="bbox 499 1126 2075 1199">
     <span class='ocr_line' id='line_1_12' title="bbox 499 1126 2075 1199; baseline -0.011 -3"><span class='ocrx_word' id='word_1_58' title='bbox 499 1140 782 1196; x_wconf 74' lang='lat' dir='ltr'><strong>ebrietatis</strong></span> <span class='ocrx_word' id='word_1_59' title='bbox 812 1138 1006 1194; x_wconf 83' lang='lat' dir='ltr'><strong>deinde</strong></span> <span class='ocrx_word' id='word_1_60' title='bbox 1051 1145 1177 1192; x_wconf 90' lang='lat' dir='ltr'><strong>nota</strong></span> <span class='ocrx_word' id='word_1_61' title='bbox 1223 1134 1405 1188; x_wconf 91' lang='lat' dir='ltr'><strong>vinum</strong></span> <span class='ocrx_word' id='word_1_62' title='bbox 1440 1146 1562 1187; x_wconf 89' lang='lat' dir='ltr'><strong>esse</strong></span> <span class='ocrx_word' id='word_1_63' title='bbox 1605 1127 1827 1199; x_wconf 88' lang='lat' dir='ltr'><strong>poterit.</strong></span> <span class='ocrx_word' id='word_1_64' title='bbox 1863 1126 2075 1182; x_wconf 90' lang='lat' dir='ltr'><strong>Dictum</strong></span> 
     </span>
    </p>
   </div>
   <div class='ocr_carea' id='block_1_13' title="bbox 501 1216 2078 1288">
    <p class='ocr_par' dir='ltr' id='par_1_13' title="bbox 501 1216 2078 1288">
     <span class='ocr_line' id='line_1_13' title="bbox 501 1216 2078 1288; baseline -0.012 0"><span class='ocrx_word' id='word_1_65' title='bbox 501 1242 583 1288; x_wconf 88' lang='lat' dir='ltr'><strong>est</strong></span> <span class='ocrx_word' id='word_1_66' title='bbox 615 1241 796 1287; x_wconf 89' lang='lat' dir='ltr'><strong>autem</strong></span> <span class='ocrx_word' id='word_1_67' title='bbox 828 1233 894 1286; x_wconf 91' lang='lat' dir='ltr'><strong>ad</strong></span> <span class='ocrx_word' id='word_1_68' title='bbox 921 1244 1050 1286; x_wconf 89' lang='lat' dir='ltr'><strong>eos:</strong></span> <span class='ocrx_word' id='word_1_69' title='bbox 1083 1246 1103 1280; x_wconf 84' lang='grc' dir='ltr'>ι</span> <span class='ocrx_word' id='word_1_70' title='bbox 1126 1227 1325 1282; x_wconf 86' lang='lat' dir='ltr'><strong>Auditu</strong></span> <span class='ocrx_word' id='word_1_71' title='bbox 1355 1223 1607 1286; x_wconf 84' lang='lat' dir='ltr'><strong>audietis,</strong></span> <span class='ocrx_word' id='word_1_72' title='bbox 1649 1231 1705 1277; x_wconf 90' lang='lat' dir='ltr'><strong>et</strong></span> <span class='ocrx_word' id='word_1_73' title='bbox 1732 1235 1838 1275; x_wconf 91' lang='lat' dir='ltr'><strong>non</strong></span> <span class='ocrx_word' id='word_1_74' title='bbox 1881 1216 2078 1274; x_wconf 88' lang='lat' dir='ltr'><strong>intelli-</strong></span> 
     </span>
    </p>
   </div>
   <div class='ocr_carea' id='block_1_14' title="bbox 501 1311 2076 1396">
    <p class='ocr_par' dir='ltr' id='par_1_14' title="bbox 501 1311 2076 1396">
     <span class='ocr_line' id='line_1_14' title="bbox 501 1311 2076 1396; baseline -0.011 -15"><span class='ocrx_word' id='word_1_75' title='bbox 501 1327 661 1396; x_wconf 85' lang='lat' dir='ltr'><strong>getis,</strong></span> <span class='ocrx_word' id='word_1_76' title='bbox 691 1333 747 1379; x_wconf 88' lang='lat' dir='ltr'><strong>et</strong></span> <span class='ocrx_word' id='word_1_77' title='bbox 767 1323 1014 1377; x_wconf 74' lang='lat' dir='ltr'><strong>videntes</strong></span> <span class='ocrx_word' id='word_1_78' title='bbox 1046 1319 1320 1382; x_wconf 77' lang='lat' dir='ltr'><strong>videbitis,</strong></span> <span class='ocrx_word' id='word_1_79' title='bbox 1346 1326 1399 1372; x_wconf 86' lang='lat' dir='ltr'><strong>et</strong></span> <span class='ocrx_word' id='word_1_80' title='bbox 1423 1331 1529 1369; x_wconf 89' lang='lat' dir='ltr'><strong>non</strong></span> <span class='ocrx_word' id='word_1_81' title='bbox 1558 1313 1810 1368; x_wconf 84' lang='lat' dir='ltr'><strong>videbitis</strong></span> <span class='ocrx_word' id='word_1_82' title='bbox 1837 1312 1907 1376; x_wconf 78' lang='grc'><strong>⁷⁸,</strong></span> <span class='ocrx_word' id='word_1_83' title='bbox 1937 1328 1957 1362; x_wconf 72' lang='grc' dir='ltr'>ι</span> <span class='ocrx_word' id='word_1_84' title='bbox 1984 1311 2076 1381; x_wconf 90' lang='lat' dir='ltr'><strong>qui</strong></span> 
     </span>
    </p>
   </div>
   <div class='ocr_carea' id='block_1_15' title="bbox 502 1404 2078 1478">
    <p class='ocr_par' dir='ltr' id='par_1_15' title="bbox 502 1404 2078 1478">
     <span class='ocr_line' id='line_1_15' title="bbox 502 1404 2078 1478; baseline -0.012 -5"><span class='ocrx_word' id='word_1_85' title='bbox 502 1427 629 1473; x_wconf 87' lang='lat' dir='ltr'><strong>sunt</strong></span> <span class='ocrx_word' id='word_1_86' title='bbox 659 1414 831 1471; x_wconf 87' lang='lat' dir='ltr'><strong>morbi</strong></span> <span class='ocrx_word' id='word_1_87' title='bbox 850 1414 1187 1468; x_wconf 87' lang='lat' dir='ltr'><strong>ebriosorum</strong></span> <span class='ocrx_word' id='word_1_88' title='bbox 1222 1419 1277 1466; x_wconf 90' lang='lat' dir='ltr'><strong>et</strong></span> <span class='ocrx_word' id='word_1_89' title='bbox 1307 1406 1702 1478; x_wconf 85' lang='lat' dir='ltr'><strong>crapulantium</strong></span> <span class='ocrx_word' id='word_1_90' title='bbox 1732 1404 1956 1468; x_wconf 89' lang='lat' dir='ltr'><strong>vitia,ut</strong></span> <span class='ocrx_word' id='word_1_91' title='bbox 1985 1416 2078 1455; x_wconf 90' lang='lat' dir='ltr'><strong>ne-</strong></span> 
     </span>
    </p>
   </div>
   <div class='ocr_carea' id='block_1_16' title="bbox 500 1494 2076 1580">
    <p class='ocr_par' dir='ltr' id='par_1_16' title="bbox 500 1494 2076 1580">
     <span class='ocr_line' id='line_1_16' title="bbox 500 1494 2076 1580; baseline -0.012 -15"><span class='ocrx_word' id='word_1_92' title='bbox 500 1525 607 1580; x_wconf 89' lang='lat' dir='ltr'><strong>que</strong></span> <span class='ocrx_word' id='word_1_93' title='bbox 654 1507 873 1563; x_wconf 89' lang='lat' dir='ltr'><strong>videant</strong></span> <span class='ocrx_word' id='word_1_94' title='bbox 923 1503 1188 1566; x_wconf 83' lang='lat' dir='ltr'><strong>videntes,</strong></span> <span class='ocrx_word' id='word_1_95' title='bbox 1223 1513 1399 1570; x_wconf 87' lang='lat' dir='ltr'><strong>neque</strong></span> <span class='ocrx_word' id='word_1_96' title='bbox 1447 1497 1732 1552; x_wconf 83' lang='lat' dir='ltr'><strong>audientes</strong></span> <span class='ocrx_word' id='word_1_97' title='bbox 1783 1494 2076 1564; x_wconf 86' lang='lat' dir='ltr'><strong>quidquam</strong></span> 
     </span>
    </p>
   </div>
   <div class='ocr_carea' id='block_1_17' title="bbox 501 1585 2076 1670">
    <p class='ocr_par' dir='ltr' id='par_1_17' title="bbox 501 1585 2076 1670">
     <span class='ocr_line' id='line_1_17' title="bbox 501 1585 2076 1670; baseline -0.012 -15"><span class='ocrx_word' id='word_1_98' title='bbox 501 1599 710 1670; x_wconf 87' lang='lat' dir='ltr'><strong>possint</strong></span> <span class='ocrx_word' id='word_1_99' title='bbox 735 1595 1074 1666; x_wconf 81' lang='lat' dir='ltr'><strong>intelligere;</strong></span> <span class='ocrx_word' id='word_1_100' title='bbox 1115 1592 1208 1647; x_wconf 88' lang='lat' dir='ltr'><strong>sed</strong></span> <span class='ocrx_word' id='word_1_101' title='bbox 1245 1598 1476 1645; x_wconf 89' lang='lat' dir='ltr'><strong>mentem</strong></span> <span class='ocrx_word' id='word_1_102' title='bbox 1528 1585 1674 1642; x_wconf 90' lang='lat' dir='ltr'><strong>velut</strong></span> <span class='ocrx_word' id='word_1_103' title='bbox 1721 1585 2076 1640; x_wconf 89' lang='lat' dir='ltr'><strong>incrassatam</strong></span> 
     </span>
    </p>
   </div>
   <div class='ocr_carea' id='block_1_18' title="bbox 500 1681 1372 1756">
    <p class='ocr_par' dir='ltr' id='par_1_18' title="bbox 500 1681 1372 1756">
     <span class='ocr_line' id='line_1_18' title="bbox 500 1681 1372 1756; baseline -0.013 -9"><span class='ocrx_word' id='word_1_104' title='bbox 500 1701 556 1746; x_wconf 89' lang='lat' dir='ltr'><strong>et</strong></span> <span class='ocrx_word' id='word_1_105' title='bbox 577 1687 838 1746; x_wconf 55' lang='lat' dir='ltr'><strong>excitatis</strong></span> <span class='ocrx_word' id='word_1_106' title='bbox 869 1687 1082 1756; x_wconf 82' lang='lat' dir='ltr'><strong>plenam</strong></span> <span class='ocrx_word' id='word_1_107' title='bbox 1116 1681 1372 1738; x_wconf 86' lang='lat' dir='ltr'><strong>habeant.</strong></span> 
     </span>
    </p>
   </div>
   <div class='ocr_carea' id='block_1_19' title="bbox 2180 583 3760 657">
    <p class='ocr_par' dir='ltr' id='par_1_19' title="bbox 2180 583 3760 657">
     <span class='ocr_line' id='line_1_19' title="bbox 2180 583 3760 657; baseline -0.003 -18"><span class='ocrx_word' id='word_1_108' title='bbox 2180 586 2209 639; x_wconf 85' lang='grc' dir='ltr'>ὁ</span> <span class='ocrx_word' id='word_1_109' title='bbox 2248 586 2486 657; x_wconf 85' lang='grc' dir='ltr'>Ἰσραήλ,</span> <span class='ocrx_word' id='word_1_110' title='bbox 2531 586 2607 648; x_wconf 85' lang='grc' dir='ltr'>ὡς</span> <span class='ocrx_word' id='word_1_111' title='bbox 2644 585 2801 655; x_wconf 73' lang='grc' dir='ltr'>ἔφην,</span> <span class='ocrx_word' id='word_1_112' title='bbox 2833 588 2952 648; x_wconf 87' lang='grc' dir='ltr'>ταῖς</span> <span class='ocrx_word' id='word_1_113' title='bbox 2987 584 3264 655; x_wconf 77' lang='grc' dir='ltr'><strong>ἀδοκίμοις</strong></span> <span class='ocrx_word' id='word_1_114' title='bbox 3295 584 3406 637; x_wconf 82' lang='grc' dir='ltr'>τῶν</span> <span class='ocrx_word' id='word_1_115' title='bbox 3439 584 3585 636; x_wconf 84' lang='grc' dir='ltr'>ίδίων</span> <span class='ocrx_word' id='word_1_116' title='bbox 3613 583 3760 636; x_wconf 88' lang='grc' dir='ltr'>διδα-</span> 
     </span>
    </p>
   </div>
   <div class='ocr_carea' id='block_1_20' title="bbox 2180 675 3758 748">
    <p class='ocr_par' dir='ltr' id='par_1_20' title="bbox 2180 675 3758 748">
     <span class='ocr_line' id='line_1_20' title="bbox 2180 675 3758 748; baseline -0.002 -16"><span class='ocrx_word' id='word_1_117' title='bbox 2180 678 2394 733; x_wconf 82' lang='grc' dir='ltr'>σκάλων</span> <span class='ocrx_word' id='word_1_118' title='bbox 2440 680 2664 748; x_wconf 83' lang='grc' dir='ltr'>φωναῖς,</span> <span class='ocrx_word' id='word_1_119' title='bbox 2705 679 2823 748; x_wconf 81' lang='grc' dir='ltr'>ἦτοι</span> <span class='ocrx_word' id='word_1_120' title='bbox 2853 676 2996 747; x_wconf 80' lang='grc' dir='ltr'>ψιλῷ</span> <span class='ocrx_word' id='word_1_121' title='bbox 3043 677 3120 748; x_wconf 86' lang='grc' dir='ltr'><strong>τῷ</strong></span> <span class='ocrx_word' id='word_1_122' title='bbox 3168 676 3381 748; x_wconf 87' lang='grc' dir='ltr'>νομικῷ</span> <span class='ocrx_word' id='word_1_123' title='bbox 3423 675 3758 746; x_wconf 73' lang='grc' dir='ltr'>τρεφόμενος</span> 
     </span>
    </p>
   </div>
   <div class='ocr_carea' id='block_1_21' title="bbox 2179 766 3756 841">
    <p class='ocr_par' dir='ltr' id='par_1_21' title="bbox 2179 766 3756 841">
     <span class='ocr_line' id='line_1_21' title="bbox 2179 766 3756 841; baseline -0.004 -17"><span class='ocrx_word' id='word_1_124' title='bbox 2179 772 2500 841; x_wconf 82' lang='grc' dir='ltr'><strong>γράμματι,</strong></span> <span class='ocrx_word' id='word_1_125' title='bbox 2565 769 2739 822; x_wconf 79' lang='grc' dir='ltr'>καίτοι</span> <span class='ocrx_word' id='word_1_126' title='bbox 2817 769 3122 840; x_wconf 82' lang='grc' dir='ltr'><strong>περιέχοντι</strong></span> <span class='ocrx_word' id='word_1_127' title='bbox 3198 769 3291 822; x_wconf 78' lang='grc' dir='ltr'>καὶ</span> <span class='ocrx_word' id='word_1_128' title='bbox 3350 767 3420 821; x_wconf 83' lang='grc' dir='ltr'>τὰ</span> <span class='ocrx_word' id='word_1_129' title='bbox 3490 768 3589 836; x_wconf 77' lang='grc' dir='ltr'><strong>τῆς</strong></span> <span class='ocrx_word' id='word_1_130' title='bbox 3658 766 3756 834; x_wconf 79' lang='grc' dir='ltr'><strong>ὀγ-</strong></span> 
     </span>
    </p>
   </div>
   <div class='ocr_carea' id='block_1_22' title="bbox 2179 857 3758 930">
    <p class='ocr_par' dir='ltr' id='par_1_22' title="bbox 2179 857 3758 930">
     <span class='ocr_line' id='line_1_22' title="bbox 2179 857 3758 930; baseline -0.002 -18"><span class='ocrx_word' id='word_1_131' title='bbox 2179 859 2328 930; x_wconf 78' lang='grc' dir='ltr'>δόης,</span> <span class='ocrx_word' id='word_1_132' title='bbox 2365 859 2634 923; x_wconf 78' lang='grc' dir='ltr'><strong>τουτέστι,</strong></span> <span class='ocrx_word' id='word_1_133' title='bbox 2685 858 2752 912; x_wconf 79' lang='grc' dir='ltr'><strong>τὰ</strong></span> <span class='ocrx_word' id='word_1_134' title='bbox 2797 858 3035 930; x_wconf 79' lang='grc' dir='ltr'><strong>Χριστοῦ</strong></span> <span class='ocrx_word' id='word_1_135' title='bbox 3084 859 3381 930; x_wconf 78' lang='grc' dir='ltr'><strong>μυστήρια.</strong></span> <span class='ocrx_word' id='word_1_136' title='bbox 3426 857 3547 910; x_wconf 86' lang='grc' dir='ltr'><strong>Ὅτι</strong></span> <span class='ocrx_word' id='word_1_137' title='bbox 3575 857 3632 909; x_wconf 79' lang='grc' dir='ltr'>δὲ</span> <span class='ocrx_word' id='word_1_138' title='bbox 3664 857 3758 910; x_wconf 78' lang='grc' dir='ltr'><strong>καὶ</strong></span> 
     </span>
    </p>
   </div>
   <div class='ocr_carea' id='block_1_23' title="bbox 2179 945 3756 1022">
    <p class='ocr_par' dir='ltr' id='par_1_23' title="bbox 2179 945 3756 1022">
     <span class='ocr_line' id='line_1_23' title="bbox 2179 945 3756 1022; baseline -0.003 -19"><span class='ocrx_word' id='word_1_139' title='bbox 2179 949 2567 1022; x_wconf 82' lang='grc' dir='ltr'>κτηνοπρεπὴς</span> <span class='ocrx_word' id='word_1_140' title='bbox 2585 951 2620 1003; x_wconf 72' lang='grc' dir='ltr'><strong>ὑ</strong></span> <span class='ocrx_word' id='word_1_141' title='bbox 2642 949 2753 1019; x_wconf 80' lang='grc' dir='ltr'>βίος</span> <span class='ocrx_word' id='word_1_142' title='bbox 2778 949 2948 1021; x_wconf 81' lang='grc' dir='ltr'>αὐτῷ,</span> <span class='ocrx_word' id='word_1_143' title='bbox 2975 949 3072 1003; x_wconf 72' lang='grc' dir='ltr'>καὶ</span> <span class='ocrx_word' id='word_1_144' title='bbox 3096 951 3231 1018; x_wconf 83' lang='grc' dir='ltr'>πρὸς</span> <span class='ocrx_word' id='word_1_145' title='bbox 3259 949 3395 1018; x_wconf 82' lang='grc' dir='ltr'>μόνα</span> <span class='ocrx_word' id='word_1_146' title='bbox 3419 947 3487 1000; x_wconf 84' lang='grc' dir='ltr'>τὰ</span> <span class='ocrx_word' id='word_1_147' title='bbox 3515 945 3756 1018; x_wconf 75' lang='grc' dir='ltr'><strong>σαρκικὰ</strong></span> 
     </span>
    </p>
   </div>
   <div class='ocr_carea' id='block_1_24' title="bbox 2177 1036 3756 1112">
    <p class='ocr_par' dir='ltr' id='par_1_24' title="bbox 2177 1036 3756 1112">
     <span class='ocr_line' id='line_1_24' title="bbox 2177 1036 3756 1112; baseline -0.005 -16"><span class='ocrx_word' id='word_1_148' title='bbox 2177 1043 2519 1097; x_wconf 83' lang='grc' dir='ltr'>διανένευκεν</span> <span class='ocrx_word' id='word_1_149' title='bbox 2547 1081 2563 1107; x_wconf 90' lang='grc'>,</span> <span class='ocrx_word' id='word_1_150' title='bbox 2619 1043 2944 1112; x_wconf 81' lang='grc' dir='ltr'>ὑποφήνειεν</span> <span class='ocrx_word' id='word_1_151' title='bbox 2994 1039 3062 1094; x_wconf 86' lang='grc' dir='ltr'><strong>ἂν</strong></span> <span class='ocrx_word' id='word_1_152' title='bbox 3106 1036 3166 1094; x_wconf 82' lang='grc' dir='ltr'><strong>εὖ</strong></span> <span class='ocrx_word' id='word_1_153' title='bbox 3223 1039 3409 1109; x_wconf 84' lang='grc' dir='ltr'>μάλα,</span> <span class='ocrx_word' id='word_1_154' title='bbox 3457 1038 3521 1092; x_wconf 83' lang='grc' dir='ltr'><strong>τὸ</strong></span> <span class='ocrx_word' id='word_1_155' title='bbox 3562 1037 3756 1108; x_wconf 78' lang='grc' dir='ltr'>κριθὴν</span> 
     </span>
    </p>
   </div>
   <div class='ocr_carea' id='block_1_25' title="bbox 2177 1129 3755 1205">
    <p class='ocr_par' dir='ltr' id='par_1_25' title="bbox 2177 1129 3755 1205">
     <span class='ocr_line' id='line_1_25' title="bbox 2177 1129 3755 1205; baseline -0.004 -17"><span class='ocrx_word' id='word_1_156' title='bbox 2177 1134 2508 1204; x_wconf 80' lang='grc' dir='ltr'>δεδόσθαιτῇ</span> <span class='ocrx_word' id='word_1_157' title='bbox 2563 1133 2832 1205; x_wconf 82' lang='grc' dir='ltr'>μοιχαλίδι</span> <span class='ocrx_word' id='word_1_158' title='bbox 2885 1131 3023 1201; x_wconf 84' lang='grc' dir='ltr'>πρὸς</span> <span class='ocrx_word' id='word_1_159' title='bbox 3071 1131 3308 1202; x_wconf 86' lang='grc' dir='ltr'>τροφήν.</span> <span class='ocrx_word' id='word_1_160' title='bbox 3366 1129 3755 1200; x_wconf 79' lang='grc' dir='ltr'>Κτηνοπρεπὲς</span> 
     </span>
    </p>
   </div>
   <div class='ocr_carea' id='block_1_26' title="bbox 2177 1223 3755 1299">
    <p class='ocr_par' dir='ltr' id='par_1_26' title="bbox 2177 1223 3755 1299">
     <span class='ocr_line' id='line_1_26' title="bbox 2177 1223 3755 1299; baseline -0.006 -18"><span class='ocrx_word' id='word_1_161' title='bbox 2177 1228 2286 1299; x_wconf 85' lang='grc' dir='ltr'>γὰρ</span> <span class='ocrx_word' id='word_1_162' title='bbox 2321 1227 2381 1281; x_wconf 80' lang='grc' dir='ltr'>τὸ</span> <span class='ocrx_word' id='word_1_163' title='bbox 2411 1227 2634 1296; x_wconf 80' lang='grc' dir='ltr'>ἔδεσμα,</span> <span class='ocrx_word' id='word_1_164' title='bbox 2672 1225 2842 1296; x_wconf 81' lang='grc' dir='ltr'><strong>μέθης</strong></span> <span class='ocrx_word' id='word_1_165' title='bbox 2870 1223 2915 1277; x_wconf 75' lang='grc' dir='ltr'>δ’</span> <span class='ocrx_word' id='word_1_166' title='bbox 2935 1223 3001 1278; x_wconf 81' lang='grc' dir='ltr'>ἂν</span> <span class='ocrx_word' id='word_1_167' title='bbox 3025 1224 3237 1292; x_wconf 72' lang='grc' dir='ltr'>γένοιτ)</span> <span class='ocrx_word' id='word_1_168' title='bbox 3266 1225 3509 1294; x_wconf 73' lang='grc' dir='ltr'>σημεῖον.</span> <span class='ocrx_word' id='word_1_169' title='bbox 3529 1223 3755 1292; x_wconf 75' lang='grc' dir='ltr'><strong>Εἴρηται</strong></span> 
     </span>
    </p>
   </div>
   <div class='ocr_carea' id='block_1_27' title="bbox 2176 1313 3756 1390">
    <p class='ocr_par' dir='ltr' id='par_1_27' title="bbox 2176 1313 3756 1390">
     <span class='ocr_line' id='line_1_27' title="bbox 2176 1313 3756 1390; baseline -0.005 -18"><span class='ocrx_word' id='word_1_170' title='bbox 2176 1319 2232 1373; x_wconf 86' lang='grc' dir='ltr'>δὲ</span> <span class='ocrx_word' id='word_1_171' title='bbox 2267 1318 2403 1390; x_wconf 79' lang='grc' dir='ltr'>πρὸς</span> <span class='ocrx_word' id='word_1_172' title='bbox 2435 1317 2656 1381; x_wconf 80' lang='grc' dir='ltr'>αὐτούς’</span> <span class='ocrx_word' id='word_1_173' title='bbox 2695 1336 2713 1370; x_wconf 88' lang='grc' dir='ltr'>ι</span> <span class='ocrx_word' id='word_1_174' title='bbox 2751 1317 2914 1388; x_wconf 80' lang='grc' dir='ltr'>Ἀκοῇ</span> <span class='ocrx_word' id='word_1_175' title='bbox 2946 1317 3244 1377; x_wconf 78' lang='grc' dir='ltr'>ἀκούσετε,</span> <span class='ocrx_word' id='word_1_176' title='bbox 3278 1313 3376 1367; x_wconf 76' lang='grc' dir='ltr'>καὶ</span> <span class='ocrx_word' id='word_1_177' title='bbox 3423 1315 3485 1367; x_wconf 75' lang='grc' dir='ltr'>οὐ</span> <span class='ocrx_word' id='word_1_178' title='bbox 3517 1315 3594 1383; x_wconf 86' lang='grc' dir='ltr'><strong>μὴ</strong></span> <span class='ocrx_word' id='word_1_179' title='bbox 3639 1329 3756 1365; x_wconf 87' lang='grc' dir='ltr'>συν-</span> 
     </span>
    </p>
   </div>
   <div class='ocr_carea' id='block_1_28' title="bbox 2177 1403 3755 1481">
    <p class='ocr_par' dir='ltr' id='par_1_28' title="bbox 2177 1403 3755 1481">
     <span class='ocr_line' id='line_1_28' title="bbox 2177 1403 3755 1481; baseline -0.004 -18"><span class='ocrx_word' id='word_1_180' title='bbox 2177 1411 2273 1481; x_wconf 89' lang='grc' dir='ltr'><strong>ῆτε</strong></span> <span class='ocrx_word' id='word_1_181' title='bbox 2295 1425 2309 1438; x_wconf 90' lang='grc'><strong>·</strong></span> <span class='ocrx_word' id='word_1_182' title='bbox 2346 1409 2441 1462; x_wconf 71' lang='grc' dir='ltr'>καὶ</span> <span class='ocrx_word' id='word_1_183' title='bbox 2459 1408 2746 1480; x_wconf 82' lang='grc' dir='ltr'>βλέποντες</span> <span class='ocrx_word' id='word_1_184' title='bbox 2768 1407 3015 1478; x_wconf 74' lang='grc' dir='ltr'>βλέψετε,</span> <span class='ocrx_word' id='word_1_185' title='bbox 3036 1407 3131 1461; x_wconf 77' lang='grc' dir='ltr'>καὶ</span> <span class='ocrx_word' id='word_1_186' title='bbox 3150 1407 3210 1460; x_wconf 81' lang='grc' dir='ltr'>οὐ</span> <span class='ocrx_word' id='word_1_187' title='bbox 3243 1408 3317 1477; x_wconf 77' lang='grc' dir='ltr'><strong>μὴ</strong></span> <span class='ocrx_word' id='word_1_188' title='bbox 3352 1407 3518 1475; x_wconf 75' lang='grc' dir='ltr'>ἴδητε.</span> <span class='ocrx_word' id='word_1_189' title='bbox 3535 1425 3552 1456; x_wconf 84' lang='grc'><strong>›</strong></span> <span class='ocrx_word' id='word_1_190' title='bbox 3570 1403 3755 1457; x_wconf 80' lang='grc' dir='ltr'>Ταῦτα</span> 
     </span>
    </p>
   </div>
   <div class='ocr_carea' id='block_1_29' title="bbox 2176 1494 3758 1570">
    <p class='ocr_par' dir='ltr' id='par_1_29' title="bbox 2176 1494 3758 1570">
     <span class='ocr_line' id='line_1_29' title="bbox 2176 1494 3758 1570; baseline -0.004 -18"><span class='ocrx_word' id='word_1_191' title='bbox 2176 1498 2233 1554; x_wconf 88' lang='grc' dir='ltr'><strong>δέ</strong></span> <span class='ocrx_word' id='word_1_192' title='bbox 2257 1502 2373 1554; x_wconf 81' lang='grc' dir='ltr'><strong>ἐστι</strong></span> <span class='ocrx_word' id='word_1_193' title='bbox 2406 1499 2713 1570; x_wconf 78' lang='grc' dir='ltr'><strong>μεθυόντων</strong></span> <span class='ocrx_word' id='word_1_194' title='bbox 2743 1497 2916 1567; x_wconf 81' lang='grc' dir='ltr'>πάθη,</span> <span class='ocrx_word' id='word_1_195' title='bbox 2945 1498 3041 1551; x_wconf 74' lang='grc' dir='ltr'><strong>καὶ</strong></span> <span class='ocrx_word' id='word_1_196' title='bbox 3082 1495 3532 1567; x_wconf 74' lang='grc' dir='ltr'>κραιπαλούντων</span> <span class='ocrx_word' id='word_1_197' title='bbox 3564 1494 3758 1564; x_wconf 78' lang='grc' dir='ltr'>ἐγκλήο</span> 
     </span>
    </p>
   </div>
   <div class='ocr_carea' id='block_1_30' title="bbox 2180 1586 3753 1662">
    <p class='ocr_par' dir='ltr' id='par_1_30' title="bbox 2180 1586 3753 1662">
     <span class='ocr_line' id='line_1_30' title="bbox 2180 1586 3753 1662; baseline -0.007 -17"><span class='ocrx_word' id='word_1_198' title='bbox 2180 1609 2348 1662; x_wconf 86' lang='grc' dir='ltr'>ματα,</span> <span class='ocrx_word' id='word_1_199' title='bbox 2381 1591 2442 1644; x_wconf 83' lang='grc' dir='ltr'>τὸ</span> <span class='ocrx_word' id='word_1_200' title='bbox 2479 1592 2616 1662; x_wconf 85' lang='grc' dir='ltr'>μήτε</span> <span class='ocrx_word' id='word_1_201' title='bbox 2651 1591 2783 1662; x_wconf 78' lang='grc' dir='ltr'>ὁρᾷν</span> <span class='ocrx_word' id='word_1_202' title='bbox 2817 1590 3083 1661; x_wconf 83' lang='grc' dir='ltr'><strong>ὁρῶντας,</strong></span> <span class='ocrx_word' id='word_1_203' title='bbox 3131 1590 3269 1660; x_wconf 89' lang='grc' dir='ltr'>μήτε</span> <span class='ocrx_word' id='word_1_204' title='bbox 3305 1586 3599 1648; x_wconf 78' lang='grc' dir='ltr'>ἀκούοντας</span> <span class='ocrx_word' id='word_1_205' title='bbox 3625 1601 3753 1636; x_wconf 83' lang='grc' dir='ltr'><strong>συν-</strong></span> 
     </span>
    </p>
   </div>
   <div class='ocr_carea' id='block_1_31' title="bbox 2179 1677 3759 1752">
    <p class='ocr_par' dir='ltr' id='par_1_31' title="bbox 2179 1677 3759 1752">
     <span class='ocr_line' id='line_1_31' title="bbox 2179 1677 3759 1752; baseline -0.004 -16"><span class='ocrx_word' id='word_1_206' title='bbox 2179 1681 2314 1736; x_wconf 92' lang='grc' dir='ltr'>ιέναι</span> <span class='ocrx_word' id='word_1_207' title='bbox 2343 1682 2603 1736; x_wconf 75' lang='grc' dir='ltr'>δύνασθαί</span> <span class='ocrx_word' id='word_1_208' title='bbox 2633 1699 2718 1735; x_wconf 90' lang='grc' dir='ltr'><strong>τι·</strong></span> <span class='ocrx_word' id='word_1_209' title='bbox 2761 1681 3158 1752; x_wconf 86' lang='grc' dir='ltr'>πεπαχυμένην</span> <span class='ocrx_word' id='word_1_210' title='bbox 3189 1679 3246 1732; x_wconf 83' lang='grc' dir='ltr'>δὲ</span> <span class='ocrx_word' id='word_1_211' title='bbox 3287 1678 3498 1749; x_wconf 81' lang='grc' dir='ltr'>ὥσπερ,</span> <span class='ocrx_word' id='word_1_212' title='bbox 3527 1677 3619 1731; x_wconf 73' lang='grc' dir='ltr'><strong>καὶ</strong></span> <span class='ocrx_word' id='word_1_213' title='bbox 3650 1694 3759 1730; x_wconf 73' lang='grc' dir='ltr'>πωο</span> 
     </span>
    </p>
   </div>
   <div class='ocr_carea' id='block_1_32' title="bbox 2178 1770 3435 1847">
    <p class='ocr_par' dir='ltr' id='par_1_32' title="bbox 2178 1770 3435 1847">
     <span class='ocr_line' id='line_1_32' title="bbox 2178 1770 3435 1847; baseline -0.002 -21"><span class='ocrx_word' id='word_1_214' title='bbox 2178 1773 2400 1847; x_wconf 85' lang='grc' dir='ltr'>ρώσεως</span> <span class='ocrx_word' id='word_1_215' title='bbox 2428 1773 2863 1844; x_wconf 90' lang='grc' dir='ltr'>μεμεστωμένην</span> <span class='ocrx_word' id='word_1_216' title='bbox 2886 1773 2984 1844; x_wconf 88' lang='grc' dir='ltr'><strong>τὴν</strong></span> <span class='ocrx_word' id='word_1_217' title='bbox 3015 1772 3252 1826; x_wconf 82' lang='grc' dir='ltr'>διάνοιαν</span> <span class='ocrx_word' id='word_1_218' title='bbox 3275 1770 3435 1841; x_wconf 71' lang='grc' dir='ltr'>ἔχειν.</span> 
     </span>
    </p>
   </div>
   <div class='ocr_carea' id='block_1_33' title="bbox 569 1850 2079 1941">
    <p class='ocr_par' dir='ltr' id='par_1_33' title="bbox 569 1850 2071 1932">
     <span class='ocr_line' id='line_1_33' title="bbox 569 1850 2071 1932; baseline -0.012 -8"><span class='ocrx_word' id='word_1_219' title='bbox 569 1868 738 1926; x_wconf 70' lang='lat' dir='ltr'><strong>Vens.</strong></span> <span class='ocrx_word' id='word_1_220' title='bbox 773 1866 886 1932; x_wconf 63' lang='grc' dir='ltr'><strong>ιβ.</strong></span> <span class='ocrx_word' id='word_1_221' title='bbox 924 1865 1064 1930; x_wconf 81' lang='lat' dir='ltr'><strong>Quia</strong></span> <span class='ocrx_word' id='word_1_222' title='bbox 1109 1862 1290 1916; x_wconf 86' lang='lat' dir='ltr'><strong>diebus</strong></span> <span class='ocrx_word' id='word_1_223' title='bbox 1339 1859 1518 1914; x_wconf 85' lang='lat' dir='ltr'><strong>multis</strong></span> <span class='ocrx_word' id='word_1_224' title='bbox 1556 1855 1804 1912; x_wconf 76' lang='lat' dir='ltr'><strong>sedebant</strong></span> <span class='ocrx_word' id='word_1_225' title='bbox 1847 1851 1947 1921; x_wconf 82' lang='lat' dir='ltr'><strong>ﬁlii</strong></span> <span class='ocrx_word' id='word_1_226' title='bbox 1979 1850 2071 1907; x_wconf 87' lang='lat' dir='ltr'><strong>Is-</strong></span> 
     </span>
    </p>
   </div>
   <div class='ocr_carea' id='block_1_34' title="bbox 2177 1850 3757 1941">
    <p class='ocr_par' dir='ltr' id='par_1_34' title="bbox 2247 1859 3757 1933">
     <span class='ocr_line' id='line_1_34' title="bbox 2247 1859 3757 1933; baseline -0.002 -16"><span class='ocrx_word' id='word_1_227' title='bbox 2247 1865 2401 1918; x_wconf 87' lang='grc' dir='ltr'><strong>Διότι</strong></span> <span class='ocrx_word' id='word_1_228' title='bbox 2433 1863 2653 1933; x_wconf 74' lang='grc' dir='ltr'>ἡμέρας</span> <span class='ocrx_word' id='word_1_229' title='bbox 2691 1863 2930 1930; x_wconf 75' lang='grc' dir='ltr'>πολλὰς</span> <span class='ocrx_word' id='word_1_230' title='bbox 2974 1861 3344 1928; x_wconf 78' lang='grc' dir='ltr'>καθήσονται</span> <span class='ocrx_word' id='word_1_231' title='bbox 3393 1863 3448 1914; x_wconf 85' lang='grc' dir='ltr'>οἱ</span> <span class='ocrx_word' id='word_1_232' title='bbox 3480 1859 3595 1914; x_wconf 75' lang='grc' dir='ltr'>υἱοὶ</span> <span class='ocrx_word' id='word_1_233' title='bbox 3638 1861 3757 1914; x_wconf 86' lang='grc' dir='ltr'><strong>Ἰσ-</strong></span> 
     </span>
    </p>
   </div>
   <div class='ocr_carea' id='block_1_35' title="bbox 502 1948 2079 2030">
    <p class='ocr_par' dir='ltr' id='par_1_35' title="bbox 502 1948 2071 2030">
     <span class='ocr_line' id='line_1_35' title="bbox 502 1948 2071 2030; baseline -0.013 -11"><span class='ocrx_word' id='word_1_234' title='bbox 502 1966 616 2019; x_wconf 79' lang='lat' dir='ltr'><strong>raet</strong></span> <span class='ocrx_word' id='word_1_235' title='bbox 642 2005 659 2030; x_wconf 92' lang='lat'><strong>,</strong></span> <span class='ocrx_word' id='word_1_236' title='bbox 708 1977 812 2016; x_wconf 87' lang='lat' dir='ltr'><strong>non</strong></span> <span class='ocrx_word' id='word_1_237' title='bbox 851 1962 1136 2014; x_wconf 74' lang='lat' dir='ltr'><strong>exsistente</strong></span> <span class='ocrx_word' id='word_1_238' title='bbox 1197 1969 1335 2024; x_wconf 82' lang='lat' dir='ltr'><strong>rege,</strong></span> <span class='ocrx_word' id='word_1_239' title='bbox 1381 1967 1543 2022; x_wconf 79' lang='lat' dir='ltr'><strong>neque</strong></span> <span class='ocrx_word' id='word_1_240' title='bbox 1598 1948 1834 2019; x_wconf 80' lang='lat' dir='ltr'><strong>principe</strong></span> <span class='ocrx_word' id='word_1_241' title='bbox 1907 1961 2071 2016; x_wconf 82' lang='lat' dir='ltr'><strong>neque</strong></span> 
     </span>
    </p>
   </div>
   <div class='ocr_carea' id='block_1_36' title="bbox 2177 1948 3751 2030">
    <p class='ocr_par' dir='ltr' id='par_1_36' title="bbox 2177 1949 3751 2021">
     <span class='ocr_line' id='line_1_36' title="bbox 2177 1949 3751 2021; baseline -0.002 -15"><span class='ocrx_word' id='word_1_242' title='bbox 2177 1953 2352 2021; x_wconf 76' lang='grc' dir='ltr'>ραὴλ,</span> <span class='ocrx_word' id='word_1_243' title='bbox 2384 1956 2496 2007; x_wconf 87' lang='grc' dir='ltr'><strong>οὐκ</strong></span> <span class='ocrx_word' id='word_1_244' title='bbox 2519 1953 2693 2020; x_wconf 78' lang='grc' dir='ltr'>ὄντος</span> <span class='ocrx_word' id='word_1_245' title='bbox 2707 1951 3037 2019; x_wconf 77' lang='grc' dir='ltr'>βασιλέως,</span> <span class='ocrx_word' id='word_1_246' title='bbox 3073 1951 3215 2007; x_wconf 81' lang='grc' dir='ltr'>οὐδὲ</span> <span class='ocrx_word' id='word_1_247' title='bbox 3246 1952 3421 2018; x_wconf 82' lang='grc' dir='ltr'><strong>ὄντος</strong></span> <span class='ocrx_word' id='word_1_248' title='bbox 3444 1949 3751 2021; x_wconf 82' lang='grc' dir='ltr'>ἄρχοντος,</span> 
     </span>
    </p>
   </div>
   <div class='ocr_carea' id='block_1_37' title="bbox 501 2039 2072 2119">
    <p class='ocr_par' dir='ltr' id='par_1_37' title="bbox 501 2039 2072 2119">
     <span class='ocr_line' id='line_1_37' title="bbox 501 2039 2072 2119; baseline -0.015 -6"><span class='ocrx_word' id='word_1_249' title='bbox 501 2056 786 2113; x_wconf 73' lang='lat' dir='ltr'><strong>exsistente</strong></span> <span class='ocrx_word' id='word_1_250' title='bbox 819 2049 1103 2119; x_wconf 79' lang='lat' dir='ltr'><strong>sacri/icio.</strong></span> <span class='ocrx_word' id='word_1_251' title='bbox 1148 2062 1310 2115; x_wconf 82' lang='lat' dir='ltr'><strong>neque</strong></span> <span class='ocrx_word' id='word_1_252' title='bbox 1339 2044 1613 2098; x_wconf 74' lang='lat' dir='ltr'><strong>exsistente</strong></span> <span class='ocrx_word' id='word_1_253' title='bbox 1651 2039 1811 2094; x_wconf 81' lang='lat' dir='ltr'><strong>altari</strong></span> <span class='ocrx_word' id='word_1_254' title='bbox 1842 2077 1858 2104; x_wconf 90' lang='lat'><strong>,</strong></span> <span class='ocrx_word' id='word_1_255' title='bbox 1909 2053 2072 2108; x_wconf 82' lang='lat' dir='ltr'><strong>neque</strong></span> 
     </span>
    </p>
   </div>
   <div class='ocr_carea' id='block_1_38' title="bbox 502 2129 2075 2210">
    <p class='ocr_par' dir='ltr' id='par_1_38' title="bbox 502 2129 2075 2210">
     <span class='ocr_line' id='line_1_38' title="bbox 502 2129 2075 2210; baseline -0.016 -7"><span class='ocrx_word' id='word_1_256' title='bbox 502 2144 822 2210; x_wconf 83' lang='lat' dir='ltr'><strong>sacerdotio,</strong></span> <span class='ocrx_word' id='word_1_257' title='bbox 860 2155 1020 2210; x_wconf 86' lang='lat' dir='ltr'><strong>neque</strong></span> <span class='ocrx_word' id='word_1_258' title='bbox 1048 2136 1365 2206; x_wconf 77' lang='lat' dir='ltr'><strong>manifestis.</strong></span> <span class='ocrx_word' id='word_1_259' title='bbox 1390 2131 1460 2186; x_wconf 87' lang='lat' dir='ltr'><strong>Et</strong></span> <span class='ocrx_word' id='word_1_260' title='bbox 1486 2141 1599 2202; x_wconf 82' lang='lat' dir='ltr'><strong>post</strong></span> <span class='ocrx_word' id='word_1_261' title='bbox 1627 2129 1736 2184; x_wconf 74' lang='lat' dir='ltr'><strong>lucc</strong></span> <span class='ocrx_word' id='word_1_262' title='bbox 1755 2135 2075 2182; x_wconf 76' lang='lat' dir='ltr'><strong>revertentur</strong></span> 
     </span>
    </p>
   </div>
   <div class='ocr_carea' id='block_1_39' title="bbox 503 2221 2072 2309">
    <p class='ocr_par' dir='ltr' id='par_1_39' title="bbox 503 2221 2072 2309">
     <span class='ocr_line' id='line_1_39' title="bbox 503 2221 2072 2309; baseline -0.015 -16"><span class='ocrx_word' id='word_1_263' title='bbox 503 2233 829 2309; x_wconf 71' lang='lat' dir='ltr'><strong>ﬁlii-Israel,</strong></span> <span class='ocrx_word' id='word_1_264' title='bbox 864 2242 912 2286; x_wconf 86' lang='lat' dir='ltr'><strong>et</strong></span> <span class='ocrx_word' id='word_1_265' title='bbox 945 2237 1178 2300; x_wconf 71' lang='lat' dir='ltr'><strong>quazrent</strong></span> <span class='ocrx_word' id='word_1_266' title='bbox 1236 2225 1522 2280; x_wconf 84' lang='lat' dir='ltr'><strong>Dominum</strong></span> <span class='ocrx_word' id='word_1_267' title='bbox 1575 2221 1742 2276; x_wconf 82' lang='lat' dir='ltr'><strong>Deum</strong></span> <span class='ocrx_word' id='word_1_268' title='bbox 1797 2234 1976 2282; x_wconf 88' lang='lat' dir='ltr'><strong>suum,</strong></span> <span class='ocrx_word' id='word_1_269' title='bbox 2021 2229 2072 2270; x_wconf 80' lang='lat' dir='ltr'><strong>et</strong></span> 
     </span>
    </p>
   </div>
   <div class='ocr_carea' id='block_1_40' title="bbox 506 2306 2073 2395">
    <p class='ocr_par' dir='ltr' id='par_1_40' title="bbox 506 2306 2073 2395">
     <span class='ocr_line' id='line_1_40' title="bbox 506 2306 2073 2395; baseline -0.016 -12"><span class='ocrx_word' id='word_1_270' title='bbox 506 2306 676 2384; x_wconf 80' lang='lat' dir='ltr'><strong>David</strong></span> <span class='ocrx_word' id='word_1_271' title='bbox 712 2339 882 2395; x_wconf 83' lang='lat' dir='ltr'><strong>regem</strong></span> <span class='ocrx_word' id='word_1_272' title='bbox 935 2335 1110 2386; x_wconf 85' lang='lat' dir='ltr'><strong>suum,</strong></span> <span class='ocrx_word' id='word_1_273' title='bbox 1145 2325 1192 2372; x_wconf 80' lang='lat' dir='ltr'><strong>et</strong></span> <span class='ocrx_word' id='word_1_274' title='bbox 1223 2315 1502 2383; x_wconf 72' lang='lat' dir='ltr'><strong>stupebant</strong></span> <span class='ocrx_word' id='word_1_275' title='bbox 1528 2312 1584 2366; x_wconf 86' lang='lat' dir='ltr'><strong>in</strong></span> <span class='ocrx_word' id='word_1_276' title='bbox 1640 2310 1890 2372; x_wconf 72' lang='lat' dir='ltr'><strong>Domino,</strong></span> <span class='ocrx_word' id='word_1_277' title='bbox 1927 2315 1974 2360; x_wconf 85' lang='lat' dir='ltr'><strong>et</strong></span> <span class='ocrx_word' id='word_1_278' title='bbox 2015 2306 2073 2359; x_wconf 82' lang='lat' dir='ltr'><strong>in</strong></span> 
     </span>
    </p>
   </div>
   <div class='ocr_carea' id='block_1_41' title="bbox 503 2406 1442 2486">
    <p class='ocr_par' dir='ltr' id='par_1_41' title="bbox 503 2406 1442 2486">
     <span class='ocr_line' id='line_1_41' title="bbox 503 2406 1442 2486; baseline -0.017 -11"><span class='ocrx_word' id='word_1_279' title='bbox 503 2419 650 2474; x_wconf 82' lang='lat' dir='ltr'><strong>bonis</strong></span> <span class='ocrx_word' id='word_1_280' title='bbox 684 2415 798 2486; x_wconf 78' lang='lat' dir='ltr'><strong>ejus</strong></span> <span class='ocrx_word' id='word_1_281' title='bbox 829 2413 884 2467; x_wconf 86' lang='lat' dir='ltr'><strong>in</strong></span> <span class='ocrx_word' id='word_1_282' title='bbox 910 2409 1188 2465; x_wconf 72' lang='lat' dir='ltr'><strong>novissimo</strong></span> <span class='ocrx_word' id='word_1_283' title='bbox 1216 2406 1442 2461; x_wconf 83' lang='lat' dir='ltr'><strong>dierum.</strong></span> 
     </span>
    </p>
   </div>
   <div class='ocr_carea' id='block_1_42' title="bbox 573 2572 2074 2662">
    <p class='ocr_par' dir='ltr' id='par_1_42' title="bbox 573 2572 2074 2662">
     <span class='ocr_line' id='line_1_42' title="bbox 573 2572 2074 2662; baseline -0.015 -14"><span class='ocrx_word' id='word_1_284' title='bbox 573 2590 815 2648; x_wconf 78' lang='lat' dir='ltr'><strong>XXXIV.</strong></span> <span class='ocrx_word' id='word_1_285' title='bbox 843 2590 1043 2662; x_wconf 84' lang='lat' dir='ltr'><strong>Aperta</strong></span> <span class='ocrx_word' id='word_1_286' title='bbox 1087 2585 1419 2652; x_wconf 87' lang='lat' dir='ltr'><strong>minimeque</strong></span> <span class='ocrx_word' id='word_1_287' title='bbox 1449 2578 1607 2636; x_wconf 87' lang='lat' dir='ltr'><strong>dubia</strong></span> <span class='ocrx_word' id='word_1_288' title='bbox 1635 2575 1902 2648; x_wconf 85' lang='lat' dir='ltr'><strong>sequitur,</strong></span> <span class='ocrx_word' id='word_1_289' title='bbox 1926 2581 1985 2627; x_wconf 91' lang='lat' dir='ltr'><strong>ut</strong></span> <span class='ocrx_word' id='word_1_290' title='bbox 2019 2572 2074 2627; x_wconf 89' lang='lat' dir='ltr'><strong>in</strong></span> 
     </span>
    </p>
   </div>
   <div class='ocr_carea' id='block_1_43' title="bbox 502 2666 2075 2752">
    <p class='ocr_par' dir='ltr' id='par_1_43' title="bbox 502 2666 2075 2752">
     <span class='ocr_line' id='line_1_43' title="bbox 502 2666 2075 2752; baseline -0.016 -10"><span class='ocrx_word' id='word_1_291' title='bbox 502 2688 616 2752; x_wconf 88' lang='lat' dir='ltr'><strong>his,</strong></span> <span class='ocrx_word' id='word_1_292' title='bbox 650 2681 949 2741; x_wconf 85' lang='lat' dir='ltr'><strong>declaratio</strong></span> <span class='ocrx_word' id='word_1_293' title='bbox 965 2677 1354 2749; x_wconf 86' lang='lat' dir='ltr'><strong>assumptionis</strong></span> <span class='ocrx_word' id='word_1_294' title='bbox 1379 2672 1641 2728; x_wconf 64' lang='lat' dir='ltr'><strong>adulterae</strong></span> <span class='ocrx_word' id='word_1_295' title='bbox 1668 2666 2075 2735; x_wconf 87' lang='lat' dir='ltr'><strong>mansionisque</strong></span> 
     </span>
    </p>
   </div>
   <div class='ocr_carea' id='block_1_44' title="bbox 503 2758 2073 2834">
    <p class='ocr_par' dir='ltr' id='par_1_44' title="bbox 503 2758 2073 2834">
     <span class='ocr_line' id='line_1_44' title="bbox 503 2758 2073 2834; baseline -0.017 1"><span class='ocrx_word' id='word_1_296' title='bbox 503 2778 649 2834; x_wconf 78' lang='lat' dir='ltr'><strong>domi</strong></span> <span class='ocrx_word' id='word_1_297' title='bbox 698 2775 889 2829; x_wconf 86' lang='lat' dir='ltr'><strong>diebus</strong></span> <span class='ocrx_word' id='word_1_298' title='bbox 951 2767 1172 2833; x_wconf 79' lang='lat' dir='ltr'><strong>multis,</strong></span> <span class='ocrx_word' id='word_1_299' title='bbox 1221 2768 1395 2822; x_wconf 88' lang='lat' dir='ltr'><strong>donec</strong></span> <span class='ocrx_word' id='word_1_300' title='bbox 1437 2762 1706 2834; x_wconf 87' lang='lat' dir='ltr'><strong>propheta</strong></span> <span class='ocrx_word' id='word_1_301' title='bbox 1767 2758 1907 2827; x_wconf 90' lang='lat' dir='ltr'><strong>apud</strong></span> <span class='ocrx_word' id='word_1_302' title='bbox 1951 2769 2073 2810; x_wconf 91' lang='lat' dir='ltr'><strong>eam</strong></span> 
     </span>
    </p>
   </div>
   <div class='ocr_carea' id='block_1_45' title="bbox 503 2849 2072 2935">
    <p class='ocr_par' dir='ltr' id='par_1_45' title="bbox 503 2849 2072 2935">
     <span class='ocr_line' id='line_1_45' title="bbox 503 2849 2072 2935; baseline -0.016 -10"><span class='ocrx_word' id='word_1_303' title='bbox 503 2876 671 2935; x_wconf 79' lang='lat' dir='ltr'><strong>esset.</strong></span> <span class='ocrx_word' id='word_1_304' title='bbox 701 2865 979 2935; x_wconf 85' lang='lat' dir='ltr'><strong>Scriptum</strong></span> <span class='ocrx_word' id='word_1_305' title='bbox 999 2871 1083 2917; x_wconf 91' lang='lat' dir='ltr'><strong>est</strong></span> <span class='ocrx_word' id='word_1_306' title='bbox 1109 2859 1326 2933; x_wconf 87' lang='lat' dir='ltr'><strong>quidem</strong></span> <span class='ocrx_word' id='word_1_307' title='bbox 1358 2857 1430 2912; x_wconf 88' lang='lat' dir='ltr'><strong>ita</strong></span> <span class='ocrx_word' id='word_1_308' title='bbox 1459 2871 1476 2920; x_wconf 86' lang='lat'><strong>;</strong></span> <span class='ocrx_word' id='word_1_309' title='bbox 1506 2859 1599 2908; x_wconf 86' lang='lat' dir='ltr'><strong>sed</strong></span> <span class='ocrx_word' id='word_1_310' title='bbox 1621 2853 1764 2922; x_wconf 90' lang='lat' dir='ltr'><strong>quod</strong></span> <span class='ocrx_word' id='word_1_311' title='bbox 1791 2849 2072 2920; x_wconf 73' lang='lat' dir='ltr'><strong>agebatur,</strong></span> 
     </span>
    </p>
   </div>
   <div class='ocr_carea' id='block_1_46' title="bbox 505 2937 2075 3017">
    <p class='ocr_par' dir='ltr' id='par_1_46' title="bbox 505 2937 2075 3017">
     <span class='ocr_line' id='line_1_46' title="bbox 505 2937 2075 3017; baseline -0.015 -1"><span class='ocrx_word' id='word_1_312' title='bbox 505 2958 803 3017; x_wconf 86' lang='lat' dir='ltr'><strong>delineatio</strong></span> <span class='ocrx_word' id='word_1_313' title='bbox 856 2969 951 3010; x_wconf 87' lang='lat' dir='ltr'><strong>seu</strong></span> <span class='ocrx_word' id='word_1_314' title='bbox 987 2950 1332 3008; x_wconf 85' lang='lat' dir='ltr'><strong>adumbratio</strong></span> <span class='ocrx_word' id='word_1_315' title='bbox 1359 2946 1604 3016; x_wconf 65' lang='lat' dir='ltr'><strong>quaedam</strong></span> <span class='ocrx_word' id='word_1_316' title='bbox 1631 2950 1747 2998; x_wconf 89' lang='lat' dir='ltr'><strong>erat</strong></span> <span class='ocrx_word' id='word_1_317' title='bbox 1768 2941 1906 3010; x_wconf 84' lang='lat' dir='ltr'><strong>ejus,</strong></span> <span class='ocrx_word' id='word_1_318' title='bbox 1931 2937 2075 3008; x_wconf 90' lang='lat' dir='ltr'><strong>quod</strong></span> 
     </span>
    </p>
   </div>
   <div class='ocr_carea' id='block_1_47' title="bbox 505 3033 2075 3108">
    <p class='ocr_par' dir='ltr' id='par_1_47' title="bbox 505 3033 2075 3108">
     <span class='ocr_line' id='line_1_47' title="bbox 505 3033 2075 3108; baseline -0.015 -1"><span class='ocrx_word' id='word_1_319' title='bbox 505 3050 778 3108; x_wconf 86' lang='lat' dir='ltr'><strong>adulterio</strong></span> <span class='ocrx_word' id='word_1_320' title='bbox 809 3045 1126 3102; x_wconf 63' lang='lat' dir='ltr'><strong>deformata;</strong></span> <span class='ocrx_word' id='word_1_321' title='bbox 1153 3040 1462 3096; x_wconf 60' lang='lat' dir='ltr'><strong>Iudaeorum</strong></span> <span class='ocrx_word' id='word_1_322' title='bbox 1487 3037 1784 3108; x_wconf 71' lang='lat' dir='ltr'><strong>Synagogze</strong></span> <span class='ocrx_word' id='word_1_323' title='bbox 1830 3033 2075 3102; x_wconf 90' lang='lat' dir='ltr'><strong>aliquan-</strong></span> 
     </span>
    </p>
   </div>
   <div class='ocr_carea' id='block_1_48' title="bbox 505 3123 2074 3200">
    <p class='ocr_par' dir='ltr' id='par_1_48' title="bbox 505 3123 2074 3200">
     <span class='ocr_line' id='line_1_48' title="bbox 505 3123 2074 3200; baseline -0.015 -1"><span class='ocrx_word' id='word_1_324' title='bbox 505 3144 576 3199; x_wconf 91' lang='lat' dir='ltr'><strong>do</strong></span> <span class='ocrx_word' id='word_1_325' title='bbox 648 3146 972 3196; x_wconf 82' lang='lat' dir='ltr'><strong>eventurum</strong></span> <span class='ocrx_word' id='word_1_326' title='bbox 1030 3142 1170 3189; x_wconf 88' lang='lat' dir='ltr'><strong>erat.</strong></span> <span class='ocrx_word' id='word_1_327' title='bbox 1233 3131 1599 3200; x_wconf 80' lang='lat' dir='ltr'><strong>Posteaquam</strong></span> <span class='ocrx_word' id='word_1_328' title='bbox 1665 3128 1809 3182; x_wconf 90' lang='lat' dir='ltr'><strong>enim</strong></span> <span class='ocrx_word' id='word_1_329' title='bbox 1863 3123 2074 3179; x_wconf 86' lang='lat' dir='ltr'><strong>Domini</strong></span> 
     </span>
    </p>
   </div>
   <div class='ocr_carea' id='block_1_49' title="bbox 2173 2043 3752 2113">
    <p class='ocr_par' dir='ltr' id='par_1_49' title="bbox 2173 2043 3752 2113">
     <span class='ocr_line' id='line_1_49' title="bbox 2173 2043 3752 2113; baseline -0.003 -15"><span class='ocrx_word' id='word_1_330' title='bbox 2173 2045 2316 2098; x_wconf 84' lang='grc' dir='ltr'>οὐδὲ</span> <span class='ocrx_word' id='word_1_331' title='bbox 2369 2045 2563 2113; x_wconf 84' lang='grc' dir='ltr'><strong>οὔσης</strong></span> <span class='ocrx_word' id='word_1_332' title='bbox 2609 2046 2849 2112; x_wconf 85' lang='grc' dir='ltr'><strong>θυσίας,</strong></span> <span class='ocrx_word' id='word_1_333' title='bbox 2899 2044 3044 2099; x_wconf 87' lang='grc' dir='ltr'>οὐδὲ</span> <span class='ocrx_word' id='word_1_334' title='bbox 3079 2044 3256 2109; x_wconf 84' lang='grc' dir='ltr'><strong>ὄντος</strong></span> <span class='ocrx_word' id='word_1_335' title='bbox 3301 2043 3752 2110; x_wconf 79' lang='grc' dir='ltr'><strong>θυσιαστηρίου,</strong></span> 
     </span>
    </p>
   </div>
   <div class='ocr_carea' id='block_1_50' title="bbox 2173 2135 3756 2206">
    <p class='ocr_par' dir='ltr' id='par_1_50' title="bbox 2173 2135 3756 2206">
     <span class='ocr_line' id='line_1_50' title="bbox 2173 2135 3756 2206; baseline -0.002 -16"><span class='ocrx_word' id='word_1_336' title='bbox 2173 2137 2317 2190; x_wconf 83' lang='grc' dir='ltr'>οὐδὲ</span> <span class='ocrx_word' id='word_1_337' title='bbox 2347 2139 2656 2206; x_wconf 80' lang='grc' dir='ltr'>Ιερατείας,</span> <span class='ocrx_word' id='word_1_338' title='bbox 2682 2137 2826 2192; x_wconf 81' lang='grc' dir='ltr'>οὐδὲ</span> <span class='ocrx_word' id='word_1_339' title='bbox 2862 2136 3084 2204; x_wconf 74' lang='grc' dir='ltr'>δήλων,</span> <span class='ocrx_word' id='word_1_340' title='bbox 3110 2137 3209 2190; x_wconf 80' lang='grc' dir='ltr'><strong>καὶ</strong></span> <span class='ocrx_word' id='word_1_341' title='bbox 3248 2136 3394 2206; x_wconf 84' lang='grc' dir='ltr'>μετὰ</span> <span class='ocrx_word' id='word_1_342' title='bbox 3419 2135 3603 2189; x_wconf 85' lang='grc' dir='ltr'>ταῦτα</span> <span class='ocrx_word' id='word_1_343' title='bbox 3631 2135 3756 2187; x_wconf 67' lang='grc' dir='ltr'><strong>ἑπι-</strong></span> 
     </span>
    </p>
   </div>
   <div class='ocr_carea' id='block_1_51' title="bbox 2171 2227 3756 2298">
    <p class='ocr_par' dir='ltr' id='par_1_51' title="bbox 2171 2227 3756 2298">
     <span class='ocr_line' id='line_1_51' title="bbox 2171 2227 3756 2298; baseline -0.003 -16"><span class='ocrx_word' id='word_1_344' title='bbox 2171 2229 2548 2298; x_wconf 71' lang='grc' dir='ltr'><strong>στρέψουσιν</strong></span> <span class='ocrx_word' id='word_1_345' title='bbox 2579 2233 2631 2284; x_wconf 81' lang='grc' dir='ltr'>οὶ</span> <span class='ocrx_word' id='word_1_346' title='bbox 2672 2230 2791 2284; x_wconf 74' lang='grc' dir='ltr'>υἱοὶ</span> <span class='ocrx_word' id='word_1_347' title='bbox 2836 2227 3104 2296; x_wconf 71' lang='grc' dir='ltr'><strong>Ἰσραὴλ,</strong></span> <span class='ocrx_word' id='word_1_348' title='bbox 3155 2227 3252 2281; x_wconf 80' lang='grc' dir='ltr'><strong>καὶ</strong></span> <span class='ocrx_word' id='word_1_349' title='bbox 3287 2227 3756 2295; x_wconf 73' lang='grc' dir='ltr'><strong>ἐπιζητήσουσιν</strong></span> 
     </span>
    </p>
   </div>
   <div class='ocr_carea' id='block_1_52' title="bbox 2173 2320 3758 2388">
    <p class='ocr_par' dir='ltr' id='par_1_52' title="bbox 2173 2320 3758 2388">
     <span class='ocr_line' id='line_1_52' title="bbox 2173 2320 3758 2388; baseline -0.001 -13"><span class='ocrx_word' id='word_1_350' title='bbox 2173 2322 2390 2388; x_wconf 79' lang='grc' dir='ltr'><strong>Κύριον</strong></span> <span class='ocrx_word' id='word_1_351' title='bbox 2411 2321 2519 2375; x_wconf 83' lang='grc' dir='ltr'><strong>τὸν</strong></span> <span class='ocrx_word' id='word_1_352' title='bbox 2558 2321 2706 2375; x_wconf 80' lang='grc' dir='ltr'><strong>Θεὸν</strong></span> <span class='ocrx_word' id='word_1_353' title='bbox 2745 2320 2966 2388; x_wconf 76' lang='grc' dir='ltr'><strong>αὐτῶν,</strong></span> <span class='ocrx_word' id='word_1_354' title='bbox 3004 2320 3103 2374; x_wconf 81' lang='grc' dir='ltr'><strong>καὶ</strong></span> <span class='ocrx_word' id='word_1_355' title='bbox 3138 2320 3318 2375; x_wconf 74' lang='grc' dir='ltr'><strong>Δαόὶδ</strong></span> <span class='ocrx_word' id='word_1_356' title='bbox 3349 2321 3456 2374; x_wconf 75' lang='grc' dir='ltr'><strong>τὸν</strong></span> <span class='ocrx_word' id='word_1_357' title='bbox 3489 2320 3758 2386; x_wconf 78' lang='grc' dir='ltr'><strong>,ϐασιλέα</strong></span> 
     </span>
    </p>
   </div>
   <div class='ocr_carea' id='block_1_53' title="bbox 2173 2411 3754 2481">
    <p class='ocr_par' dir='ltr' id='par_1_53' title="bbox 2173 2411 3754 2481">
     <span class='ocr_line' id='line_1_53' title="bbox 2173 2411 3754 2481; baseline 0.001 -18"><span class='ocrx_word' id='word_1_358' title='bbox 2173 2411 2391 2474; x_wconf 81' lang='grc' dir='ltr'><strong>αὐτῶν,</strong></span> <span class='ocrx_word' id='word_1_359' title='bbox 2434 2413 2533 2466; x_wconf 76' lang='grc' dir='ltr'><strong>καὶ</strong></span> <span class='ocrx_word' id='word_1_360' title='bbox 2563 2411 2969 2481; x_wconf 77' lang='grc' dir='ltr'><strong>ἐκστήσονται</strong></span> <span class='ocrx_word' id='word_1_361' title='bbox 3004 2411 3105 2465; x_wconf 73' lang='grc' dir='ltr'><strong>ἐπὶ</strong></span> <span class='ocrx_word' id='word_1_362' title='bbox 3148 2411 3230 2477; x_wconf 84' lang='grc' dir='ltr'><strong>τῷ</strong></span> <span class='ocrx_word' id='word_1_363' title='bbox 3269 2411 3466 2480; x_wconf 82' lang='grc' dir='ltr'>Κυρίῳ</span> <span class='ocrx_word' id='word_1_364' title='bbox 3491 2453 3507 2477; x_wconf 87' lang='grc'><strong>,</strong></span> <span class='ocrx_word' id='word_1_365' title='bbox 3531 2412 3628 2465; x_wconf 76' lang='grc' dir='ltr'>καί</span> <span class='ocrx_word' id='word_1_366' title='bbox 3655 2411 3754 2464; x_wconf 78' lang='grc' dir='ltr'><strong>ἐπὶ</strong></span> 
     </span>
    </p>
   </div>
   <div class='ocr_carea' id='block_1_54' title="bbox 2173 2500 3751 2572">
    <p class='ocr_par' dir='ltr' id='par_1_54' title="bbox 2173 2500 3751 2572">
     <span class='ocr_line' id='line_1_54' title="bbox 2173 2500 3751 2572; baseline -0.001 -17"><span class='ocrx_word' id='word_1_367' title='bbox 2173 2500 2298 2568; x_wconf 85' lang='grc' dir='ltr'>τοῖς</span> <span class='ocrx_word' id='word_1_368' title='bbox 2343 2502 2588 2572; x_wconf 75' lang='grc' dir='ltr'>ἀγαθοῖς</span> <span class='ocrx_word' id='word_1_369' title='bbox 2628 2504 2816 2558; x_wconf 85' lang='grc' dir='ltr'>αὐτοῦ</span> <span class='ocrx_word' id='word_1_370' title='bbox 2858 2505 2952 2558; x_wconf 80' lang='grc' dir='ltr'><strong>ἐπ’</strong></span> <span class='ocrx_word' id='word_1_371' title='bbox 3001 2503 3281 2572; x_wconf 80' lang='grc' dir='ltr'><strong>ἐσχάτων</strong></span> <span class='ocrx_word' id='word_1_372' title='bbox 3332 2502 3452 2556; x_wconf 72' lang='grc' dir='ltr'><strong>τῶν</strong></span> <span class='ocrx_word' id='word_1_373' title='bbox 3497 2501 3751 2571; x_wconf 72' lang='grc' dir='ltr'><strong>ἡμερῶν.</strong></span> 
     </span>
    </p>
   </div>
   <div class='ocr_carea' id='block_1_55' title="bbox 2243 2591 3755 2666">
    <p class='ocr_par' dir='ltr' id='par_1_55' title="bbox 2243 2591 3755 2666">
     <span class='ocr_line' id='line_1_55' title="bbox 2243 2591 3755 2666; baseline -0.002 -20"><span class='ocrx_word' id='word_1_374' title='bbox 2243 2592 2366 2648; x_wconf 73' lang='lat' dir='ltr'><strong>AA&#39;.</strong></span> <span class='ocrx_word' id='word_1_375' title='bbox 2408 2595 2593 2666; x_wconf 75' lang='grc' dir='ltr'>Σαφῆς</span> <span class='ocrx_word' id='word_1_376' title='bbox 2652 2595 2745 2648; x_wconf 78' lang='grc' dir='ltr'><strong>καὶ</strong></span> <span class='ocrx_word' id='word_1_377' title='bbox 2775 2594 3162 2665; x_wconf 81' lang='grc' dir='ltr'><strong>ἀναμφιλόγως</strong></span> <span class='ocrx_word' id='word_1_378' title='bbox 3200 2593 3400 2663; x_wconf 80' lang='grc' dir='ltr'>ἔχουσα.</span> <span class='ocrx_word' id='word_1_379' title='bbox 3443 2592 3648 2658; x_wconf 73' lang='grc' dir='ltr'>λοιπὸν,</span> <span class='ocrx_word' id='word_1_380' title='bbox 3678 2591 3755 2655; x_wconf 80' lang='grc' dir='ltr'>ὡς</span> 
     </span>
    </p>
   </div>
   <div class='ocr_carea' id='block_1_56' title="bbox 2175 2676 3755 2758">
    <p class='ocr_par' dir='ltr' id='par_1_56' title="bbox 2175 2676 3755 2758">
     <span class='ocr_line' id='line_1_56' title="bbox 2175 2676 3755 2758; baseline -0.002 -20"><span class='ocrx_word' id='word_1_381' title='bbox 2175 2683 2232 2738; x_wconf 78' lang='grc' dir='ltr'><strong>ἐν</strong></span> <span class='ocrx_word' id='word_1_382' title='bbox 2251 2702 2316 2754; x_wconf 88' lang='grc' dir='ltr'><strong>γε</strong></span> <span class='ocrx_word' id='word_1_383' title='bbox 2342 2685 2407 2757; x_wconf 81' lang='grc' dir='ltr'>δὴ</span> <span class='ocrx_word' id='word_1_384' title='bbox 2423 2682 2668 2750; x_wconf 74' lang='grc' dir='ltr'>τούτοις,</span> <span class='ocrx_word' id='word_1_385' title='bbox 2693 2689 2726 2758; x_wconf 93' lang='grc' dir='ltr'><strong>ή</strong></span> <span class='ocrx_word' id='word_1_386' title='bbox 2760 2686 2992 2756; x_wconf 81' lang='grc' dir='ltr'><strong>δήλωσις</strong></span> <span class='ocrx_word' id='word_1_387' title='bbox 3007 2676 3101 2740; x_wconf 71' lang='grc' dir='ltr'>τοῧ</span> <span class='ocrx_word' id='word_1_388' title='bbox 3124 2687 3222 2756; x_wconf 76' lang='grc' dir='ltr'>τὴν</span> <span class='ocrx_word' id='word_1_389' title='bbox 3259 2683 3537 2756; x_wconf 74' lang='grc' dir='ltr'>μοιχαλίδα</span> <span class='ocrx_word' id='word_1_390' title='bbox 3562 2701 3755 2753; x_wconf 87' lang='grc' dir='ltr'>παρει-</span> 
     </span>
    </p>
   </div>
   <div class='ocr_carea' id='block_1_57' title="bbox 2173 2773 3759 2848">
    <p class='ocr_par' dir='ltr' id='par_1_57' title="bbox 2173 2773 3759 2848">
     <span class='ocr_line' id='line_1_57' title="bbox 2173 2773 3759 2848; baseline -0.001 -20"><span class='ocrx_word' id='word_1_391' title='bbox 2173 2773 2396 2846; x_wconf 86' lang='grc' dir='ltr'>λῆφθαι,</span> <span class='ocrx_word' id='word_1_392' title='bbox 2432 2776 2525 2828; x_wconf 75' lang='grc' dir='ltr'><strong>καὶ</strong></span> <span class='ocrx_word' id='word_1_393' title='bbox 2557 2777 2692 2830; x_wconf 79' lang='grc' dir='ltr'>οἴκοι</span> <span class='ocrx_word' id='word_1_394' title='bbox 2727 2775 2910 2847; x_wconf 86' lang='grc' dir='ltr'>μένειν</span> <span class='ocrx_word' id='word_1_395' title='bbox 2947 2777 3160 2848; x_wconf 77' lang='grc' dir='ltr'>ἡμέρας</span> <span class='ocrx_word' id='word_1_396' title='bbox 3189 2777 3410 2839; x_wconf 77' lang='grc' dir='ltr'>πολλὰς,</span> <span class='ocrx_word' id='word_1_397' title='bbox 3440 2775 3600 2846; x_wconf 82' lang='grc' dir='ltr'>ἄχρις</span> <span class='ocrx_word' id='word_1_398' title='bbox 3631 2774 3698 2828; x_wconf 82' lang='grc' dir='ltr'>ἂν</span> <span class='ocrx_word' id='word_1_399' title='bbox 3727 2776 3759 2827; x_wconf 89' lang='grc' dir='ltr'>ὁ</span> 
     </span>
    </p>
   </div>
   <div class='ocr_carea' id='block_1_58' title="bbox 2177 2863 3752 2936">
    <p class='ocr_par' dir='ltr' id='par_1_58' title="bbox 2177 2863 3752 2936">
     <span class='ocr_line' id='line_1_58' title="bbox 2177 2863 3752 2936; baseline -0.002 -18"><span class='ocrx_word' id='word_1_400' title='bbox 2177 2865 2461 2935; x_wconf 82' lang='grc' dir='ltr'><strong>προφήτης</strong></span> <span class='ocrx_word' id='word_1_401' title='bbox 2507 2865 2592 2916; x_wconf 72' lang='grc' dir='ltr'><strong>ἐπ’</strong></span> <span class='ocrx_word' id='word_1_402' title='bbox 2632 2865 2768 2935; x_wconf 79' lang='grc' dir='ltr'>αὐτῇ</span> <span class='ocrx_word' id='word_1_403' title='bbox 2821 2865 3048 2934; x_wconf 85' lang='grc' dir='ltr'>γένοιτο.</span> <span class='ocrx_word' id='word_1_404' title='bbox 3086 2866 3398 2936; x_wconf 82' lang='grc' dir='ltr'>Γέγραπται</span> <span class='ocrx_word' id='word_1_405' title='bbox 3459 2865 3568 2934; x_wconf 75' lang='grc' dir='ltr'><strong>γὰρ</strong></span> <span class='ocrx_word' id='word_1_406' title='bbox 3615 2863 3709 2916; x_wconf 85' lang='grc' dir='ltr'><strong>ὡδί</strong></span> <span class='ocrx_word' id='word_1_407' title='bbox 3737 2881 3752 2894; x_wconf 79' lang='grc' dir='ltr'><strong>ο</strong></span> 
     </span>
    </p>
   </div>
   <div class='ocr_carea' id='block_1_59' title="bbox 2176 2950 3757 3026">
    <p class='ocr_par' dir='ltr' id='par_1_59' title="bbox 2176 2950 3757 3026">
     <span class='ocr_line' id='line_1_59' title="bbox 2176 2950 3757 3026; baseline 0 -20"><span class='ocrx_word' id='word_1_408' title='bbox 2176 2953 2524 3018; x_wconf 82' lang='grc' dir='ltr'>ὑποτύπωσις</span> <span class='ocrx_word' id='word_1_409' title='bbox 2574 2955 2632 3007; x_wconf 82' lang='grc' dir='ltr'>δὲ</span> <span class='ocrx_word' id='word_1_410' title='bbox 2681 2955 2742 3007; x_wconf 81' lang='grc' dir='ltr'>τὸ</span> <span class='ocrx_word' id='word_1_411' title='bbox 2795 2955 3071 3026; x_wconf 83' lang='grc' dir='ltr'>δρώμενον</span> <span class='ocrx_word' id='word_1_412' title='bbox 3108 2950 3176 3025; x_wconf 75' lang='grc' dir='ltr'>ἦν</span> <span class='ocrx_word' id='word_1_413' title='bbox 3216 2954 3311 3007; x_wconf 79' lang='grc' dir='ltr'>τοῦ</span> <span class='ocrx_word' id='word_1_414' title='bbox 3347 2955 3490 3008; x_wconf 79' lang='grc' dir='ltr'><strong>κατὰ</strong></span> <span class='ocrx_word' id='word_1_415' title='bbox 3515 2955 3757 3025; x_wconf 69' lang='grc' dir='ltr'>καιροὺς</span> 
     </span>
    </p>
   </div>
   <div class='ocr_carea' id='block_1_60' title="bbox 2178 3043 3757 3120">
    <p class='ocr_par' dir='ltr' id='par_1_60' title="bbox 2178 3043 3757 3120">
     <span class='ocr_line' id='line_1_60' title="bbox 2178 3043 3757 3120; baseline 0.001 -23"><span class='ocrx_word' id='word_1_416' title='bbox 2178 3043 2442 3118; x_wconf 80' lang='grc' dir='ltr'>ὑπάρξειν</span> <span class='ocrx_word' id='word_1_417' title='bbox 2481 3046 2763 3116; x_wconf 86' lang='grc' dir='ltr'>μέλλοντος</span> <span class='ocrx_word' id='word_1_418' title='bbox 2797 3051 2862 3118; x_wconf 81' lang='grc' dir='ltr'><strong>τῇ</strong></span> <span class='ocrx_word' id='word_1_419' title='bbox 2906 3046 3314 3120; x_wconf 81' lang='grc' dir='ltr'>μεμοιχευμένῃ</span> <span class='ocrx_word' id='word_1_420' title='bbox 3341 3047 3450 3099; x_wconf 84' lang='grc' dir='ltr'>τῶν</span> <span class='ocrx_word' id='word_1_421' title='bbox 3490 3046 3757 3099; x_wconf 81' lang='grc' dir='ltr'>Ἰουδαίων</span> 
     </span>
    </p>
   </div>
   <div class='ocr_carea' id='block_1_61' title="bbox 2177 3137 3756 3211">
    <p class='ocr_par' dir='ltr' id='par_1_61' title="bbox 2177 3137 3756 3211">
     <span class='ocr_line' id='line_1_61' title="bbox 2177 3137 3756 3211; baseline 0.002 -23"><span class='ocrx_word' id='word_1_422' title='bbox 2177 3137 2496 3209; x_wconf 80' lang='grc' dir='ltr'><strong>Συναγωγῇ.</strong></span> <span class='ocrx_word' id='word_1_423' title='bbox 2560 3137 2776 3209; x_wconf 81' lang='grc' dir='ltr'>Ἐπειδὴ</span> <span class='ocrx_word' id='word_1_424' title='bbox 2831 3139 2939 3211; x_wconf 80' lang='grc' dir='ltr'>γὰρ</span> <span class='ocrx_word' id='word_1_425' title='bbox 2991 3137 3270 3208; x_wconf 76' lang='grc' dir='ltr'>ἐθελοντὴς</span> <span class='ocrx_word' id='word_1_426' title='bbox 3325 3137 3415 3191; x_wconf 77' lang='grc' dir='ltr'>τὸν</span> <span class='ocrx_word' id='word_1_427' title='bbox 3471 3138 3608 3209; x_wconf 79' lang='grc' dir='ltr'>ὑπὲρ</span> <span class='ocrx_word' id='word_1_428' title='bbox 3655 3139 3756 3204; x_wconf 83' lang='grc' dir='ltr'><strong>τῆς</strong></span> 
     </span>
    </p>
   </div>
   <div class='ocr_carea' id='block_1_62' title="bbox 506 3213 2079 3311">
    <p class='ocr_par' dir='ltr' id='par_1_62' title="bbox 506 3213 2071 3291">
     <span class='ocr_line' id='line_1_62' title="bbox 506 3213 2071 3291; baseline -0.015 -4"><span class='ocrx_word' id='word_1_429' title='bbox 506 3231 678 3287; x_wconf 87' lang='lat' dir='ltr'><strong>nostri</strong></span> <span class='ocrx_word' id='word_1_430' title='bbox 717 3227 846 3284; x_wconf 79' lang='lat' dir='ltr'><strong>Jesu</strong></span> <span class='ocrx_word' id='word_1_431' title='bbox 875 3223 1079 3281; x_wconf 84' lang='lat' dir='ltr'><strong>Christi</strong></span> <span class='ocrx_word' id='word_1_432' title='bbox 1101 3229 1292 3291; x_wconf 89' lang='lat' dir='ltr'><strong>sponte</strong></span> <span class='ocrx_word' id='word_1_433' title='bbox 1326 3233 1424 3275; x_wconf 88' lang='lat' dir='ltr'><strong>sua</strong></span> <span class='ocrx_word' id='word_1_434' title='bbox 1449 3232 1668 3273; x_wconf 88' lang='lat' dir='ltr'><strong>crucem</strong></span> <span class='ocrx_word' id='word_1_435' title='bbox 1706 3230 1804 3286; x_wconf 90' lang='lat' dir='ltr'><strong>pro</strong></span> <span class='ocrx_word' id='word_1_436' title='bbox 1829 3213 2071 3271; x_wconf 90' lang='lat' dir='ltr'><strong>omnium</strong></span> 
     </span>
    </p>
   </div>
   <div class='ocr_carea' id='block_1_63' title="bbox 2177 3213 3756 3311">
    <p class='ocr_par' dir='ltr' id='par_1_63' title="bbox 2180 3228 3756 3300">
     <span class='ocr_line' id='line_1_63' title="bbox 2180 3228 3756 3300; baseline 0 -19"><span class='ocrx_word' id='word_1_437' title='bbox 2180 3228 2435 3282; x_wconf 85' lang='grc' dir='ltr'>ἁπάντων</span> <span class='ocrx_word' id='word_1_438' title='bbox 2471 3230 2742 3300; x_wconf 81' lang='grc' dir='ltr'><strong>σωτηρίας</strong></span> <span class='ocrx_word' id='word_1_439' title='bbox 2777 3229 3164 3300; x_wconf 79' lang='grc' dir='ltr'>ὑπομεμένηκε</span> <span class='ocrx_word' id='word_1_440' title='bbox 3203 3230 3435 3298; x_wconf 83' lang='grc' dir='ltr'>σταυρὸν</span> <span class='ocrx_word' id='word_1_441' title='bbox 3477 3232 3505 3283; x_wconf 81' lang='grc' dir='ltr'>ὁ</span> <span class='ocrx_word' id='word_1_442' title='bbox 3555 3229 3756 3300; x_wconf 85' lang='grc' dir='ltr'>Κύριος</span> 
     </span>
    </p>
   </div>
   <div class='ocr_carea' id='block_1_64' title="bbox 502 3307 2072 3392">
    <p class='ocr_par' dir='ltr' id='par_1_64' title="bbox 502 3307 2072 3392">
     <span class='ocr_line' id='line_1_64' title="bbox 502 3307 2072 3392; baseline -0.013 -12"><span class='ocrx_word' id='word_1_443' title='bbox 502 3324 680 3380; x_wconf 86' lang='lat' dir='ltr'><strong>salute</strong></span> <span class='ocrx_word' id='word_1_444' title='bbox 711 3317 958 3392; x_wconf 88' lang='lat' dir='ltr'><strong>pertulit.</strong></span> <span class='ocrx_word' id='word_1_445' title='bbox 998 3313 1349 3371; x_wconf 87' lang='lat' dir='ltr'><strong>debacchatis</strong></span> <span class='ocrx_word' id='word_1_446' title='bbox 1381 3311 1432 3365; x_wconf 94' lang='lat' dir='ltr'><strong>in</strong></span> <span class='ocrx_word' id='word_1_447' title='bbox 1457 3310 1604 3364; x_wconf 90' lang='lat' dir='ltr'><strong>illum</strong></span> <span class='ocrx_word' id='word_1_448' title='bbox 1627 3307 1916 3373; x_wconf 84' lang='lat' dir='ltr'><strong>israelitis,</strong></span> <span class='ocrx_word' id='word_1_449' title='bbox 1943 3313 2072 3360; x_wconf 88' lang='lat' dir='ltr'><strong>tunc</strong></span> 
     </span>
    </p>
   </div>
   <div class='ocr_carea' id='block_1_65' title="bbox 504 3399 2076 3482">
    <p class='ocr_par' dir='ltr' id='par_1_65' title="bbox 504 3399 2076 3482">
     <span class='ocr_line' id='line_1_65' title="bbox 504 3399 2076 3482; baseline -0.015 -10"><span class='ocrx_word' id='word_1_450' title='bbox 504 3430 693 3473; x_wconf 87' lang='lat' dir='ltr'><strong>eorum</strong></span> <span class='ocrx_word' id='word_1_451' title='bbox 722 3411 942 3482; x_wconf 90' lang='lat' dir='ltr'><strong>regione</strong></span> <span class='ocrx_word' id='word_1_452' title='bbox 964 3407 1031 3462; x_wconf 92' lang='lat' dir='ltr'><strong>ad</strong></span> <span class='ocrx_word' id='word_1_453' title='bbox 1054 3406 1362 3461; x_wconf 86' lang='lat' dir='ltr'><strong>vastitatem</strong></span> <span class='ocrx_word' id='word_1_454' title='bbox 1393 3402 1638 3466; x_wconf 79' lang='lat' dir='ltr'><strong>redacta,</strong></span> <span class='ocrx_word' id='word_1_455' title='bbox 1674 3399 1830 3469; x_wconf 88' lang='lat' dir='ltr'><strong>quasi</strong></span> <span class='ocrx_word' id='word_1_456' title='bbox 1857 3399 1923 3454; x_wconf 88' lang='lat' dir='ltr'><strong>ad</strong></span> <span class='ocrx_word' id='word_1_457' title='bbox 1956 3411 2076 3452; x_wconf 89' lang='lat' dir='ltr'><strong>om-</strong></span> 
     </span>
    </p>
   </div>
   <div class='ocr_carea' id='block_1_66' title="bbox 506 3490 2070 3566">
    <p class='ocr_par' dir='ltr' id='par_1_66' title="bbox 506 3490 2070 3566">
     <span class='ocr_line' id='line_1_66' title="bbox 506 3490 2070 3566; baseline -0.013 -4"><span class='ocrx_word' id='word_1_458' title='bbox 506 3522 628 3563; x_wconf 90' lang='lat' dir='ltr'><strong>nem</strong></span> <span class='ocrx_word' id='word_1_459' title='bbox 654 3512 911 3566; x_wconf 87' lang='lat' dir='ltr'><strong>ventum,</strong></span> <span class='ocrx_word' id='word_1_460' title='bbox 968 3513 1062 3554; x_wconf 90' lang='lat' dir='ltr'><strong>seu</strong></span> <span class='ocrx_word' id='word_1_461' title='bbox 1118 3495 1303 3550; x_wconf 92' lang='lat' dir='ltr'><strong>mundi</strong></span> <span class='ocrx_word' id='word_1_462' title='bbox 1363 3492 1621 3563; x_wconf 89' lang='lat' dir='ltr'><strong>angulum</strong></span> <span class='ocrx_word' id='word_1_463' title='bbox 1678 3490 2070 3561; x_wconf 80' lang='lat' dir='ltr'><strong>profugerunt.</strong></span> 
     </span>
    </p>
   </div>
   <div class='ocr_carea' id='block_1_67' title="bbox 507 3581 2078 3668">
    <p class='ocr_par' dir='ltr' id='par_1_67' title="bbox 507 3581 2078 3668">
     <span class='ocr_line' id='line_1_67' title="bbox 507 3581 2078 3668; baseline -0.014 -13"><span class='ocrx_word' id='word_1_464' title='bbox 507 3597 690 3668; x_wconf 85' lang='lat' dir='ltr'><strong>Usque</strong></span> <span class='ocrx_word' id='word_1_465' title='bbox 709 3594 870 3650; x_wconf 83' lang='lat' dir='ltr'><strong>hodie</strong></span> <span class='ocrx_word' id='word_1_466' title='bbox 898 3601 1081 3646; x_wconf 89' lang='lat' dir='ltr'><strong>autem</strong></span> <span class='ocrx_word' id='word_1_467' title='bbox 1108 3586 1270 3643; x_wconf 90' lang='lat' dir='ltr'><strong>otiosi</strong></span> <span class='ocrx_word' id='word_1_468' title='bbox 1295 3593 1420 3640; x_wconf 88' lang='lat' dir='ltr'><strong>sunt</strong></span> <span class='ocrx_word' id='word_1_469' title='bbox 1449 3583 1592 3654; x_wconf 87' lang='lat' dir='ltr'><strong>quod</strong></span> <span class='ocrx_word' id='word_1_470' title='bbox 1623 3585 1691 3637; x_wconf 90' lang='lat' dir='ltr'><strong>ad</strong></span> <span class='ocrx_word' id='word_1_471' title='bbox 1741 3583 1914 3651; x_wconf 82' lang='lat' dir='ltr'><strong>legem</strong></span> <span class='ocrx_word' id='word_1_472' title='bbox 1951 3581 2078 3634; x_wconf 89' lang='lat' dir='ltr'><strong>atti-</strong></span> 
     </span>
    </p>
   </div>
   <div class='ocr_carea' id='block_1_68' title="bbox 503 3671 2074 3755">
    <p class='ocr_par' dir='ltr' id='par_1_68' title="bbox 503 3671 2074 3755">
     <span class='ocr_line' id='line_1_68' title="bbox 503 3671 2074 3755; baseline -0.013 -10"><span class='ocrx_word' id='word_1_473' title='bbox 503 3699 646 3755; x_wconf 85' lang='lat' dir='ltr'><strong>net,</strong></span> <span class='ocrx_word' id='word_1_474' title='bbox 691 3686 1023 3741; x_wconf 82' lang='lat' dir='ltr'><strong>inﬂammato</strong></span> <span class='ocrx_word' id='word_1_475' title='bbox 1069 3679 1286 3748; x_wconf 89' lang='lat' dir='ltr'><strong>quidem</strong></span> <span class='ocrx_word' id='word_1_476' title='bbox 1330 3674 1530 3746; x_wconf 90' lang='lat' dir='ltr'><strong>templo</strong></span> <span class='ocrx_word' id='word_1_477' title='bbox 1574 3671 2028 3744; x_wconf 86' lang='lat' dir='ltr'><strong>Jerosolymitano</strong></span> <span class='ocrx_word' id='word_1_478' title='bbox 2057 3707 2074 3734; x_wconf 91' lang='lat'><strong>,</strong></span> 
     </span>
    </p>
   </div>
   <div class='ocr_carea' id='block_1_69' title="bbox 503 3765 2076 3842">
    <p class='ocr_par' dir='ltr' id='par_1_69' title="bbox 503 3765 2076 3842">
     <span class='ocr_line' id='line_1_69' title="bbox 503 3765 2076 3842; baseline -0.014 -7"><span class='ocrx_word' id='word_1_479' title='bbox 503 3792 694 3836; x_wconf 84' lang='lat' dir='ltr'><strong>everso</strong></span> <span class='ocrx_word' id='word_1_480' title='bbox 733 3774 914 3842; x_wconf 86' lang='lat' dir='ltr'><strong>altari,</strong></span> <span class='ocrx_word' id='word_1_481' title='bbox 968 3771 1178 3827; x_wconf 86' lang='lat' dir='ltr'><strong>sublato</strong></span> <span class='ocrx_word' id='word_1_482' title='bbox 1209 3765 1503 3828; x_wconf 78' lang='lat' dir='ltr'><strong>sacriﬁcio,</strong></span> <span class='ocrx_word' id='word_1_483' title='bbox 1553 3773 1608 3817; x_wconf 88' lang='lat' dir='ltr'><strong>et</strong></span> <span class='ocrx_word' id='word_1_484' title='bbox 1635 3769 1866 3817; x_wconf 88' lang='lat' dir='ltr'><strong>vacante</strong></span> <span class='ocrx_word' id='word_1_485' title='bbox 1892 3774 2076 3815; x_wconf 85' lang='lat' dir='ltr'><strong>sacer-</strong></span> 
     </span>
    </p>
   </div>
   <div class='ocr_carea' id='block_1_70' title="bbox 505 3850 2101 3934">
    <p class='ocr_par' dir='ltr' id='par_1_70' title="bbox 505 3850 2101 3934">
     <span class='ocr_line' id='line_1_70' title="bbox 505 3850 2101 3934; baseline -0.015 -8"><span class='ocrx_word' id='word_1_486' title='bbox 505 3869 674 3933; x_wconf 89' lang='lat' dir='ltr'><strong>dotio,</strong></span> <span class='ocrx_word' id='word_1_487' title='bbox 708 3880 809 3921; x_wconf 89' lang='lat' dir='ltr'><strong>nec</strong></span> <span class='ocrx_word' id='word_1_488' title='bbox 832 3860 1222 3934; x_wconf 88' lang='lat' dir='ltr'><strong>apparentibus</strong></span> <span class='ocrx_word' id='word_1_489' title='bbox 1244 3856 1475 3925; x_wconf 90' lang='lat' dir='ltr'><strong>amplius</strong></span> <span class='ocrx_word' id='word_1_490' title='bbox 1502 3853 1808 3908; x_wconf 80' lang='lat' dir='ltr'><strong>manifeStis</strong></span> <span class='ocrx_word' id='word_1_491' title='bbox 1829 3851 1900 3905; x_wconf 82' lang='lat'><strong>“.</strong></span> <span class='ocrx_word' id='word_1_492' title='bbox 1932 3850 2067 3904; x_wconf 84' lang='lat' dir='ltr'><strong>Nam</strong></span> <span class='ocrx_word' id='word_1_493' title='bbox 2092 3859 2101 3873; x_wconf 61' lang='grc' dir='ltr'>ι</span> 
     </span>
    </p>
   </div>
   <div class='ocr_carea' id='block_1_71' title="bbox 504 3943 2077 4019">
    <p class='ocr_par' dir='ltr' id='par_1_71' title="bbox 504 3943 2077 4019">
     <span class='ocr_line' id='line_1_71' title="bbox 504 3943 2077 4019; baseline -0.013 -2"><span class='ocrx_word' id='word_1_494' title='bbox 504 3976 630 4018; x_wconf 88' lang='lat' dir='ltr'><strong>cum</strong></span> <span class='ocrx_word' id='word_1_495' title='bbox 659 3974 765 4015; x_wconf 91' lang='lat' dir='ltr'><strong>non</strong></span> <span class='ocrx_word' id='word_1_496' title='bbox 804 3965 950 4012; x_wconf 86' lang='lat' dir='ltr'><strong>esset</strong></span> <span class='ocrx_word' id='word_1_497' title='bbox 973 3967 1217 4010; x_wconf 90' lang='lat' dir='ltr'><strong>summus</strong></span> <span class='ocrx_word' id='word_1_498' title='bbox 1259 3948 1514 4004; x_wconf 87' lang='lat' dir='ltr'><strong>sacerdos</strong></span> <span class='ocrx_word' id='word_1_499' title='bbox 1540 3947 1650 4019; x_wconf 74' lang='lat'><strong>62</strong></span> <span class='ocrx_word' id='word_1_500' title='bbox 1688 3961 1788 4018; x_wconf 91' lang='lat' dir='ltr'><strong>pro</strong></span> <span class='ocrx_word' id='word_1_501' title='bbox 1816 3943 2077 4016; x_wconf 90' lang='lat' dir='ltr'><strong>dignitate</strong></span> 
     </span>
    </p>
   </div>
   <div class='ocr_carea' id='block_1_72' title="bbox 502 4041 2077 4113">
    <p class='ocr_par' dir='ltr' id='par_1_72' title="bbox 502 4041 2077 4113">
     <span class='ocr_line' id='line_1_72' title="bbox 502 4041 2077 4113; baseline -0.012 -5"><span class='ocrx_word' id='word_1_502' title='bbox 502 4049 824 4108; x_wconf 77' lang='lat' dir='ltr'><strong>sacerdotali</strong></span> <span class='ocrx_word' id='word_1_503' title='bbox 855 4047 1150 4104; x_wconf 86' lang='lat' dir='ltr'><strong>secundum</strong></span> <span class='ocrx_word' id='word_1_504' title='bbox 1196 4044 1366 4113; x_wconf 86' lang='lat' dir='ltr'><strong>legem</strong></span> <span class='ocrx_word' id='word_1_505' title='bbox 1393 4041 1638 4096; x_wconf 88' lang='lat' dir='ltr'><strong>vestibus</strong></span> <span class='ocrx_word' id='word_1_506' title='bbox 1665 4046 1911 4103; x_wconf 88' lang='lat' dir='ltr'><strong>ornatus,</strong></span> <span class='ocrx_word' id='word_1_507' title='bbox 1941 4049 2077 4106; x_wconf 91' lang='lat' dir='ltr'><strong>quo-</strong></span> 
     </span>
    </p>
   </div>
   <div class='ocr_carea' id='block_1_73' title="bbox 505 4127 2076 4207">
    <p class='ocr_par' dir='ltr' id='par_1_73' title="bbox 505 4127 2076 4207">
     <span class='ocr_line' id='line_1_73' title="bbox 505 4127 2076 4207; baseline -0.012 -11"><span class='ocrx_word' id='word_1_508' title='bbox 505 4141 666 4198; x_wconf 84' lang='lat' dir='ltr'><strong>modo</strong></span> <span class='ocrx_word' id='word_1_509' title='bbox 689 4139 805 4207; x_wconf 88' lang='lat' dir='ltr'><strong>jam</strong></span> <span class='ocrx_word' id='word_1_510' title='bbox 839 4134 1158 4192; x_wconf 84' lang='lat' dir='ltr'><strong>manifestos</strong></span> <span class='ocrx_word' id='word_1_511' title='bbox 1209 4132 1395 4186; x_wconf 90' lang='lat' dir='ltr'><strong>videre</strong></span> <span class='ocrx_word' id='word_1_512' title='bbox 1431 4129 1689 4184; x_wconf 80' lang='lat' dir='ltr'><strong>licebat?</strong></span> <span class='ocrx_word' id='word_1_513' title='bbox 1739 4127 1841 4195; x_wconf 85' lang='lat' dir='ltr'><strong>Qui</strong></span> <span class='ocrx_word' id='word_1_514' title='bbox 1893 4135 2076 4181; x_wconf 90' lang='lat' dir='ltr'><strong>autem</strong></span> 
     </span>
    </p>
   </div>
   <div class='ocr_carea' id='block_1_74' title="bbox 502 4219 2070 4304">
    <p class='ocr_par' dir='ltr' id='par_1_74' title="bbox 502 4219 2070 4304">
     <span class='ocr_line' id='line_1_74' title="bbox 502 4219 2070 4304; baseline -0.011 -17"><span class='ocrx_word' id='word_1_515' title='bbox 502 4233 652 4304; x_wconf 83' lang='grc' dir='ltr'>δῆλοι</span> <span class='ocrx_word' id='word_1_516' title='bbox 681 4227 904 4300; x_wconf 90' lang='lat' dir='ltr'><strong>putandi</strong></span> <span class='ocrx_word' id='word_1_517' title='bbox 929 4228 1059 4289; x_wconf 89' lang='lat' dir='ltr'><strong>sint,</strong></span> <span class='ocrx_word' id='word_1_518' title='bbox 1086 4224 1256 4289; x_wconf 90' lang='lat' dir='ltr'><strong>novit,</strong></span> <span class='ocrx_word' id='word_1_519' title='bbox 1285 4223 1473 4288; x_wconf 89' lang='lat' dir='ltr'><strong>credo,</strong></span> <span class='ocrx_word' id='word_1_520' title='bbox 1505 4221 1750 4277; x_wconf 88' lang='lat' dir='ltr'><strong>discendi</strong></span> <span class='ocrx_word' id='word_1_521' title='bbox 1776 4219 2070 4282; x_wconf 86' lang='lat' dir='ltr'><strong>studiosus;</strong></span> 
     </span>
    </p>
   </div>
   <div class='ocr_carea' id='block_1_75' title="bbox 502 4311 2076 4391">
    <p class='ocr_par' dir='ltr' id='par_1_75' title="bbox 502 4311 2076 4391">
     <span class='ocr_line' id='line_1_75' title="bbox 502 4311 2076 4391; baseline -0.01 -12"><span class='ocrx_word' id='word_1_522' title='bbox 502 4325 743 4379; x_wconf 87' lang='lat' dir='ltr'><strong>breviter</strong></span> <span class='ocrx_word' id='word_1_523' title='bbox 772 4332 1064 4391; x_wconf 75' lang='lat' dir='ltr'><strong>suggerere</strong></span> <span class='ocrx_word' id='word_1_524' title='bbox 1097 4331 1205 4371; x_wconf 90' lang='lat' dir='ltr'><strong>non</strong></span> <span class='ocrx_word' id='word_1_525' title='bbox 1237 4315 1347 4370; x_wconf 89' lang='lat' dir='ltr'><strong>erit</strong></span> <span class='ocrx_word' id='word_1_526' title='bbox 1393 4314 1492 4369; x_wconf 84' lang='lat' dir='ltr'><strong>abs</strong></span> <span class='ocrx_word' id='word_1_527' title='bbox 1527 4327 1607 4369; x_wconf 89' lang='lat' dir='ltr'><strong>re.</strong></span> <span class='ocrx_word' id='word_1_528' title='bbox 1633 4312 1864 4380; x_wconf 85' lang='lat' dir='ltr'><strong>Quando</strong></span> <span class='ocrx_word' id='word_1_529' title='bbox 1894 4311 1962 4366; x_wconf 89' lang='lat' dir='ltr'><strong>ad</strong></span> <span class='ocrx_word' id='word_1_530' title='bbox 1994 4325 2076 4364; x_wconf 89' lang='lat' dir='ltr'><strong>sa-</strong></span> 
     </span>
    </p>
   </div>
   <div class='ocr_carea' id='block_1_76' title="bbox 501 4407 2077 4481">
    <p class='ocr_par' dir='ltr' id='par_1_76' title="bbox 501 4407 2077 4481">
     <span class='ocr_line' id='line_1_76' title="bbox 501 4407 2077 4481; baseline -0.009 -9"><span class='ocrx_word' id='word_1_531' title='bbox 501 4416 740 4472; x_wconf 89' lang='lat' dir='ltr'><strong>cerdotis</strong></span> <span class='ocrx_word' id='word_1_532' title='bbox 764 4423 1017 4468; x_wconf 90' lang='lat' dir='ltr'><strong>ornatum</strong></span> <span class='ocrx_word' id='word_1_533' title='bbox 1052 4408 1380 4481; x_wconf 84' lang='lat' dir='ltr'><strong>pertinentia</strong></span> <span class='ocrx_word' id='word_1_534' title='bbox 1434 4407 1550 4461; x_wconf 82' lang='lat' dir='ltr'><strong>ﬁeri</strong></span> <span class='ocrx_word' id='word_1_535' title='bbox 1604 4407 1752 4461; x_wconf 91' lang='lat' dir='ltr'><strong>Deus</strong></span> <span class='ocrx_word' id='word_1_536' title='bbox 1795 4407 2077 4461; x_wconf 87' lang='lat' dir='ltr'><strong>universo-</strong></span> 
     </span>
    </p>
   </div>
   <div class='ocr_carea' id='block_1_77' title="bbox 503 4497 2078 4577">
    <p class='ocr_par' dir='ltr' id='par_1_77' title="bbox 503 4497 2078 4577">
     <span class='ocr_line' id='line_1_77' title="bbox 503 4497 2078 4577; baseline -0.005 -15"><span class='ocrx_word' id='word_1_537' title='bbox 503 4523 622 4562; x_wconf 88' lang='lat' dir='ltr'><strong>rum</strong></span> <span class='ocrx_word' id='word_1_538' title='bbox 644 4506 833 4577; x_wconf 87' lang='lat' dir='ltr'><strong>jussit,</strong></span> <span class='ocrx_word' id='word_1_539' title='bbox 857 4513 1050 4560; x_wconf 91' lang='lat' dir='ltr'><strong>sancto</strong></span> <span class='ocrx_word' id='word_1_540' title='bbox 1075 4500 1246 4571; x_wconf 83' lang='lat' dir='ltr'><strong>Moysi</strong></span> <span class='ocrx_word' id='word_1_541' title='bbox 1273 4501 1404 4554; x_wconf 90' lang='lat' dir='ltr'><strong>dicit</strong></span> <span class='ocrx_word' id='word_1_542' title='bbox 1434 4514 1449 4552; x_wconf 89' lang='lat'><strong>:</strong></span> <span class='ocrx_word' id='word_1_543' title='bbox 1487 4517 1506 4552; x_wconf 85' lang='grc' dir='ltr'>ι</span> <span class='ocrx_word' id='word_1_544' title='bbox 1540 4499 1604 4554; x_wconf 87' lang='lat' dir='ltr'><strong>Et</strong></span> <span class='ocrx_word' id='word_1_545' title='bbox 1625 4497 1791 4554; x_wconf 76' lang='lat' dir='ltr'><strong>iacies</strong></span> <span class='ocrx_word' id='word_1_546' title='bbox 1814 4497 2078 4554; x_wconf 92' lang='lat' dir='ltr'><strong>rationale</strong></span> 
     </span>
    </p>
   </div>
   <div class='ocr_carea' id='block_1_78' title="bbox 2178 3318 3759 3392">
    <p class='ocr_par' dir='ltr' id='par_1_78' title="bbox 2178 3318 3759 3392">
     <span class='ocr_line' id='line_1_78' title="bbox 2178 3318 3759 3392; baseline 0.003 -20"><span class='ocrx_word' id='word_1_547' title='bbox 2178 3318 2334 3390; x_wconf 82' lang='grc' dir='ltr'>ἡμῶν</span> <span class='ocrx_word' id='word_1_548' title='bbox 2377 3319 2580 3391; x_wconf 80' lang='grc' dir='ltr'>Ἰησοῦς</span> <span class='ocrx_word' id='word_1_549' title='bbox 2613 3321 2866 3391; x_wconf 73' lang='grc' dir='ltr'>Χριστὸς,</span> <span class='ocrx_word' id='word_1_550' title='bbox 2902 3321 3424 3392; x_wconf 81' lang='grc' dir='ltr'>ὲμπαροινησάντων</span> <span class='ocrx_word' id='word_1_551' title='bbox 3466 3320 3618 3392; x_wconf 85' lang='grc' dir='ltr'>αὐτῷ</span> <span class='ocrx_word' id='word_1_552' title='bbox 3648 3321 3759 3376; x_wconf 80' lang='grc' dir='ltr'>τῶν</span> 
     </span>
    </p>
   </div>
   <div class='ocr_carea' id='block_1_79' title="bbox 2177 3410 3756 3484">
    <p class='ocr_par' dir='ltr' id='par_1_79' title="bbox 2177 3410 3756 3484">
     <span class='ocr_line' id='line_1_79' title="bbox 2177 3410 3756 3484; baseline 0.001 -20"><span class='ocrx_word' id='word_1_553' title='bbox 2177 3410 2238 3475; x_wconf 78' lang='grc' dir='ltr'><strong>ἐξ</strong></span> <span class='ocrx_word' id='word_1_554' title='bbox 2283 3410 2517 3482; x_wconf 76' lang='grc' dir='ltr'>Ἰσραὴλ,</span> <span class='ocrx_word' id='word_1_555' title='bbox 2550 3412 2670 3464; x_wconf 78' lang='grc' dir='ltr'>τότε</span> <span class='ocrx_word' id='word_1_556' title='bbox 2715 3411 2801 3481; x_wconf 83' lang='grc' dir='ltr'>δὴ,</span> <span class='ocrx_word' id='word_1_557' title='bbox 2826 3412 2946 3464; x_wconf 85' lang='grc' dir='ltr'>τότε</span> <span class='ocrx_word' id='word_1_558' title='bbox 2979 3411 3419 3484; x_wconf 76' lang='grc' dir='ltr'>καταδῃωθείσης</span> <span class='ocrx_word' id='word_1_559' title='bbox 3451 3413 3632 3474; x_wconf 82' lang='grc' dir='ltr'>αὐτοῖς</span> <span class='ocrx_word' id='word_1_560' title='bbox 3658 3413 3756 3484; x_wconf 84' lang='grc' dir='ltr'><strong>τῆς</strong></span> 
     </span>
    </p>
   </div>
   <div class='ocr_carea' id='block_1_80' title="bbox 2177 3499 3756 3574">
    <p class='ocr_par' dir='ltr' id='par_1_80' title="bbox 2177 3499 3756 3574">
     <span class='ocr_line' id='line_1_80' title="bbox 2177 3499 3756 3574; baseline 0.001 -22"><span class='ocrx_word' id='word_1_561' title='bbox 2177 3499 2380 3572; x_wconf 81' lang='grc' dir='ltr'>χώρας,</span> <span class='ocrx_word' id='word_1_562' title='bbox 2403 3500 2608 3571; x_wconf 74' lang='grc' dir='ltr'>ᾤχοντο</span> <span class='ocrx_word' id='word_1_563' title='bbox 2645 3502 2742 3571; x_wconf 79' lang='grc' dir='ltr'><strong>μὲν</strong></span> <span class='ocrx_word' id='word_1_564' title='bbox 2769 3500 2958 3571; x_wconf 79' lang='grc' dir='ltr'>ὥσπερ</span> <span class='ocrx_word' id='word_1_565' title='bbox 2983 3503 3062 3564; x_wconf 83' lang='grc' dir='ltr'>εἰς</span> <span class='ocrx_word' id='word_1_566' title='bbox 3096 3503 3274 3555; x_wconf 88' lang='grc' dir='ltr'>πάντα</span> <span class='ocrx_word' id='word_1_567' title='bbox 3298 3503 3517 3572; x_wconf 79' lang='grc' dir='ltr'>ἄνεμον.</span> <span class='ocrx_word' id='word_1_568' title='bbox 3544 3503 3756 3574; x_wconf 72' lang='grc' dir='ltr'>Ἄπρα-</span> 
     </span>
    </p>
   </div>
   <div class='ocr_carea' id='block_1_81' title="bbox 2176 3587 3757 3667">
    <p class='ocr_par' dir='ltr' id='par_1_81' title="bbox 2176 3587 3757 3667">
     <span class='ocr_line' id='line_1_81' title="bbox 2176 3587 3757 3667; baseline 0.003 -21"><span class='ocrx_word' id='word_1_569' title='bbox 2176 3610 2294 3646; x_wconf 85' lang='grc' dir='ltr'>κτοι</span> <span class='ocrx_word' id='word_1_570' title='bbox 2339 3593 2395 3646; x_wconf 82' lang='grc' dir='ltr'>δὲ</span> <span class='ocrx_word' id='word_1_571' title='bbox 2445 3595 2538 3646; x_wconf 73' lang='grc' dir='ltr'><strong>καὶ</strong></span> <span class='ocrx_word' id='word_1_572' title='bbox 2583 3595 2664 3656; x_wconf 82' lang='grc' dir='ltr'>εἰς</span> <span class='ocrx_word' id='word_1_573' title='bbox 2702 3587 2870 3665; x_wconf 61' lang='grc' dir='ltr'>δεῦρο’</span> <span class='ocrx_word' id='word_1_574' title='bbox 2899 3595 3027 3664; x_wconf 73' lang='grc' dir='ltr'>περὶ</span> <span class='ocrx_word' id='word_1_575' title='bbox 3069 3594 3160 3647; x_wconf 74' lang='grc' dir='ltr'>τὸν</span> <span class='ocrx_word' id='word_1_576' title='bbox 3197 3595 3361 3666; x_wconf 88' lang='grc' dir='ltr'>νόμον</span> <span class='ocrx_word' id='word_1_577' title='bbox 3401 3598 3558 3663; x_wconf 80' lang='grc' dir='ltr'>είσὶν,</span> <span class='ocrx_word' id='word_1_578' title='bbox 3593 3597 3757 3667; x_wconf 78' lang='grc' dir='ltr'>ἐμπε-</span> 
     </span>
    </p>
   </div>
   <div class='ocr_carea' id='block_1_82' title="bbox 2177 3677 3752 3756">
    <p class='ocr_par' dir='ltr' id='par_1_82' title="bbox 2177 3677 3752 3756">
     <span class='ocr_line' id='line_1_82' title="bbox 2177 3677 3752 3756; baseline 0.003 -20"><span class='ocrx_word' id='word_1_579' title='bbox 2177 3683 2490 3755; x_wconf 90' lang='grc' dir='ltr'>πρησμένου</span> <span class='ocrx_word' id='word_1_580' title='bbox 2522 3683 2622 3754; x_wconf 83' lang='grc' dir='ltr'><strong>μὲν</strong></span> <span class='ocrx_word' id='word_1_581' title='bbox 2640 3682 2734 3735; x_wconf 83' lang='grc' dir='ltr'><strong>τοῦ</strong></span> <span class='ocrx_word' id='word_1_582' title='bbox 2765 3685 2822 3736; x_wconf 82' lang='grc' dir='ltr'><strong>ὲν</strong></span> <span class='ocrx_word' id='word_1_583' title='bbox 2849 3677 2960 3747; x_wconf 80' lang='grc' dir='ltr'>τοῖς</span> <span class='ocrx_word' id='word_1_584' title='bbox 3001 3682 3398 3756; x_wconf 81' lang='grc' dir='ltr'>Ἱεροσολύμοις</span> <span class='ocrx_word' id='word_1_585' title='bbox 3423 3687 3577 3751; x_wconf 73' lang='grc' dir='ltr'>ὄντος</span> <span class='ocrx_word' id='word_1_586' title='bbox 3602 3687 3752 3753; x_wconf 81' lang='grc' dir='ltr'>ναοῦ,</span> 
     </span>
    </p>
   </div>
   <div class='ocr_carea' id='block_1_83' title="bbox 2176 3774 3754 3852">
    <p class='ocr_par' dir='ltr' id='par_1_83' title="bbox 2176 3774 3754 3852">
     <span class='ocr_line' id='line_1_83' title="bbox 2176 3774 3754 3852; baseline 0.004 -24"><span class='ocrx_word' id='word_1_587' title='bbox 2176 3775 2584 3849; x_wconf 82' lang='grc' dir='ltr'>περιῃρημένου</span> <span class='ocrx_word' id='word_1_588' title='bbox 2616 3792 2676 3828; x_wconf 90' lang='grc' dir='ltr'><strong>τε</strong></span> <span class='ocrx_word' id='word_1_589' title='bbox 2703 3774 2797 3828; x_wconf 75' lang='grc' dir='ltr'><strong>τοῦ</strong></span> <span class='ocrx_word' id='word_1_590' title='bbox 2841 3775 3246 3849; x_wconf 84' lang='grc' dir='ltr'>θυσιαστηρίου,</span> <span class='ocrx_word' id='word_1_591' title='bbox 3283 3779 3376 3832; x_wconf 80' lang='grc' dir='ltr'><strong>καὶ</strong></span> <span class='ocrx_word' id='word_1_592' title='bbox 3407 3780 3754 3852; x_wconf 80' lang='grc' dir='ltr'>ἀνῃρημένης</span> 
     </span>
    </p>
   </div>
   <div class='ocr_carea' id='block_1_84' title="bbox 2176 3866 3756 3945">
    <p class='ocr_par' dir='ltr' id='par_1_84' title="bbox 2176 3866 3756 3945">
     <span class='ocr_line' id='line_1_84' title="bbox 2176 3866 3756 3945; baseline 0.006 -26"><span class='ocrx_word' id='word_1_593' title='bbox 2176 3866 2386 3932; x_wconf 83' lang='grc' dir='ltr'>θυσίας,</span> <span class='ocrx_word' id='word_1_594' title='bbox 2408 3867 2501 3920; x_wconf 68' lang='grc' dir='ltr'>καὶ</span> <span class='ocrx_word' id='word_1_595' title='bbox 2527 3866 2804 3938; x_wconf 85' lang='grc' dir='ltr'>ἀργούσης</span> <span class='ocrx_word' id='word_1_596' title='bbox 2827 3868 3146 3940; x_wconf 81' lang='grc' dir='ltr'>ἱερωσύνης,</span> <span class='ocrx_word' id='word_1_597' title='bbox 3173 3872 3266 3924; x_wconf 79' lang='grc' dir='ltr'><strong>καὶ</strong></span> <span class='ocrx_word' id='word_1_598' title='bbox 3295 3871 3471 3943; x_wconf 80' lang='grc' dir='ltr'>δήλων</span> <span class='ocrx_word' id='word_1_599' title='bbox 3491 3874 3590 3945; x_wconf 86' lang='grc' dir='ltr'><strong>οὐχ</strong></span> <span class='ocrx_word' id='word_1_600' title='bbox 3625 3877 3756 3945; x_wconf 82' lang='grc' dir='ltr'>ὁρω-</span> 
     </span>
    </p>
   </div>
   <div class='ocr_carea' id='block_1_85' title="bbox 2179 3957 3757 4032">
    <p class='ocr_par' dir='ltr' id='par_1_85' title="bbox 2179 3957 3757 4032">
     <span class='ocr_line' id='line_1_85' title="bbox 2179 3957 3757 4032; baseline 0.003 -21"><span class='ocrx_word' id='word_1_601' title='bbox 2179 3957 2378 4030; x_wconf 87' lang='grc' dir='ltr'>μένων.</span> <span class='ocrx_word' id='word_1_602' title='bbox 2411 3959 2486 4010; x_wconf 88' lang='grc' dir='ltr'><strong>Οὐ</strong></span> <span class='ocrx_word' id='word_1_603' title='bbox 2519 3958 2628 4032; x_wconf 86' lang='grc' dir='ltr'>γὰρ</span> <span class='ocrx_word' id='word_1_604' title='bbox 2657 3958 2807 4021; x_wconf 77' lang='grc' dir='ltr'>ὄντος</span> <span class='ocrx_word' id='word_1_605' title='bbox 2852 3958 3152 4031; x_wconf 82' lang='grc' dir='ltr'>ἀρχιερέως</span> <span class='ocrx_word' id='word_1_606' title='bbox 3186 3961 3526 4032; x_wconf 77' lang='grc' dir='ltr'>ἱεροπρεπῶς</span> <span class='ocrx_word' id='word_1_607' title='bbox 3571 3963 3757 4018; x_wconf 77' lang='grc' dir='ltr'>ἐσταλ-</span> 
     </span>
    </p>
   </div>
   <div class='ocr_carea' id='block_1_86' title="bbox 2179 4047 3755 4124">
    <p class='ocr_par' dir='ltr' id='par_1_86' title="bbox 2179 4047 3755 4124">
     <span class='ocr_line' id='line_1_86' title="bbox 2179 4047 3755 4124; baseline 0.004 -22"><span class='ocrx_word' id='word_1_608' title='bbox 2179 4049 2346 4119; x_wconf 88' lang='grc' dir='ltr'>μένου</span> <span class='ocrx_word' id='word_1_609' title='bbox 2379 4051 2522 4102; x_wconf 86' lang='grc' dir='ltr'>κατὰ</span> <span class='ocrx_word' id='word_1_610' title='bbox 2553 4049 2646 4103; x_wconf 84' lang='grc' dir='ltr'><strong>τὸν</strong></span> <span class='ocrx_word' id='word_1_611' title='bbox 2678 4049 2861 4120; x_wconf 87' lang='grc' dir='ltr'>νόμον,</span> <span class='ocrx_word' id='word_1_612' title='bbox 2896 4050 3015 4114; x_wconf 86' lang='grc' dir='ltr'><strong>πῶς</strong></span> <span class='ocrx_word' id='word_1_613' title='bbox 3052 4047 3123 4124; x_wconf 84' lang='grc' dir='ltr'><strong>ἦν</strong></span> <span class='ocrx_word' id='word_1_614' title='bbox 3155 4051 3235 4105; x_wconf 72' lang='grc' dir='ltr'><strong>ἔτι</strong></span> <span class='ocrx_word' id='word_1_615' title='bbox 3259 4052 3449 4124; x_wconf 84' lang='grc' dir='ltr'>δήλους</span> <span class='ocrx_word' id='word_1_616' title='bbox 3481 4054 3642 4121; x_wconf 77' lang='grc' dir='ltr'>ίδεῖνς</span> <span class='ocrx_word' id='word_1_617' title='bbox 3688 4053 3755 4108; x_wconf 83' lang='grc' dir='ltr'>Τί</span> 
     </span>
    </p>
   </div>
   <div class='ocr_carea' id='block_1_87' title="bbox 2173 4140 3752 4220">
    <p class='ocr_par' dir='ltr' id='par_1_87' title="bbox 2173 4140 3752 4220">
     <span class='ocr_line' id='line_1_87' title="bbox 2173 4140 3752 4220; baseline 0.006 -27"><span class='ocrx_word' id='word_1_618' title='bbox 2173 4140 2230 4194; x_wconf 81' lang='grc' dir='ltr'>δὲ</span> <span class='ocrx_word' id='word_1_619' title='bbox 2251 4141 2407 4194; x_wconf 76' lang='grc' dir='ltr'>καὶοί</span> <span class='ocrx_word' id='word_1_620' title='bbox 2424 4141 2575 4212; x_wconf 90' lang='grc' dir='ltr'>δῆλοι</span> <span class='ocrx_word' id='word_1_621' title='bbox 2585 4141 2887 4212; x_wconf 83' lang='grc' dir='ltr'>νομισθείεν</span> <span class='ocrx_word' id='word_1_622' title='bbox 2903 4143 2990 4209; x_wconf 87' lang='grc' dir='ltr'><strong>ἂν,</strong></span> <span class='ocrx_word' id='word_1_623' title='bbox 3004 4140 3110 4197; x_wconf 74' lang='grc' dir='ltr'>οἶδε</span> <span class='ocrx_word' id='word_1_624' title='bbox 3131 4145 3230 4215; x_wconf 80' lang='grc' dir='ltr'><strong>μὲν</strong></span> <span class='ocrx_word' id='word_1_625' title='bbox 3241 4146 3409 4209; x_wconf 81' lang='grc' dir='ltr'>ἴσωςὸ</span> <span class='ocrx_word' id='word_1_626' title='bbox 3430 4147 3752 4220; x_wconf 79' lang='grc' dir='ltr'>φιλομαθής,</span> 
     </span>
    </p>
   </div>
   <div class='ocr_carea' id='block_1_88' title="bbox 2178 4230 3755 4308">
    <p class='ocr_par' dir='ltr' id='par_1_88' title="bbox 2178 4230 3755 4308">
     <span class='ocr_line' id='line_1_88' title="bbox 2178 4230 3755 4308; baseline 0.006 -26"><span class='ocrx_word' id='word_1_627' title='bbox 2178 4230 2491 4302; x_wconf 80' lang='grc' dir='ltr'>ὑπομνῆσαι</span> <span class='ocrx_word' id='word_1_628' title='bbox 2505 4232 2562 4286; x_wconf 84' lang='grc' dir='ltr'>δὲ</span> <span class='ocrx_word' id='word_1_629' title='bbox 2582 4232 2669 4286; x_wconf 82' lang='grc' dir='ltr'><strong>διὰ</strong></span> <span class='ocrx_word' id='word_1_630' title='bbox 2689 4233 2935 4304; x_wconf 86' lang='grc' dir='ltr'>βραχέων</span> <span class='ocrx_word' id='word_1_631' title='bbox 2946 4235 3045 4287; x_wconf 79' lang='grc' dir='ltr'>οὐκ</span> <span class='ocrx_word' id='word_1_632' title='bbox 3065 4236 3311 4308; x_wconf 84' lang='grc' dir='ltr'>ἀκερδές·</span> <span class='ocrx_word' id='word_1_633' title='bbox 3339 4237 3467 4290; x_wconf 82' lang='grc' dir='ltr'><strong>Ὅτε</strong></span> <span class='ocrx_word' id='word_1_634' title='bbox 3489 4238 3557 4291; x_wconf 81' lang='grc' dir='ltr'><strong>τὰ</strong></span> <span class='ocrx_word' id='word_1_635' title='bbox 3573 4239 3650 4301; x_wconf 83' lang='grc' dir='ltr'><strong>είς</strong></span> <span class='ocrx_word' id='word_1_636' title='bbox 3666 4239 3755 4294; x_wconf 79' lang='grc' dir='ltr'><strong>κό-</strong></span> 
     </span>
    </p>
   </div>
   <div class='ocr_carea' id='block_1_89' title="bbox 2178 4321 3755 4397">
    <p class='ocr_par' dir='ltr' id='par_1_89' title="bbox 2178 4321 3755 4397">
     <span class='ocr_line' id='line_1_89' title="bbox 2178 4321 3755 4397; baseline 0.003 -23"><span class='ocrx_word' id='word_1_637' title='bbox 2178 4337 2318 4392; x_wconf 85' lang='grc' dir='ltr'>σμον</span> <span class='ocrx_word' id='word_1_638' title='bbox 2336 4321 2431 4376; x_wconf 84' lang='grc' dir='ltr'>τοῦ</span> <span class='ocrx_word' id='word_1_639' title='bbox 2453 4323 2754 4394; x_wconf 81' lang='grc' dir='ltr'>ἀρχιερέως</span> <span class='ocrx_word' id='word_1_640' title='bbox 2775 4324 3027 4392; x_wconf 87' lang='grc' dir='ltr'>γενέσθαι</span> <span class='ocrx_word' id='word_1_641' title='bbox 3045 4325 3409 4397; x_wconf 89' lang='grc' dir='ltr'>προστέταχεν</span> <span class='ocrx_word' id='word_1_642' title='bbox 3431 4329 3460 4381; x_wconf 84' lang='grc'>6</span> <span class='ocrx_word' id='word_1_643' title='bbox 3491 4327 3598 4382; x_wconf 85' lang='grc' dir='ltr'><strong>τῶν</strong></span> <span class='ocrx_word' id='word_1_644' title='bbox 3617 4327 3755 4381; x_wconf 85' lang='grc' dir='ltr'>ὅλων</span> 
     </span>
    </p>
   </div>
   <div class='ocr_carea' id='block_1_90' title="bbox 2174 4413 3755 4490">
    <p class='ocr_par' dir='ltr' id='par_1_90' title="bbox 2174 4413 3755 4490">
     <span class='ocr_line' id='line_1_90' title="bbox 2174 4413 3755 4490; baseline 0.004 -24"><span class='ocrx_word' id='word_1_645' title='bbox 2174 4413 2326 4480; x_wconf 82' lang='grc' dir='ltr'>Θεὸς,</span> <span class='ocrx_word' id='word_1_646' title='bbox 2344 4414 2463 4468; x_wconf 88' lang='grc' dir='ltr'>τότε</span> <span class='ocrx_word' id='word_1_647' title='bbox 2489 4415 2626 4486; x_wconf 86' lang='grc' dir='ltr'>πρὸς</span> <span class='ocrx_word' id='word_1_648' title='bbox 2653 4415 2747 4469; x_wconf 83' lang='grc' dir='ltr'>τὸν</span> <span class='ocrx_word' id='word_1_649' title='bbox 2779 4415 2921 4488; x_wconf 76' lang='grc' dir='ltr'>ἱερὸν</span> <span class='ocrx_word' id='word_1_650' title='bbox 2944 4415 3046 4486; x_wconf 73' lang='grc' dir='ltr'>ἔφη</span> <span class='ocrx_word' id='word_1_651' title='bbox 3069 4418 3270 4470; x_wconf 85' lang='grc' dir='ltr'>Μωσέα</span> <span class='ocrx_word' id='word_1_652' title='bbox 3291 4434 3304 4447; x_wconf 93' lang='grc'><strong>·</strong></span> <span class='ocrx_word' id='word_1_653' title='bbox 3329 4436 3349 4471; x_wconf 81' lang='grc' dir='ltr'>ι</span> <span class='ocrx_word' id='word_1_654' title='bbox 3372 4421 3481 4473; x_wconf 75' lang='grc' dir='ltr'>Καὶ</span> <span class='ocrx_word' id='word_1_655' title='bbox 3514 4421 3755 4490; x_wconf 77' lang='grc' dir='ltr'>ποιήσεις</span> 
     </span>
    </p>
   </div>
   <div class='ocr_carea' id='block_1_91' title="bbox 2174 4504 3755 4581">
    <p class='ocr_par' dir='ltr' id='par_1_91' title="bbox 2174 4504 3755 4581">
     <span class='ocr_line' id='line_1_91' title="bbox 2174 4504 3755 4581; baseline 0.004 -24"><span class='ocrx_word' id='word_1_656' title='bbox 2174 4504 2353 4574; x_wconf 87' lang='grc' dir='ltr'>λόγιον</span> <span class='ocrx_word' id='word_1_657' title='bbox 2371 4507 2602 4579; x_wconf 85' lang='grc' dir='ltr'>κρίσεως</span> <span class='ocrx_word' id='word_1_658' title='bbox 2622 4506 2782 4578; x_wconf 80' lang='grc' dir='ltr'>ἔργον</span> <span class='ocrx_word' id='word_1_659' title='bbox 2803 4508 3059 4577; x_wconf 83' lang='grc' dir='ltr'>ὑφαντοῦ,</span> <span class='ocrx_word' id='word_1_660' title='bbox 3080 4509 3357 4581; x_wconf 83' lang='grc' dir='ltr'>σπιθαμῆς</span> <span class='ocrx_word' id='word_1_661' title='bbox 3374 4511 3433 4563; x_wconf 87' lang='grc' dir='ltr'>τὸ</span> <span class='ocrx_word' id='word_1_662' title='bbox 3449 4509 3643 4580; x_wconf 80' lang='grc' dir='ltr'>μῆκος,</span> <span class='ocrx_word' id='word_1_663' title='bbox 3660 4513 3755 4564; x_wconf 77' lang='grc' dir='ltr'><strong>καὶ</strong></span> 
     </span>
    </p>
   </div>
   <div class='ocr_carea' id='block_1_92' title="bbox 501 4589 2079 4676">
    <p class='ocr_par' dir='ltr' id='par_1_92' title="bbox 501 4589 2072 4668">
     <span class='ocr_line' id='line_1_92' title="bbox 501 4589 2072 4668; baseline -0.006 -16"><span class='ocrx_word' id='word_1_664' title='bbox 501 4599 708 4668; x_wconf 81' lang='lat' dir='ltr'><strong>iudicii,</strong></span> <span class='ocrx_word' id='word_1_665' title='bbox 735 4611 872 4667; x_wconf 90' lang='lat' dir='ltr'><strong>opus</strong></span> <span class='ocrx_word' id='word_1_666' title='bbox 902 4593 1109 4650; x_wconf 80' lang='lat' dir='ltr'><strong>textile.</strong></span> <span class='ocrx_word' id='word_1_667' title='bbox 1144 4591 1316 4646; x_wconf 90' lang='lat' dir='ltr'><strong>Palmi</strong></span> <span class='ocrx_word' id='word_1_668' title='bbox 1351 4590 1661 4661; x_wconf 82' lang='lat' dir='ltr'><strong>longitudo,</strong></span> <span class='ocrx_word' id='word_1_669' title='bbox 1693 4599 1751 4646; x_wconf 89' lang='lat' dir='ltr'><strong>et</strong></span> <span class='ocrx_word' id='word_1_670' title='bbox 1794 4591 1960 4660; x_wconf 86' lang='lat' dir='ltr'><strong>palmi</strong></span> <span class='ocrx_word' id='word_1_671' title='bbox 1989 4589 2072 4644; x_wconf 79' lang='lat' dir='ltr'><strong>la-</strong></span> 
     </span>
    </p>
   </div>
   <div class='ocr_carea' id='block_1_93' title="bbox 2177 4589 3757 4676">
    <p class='ocr_par' dir='ltr' id='par_1_93' title="bbox 2183 4595 3757 4676">
     <span class='ocr_line' id='line_1_93' title="bbox 2183 4595 3757 4676; baseline 0.005 -26"><span class='ocrx_word' id='word_1_672' title='bbox 2183 4596 2463 4670; x_wconf 85' lang='grc' dir='ltr'>σπιθαμῆς</span> <span class='ocrx_word' id='word_1_673' title='bbox 2477 4598 2540 4652; x_wconf 72' lang='grc' dir='ltr'><strong>τὸ</strong></span> <span class='ocrx_word' id='word_1_674' title='bbox 2561 4595 2739 4671; x_wconf 79' lang='grc' dir='ltr'>εὖρος.</span> <span class='ocrx_word' id='word_1_675' title='bbox 2759 4601 3112 4672; x_wconf 86' lang='grc' dir='ltr'>Τετράγωνος</span> <span class='ocrx_word' id='word_1_676' title='bbox 3128 4601 3301 4656; x_wconf 74' lang='grc' dir='ltr'>ἔσται.</span> <span class='ocrx_word' id='word_1_677' title='bbox 3335 4621 3352 4654; x_wconf 75' lang='grc' dir='ltr'><strong>ο</strong></span> <span class='ocrx_word' id='word_1_678' title='bbox 3376 4598 3507 4657; x_wconf 83' lang='grc' dir='ltr'><strong>Εἶτα</strong></span> <span class='ocrx_word' id='word_1_679' title='bbox 3525 4604 3757 4676; x_wconf 82' lang='grc' dir='ltr'>προστέ-</span> 
     </span>
    </p>
   </div>
   <div class='ocr_carea' id='block_1_94' title="bbox 504 4681 2076 4756">
    <p class='ocr_par' dir='ltr' id='par_1_94' title="bbox 504 4681 2076 4756">
     <span class='ocr_line' id='line_1_94' title="bbox 504 4681 2076 4756; baseline -0.006 -11"><span class='ocrx_word' id='word_1_680' title='bbox 504 4690 697 4746; x_wconf 89' lang='lat' dir='ltr'><strong>titudo.</strong></span> <span class='ocrx_word' id='word_1_681' title='bbox 737 4685 1187 4756; x_wconf 88' lang='lat' dir='ltr'><strong>Quadrangulum</strong></span> <span class='ocrx_word' id='word_1_682' title='bbox 1214 4684 1321 4738; x_wconf 89' lang='lat' dir='ltr'><strong>erit</strong></span> <span class='ocrx_word' id='word_1_683' title='bbox 1350 4684 1419 4738; x_wconf 82' lang='grc'><strong>⁷³.</strong></span> <span class='ocrx_word' id='word_1_684' title='bbox 1459 4701 1478 4735; x_wconf 73' lang='grc' dir='ltr'>ι</span> <span class='ocrx_word' id='word_1_685' title='bbox 1511 4682 1724 4738; x_wconf 90' lang='lat' dir='ltr'><strong>Deinde</strong></span> <span class='ocrx_word' id='word_1_686' title='bbox 1748 4681 1955 4754; x_wconf 90' lang='lat' dir='ltr'><strong>lapides</strong></span> <span class='ocrx_word' id='word_1_687' title='bbox 1993 4695 2076 4736; x_wconf 88' lang='lat' dir='ltr'><strong>ar-</strong></span> 
     </span>
    </p>
   </div>
   <div class='ocr_carea' id='block_1_95' title="bbox 504 4774 2074 4838">
    <p class='ocr_par' dir='ltr' id='par_1_95' title="bbox 504 4774 2074 4838">
     <span class='ocr_line' id='line_1_95' title="bbox 504 4774 2074 4838; baseline -0.007 0"><span class='ocrx_word' id='word_1_688' title='bbox 504 4781 737 4838; x_wconf 80' lang='lat' dir='ltr'><strong>tiﬁciose</strong></span> <span class='ocrx_word' id='word_1_689' title='bbox 769 4778 939 4835; x_wconf 88' lang='lat' dir='ltr'><strong>inseri</strong></span> <span class='ocrx_word' id='word_1_690' title='bbox 972 4776 1098 4832; x_wconf 84' lang='lat' dir='ltr'><strong>huic</strong></span> <span class='ocrx_word' id='word_1_691' title='bbox 1134 4775 1302 4830; x_wconf 79' lang='lat' dir='ltr'><strong>textili</strong></span> <span class='ocrx_word' id='word_1_692' title='bbox 1349 4789 1471 4830; x_wconf 91' lang='lat' dir='ltr'><strong>cum</strong></span> <span class='ocrx_word' id='word_1_693' title='bbox 1515 4775 1825 4830; x_wconf 90' lang='lat' dir='ltr'><strong>nominibus</strong></span> <span class='ocrx_word' id='word_1_694' title='bbox 1869 4774 2074 4829; x_wconf 91' lang='lat' dir='ltr'><strong>duode-</strong></span> 
     </span>
    </p>
   </div>
   <div class='ocr_carea' id='block_1_96' title="bbox 501 4865 2075 4934">
    <p class='ocr_par' dir='ltr' id='par_1_96' title="bbox 501 4865 2075 4934">
     <span class='ocr_line' id='line_1_96' title="bbox 501 4865 2075 4934; baseline -0.008 -3"><span class='ocrx_word' id='word_1_695' title='bbox 501 4879 608 4932; x_wconf 87' lang='lat' dir='ltr'><strong>cim</strong></span> <span class='ocrx_word' id='word_1_696' title='bbox 633 4873 870 4929; x_wconf 90' lang='lat' dir='ltr'><strong>tribuum</strong></span> <span class='ocrx_word' id='word_1_697' title='bbox 899 4867 1206 4934; x_wconf 80' lang='lat' dir='ltr'><strong>mandavit;</strong></span> <span class='ocrx_word' id='word_1_698' title='bbox 1243 4867 1382 4921; x_wconf 83' lang='lat' dir='ltr'><strong>inter</strong></span> <span class='ocrx_word' id='word_1_699' title='bbox 1407 4865 1543 4922; x_wconf 91' lang='lat' dir='ltr'><strong>alios</strong></span> <span class='ocrx_word' id='word_1_700' title='bbox 1565 4875 1744 4922; x_wconf 89' lang='lat' dir='ltr'><strong>autem</strong></span> <span class='ocrx_word' id='word_1_701' title='bbox 1770 4866 1930 4930; x_wconf 91' lang='lat' dir='ltr'><strong>duos,</strong></span> <span class='ocrx_word' id='word_1_702' title='bbox 1961 4865 2075 4934; x_wconf 85' lang='lat' dir='ltr'><strong>qui-</strong></span> 
     </span>
    </p>
   </div>
   <div class='ocr_carea' id='block_1_97' title="bbox 504 4942 2076 5025">
    <p class='ocr_par' dir='ltr' id='par_1_97' title="bbox 504 4942 2076 5025">
     <span class='ocr_line' id='line_1_97' title="bbox 504 4942 2076 5025; baseline -0.009 -1"><span class='ocrx_word' id='word_1_703' title='bbox 504 4971 605 5025; x_wconf 90' lang='lat' dir='ltr'><strong>bus</strong></span> <span class='ocrx_word' id='word_1_704' title='bbox 653 4964 873 5021; x_wconf 89' lang='lat' dir='ltr'><strong>nomiua</strong></span> <span class='ocrx_word' id='word_1_705' title='bbox 926 4960 1294 5017; x_wconf 80' lang='lat' dir='ltr'><strong>Manilestatio</strong></span> <span class='ocrx_word' id='word_1_706' title='bbox 1335 4968 1392 5013; x_wconf 87' lang='lat' dir='ltr'><strong>et</strong></span> <span class='ocrx_word' id='word_1_707' title='bbox 1440 4955 1677 5012; x_wconf 77' lang='lat' dir='ltr'><strong>Veritas.</strong></span> <span class='ocrx_word' id='word_1_708' title='bbox 1716 4942 1922 5011; x_wconf 75' lang='lat' dir='ltr'><strong>Deinde</strong></span> <span class='ocrx_word' id='word_1_709' title='bbox 1972 4957 2076 5011; x_wconf 89' lang='lat' dir='ltr'><strong>hoc</strong></span> 
     </span>
    </p>
   </div>
   <div class='ocr_carea' id='block_1_98' title="bbox 507 5048 2074 5124">
    <p class='ocr_par' dir='ltr' id='par_1_98' title="bbox 507 5048 2074 5124">
     <span class='ocr_line' id='line_1_98' title="bbox 507 5048 2074 5124; baseline -0.008 -12"><span class='ocrx_word' id='word_1_710' title='bbox 507 5056 772 5114; x_wconf 85' lang='lat' dir='ltr'><strong>rationale</strong></span> <span class='ocrx_word' id='word_1_711' title='bbox 790 5053 980 5124; x_wconf 75' lang='lat' dir='ltr'><strong>iudicii</strong></span> <span class='ocrx_word' id='word_1_712' title='bbox 1014 5067 1082 5108; x_wconf 77' lang='lat' dir='ltr'><strong>ex</strong></span> <span class='ocrx_word' id='word_1_713' title='bbox 1121 5050 1391 5106; x_wconf 89' lang='lat' dir='ltr'><strong>bumerali</strong></span> <span class='ocrx_word' id='word_1_714' title='bbox 1415 5049 1594 5103; x_wconf 89' lang='lat' dir='ltr'><strong>aureis</strong></span> <span class='ocrx_word' id='word_1_715' title='bbox 1615 5048 1822 5103; x_wconf 88' lang='lat' dir='ltr'><strong>catenis</strong></span> <span class='ocrx_word' id='word_1_716' title='bbox 1841 5061 2074 5116; x_wconf 86' lang='lat' dir='ltr'><strong>suspen-</strong></span> 
     </span>
    </p>
   </div>
   <div class='ocr_carea' id='block_1_99' title="bbox 504 5141 2076 5217">
    <p class='ocr_par' dir='ltr' id='par_1_99' title="bbox 504 5141 2076 5217">
     <span class='ocr_line' id='line_1_99' title="bbox 504 5141 2076 5217; baseline -0.008 -12"><span class='ocrx_word' id='word_1_717' title='bbox 504 5165 622 5205; x_wconf 81' lang='lat' dir='ltr'><strong>sum</strong></span> <span class='ocrx_word' id='word_1_718' title='bbox 649 5149 703 5205; x_wconf 86' lang='lat' dir='ltr'><strong>in</strong></span> <span class='ocrx_word' id='word_1_719' title='bbox 736 5156 924 5217; x_wconf 88' lang='lat' dir='ltr'><strong>pectus</strong></span> <span class='ocrx_word' id='word_1_720' title='bbox 950 5146 1144 5202; x_wconf 90' lang='lat' dir='ltr'><strong>summi</strong></span> <span class='ocrx_word' id='word_1_721' title='bbox 1179 5141 1480 5200; x_wconf 88' lang='lat' dir='ltr'><strong>sacerdotis</strong></span> <span class='ocrx_word' id='word_1_722' title='bbox 1506 5141 1864 5210; x_wconf 85' lang='lat' dir='ltr'><strong>dependebat,</strong></span> <span class='ocrx_word' id='word_1_723' title='bbox 1889 5149 2076 5195; x_wconf 80' lang='lat' dir='ltr'><strong>erant-</strong></span> 
     </span>
    </p>
   </div>
   <div class='ocr_carea' id='block_1_100' title="bbox 504 5232 2072 5314">
    <p class='ocr_par' dir='ltr' id='par_1_100' title="bbox 504 5232 2072 5314">
     <span class='ocr_line' id='line_1_100' title="bbox 504 5232 2072 5314; baseline -0.001 -22"><span class='ocrx_word' id='word_1_724' title='bbox 504 5259 609 5314; x_wconf 83' lang='lat' dir='ltr'><strong>que</strong></span> <span class='ocrx_word' id='word_1_725' title='bbox 634 5243 687 5296; x_wconf 91' lang='lat' dir='ltr'><strong>in</strong></span> <span class='ocrx_word' id='word_1_726' title='bbox 725 5252 909 5312; x_wconf 86' lang='lat' dir='ltr'><strong>typum</strong></span> <span class='ocrx_word' id='word_1_727' title='bbox 936 5237 1303 5294; x_wconf 88' lang='lat' dir='ltr'><strong>Emmanuelis</strong></span> <span class='ocrx_word' id='word_1_728' title='bbox 1338 5233 1706 5290; x_wconf 81' lang='lat' dir='ltr'><strong>Manifestatio</strong></span> <span class='ocrx_word' id='word_1_729' title='bbox 1744 5242 1798 5288; x_wconf 91' lang='lat' dir='ltr'><strong>et</strong></span> <span class='ocrx_word' id='word_1_730' title='bbox 1834 5232 2072 5290; x_wconf 80' lang='lat' dir='ltr'><strong>Veritas.</strong></span> 
     </span>
    </p>
   </div>
   <div class='ocr_carea' id='block_1_101' title="bbox 512 5325 2074 5401">
    <p class='ocr_par' dir='ltr' id='par_1_101' title="bbox 512 5325 2074 5401">
     <span class='ocr_line' id='line_1_101' title="bbox 512 5325 2074 5401; baseline -0.004 -15"><span class='ocrx_word' id='word_1_731' title='bbox 512 5353 532 5386; x_wconf 80' lang='grc' dir='ltr'>ι</span> <span class='ocrx_word' id='word_1_732' title='bbox 566 5333 760 5390; x_wconf 86' lang='lat' dir='ltr'><strong>Omnia</strong></span> <span class='ocrx_word' id='word_1_733' title='bbox 789 5331 934 5389; x_wconf 85' lang='lat' dir='ltr'><strong>enim</strong></span> <span class='ocrx_word' id='word_1_734' title='bbox 980 5344 1103 5401; x_wconf 66' lang='lat' dir='ltr'><strong>qua:</strong></span> <span class='ocrx_word' id='word_1_735' title='bbox 1139 5327 1350 5384; x_wconf 89' lang='lat' dir='ltr'><strong>audivit</strong></span> <span class='ocrx_word' id='word_1_736' title='bbox 1399 5341 1430 5381; x_wconf 91' lang='lat' dir='ltr'><strong>a</strong></span> <span class='ocrx_word' id='word_1_737' title='bbox 1463 5325 1627 5381; x_wconf 92' lang='lat' dir='ltr'><strong>Patre</strong></span> <span class='ocrx_word' id='word_1_738' title='bbox 1649 5365 1667 5392; x_wconf 90' lang='lat'><strong>,</strong></span> <span class='ocrx_word' id='word_1_739' title='bbox 1731 5325 2074 5380; x_wconf 86' lang='lat' dir='ltr'><strong>annuntiavit</strong></span> 
     </span>
    </p>
   </div>
   <div class='ocr_carea' id='block_1_102' title="bbox 2178 4690 3757 4768">
    <p class='ocr_par' dir='ltr' id='par_1_102' title="bbox 2178 4690 3757 4768">
     <span class='ocr_line' id='line_1_102' title="bbox 2178 4690 3757 4768; baseline 0.004 -25"><span class='ocrx_word' id='word_1_740' title='bbox 2178 4705 2344 4760; x_wconf 85' lang='grc' dir='ltr'>ταχεν</span> <span class='ocrx_word' id='word_1_741' title='bbox 2371 4690 2432 4756; x_wconf 80' lang='grc' dir='ltr'><strong>ἐξ</strong></span> <span class='ocrx_word' id='word_1_742' title='bbox 2462 4692 2723 4763; x_wconf 83' lang='grc' dir='ltr'>ὀνόματος</span> <span class='ocrx_word' id='word_1_743' title='bbox 2750 4693 2860 4747; x_wconf 85' lang='grc' dir='ltr'><strong>τῶν</strong></span> <span class='ocrx_word' id='word_1_744' title='bbox 2894 4694 3076 4763; x_wconf 84' lang='grc' dir='ltr'>φυλῶν</span> <span class='ocrx_word' id='word_1_745' title='bbox 3106 4695 3427 4749; x_wconf 85' lang='grc' dir='ltr'>δυοκαίδεκα</span> <span class='ocrx_word' id='word_1_746' title='bbox 3455 4696 3532 4767; x_wconf 83' lang='grc' dir='ltr'>τῷ</span> <span class='ocrx_word' id='word_1_747' title='bbox 3573 4713 3757 4768; x_wconf 78' lang='grc' dir='ltr'>τεχνηο</span> 
     </span>
    </p>
   </div>
   <div class='ocr_carea' id='block_1_103' title="bbox 2180 4779 3756 4856">
    <p class='ocr_par' dir='ltr' id='par_1_103' title="bbox 2180 4779 3756 4856">
     <span class='ocr_line' id='line_1_103' title="bbox 2180 4779 3756 4856; baseline 0.004 -22"><span class='ocrx_word' id='word_1_748' title='bbox 2180 4779 2414 4852; x_wconf 88' lang='grc' dir='ltr'>τεύματι</span> <span class='ocrx_word' id='word_1_749' title='bbox 2449 4783 2628 4852; x_wconf 82' lang='grc' dir='ltr'>σοφῶς</span> <span class='ocrx_word' id='word_1_750' title='bbox 2661 4784 2924 4854; x_wconf 71' lang='grc' dir='ltr'>ἐντέχνως</span> <span class='ocrx_word' id='word_1_751' title='bbox 2959 4783 3035 4856; x_wconf 87' lang='grc'><strong>(1)</strong></span> <span class='ocrx_word' id='word_1_752' title='bbox 3071 4783 3623 4854; x_wconf 76' lang='grc' dir='ltr'>ὑφαίνεσθαι,λίθους.</span> <span class='ocrx_word' id='word_1_753' title='bbox 3651 4787 3756 4840; x_wconf 87' lang='grc' dir='ltr'><strong>Δύο</strong></span> 
     </span>
    </p>
   </div>
   <div class='ocr_carea' id='block_1_104' title="bbox 2179 4870 3756 4949">
    <p class='ocr_par' dir='ltr' id='par_1_104' title="bbox 2179 4870 3756 4949">
     <span class='ocr_line' id='line_1_104' title="bbox 2179 4870 3756 4949; baseline 0.004 -24"><span class='ocrx_word' id='word_1_754' title='bbox 2179 4889 2245 4941; x_wconf 83' lang='grc' dir='ltr'><strong>γε</strong></span> <span class='ocrx_word' id='word_1_755' title='bbox 2278 4873 2386 4944; x_wconf 85' lang='grc' dir='ltr'><strong>μὴν</strong></span> <span class='ocrx_word' id='word_1_756' title='bbox 2415 4873 2635 4945; x_wconf 78' lang='grc' dir='ltr'>ἑτέρους</span> <span class='ocrx_word' id='word_1_757' title='bbox 2662 4875 2864 4946; x_wconf 75' lang='grc' dir='ltr'>μεταξὺ</span> <span class='ocrx_word' id='word_1_758' title='bbox 2898 4876 3006 4929; x_wconf 81' lang='grc' dir='ltr'><strong>τῶν</strong></span> <span class='ocrx_word' id='word_1_759' title='bbox 3028 4875 3222 4938; x_wconf 78' lang='grc' dir='ltr'>ἄλλων,</span> <span class='ocrx_word' id='word_1_760' title='bbox 3251 4870 3332 4940; x_wconf 80' lang='grc' dir='ltr'>οἷς</span> <span class='ocrx_word' id='word_1_761' title='bbox 3361 4871 3430 4948; x_wconf 80' lang='grc' dir='ltr'><strong>ἦν</strong></span> <span class='ocrx_word' id='word_1_762' title='bbox 3458 4877 3697 4947; x_wconf 72' lang='grc' dir='ltr'>ὀνόματα</span> <span class='ocrx_word' id='word_1_763' title='bbox 3721 4880 3756 4949; x_wconf 86' lang='grc' dir='ltr'><strong>ή</strong></span> 
     </span>
    </p>
   </div>
   <div class='ocr_carea' id='block_1_105' title="bbox 2180 4961 3757 5038">
    <p class='ocr_par' dir='ltr' id='par_1_105' title="bbox 2180 4961 3757 5038">
     <span class='ocr_line' id='line_1_105' title="bbox 2180 4961 3757 5038; baseline 0.004 -23"><span class='ocrx_word' id='word_1_764' title='bbox 2180 4961 2415 5034; x_wconf 82' lang='grc' dir='ltr'>δήλωσις</span> <span class='ocrx_word' id='word_1_765' title='bbox 2450 4965 2546 5018; x_wconf 76' lang='grc' dir='ltr'><strong>καὶ</strong></span> <span class='ocrx_word' id='word_1_766' title='bbox 2581 4965 2615 5035; x_wconf 88' lang='grc' dir='ltr'><strong>ή</strong></span> <span class='ocrx_word' id='word_1_767' title='bbox 2663 4964 2908 5036; x_wconf 84' lang='grc' dir='ltr'>ἀλήθεια.</span> <span class='ocrx_word' id='word_1_768' title='bbox 2949 4961 3082 5019; x_wconf 77' lang='grc' dir='ltr'>Εἶτα</span> <span class='ocrx_word' id='word_1_769' title='bbox 3126 4965 3287 5019; x_wconf 82' lang='grc' dir='ltr'>τοῦτο</span> <span class='ocrx_word' id='word_1_770' title='bbox 3327 4967 3388 5019; x_wconf 84' lang='grc' dir='ltr'><strong>τὸ</strong></span> <span class='ocrx_word' id='word_1_771' title='bbox 3434 4965 3612 5031; x_wconf 83' lang='grc' dir='ltr'>λόγιον</span> <span class='ocrx_word' id='word_1_772' title='bbox 3655 4967 3757 5038; x_wconf 86' lang='grc' dir='ltr'><strong>τῆς</strong></span> 
     </span>
    </p>
   </div>
   <div class='ocr_carea' id='block_1_106' title="bbox 2181 5055 3756 5131">
    <p class='ocr_par' dir='ltr' id='par_1_106' title="bbox 2181 5055 3756 5131">
     <span class='ocr_line' id='line_1_106' title="bbox 2181 5055 3756 5131; baseline 0.002 -21"><span class='ocrx_word' id='word_1_773' title='bbox 2181 5055 2413 5127; x_wconf 72' lang='grc' dir='ltr'><strong>¹κρίσεως</strong></span> <span class='ocrx_word' id='word_1_774' title='bbox 2444 5057 2509 5110; x_wconf 84' lang='grc' dir='ltr'><strong>ὲκ</strong></span> <span class='ocrx_word' id='word_1_775' title='bbox 2538 5057 2636 5129; x_wconf 87' lang='grc' dir='ltr'><strong>τῆς</strong></span> <span class='ocrx_word' id='word_1_776' title='bbox 2663 5059 2932 5130; x_wconf 76' lang='grc' dir='ltr'>ἐπωμίδος</span> <span class='ocrx_word' id='word_1_777' title='bbox 2959 5061 3186 5131; x_wconf 85' lang='grc' dir='ltr'>χρυσαῖς</span> <span class='ocrx_word' id='word_1_778' title='bbox 3215 5057 3509 5131; x_wconf 75' lang='grc' dir='ltr'>ἀπῃώρητο</span> <span class='ocrx_word' id='word_1_779' title='bbox 3525 5063 3756 5130; x_wconf 76' lang='grc' dir='ltr'>σειραῖς.</span> 
     </span>
    </p>
   </div>
   <div class='ocr_carea' id='block_1_107' title="bbox 2195 5145 3757 5220">
    <p class='ocr_par' dir='ltr' id='par_1_107' title="bbox 2195 5145 3757 5220">
     <span class='ocr_line' id='line_1_107' title="bbox 2195 5145 3757 5220; baseline 0.003 -23"><span class='ocrx_word' id='word_1_780' title='bbox 2195 5145 2520 5216; x_wconf 83' lang='grc' dir='ltr'>Ἐπενήχετό</span> <span class='ocrx_word' id='word_1_781' title='bbox 2547 5163 2606 5200; x_wconf 90' lang='grc' dir='ltr'><strong>τε</strong></span> <span class='ocrx_word' id='word_1_782' title='bbox 2637 5147 2715 5218; x_wconf 83' lang='grc' dir='ltr'><strong>τῷ</strong></span> <span class='ocrx_word' id='word_1_783' title='bbox 2754 5148 2961 5220; x_wconf 84' lang='grc' dir='ltr'>στέρνῳ</span> <span class='ocrx_word' id='word_1_784' title='bbox 2991 5147 3085 5202; x_wconf 84' lang='grc' dir='ltr'>τοῦ</span> <span class='ocrx_word' id='word_1_785' title='bbox 3131 5149 3450 5220; x_wconf 76' lang='grc' dir='ltr'>ἀρχιερέως,</span> <span class='ocrx_word' id='word_1_786' title='bbox 3482 5151 3576 5203; x_wconf 76' lang='grc' dir='ltr'><strong>καὶ</strong></span> <span class='ocrx_word' id='word_1_787' title='bbox 3614 5146 3757 5220; x_wconf 79' lang='grc' dir='ltr'>ἦσαν</span> 
     </span>
    </p>
   </div>
   <div class='ocr_carea' id='block_1_108' title="bbox 2179 5234 3756 5308">
    <p class='ocr_par' dir='ltr' id='par_1_108' title="bbox 2179 5234 3756 5308">
     <span class='ocr_line' id='line_1_108' title="bbox 2179 5234 3756 5308; baseline 0.002 -20"><span class='ocrx_word' id='word_1_788' title='bbox 2179 5236 2260 5298; x_wconf 85' lang='grc' dir='ltr'><strong>είς</strong></span> <span class='ocrx_word' id='word_1_789' title='bbox 2286 5234 2456 5290; x_wconf 86' lang='grc' dir='ltr'>τύπον</span> <span class='ocrx_word' id='word_1_790' title='bbox 2488 5236 2584 5290; x_wconf 82' lang='grc' dir='ltr'><strong>τοῦ</strong></span> <span class='ocrx_word' id='word_1_791' title='bbox 2623 5236 2968 5308; x_wconf 80' lang='grc' dir='ltr'>Ἐμμανουήλ</span> <span class='ocrx_word' id='word_1_792' title='bbox 2996 5239 3030 5307; x_wconf 89' lang='grc' dir='ltr'><strong>ή</strong></span> <span class='ocrx_word' id='word_1_793' title='bbox 3054 5236 3284 5307; x_wconf 81' lang='grc' dir='ltr'>δήλωσις</span> <span class='ocrx_word' id='word_1_794' title='bbox 3325 5237 3416 5290; x_wconf 77' lang='grc' dir='ltr'>καὶ</span> <span class='ocrx_word' id='word_1_795' title='bbox 3450 5239 3482 5307; x_wconf 82' lang='grc' dir='ltr'><strong>ἡ</strong></span> <span class='ocrx_word' id='word_1_796' title='bbox 3509 5238 3756 5308; x_wconf 77' lang='grc' dir='ltr'>ἀλήθεια,</span> 
     </span>
    </p>
   </div>
   <div class='ocr_carea' id='block_1_109' title="bbox 2185 5328 3759 5402">
    <p class='ocr_par' dir='ltr' id='par_1_109' title="bbox 2185 5328 3759 5402">
     <span class='ocr_line' id='line_1_109' title="bbox 2185 5328 3759 5402; baseline 0.003 -23"><span class='ocrx_word' id='word_1_797' title='bbox 2185 5346 2204 5379; x_wconf 75' lang='grc' dir='ltr'>ι</span> <span class='ocrx_word' id='word_1_798' title='bbox 2241 5328 2424 5382; x_wconf 80' lang='grc' dir='ltr'>Πάντα</span> <span class='ocrx_word' id='word_1_799' title='bbox 2441 5328 2548 5402; x_wconf 86' lang='grc' dir='ltr'>γὰρ</span> <span class='ocrx_word' id='word_1_800' title='bbox 2579 5329 2615 5384; x_wconf 80' lang='grc' dir='ltr'><strong>ἃ.</strong></span> <span class='ocrx_word' id='word_1_801' title='bbox 2645 5330 2844 5402; x_wconf 76' lang='grc' dir='ltr'>ἤκουσε</span> <span class='ocrx_word' id='word_1_802' title='bbox 2867 5328 3020 5401; x_wconf 78' lang='grc' dir='ltr'>παρὰ.</span> <span class='ocrx_word' id='word_1_803' title='bbox 3045 5329 3140 5383; x_wconf 80' lang='grc' dir='ltr'>τοῦ</span> <span class='ocrx_word' id='word_1_804' title='bbox 3169 5329 3401 5401; x_wconf 83' lang='grc' dir='ltr'>Πατρδς,</span> <span class='ocrx_word' id='word_1_805' title='bbox 3424 5329 3759 5400; x_wconf 80' lang='grc' dir='ltr'>ἀπήγγειλεν</span> 
     </span>
    </p>
   </div>
   <div class='ocr_carea' id='block_1_110' title="bbox 575 5528 2225 5602">
    <p class='ocr_par' dir='ltr' id='par_1_110' title="bbox 575 5528 2225 5602">
     <span class='ocr_line' id='line_1_110' title="bbox 575 5528 2225 5602; baseline -0.004 -11"><span class='ocrx_word' id='word_1_806' title='bbox 575 5534 624 5568; x_wconf 86' lang='lat'><strong>&quot;</strong></span> <span class='ocrx_word' id='word_1_807' title='bbox 648 5533 751 5591; x_wconf 90' lang='lat' dir='ltr'><strong>lsa.</strong></span> <span class='ocrx_word' id='word_1_808' title='bbox 783 5548 860 5602; x_wconf 80' lang='lat' dir='ltr'><strong>vt,</strong></span> <span class='ocrx_word' id='word_1_809' title='bbox 893 5531 948 5589; x_wconf 87' lang='lat'><strong>9.</strong></span> <span class='ocrx_word' id='word_1_810' title='bbox 1022 5531 1068 5564; x_wconf 83' lang='lat'><strong>‘“</strong></span> <span class='ocrx_word' id='word_1_811' title='bbox 1105 5528 1244 5586; x_wconf 91' lang='lat' dir='ltr'><strong>Osee</strong></span> <span class='ocrx_word' id='word_1_812' title='bbox 1275 5545 1359 5594; x_wconf 87' lang='grc' dir='ltr'>ιιι,</span> <span class='ocrx_word' id='word_1_813' title='bbox 1393 5529 1448 5584; x_wconf 74' lang='grc'><strong>4.</strong></span> <span class='ocrx_word' id='word_1_814' title='bbox 1524 5529 1569 5562; x_wconf 81' lang='grc'><strong>⁷³</strong></span> <span class='ocrx_word' id='word_1_815' title='bbox 1601 5528 1772 5584; x_wconf 80' lang='lat' dir='ltr'><strong>Exod.</strong></span> <span class='ocrx_word' id='word_1_816' title='bbox 1799 5543 1990 5596; x_wconf 80' lang='lat' dir='ltr'><strong>xxvm,</strong></span> <span class='ocrx_word' id='word_1_817' title='bbox 2023 5529 2110 5598; x_wconf 78' lang='grc'><strong>15,</strong></span> <span class='ocrx_word' id='word_1_818' title='bbox 2138 5531 2225 5585; x_wconf 79' lang='grc'><strong>16.</strong></span> 
     </span>
    </p>
   </div>
   <div class='ocr_carea' id='block_1_111' title="bbox 578 5712 3758 5793">
    <p class='ocr_par' dir='ltr' id='par_1_111' title="bbox 578 5712 3758 5793">
     <span class='ocr_line' id='line_1_111' title="bbox 578 5712 3758 5793; baseline -0 -20"><span class='ocrx_word' id='word_1_819' title='bbox 578 5720 659 5793; x_wconf 80' lang='grc' dir='ltr'><strong>(ι)</strong></span> <span class='ocrx_word' id='word_1_820' title='bbox 679 5712 1464 5793; x_wconf 45' lang='grc' dir='ltr'><strong>ροιοιειῇυε’ρίρηκνητηζίεοι</strong></span> <span class='ocrx_word' id='word_1_821' title='bbox 1499 5712 1590 5768; x_wconf 85' lang='lat' dir='ltr'><strong>Gr.</strong></span> <span class='ocrx_word' id='word_1_822' title='bbox 1623 5713 1688 5776; x_wconf 90' lang='lat' dir='ltr'><strong>ll,</strong></span> <span class='ocrx_word' id='word_1_823' title='bbox 1724 5712 1893 5793; x_wconf 71' lang='lat' dir='ltr'><strong>6t9,_</strong></span> <span class='ocrx_word' id='word_1_824' title='bbox 1918 5725 2104 5793; x_wconf 70' lang='lat' dir='ltr'><strong>vocem</strong></span> <span class='ocrx_word' id='word_1_825' title='bbox 2146 5713 2410 5784; x_wconf 78' lang='grc' dir='ltr'>ἐντέχνως</span> <span class='ocrx_word' id='word_1_826' title='bbox 2454 5722 2608 5785; x_wconf 86' lang='lat' dir='ltr'><strong>putat</strong></span> <span class='ocrx_word' id='word_1_827' title='bbox 2655 5728 2776 5772; x_wconf 85' lang='lat' dir='ltr'><strong>esse</strong></span> <span class='ocrx_word' id='word_1_828' title='bbox 2832 5715 3097 5788; x_wconf 86' lang='lat' dir='ltr'><strong>glossema</strong></span> <span class='ocrx_word' id='word_1_829' title='bbox 3158 5725 3214 5773; x_wconf 88' lang='lat' dir='ltr'><strong>et</strong></span> <span class='ocrx_word' id='word_1_830' title='bbox 3255 5715 3758 5788; x_wconf 72' lang='lat' dir='ltr'><strong>interpretationem</strong></span> 
     </span>
    </p>
   </div>
   <div class='ocr_carea' id='block_1_112' title="bbox 509 5781 2099 5856">
    <p class='ocr_par' dir='ltr' id='par_1_112' title="bbox 509 5781 2099 5856">
     <span class='ocr_line' id='line_1_112' title="bbox 509 5781 2099 5856; baseline -0.006 -10"><span class='ocrx_word' id='word_1_831' title='bbox 509 5781 749 5850; x_wconf 53' lang='grc' dir='ltr'><strong>πνέει)Ῑί</strong></span> <span class='ocrx_word' id='word_1_832' title='bbox 775 5785 972 5856; x_wconf 81' lang='grc' dir='ltr'>σοφῶς.</span> <span class='ocrx_word' id='word_1_833' title='bbox 1002 5783 1131 5840; x_wconf 75' lang='lat' dir='ltr'><strong>Vide</strong></span> <span class='ocrx_word' id='word_1_834' title='bbox 1153 5783 1337 5854; x_wconf 83' lang='lat' dir='ltr'><strong>Cyrilli</strong></span> <span class='ocrx_word' id='word_1_835' title='bbox 1364 5781 1713 5852; x_wconf 79' lang='lat' dir='ltr'><strong>Tltesaurum,</strong></span> <span class='ocrx_word' id='word_1_836' title='bbox 1746 5799 1800 5854; x_wconf 88' lang='lat' dir='ltr'><strong>p.</strong></span> <span class='ocrx_word' id='word_1_837' title='bbox 1826 5783 1915 5838; x_wconf 74' lang='grc'><strong>48.</strong></span> <span class='ocrx_word' id='word_1_838' title='bbox 1937 5782 2099 5836; x_wconf 80' lang='lat' dir='ltr'><strong>Ebtr.</strong></span> 
     </span>
    </p>
   </div>
  </div>
