4046 6376
338 420 433 478 139

1243 413 1795 471 COMMENTARIUS
1836 414 1900 468 IN
1941 414 2171 470 OSEAM
2213 415 2648 470 PROPHETAM.
2732 405 2741 414 ’

3466 420 3570 477 110

339 543 477 611 ἡμῖν.
524 557 543 591 ι
594 537 705 592 Καὶ
748 536 1015 606 δεδήλωκε
1062 535 1123 588 τὸ
1156 535 1367 607 θέλημα
1407 535 1500 589 τοῦ
1540 536 1899 605 γεννήσαντος

2016 538 2159 591 ιιυὺῐε
2186 538 2252 604 ⁷³,
2294 556 2312 589 ι
2359 548 2411 591 et
2443 538 2807 592 nianifestavit
2839 539 3164 595 voluntatem
3198 540 3316 608 ejus
3345 541 3437 610 qui
3473 557 3568 612 ge-

338 633 522 687 αὐτόν’
555 631 649 684 καὶ
698 630 1029 699 κατέστησεν
1078 629 1280 700 ἐναργῆ
1332 631 1432 699 τῆς
1488 627 1759 699 σωτηρίας
1808 630 1903 700 τὴν

338 725 463 777 ὁδόν.
507 724 630 775 Ὅτι
676 720 733 774 δέ
785 721 1025 773 ἐστικαὶ
1066 719 1313 788 ἀλήθεια,
1341 719 1458 783 πῶς
1486 718 1570 787 ,ἂν
1614 718 1905 772 ὲνδοιάσειέ

339 833 433 879 τις,
485 811 648 867 αὑτοῦ
687 812 935 879 λέγοντος
970 811 1234 882 ἐναργῶς·
1292 829 1311 861 ι
1361 808 1502 877 Ἐγώ
1546 811 1725 881 είμιή
1767 811 1899 881 ἀλή-

337 910 485 969 θειας
526 924 544 956 υ
580 903 677 957 Διά
706 901 866 955 τοῦτο
907 902 1001 955 καὶ
1040 902 1175 972 αὐτῇ
1224 904 1287 971 τῇ
1319 899 1411 954 τοῦ
1461 900 1758 972 ἀρχιερέως
1798 901 1905 953 ἀττ-

339 995 600 1066 εκρέματο
633 992 847 1063 καρδίᾳ,
887 993 1168 1062 μονονουχὶ
1211 990 1441 1060 βοῶντος
1464 990 1557 1044 τοῦ
1582 989 1776 1053 τύπου,
1810 990 1903 1043 καὶ

340 1084 629 1153 ἀναφανδὸν
668 1082 1123 1153 ἀνακεκραγότος,
1148 1082 1227 1134 ὅτι
1252 1081 1341 1134 τὸν
1377 1080 1483 1133 τῶν
1512 1080 1648 1134 ὅλων
1676 1082 1905 1151 Σωτῆρα

340 1178 426 1229 καὶ
478 1173 796 1245 Λυτρωτὴν,
848 1172 945 1243 τὴν
977 1172 1252 1244 ἀλήθειαν,
1290 1172 1383 1225 καὶ
1419 1172 1518 1242 τὴν
1559 1172 1787 1243 δήλωσιν
1825 1171 1905 1235 εἰς

340 1266 471 1331 νοῦν,
506 1268 599 1319 καὶ
643 1264 870 1336 καρδίαν
913 1264 975 1317 τὸ
1023 1264 1165 1334 ἱερὸν
1205 1263 1315 1328 ἕξει
1362 1264 1537 1332 γένος.
1576 1265 1781 1332 ’Ἠγουν
1822 1263 1905 1317 ὃτι

339 1360 481 1412 πᾶσά
515 1376 631 1417 πως
663 1358 899 1426 ἀνάγκη,
955 1357 1081 1419 τοὺς
1115 1355 1432 1428 ἱερουργοὺς
1467 1356 1553 1409 ἀεὶ
1597 1354 1904 1426 μεμνῆσθαι

338 1450 587 1522 Χριστοῦ,
623 1450 717 1502 καὶ
749 1448 1063 1503 ἐνοικοῦντα
1095 1448 1279 1518 φέρειν
1323 1448 1411 1501 διὰ
1442 1446 1535 1501 τοῦ
1567 1446 1900 1518 Πνεύματος.

337 1538 490 1603 Οἶκος
529 1540 584 1593 δὲ
624 1538 789 1593 αὑτοῦ
819 1537 943 1603 νοῦς
988 1537 1249 1609 καθαρὸς,
1299 1538 1394 1591 καὶ
1446 1536 1641 1608 καρδία
1676 1537 1902 1607 διέσμη-

338 1633 527 1704 γμένη.
574 1631 942 1686 Καθεδοῦνται
970 1631 1033 1701 δὴ
1074 1626 1169 1684 οῦν
1212 1631 1426 1701 ἡμέρας
1466 1628 1664 1692 πολλὰς
1702 1629 1751 1681 οἱ
1797 1628 1904 1681 υἱοὶ

344 1724 578 1795 Ἰσραὴλ,
613 1725 763 1793 φησὶ,
803 1722 1065 1792 βασιλέως
1107 1721 1207 1774 οὐκ
1251 1721 1423 1784 ὄντος,
1472 1719 1591 1773 οὐδὲ
1623 1719 1901 1789 ἄρχοντος,

336 1814 626 1877 τουτέστιν,
656 1811 1015 1871 ἀϐασίλευτοι,
1049 1808 1143 1863 καὶ
1174 1812 1188 1831 ’
1209 1809 1601 1863 ἀνεπίστευτοι.
1631 1806 1767 1861 Οὔτε
1797 1806 1904 1875 γάρ

2007 625 2337 694 nuitipsum,
2372 634 2426 679 et
2456 627 2596 679 viam
2637 626 2828 680 salutis
2855 628 3265 684 demonstravit.
3306 629 3441 686 Esse
3469 647 3571 686 au-

2008 725 2113 769 tem
2158 716 2466 781 veritatem,
2511 716 2602 786 qui
2646 719 2861 773 tandem
2904 719 3231 774 dubitaverit
3276 722 3571 791 quispiam,

2004 824 2125 863 cum
2155 809 2270 877 ipse
2301 819 2488 879 aperte
2522 810 2666 864 dicat
2694 827 2710 865 :
2756 827 2776 861 t
2842 809 2954 881 Ego
2980 826 3096 865 sum
3121 812 3323 867 veritas
3362 813 3453 867 ⁷δῖ
3488 812 3572 869 ld-

2006 901 2153 957 circo
2178 909 2232 955 et
2262 902 2360 971 ipsi
2391 900 2589 955 summi
2617 901 2913 956 sacerdotis
2940 902 3146 972 pectori
3189 905 3573 972 appendehan-

2007 1003 2114 1056 tur,
2144 1001 2350 1047 tantum
2381 1009 2487 1047 non
2518 993 2789 1047 clamante
2819 1002 2965 1063 typo,
2998 1004 3053 1049 et
3077 995 3365 1050 manifeste
3387 996 3572 1050 excla-

2007 1094 2224 1149 mante,
2271 1085 2647 1139 universorum
2704 1083 3045 1139 Salvatorem
3097 1094 3151 1140 et
3201 1086 3573 1153 liberatorem,

2005 1176 2289 1231 veritatem
2336 1184 2393 1231 et
2445 1176 2938 1231 ntanifestationem
2982 1188 3234 1232 sanctum
3280 1193 3448 1246 genus
3519 1180 3573 1234 in

2006 1278 2186 1324 mente
2213 1277 2267 1324 et
2290 1270 2452 1324 corde
2479 1268 2791 1322 habiturum
2821 1282 2838 1332 ;
2884 1275 2978 1320 aut
3000 1277 3151 1323 certe
3205 1271 3573 1324 necessarium

2006 1375 2126 1414 esse
2153 1359 2395 1423 omnino,
2427 1360 2739 1414 sacerdotes
2762 1358 2967 1414 Christi
2992 1373 3207 1428 semper
3236 1362 3573 1427 tneminiSse,

2006 1462 2060 1505 et
2090 1467 2187 1518 per
2213 1451 2470 1521 Spiritum
2504 1452 2555 1505 in
2586 1466 2647 1506 se
2692 1451 3025 1505 habitantem
3049 1452 3420 1507 circumferre.
3469 1452 3601 1519 Do;

2008 1555 2127 1596 mus
2143 1544 2259 1609 ejus
2288 1554 2371 1600 est
2394 1561 2542 1599 mens
2568 1560 2699 1615 pura
2733 1555 2789 1600 et
2818 1561 2914 1600 cor
2964 1556 3369 1619 perpurgatum.
3414 1547 3576 1603 Sede-

2006 1630 2138 1686 bunt
2166 1634 2326 1703 igitur
2349 1634 2466 1689 dies
2494 1635 2690 1691 multos
2727 1636 2818 1690 lilii
2849 1636 3036 1705 Israel,
3083 1639 3280 1708 inquit,
3313 1654 3433 1692 cum
3470 1655 3575 1696 non

2006 1723 2112 1778 erit
2147 1741 2265 1792 rex,
2318 1741 2423 1780 non
2481 1728 2752 1797 princeps,
2807 1728 2911 1783 hoc
2959 1738 3062 1795 est,
3094 1731 3214 1786 sine
3266 1746 3412 1802 rege,
3459 1714 3578 1788 sine
3672 1800 3675 1803 _

2012 1816 2262 1883 pra'side.
2294 1815 2403 1870 Nec
2424 1818 2566 1871 enim
2589 1821 2891 1889 regnabunt
2917 1820 3009 1891 qui
3031 1831 3157 1875 sunt
3184 1837 3214 1877 e
3246 1822 3388 1878 tribu
3414 1821 3572 1889 Juda,

338 1903 742 1974 βασιλεύσουσιν
769 1904 817 1955 οἱ
846 1903 911 1954 ἐκ
944 1900 1115 1971 φυλῆς
1154 1900 1344 1963 Ἰούδα,
1376 1898 1498 1952 οὔτε
1530 1898 1636 1969 μὴν
1674 1899 1723 1950 οἱ
1767 1896 1906 1950 κατά

2016 1922 2108 1962 nec
2133 1907 2496 1977 prtesidebunt
2524 1910 2816 1979 principes,
2845 1912 2946 1966 hoc
2972 1922 3078 1977 est,
3102 1915 3430 1969 sacerdotes.
3465 1914 3577 1972 Nec

334 1996 495 2065 νόμον
524 1992 970 2065 προεδρεῦσουσιν
1001 1993 1280 2063 ἄρχοντες,
1310 1990 1607 2053 τουτέστιν,
1641 1991 1688 2041 οἱ
1720 1991 1903 2060 ἱερεῖς.

347 2088 484 2141 Ἀλλ’
530 2087 650 2141 οὐδὲ
679 2086 852 2150 ἔσται,
890 2086 1044 2157 φησὶ,
1092 2084 1496 2155 θυσιαστήριον,
1545 2082 1578 2153 ἢ
1619 2082 1798 2148 Θυσία,
1835 2082 1909 2133 ἱε-

337 2180 551 2252 ρωσύνη
572 2196 630 2232 τε
662 2180 755 2232 καὶ
776 2178 947 2248 δῆλοι.
975 2176 1122 2247 Πλὴν
1152 2178 1251 2230 οὑκ
1279 2179 1335 2229 ὲν
1364 2175 1573 2238 τούτοις
1597 2173 1906 2236 διαπαντὸς,

334 2272 456 2325 οὐδὲ
480 2271 838 2340 ἀπόπεμπτος
866 2268 1173 2339 ὁλότρόπως
1200 2270 1228 2320 ὁ
1264 2266 1478 2337 Ἰσραὴλ
1507 2264 1679 2328 ἔσται,
1719 2265 1911 2336 κεκλή-

338 2373 491 2417 σεται
514 2364 621 2434 γὰρ
646 2362 787 2416 κατά
816 2361 1059 2432 καιροὺς,
1082 2359 1178 2413 καὶ
1207 2357 1519 2429 ἐπιστρέψει
1540 2357 1627 2411 διά
1652 2356 1908 2421 πίστεως,

336 2459 431 2513 καὶ
475 2456 834 2525 ἐπιγνώσεται
878 2455 969 2509 τὸν
999 2453 1106 2508 τῶν
1146 2453 1282 2507 ὅλων
1316 2453 1469 2515 Θεὸν,
1505 2453 1598 2505 καὶ
1636 2451 1733 2504 σὺν
1762 2449 1911 2521 αὐτῷ

228 2557 239 2568 ’
335 2552 426 2606 τὸν
476 2550 658 2611 Δαϐὶδ,
704 2546 967 2611 τουτέστι,
1016 2545 1107 2599 τὸν
1156 2547 1221 2598 ἐκ
1270 2544 1579 2612 σπέρματος
1609 2542 1789 2608 Δαϐὶδ,
1820 2541 1911 2594 τὸν

337 2643 480 2698 κατά
514 2642 691 2712 σάρκα
720 2638 973 2711 Χριστὸν,
1006 2637 1097 2689 τὸν
1126 2635 1235 2688 τῶν
1254 2634 1391 2688 ὅλων
1418 2633 1643 2704 βασιλέα
1681 2633 1774 2686 καὶ
1799 2631 1913 2686 Κύ-

341 2753 472 2808 ριον.
505 2736 638 2787 Τότε
668 2731 755 2804 δὴ,
782 2732 902 2785 τότε
928 2728 1437 2799 καταπλαγήσονται
1477 2725 1575 2796 τῆς
1607 2723 1912 2796 φιλοτιμίας

336 2828 399 2881 τὸ
437 2826 687 2897 μέγεθος,
716 2824 811 2878 καὶ
843 2822 941 2894 τὴν
974 2821 1072 2891 τῆς
1106 2819 1440 2891 ἡμερότητος
1470 2817 1776 2889 ἀμέτρητον
1813 2816 1912 2887 χά-

342 2936 445 2990 ριν,
497 2915 907 2988 Συμμεθέξουσι
939 2912 1048 2985 γὰρ
1077 2913 1174 2982 τῆς
1207 2914 1319 2973 τοῖς
1344 2910 1520 2978 ἁγίοις
1546 2908 1915 2981 ηὐτρεπισμέ-

338 3026 438 3079 νης
486 3007 718 3070 ἐλπίδος,
754 3004 846 3058 καὶ
888 3005 1009 3064 ταῖς
1059 3000 1165 3054 τῶν
1210 2998 1652 3053 πεπιστευκότων
1694 2998 1915 3065 ἀγέλαις

340 3098 561 3169 ἀναμὶξ,
593 3101 651 3151 ἐν
682 3098 816 3168 νομῇ
848 3093 1051 3164 ἀγαθῇ,
1085 3093 1178 3146 καί
1217 3095 1276 3145 ὲν
1321 3091 1470 3162 τόπῳ
1497 3090 1639 3143 πίονι
1669 3087 1914 3160 νεμηθή-

342 3210 543 3247 σονται,
582 3188 787 3260 Καιρδς
819 3186 928 3258 γὰρ
974 3186 1154 3248 αὐτοῖς
1194 3184 1293 3253 τῆς
1325 3183 1466 3236 οὕτω
1511 3182 1791 3253 λαμπρᾶς,
1821 3179 1917 3233 καὶ

340 3283 677 3351 ἀξιαγάστου
731 3280 953 3351 χάριτος
996 3279 1024 3331 ὁ
1074 3277 1381 3338 τελευταῖος
1429 3274 1521 3328 καὶ
1552 3276 1609 3327 ἐν
1647 3273 1914 3342 ἐσχάτοις,

342 3376 440 3430 καὶ
460 3377 517 3428 ἐν
549 3372 789 3445 Χριστῷ,
810 3372 876 3425 δι’
905 3366 985 3433 οὗ,
1017 3372 1112 3423 καὶ
1145 3369 1264 3441 μεθ’
1290 3360 1350 3422 οὗ
1373 3368 1449 3437 τῷ
1478 3365 1597 3432 Θεῷ
1622 3367 1717 3419 καὶ
1741 3365 1918 3437 Πατρὶ

343 3467 378 3537 ἡ
410 3463 555 3529 δόξα,
590 3464 685 3517 σὺν
712 3461 789 3533 τῷ
816 3461 957 3532 ἁγίῳ
989 3460 1289 3531 Πνεῦματι,
1328 3459 1406 3523 εἰς
1427 3457 1553 3522 τοὺς
1582 3457 1779 3521 αἰῶνας
1810 3456 1918 3510 τῶν

344 3556 575 3611 αἰώνων.
624 3555 817 3624 Ἀμήν.

696 3677 1078 3765 ΤΟΜΟΣ
1152 3673 1569 3760 ΤΡΙΤΟΣ.

943 3831 1194 3885 ΚΕΦΑΛ.
1242 3830 1317 3883 Δ’.

422 3949 743 4005 ’Δκοὺσατε
754 3946 939 4015 λόγον
952 3944 1194 4012 Κυρίου,
1209 3940 1326 3996 υἱοὶ
1342 3938 1605 4007 Ἰσραὴλ,
1624 3938 1710 3991 ὅτι
1729 3937 1923 4007 κρίσις

346 4039 434 4107 τῷ
480 4040 675 4109 Κυρίῳ
724 4038 873 4105 πρὸς
921 4036 1063 4101 τοὺς
1124 4032 1553 4097 κατοικοῦντας
1604 4029 1721 4097 τὴν
1771 4028 1920 4098 τῆν’

349 4133 503 4187 διότι
534 4133 647 4187 οὐκ
673 4130 844 4184 ἐστιν
874 4128 1147 4194 ἀλήθεια,
1209 4124 1335 4179 οὐδ’
1362 4125 1555 4190 ἕλεος,
1605 4121 1748 4175 οὐδὲ
1797 4120 1925 4174 ἐπί-

352 4237 574 4293 γνωσις
626 4218 772 4274 Θεοῦ
821 4218 920 4271 ἐπὶ
954 4216 1088 4288 γῆς.
1156 4215 1313 4283 Ἀρὰ,
1374 4214 1473 4268 καὶ
1527 4212 1773 4283 ψεῦδος,
1825 4211 1925 4265 καὶ

351 4314 562 4384 φόνος,
592 4310 692 4364 καὶ
724 4308 945 4377 κλοπὴ,
980 4309 1077 4363 καὶ
1114 4308 1347 4378 μοιχεία
1397 4306 1637 4376 κέχυται
1668 4305 1766 4358 ἐπὶ
1814 4304 1925 4372 τῆς

349 4404 485 4475 Τῆςν
516 4407 614 4459 καὶ
636 4403 854 4472 αἵματα
885 4402 975 4470 ἐφ’
1011 4401 1221 4470 αἵμασι
1254 4400 1605 4470 μίσγουσιν.

422 4511 547 4567 AE'.
598 4512 917 4580 Ἀναγκαῖον
946 4511 1094 4581 ἡμᾶς
1136 4507 1455 4579 διατρανοῦν
1496 4507 1775 4569 ἐθέλοντας
1816 4506 1925 4558 τῶν

2009 2000 2133 2059 erit,
2181 1999 2376 2067 inquit,
2414 2000 2609 2064 altare,
2664 2010 2755 2056 aut
2805 2003 3135 2058 sacriﬁcium
3192 2006 3580 2061 sacerdOtiunt-

2006 2099 2210 2158 que,et
2232 2090 2528 2147 manifesti.
2567 2093 2947 2148 Verumtamen
2972 2110 3078 2149 non
3105 2095 3158 2151 in
3191 2097 3310 2151 istis
3340 2113 3573 2169 semper.

2009 2195 2110 2234 nec
2137 2182 2465 2238 omnimodis
2499 2184 2731 2253 rejeclus
2768 2184 2936 2239 Israel
2977 2187 3248 2254 manebit;
3299 2190 3580 2245 vocabitur

2009 2274 2153 2327 enim
2185 2276 2491 2345 aliquando,
2524 2286 2580 2332 et
2600 2292 2695 2347 per
2726 2278 2885 2332 fidem
2917 2293 3234 2343 conversus,
3260 2281 3428 2337 Deum
3459 2284 3582 2337 uni-

2009 2378 2288 2419 versorum
2342 2376 2617 2437 agnoscet,
2665 2378 2720 2424 et
2749 2384 2869 2423 cum
2924 2371 3042 2440 ipso
3086 2370 3274 2433 David,
3323 2373 3426 2428 hoc
3472 2385 3578 2440 est,

2010 2455 2100 2524 qui
2133 2458 2331 2525 prodiit
2354 2472 2421 2513 ex
2472 2460 2679 2515 semine
2717 2461 2922 2528 David,
2970 2464 3247 2520 Christum
3281 2467 3578 2521 secundum

2009 2565 2250 2613 carnem,
2299 2553 2677 2608 universorum
2708 2570 2888 2625 regem
2941 2572 3007 2612 ac
3067 2557 3376 2612 Dominum.
3405 2560 3579 2624 Tunc,

2013 2651 2143 2697 tunc
2177 2641 2547 2697 beneﬁcentia:
2575 2644 3026 2713 magnitudinem,
3057 2655 3112 2700 et
3150 2649 3585 2703 mansuetudinis

2013 2733 2328 2787 immensam
2360 2734 2590 2801 gratiam
2633 2735 3040 2805 obstupescent.
3094 2736 3389 2806 Participes
3435 2739 3583 2793 enim

2013 2829 2172 2875 erunt
2220 2821 2335 2889 spei
2378 2823 2582 2877 sanctis
2612 2832 2961 2893 praeparatae,
3016 2835 3437 2897 sanctorumque
3490 2842 3586 2898 ag-

2014 2912 2249 2966 minibus
2281 2914 2495 2968 admisti
2530 2914 2582 2967 in
2611 2915 2823 2981 pascuis
2855 2915 3029 2981 bonis,
3087 2923 3142 2969 et
3174 2915 3226 2969 in
3256 2915 3376 2971 loco
3399 2916 3583 2986 pingtti

2014 3013 2325 3073 pascentur.
2356 3003 2593 3073 Tempus
2626 3005 2770 3059 enim
2803 3005 2940 3059 adeo
2973 3005 3271 3075 splendida:
3318 3014 3373 3060 et
3399 3006 3581 3061 admi-

2014 3091 2198 3146 randae
2222 3093 2407 3162 gratiae
2440 3093 2569 3159 ipsis
2591 3094 2695 3147 erit
2719 3104 3021 3149 extremum
3049 3094 3201 3161 illud,
3229 3105 3285 3150 et
3314 3096 3581 3160 ultimum,

2015 3190 2070 3236 et
2105 3181 2157 3236 in
2182 3180 2418 3245 Christo,
2452 3182 2561 3253 63
2617 3198 2713 3252 per
2751 3198 2911 3252 quem
2961 3192 3163 3237 etcum
3218 3198 3325 3253 quo
3375 3183 3486 3240 Deo
3533 3193 3589 3238 et

2017 3272 2163 3328 Patri
2196 3273 2385 3341 gloria,
2419 3290 2543 3328 cum
2575 3283 2769 3329 sancto
2797 3273 3008 3344 Spiritu
3030 3273 3083 3329 in
3116 3275 3313 3330 saecula
3357 3274 3587 3331 saeculo-

2020 3381 2162 3424 rum.
2192 3365 2384 3422 Amen.

2292 3658 2676 3762 l‘OMUS
2775 3672 2999 3760 TER
3036 3673 3331 3761 I‘IUS.

2655 3820 2809 3876 CAP.
2853 3820 2944 3876 IV.

2096 3932 2262 3988 Vens.
2288 3934 2340 3995 i,
2370 3932 2426 3986 2.
2457 3934 2648 3987 Audite
2677 3934 2887 3987 verbum
2963 3931 3196 4000 Domini,
3234 3934 3335 4002 ﬁlii
3400 3934 3592 4002 Israel,

2023 4027 2148 4097 quia
2167 4027 2434 4095 judicium
2484 4025 2710 4080 Domino
2743 4027 2813 4079 ad
2844 4025 3142 4080 habitantes
3188 4037 3426 4094 terram;
3469 4028 3598 4094 quia

2024 4135 2130 4173 non
2151 4128 2226 4172 est
2246 4118 2458 4183 veritas,
2477 4134 2638 4187 neque
2657 4117 3041 4183 misericordia,
3057 4134 3219 4189 neque
3241 4119 3462 4173 scientia
3498 4120 3596 4174 Dei

2025 4223 2182 4271 super
2214 4218 2429 4261 terram.
2456 4206 2849 4270 Malsdictio,et
2871 4208 3225 4273 mendacium,
3274 4219 3323 4263 et
3374 4209 3598 4264 homicio

2025 4301 2191 4364 dium,
2226 4310 2271 4353 et
2313 4298 2536 4366 furtum,
2587 4299 2982 4354 etadullerium
3036 4301 3261 4370 effusum
3311 4310 3389 4355 est
3444 4316 3601 4371 super

2025 4402 2241 4457 terram,
2264 4400 2313 4446 et
2335 4394 2614 4462 sanguines
2645 4392 2702 4445 in
2728 4393 3070 4463 sanguinibus
3109 4394 3346 4448 miscent.

2099 4504 2318 4559 XXXV.
2348 4503 2578 4559 Necesse
2605 4512 2687 4559 est
2738 4519 2838 4559 nos
2879 4506 3209 4560 sententiam
3241 4506 3439 4561 horum
3476 4521 3601 4561 ver-

350 4604 727 4674 προκειμένων
757 4604 850 4657 τὸν
887 4602 1034 4666 νοῦν,
1081 4601 1360 4672 μονονουχὶ
1400 4599 1767 4669 παλινάγρετα
1805 4614 1914 4649 ποι-

2027 4597 2218 4651 bormn
2253 4596 2547 4664 explanare
2571 4596 2841 4661 volentes,
2872 4612 3009 4666 pene
3054 4598 3236 4652 omnia
3264 4612 3293 4651 a
3326 4598 3598 4668 principio

350 4694 529 4748 εἰσθαι
552 4694 623 4752 τὰ
651 4696 709 4748 ἐν
739 4694 955 4765 ἀρχαῖς,
986 4694 1079 4745 καὶ
1108 4692 1227 4745 ὅλον
1250 4691 1436 4762 ὥσπερ
1467 4687 1921 4759 ἀναμηρύσασθαι

349 4786 452 4857 τῆς
484 4785 820 4857 προφητείας
852 4786 942 4839 τὸν
973 4784 1192 4838 σκοπόν.
1235 4784 1462 4849 Οὐκοῦν,
1492 4782 1567 4844 ὡς
1606 4780 1707 4845 ἔνι,
1745 4780 1839 4833 καὶ
1867 4781 1924 4832 ἐν

354 4878 579 4951 βραχέσι
610 4876 963 4945 συνενεγκὼν,
997 4876 1171 4929 ἐκεῖνό
1211 4892 1371 4946 φημι.
1413 4894 1431 4926 ι
1468 4874 1660 4943 Γέγονε
1695 4873 1791 4943 μὲν
1818 4872 1926 4943 γὰρ

352 4968 497 5040 ἀρχὴ
527 4968 683 5037 λόγου
724 4967 927 5039 Κυρίου
977 4969 1034 5020 ἐν
1093 4966 1274 5037 Ὤσηέ.
1315 4986 1333 5019 ι
1368 4965 1821 5037 Διερμηνεύοντες
1870 4964 1927 5017 δὲ

350 5062 426 5114 τὰ
454 5060 652 5123 τοιάδε,
693 5059 828 5127 πρὸς
854 5061 943 5114 τὸν
986 5060 1253 5130 μακάριον
1283 5060 1566 5131 προφήτην
1616 5057 1774 5127 Ὠσηὲ
1803 5056 1928 5118 τοὺς

352 5152 507 5223 παρὰ
532 5151 666 5205 Θεοῦ
697 5151 950 5219 γενέσθαι
980 5150 1171 5220 λόγους
1202 5150 1425 5214 εἰκότως
1455 5149 1736 5217 ἐλέγομεν,
1769 5147 1929 5199 οἱονεὶ¹

356 5243 839 5317 μυσταγωγοῦντος
879 5244 1059 5307 αὐτὸν,
1104 5244 1197 5295 καὶ
1240 5243 1306 5296 τὰ
1337 5243 1567 5313 ἐσόμενα
1604 5257 1930 5311 προαναφω-

354 5335 571 5399 νοῦντος
616 5336 705 5389 διά
736 5352 795 5387 τε
824 5334 1011 5388 τύπων
1066 5336 1160 5388 καὶ
1209 5334 1402 5403 λόγων.
1437 5335 1480 5386 Τ
1484 5334 1624 5405 αῦτῃ
1668 5351 1749 5386 τοι
1786 5350 1929 5404 παρ-

356 5427 693 5497 ελαμῦἀνετο
729 5430 826 5497 μέν
860 5428 916 5480 ἐν
946 5428 1138 5498 ἀρχαῖς
1168 5425 1396 5497 ὴΓόμερ
1418 5442 1429 5454 ·
1466 5425 1642 5479 ἔτικτε
1671 5426 1728 5478 δὲ
1756 5424 1845 5477 τόν
1870 5441 1928 5477 τε

352 5520 418 5574 οὐ
466 5519 593 5573 λαόν
647 5536 770 5590 μου,
816 5520 909 5573 καὶ
956 5519 1055 5589 τὴν
1110 5519 1211 5571 οὐκ
1261 5518 1587 5589 ἠλεημένην.
1638 5515 1771 5572 Εἶτα
1811 5517 1928 5588 μετ’

354 5612 569 5683 ἐκείνην
614 5612 967 5683 προσελήφθη
1016 5611 1242 5681 δευτέρα
1298 5610 1541 5684 μοιχαλίς
1590 5628 1651 5663 τε
1697 5612 1789 5664 καὶ
1835 5626 1931 5662 πο-

348 5702 529 5775 νηρὰ,
577 5703 670 5756 καὶ
718 5703 787 5756 τὰ
819 5703 905 5775 ἐφ’
956 5704 1173 5774 ἐκάστῳ
1222 5700 1422 5755 τούτων
1462 5702 1675 5766 λεπτῶς
1717 5720 1774 5755 τε
1834 5703 1928 5756 καὶ

1544 5862 1589 5893 τ’
1626 5858 1765 5914 Osce
1801 5874 1836 5923 ι,
1875 5860 1923 5911 l.

446 5866 489 5895 ⁷³
525 5864 680 5919 .lnun.
715 5881 805 5927 ιν,
843 5865 924 5919 l'a'.
999 5864 1046 5895 “
1082 5863 1239 5918 Joan.
1271 5876 1380 5925 xtv,
1415 5861 1466 5915 6.

2029 4689 2172 4743 dicta
2227 4702 2523 4754 resumere,
2574 4698 2630 4743 et
2684 4687 2842 4758 quasi
2889 4698 3058 4744 totum
3108 4690 3405 4759 prophetiae
3446 4690 3602 4759 hujus

2030 4795 2252 4849 scopum
2293 4780 2628 4851 recolligere.
2658 4782 2867 4851 itaque,
2910 4793 2972 4837 ut
3018 4784 3166 4847 licet,
3222 4792 3279 4837 et
3314 4783 3367 4837 in
3428 4797 3599 4852 pauca

2030 4872 2317 4928 conferens
2351 4873 2479 4928 illud
2503 4875 2608 4929 aio.
2642 4894 2662 4927 ι
2701 4874 2925 4929 Factum
2972 4888 3055 4930 est
3094 4875 3419 4947 principium
3450 4874 3601 4927 verbi

2031 4964 2245 5018 Domini
2294 4964 2349 5018 in
2382 4965 2519 5020 Osea
2552 4965 2619 5018 ⁷⁸.
2654 4985 2673 5017 ι
2734 4968 2863 5033 Quae
2917 4981 3037 5021 cum
3099 4970 3601 5037 interpretarentur,

2032 5058 2343 5113 dicebamus
2362 5057 2584 5113 verbum
2614 5058 2704 5113 Dei
2733 5061 2798 5111 ad
2828 5060 3038 5113 beatum
3066 5060 3382 5127 prophetam
3408 5054 3601 5112 Oseam

2035 5165 2063 5203 a
2092 5150 2202 5207 Deo
2225 5151 2420 5206 merito
2449 5150 2674 5216 factum,
2703 5151 2866 5205 veluti
2893 5152 3146 5221 mysteria
3176 5151 3349 5220 ipsum
3376 5150 3605 5204 docente

2036 5251 2091 5296 et
2122 5253 2345 5298 ventura
2378 5257 2475 5311 per
2501 5244 2702 5312 figuras
2736 5252 2791 5298 et
2827 5243 2986 5297 verba
3042 5242 3463 5310 przenuntiante.
3512 5237 3601 5291 ld-

2036 5335 2182 5389 circo
2218 5335 2372 5389 initio
2412 5336 2582 5390 ascita
2632 5345 2715 5389 est
2744 5335 2966 5407 Comer,
3000 5334 3316 5404 peperitque
3363 5329 3478 5385 Non
3513 5345 3605 5400 po-

2035 5427 2190 5495 pulus
2250 5444 2422 5491 meus,
2477 5438 2535 5483 et
2586 5428 3015 5484 Blisericordiam
3071 5441 3177 5480 non
3231 5433 3601 5480 consecutam.

2037 5517 2226 5573 Postea
2259 5529 2536 5589 assumpta
2571 5529 2655 5574 est
2685 5520 2854 5576 altera
2903 5528 2955 5575 et
2984 5520 3197 5574 moecha
3231 5528 3287 5575 et
3315 5518 3603 5589 improba;

2033 5621 2085 5666 et
2110 5613 2445 5681 singulorum
2497 5613 2724 5669 istorum
2761 5628 2959 5668 arcana
3001 5613 3271 5669 subtiliter
3320 5622 3603 5668 accurate-

2034 5718 2140 5772 que
2171 5704 2451 5774 propheta,
2485 5711 2542 5759 ut
2571 5704 2680 5759 dixi
2713 5747 2728 5770 ,
2755 5704 2978 5760 edoctus
3001 5712 3103 5760 est.
3132 5702 3410 5773 Tanquam
3438 5700 3603 5773 igitur
