4046 6376
475 467 567 521 HI

1497 463 1556 515 S.
1598 461 1869 517 CYRILLI
1911 459 2378 515 ALEXANDRINI
2417 459 2739 515 ARCHIEP.

3625 463 3728 516 ΗΞ

474 579 716 652 mysterii
747 579 950 634 virtute
1015 579 1155 648 apud
1210 580 1657 650 seundeqttaque
1707 590 1959 650 percepta
1986 589 2038 633 et

2154 579 2386 650 ὶκριδῶς
2426 579 2454 630 ὁ
2488 579 2795 648 προφήτης,
2848 577 2922 641 ώς
2975 577 3131 648 ἔφην,
3183 578 3577 645 ἐξεπαιδεύετο.
3639 577 3727 640 Ὠς

472 671 710 742 cognita,
753 671 1004 740 deinceps
1029 669 1292 726 lsraelitis
1346 672 1527 726 futura
1561 673 1928 742 promulgare,
1985 684 2040 728 et

471 763 798 820 calamitatis
825 763 973 818 brevi
1004 778 1099 819 eos
1133 765 1403 818 invasurae
1435 764 1682 818 nuntium
1719 764 1916 818 eilerre
1944 804 1958 828 ,
1988 774 2044 818 et

469 854 670 925 quibus
731 855 1090 912 exacerbatus
1139 855 1210 910 sit
1275 857 1470 918 Deus,
1526 854 1827 910 clarissime
1871 869 2040 925 expo-

472 959 603 1002 nere
627 945 871 1012 orditur;
898 955 958 1000 ut
985 947 1075 1015 qui
1109 946 1402 1016 puniuntur
1427 946 1603 1000 sciant
1648 957 1708 1000 se
1738 945 1849 1015 pati
1873 945 1996 1014 jure
2024 985 2039 1010 ,

472 1051 810 1108 quaecunque
824 1051 918 1092 eos
932 1038 1042 1107 pati
1063 1037 1372 1107 contigerit.
1389 1036 1522 1092 Cum
1543 1037 1685 1091 enim
1708 1037 1776 1090 ab
1795 1036 2044 1091 hostibus

473 1127 722 1198 capiendi
761 1137 964 1193 essent,
995 1139 1048 1184 et
1068 1128 1303 1184 ludibrio
1327 1128 1494 1183 futuri
1521 1129 1668 1199 ipsos
1696 1135 1850 1183 antea
1875 1127 2046 1182 admi-

473 1220 811 1286 rantibus,et
832 1221 1086 1277 lsraclem
1103 1236 1266 1291 supra
1291 1233 1481 1276 omnes
1501 1231 1687 1291 gentes
1705 1221 1849 1274 alias
1875 1235 1939 1274 ex
1950 1235 2045 1290 pn-

473 1317 639 1378 gnatu
659 1308 1030 1364 difﬁcillimum
1064 1311 1481 1376 arbitrantibu's,
1507 1323 1574 1365 ne
1601 1319 1855 1381 putarent
1883 1311 2045 1364 auxi-

475 1399 745 1456 liatricem
765 1402 1186 1457 etservatricem
1215 1407 1436 1456 manum
1458 1402 1511 1457 in
1538 1402 1670 1472 ipsis
1699 1401 2002 1472 elanguisse
2027 1419 2044 1467 ;

473 1493 568 1547 sed
602 1491 984 1562 resipiscerent
1012 1496 1211 1561 potius,
1239 1501 1292 1548 et
1332 1493 1400 1548 ad
1455 1493 1719 1548 salutaria
1754 1505 2044 1548 recurrere

482 1582 854 1647 instituerent,
907 1585 1211 1654 cogitantes
1263 1586 1388 1655 quia
1437 1599 1534 1654 per
1574 1584 1934 1655 ignorantiam
1963 1581 2048 1636 of-

474 1673 744 1728 fentlerint
789 1687 936 1738 eum,
989 1675 1081 1744 qui
1141 1687 1364 1730 servare
1412 1674 1586 1738 nbvit,
1638 1675 1758 1729 ideo
1805 1672 2048 1727 divinam

476 1765 611 1820 iram
636 1765 688 1820 in
729 1779 789 1821 se
809 1766 1114 1834 exacuisse,
1169 1765 1481 1821 necessario
1511 1766 1676 1820 etiam
1721 1773 1850 1819 ante
1895 1763 2046 1818 futu-

475 1869 659 1910 rorum
709 1857 1166 1926 exspectationem
1194 1857 1403 1913 scelera
1437 1872 1627 1913 eorum
1670 1855 1804 1926 ipsis
1833 1870 2047 1910 annun-

2143 667 2235 724 οὖν
2268 671 2595 742 ἀποχρῶσαν
2629 670 2721 724 τοῦ
2763 671 3062 742 μυστηρίου
3087 672 3185 740 τὴν
3224 671 3457 743 δύναμιν
3492 688 3725 740 συναγη-

2145 761 2356 834 γερκὼς
2403 763 2462 814 ἐν
2507 761 2706 832 ἐαυτῷ,
2757 761 2983 832 ἄρχεται
3031 761 3214 814 λοιπὸν
3243 762 3356 824 τοῖς
3389 760 3449 825 ἐξ
3496 761 3728 831 αἵματος

2157 852 2370 924 Ἰσραὴλ
2399 854 2701 922 ἀναφωνεῖν
2723 853 2791 905 τά
2815 852 3096 922 μέλλοντα,
3124 853 3221 906 καὶ
3245 851 3347 922 τῆς
3367 851 3490 904 ὅσον
3517 851 3725 905 οὐδέπω

2146 946 2526 1018 παρεσομένης
2558 946 2742 1009 αὐτοῖς
2778 946 3061 1016 συμφορᾶς
3086 944 3292 1016 ἐναργῆ
3319 943 3592 998 ποιεῖσθαι
3625 943 3726 1012 τὴν

2146 1037 2440 1106 πρόφασιν,
2487 1037 2581 1089 καὶ
2608 1035 2678 1089 τά
2725 1037 2810 1103 ἐφ’
2851 1031 2933 1098 οἷς
2967 1034 3263 1104 λελύπηται
3291 1034 3446 1098 Θεὸς,
3480 1029 3538 1086 εὖ
3581 1033 3724 1103 μάλα

2147 1127 2466 1201 διατρανοῦν
2492 1143 2506 1156 °
2545 1129 2610 1180 ἵν’
2641 1127 2831 1180 εἰδεῖεν
2874 1129 2923 1180 οἱ
2959 1125 3312 1197 κολαζόμενοι
3357 1126 3620 1189 παθόντες
3669 1126 3726 1178 ἐν

2145 1221 2288 1293 δίκῃ,
2317 1221 2385 1275 τά
2416 1223 2626 1292 ὅσαπερ
2661 1220 2727 1274 ἂν
2751 1219 2991 1290 συμϐαίη
3028 1219 3220 1272 παθεῖν
3247 1218 3462 1283 αὐτούς.
3510 1216 3726 1288 Ἐπειδὴ

2146 1312 2254 1384 γάρ
2289 1312 2510 1383 ἔμελλον
2541 1311 2849 1366 ἁλώσεσθαι
2881 1311 2979 1381 μὲν
3019 1310 3111 1363 ὑπ’
3143 1309 3370 1381 ἐχθρῶν,
3407 1311 3486 1374 είς
3515 1309 3726 1378 γέλωτα

2147 1405 2204 1458 δὲ
2235 1405 2557 1477 προκεῖσθαι
2583 1403 2772 1458 λοιπὸν
2795 1406 2908 1468 τοῖς
2937 1403 3164 1474 ἀρίστην
3191 1403 3404 1473 ἔχουσιν
3427 1402 3604 1456 αὐτῶν
3630 1401 3727 1472 τὴν

2146 1495 2326 1559 δόξαν,
2365 1497 2460 1550 καὶ
2491 1495 2600 1549 τῶν
2648 1495 2823 1550 ἄλλων
2858 1495 3116 1549 ἀπάντων
3148 1493 3320 1548 ἐθνῶν
3350 1492 3726 1547 δυσαλώτατον

2149 1587 2416 1656 ὑπάρχειν
2459 1585 2728 1658 οἰομένοις
2773 1585 2864 1638 τὸν
2925 1581 3161 1654 Ἰσραὴλ,
3203 1582 3291 1636 ἵνα
3335 1581 3410 1654 μὴ
3447 1582 3727 1653 νομίσειαν

2148 1677 2290 1730 κατὰ
2333 1678 2478 1745 σφᾶς
2510 1677 2708 1740 αὐτοὺς
2739 1675 2836 1747 τὴν
2871 1675 3258 1745 ἐπαμύνουσάν
3286 1692 3345 1728 τε
3402 1675 3495 1728 καὶ
3527 1675 3727 1740 σώζου-

2151 1786 2250 1822 σαν
2274 1769 2537 1838 ἀτονῆσαι
2559 1770 2732 1839 χεῖρα,
2759 1766 3188 1835 μεταγινώσκειν
3209 1765 3267 1818 δὲ
3293 1764 3494 1836 μᾶλλον
3523 1765 3728 1818 ἐλοιντό

2148 1873 2209 1909 τε
2247 1857 2343 1910 καὶ
2392 1857 2530 1928 πρὸς
2556 1856 2626 1909 τά
2645 1856 2854 1927 ἀμείνω
2877 1855 3284 1926 παλινδρομεῖν,
3311 1853 3615 1917 ἐννοοῦντες
3645 1857 3727 1908 ὅτι

476 1946 604 2010 tiat,
653 1945 766 2018 64
816 1957 872 2002 et
905 1949 984 2002 ait
1017 1964 1035 2004 :
1069 1965 1091 2001 ι
1130 1948 1332 2004 Audite
1384 1951 1611 2004 verbum
1660 1946 1903 2012 Domini,
1950 1945 2045 2000 ﬁlii

2154 1946 2661 2020 προσκεκρούκασιν
2721 1946 3114 2017 ἀμαθαίνοντες
3167 1945 3244 2016 τῷ
3299 1945 3492 2010 σώζειν
3541 1946 3723 2009 εἰδότι,

473 2035 658 2103 Israel,
705 2038 832 2107 quia
859 2038 1130 2107 judicium
1173 2041 1398 2096 Domino
1453 2040 1522 2096 ad
1565 2039 1873 2095 habitantes
1938 2047 2048 2091 ter-

477 2145 615 2183 ram.
651 2147 671 2181 ι
727 2129 937 2187 .ludicio
983 2139 1164 2186 autem
1206 2132 1486 2188 contendit
1535 2146 1658 2188 cum
1711 2130 2044 2194 hominibus,

475 2235 800 2291 coarguens,
826 2236 933 2277 non
966 2224 1294 2279 sententiam
1351 2224 1650 2293 excipiens,
1699 2230 1756 2278 et
1785 2221 2047 2292 impietati

481 2313 536 2368 in
563 2313 740 2384 ipsum
776 2314 1027 2370 obnoxiis
1080 2325 1264 2385 aperta
1298 2327 1363 2371 ac
1415 2316 1559 2370 nuda
1611 2328 1799 2370 eorum
1842 2313 2048 2368 scelera

476 2406 746 2475 proponit,
781 2405 935 2476 juxta
967 2407 1119 2475 illud,
1155 2408 1348 2478 opinor
1377 2423 1393 2461 :
1434 2425 1454 2458 ι
1490 2408 1725 2477 Arguam
1753 2414 1824 2473 te,
1856 2415 1911 2461 et
1933 2412 2045 2460 sta-

477 2508 628 2552 tuam
665 2509 856 2553 contra
898 2499 1092 2556 faciem
1127 2507 1273 2554 tuam
1302 2498 1622 2568 iniquitates
1653 2507 1782 2552 tuas
1811 2499 1882 2553 ".
1919 2514 1939 2550 ι
1981 2510 2049 2551 ne

478 2599 682 2645 temere
711 2591 846 2645 iram
875 2592 925 2644 in
953 2603 1013 2648 se
1045 2590 1298 2646 collatam
1320 2591 1505 2646 dicant
1535 2607 1552 2657 ;
1596 2590 1690 2646 sed
1723 2598 1782 2644 ut
1808 2588 2048 2644 debitum

479 2681 774 2750 quoddam,
803 2691 859 2736 et
903 2681 1159 2736 maximis
1199 2679 1595 2752 peccatoribus,
1637 2688 1694 2734 et
1733 2678 2052 2734 necessario

475 2774 831 2844 persolutum.
881 2773 1024 2841 Quid
1072 2787 1234 2844 porro
1275 2771 1412 2827 dicit
1467 2773 1558 2841 qui
1598 2769 1888 2838 disceptat,
1938 2770 2052 2823 sive

476 2867 570 2936 qui
603 2865 820 2936 arguit?
871 2883 888 2916 I
945 2880 1050 2920 non
1107 2873 1194 2920 est
1233 2863 1457 2927 veritas,
1513 2877 1612 2917 nec
1651 2859 2049 2923 misericordia,

480 2967 582 3012 nec
609 2957 836 3012 scientia
865 2939 959 3012 Dei
999 2970 1162 3026 super
1201 2964 1428 3011 terram.
1462 2973 1482 3007 ι
1518 2954 1671 3020 Quod
1695 2953 1914 3017 dicitur,
1944 2964 2048 3006 non

479 3063 606 3105 esse
655 3049 966 3112 veritatem,
1001 3047 1055 3103 id
1085 3048 1360 3111 insinuat,
1408 3057 1464 3102 et
1513 3048 1900 3103 convenienter
1949 3046 2049 3099 ad-

480 3141 722 3206 modum,
753 3137 895 3209 apud
918 3153 1112 3195 omnes
1140 3152 1238 3209 per
1281 3139 1336 3194 Id
1365 3148 1575 3208 tempus
1619 3139 1847 3192 multum
1883 3137 2051 3193 fuisse

2145 2041 2424 2109 ταύτητοι,
2455 2039 2555 2092 καὶ
2601 2038 2954 2092 πεπτώκασιν
3001 2039 3106 2092 ὑπὸ
3144 2037 3294 2092 θείαν
3325 2038 3513 2111 ὀργὴν,
3561 2039 3727 2106 ἀναγ-

2148 2131 2318 2194 καίως
2349 2131 2533 2193 αὐτοῖς
2562 2130 2657 2182 καὶ
2675 2129 2780 2200 πρό
2796 2147 2860 2196 γε
2888 2128 2994 2182 τῶν
3029 2129 3246 2182 ἔσεσθαι
3263 2129 3730 2200 προσδοκωμένων

2148 2222 2630 2296 προσαπαγγέλλει
2659 2224 2726 2275 τὰ
2764 2222 3105 2290 ἐγκλήματα,
3137 2222 3233 2275 καί
3256 2238 3453 2292 φησιν’
3493 2240 3510 2272 ι
3551 2220 3731 2273 Ἀκού-

2150 2330 2277 2365 σατε
2307 2313 2463 2382 λόγον
2497 2312 2724 2383 Κυρίου,
2773 2314 2825 2364 οἱ
2859 2315 2965 2364 υίοὶ
3024 2311 3270 2383 Ίσραήλ’
3324 2312 3406 2365 ὅτι
3447 2310 3626 2382 κρίσις
3651 2309 3730 2380 τῷ

2148 2403 2339 2476 Κυρίῳ
2372 2404 2507 2475 πρὸς
2529 2405 2656 2467 τοὺς
2688 2401 3080 2466 κατοικοῦντας
3108 2403 3208 2472 τὴν
3235 2402 3360 2474 γῆν.
3397 2415 3422 2454 δ
3466 2403 3726 2472 Κρίνεται

2149 2496 2206 2550 δὲ
2245 2497 2384 2567 πρὸς
2415 2495 2736 2566 ἀνθρώπους
2768 2495 2922 2560 Θεὸς,
2965 2494 3223 2565 ἐλέγχων,
3254 2495 3315 2548 οὐ
3356 2493 3728 2563 δικαζόμενος,

2149 2587 2242 2640 καὶ
2271 2587 2590 2658 παρατιθεὶς
2619 2589 2732 2649 τοῖς
2773 2587 2856 2650 είς
2889 2587 3049 2640 αὑτὸν
3089 2584 3508 2656 δεδυσσεὸηκόσι
3548 2583 3731 2653 γυμνά

2149 2677 2218 2730 τά
2250 2677 2592 2748 ἐγκλήματα,
2620 2675 2742 2730 κατ’
2772 2675 2947 2730 ἐκεῖνό
2977 2682 3081 2728 που
3111 2675 3252 2746 τάχα
3292 2674 3354 2728 τὸ
3385 2675 3444 2726 ἐν
3472 2675 3721 2744 Ψαλμοῖς

2151 2769 2486 2840 ὑμνούμενον
2520 2785 2534 2798 ο
2566 2788 2586 2820 ι
2633 2767 2869 2836 Ἑλέγξω
2911 2781 2994 2831 σε,
3045 2767 3139 2820 καὶ
3200 2767 3542 2838 παραστήσω
3591 2767 3732 2834 κατά
3787 2807 3789 2809 .

2150 2861 2440 2932 πρόσωπόν
2483 2875 2579 2912 σου
2624 2859 2723 2923 τάς
2762 2860 3000 2928 ἀνομίας
3048 2875 3143 2912 σου
3170 2874 3186 2890 ο
3229 2875 3248 2909 ι
3292 2858 3379 2911 ἵνα
3427 2856 3502 2927 μὴ
3553 2857 3731 2928 μάτην

2149 2955 2332 3017 αὐτοῖς
2360 2952 2725 3023 ἐπενηνέχθαι
2755 2952 3010 3021 φάσκωσι
3059 2951 3157 3023 τὴν
3188 2951 3381 3023 ὀργὴν,
3409 2949 3524 3005 ἀλλ’
3568 2949 3645 3012 ώς
3674 2953 3731 3001 ἐν

2148 3045 2463 3116 ὀφλήματος
2490 3044 2642 3111 τάξει
2670 3044 2877 3108 λοιπὸν,
2909 3045 3002 3098 καὶ
3027 3047 3140 3107 τοῖς
3175 3043 3246 3096 τά
3291 3046 3526 3114 μέγιστα
3552 3042 3730 3113 πλημ-

2153 3135 2337 3207 μελεῖν
2390 3136 2628 3202 εἰωθόσι,
2675 3137 2764 3189 καὶ
2801 3135 2861 3200 ἐξ
2892 3136 3140 3206 ἀνάγκης
3189 3134 3614 3205 συμϐαίνουσαν.
3665 3131 3732 3184 Τί

479 3232 898 3298 calumniarum,
941 3229 1203 3301 periurii,
1247 3229 1475 3286 fallaciae
1517 3246 1584 3285 ac
1619 3229 1750 3295 doli,
1799 3237 2046 3285 extrema

2154 3229 2206 3283 δέ
2235 3247 2401 3300 φησιν
2428 3231 2457 3282 ό
2486 3230 2825 3300 κρινόμενος,
2859 3231 2977 3299 ἦτοι
3009 3228 3338 3298 διελέγχων;
3379 3245 3400 3278 t
3443 3228 3555 3279 Οὐκ
3587 3225 3732 3279 ἔστιν

483 3322 753 3380 malorum
803 3322 1070 3378 omnium.
1127 3323 1318 3378 Fuisse
1365 3337 1498 3377 vero
1527 3337 1625 3376 nec
1668 3323 2047 3389 redamantes,

481 3430 584 3472 nec
629 3413 1062 3471 misericordiam
1114 3414 1370 3469 habuisse
1402 3415 1568 3469 corde
1607 3415 1841 3483 rigidos,
1877 3415 2054 3469 immi-

483 3519 591 3575 tes,
622 3507 804 3562 animo
831 3505 1171 3568 obﬁrmatos.
1209 3507 1344 3562 satis
1368 3508 1655 3563 ostendere
1677 3517 1880 3578 potest,
1909 3507 2052 3577 quod

483 3603 717 3666 dicitur,
764 3615 871 3654 non
919 3613 1039 3654 esse
1093 3601 1235 3668 apud
1280 3613 1375 3655 eos
1415 3599 1870 3654 misericordiam.
1925 3600 2054 3653 Esse

486 3705 665 3749 autem
693 3691 991 3760 voluptatis
1016 3691 1216 3761 potius,
1249 3706 1410 3761 quam
1438 3691 1533 3746 Dei
1575 3700 1848 3755 amantes,
1871 3701 1926 3746 et
1949 3691 2056 3745 diis

487 3783 880 3842 eotntnentitiis
931 3785 1147 3853 penitus
1188 3784 1455 3848 addictos,
1513 3783 1740 3853 insuper
1789 3783 2054 3850 declarat,

485 3893 613 3932 cum
656 3875 751 3931 Dei
801 3874 1086 3931 scientiam
1142 3889 1249 3930 non
1296 3888 1418 3930 esse
1476 3876 1532 3930 in
1592 3876 1751 3932 terris
1802 3874 2055 3930 aﬂirtnat.

482 3967 757 4022 Praeterea
806 3981 913 4021 non
969 3965 1226 4021 indecens
1275 3964 1460 4034 fuerit,
1513 3976 1621 4022 tam
1679 3967 1836 4024 tetris
1867 4007 1883 4034 ,
1936 3976 1992 4023 et
2026 3984 2058 4021 a

486 4057 697 4112 ratione
722 4055 914 4111 alienis
954 4055 1098 4110 vitiis
1117 4057 1440 4123 obstrictos,
1489 4058 1748 4113 arbitrari
1781 4073 1850 4114 ne
1893 4073 2057 4114 nosse

485 4149 704 4216 quidem
732 4145 963 4216 amplius
995 4147 1162 4201 Deum
1207 4149 1529 4218 :‘siquidcm
1561 4165 1724 4206 nosse
1769 4151 1923 4206 illum
1975 4152 2060 4206 di-

485 4241 657 4294 cimus
679 4255 802 4295 cum
835 4240 972 4294 bene
1005 4239 1072 4294 de
1104 4254 1169 4294 eo
1203 4241 1513 4308 {sentientes
1556 4242 1753 4296 divina:
1800 4242 1917 4310 ejus
1961 4257 2060 4298 vo-

483 4333 678 4388 luntati
710 4333 1166 4388 ohsecundamus.
1192 4333 1448 4404 Adjungit
1475 4334 1583 4399 his,
1627 4351 1647 4387 ι
1683 4334 2057 4402 maledictum,

488 4427 856 4493 mendacium,
888 4427 1269 4493 homicidium,
1296 4426 1526 4494 furtum,
1571 4427 1898 4487 adulterium
1929 4430 2062 4486 cffu-

485 4535 603 4575 sutn
637 4535 759 4575 esse
783 4533 947 4588 super
979 4527 1201 4582 terram,
1246 4528 1302 4574 et
1331 4519 1548 4574 misceri
1599 4522 1888 4591 sanguines
1929 4537 2059 4577 san-

2153 3321 2397 3392 ἀλήθεια,
2441 3321 2562 3374 οὐδὲ
2610 3320 2778 3384 ἔλεος,
2817 3320 2939 3373 οὐδὲ
2985 3320 3281 3388 ἐπίγνωσις
3321 3319 3458 3373 Θεοῦ
3497 3321 3592 3373 ἐπ)⁸
3634 3319 3733 3388 τῆς

2153 3413 2276 3481 γῆς.
2315 3431 2340 3464 ”)
2377 3414 2450 3467 Τδ
2482 3414 2582 3483 μὲν
2613 3408 2705 3466 οὖν
2737 3412 2995 3482 ἀλήθειαν
3042 3414 3117 3483 μὴ
3160 3408 3296 3466 εἶναι
3325 3412 3524 3481 λέγειν,
3561 3413 3734 3482 ὑπεμ-

2155 3507 2375 3576 φήνειεν
2409 3505 2476 3559 ἂν
2503 3505 2597 3558 καὶ
2630 3504 2774 3575 μάλα
2803 3489 3045 3568 εἰκότως,
3073 3504 3157 3557 ὅτι
3194 3501 3394 3574 πολλὴν
3423 3501 3572 3574 παρά
3597 3505 3733 3556 πᾶσι

2155 3598 2274 3650 κατ’
2309 3599 2482 3650 ἐκεῖνο
2509 3595 2703 3666 καιροῦ
2732 3595 2952 3664 γέγονεν
2979 3597 3010 3664 ἡ
3044 3594 3396 3663 συκοφαντία,
3440 3593 3732 3664 ψευδορκία

2155 3706 2212 3741 τε
2244 3689 2336 3742 καὶ
2375 3688 2580 3758 ἀπάτη,
2615 3687 2710 3741 καὶ
2738 3687 2906 3753 δόλος,
2952 3687 3023 3740 τά
3070 3688 3287 3741 πάντων
3327 3687 3582 3757 αἴσχιστα
3627 3687 3732 3739 τῶν

2156 3780 2363 3835 κακῶν.
2392 3781 2513 3833 Ὅτι
2541 3779 2596 3832 δὲ
2625 3775 2765 3850 ἦσαν
2811 3779 3159 3850 ἀφιλάλληλοί
3190 3797 3248 3833 τε
3281 3780 3375 3833 καὶ
3408 3779 3734 3850 ἀφιλοικτίρ-

2161 3891 2338 3944 μονες,
2389 3871 2641 3940 ἄτεγκτοί
2695 3888 2756 3924 τε
2803 3873 2898 3926 καὶ
2945 3872 3297 3943 ἀτεράμονες,
3345 3871 3439 3925 καὶ
3483 3872 3578 3925 τὸν
3613 3871 3733 3924 νοῦν

2157 3965 2582 4036 ἀπεσκληκότες,
2609 3945 3011 4035 ὕῃσημῆνειεν
3055 3964 3121 4018 ἂν
3164 3965 3227 4017 τὸ
3271 3963 3346 4036 μὴ
3393 3964 3534 4018 εἶναι
3563 3965 3731 4028 ἕλεος.

2163 4058 2283 4110 ’Ὁτι
2313 4057 2369 4110 δέ
2401 4057 2672 4127 φιλήδονοι
2703 4057 2904 4126 μᾶλλον
2958 4057 2992 4126 ἢ
3017 4055 3275 4124 φιλόθεοι,
3309 4057 3402 4110 καὶ
3439 4058 3550 4120 τοῖς
3577 4057 3736 4126 ψευδ-

2157 4151 2396 4222 ωνύμοις
2443 4152 2586 4215 θεοῖς
2631 4153 2938 4222 όλοτρόπως
2994 4152 3382 4223 προσκείμενοι
3407 4190 3422 4214 ,
3487 4153 3740 4222 σαφηνιεῖ

2160 4245 2342 4310 πάλιν,
2372 4246 2666 4313 ἐπίγνωσιν
2699 4243 2833 4297 Θεοῦ
2866 4244 2939 4314 μὴ
2970 4240 3108 4296 εἶναι
3145 4243 3320 4311 λέγων
3365 4243 3454 4296 ἐπὶ
3483 4246 3584 4314 τῆς
3607 4243 3732 4315 γῆς.

2165 4337 2373 4400 Ἀλλως
2397 4354 2458 4389 τε
2483 4336 2681 4407 πρέποι
2710 4338 2775 4388 ἂν
2804 4337 3029 4399 εἰκότως
3061 4337 3173 4399 τοῖς
3212 4337 3332 4398 ταῖς
3366 4333 3508 4387 οὕτω
3539 4335 3740 4398 δειναῖς

2161 4429 2412 4492 ἀτοπίαις
2459 4427 2830 4498 ἐνισχημένοις
2861 4427 2956 4480 καὶ
2992 4427 3054 4481 τὸ
3094 4426 3269 4480 δοκεῖν
3310 4427 3411 4497 ἤδη
3445 4445 3561 4490 πως
3605 4427 3739 4496 μηδέ

2162 4519 2359 4573 εἰδέναι
2385 4520 2536 4574 Θεόν.
2577 4517 2748 4590 Εἴπερ
2778 4519 2976 4572 εἰδέναι
3015 4519 3196 4589 φαμὲν
3223 4519 3386 4572 αὑτὸν
3419 4517 3742 4590 φρονοῦντος

484 4612 760 4682 guinibtts.
798 4629 817 4664 ι
845 4611 1014 4666 Audis
1040 4613 1312 4681 quomodo
1335 4613 1386 4666 in
1413 4627 1582 4681 genus
1601 4627 1764 4669 omne
1791 4614 2051 4670 scelerum

2159 4612 2352 4684 ὀρθῶς,
2383 4613 2478 4665 καὶ
2504 4613 2630 4676 τοὺς
2656 4615 2768 4676 τοῖς
2816 4612 2980 4675 θείοις
3012 4611 3177 4665 αὐτοῦ
3211 4611 3509 4682 θελήμασιν
3537 4612 3740 4682 ἐπομέ-

489 4703 799 4772 pmoipites
831 4703 1100 4768 abierint,
1138 4713 1192 4758 et
1221 4704 1360 4758 ultra
1417 4705 1552 4760 lines
1588 4706 1882 4776 impietatis
1930 4723 2062 4778 pro-

485 4795 680 4864 gressi,
711 4795 775 4848 de
801 4791 998 4864 quibus
1025 4811 1206 4851 sermo
1235 4807 1341 4861 est,
1369 4797 1502 4851 nihil
1526 4801 1876 4868 quantumvis
1905 4801 2062 4868 longe

487 4884 971 4940 insolentissimum
1019 4886 1358 4957 inexpertum
1409 4888 1770 4959 reliquerint?
1821 4890 1888 4945 Et
1917 4891 2060 4961 quod

485 4978 572 5032 his
619 4977 794 5032 adhuc
826 4993 854 5030 a
885 4976 1096 5033 ratione
1141 4979 1306 5032 distat
1340 4978 1576 5050 longius,
1647 4999 1666 5032 ι
1723 4981 2014 5050 sanguines
2043 5019 2060 5046 ,

485 5067 681 5136 inquit,
730 5068 1087 5137 sanguinibus
1127 5069 1379 5126 miscent.
1419 5090 1440 5124 ι
1479 5069 1594 5127 Hoc
1647 5073 1811 5127 etiam
1845 5073 2056 5142 signum

485 5160 649 5215 fuerit
699 5160 1048 5216 manifestum
1082 5200 1098 5226 ,
1147 5175 1323 5230 neque
1372 5163 1617 5220 inducias
1673 5165 1934 5220 malorum
1991 5167 2060 5221 ah

487 5253 554 5307 iis
603 5253 852 5321 admitti,
909 5267 1086 5324 neque
1135 5251 1442 5322 huiusmodi
1516 5254 1817 5312 facinorum
1869 5272 2060 5327 perpe-

487 5354 722 5400 tratores
770 5345 876 5399 ulla
927 5345 1264 5416 ptenitttdine
1324 5354 1495 5402 tactos
1551 5363 1786 5418 unquam
1831 5347 2052 5417 fuisse;

484 5436 580 5488 sed
608 5436 828 5492 assiduo
857 5447 1137 5506 peccatum
1174 5433 1396 5508 pece'ato
1451 5441 1758 5496 cumulare.
1808 5439 1915 5496 Sed
1952 5443 2051 5496 ista

485 5510 702 5594 quidem
759 5543 856 5598 pro
908 5529 1247 5600 expositione
1309 5529 1554 5587 faciliore
1605 5547 1670 5589 ac
1728 5534 2059 5604 promptiore

485 5618 630 5672 dicta
659 5629 840 5674 sunto.

2165 4722 2310 4767 νους.
2329 4705 2675 4776 Προσεπάγει
2691 4704 2748 4757 δὲ
2765 4703 2992 4768 τούτοις,
3007 4705 3116 4757 ὄτισ
3141 4703 3294 4774 Ἀρὰ,
3310 4703 3402 4757 καὶ
3417 4702 3627 4772 ψεῦδος,
3645 4703 3742 4757 καὶ

2163 4798 2344 4868 φόνος,
2375 4797 2470 4851 καὶ
2502 4797 2696 4868 κλοπὴ,
2728 4798 2821 4851 καὶ
2865 4798 3078 4868 μοιχεία
3105 4799 3333 4869 κέχυται
3363 4798 3454 4850 ἐπὶ
3480 4795 3577 4866 τῆς
3617 4797 3740 4866 γῆς,

2163 4889 2259 4944 καὶ
2305 4889 2512 4960 αἵματα
2565 4890 2650 4958 ἐφ’
2676 4889 2869 4959 αἵμασι
2918 4890 3223 4960 μίσγουσιν.
3264 4907 3282 4940 t
3332 4889 3576 4950 Ἀκούεις
3597 4889 3743 4949 ὅπως

2163 4982 2242 5046 είς
2272 4981 2423 5052 λῆξιν
2450 4981 2618 5052 ἦκασι
2653 4982 2854 5046 παντὸς
2893 4982 3085 5047 κακοῦ,
3115 4983 3210 5036 καὶ
3247 4983 3477 5035 ἀνοσίων
3499 4983 3744 5051 ἐγχειρη-

2167 5073 2353 5145 μάτων
2379 5072 2634 5126 ἐπέκεινα
2665 5072 2872 5135 λοιπδν,
2891 5075 2938 5127 οἱ
2967 5091 3031 5126 πε
3042 5075 3093 5146 pi
3111 5068 3186 5127 ὧν
3205 5075 3233 5127 ό
3255 5073 3434 5142 λόγος,
3462 5073 3571 5126 τῶν
3604 5072 3744 5139 ἄγαν

2162 5164 2553 5218 ἐκτοπωτάτων
2571 5162 2721 5218 οὐδὲν
2748 5164 2940 5228 ἐῶντες
2960 5164 3371 5236 ἀνεπιτήδευτον
3393 5183 3407 5231 ;
3437 5165 3547 5218 Καὶ
3582 5163 3642 5216 τὸ
3664 5161 3745 5214 ἔτι

2161 5252 2351 5306 τούτου
2377 5252 2848 5324 παραλογώτερον,
2871 5254 3080 5326 αἵματα
3101 5255 3186 5324 ἐφ’
3216 5256 3413 5326 αἵμασι
3455 5255 3737 5326 μίσγουσι,

2163 5346 2314 5418 φησί.
2357 5347 2592 5416 Σημεῖον
2644 5346 2688 5400 δ’
2728 5347 2795 5402 ἂν
2831 5347 3039 5416 γένοιτο
3084 5348 3180 5402 καὶ
3217 5347 3375 5402 τοῦτο
3414 5347 3604 5415 σαφὲς,
3649 5343 3745 5397 τοῦ

2166 5441 2301 5510 μήτε
2347 5438 2638 5510 ἀνακωχὴν
2685 5439 3166 5512 παρεισκρίνεσθαι
3203 5442 3315 5503 τοῖς
3347 5441 3584 5500 κακοῖς·-
3603 5437 3745 5508 μήτε

2169 5530 2276 5603 μὴν
2298 5532 2356 5583 ἐν
2387 5530 2724 5602 μεταγνώσει
2754 5531 2862 5585 τῶν
2889 5532 3306 5602 τετολμημένων
3335 5529 3456 5599 γενέ
3470 5530 3585 5584 σθαι
3619 5527 3748 5590 τοὺς

2168 5624 2514 5695 δεδρακότας,
2546 5623 2746 5694 συνεχῆ
2784 5624 2839 5677 δὲ
2872 5623 3062 5695 ῶσπερ
3099 5623 3194 5676 καὶ
3234 5621 3536 5692 ἐπάλληλον
3569 5636 3748 5691 παρα-

484 5707 741 5763 πτάσθαι
782 5712 880 5781 τὴν
927 5711 1222 5782 ἁμαρτίαν.
1265 5712 1424 5769 Ἀλλὰ
1471 5717 1627 5768 ταυτὶ
1693 5715 1789 5787 μὲν
1819 5716 2060 5787 εἰρήσθω
2129 5717 2263 5787 πρὸς
2303 5717 2629 5788 διασάφησιν
2663 5717 2761 5787 τὴν
2790 5716 3231 5788 προχειροτέραν.

525 5887 570 5919 ⁷⁸
601 5886 744 5942 Psal.
774 5902 930 5955 Διιιιιι,
967 5886 1063 5942 2|.
