4046 6376
375 352 474 409 H3

1305 326 1858 402 COMMENTARIUS
1897 339 1961 394 IN
1997 339 2229 396 ossam
2270 338 2708 393 pnoHtE'rAM.
2761 329 2770 338 '

3527 340 3628 398 ίίιῐ

445 476 632 528 Ἔοικε
660 474 717 526 δὲ
751 473 912 528 πάλιν
938 473 966 525 6
997 473 1265 543 μακάριος
1296 471 1581 542 προφήτης
1614 467 1950 540 μυστικωτέ·

2126 463 2349 518 Videtur
2383 473 2560 518 autem
2589 465 2777 518 beatus
2803 464 3064 532 propheta
3100 478 3316 519 rursum
3353 479 3614 520 arcanam

334 561 337 564 ’
377 581 474 629 ραν
508 563 779 617 ποιεῖσθαι
807 565 940 635 ἡμῖν
969 563 1070 634 τὴν
1098 564 1396 633 ἀφήγησιν,
1432 562 1527 615 καὶ
1567 558 1949 614 καταιτιᾶσθαι

337 657 462 727 ¹τὸν
503 654 726 725 Ἰσραὴλ
771 655 864 707 ἐπὶ
907 657 1026 718 ταῖς
1073 657 1154 718 είς
1203 653 1436 724 Χριστὸν
1482 652 1809 724 παροινίαις,
1859 651 1952 705 καὶ

334 764 338 768 ·
377 746 711 815 μιαιφονίαις
754 747 876 808 ταῖς
905 747 985 810 είς
1011 745 1171 798 αὑτὸν
1199 747 1296 798 καὶ
1320 743 1528 813 ἁγίους.
1568 762 1587 796 t
1624 744 1818 816 Κρίσις
1844 743 1953 812 γὰρ

372 835 451 904 τῷ
486 834 678 906 Κυρίῳ
706 834 844 904 πρὸς
868 837 994 899 τοὺς
1021 835 1407 898 κατοικοῦντας
1450 833 1550 906 τὴν
1574 835 1695 905 γῆν.
1737 854 1756 887 ι
1811 834 1951 887 Ἀνθ’

373 927 523 986 ὅτου,
559 925 651 979 καὶ
683 927 778 978 ἐπὶ
806 926 984 993 τίσιν;
1045 925 1322 998 Ἐπεφάνη
1371 927 1478 997 γὰρ
1505 929 1639 995 ἡμῖν
1675 928 1704 980 6
1752 925 1955 997 Κύριος

378 1016 536 1088 ¹ἡμῶν
574 1017 780 1081 Ἰησοῦς
807 1019 836 1070 6
869 1019 1122 1091 Χριστὸς,
1155 1020 1248 1072 καὶ
1274 1019 1576 1090 ἀπεστάλη,
1608 1018 1752 1072 καθά
1793 1036 1955 1088 φησιν

383 1108 559 1171 αὐτὸς,
590 1127 608 1159 t
645 1109 741 1172 Είς
765 1108 835 1162 τὰ
859 1109 1176 1163 ἀπολωλότα
1205 1109 1452 1181 πρόϐατα
1483 1111 1631 1162 οἴκου
1668 1109 1903 1180 Ἰσραὴλ.
1933 1129 1950 1160 ι

385 1201 469 1254 ἵνα
497 1200 705 1271 φωτίσῃ
752 1204 818 1272 τῇ
871 1201 960 1256 διὰ
992 1201 1304 1272 Πνεύματος
1354 1200 1608 1271 δᾳδουχίᾳ
1647 1200 1776 1263 τοὺς
1803 1201 1960 1252 ἐσκο-

384 1292 688 1362 τισμένους,
737 1293 823 1346 ἵνα
865 1293 966 1364 τῆς
994 1294 1224 1363 νομικῆς
1268 1292 1581 1357 ἀπαλλάξας
1629 1293 1805 1356 ext-ig,
1849 1294 1958 1355 τοῖς

383 1383 479 1452 τῆς
508 1382 744 1453 ἀληθοῦς
771 1383 1028 1454 λατρείας
1057 1383 1330 1454 ὲμὸιϐἁσῃ
1353 1383 1598 1454 τρόποις,
1631 1381 1717 1437 ἵνα
1742 1382 1960 1436 δικαιὼ-

385 1490 482 1536 σας
511 1475 578 1544 τῇ
631 1473 812 1526 πίστει
859 1473 984 1537 τοὺς
1023 1476 1143 1534 ταῖς
1188 1473 1482 1544 ἁμαρτίαις
1515 1471 1957 1541 ἐνειλημμένους,

385 1563 596 1637 συνάψῃ
623 1564 688 1618 δι’
720 1564 912 1618 ἑαυτοῦ
946 1564 1024 1634 τῷ
1054 1564 1172 1635 Θεῷ
1206 1566 1298 1618 καὶ
1327 1562 1522 1635 Πατρί.
1553 1563 1691 1630 Ἀλλ’
1716 1563 1816 1615 οὐκ
1844 1562 1960 1615 ὲδό-

382 1669 468 1704 κει
519 1656 735 1724 φρονεῖν
778 1652 953 1723 ὀρθῶς
1003 1656 1115 1718 τοῖς
1161 1653 1221 1718 ἐξ
1280 1654 1514 1725 Ἰσραήλ.
1559 1652 1664 1706 Τὸν
1709 1652 1819 1724 γὰρ
1867 1651 1960 1706 ἐπὶ

381 1743 590 1807 τούτοις
617 1744 678 1808 ἐξ
709 1745 954 1815 οὐρανῶν
980 1745 1279 1815 ἀφιγμένον
1303 1745 1720 1817 ἐκϐεϐλήκασιν,
1767 1745 1958 1799 ἀπεδο-

2054 556 2340 625 quamdam
2371 567 2424 610 et
2451 556 2733 626 mysticam
2757 556 2911 612 nobis
2936 557 3304 612 narrationem
3333 557 3624 621 adducere,

2055 659 2113 702 et
2156 647 2410 702 lsraelem
2457 656 2679 717 propter
2714 647 3175 704 debacchationes
3216 649 3268 703 in
3316 649 3624 709 Christum.

2053 747 2109 794 et
2137 738 2311 795 caedes
2347 737 2400 792 in
2445 737 2618 806 ipsum
2656 746 2713 792 et
2752 747 2974 792 sanctos
3007 737 3128 807 ejus
3168 736 3492 792 commissas
3536 752 3630 790 ac-

2056 844 2271 885 cusare.
2331 847 2350 880 (
2411 827 2684 884 Iudicium
2729 831 2874 886 enim
2925 830 3155 884 Domino
3210 829 3276 882 ad
3318 829 3630 885 habitantes

2058 931 2282 977 terram.
2319 939 2336 974 ι
2361 919 2652 987 Quorsum,
2703 931 2757 976 et
2788 922 2985 990 quibus
3028 921 3096 976 de
3124 921 3344 978 causis?-
3367 921 3632 991 Apparuit

2056 1013 2201 1068 enim
2228 1011 2383 1085 nobis
2414 1013 2673 1067 Dominus
2703 1023 2888 1066 noster
2911 1012 3073 1068 Jesus
3105 1013 3380 1077 Christus,
3413 1021 3467 1068 et
3501 1011 3633 1065 is-

2057 1118 2172 1170 sus,
2205 1104 2344 1158 sicut
2391 1103 2469 1157 ait
2507 1105 2641 1173 ipse.
2675 1104 2740 1157 ad
2780 1117 2910 1159 oves
2948 1119 3071 1174 quae
3118 1105 3399 1174 perierunt
3439 1106 3633 1159 domus

2060 1195 2226 1250 Israel
2253 1196 2321 1258 ",
2362 1213 2379 1246 ι
2416 1193 2524 1265 65
2557 1205 2615 1249 ut
2647 1195 2888 1252 tenebris
2910 1204 3128 1262 opertos
3156 1195 3392 1262 Spiritus
3423 1194 3632 1249 facibus

2060 1283 2431 1350 illuminaret;
2473 1295 2531 1338 ut
2564 1285 2827 1355 legalibus
2871 1286 3077 1339 umbris
3119 1285 3404 1353 expeditos
3435 1284 3502 1338 ad
3543 1297 3634 1337 ve-

2061 1391 2177 1430 ram
2212 1377 2380 1431 divini
2403 1377 2582 1433 cultus
2606 1393 2851 1432 normam
2903 1377 3291 1438 introduceret.
3325 1393 3435 1448 quo
3467 1377 3630 1448 justi-

2063 1467 2249 1522 licatos
2274 1484 2369 1538 per
2393 1469 2574 1538 tidem,
2599 1471 2691 1541 qui
2717 1481 2878 1526 erant
2896 1471 3137 1541 peccatis
3153 1471 3422 1541 impliciti,
3461 1485 3556 1541 per
3571 1485 3635 1525 se

2062 1573 2182 1612 cum
2208 1559 2318 1616 Deo
2344 1571 2399 1616 et
2417 1560 2578 1617 Patre
2597 1562 2974 1634 conjungeret.
3003 1562 3203 1618 Verum
3229 1563 3414 1618 lsraeli
3429 1578 3532 1619 non
3551 1569 3637 1618 est

2061 1648 2235 1703 visum
2262 1666 2474 1721 sapere.
2508 1652 2658 1708 Illum
2686 1667 2920 1724 namque
2950 1654 3040 1723 qui
3071 1653 3227 1720 hujus
3248 1669 3380 1724 ergo
3403 1655 3468 1707 de
3493 1653 3636 1708 coelo

2063 1753 2304 1808 venerat,
2333 1743 2632 1814 ejecernnt,
2671 1745 3035 1813 reprobarunt
3065 1747 3351 1800 veritatem
3387 1753 3443 1799 et
3474 1745 3638 1800 mise-

385 1836 644 1905 κίμασαν,
663 1838 764 1890 οὐκ
787 1837 1055 1907 ἠθέλησαν
1077 1837 1217 1906 ἔχειν
1243 1839 1300 1890 ἐν
1325 1838 1536 1898 ἑαυτοῖς
1556 1836 1653 1906 τὴν
1682 1836 1956 1906 ἀλήθειαν,

2073 1831 2372 1898 ricordiam,
2402 1835 2686 1889 scientiam
2709 1835 2798 1888 Dei
2826 1844 2881 1888 et
2903 1834 3081 1891 Patris
3105 1849 3288 1890 secum
3317 1836 3519 1889 habere
3539 1848 3638 1888 uo-

381 1925 444 1978 τὸ
498 1924 677 1990 ἔλεος,
734 1926 833 1997 τὴν
900 1927 1193 1995 ἐπίγνωσιν
1249 1927 1342 1979 τοῦ
1388 1926 1525 1980 Θεοῦ
1587 1928 1680 1980 καὶ
1721 1925 1956 1998 Πατρός.

385 2017 509 2071 Ὅτι
543 2018 653 2089 γὰρ
681 2019 910 2089 ἀλήθειά
936 2020 997 2072 τὲ
1032 2021 1147 2076 ἐστι
1193 2020 1287 2073 καὶ
1331 2019 1480 2082 ἔλεος
1528 2021 1557 2072 6
1607 2020 1867 2089 Χριστὸς,
1897 2019 1959 2072 οὐ

387 2109 636 2178 μακρῶν,
667 2105 841 2181 οἴμαι,
887 2111 1072 2180 δεήσει
1121 2111 1256 2181 πρὸς
1301 2111 1572 2176 ἀπόδειξιν
1604 2111 1798 2179 λόγων,
1831 2112 1965 2164 ἀπο-

385 2198 603 2270 χρώσης
631 2201 711 2264 είς
739 2201 897 2254 τοῦτο
925 2203 1025 2272 τῆς
1069 2201 1427 2258 θεοπνεύστου
1473 2203 1716 2273 Γραφῆς,
1760 2202 1874 2256 ἄνω
1905 2220 1964 2255 τε

386 2289 482 2341 καὶ
514 2289 664 2341 κάτω
694 2288 930 2360 Χριστὸν
965 2289 1337 2361 όνομαζούσης
1370 2291 1501 2361 ἡμῖν
1524 2289 1693 2351 ἔλεος,
1723 2289 1818 2342 καὶ
1845 2287 1968 2358 ἁλή-

387 2379 610 2453 θεια[ν].
633 2383 753 2435 Ὅτι
781 2381 838 2436 δέ
866 2385 980 2436 ἐστι
1009 2385 1105 2436 καὶ
1128 2384 1422 2452 ἐπίγνωσις
1441 2380 1865 2452 Θεοῦ,διαμόιθοι
1885 2397 1968 2443 τις

386 2472 453 2525 ἂν
505 2474 601 2526 καὶ
644 2473 760 2527 λίαν
806 2474 1053 2540 ἀκονιτὶ,
1107 2474 1422 2543 σαφέστατά
1469 2489 1528 2526 τε
1580 2473 1674 2525 καὶ
1722 2470 1968 2542 ἐναργῶς

389 2563 552 2616 αὑτοῦ
584 2564 1027 2634 διακεκραγότος·
1063 2584 1082 2616 t
1127 2567 1184 2618 '0
1205 2562 1466 2634 ἑωρακὼς
1494 2563 1618 2633 ἐμὲ,
1647 2561 1862 2633 ἑώρακε
1879 2561 1969 2614 τὸν

388 2653 624 2725 Πατέρα.
639 2673 759 2706 »-ι
772 2655 967 2724 Κρίσις
977 2655 1157 2718 τοίνυν
1176 2655 1250 2725 τῷ
1268 2655 1474 2725 Κυρίῳ,
1489 2653 1674 2723 φησιν,
1691 2653 1826 2723 πρὸς
1843 2653 1970 2716 τοὺς

389 2745 776 2810 κατοικοῦντας
812 2747 911 2818 τὴν
943 2747 1046 2817 γῆν
1068 2764 1080 2776 ’
1111 2769 1128 2800 ι
1163 2748 1320 2817 δῆλον
1347 2747 1403 2799 δὲ
1442 2747 1524 2799 ὅτι
1560 2744 1658 2816 τήν
1689 2744 1797 2798 τῶν
1836 2745 1970 2798 Ἰου-

384 2838 552 2892 δαίων
575 2855 591 2870 ο
625 2839 710 2894 ὅτι
755 2839 828 2910 μὴ
855 2839 944 2892 ὅτε
976 2841 1104 2910 παρ’
1135 2840 1316 2902 αὐτοῖς
1344 2841 1376 2908 ή
1417 2837 1645 2908 ἀλήθειά
1673 2854 1734 2894 τε
1766 2839 1860 2890 καὶ
1911 2838 1971 2890 τὸ

389 2931 559 2994 ἔλεος,
617 2933 774 3002 καὶὴ
820 2931 1121 2999 ἐπίγνωσις
1163 2931 1257 2984 τοῦ
1303 2930 1519 3000 Πατρός
1542 2946 1556 2961 ·
1587 2927 1833 3001 κρίνεται
1869 2929 1968 2998 μὲν

390 3017 484 3076 οὖν
518 3022 653 3092 πρὸς
673 3022 800 3086 τοὺς
827 3022 896 3076 τὰ
922 3022 1098 3076 τοιάδε
1127 3022 1200 3093 μὴ
1223 3021 1464 3092 ἔχοντας.
1486 3019 1891 3090 Αιαπεφεύγασι
1914 3019 1971 3072 δὲ

2065 1922 2298 1980 luerunt.
2321 1923 2596 1981 Christum
2613 1927 2758 1982 enim
2779 1941 2899 1984 esse
2925 1928 3209 1982 veritatem
3236 1937 3290 1982 et
3322 1927 3632 1982 misericor-

2065 2013 2208 2067 diam
2237 2029 2341 2069 non
2367 2018 2469 2070 erit
2491 2033 2731 2083 necesse,
2755 2028 2811 2074 ut
2835 2021 3110 2082 existimo,
3132 2019 3316 2074 multis
3337 2019 3518 2074 verbis
3547 2018 3640 2073 de-

2067 2115 2390 2173 monstrare,
2415 2123 2536 2163 cum
2566 2112 2631 2164 ad
2655 2111 2760 2166 hoc
2789 2113 3045 2167 divinitus
3074 2113 3331 2181 inspirata
3359 2111 3638 2182 Scriptura

2066 2197 2295 2254 sulliciat
2323 2215 2337 2252 :
2368 2215 2488 2269 qua:
2517 2204 2714 2271 passim
2735 2203 3015 2258 Christum
3037 2206 3320 2258 veritatem
3351 2212 3404 2257 ct
3430 2203 3642 2258 miseri-

2066 2289 2305 2344 cordiam
2328 2291 2483 2346 nobis
2508 2291 2760 2346 inculcat.
2791 2291 2921 2346 Esse
2937 2302 3115 2347 autem
3132 2300 3185 2346 et
3200 2292 3504 2356 scientiam,
3527 2291 3642 2345 sive

2069 2381 2398 2451 agnitionem
2425 2383 2542 2448 Dei,
2577 2384 2784 2439 discere
2807 2393 2979 2454 potest
3003 2385 3267 2453 quisliiam
3285 2381 3369 2438 vel
3389 2384 3527 2439 citra
3558 2384 3641 2436 nl-

2069 2472 2177 2526 lunt
2200 2472 2470 2542 negotium
2497 2473 2781 2528 ntanil'eSIe
2792 2484 2846 2529 et
2868 2474 3186 2529 clarissimis
3199 2475 3380 2528 verbis
3408 2475 3526 2544 ipso
3540 2473 3644 2528 cla-

2071 2572 2283 2617 mante:
2313 2582 2330 2614 t
2355 2563 2454 2631 Qui
2478 2566 2611 2619 vidit
2637 2581 2742 2631 me,
2768 2565 2902 2620 vidit
2925 2576 2981 2619 et
3000 2564 3214 2619 Patrem
3240 2565 3530 2620 ὡραίου.»
3560 2564 3643 2618 lu-

2068 2656 2185 2724 qut
2200 2655 2382 2726 igitur,
2394 2656 2697 2726 «judicium
2720 2658 2946 2713 Domino
2961 2660 3027 2713 ad
3041 2659 3348 2713 habitantes
3368 2667 3590 2719 terram,
3617 2674 3639 2708 ο

2069 2747 2188 2802 sine
2227 2749 2595 2804 controversia
2618 2748 2925 2805 Judworutn
2960 2759 3185 2818 terram,
3219 2749 3470 2818 quoniam
3504 2748 3643 2818 apud

2069 2853 2165 2893 eos
2185 2840 2414 2909 amplius
2428 2856 2534 2897 non
2553 2843 2844 2897 exstabant
2859 2843 3079 2908 veritas,
3095 2851 3151 2896 et
3180 2839 3572 2902 misericordia,
3593 2847 3647 2892 et

2071 2933 2294 2988 scientia
2323 2932 2518 2989 Patris.
2551 2932 2832 3001 Discrepat
2854 2932 3017 3001 igitur
3037 2947 3156 2986 cmn
3179 2931 3278 2986 ista
3307 2944 3418 2985 non
3444 2929 3648 2983 haben-

2071 3025 2241 3080 tibus.
2303 3023 2621 3095 Ell‘ugerunt
2655 3034 2833 3078 autem
2869 3032 2962 3076 aut
2993 3022 3252 3090 judicium
3306 3019 3645 3076 subeundum

391 3112 453 3164 τὸ
478 3111 756 3182 κρίνεσθαι
795 3112 930 3182 πρὸς
962 3111 1145 3177 αὐτὴν,
1180 3112 1298 3182 ήτοι
1342 3111 1480 3182 πρὸς
1518 3108 1703 3172 αὑτοῦ,
1732 3110 1833 3180 τὴν
1878 3108 1971 3162 πί-

2073 3117 2332 3172 adversus
2354 3119 2528 3186 ipsmn
2547 3135 2564 3184 ;
2583 3128 2672 3171 aut
2692 3117 2953 3186 judicium
2981 3114 3364 3185 perferendum
3397 3113 3473 3169 ab
3503 3115 3650 3184 ipso,

395 3219 510 3254 στιν
561 3202 610 3254 οἰ
663 3203 1096 3273 προσηκάμενοι.
1150 3203 1261 3268 καὶ
1305 3203 1463 3258 τοῦτο
1509 3199 1642 3254 αὐτὸ
1690 3201 1862 3270 σαφὲς
1903 3199 1970 3254 ἂν

2080 3206 2235 3260 [idem
2289 3183 2575 3277 complexi.
2619 3183 2770 3276 Quod
2819 3183 3163 3279 perspicuum
3211 3206 3302 3262 ﬁet
3359 3221 3427 3261 ex
3464 3183 3648 3270 verbis

393 3293 624 3361 γένοιτο,
672 3294 908 3366 Χριστοῦ
965 3293 1214 3362 λέγοντος
1255 3292 1449 3346 πάλιν
1508 3311 1527 3344 ί
1581 3291 1775 3362 Ἀμὴν,
1827 3291 1971 3363 ἀμὴν

2075 3296 2275 3352 Christi
2312 3297 2506 3352 iterum
2533 3299 2800 3354 dicentis:
2840 3317 2859 3350 ι
2901 3299 3097 3364 Amen,
3126 3313 3282 3353 amen
3310 3298 3432 3352 dico
3471 3295 3650 3363 vobis,

393 3387 539 3454 λέγω
571 3387 722 3458 ὑμῖν,
767 3388 797 3440 6
835 3387 1128 3465 moredwv’
1150 3388 1232 3450 είς
1265 3385 1388 3456 ἐμὲ,
1420 3385 1534 3455 ἔχει
1563 3383 1708 3456 ζωὴν
1737 3385 1975 3449 αἰώνιον,

399 3478 494 3540 καὶ
536 3480 616 3541 είς
644 3479 825 3550 κρίσιν
852 3478 951 3531 οὐκ
989 3477 1231 3549 ἔρχεται.
1274 3497 1291 3529 ›
1328 3479 1393 3531 Τί
1422 3477 1599 3531 τοίνυν
1628 3477 1710 3542 τὸ,
1747 3495 1766 3528 ι
1807 3477 1979 3546 Κεχυο

403 3569 564 3638 μένον
601 3571 693 3622 ὲπι
737 3570 836 3639 τῆς
883 3571 1025 3639 γῆςς
1067 3567 1218 3638 Ἀρὰ,
1250 3569 1344 3620 καὶ
1387 3567 1601 3635 ψεῦδος,
1646 3567 1742 3620 καὶ
1798 3565 1978 3634 φόνος,

403 3662 500 3713 καὶ
531 3659 726 3730 κλοπὴ,
758 3660 852 3713 καὶ
885 3659 1099 3729 μοιχεία
1119 3675 1132 3688 ο
1164 3661 1256 3712 καὶ
1296 3659 1504 3729 αἵματα
1552 3657 1639 3726 ἐφ’
1670 3657 1864 3729 αἵμασι
1893 3657 1982 3728 μί-

406 3769 616 3821 σγουσι.
657 3771 676 3804 ι
706 3753 816 3808 Καὶ
871 3753 954 3815 τίς
995 3754 1029 3822 ή
1078 3752 1222 3822 ἀράς
1258 3749 1576 3804 Καταλαλιὰ
1613 3751 1706 3804 καὶ
1767 3749 1963 3820 ὕϐρις’

400 3843 771 3896 διαλελοίπασι
822 3844 932 3914 γὰρ
975 3841 1226 3911 οὐδαμῶς
1264 3841 1374 3894 τῶν
1431 3841 1697 3911 Ἐϐραίων
1731 3843 1778 3894 οί
1817 3841 1982 3912 δῆμοι

404 3934 846 4006 περιυϐρίζοντες
886 3934 978 3987 τὸν
1013 3933 1221 4004 Ἰησοῦν
1265 3932 1454 4005 ἀθόρῳ
1494 3949 1555 3986 τε
1613 3933 1708 3986 καὶ⁵
1746 3932 1982 4003 ἀχαλίνῳ

403 4025 622 4097 γλώσσῃ
652 4026 1199 4096 κατεπεμϐαίνοντες,
1226 4026 1303 4090 ὼς
1334 4025 1464 4078 ποτὲ
1491 4025 1590 4096 μὲν
1615 4024 1980 4097 Σαμαρείτην,

405 4118 537 4173 ποτὲ
563 4118 617 4171 δὲ
649 4118 878 4188 μέθυσον
911 4119 1227 4182 ἀποκαλεῖν,
1258 4118 1353 4170 καὶ
1381 4119 1444 4171 ἐκ
1476 4117 1735 4189 πορνείας
1763 4132 1984 4186 γεγενη-

407 4212 589 4281 μένον.
627 4212 814 4282 ᾯοντο
857 4212 966 4282 γὰρ
995 4210 1134 4264 κατὰ
1167 4212 1326 4278 σφᾶς,
1363 4210 1460 4280 τὴν
1488 4209 1650 4276 ἁγίαν
1689 4209 1983 4279 μεμοιχεῦ-

409 4305 534 4359 σθαι
569 4305 866 4377 Παρθένον.
893 4305 1102 4358 Οὐκοῦν
1133 4305 1166 4373 ή
1196 4305 1306 4374 ἀρὰ
1347 4304 1443 4374 μὲν
1472 4304 1530 4356 ὲν
1570 4301 1798 4366 τούτοις.
1834 4303 1982 4355 Κατ-

407 4393 696 4462 εψεύδοντο
738 4395 794 4448 δὲ
846 4395 1068 4464 καὶτῆς
1093 4393 1253 4464 δόξης
1300 4392 1487 4456 αὐτοῦ,
1513 4393 1790 4462 δαιμόνιον
1839 4391 1985 4462 ἔχειν

407 4486 657 4554 λέγοντες
685 4487 867 4551 αὐτὸν,
905 4486 1000 4540 καὶ
1041 4485 1160 4548 ταῖς
1205 4483 1300 4540 τοῦ
1349 4483 1645 4548 Βελζεϐοὺλ
1687 4482 1982 4552 δυνάμεσιν

407 4577 773 4647 ἀπονέμοντες
815 4577 912 4640 τὰς
942 4575 1286 4646 θεοσημείας.
1319 4576 1440 4627 Ὅτι
1483 4573 1539 4626 δὲ
1574 4575 1669 4627 καὶ
1702 4574 1985 4643 μιαιφόνον

410 4669 498 4721 ἐπ’
535 4667 698 4737 αὐτῷ.
726 4669 825 4739 τὴν
855 4668 1093 4721 διάνοιαν
1135 4667 1433 4738 ἐσχηκότες
1479 4665 1656 4731 ἁλοῖεν
1685 4665 1771 4732 ἂν,
1819 4666 1983 4738 εἰδείη

409 4774 491 4822 τις
523 4756 590 4823 ἃιν
614 4757 721 4822 ἀπό
739 4775 802 4826 γε
826 4757 920 4810 τοῦ
942 4757 1108 4818 λίθοις
1130 4755 1421 4826 βεϐλῆσθαι
1445 4754 1706 4818 πολλάκις
1729 4756 1857 4827 παρ’
1888 4756 1984 4808 αὐ·-

407 4852 518 4904 τῶν
543 4852 631 4904 τὸν
670 4850 1043 4922 Ἐμμανουήλ’
1081 4847 1518 4919 ἀποκομισθῆναι
1551 4846 1608 4898 δὲ
1652 4847 1746 4899 καὶ¹
1793 4845 1985 4916 μέχρις

410 4945 581 5015 αὐτῆς
612 4943 812 5015 ὀφρύος
844 4942 937 4996 τοῦ
980 4943 1157 5014 ὅρους,
1187 4942 1276 4994 ἵνα
1308 4937 1825 5010 κατακρημνίζοιτο.
1875 4939 1986 4992 Καὶ

407 5037 471 5089 οὐ
524 5035 686 5105 μέχρι
730 5034 932 5087 τούτων
977 5033 1046 5088 τὰ
1101 5034 1458 5102 ἐγκλήματα·
1506 5029 1866 5100 ἐκτετίμηντο
1928 5029 1986 5083 δὲ

409 5127 531 5181 λίαν
562 5128 656 5180 καὶ
687 5125 745 5179 τὸ
773 5126 958 5196 χρῆμα
986 5125 1085 5194 τῆς
1128 5124 1337 5194 κλοπῆς
1357 5140 1370 5154 ·
1411 5123 1838 5191 κατεμισθοῦντο
1877 5122 1986 5193 γὰρ

408 5219 498 5270 ἐπ’
546 5215 716 5287 αὐτῷ,
770 5216 862 5270 τὸν
893 5215 1158 5286 προδότην
1207 5214 1427 5280 Ἰούδαν,
1471 5213 1987 5286 τὸν.αίσχροκερδῆ,

410 5309 507 5363 καὶ
533 5307 948 5362 κλεπτίστατον.
987 5307 1182 5377 Μοιχοὶ
1225 5306 1284 5359 δὲ
1321 5305 1511 5377 ὥσπερ
1537 5305 1684 5369 τινὲς
1717 5306 1986 5376 ἀλιτήριοι

410 5401 697 5470 γεγονότες
739 5403 786 5453 οἱ
828 5401 1110 5472 Φαρισαῖοι
1155 5399 1258 5468 τῆς
1331 5398 1596 5452 Ἰουδαίων
1645 5397 1988 5468 συναγωγῆς,

412 5492 715 5546 ἁπεσόϐουν
743 5491 841 5563 μὲν
867 5490 1042 5561 αὐτῆς
1071 5490 1163 5542 τὸν
1191 5489 1250 5556 ἐξ
1276 5487 1505 5559 οὐρανοῦ
1543 5487 1795 5560 νυμφίον,
1833 5505 1988 5540 τουτ-

491 5669 534 5699 ⁷⁷
575 5665 764 5721 {\lattlt.
797 5682 884 5729 xv,
917 5666 1023 5731 24;
1053 5663 1207 5719 .Ioan.
1243 5680 1354 5730 xw,
1381 5663 1435 5719 9.

415 5739 525 5804 9.1;
558 5737 715 5792 Joan.
759 5751 875 5800 vm,
917 5736 1005 5790 48.
1086 5736 1130 5768 ⁸³
1160 5735 1292 5791 Luc.
1327 5752 1401 5802 tv,
1433 5736 1520 5790 27.

1536 5665 1581 5694 "°
1607 5662 1760 5717 Joan.
1793 5677 1844 5728 v,
1877 5663 1966 5716 Eli.

1598 5736 1640 5766 ⁸³
1674 5733 1804 5788 Luc.
1839 5750 1910 5797 ιι,
1944 5735 2022 5789 16.

2078 3389 2168 3458 qui
2204 3389 2375 3444 credit
2403 3391 2587 3456 inme,
2643 3391 2806 3446 habet
2850 3391 3016 3445 vitam
3049 3401 3335 3454 mternam,
3361 3398 3417 3443 et
3461 3387 3521 3442 in.
3557 3386 3650 3457 ju-

2079 3479 2276 3533 dicium
2306 3494 2410 3533 non
2440 3482 2588 3535 venit
2618 3482 2686 3536 7°.
2729 3502 2748 3534 ι
2785 3482 2922 3548 Quid
2955 3496 3084 3551 ergo
3109 3489 3194 3535 est
3224 3499 3243 3532 ι
3286 3477 3514 3533 eﬂusntn
3561 3493 3656 3532 sn-

2080 3586 2176 3640 per
2207 3572 2447 3626 terram?
2477 3573 2808 3638 Maledictio,
2835 3586 2890 3629 et
2919 3573 3283 3637 mendacium,
3315 3581 3370 3626 et
3418 3569 3652 3624 homici-

2081 3664 2252 3728 diunt,
2277 3672 2330 3718 et
2360 3663 2587 3730 lurtum,
2617 3674 2671 3720 et
2701 3665 3047 3728 adulterium,
3071 3673 3126 3718 et
3149 3663 3372 3732 sanguis
3397 3660 3647 3731 sanguini

2083 3756 2294 3810 ntistus.
2334 3775 2353 3808 ι
2417 3756 2674 3824 Quaenam
2718 3756 3066 3811 maledictio?
3101 3775 3120 3808 ι
3159 3753 3498 3809 Obtrectatio
3535 3793 3551 3817 ,
3599 3761 3655 3807 et

2083 3848 2442 3915 contumelia;
2489 3863 2762 3918 nunquam
2791 3849 2936 3904 enim
2967 3847 3192 3918 populus
3224 3846 3530 3902 Judteornm
3558 3843 3648 3899 Je-

2083 3953 2200 3994 sum
2246 3938 2791 3994 contumeliosissime
2831 3953 3033 3993 vexare
3080 3937 3310 4000 destitit,
3354 3933 3654 4004 impudenti

2083 4038 2138 4084 et
2166 4029 2424 4084 eﬂ‘renata
2457 4029 2634 4099 lingua
2667 4030 2722 4084 in
2748 4044 2871 4084 eum
2903 4029 3192 4093 insultans,
3243 4036 3302 4081 ut
3334 4027 3493 4082 modo
3541 4025 3657 4080 Sa—

2085 4120 2433 4185 ntaritanum,
2465 4121 2624 4176 modo
2654 4121 2926 4175 ebriosum
2961 4119 3255 4190 appellaret
3280 4119 3350 4182 3°,
3376 4127 3432 4171 et
3453 4131 3520 4171 ex
3541 4115 3658 4172 l'or-

2086 4213 2357 4267 nicatione
2405 4213 2746 4282 progenitum
2769 4213 2976 4268 diceret
3024 4227 3039 4263 :
3091 4210 3458 4281 opinabantur
3509 4208 3656 4261 enim

2085 4303 2224 4370 apud
2253 4301 2463 4356 animos
2499 4317 2664 4366 suos,
2717 4311 2961 4357 sanctam
3008 4299 3286 4370 Virginem
3335 4305 3657 4365 constupra-

2089 4403 2220 4447 tam.
2255 4393 2558 4449 Maledictio
2618 4394 2802 4462 itaque
2844 4393 2895 4446 in
2951 4392 3034 4446 his
3085 4393 3260 4462 posita
3307 4389 3654 4460 intelligitur.

2019 4519 2062 4574 υ
2087 4483 2485 4539 Mentiebantur
2521 4485 2650 4539 item
2677 4485 2941 4540 adversus
3008 4483 3236 4552 gloriam
3291 4480 3410 4550 ejus
3439 4523 3455 4547 ,
3508 4477 3656 4534 θωτ-

2092 4585 2302 4631 mantes
2335 4579 2534 4632 habere
2563 4577 2906 4640 daemonium,
2945 4585 2998 4629 ct
3032 4575 3214 4630 divina
3254 4573 3512 4629 miracula
3551 4574 3659 4626 vir-

2091 4671 2191 4722 tuti
2208 4669 2506 4726 Beelzebub
2523 4669 2857 4724 ascribentes
2873 4667 3022 4722 “-".
3039 4666 3296 4723 Convinci
3329 4667 3493 4722 etiam
3530 4681 3658 4736 pos-

2091 4772 2216 4816 sunt
2258 4771 2491 4815 mentem
2515 4761 2630 4830 ejus
2669 4758 3029 4814 interﬁciendi
3076 4760 3328 4828 cupidam
3375 4768 3648 4829 gestasse.

2095 4853 2333 4908 Probare
2363 4854 2413 4906 id
2448 4854 2573 4908 licet
2607 4867 2675 4909 ex
2705 4867 2790 4917 eo,
2831 4853 2973 4921 quod
3005 4853 3274 4921 lapidibus
3328 4853 3658 4906 Emmanue-

2091 4944 2194 4998 lem
2214 4944 2492 4999 nonsemel
2515 4943 2908 5014 appetiverunt,
2928 4953 2984 4999 et
3005 4947 3070 4998 ad
3091 4945 3434 5014 supercilium
3459 4943 3660 4997 montis

2091 5036 2480 5104 perduxerunt,
2539 5044 2598 5087 ut
2650 5035 2772 5088 inde
2825 5035 3155 5104 praecipitem
3190 5034 3543 5090 deturbarent
3587 5033 3656 5084 ⁸³.

2091 5125 2200 5180 Nec
2231 5141 2360 5180 vero
2400 5126 2675 5194 lmcnsqne
2731 5134 2939 5180 tantum
2989 5126 3193 5181 scelera
3248 5132 3652 5193 processerunt.

2093 5216 2414 5287 Magnopere
2438 5231 2650 5286 quoque
2675 5215 2875 5270 furtum
2905 5217 3240 5270 honorat-unt
3263 5232 3277 5279 ;
3307 5215 3485 5281 pretio
3511 5214 3657 5268 enim

2092 5309 2415 5376 proditorem
2444 5307 2558 5375 ejus
2587 5306 2778 5362 Judant
2814 5310 3194 5363 conduxerunt
3223 5306 3291 5369 ⁸⁸,
3334 5305 3446 5377 66
3485 5308 3661 5374 turpis

2091 5399 2224 5453 lucri
2275 5399 2488 5453 avidum
2539 5409 2594 5454 et
2636 5399 3059 5454 furaeissimum.
3122 5397 3184 5452 Et
3215 5397 3360 5454 velut
3403 5396 3658 5467 ﬂagitiosi

2089 5489 2307 5559 quidam
2337 5490 2531 5544 mtechi
2567 5487 2878 5543 Judzeorum
2923 5488 3243 5558 Synagogae,
3294 5486 3552 5542 Pharisaei
3592 5485 3662 5540 ab

2070 5664 2113 5693 ⁸ο
2154 5660 2307 5717 Ioan.
2342 5675 2459 5724 vtn,
2492 5659 2592 5723 48;
2643 5659 2830 5713 Matth.
2866 5675 2939 5724 xl,
2970 5657 3055 5714 l9.
3183 5660 3307 5700 ⁶²-⁸¹
3340 5661 3526 5717 Matth.
3558 5675 3656 5729 xu,
