4046 6376
419 304 525 366 HS

1436 300 1494 354 ς.
1533 296 1806 354 εγιιιιιι
1851 290 2314 352 ΑιΕΧΑΝοηιΝι
2354 282 2670 344 ARCIIIEP.

3263 179 3291 204 Ι

3571 238 3669 317 mi

419 421 536 494 ipsa
559 420 834 476 caelestem
861 417 1160 490 Sponsum,
1185 416 1462 473 Christum
1491 427 1642 485 puta,
1672 418 1988 487 abegerunt;
2021 441 2033 474 λ

2136 431 2230 478 ττι,
2262 408 2517 481 Χριστόν.
2560 397 2957 468 Συνεπόρνευον
2989 393 3046 446 δὲ
3117 391 3240 454 ταῖς
3275 387 3430 450 ἰδίαις
3459 383 3675 455 ἡδοναῖς

2608 491 2641 494 ’⁸
2863 485 2926 494 ’⁸⁸-
3161 479 3204 494 ﬁ!
3329 476 3345 494 \
3386 473 3469 494 ιη’
3514 473 3640 494 ___"___

421 511 693 582 simulque
742 513 992 571 fornicati
1024 518 1171 572 sunt,
1201 509 1434 578 propriis
1464 509 1831 578 voluptatibus
1865 523 1994 561 sua-

425 604 617 658 dentes
652 618 869 673 operam
895 601 1044 657 dare.
1079 600 1147 655 Et
1184 601 1520 656 miscuerunt
1547 601 1842 670 sanguines
1871 615 1999 653 san-

426 695 696 764 guinibus.
729 693 1008 760 Quomodo
1035 692 1295 746 tandem?
1332 693 1530 747 occisis
1579 691 1726 747 enim
1783 689 1998 746 sanctis

427 785 728 854 prophetis,
783 785 964 855 ipsum
999 799 1214 854 quoque
1268 784 1656 853 praphetarum
1711 781 1999 836 Dominum

428 873 771 928 addiderunt.
827 872 1186 940 Quamobrem
1220 873 1416 927 beatus
1459 870 1768 942 Stephanus
1808 870 1861 924 in
1893 870 1997 924 Ac-

431 966 574 1018 tilms
607 964 975 1034 apostolorum
1003 979 1109 1018 non
1141 964 1416 1020 immerito
1439 963 1545 1018 illis
1597 963 1892 1033 exprobrat
1916 961 2002 1016 his

433 1055 614 1109 verbis
647 1073 662 1110 :
701 1072 720 1104 ι
780 1053 950 1120 Quem
989 1054 1376 1124 prophetarum
1414 1070 1518 1110 non
1568 1065 1694 1109 sunt
1736 1053 2004 1122 persecuti

435 1153 618 1215 patres
646 1145 848 1199 vestri?
874 1155 930 1198 et
960 1146 1277 1200 occiderunt
1298 1162 1412 1212 eos,
1449 1147 1542 1216 qui
1570 1145 2008 1216 praenuntiarunt

436 1235 503 1290 de
525 1236 755 1290 adventu
788 1235 950 1302 Justi,
984 1237 1138 1307 cujus
1164 1252 1260 1292 vos
1297 1254 1438 1292 nunc
1488 1239 1796 1306 proditores
1825 1246 1878 1289 et
1913 1237 2009 1291 ho-

440 1327 651 1382 micida:
679 1327 854 1382 fuistis
880 1328 927 1360 ⁸⁸
961 1367 975 1381 .
1020 1349 1039 1381 ι
1079 1328 1217 1394 Quin
1255 1339 1310 1384 et
1351 1327 1598 1384 Salvator
1629 1328 1926 1382 Pharisa-is
1957 1336 2012 1382 et

440 1417 649 1472 Scribis
677 1419 952 1488 improbos
1004 1430 1235 1474 conatus
1264 1419 1552 1486 objiciens,
1583 1420 1759 1473 aiebat
1795 1437 1808 1474 :
1844 1437 1862 1471 ι
1900 1417 2010 1471 lm-

439 1508 580 1578 plete
617 1523 925 1562 mensuram
955 1520 1169 1578 patrum
1201 1519 1502 1563 vestrorum
1537 1509 1607 1563 ⁸³.
1643 1529 1660 1560 ι
1894 1515 1896 1518 ’

515 1597 676 1651 Vens.
711 1599 764 1653 5.
801 1598 928 1652 Ideo
960 1599 1153 1668 lugebit
1204 1613 1365 1658 terra,
1409 1607 1459 1651 et
1498 1599 1839 1650 imminuetur
1895 1613 2012 1649 cum

442 1691 685 1743 omnibus
707 1691 798 1758 qui
829 1689 1068 1743 habitant
1102 1705 1239 1754 eam,
1273 1703 1392 1741 cum
1435 1687 1613 1740 bestiis
1651 1687 1787 1754 agri.
1817 1694 1866 1739 et
1897 1700 2016 1738 cum

2099 473 2390 573 ὑπηρετεῖν
2419 491 2823 551 ἀναπείθοντες.
2863 485 3126 554 Ἔμισγον
3157 479 3217 573 δε
3257 476 3354 530 καὶ
3384 473 3469 573 ἐφ’
3507 473 3674 573 αἵμα-

2100 562 2440 662 σινΙαῖματα.
2489 584 2635 646 Πῶς,
2669 579 2702 652 ἢ
2744 578 2866 631 τίνα
2899 573 3138 644 τρόπον;
3188 566 3544 662 ἀπεκτονότες
3570 562 3677 631 γὰρ

2097 688 2226 749 τοὺς
2251 656 2438 752 ἀγίους
2461 675 2767 749 προφήτας.
2788 668 2882 722 καὶ
2907 666 3070 721 αὐτὸν
3093 662 3319 752 ἐκείνοις
3340 656 3678 752 προσέθεσαν

2100 779 2192 832 τὸν
2207 746 2329 829 τῶν
2361 746 2658 843 προφητῶν
2686 763 2973 828 δεσπότην.
3017 756 3132 810 Καὶ
3177 751 3312 843 γοῦν
3352 751 3381 803 ὁ
3415 746 3680 843 “gap-,0;
3739 771 3742 774 .

2103 868 2376 934 Στέφανος
2403 837 2624 920 εννταῖς
2663 855 2771 907 τῶν
2816 847 3128 904 ἀποστόλων
3175 842 3413 914 Πράξεσι
3461 837 3681 898 δικαίως

2105 928 2288 1019 αὐτοῖς
2317 951 2585 1015 ὀνειδίζει,
2622 946 2798 1013 λέγων
2821 958 2835 973 ·
2881 959 2899 992 ι
2951 939 3084 993 Τίνα
3116 935 3226 988 τῶν
3263 929 3555 1004 προφητῶν
3585 928 3683 980 οὐκ

2107 1047 2326 1112 ἐδίωξαν
2357 1045 2407 1096 oi
2434 1039 2669 1110 πατέρες
2695 1033 2882 1106 ὐμῶν;
2916 1031 3011 1085 καὶ
3042 1030 3371 1082 ἀπέκτειναν
3398 1022 3522 1084 τοὺς
3561 1037 3688 1112 npti-

2108 1102 2592 1206 καταγγείλαντας.
2621 1102 2752 1200 περί
2776 1127 2876 1196 τῆς
2921 1121 3188 1182 ὲλεύσεως
3208 1114 3304 1170 τοῦ
3335 1113 3580 1174 Δικαίου,
3625 1102 3685 1162 οὗ

2109 1231 2203 1286 νῦν
2245 1201 2402 1299 ύμεῖς
2446 1222 2701 1296 προδόται
2749 1217 2845 1272 καὶ
2903 1216 3082 1285 φονεῖς
3125 1207 3484 1299 ἐγένεσθε).
3527 1201 3688 1299 tam;

2111 1324 2206 1376 καὶ
2236 1323 2264 1375 ὁ
2283 1295 2618 1389 έωτὴρτοῖς
2651 1310 2961 1382 Φαρισαίοις
2991 1305 3086 1359 καί
3109 1296 3536 1389 Γραμματεῦσιν
3559 1295 3692 1389 ὀνει-

2111 1412 2273 1477 δίζων
2303 1409 2376 1464 τὰ
2416 1383 2817 1477 τετολμημένα.
2855 1399 3036 1466 ἔλεγε⁸
3071 1414 3088 1446 ι
3137 1393 3248 1447 Καὶ
3279 1391 3435 1462 ὑμεῖς
3476 1383 3691 1457 πληρώ-

2117 1520 2248 1559 σατε
2277 1502 2340 1555 τὸ
2372 1500 2569 1572 μέτρον
2601 1495 2707 1548 τῶν
2741 1492 2997 1562 πατέρων
3030 1485 3203 1559 ὑμῶν.
3243 1502 3262 1536 ›

2185 1593 2290 1647 Διὰ
2327 1567 2504 1644 τοῦτο
2531 1583 2820 1652 πενθήσει
2861 1582 2899 1647 ἡ
2924 1577 3020 1648 τῆ,
3045 1576 3142 1631 καὶ
3177 1567 3694 1643 σμικρυνθήσεται

2117 1683 2241 1739 σὺν
2281 1681 2431 1736 πᾶσι
2469 1679 2596 1742 τοῖς
2619 1670 3010 1729 κατοικοῦσιν
3045 1665 3261 1733 αὐτὴν,
3283 1663 3406 1716 σὺν
3443 1658 3568 1724 τοῖς
3595 1659 3696 1724 θη-

442 1747 731 1848 reptilibus'
761 1790 940 1846 εει-ηε,
987 1795 1034 1834 et
1078 1797 1196 1834 cum
1226 1747 1534 1834 solantibus
1577 1747 1712 1831 cmli'.
1759 1777 1824 1830 Et
1853 1778 2018 1844 pisces

2136 1779 2270 1843 )ίοις
2293 1774 2400 1828 τοῦ
2433 1770 2642 1841 ἀγροῦ,
2673 1767 2772 1822 καί
2810 1763 2933 1818 σὺν
2960 1760 3086 1827 τοῖς
3113 1755 3385 1848 ἑρπετοῖς
3409 1751 3521 1821 τῆς
3559 1747 3696 1848 ῆς,

444 1874 609 1926 maris
637 1871 898 1942 deﬁcient,
930 1880 986 1926 ut
1013 1871 1187 1926 nullus
1206 1886 1366 1942 neque
1379 1871 1605 1940 judicet,
1639 1885 1801 1939 neque
1833 1877 2020 1938 arguat

444 1977 738 2035 quisquam.

521 2134 763 2190 XXXVI.
784 2133 1074 2206 Postquam
1093 2138 1260 2206 enim,
1287 2137 1481 2207 inquit,
1497 2138 1632 2192 adeo
1657 2137 1764 2192 Deo
1780 2151 2023 2198 exosam,

449 2237 502 2282 et
539 2242 801 2296 perquam
861 2227 1240 2294 inhumanam,
1277 2229 1519 2298 impiam,
1558 2239 1818 2298 metuque
1849 2228 2025 2297 legum

451 2319 690 2374 solutam
717 2319 884 2374 vitam
915 2330 1235 2390 exegerunt,
1262 2322 1676 2390 cogitaruntque
1703 2329 1757 2374 et
1782 2319 2029 2374 fecerunt

452 2426 572 2482 qua:
612 2412 694 2467 fas
729 2427 834 2467 non
873 2421 978 2478 est,
1010 2413 1179 2468 Deum
1224 2413 1460 2468 ludibrio
1507 2412 1788 2468 habentes.
1821 2411 2029 2467 Idcirco

453 2511 511 2556 et
551 2501 849 2571 iustissime
878 2502 932 2556 in
967 2502 1194 2558 exitium
1233 2503 1482 2568 abibunt,
1527 2501 1745 2572 lugente
1769 2503 2032 2571 quodam-

454 2593 616 2647 modo
646 2603 810 2659 terra,
842 2607 963 2663 quae
998 2593 1242 2650 vastitati
1276 2594 1512 2658 dabitur,
1541 2603 1596 2648 et
1638 2593 1881 2648 habiturn
1921 2609 2034 2647 mu-

458 2683 614 2747 tabit,
644 2691 700 2738 et
725 2683 923 2739 faciem
959 2684 1212 2754 praeferet
1257 2684 1611 2750 inamtenam,
1646 2685 1870 2740 urbibus
1895 2697 2032 2738 exu-

457 2776 581 2843 stis,
612 2777 860 2832 domibus
909 2777 1141 2840 eversis,
1175 2777 1451 2848 segetibus
1497 2791 1560 2830 ac
1609 2775 1872 2844 stirpibus
1911 2790 2035 2828 suc-

458 2867 610 2922 cisis.
641 2867 847 2922 Similis
897 2881 1088 2922 sensus
1133 2868 1238 2922 erit
1274 2868 1633 2922 habitantium
1668 2876 1889 2930 terram,
1927 2882 2032 2919 una

460 2957 874 3013 lamentantium
902 2965 956 3011 et
977 2957 1296 3027 ejulantium
1325 2977 1338 3011 :
1365 2973 1488 3011 nam
1529 2967 1583 3012 et
1617 2957 1717 3026 ipsi
1753 2957 2031 3026 Iugehunt,

2123 1869 2222 1923 καὶ
2275 1866 2397 1920 σὺν
2449 1862 2578 1928 τοῖς
2623 1856 2914 1922 πετεινοῖς
2967 1853 3074 1908 τοῦ
3130 1847 3412 1920 οὐρανοῦ.
3467 1842 3576 1898 Καὶ
3641 1843 3698 1895 οι

2126 1957 2330 2028 ἰχθύες
2351 1953 2461 2021 τῆς
2498 1947 2818 2015 θαλάσσης
2849 1944 3266 2012 ἐκλείψουσιν,
3293 1938 3453 2004 ὅπως
3487 1932 3699 2004 μηδεὶς

2119 2048 2273 2119 μήτε
2299 2041 2619 2112 δικάζηται,
2639 2037 2795 2110 μήτε
2821 2036 3041 2107 ἐλέγχῃ
3060 2032 3294 2105 μηδείς.

2196 2141 2338 2206 AG".
2396 2133 2616 2204 Ἐπειδὴ
2648 2131 2758 2202 γὰρ
2787 2130 2878 2183 τὸν
2903 2128 3066 2192 οὓτω,
3099 2125 3253 2197 φησὶ,
3307 2121 3570 2191 θεοστυγῆ
3610 2119 3703 2173 καὶ

2127 2231 2480 2300 παγχάλεπον
2501 2227 2782 2295 διεζήκασι
2806 2222 2940 2294 βίον,
2959 2220 3049 2274 τὸν
3075 2215 3310 2285 δυσσεϐῆ
3353 2215 3450 2267 καὶ
3469 2212 3699 2284 ὲξήνιον,

2129 2319 2505 2393 πεφρονήκασί
2530 2335 2591 2370 τε
2621 2315 2716 2370 καὶ
2760 2312 3084 2384 δεδράκασιν
3128 2308 3166 2363 ἃ.
3208 2307 3282 2378 μὴ
3311 2306 3466 2376 θέμις
3487 2344 3500 2368 ,
3527 2305 3706 2373 ἐμπα-

2135 2413 2436 2485 ροινοῦντες
2464 2407 2584 2478 Θεῷ
2604 2423 2618 2436 ·
2639 2407 2814 2479 ταύτῃ
2827 2422 2931 2468 τοι,
2958 2404 3052 2456 καὶ
3087 2401 3231 2472 μάλα
3264 2396 3521 2485 δικαίως,
3551 2394 3708 2485 οἱζή-

2134 2519 2314 2556 σονται
2338 2498 2474 2572 πρὸς
2501 2496 2796 2560 ἀπώλειαν,
2818 2490 3119 2562 πενθούσης
3150 2488 3248 2560 μὲν
3276 2485 3441 2540 οἱονεὶ
3461 2483 3560 2552 τῆς
3579 2481 3702 2550 γῆς’

2134 2590 2612 2662 καταδῃωθήσεται
2640 2587 2750 2657 γὰρ
2769 2585 2928 2654 αὕτη,
2949 2581 3046 2637 καὶ
3077 2577 3403 2652 μεταμείψει
3421 2576 3480 2628 τὸ
3498 2573 3705 2645 σχῆμα,

2136 2685 2234 2740 καὶ
2258 2681 2475 2754 ἀτερπῆ
2502 2679 2724 2750 φορέσει
2751 2678 2850 2748 τὴν
2874 2675 3019 2744 ὄψιν,
3053 2672 3262 2726 πόλεων
3300 2668 3398 2740 μὲν
3419 2668 3710 2754 ἐμπεπρη-

2140 2753 2376 2848 σμένων,
2401 2775 2564 2827 οίκων
2597 2769 2655 2823 δὲ
2692 2762 3230 2835 κατασεσεισμένων,
3261 2758 3357 2812 καὶ
3391 2754 3578 2848 ἀγρῶν
3615 2753 3710 2803 ὲκ-

2136 2847 3006 2939 κεκομμένων.Συνδιακείσονται
3035 2857 3101 2925 τῇ
3132 2855 3202 2924 γῇ
3233 2851 3328 2905 καὶ
3361 2851 3410 2903 οί
3445 2847 3711 2906 κάτοικοι,

2141 2954 2628 3028 συνολοφυρόμενοί
2671 2969 2733 3006 τε
2762 2951 2857 3004 καὶ
2889 2945 3330 3017 συνοιμώζοντες.
3374 2939 3711 3028 Πενθήσουσι

461 3053 566 3108 hoc
587 3061 689 3116 est,
713 3051 780 3104 ab
801 3051 949 3105 omni
981 3025 1161 3104 laetitia
1190 3059 1247 3104 et
1277 3049 1531 3104 felicitate
1560 3025 1748 3119 procul
1779 3025 2030 3102 aberunt.

2141 3050 2251 3120 γὰρ
2301 3025 2640 3106 καὶ-αὑτοὶ,
2687 3041 3000 3102 τουτέστιν,
3057 3037 3274 3102 ἀπάσης
3307 3030 3570 3102 εὐθυμίας
3619 3025 3714 3079 καὶ

463 3143 565 3210 Qui
605 3157 770 3212 porro
818 3151 945 3196 sunt
989 3142 1327 3196 habitatores
1363 3141 1489 3195 isti?
1523 3139 1671 3205 ferae,
1706 3150 1760 3195 et
1803 3139 2033 3208 reptilia,

2143 3139 2442 3212 εὐημερίας
2469 3137 2725 3192 ἀποτάτω
2749 3133 3087 3202 γενήσονται.
3105 3127 3263 3188 Τίνες
3291 3123 3348 3178 δὲ
3370 3124 3420 3176 οἱ
3450 3123 3712 3212 κάτοικοιτ

464 3243 522 3288 et
549 3233 767 3302 insuper
787 3232 1052 3286 volatilia.
1083 3231 1190 3287 Sed
1218 3246 1554 3302 nequaquam
1585 3229 2040 3291 existimabimus,

467 3325 515 3380 si
553 3332 702 3379 recte
728 3322 1099 3392 intelligimus,
1142 3323 1208 3377 de
1253 3322 1557 3392 agrestibus
1587 3321 1797 3386 bestiis,
1831 3328 1925 3372 aut
1954 3333 2044 3372 re-

469 3414 716 3485 ptilihus,
749 3426 842 3468 aut
894 3414 1199 3468 volucribus
1254 3414 1574 3482 pr0phetam
1619 3411 1775 3465 nobis
1821 3409 2043 3465 concio-

469 3510 587 3564 nari
623 3527 637 3564 :
675 3517 821 3562 esset
845 3508 990 3562 enim
1025 3506 1130 3561 hoc
1157 3505 1383 3560 stultum
1417 3503 1575 3574 plane
1625 3514 1680 3558 et
1720 3502 2043 3572 insipientia!

471 3599 718 3678 plenum.
759 3597 1105 3652 Arbitramur
1149 3596 1293 3650 enim
1343 3596 1544 3665 potius,
1585 3605 1790 3649 rectum
1826 3603 1878 3648 et
1924 3607 2047 3663 ger-

471 3701 691 3739 manum
717 3699 934 3738 sensum
983 3683 1238 3753 amplexi,
1266 3681 1572 3739 Judworum
1601 3697 1778 3737 mores
1824 3681 1908 3736 his
1935 3681 2044 3751 jam

473 3778 635 3833 dictis
673 3776 931 3847 exprimi.
969 3776 1049 3830 Ac
1099 3791 1198 3844 per
1240 3775 1436 3830 bestias
1484 3776 1700 3845 quidem
1739 3775 2049 3843 potentissi-

473 3882 613 3933 mos,
651 3876 708 3922 et
735 3866 826 3937 qui
868 3867 1004 3921 alios
1031 3875 1240 3921 terrere
1286 3875 1536 3936 possunt,
1569 3876 1813 3935 agrestes
1857 3874 1914 3920 et
1946 3881 2046 3935 op-

473 3973 774 4028 pressores,
809 3965 866 4014 et
912 3958 1188 4014 trucidare
1218 3958 1428 4026 solitos,
1456 3969 1511 4012 et
1543 3957 1787 4012 moribus
1821 3972 2047 4028 magno-

475 4065 603 4121 pere
634 4051 798 4117 feros,
829 4059 884 4106 et
931 4051 1170 4107 immites
1200 4051 1490 4122 significat.
1533 4049 1638 4105 Per
1674 4049 1885 4119 reptilia
1919 4063 2049 4104 vero

472 4142 582 4214 67
610 4143 662 4197 in
695 4156 906 4196 morum
933 4140 1229 4196 acerbitate
1256 4140 1738 4196 exercitatissimos
1763 4149 1821 4194 et
1847 4140 2050 4208 impro-

473 4237 646 4291 bitate
689 4233 801 4302 jam
832 4242 1260 4290 consummatos.
1310 4231 1401 4287 Sic
1440 4234 1585 4287 enim
1633 4239 1690 4285 et
1717 4229 1914 4285 alicubi
1963 4245 2050 4282 sa-

475 4327 630 4394 piens
678 4325 917 4382 Joannes
963 4324 1422 4396 improbissimam
1453 4323 1852 4378 Pharisaeorum
1895 4320 2050 4377 Scri-

2144 3211 2396 3302 θῆρέςίτε
2438 3230 2532 3283 καὶ
2558 3225 2784 3299 ἑρπετὰ,
2806 3225 2900 3278 καὶ
2927 3221 3063 3294 πρός
3091 3237 3156 3288 γε
3184 3217 3395 3280 τούτοις
3422 3214 3491 3268 τὰ
3513 3211 3712 3267 διιπτά-

2148 3339 2306 3394 μενα.
2339 3321 2452 3375 Καὶ
2477 3320 2536 3372 οὐ
2563 3319 2734 3389 δήπου
2756 3313 3072 3386 νομιοῦμεν,
3091 3311 3208 3380 εἴγε
3238 3307 3491 3378 συνίεμεν
3517 3305 3714 3377 ὀρθῶς,

2145 3416 2226 3470 ὅτι
2259 3411 2442 3484 θηρῶν
2467 3409 2699 3482 ἀγρίων,
2723 3408 2889 3478 ἡγουν
2920 3403 3186 3477 ἑρπετῶν,
3213 3403 3247 3473 ἢ
3276 3398 3494 3469 πτηνῶν
3521 3398 3550 3451 ό
3582 3412 3712 3466 προσ

2146 3504 2374 3575 φητικδς
2403 3505 2534 3574 ἡμῖν
2567 3499 2954 3570 κατακέκραγε
2985 3496 3164 3565 λόγος.
3193 3492 3404 3563 Εὗηθες
3438 3488 3549 3560 γὰρ
3582 3504 3716 3541 παν-

2145 3595 2337 3660 τελῶς,
2364 3595 2456 3646 καὶ
2481 3591 2771 3654 ἀσυνεσίας
2793 3588 3028 3660 ἔμπλεον
3051 3586 3111 3638 τὸ
3142 3585 3265 3656 τῇδε
3287 3583 3446 3637 νοεῖν.
3481 3578 3721 3650 Οίόμεθιι

2145 3690 2257 3760 γὰρ
2291 3685 2527 3758 μᾶλλον,
2561 3682 2696 3755 ὀρθὰ
2745 3681 2962 3751 φρονεῖν
3006 3675 3331 3746 ἐγνωκότες,
3371 3675 3485 3734 τοῖς
3517 3669 3717 3742 ἀρτίως

2149 3781 2282 3851 ἡμῖν
2338 3775 2652 3850 είρημένοις
2704 3773 2830 3836 τοὺς
2872 3771 2978 3824 τῶν
3029 3767 3297 3823 Ἰουδαίων
3347 3761 3719 3836 ἐξομοιοῦσθαι

2146 3870 2402 3941 τρόπους.
2447 3865 2555 3920 Καὶ
2609 3862 2698 3917 διὰ
2742 3862 2843 3933 μὲν
2881 3859 2991 3914 τῶν
3021 3858 3226 3930 θηρίων
3259 3857 3386 3918 τοὺς
3412 3851 3720 3908 δυνατωτά-

2147 3978 2294 4024 τους,
2320 3959 2415 4013 xui.
2449 3953 2801 4026 ὲκδειματοῦν
2833 3952 3054 4024 ἑτέρους
3100 3949 3297 4012 ίκανῶς
3327 3947 3570 4017 ἔχοντας,
3595 3942 3721 4004 τοὺς

2149 4051 2377 4122 ἀγρίους
2400 4048 2494 4102 καὶ
2525 4045 2964 4107 ὲπελευστικοὺς,
2992 4041 3088 4096 καὶ
3115 4039 3419 4112 μιαιφονεῖν
3441 4034 3721 4094 εἰωθότας,

2151 4144 2247 4198 καὶ
2285 4140 2418 4195 πολὺ
2457 4140 2578 4195 λίαν
2607 4139 2832 4210 ἔχοντας
2867 4135 2929 4189 τὸ
2961 4135 3236 4205 ἀνήμερον
3266 4128 3634 4198 ὑπεμφήνειεν
3657 4123 3723 4176 ἂν

2151 4237 2181 4290 ό
2204 4235 2381 4305 λόγος.
2417 4233 2516 4288 Διά
2545 4231 2604 4285 δέ
2631 4247 2696 4299 γε
2719 4230 2829 4284 τῶν
2858 4227 3105 4300 ἑρπετῶν
3127 4227 3253 4287 τοὺς
3285 4223 3470 4291 ἀκρως
3494 4219 3724 4287 ἐξησκη-

2157 4327 2350 4398 μένους
2374 4324 2436 4377 τδ
2475 4322 2671 4394 πικρὸν
2699 4323 2780 4384 είς
2801 4321 3055 4392 τρόπους,
3083 4319 3179 4372 καὶ
3202 4317 3280 4378 είς
3309 4312 3458 4384 λῆξιν
3475 4309 3575 4379 τῆς
3597 4307 3724 4376 ὅλης

479 4419 780 4488 barumque
816 4417 1217 4472 multitudinem
1249 4413 1618 4484 reprehendit,
1648 4412 2025 4476 acclamans,e

2153 4418 2254 4490 ἥδη
2286 4418 2519 4489 ἥκοντας
2559 4415 2844 4487 πονηρίας.
2887 4410 3042 4466 Οὕτω
3072 4410 3182 4479 γάρ
3220 4424 3321 4461 που
3350 4405 3442 4458 καὶ
3489 4404 3517 4455 ό
3565 4398 3725 4469 σοφὸς

478 4522 762 4582 serpentes
806 4525 871 4565 ac
903 4509 1216 4580 progeniem
1249 4507 1558 4575 viperarum
1593 4507 1881 4560 nominans
1904 4505 2048 4562 “7-”.

475 4602 582 4657 Per
637 4601 879 4655 volatilia
926 4601 1232 4656 rectissime
1284 4598 1591 4668 intelliges,
1652 4598 1742 4666 qui
1805 4607 2053 4665 prompte

477 4696 546 4750 ad
599 4693 959 4749 defectionem
1009 4707 1040 4746 a
1081 4692 1192 4746 Deo
1235 4690 1540 4761 eriguntur,
1594 4689 1709 4744 sive
1760 4689 1852 4758 qui
1904 4704 2055 4743 exse-

477 4787 679 4843 cranda
713 4784 966 4853 superbia
1011 4783 1288 4848 laborant,
1315 4791 1372 4838 et
1412 4796 1626 4838 sursum
1671 4780 1824 4844 ferri,
1855 4789 1910 4834 et
1944 4779 2052 4834 alta

477 4893 672 4950 sapere
715 4884 1135 4932 consueverunt.
1169 4875 1395 4930 Videtur
1429 4882 1608 4928 autem
1653 4883 1708 4927 et
1751 4873 1928 4940 pisces
1963 4887 2053 4925 vo-

479 4989 604 5030 care
633 4971 880 5027 sordidos
903 4977 958 5023 et
986 4969 1281 5039 gregarios,
1308 4968 1432 5022 vita:
1462 4965 1923 5022 sollicitudinibus
1949 4965 2052 5017 im-

480 5079 724 5132 mersos,
761 5073 819 5118 et
868 5073 1102 5116 mentem
1150 5059 1216 5114 iis
1261 5059 1418 5125 quasi
1465 5057 1693 5112 oﬂ‘usam
1749 5056 2052 5119 habentes,

482 5167 660 5212 mutos
688 5166 742 5210 et
782 5155 1006 5209 rationis
1041 5150 1281 5206 maxime
1330 5161 1622 5219 expertes:
1665 5157 1749 5205 est
1793 5149 1936 5203 enim
1970 5149 2055 5216 pi-

483 5251 589 5304 scis
622 5264 712 5303 res
761 5262 790 5300 a
839 5259 971 5299 voce
1004 5242 1392 5298 remotissima.
1427 5240 1494 5293 Et
1539 5240 1837 5293 secundum
1887 5237 2052 5290 alium

481 5353 727 5402 sensum,
755 5352 849 5391 eos
871 5335 962 5403 qui
992 5331 1373 5387 imbecilliores
1401 5329 1546 5384 velut
1566 5328 1870 5396 deglutiunt
1898 5343 1914 5382 :
1942 5344 2054 5382 mu-

484 5441 574 5482 tua
613 5430 756 5484 enim
785 5425 1140 5482 devoratioue
1170 5423 1348 5492 pisces
1391 5421 1658 5490 imprimis
1683 5423 1936 5491 gaudent.
1969 5419 2056 5474 lno

485 5524 602 5591 quit
635 5535 800 5590 ergo:
831 5538 850 5572 ι
883 5518 1110 5590 Lugebit
1143 5526 1285 5571 terra
1312 5528 1416 5568 una
1447 5528 1570 5568 cum
1611 5513 2001 5567 habitantibus.
2029 5530 2048 5563 ι

2165 4512 2420 4581 Ἰωάννης
2474 4509 2573 4580 τὴν
2634 4504 3046 4579 μοχθηροτάτην
3101 4501 3211 4554 τῶν
3263 4495 3570 4569 Φαρισαίων
3635 4492 3728 4546 καὶ

2151 4601 2530 4673 Γραμματέων
2561 4599 2757 4670 ἦλεγχε
2793 4595 3022 4666 πληθὺν,
3048 4590 3282 4646 ἐπιϐοῶν
3306 4605 3363 4642 τε
3397 4587 3492 4640 καὶ
3519 4584 3692 4654 λέγων
3710 4600 3725 4615 ·

2160 4713 2180 4746 r
2196 4695 2405 4763 Ὄφεις,
2424 4693 2737 4763 γεννήματα
2759 4688 3000 4760 ἐχιδνῶν.
3015 4705 3034 4737 ι
3057 4684 3157 4738 Διά
3176 4682 3233 4736 δέ
3253 4700 3315 4751 γε
3336 4680 3444 4734 τῶν
3466 4675 3729 4732 πετεινῶν

2154 4781 2213 4840 εὖ
2258 4786 2403 4856 μάλα
2453 4786 2703 4852 συνήσεις
2743 4783 2870 4845 τοὺς
2911 4780 3142 4850 ἑτοίμως
3168 4771 3602 4842 ἀνεπτοημένους
3649 4770 3730 4832 είς

2158 4881 2459 4933 ἀπόστασιν
2502 4877 2604 4948 τὴν
2649 4876 2756 4930 ἀπὸ
2800 4873 2958 4935 Θεοῦ,
3012 4871 3110 4924 εἴτ’
3165 4865 3257 4923 οὖν
3309 4866 3406 4938 τὴν
3457 4864 3731 4932 ὲπάρατον

2159 4969 2448 5032 νοσοῦντας
2501 4967 2835 5039 ὑπεροψίαν,
2885 4965 2980 5018 καὶ
3019 4964 3130 5017 ἀνω
3175 4977 3278 5013 που
3321 4954 3580 5028 φέρεσθαι
3635 4951 3731 5006 καὶ

2161 5059 2342 5130 ὑψηλά
2364 5061 2577 5130 φρονεῖν
2614 5058 2888 5118 εἰωθότας.
2920 5052 3106 5108 "Eous
3146 5051 3202 5104 δὲ
3250 5050 3344 5102 καὶ
3375 5046 3561 5118 ἰχθύας
3593 5045 3701 5097 ἀπο

2162 5152 2349 5206 καλεῖν
2389 5153 2515 5215 τοὺς
2564 5147 2944 5222 συρφετώδεις,
2991 5146 3085 5199 καὶ
3113 5141 3418 5212 ἀγελαίους,
3448 5139 3574 5200 τοὺς
3609 5136 3732 5196 ταῖς

2162 5239 2258 5293 τοῦ
2291 5234 2414 5310 ’βίου
2448 5238 2697 5309 φροντίσι
2729 5232 3213 5306 βεϐαπτισμένους,
3256 5231 3351 5283 καὶ
3407 5223 3730 5295 ὑποϐρύχιον

2158 5330 2347 5403 ῶσπερ
2375 5331 2594 5400 ἔχοντας
2613 5327 2759 5392 νοῦν,
2794 5329 2919 5391 τοὺς
2943 5323 3189 5395 ἀφώνους
3215 5321 3308 5375 καὶ⁸
3335 5317 3730 5386 ἀλογωτάτους.

2171 5423 2543 5493 Ἀφωνότατον
2576 5421 2685 5491 γὰρ
2713 5420 2821 5474 τῶν
2858 5418 3056 5490 ίχθύων
3103 5417 3166 5470 τὸ
3204 5414 3412 5485 χρῆμα.
3459 5410 3568 5464 Καὶ
3608 5406 3730 5462 καθ’

2159 5515 2248 5570 Ere
2254 5533 2345 5588 ρον
2361 5516 2418 5568 δὲ
2432 5513 2653 5585 τρόπον,
2671 5513 2797 5577 τοὺς
2812 5507 2924 5566 οἷον
2946 5509 3342 5570 καταπίνοντας
3369 5503 3494 5568 τοὺς
3510 5501 3736 5557 ἀσθενει-

558 5697 606 5730 ⁶³
630 5698 752 5755 Act.
775 5709 875 5762 vn,
904 5694 988 5751 δε.
1067 5693 1112 5725 ⁸⁸
1146 5691 1336 5748 Matth.
1368 5707 1519 5755 χχιιι,
1549 5693 1637 5749 32.
1715 5689 1835 5732 ⁸⁷-⁸⁸
1863 5689 2000 5752 Luc.
2031 5709 2033 5747 ;

2141 5693 2212 5760 7;
2242 5691 2432 5748 Matth.
2465 5707 2620 5757 χχιιι,
2653 5692 2738 5746 55.
