4046 6376
369 402 474 458 H7

1295 410 1839 466 COMMENTARIUS
1877 405 1942 462 l-N
1979 403 2212 461 osEAM
2254 365 2695 459 meruerant.

3505 407 3608 464 ΗΒ

368 518 612 586 στέρους“
636 500 1133 596 ἀλληλοφαγίαγάρ
1172 525 1407 596 μάλιστα
1432 529 1584 599 παρά
1610 530 1719 591 τοῖς
1762 526 1937 597 ίχθῦσι

2038 519 2107 575 Ει
2132 533 2252 590 quae
2284 518 2442 586 hujus
2471 521 2547 573 rei
2578 519 2782 574 causa?
2818 535 2837 568 ι
2877 515 2947 573 Ut
2977 518 3157 573 nullus
3183 532 3355 588 neque
3376 517 3602 588 judicet,

365 608 679 680 τετίμηται.
735 631 753 664 ι
798 614 1064 686 Πενθήσει
1117 615 1317 680 τοίνυν,
1370 620 1570 688 φησὶν,
1619 619 1653 688 ή
1707 618 1780 687 γῆ
1826 619 1938 680 τοῖς

365 697 711 756 κατοικοῦσιν
757 702 918 771 ὁμοῦ.
970 724 989 756 ι
1040 706 1153 758 Καὶ
1202 705 1285 769 τίς
1338 707 1372 776 ή
1420 705 1574 759 τοῦδε
1629 705 1933 776 πρόφασις;

369 809 385 839 ι
419 789 611 853 Ὅπως
641 791 830 862 μηδεὶς
866 794 1006 864 μήτε
1037 794 1348 866 δικάζηται,
1398 797 1536 868 μήτε
1582 795 1781 868 ἐλέγχῃ
1829 813 1936 866 μη·

361 877 496 942 δείς.
537 899 555 932 ι
605 881 820 955 Ἐπειδὴ
848 887 956 957 γὰρ
986 885 1132 956 ἀρά,
1164 889 1259 942 καὶ
1291 886 1506 958 ψεῦδος,
1537 889 1708 961 κλοπή
1748 905 1807 942 τε
1843 888 1938 942 καὶ

368 970 549 1037 φόνος,
581 974 673 1026 καὶ
696 975 913 1045 μοιχεία
945 977 1174 1046 κέχυται
1204 979 1297 1032 ἐπὶ
1329 979 1428 1050 τῆς
1460 980 1586 1051 γῆς,
1608 980 1701 1033 καὶ
1728 981 1937 1050 αἵματα

369 1062 458 1129 ἐφ’
485 1061 678 1132 αἵμασι
704 1065 959 1135 μίσγουσι
978 1082 994 1098 ο
1045 1067 1305 1140 ταύτῃτοι
1330 1070 1605 1140 πενθήσει,
1640 1071 1734 1124 καὶ
1765 1070 1937 1140 ἀργή-

373 1167 454 1204 σει
508 1152 692 1206 λοιπὸν
737 1154 959 1224 ψεῦδος,
1009 1158 1102 1211 καὶ
1154 1161 1363 1230 ἀπάτη,
1420 1162 1518 1214 καὶ
1579 1161 1932 1231 συκοφαντία.

383 1243 808 1314 Ἐποιμώζοντες
850 1247 958 1320 γὰρ
1015 1252 1128 1314 τοῖς
1162 1253 1294 1323 παρ’
1320 1251 1511 1306 ἐλπίδα
1541 1252 1934 1324 συμϐεϐηκόσι,

369 1333 460 1386 καὶ
487 1335 586 1405 τὴν
615 1337 672 1388 ἐν
702 1337 849 1409 χειρὶ
874 1337 1148 1404 κλαίοντες
1177 1342 1482 1414 συμφορὰν,
1497 1344 1591 1396 καὶ
1609 1343 1706 1412 οὐχ
1725 1343 1938 1406 ἑκόντες

367 1424 655 1491 ἀφέξονται
682 1427 789 1480 τῶν
818 1429 1070 1484 τοιούτων
1094 1431 1602 1505 πλημμελημάτων.
1633 1435 1713 1486 Τὸ
1728 1436 1833 1506 γάρ
1855 1453 1936 1488 τοι

365 1515 700 1586 δικάζεσθαι,
731 1521 826 1574 καὶ
853 1522 1116 1592 ἐλέγχειν,
1143 1526 1228 1596 εἴη
1263 1525 1330 1579 ἂν
1351 1525 1536 1597 ἓτερον
1571 1526 1742 1591 οὐδὲν,
1770 1528 1939 1580 καθά-

367 1625 471 1680 περ
496 1603 729 1681 ἐγῷμαι,
760 1611 895 1686 πλὴν
921 1615 1088 1667 ὅτιτὸ
1117 1620 1464 1686 κατηγορεῖν,
1499 1618 1594 1670 καὶ
1623 1619 1936 1688 καταψηφί-

364 1699 556 1763 ζεσθαί
595 1721 777 1769 τινων,
809 1705 926 1776 ἤτοι
972 1705 1459 1779 ψευδομαρτυρεῖν.
1506 1710 1677 1763 Τοῦτό
1724 1728 1802 1764 τοι
1844 1712 1938 1764 καὶ

277 1810 280 1812 ·
364 1792 548 1862 ἕτερος
596 1794 728 1864 ⁴ινιμῖν
769 1795 878 1848 τῶν
918 1796 1088 1864 ἁγίων
1120 1801 1416 1870 προφητῶν
1436 1840 1451 1861 ,
1482 1801 1591 1854 τῶν
1619 1802 1676 1868 ἐξ
1707 1802 1937 1871 αἳματος

377 1881 595 1952 Ἰσραὴλ
633 1885 1053 1955 κατεκεκράγει,
1097 1887 1300 1956 λέγων·
1344 1909 1361 1940 ι
1397 1889 1464 1941 Οῖ
1493 1909 1604 1961 μοι,
1638 1870 1818 1962 ψυχή,
1851 1892 1932 1944 ὅτι
1969 1870 2010 1926 Β

362 1970 642 2026 ἀπόλωλεν
696 1975 933 2045 εὐλαϐὴς
966 1977 1073 2030 ἀπὸ
1106 1979 1208 2050 γῆς
1248 1981 1341 2033 καὶ
1377 1984 1405 2034 ὁ
1439 1983 1718 2053 κατορθῶν
1747 1985 1804 2036 ἐν
1841 1985 1934 2036 ἀν-

363 2064 601 2136 θρώποις
643 2068 742 2120 οὐκ
794 2069 929 2129 ἐστι,
983 2070 1184 2135 πάντες
1228 2074 1308 2134 είς
1353 2073 1560 2142 αἵματα
1605 2074 1931 2141 δικάζονται,

359 2157 591 2222 ἕκαστος
623 2160 713 2212 τὸν
758 2160 985 2232 πλησίον
1030 2162 1191 2216 αὐτοῦ
1240 2164 1578 2220 ἐκθλίϐουσιν
1621 2165 1866 2237 ἐκθλιϐῇ.
1909 2185 1930 2219 ι

370 2249 533 2304 Ἀλλά
562 2250 732 2304 ταῦτα
770 2254 1077 2324 ίστορικῶς.

433 2341 578 2411 Πρὸς
603 2344 838 2398 διάνοιαν
869 2345 925 2398 δὲ
953 2346 1052 2416 τὴν
1075 2348 1332 2401 ἐσωτάτω
1356 2349 1446 2402 τὸν
1475 2349 1576 2420 τῆς
1600 2350 1934 2422 προφητείας

361 2434 678 2499 εύθύνοντες
717 2437 872 2507 λόγον
891 2480 904 2503 ,
933 2439 1107 2493 ἐκεῖνό
1143 2457 1342 2510 φαμεν.
1385 2441 1604 2513 Ἐπειδὴ
1638 2443 1746 2515 γὰρ
1775 2445 1835 2498 ἐν
1865 2447 1932 2516 τῇ

360 2526 470 2578 τῶν
505 2527 773 2582 Ἰουδαίων
800 2531 872 2600 γῇ
895 2569 909 2592 ,
944 2531 1112 2601 ἦγουν
1145 2534 1275 2601 παρ’
1303 2532 1487 2596 αὐτοῖς
1527 2534 1798 2598 Ἰουδαίοις
1835 2537 1936 2590 οὐκ

361 2619 510 2670 ἐστιν
559 2605 831 2689 ἀλήθεια,⁵
865 2621 984 2673 οὐδὲ
1041 2622 1208 2684 ἔλεος,
1257 2624 1376 2678 ούδέ
1422 2626 1718 2692 ἐπίγνωσις
1761 2628 1931 2682 Θεοῦ·

370 2708 544 2762 ταῦτα
570 2710 626 2764 δὲ
656 2708 797 2765 εἷναί
827 2729 886 2766 τε
931 2714 1025 2766 καὶ
1056 2713 1308 2782 λέγεσθαι
1342 2717 1430 2769 τὸν
1468 2719 1814 2793 Ἐμμανουήλ
1853 2723 1933 2775 εί-

364 2803 612 2873 ρήκαμεν
631 2819 644 2832 '
674 2805 986 2877 κεκράτηκε
1016 2806 1073 2858 δὲ
1099 2808 1298 2876 μᾶλλον
1320 2799 1450 2878 ἀρὰ,
1479 2812 1574 2864 καὶ
1603 2811 1818 2881 ψεῦδος,
1840 2814 1935 2866 καὶ

359 2891 646 2961 τετίμηται
677 2892 870 2964 κλοπὴ,
896 2895 990 2947 καὶ
1027 2895 1233 2970 αἵματα
1271 2898 1357 2965 ἐφ’
1384 2898 1578 2968 αἵμασι
1614 2901 1898 2970 μίσγουσιν
1917 2919 1932 2933 °

361 2983 720 3048 ἀπεκτονότες
752 2986 860 3057 γὰρ
885 2987 1011 3050 τοὺς
1042 2990 1348 3058 προφήτας,
1373 2991 1448 3053 ὡς
1477 2991 1635 3064 ἔφην,
1653 2995 1745 3046 καὶ
1775 2995 1936 3047 αὐτὸν

363 3075 697 3129 ἀπεκτόνασι
723 3076 816 3131 τὸν
853 3078 1080 3146 Ἰησοῦν.
1113 3080 1532 3152 Καταπενθήσει
1565 3083 1748 3138 λοιπὸν
1780 3087 1815 3155 ἡ
1863 3085 1935 3156 γῆ

2038 626 2213 682 neque
2256 622 2446 683 arguat
2480 613 2790 682 quisquam.
2827 629 2846 662 ι
2891 611 3156 678 Quoniam
3202 613 3349 666 enim
3383 613 3606 667 maledi-

2037 713 2205 768 ctum,
2234 712 2288 757 et
2323 704 2687 767 mendacium,
2729 703 2953 770 furtum,
2986 712 3041 757 et
3068 702 3264 771 czedes,
3295 712 3351 758 et
3395 703 3607 760 adulte-

2037 795 2178 850 rium
2208 793 2398 849 dill'usa
2429 805 2554 849 sunt
2579 809 2741 864 super
2777 804 3001 861 terram,
3031 803 3086 848 et
3138 795 3433 864 sanguines
3477 811 3606 850 sau-
3641 781 3650 807 “

2037 885 2291 953 guinibus
2355 885 2923 941 miscenturzidcirco
2978 885 3200 957 lugebit,
3263 896 3320 940 et
3371 889 3609 942 cessabit

2038 977 2294 1046 deinceps
2323 978 2685 1040 mendacium,
2715 989 2768 1032 et
2801 977 3044 1044 fallacia,
3074 987 3130 1031 et
3159 977 3452 1033 calumnia.
3483 979 3610 1048 Eju-
3643 972 3654 1023 ἓ

2037 1068 2214 1125 lantes
2259 1071 2403 1125 enim
2456 1085 2619 1139 super
2669 1069 2753 1124 his
2796 1085 2916 1138 qua:
2963 1079 3160 1138 praeter
3203 1086 3353 1140 spem
3390 1072 3603 1126 accide-

2038 1169 2184 1225 runt,
2212 1172 2267 1214 et
2311 1161 2676 1215 calamitatem
2716 1169 3038 1228 praesentem
3083 1161 3444 1227 deplorantes,
3485 1162 3610 1216 tali-

2035 1253 2137 1307 bus
2161 1252 2369 1308 delictis
2391 1252 2554 1306 etiam
2582 1252 2734 1305 inviti
2767 1252 3136 1306 abstinehunt.
3159 1251 3185 1304 ,1
3195 1253 3415 1306 udicare
3438 1254 3605 1319 enim,

2037 1355 2092 1399 et
2133 1359 2360 1414 arguere
2386 1344 2520 1399 nihil
2555 1358 2674 1398 mea
2709 1343 2984 1397 sententia
3039 1341 3184 1395 aliud
3235 1341 3400 1396 fuerit
3443 1358 3607 1411 quant

2036 1450 2320 1500 accusare,
2339 1446 2394 1489 et
2413 1435 2737 1490 sententiam
2768 1433 2906 1488 male
2931 1432 3075 1488 ferre
3098 1443 3286 1486 contra
3318 1434 3606 1504 quosdam,

2037 1528 2152 1582 sive
2179 1526 2374 1581 falsum
2415 1525 2714 1581 testiﬁcari.
2767 1524 2879 1579 Hoc
2914 1523 3069 1578 nobis
3119 1532 3172 1576 et
3220 1523 3360 1576 alius
3394 1531 3612 1577 sancto-

2038 1635 2158 1674 rum
2197 1619 2584 1687 prophetarum
2629 1631 2693 1670 ex
2742 1614 3010 1685 sanguine
3043 1613 3211 1669 Israel
3235 1613 3606 1684 proclamavit,

2037 1725 2160 1764 cum
2191 1709 2328 1761 dixit
2357 1725 2371 1761 :
2406 1726 2431 1758 ι
2470 1705 2558 1761 Va:
2599 1705 2758 1770 mihi,
2787 1706 2993 1768 anima,
3025 1707 3151 1774 quia
3185 1704 3354 1775 periit
3397 1703 3610 1775 religio-

2037 1815 2130 1856 sus
2169 1801 2235 1855 de
2269 1809 2433 1865 terra,
2466 1811 2520 1854 et
2552 1798 2643 1868 qui
2685 1809 2831 1853 recte
2867 1797 3035 1853 faciat
3064 1797 3116 1852 in
3149 1797 3476 1862 hominibus,
3502 1810 3608 1852 non

2035 1901 2157 1946 est:
2206 1905 2396 1945 omnes
2452 1891 2504 1944 in
2553 1890 2847 1959 sanguines
2905 1887 3188 1958 judicant,
3240 1890 3610 1958 unusquisque

2035 1986 2341 2052 proximum
2372 1997 2531 2036 suum
2561 1981 2820 2036 tribulaut
2855 1979 3200 2036 tribulatione
3221 1979 3290 2036 ⁸³.
3325 1998 3344 2031 ι
3373 1978 3477 2035 Sed
3497 1979 3609 2035 haec

2035 2074 2254 2144 quidem
2283 2073 2566 2129 historice.

2104 2366 2187 2420 Ad
2238 2365 2485 2421 intimum
2521 2376 2684 2433 porro
2728 2376 2946 2417 sensum
2979 2359 3222 2416 vaticinii
3261 2359 3424 2414 verba
3473 2357 3609 2414 diri-

2035 2465 2246 2526 gentes,
2281 2455 2413 2509 illud
2450 2453 2703 2508 dicimus.
2743 2451 2877 2519 Quia
2918 2451 2973 2505 in
3020 2451 3245 2521 regione
3276 2447 3605 2515 Judzeorum,

2034 2545 2151 2599 sive
2197 2545 2340 2614 apud
2372 2546 2516 2612 ipsos
2540 2541 2753 2608 Iudaeos
2800 2557 2906 2596 non
2949 2550 3032 2595 est
3063 2540 3288 2605 veritas,
3316 2554 3416 2594 nec
3447 2539 3612 2594 mise-

2038 2635 2299 2701 ricordia,
2326 2652 2425 2692 nec
2454 2637 2682 2691 scientia
2714 2634 2805 2689 Dei
2847 2635 2986 2704 (haec
3019 2642 3198 2687 autem
3247 2646 3370 2686 esse
3415 2640 3470 2686 et
3501 2630 3608 2684 dici

2037 2726 2444 2782 Etttmauuelem
2479 2727 2834 2794 monuimus),
2863 2725 3199 2794 invaluitque
3225 2724 3407 2793 potius
3435 2721 3607 2776 male-

2035 2821 2235 2875 dictum
2278 2828 2331 2873 et
2370 2817 2818 2881 mendacium,,et
2849 2817 3171 2871 studuerunt
3199 2813 3379 2881 furtis,
3407 2822 3461 2870 et
3481 2829 3610 2868 san-

2036 2907 2224 2976 guines
2251 2906 2305 2959 in
2338 2905 2692 2975 sanguinibus
2738 2904 3076 2958 miscuerunt
3115 2901 3334 2975 (occisis
3374 2918 3608 2971 namque

2036 2996 2336 3065 prophetis,
2365 3006 2424 3050 ut
2452 2994 2586 3060 dixi,
2615 3005 2669 3049 et
2699 2997 2874 3065 ipsum
2911 2993 3093 3050 Jesum
3123 2994 3480 3063 occiderunt).
3502 2992 3610 3046 L-u-

2037 3087 2184 3158 gehit
2217 3087 2272 3140 in
2327 3095 2604 3154 posterum
2664 3096 2806 3141 terra
2850 3103 2952 3140 una
2996 3101 3119 3140 cum
3170 3085 3605 3148 habitatoribus,

361 3168 475 3230 τοῖς
516 3167 792 3232 κατοίκοις
836 3169 972 3240 ὁμοῦ
1013 3173 1134 3234 ταῖς
1195 3172 1488 3244 Ῥωμαίων
1542 3177 1932 3248 ὲμπιπραμένη

2039 3179 2287 3233 u'tanihus
2331 3179 2704 3233 Romanorum
2756 3180 2996 3234 incensa.
3032 3179 3206 3232 Erunt
3246 3189 3423 3232 autem
3469 3180 3607 3240 haec,

361 3258 573 3330 χερσίν.
610 3260 803 3314 Ἔσται
831 3260 888 3314 δὲ
914 3263 1108 3329 ταῦτα,
1144 3265 1360 3336 φησὶν,‹
1399 3267 1520 3320 Ἵνα
1548 3270 1686 3339 μήτε
1715 3269 1936 3341 δικάζη-

361 3367 474 3416 ται,
526 3353 663 3423 μήτε
711 3353 913 3425 ἐλέγχῃ
964 3355 1171 3426 μηδείς.
1209 3375 1230 3408 ι
1271 3357 1448 3430 Ὅπερ
1497 3359 1650 3412 ἐστὶν
1691 3359 1938 3432 ἐναργῶς

363 3444 761 3516 ἐπαιτιωμένου
788 3449 914 3511 τοὺς
956 3448 1263 3516 Ἰουδαίους,
1298 3449 1374 3512 ὡς
1417 3450 1814 3522 δικασαμένους
1841 3455 1937 3507 ἀν-

361 3537 545 3602 οσίως,
567 3539 660 3592 καὶ
691 3540 1142 3609 κατελέγξαντας,
1171 3543 1289 3612 ῆτοι
1312 3542 1937 3615 ψευδομαρτυρήσαντας

363 3630 460 3684 τοῦ
503 3631 760 3702 Χριστοῦ.
803 3631 870 3688 Ol
917 3635 1015 3704 μὲν
1057 3633 1166 3704 γὰρ
1217 3635 1508 3705 ἡγούμενοι
1539 3637 1813 3706 προσῆγον
1842 3637 1939 3690 Πι-

363 3720 548 3790 λάτῳ,
606 3721 950 3793 δικαζόμενοί
1008 3741 1068 3776 τε
1123 3723 1217 3777 καὶ
1270 3725 1705 3797 κατηγοροῦντες
1750 3725 1936 3781 αὑτοῦ.

364 3813 734 3885 Παρελθόντες
758 3815 814 3868 δέ
843 3833 989 3879 τινες
1013 3815 1486 3887 κατεμαρτύρουν,
1523 3818 1685 3888 μόνον
1724 3817 1781 3871 δέ
1819 3820 1939 3891 οὐχὶ

364 3912 460 3964 καί
484 3911 724 3981 ἐλέγχειν
766 3910 1088 3982 ἀπετόλμων
1108 3927 1122 3940 ·
1153 3911 1580 3981 ψευδοεποῦντες
1610 3913 1657 3964 oi
1690 3912 1934 3977 δείλαιοι,

363 4003 500 4056 ποτὲ
545 4005 664 4074 μὲν,
713 4004 796 4056 ὅτι
840 4002 1155 4075 διαστρέφει
1205 4003 1297 4056 τὸν
1344 4003 1505 4056 λαόν·
1550 4003 1680 4057 ποτέ
1727 3998 1806 4066 δὲ,
1857 4005 1938 4059 ὅτι

362 4094 556 4148 τούτου
608 4095 861 4164 λέγοντος
889 4094 1230 4164 ἀκηκόαμεν,
1276 4094 1352 4156 ὼς
1385 4093 1443 4146 ἐν
1487 4093 1666 4165 τρισὶν
1705 4093 1941 4166 ἡμέραις

365 4186 662 4241 καταλύσει
701 4186 792 4239 τὸν
821 4185 946 4239 ναὸν
977 4185 1069 4238 τοῦ
1101 4185 1260 4250 Θεοῦ,
1289 4186 1382 4238 καὶ
1419 4187 1605 4257 ἐγερεῖ
1644 4185 1806 4239 πάλιν
1840 4187 1938 4240 αὺ-

363 4279 476 4330 τόν.
517 4276 964 4349 ’Δναιρεθήσεται
993 4277 1194 4341 τοίνυν,
1223 4277 1378 4348 φησι,
1401 4276 1548 4348 δίκη,
1578 4277 1674 4330 καὶ
1697 4277 1936 4348 ἐλεγχος,

360 4373 484 4445 ἦτοι
536 4369 956 4441 καταμαρτυρία
999 4370 1127 4441 (καὶ
1170 4369 1348 4440 ψῆφος
1395 4370 1494 4422 οὐκ
1551 4370 1778 4442 ἀληθὴς,
1841 4371 1941 4424 οὐκ

363 4465 518 4526 ὄντος
567 4461 850 4532 βασιλέως,
897 4460 1018 4513 ούδέ
1073 4459 1333 4531 ἄρχοντος
1361 4459 1456 4512 τοῦ
1486 4459 1728 4524 δικάζειν
1755 4459 1940 4514 εἰωθό-

2040 3270 2233 3339 inquit,
2269 3286 2300 3320 ιι
2340 3278 2397 3323 ιιι
2442 3284 2616 3340 neque
2657 3267 2886 3336 judicet,
2921 3282 3096 3336 neque
3141 3277 3333 3337 arguat
3368 3267 3551 3320 nllus:
3585 3285 3604 3318 ι

2038 3362 2182 3432 quod
2221 3369 2308 3417 est
2343 3362 2631 3416 manifeste
2662 3375 2922 3415 accusare
2955 3358 3192 3424 Judaeos,
3221 3369 3280 3412 ut
3308 3359 3397 3428 qui
3444 3359 3608 3428 impie

2031 3450 2121 3520 jus
2147 3451 2422 3516 dixerunt,
2456 3461 2511 3506 et
2536 3454 2950 3522 redarguerunt,
2981 3450 3097 3504 sive
3135 3450 3328 3502 falsum
3368 3450 3612 3504 testimo-

2039 3545 2186 3598 nium
2215 3544 2268 3597 in
2300 3543 2576 3599 Christum
2607 3542 2969 3612 protulerunt.
3011 3541 3124 3612 68
3157 3540 3436 3610 Principes
3461 3540 3604 3596 enim

2038 3635 2374 3690 adduxerunt
2428 3649 2550 3690 eum
2623 3635 2688 3687 ad
2753 3633 3005 3696 Pilatum,
3071 3633 3221 3684 illum
3305 3631 3610 3701 judicanles

2038 3738 2094 3784 et
2119 3736 2458 3783 accusantes.
2491 3726 2770 3796 Progressi
2799 3725 2990 3779 deinde
3017 3725 3250 3792 quidam-
3269 3723 3323 3776 in
3347 3724 3606 3789 medium,

2041 3819 2414 3874 testimonium
2451 3830 2642 3872 contra
2674 3817 2850 3886 ipsutn
2887 3816 3296 3886 perhibuerunt,
3319 3825 3373 3870 et
3398 3823 3607 3870 tantum

2038 3925 2146 3966 non
2206 3910 2382 3978 ipsum
2443 3923 2660 3979 quoque
2710 3907 3045 3978 argumentis
3102 3907 3423 3962 convincere
3490 3906 3609 3962 ausi

2038 4009 2184 4065 sunt,
2208 4001 2535 4055 mentientes
2559 3998 2764 4064 miseri,
2798 4013 2965 4063 nunc,
2996 4014 3119 4052 eum
3149 3999 3409 4053 seducere
3434 4012 3606 4068 popu-

2040 4092 2185 4159 lum;
2215 4107 2379 4156 nttnc,
2427 4105 2490 4146 se
2527 4091 2630 4145 hoc
2679 4089 2853 4158 ipsum
2881 4089 3148 4144 dicentem
3177 4090 3468 4153 audivisse,
3512 4091 3612 4144 tri-

2040 4188 2141 4242 bus
2170 4186 2359 4240 diebus
2389 4182 2644 4252 templum
2686 4182 2774 4234 Dei
2815 4181 3219 4235 destructurum
3277 4191 3331 4236 et
3371 4181 3604 4236 remdiﬁ-

2041 4289 2288 4334 caturum
2310 4277 2380 4331 9°.
2409 4274 2653 4330 Tolletur
2689 4274 2873 4345 igitur,
2903 4274 3096 4343 inquit,
3122 4274 3411 4341 judicium,
3438 4284 3493 4328 et
3518 4290 3608 4329 re-

2041 4369 2354 4440 prehensio,
2389 4369 2504 4422 sive
2558 4366 2852 4421 testimonii
2897 4365 3083 4430 dictio,
3111 4375 3168 4418 et
3199 4366 3469 4419 sententia
3505 4380 3612 4420 nou

2041 4475 2193 4526 vera,
2222 4473 2345 4514 cum
2393 4473 2500 4512 non
2530 4457 2636 4512 erit
2670 4471 2786 4521 rex,
2820 4469 2997 4523 neque
3026 4455 3303 4525 princeps,
3332 4456 3428 4524 qui
3467 4454 3614 4523 judi-

365 4572 478 4618 τος.
516 4554 558 4606 Τ
562 4553 805 4624 αὐτητοι,
847 4551 1100 4622 καθάπερ
1138 4546 1376 4624 ἐγῷμαι,
1401 4552 1494 4604 καὶ
1535 4553 1564 4604 ὁ
1607 4551 1938 4623 προφητικὸς

2043 4565 2170 4606 care
2201 4550 2366 4604 norit.
2391 4548 2504 4602 Hac
2529 4548 2597 4601 de
2617 4561 2804 4612 causa,
2841 4556 2899 4599 ut
2926 4560 3030 4614 ego
3064 4545 3261 4607 sentio,
3288 4545 3453 4599 etiam
3486 4560 3614 4614 pro-

367 4649 501 4718 ἡμῖν
547 4647 707 4716 λόγος
748 4648 860 4712 τοῖς
899 4644 1274 4708 ἀϐασιλεύτοις
1319 4646 1429 4699 τῶν
1459 4644 1614 4708 ζώων
1662 4645 1789 4708 τοὺς
1833 4643 1943 4698 τῶν

382 4739 645 4796 Ἰουδαίων
695 4738 1021 4808 παρεικάζει
1063 4736 1246 4803 λαοὺς,
1302 4736 1464 4808 θηρσὶ
1515 4737 1600 4808 δὴ,
1629 4736 1794 4804 λέγω,
1851 4737 1943 4790 καὶ

367 4834 636 4907 ἑρπετοῖς,
685 4832 781 4886 καὶ
823 4834 1110 4894 πετεινοῖς,
1158 4833 1254 4885 καὶ
1302 4830 1533 4901 ἰχθύσιν.
1579 4830 1734 4886 Οὕτω
1783 4831 1876 4883 καὶ
1911 4833 1940 4885 ὁ

301 4919 308 4926 ’
369 4924 638 4996 μακάριος
661 4925 944 4994 προφήτης
987 4921 1219 4974 Ἀϐακοὺ
1229 4939 1268 4992 μ
1287 4920 1391 4992 ἔφη
1413 4939 1517 4974 που
1541 4922 1678 4992 πρὸς
1706 4921 1797 4976 τὸν
1825 4921 1937 4976 τῶν

367 5013 506 5067 ὅλων
536 5013 666 5066 Θεόν
683 5029 697 5042 ·
731 5031 749 5064 ι
770 5007 863 5075 Εἰς
889 5011 940 5064 τί
964 5011 1278 5075 ἐπιϐλέπεις
1309 5013 1404 5065 ἐπὶ
1427 5011 1936 5082 καταφρονοῦντας;

367 5104 782 5174 ΙΙαρασιωπήσῃ
810 5103 868 5154 ἐν
912 5100 989 5171 τῷ
1025 5100 1345 5154 καταπίνειν
1377 5102 1548 5171 ἀσεϐῆ
1578 5103 1669 5154 τὸν
1708 5103 1938 5166 δίκαιον,

365 5197 464 5249 καὶ
511 5197 757 5267 ποιήσεις
800 5198 928 5260 τοὺς
974 5195 1295 5268 ἀνθρώπους
1325 5193 1402 5257 ὡς
1440 5199 1566 5257 τοὺς
1607 5194 1794 5264 ἰχθύας
1842 5195 1945 5265 τῆς

367 5287 682 5359 θαλάσσης,
721 5290 817 5346 καὶ
869 5291 947 5355 ὡς
997 5291 1067 5345 τά
1115 5289 1321 5361 ἑρπετὰ
1381 5289 1482 5340 οὐκ
1528 5288 1720 5358 ἔχοντα
1781 5288 1945 5359 ἡγού-

371 5396 554 5434 μενον.
603 5401 623 5434 ι

452 5471 507 5524 Ὀ
534 5471 605 5524 δὲ
647 5473 797 5538 λαός
820 5490 940 5542 μου
981 5474 1062 5538 ὡς
1098 5473 1561 5542 ἀναλεγόμενος
1587 5470 1798 5540 ἱερεὺς,
1839 5471 1940 5526 καὶ

367 5561 699 5632 ἀσθενήσει
743 5561 990 5632 ἡμέρας,
1035 5563 1132 5616 καὶ
1173 5562 1500 5630 ἀσθενήσει
1552 5563 1586 5616 ό
1632 5559 1941 5630 προφήτης

369 5651 517 5723 μετὰ
547 5652 688 5708 σοῦ.

436 5829 488 5862 ⁸⁸
521 5829 683 5886 Micb.
715 5847 811 5897 vti,
845 5833 900 5888 2.
978 5833 1022 5865 ὀ
1060 5831 1246 5888 Matth.
1280 5847 1427 5896 τινι,
1462 5829 1681 5901 passim.

2042 4645 2295 4716 pheticus
2319 4658 2498 4697 sermo
2521 4640 2828 4697 Judaaorum
2858 4639 3114 4709 p0pulum
3139 4639 3460 4693 animalibus
3493 4651 3618 4707 rege

2041 4733 2355 4792 Carentibus
2375 4740 2673 4797 comparat,
2705 4729 2918 4794 helluis,
2943 4728 3186 4797 inquam,
3225 4735 3280 4782 et
3315 4727 3615 4796 reptilibus,

2040 4837 2097 4882 et
2123 4824 2456 4886 volucribus,
2492 4833 2548 4876 et
2596 4821 2858 4892 piscibus.
2907 4818 2990 4872 ιω
3034 4829 3089 4872 et
3141 4821 3328 4874 beatus
3361 4818 3614 4873 Hahacnc

2041 4917 2413 4972 universitatis
2445 4913 2611 4969 Deum
2643 4913 2954 4982 alloquitur.
2993 4930 3012 4964 ι
3044 4911 3224 4978 Quare
3269 4911 3493 4978 respicis
3521 4925 3617 4964 sn-

2043 5023 2139 5077 per
2164 5005 2612 5076 contemptores?
2638 5003 2869 5060 Tacebis
2899 5020 3020 5058 cum
3052 5002 3396 5057 devoraverit
3421 5000 3617 5069 impius

2041 5098 2270 5165 justum,
2317 5105 2370 5152 et
2420 5095 2586 5150 facies
2627 5095 2874 5150 homines
2927 5095 3083 5166 quasi
3139 5093 3313 5162 pisces
3351 5090 3521 5144 maris
3563 5099 3616 5144 ct

2048 5189 2198 5257 quasi
2241 5187 2476 5258 reptilia,
2507 5202 2612 5242 non
2643 5187 2897 5243 habentia
2929 5187 3120 5242 ducem
3160 5185 3229 5235 9'.
3256 5202 3272 5234 ι

2121 5467 2285 5522 Vens.
2323 5468 2376 5521 4.
2438 5467 2504 5520 At
2555 5469 2776 5536 populus
2824 5481 2970 5520 utet.
3032 5463 3188 5535 quasi
3236 5465 3479 5516 sacerdos
3530 5464 3616 5517 cui

2049 5559 2448 5621 contradicitur,
2473 5566 2522 5610 et
2553 5556 2909 5624 infinnabttur
2935 5571 3030 5626 per
3052 5555 3186 5623 dies,
3223 5565 3270 5608 et
3314 5551 3613 5622 iit/innabi-

2046 5664 2134 5704 tur
2154 5651 2405 5720 pmpheta
2427 5660 2615 5708 tecum.

1787 5829 1829 5861 ⁹¹
1867 5827 2068 5884 Hahae.
2105 5841 2141 5894 ι,
2181 5826 2264 5890 15,
2299 5824 2361 5878 Η
