4046 6376
431 377 536 437 5:9

1420 385 1479 440 S.
1519 382 1793 439 CYRILLI
1833 384 2301 442 ALEXANDRINI
2339 385 2657 442 ARCIIIEP.

3572 382 3698 441 120'

508 500 768 557 XXXVII.
808 502 1101 558 Considera
1136 505 1268 559 mihi
1298 507 1512 560 beatum
1543 509 1861 577 orophetam
1893 510 1989 564 alio

2175 508 2295 568 AZ'.
2321 509 2512 580 ΙἈθρει
2542 510 2603 582 δή
2639 526 2727 580 μοι
2758 508 2851 562 τὸν
2885 512 3156 579 μακάριον
3191 505 3474 578 προφήτην
3493 505 3677 575 ἑτερο-

429 595 591 648 modo
622 594 1004 663 proferentem,
1040 611 1164 665 qua:
1202 596 1301 666 ipsi
1338 611 1367 651 a
1409 596 1520 653 Deo
1569 599 1709 654 dicta
1761 598 1998 658 Inerant.

432 685 692 739 Audierat
735 684 880 739 enim
932 694 1120 754 aperte
1163 685 1281 741 dies
1329 686 1525 742 multos
1566 703 1816 744 sessuros
1866 690 2002 746 Iilios

430 774 614 838 Israel,
649 775 938 830 destitutos
969 790 1114 845 rege,
1166 778 1432 848 principe,
1481 779 1776 842 sacrilicio,
1820 780 1998 847 altari,

429 866 759 933 sacerdotio,
785 880 841 922 et
873 869 1175 925 manifestis
1199 869 1264 924 ”.
1293 872 1366 924 At
1394 871 1508 940 ipse
1541 873 1636 926 ira:
1668 874 1998 936 vehementi,

430 957 514 1012 his
547 958 728 1014 verbis
751 959 1072 1028 signiﬁcata:
1099 962 1252 1031 quasi
1287 963 1491 1017 cursim
1523 965 1841 1031 succedens,
1869 979 2001 1020 con-

430 1049 657 1104 tractius
705 1051 1073 1120 reprehendit,
1135 1055 1538 1123 moderatisqne
1574 1056 2000 1111 obscuritatibus

429 1153 735 1196 sermonem
769 1144 1082 1199 obumbrat.
1115 1143 1252 1199 Nam
1297 1145 1417 1200 sine
1459 1146 1814 1216 principibus,
1852 1160 1998 1216 rege,

429 1231 772 1290 institutione
801 1235 1114 1306 aliquandiu
1145 1252 1450 1302 mansuros,
1469 1238 1745 1292 involucro
1765 1238 1997 1308 quodam

429 1323 704 1379 subtiliter
731 1325 959 1391 indicat,
989 1327 1314 1383 animalibus
1337 1343 1517 1398 regem
1544 1344 1648 1382 non
1681 1330 2000 1384 habentibus

427 1431 523 1473 eos
547 1433 894 1489 comparans.
929 1421 1220 1475 Exclusum
1273 1431 1452 1477 autem
1506 1423 1572 1476 iri
1607 1423 1895 1478 sacriﬁciis
1945 1434 2000 1478 et

430 1507 668 1579 liturgiis
712 1511 1055 1567 sacerdotum
1115 1513 1476 1579 subostendit,
1507 1516 1695 1568 eodem
1727 1514 1846 1570 loco
1884 1514 1999 1570 fore

427 1602 636 1663 dicens,
666 1616 774 1670 quo
811 1605 1144 1670 sacerdotes,
1179 1605 1377 1676 quibus
1409 1606 1822 1661 contradicitur.
1864 1606 1999 1674 Qui-

429 1707 552 1747 nam
581 1703 760 1749 autem
790 1695 878 1750 isti
912 1695 1071 1750 sunt?
1093 1697 1327 1767 autquis
1360 1707 1445 1752 est
1474 1698 1727 1754 sacerdos
1754 1699 1840 1754 cui
1869 1713 2000 1753 con-

429 1785 758 1842 tradicitur?
785 1787 887 1855 Qui
931 1788 1194 1843 maculam
1222 1796 1276 1842 et
1308 1790 1554 1844 morbum
1589 1789 1771 1845 carnis
1804 1790 1994 1855 habet,

2102 601 2323 671 τρόπως
2373 600 2677 672 ἐκφέροντα
2720 599 2790 654 τά
2830 599 2967 670 πρὸς
3012 598 3171 652 αὐτὸν
3213 597 3476 668 εἰρημένα
3524 595 3678 667 παρά

2102 692 2265 745 Θεοῦ.
2296 693 2534 746 Ἤκουσε
2567 691 2666 762 μὲν
2703 691 2811 761 γάρ
2837 690 3101 762 ἐναργῶς,
3131 690 3212 743 ὅτι
3239 687 3450 760 ἡμέρας
3476 687 3676 752 πολλὰς

2103 784 2434 856 καθήσονται
2486 785 2537 837 οί
2588 784 2694 837 υἱοὶ
2735 781 2952 855 Ἰσραὴλ
2978 821 2993 844 ,
3032 782 3132 834 οὐκ
3177 781 3328 844 ὄντος
3376 779 3668 850 βασιλέως,

2102 877 2223 931 οὐδὲ
2249 877 2528 948 ἄρχοντος,
2565 877 2666 929 οὐκ
2691 873 2858 944 οὔσης
2889 873 3100 936 θυσίας,
3130 871 3251 925 οὐδὲ
3293 871 3446 934 ὄντος
3485 869 3674 923 θυσια-

2103 966 2350 1038 στηρίου,
2384 965 2506 1020 οὔτε
2540 967 2830 1038 ίερατείας,
2864 962 2988 1018 οὔτε
3020 964 3215 1034 δήλων.
3247 961 3591 1036 ’Υποτρέχων
3614 961 3672 1014 δὲ

2102 1055 2292 1126 ῶσπερ
2311 1057 2472 1120 αὐτὸς
2493 1056 2601 1110 τῶν
2631 1056 2996 1127 ἀκροωμένων
3022 1056 3084 1108 τὸ
3103 1055 3353 1124 ἀχάλινον
3375 1055 3454 1116 εἰς
3477 1052 3668 1122 ὀργὰς,

2103 1148 2523 1217 ὑπεσταλμένως
2577 1147 2826 1216 ἐλέγχει,
2865 1148 2960 1198 καὶ
3001 1145 3338 1214 συμμέτροις
3380 1142 3672 1211 ἀσαφείαις

2101 1240 2459 1304 κατασκιάζει
2498 1240 2589 1292 τὸν
2636 1239 2814 1306 λόγον.
2867 1238 2989 1291 ’Ότι
3043 1237 3140 1307 μὲν
3189 1235 3297 1306 γὰρ
3353 1234 3671 1306 ἡγουμένων

2102 1332 2226 1401 δίχα
2253 1332 2350 1384 καὶ
2384 1330 2479 1384 τοῦ
2507 1330 2877 1400 βασιλεύοντος
2907 1328 3272 1382 διατελέσουσι
3301 1325 3545 1396 καιροὺς,
3575 1325 3670 1377 καὶ

2099 1423 2544 1493 ἀπαιδαγὼγητοι
2597 1421 2866 1493 μενοῦσιν,
2914 1420 3108 1491 ἰσχνῶς
3142 1418 3526 1482 ὲπαινίττεται,
3558 1417 3670 1478 τοίς

2101 1515 2210 1568 τῶν
2237 1513 2391 1579 ζώων
2421 1513 2801 1576 ἀϐασιλεύτοις
2832 1511 3180 1583 παρεικάζων
3209 1509 3424 1572 αὐτούς.
3458 1508 3578 1561 Ὅτι
3610 1505 3669 1558 δὲ

2101 1607 2197 1660 καὶ
2244 1603 2447 1658 θυσιῶν
2511 1605 2895 1675 ὲξωθήσονται,
2957 1603 3049 1656 καὶ
3098 1599 3439 1672 λειτουργίας
3483 1597 3666 1669 ἱερῶν,

2102 1698 2424 1767 ὑποφαίνει,
2457 1697 2652 1766 λέγων,
2687 1697 2744 1750 ὲν
2781 1695 2880 1766 ἴσῳ
2927 1693 3257 1764 γεγενῆσθαι
3299 1695 3410 1755 τοῖς
3439 1689 3548 1744 τῶν
3591 1691 3670 1742 ίε-

2106 1791 2244 1861 ρέων
2266 1789 2724 1859 ἀντιλεγομένοις.
2752 1788 2862 1841 Καὶ
2895 1787 3038 1850 τίνες
3067 1786 3134 1840 ἂν
3161 1781 3270 1838 εἷεν
3296 1779 3441 1839 οὗτοι
3469 1783 3668 1850 πάλιν;

426 1883 482 1929 et
536 1875 742 1932 idcirco
789 1853 1003 1948 liturgia
1049 1878 1382 1935 excluditur.
1430 1880 1540 1934 Aut
1587 1880 1728 1935 enim
1775 1853 1989 1950 propter

2103 1853 2222 1952 ἦτοι
2266 1880 2349 1944 τίς
2390 1882 2418 1934 ὁ
2452 1853 2864 1950 ἀντιλεγόμενος
2908 1876 3118 1950 ίερεύς;
3186 1878 3242 1930 '0
3274 1877 3465 1946 μῶμον
3508 1875 3667 1944 ἔχων,

425 1967 623 2031 cruris,
652 1974 744 2022 aut
779 1969 1057 2024 oculorum
1089 1970 1304 2035 vitium,
1342 1979 1436 2024 aut
1471 1970 1854 2025 contritionem
1901 1984 1996 2039 pe-

425 2057 531 2125 dis,
555 2068 648 2112 aut
688 2060 849 2115 aliam
898 2061 968 2115 ob
1015 2076 1236 2116 causam
1262 2062 1479 2131 quidam
1518 2062 1694 2118 ofﬁcio
1741 2063 1994 2118 sacerdo-

424 2151 517 2204 tali
571 2152 949 2219 movebantur,
975 2154 1330 2223 quantumvis
1366 2155 1433 2209 de
1467 2155 1609 2209 tribu
1634 2166 1690 2209 et
1730 2155 1992 2224 sanguine

423 2240 552 2295 Levi
605 2251 810 2298 essent.
861 2243 916 2296 Id
943 2244 1084 2311 quod
1127 2243 1308 2298 divina
1343 2243 1432 2299 lex
1470 2259 1565 2314 per
1594 2243 1814 2315 Moysen
1855 2257 1990 2312 prae-

422 2333 587 2403 cepit.
626 2331 718 2390 Sic
742 2334 906 2406 igitur
934 2336 1058 2400 erit,
1088 2335 1286 2406 inquit,
1315 2335 1545 2405 populus
1569 2350 1744 2390 meus.
1779 2335 1988 2391 Etenim

421 2442 543 2480 cum
575 2426 646 2482 sit
689 2440 846 2482 sacer
876 2435 1098 2497 propter
1135 2436 1319 2498 patres
1369 2427 1480 2499 69
1517 2435 1571 2482 et
1609 2426 1860 2496 dignatus
1899 2442 1987 2482 sa-

422 2517 654 2584 criﬁcio,
685 2528 839 2572 extra
871 2527 1115 2572 sanctum
1144 2519 1554 2573 tabernaculum
1583 2519 1811 2585 sedebit,
1835 2527 1986 2572 extra

421 2609 718 2680 liturgiam,
749 2619 805 2666 et
829 2611 1164 2666 sacerdotes.
1194 2609 1311 2665 Non
1339 2612 1484 2665 enim
1515 2610 1868 2674 sacriﬁcium,
1895 2623 1988 2664 ne-

426 2715 534 2770 que
563 2702 786 2756 odorem
821 2701 1109 2756 suavitatis
1135 2701 1319 2756 offeret
1352 2702 1496 2766 Deo;
1523 2699 1805 2769 mgrotavit
1835 2699 1981 2753 enim

421 2805 528 2846 non
564 2791 676 2861 jam
708 2791 1075 2846 mediocribus
1108 2790 1448 2845 detrimentis
1475 2789 1664 2853 animi,
1689 2796 1745 2842 et
1770 2788 1988 2842 vitiatus

417 2892 502 2936 εει
527 2880 712 2946 corde,
745 2888 802 2933 et
831 2879 1027 2934 merito
1051 2876 1165 2947 jam
1223 2875 1521 2946 rejectitius
1556 2887 1718 2946 atque
1768 2875 1988 2930 odiosus

416 2973 614 3028 evasit.
636 2971 972 3028 Eventurum
1004 2979 1186 3025 autem
1226 2968 1503 3034 lsraelitis,
1538 2977 1595 3022 ut
1632 2979 1687 3022 et
1713 2968 1987 3038 propheta:

422 3073 657 3132 taceant,
702 3063 1002 3120 declaravit
1047 3063 1133 3118 bis
1174 3063 1401 3117 verbis:
1441 3078 1461 3112 ι
1513 3060 1582 3115 Et
1623 3058 1987 3114 inﬁrma'uitur

2103 1972 2195 2024 καὶ
2218 1969 2561 2042 ἀρρώστημα
2593 1970 2875 2040 σαρκικόν·
2901 1969 3157 2042 ταύτῃτοι
3181 1967 3275 2021 καὶ
3305 1966 3404 2036 τῆς
3427 1966 3670 2035 λειτουρ-

2099 2061 2226 2132 γίας
2278 2062 2615 2133 εἰργόμενος.
2642 2063 2713 2114 Ἢ
2744 2061 2854 2132 γὰρ
2893 2059 2983 2114 διὰ
3027 2059 3249 2122 σκέλους
3299 2058 3332 2127 ἢ
3377 2057 3670 2127 ὀφθαλμῶν

2100 2155 2387 2225 ἐπήρειαν,
2419 2154 2452 2224 ἢ
2485 2153 2572 2207 διὰ
2600 2154 2910 2225 σύντριμμα
2939 2151 3119 2215 ποδὸς,
3148 2152 3180 2221 ἢ
3214 2150 3334 2205 καθ’
3365 2147 3557 2220 ἑτέραν
3583 2147 3670 2200 αἱ·

2098 2247 2218 2299 τίαν
2269 2245 2638 2316 ἐξεπέμποντό
2685 2262 2830 2308 τινες
2865 2244 2961 2297 τοῦ
3007 2241 3259 2315 ἱερᾶσθαι
3298 2241 3430 2304 δεῖν,
3491 2237 3669 2292 καίτοι

2097 2337 2378 2406 γεγονότες
2400 2338 2466 2390 ὲκ
2498 2335 2672 2405 φυλῆς
2707 2353 2768 2388 τε
2799 2335 2895 2390 καὶ
2919 2335 3147 2406 αἵματος
3187 2333 3337 2386 Λευῖ.
3369 2333 3667 2400 Κεχρησμ-

2098 2430 2278 2500 ᾠδηκε
2320 2428 2429 2499 γὰρ
2481 2426 2654 2491 οὕτως
2678 2429 2706 2480 6
2731 2427 2820 2481 διά
2864 2427 3107 2490 Μωσέως
3131 2425 3314 2495 νόμος.
3346 2421 3533 2484 Οῦτως
3574 2415 3666 2473 οὖν

2097 2521 2272 2583 ἔσται,
2303 2519 2497 2590 φησὶν,
2515 2521 2543 2573 6
2563 2519 2690 2582 λαός
2710 2535 2832 2589 μου.
2868 2518 2980 2572 Καὶ
3004 2517 3113 2589 γάρ
3137 2533 3218 2570 τοι
3243 2515 3501 2585 ὑπάρχων
3525 2512 3668 2580 ίερδς

2095 2614 2184 2667 διὰ
2214 2615 2340 2676 τοὺς
2378 2612 2644 2684 πατέρας,
2676 2612 2771 2665 καὶ
2795 2611 2888 2665 τοῦ
2917 2610 3063 2664 θύειν
3087 2607 3407 2679 ἠξιωμένος,
3431 2606 3534 2672 ἔξω
3567 2608 3666 2676 τῆς

2098 2708 2260 2775 ἁγίας
2283 2706 2593 2760 καθεδεῖται
2626 2703 2850 2774 σκηνῆς,
2876 2702 2979 2766 ἔξω
3005 2697 3343 2770 λειτουργίας
3363 2697 3456 2750 καὶ
3483 2696 3664 2766 ἱερῶν.

2096 2801 2170 2853 Οὐ
2218 2798 2326 2872 γὰρ
2372 2797 2650 2869 προσοίσει
2683 2795 2873 2858 θυσίας
2893 2835 2908 2860 ,
2940 2791 3062 2846 οὔτε
3099 2792 3204 2864 μὴν
3236 2788 3411 2861 ὀσμὴν
3438 2787 3667 2858 εὐωδίας

2095 2893 2299 2947 ἀνοίσει
2328 2891 2404 2963 τῷ
2436 2892 2585 2963 Θεῶο
2627 2888 3055 2962 καηρῤὡστησε
3081 2887 3190 2958 γὰρ
3223 2885 3406 2940 οὐκέτι
3432 2882 3666 2955 μετρίως

2094 2985 2194 3054 τὴν
2219 2987 2298 3048 είς
2326 2984 2449 3038 νοῦν
2475 2985 2580 3055 ὲπή
2591 3001 2762 3055 ρειαν,
2803 2981 2898 3036 καὶ
2923 2977 3372 3048 καταλελώϐηται
3400 2976 3500 3047 τὴν
3527 2993 3659 3047 καρ-

2093 3077 2234 3141 δίαν,
2269 3075 2463 3145 γέγονέ
2503 3093 2561 3129 τε
2599 3075 2824 3137 δικαίως
2854 3073 3216 3142 ἀπόπεμπτος
3249 3070 3385 3142 ήδη,
3433 3069 3528 3122 καὶ
3565 3071 3666 3123 ἀπ-

418 3157 682 3230 propheta
716 3164 894 3211 tecum
918 3193 936 3220 ,
980 3172 1001 3206 ›
1036 3155 1330 3210 secundum
1377 3151 1509 3208 illud
1545 3151 1750 3220 utique,
1775 3151 1917 3220 quod
1954 3164 1984 3204 a

421 3246 524 3267 l\--
558 3243 620 3267 ,Δ
677 3243 890 3267 Ι--Αι....ιι
937 3240 1270 3267 Π-,υιιιεηιιι-ηι
1315 3241 1516 3267 Alne...“
1567 3249 1642 3267 ΛΔ.
1677 3255 1690 3267 ο
1730 3258 1748 3267 -
1785 3239 1845 3267 Ι.ιί
1883 3239 1955 3267 lin

2094 3171 2421 3242 ηχθημένος.
2455 3171 2577 3223 Ὅτι
2606 3170 2663 3223 δὲ
2692 3171 2804 3232 τοῖς
2839 3165 2900 3232 ἐξ
2938 3165 3156 3238 Ἰσραὴλ
3189 3165 3527 3236 συμϐήσεται
3569 3165 3663 3218 καὶ

421 3246 528 3299 Deo
556 3243 624 3298 ad
677 3243 890 3297 beatum
935 3240 1272 3296 Ezechielem
1312 3241 1518 3296 dictum
1566 3249 1692 3294 est:
1729 3258 1748 3291 ι
1783 3239 1849 3294 Et
1882 3239 1987 3294 lin-

418 3350 577 3407 guam
613 3343 757 3388 tuam
785 3331 1040 3403 alligabo,
1071 3341 1124 3388 et
1157 3332 1268 3388 eris
1303 3341 1508 3396 mutus,
1541 3341 1596 3386 et
1621 3346 1728 3385 non
1751 3330 1860 3384 eris
1885 3330 1988 3386 illis

419 3425 474 3478 in
523 3423 698 3477 virum
755 3421 1132 3492 obiurgantem
1163 3459 1180 3486 ,
1235 3419 1360 3490 quia
1417 3421 1612 3476 domus
1658 3433 1989 3489 exasperans

417 3524 503 3570 cst
533 3514 601 3568 “.
633 3531 654 3566 ι
684 3511 812 3568 Haec
861 3527 1026 3584 porro
1069 3513 1253 3567 omnia
1311 3523 1532 3582 propter
1565 3512 1897 3581 impietatem
1933 3513 1985 3566 in

417 3607 717 3673 Christum,
742 3617 799 3662 et
822 3606 1030 3663 scelera
1062 3606 1115 3660 in
1141 3605 1433 3676 prophetas
1464 3605 1748 3677 designata
1774 3606 1988 3660 contin-

417 3708 565 3772 gcnt.
611 3698 1000 3754 Verumtamen
1051 3711 1159 3751 non
1203 3696 1610 3766 inperpetuum
1658 3695 1985 3752 inﬁrmatum

416 3791 487 3848 iri
528 3791 805 3857 lsraelem,
848 3790 943 3847 sed
993 3803 1088 3860 per
1125 3789 1241 3844 dies
1292 3788 1444 3844 dicit.
1499 3787 1702 3846 Salutis
1743 3791 1884 3846 enim
1933 3801 1988 3846 et

414 3883 788 3941 conversionis
848 3882 917 3937 ad
981 3881 1140 3938 ﬁdem
1219 3890 1432 3952 tempus
1507 3882 1582 3936 illi
1647 3893 1984 3940 reservatum

415 3985 518 4029 εει.

489 4265 650 4320 Vens.
686 4265 739 4328 5,
776 4264 829 4318 6.
869 4263 1029 4317 Nocti
1063 4263 1350 4317 assimilavi
1379 4275 1597 4318 matrem
1631 4272 1796 4320 tuam.
1840 4264 1986 4319 Assi-

413 4356 629 4409 milatus
654 4366 728 4408 est
749 4355 972 4426 populus
1003 4370 1148 4408 meus
1175 4354 1329 4424 quasi
1355 4371 1456 4408 non
1476 4355 1666 4418 habens
1687 4357 1980 4412 scientiam.

417 4447 555 4512 Quia
582 4446 851 4500 scientiam
902 4445 1160 4514 repulisti,
1179 4455 1226 4498 et
1251 4461 1343 4514 ego
1368 4445 1612 4514 repellam
1632 4456 1701 4511 te,
1720 4463 1784 4500 ne
1811 4463 1986 4502 sacer-

2090 3264 2151 3314 τὸ
2191 3261 2414 3332 σιγῆσαι
2444 3262 2729 3332 προφήτας
2752 3300 2766 3325 ,
2797 3259 3208 3329 διαμεμήνυκεν
3253 3255 3423 3309 εἰπών
3443 3271 3457 3286 ο
3495 3273 3515 3307 ι
3551 3255 3665 3308 Καὶ

2089 3353 2376 3424 ἀσθενήσει
2405 3353 2500 3407 καὶ
2535 3353 2818 3423 προφήτης
2850 3350 2988 3420 μετὰ
3021 3347 3137 3414 σοῦ,
3167 3367 3186 3399 ι
3207 3348 3325 3401 κατ’
3347 3347 3521 3400 ὲκεῖνό
3559 3361 3661 3399 που

2091 3445 2310 3508 πάντως
2339 3443 2399 3496 τὸ
2435 3443 2725 3513 εἰρημένον
2750 3440 2901 3512 παρὰ
2923 3439 3059 3492 Θεοῦ
3107 3439 3244 3508 πρὸς
3271 3439 3363 3491 τὸν
3392 3437 3663 3510 μακάριον

2101 3533 2386 3606 Ἰεζεχιήλ’
2431 3552 2450 3585 ι
2487 3533 2598 3585 Καὶ
2639 3533 2736 3602 τὴν
2780 3530 3034 3600 γλῶσσάν
3089 3547 3182 3583 σου
3228 3530 3509 3599 συνδήσω,
3565 3527 3662 3582 καὶ

2088 3625 2540 3697 ἀποκωφωθήσῃ,
2583 3623 2677 3677 καὶ
2707 3624 2805 3675 οὐκ
2849 3622 2950 3694 ἔσῃ
2983 3622 3166 3685 αὐτοῖς
3193 3621 3270 3684 είς
3299 3620 3466 3692 ἄνδρα
3506 3617 3662 3672 εὐθύ-

2087 3736 2268 3786 νοντα,
2308 3718 2474 3788 ῆγουν
2517 3715 2831 3785 ἐλέγχοντα,
2876 3713 2958 3767 ὅτι
3004 3708 3152 3776 οἶκος
3204 3710 3660 3783 παραπικραίνων

2088 3809 2224 3864 ἐστί.
2256 3828 2276 3862 ι
2332 3808 2522 3862 Ταῦτα
2571 3807 2626 3861 δὲ
2671 3807 2849 3862 πάντα
2899 3805 3241 3876 συμϐήσεται
3284 3804 3372 3859 διὰ
3435 3803 3534 3875 τὴν
3583 3804 3661 3866 είς

2088 3895 2321 3972 Χριστὸν
2351 3898 2627 3965 ἀσέὸειαν,
2655 3897 2751 3952 καὶ
2774 3897 2844 3951 τά
2874 3898 2954 3960 είς
2989 3897 3276 3969 προφήτας
3312 3894 3658 3968 ἐγκλήματα.

2088 3993 2235 4062 Πλὴν
2258 3992 2358 4046 οὐκ
2391 3993 2472 4055 είς
2501 3989 2652 4044 ἆπαν
2683 3988 3003 4060 ἀσθενήσειν
3027 3988 3123 4042 τὸν
3163 3987 3398 4059 Ἰσραὴλ,
3434 3986 3549 4041 ἀλλ’
3580 3986 3659 4046 είς

2087 4085 2299 4157 ἡμέρας
2345 4082 2498 4156 φησί.
2548 4083 2857 4154 Τετήρηται
2901 4082 3007 4153 γὰρ
3054 4080 3203 4152 αὐτῷ
3247 4079 3521 4152 σωτηρίας
3565 4078 3661 4133 καὶ

2087 4178 2424 4249 ἐπιστροφῆς
2450 4175 2548 4245 τῆς
2571 4174 2647 4238 ὡς
2671 4176 2728 4228 ὲν
2754 4174 2936 4226 πίστει
2967 4175 3177 4244 καιρός.

2155 4268 2341 4323 Νυκτὶ
2388 4268 2664 4336 ὠμοίωσα
2710 4265 2826 4334 τὴν
2862 4265 3088 4336 μητέρα
3131 4281 3268 4319 σου.
3317 4261 3592 4334 Ὡμοιώθη
3626 4263 3660 4316 ό

2084 4362 2234 4425 λαός
2252 4377 2371 4430 μου
2397 4360 2477 4425 ὡς
2503 4360 2614 4412 οὐκ
2635 4358 2796 4428 ἔχων
2819 4357 3066 4426 γνῶσιν.
3092 4358 3213 4408 ’Ότι-
3236 4355 3316 4409 σὺ
3335 4354 3660 4423 ἐπίγνωσιν

2085 4451 2326 4516 ἀπώσω,
2369 4451 2528 4522 κάγὼ
2559 4450 2874 4518 ἀπώσομαι
2919 4465 2992 4504 σε
3025 4448 3130 4503 τοῦ
3169 4447 3489 4516 ἱερατεύειν
3535 4462 3656 4515 μοι.

413 4540 555 4594 datio
585 4539 824 4610 fungaris
850 4539 999 4592 mihi.
1031 4537 1098 4591 Et
1124 4538 1287 4592 oblita
1314 4554 1368 4593 es
1398 4538 1524 4609 legis
1554 4537 1655 4592 Det'
1679 4539 1780 4606 tui,
1816 4548 1867 4593 et
1890 4557 1982 4610 ego

2093 4545 2194 4598 Καὶ
2220 4543 2516 4599 ἐπελάθου
2541 4544 2729 4615 νόμου
2761 4542 2908 4598 Θεοῦ
2937 4558 3075 4607 σου,
3104 4539 3266 4609 κάγὼ
3295 4535 3657 4605 ἐπιλήσομαι

411 4631 691 4687 obliviscar
709 4631 943 4699 ﬁliorum
976 4640 1207 4686 tuorum.

481 4721 768 4777 XXXVIII.
801 4723 993 4778 Adhuc
1017 4736 1199 4777 sermo
1227 4720 1374 4777 velut
1400 4722 1466 4776 ad
1496 4720 1803 4778 Judaeorum
1831 4737 1982 4778 men-

410 4818 598 4871 dacem
629 4824 684 4870 et
711 4815 928 4885 impiam
976 4812 1375 4868 multitudinem
1429 4813 1697 4884 dirigitur.
1755 4811 1978 4868 Matrem

409 4910 525 4978 ejus
559 4908 790 4980 appellat
825 4906 1185 4978 Synagogam,
1231 4905 1682 4975 quemadmodum
1734 4904 1984 4960 videlicet

409 5005 462 5058 in
490 5002 706 5058 Christo
731 4998 1145 5068 justiﬁeatorum
1189 4998 1508 5054 Ecclesiam.
1563 4996 1698 5053 Cum
1730 4998 1977 5054 obscuri-

409 5106 518 5151 tate
543 5094 709 5164 igitur
739 5101 794 5146 et
837 5090 1073 5146 tenebris
1121 5102 1244 5160 apte
1277 5089 1581 5146 Judazorum
1636 5089 1974 5160 Synagogam

405 5185 641 5243 confert.
666 5183 899 5240 Proinde
927 5192 979 5237 et
1007 5182 1441 5252 sapientissimus
1485 5182 1683 5237 Paulus
1715 5183 1780 5238 de
1812 5197 1890 5249 se,
1925 5191 1982 5236 et

409 5281 463 5332 in
491 5278 592 5333 ﬁde
626 5275 906 5332 Illustratis
941 5274 1243 5330 rectissime
1277 5291 1291 5328 :
1332 5293 1351 5326 ι
1402 5273 1518 5328 Νοη
1555 5289 1740 5330 sumus
1781 5275 1976 5338 noctis,
2015 5321 2022 5330 .

406 5385 507 5426 nec
532 5370 901 5434 tenebrarum,
942 5367 1035 5423 sed
1063 5381 1248 5421 sumus
1284 5366 1374 5421 ﬁlii
1411 5367 1546 5422 lucis
1594 5375 1648 5422 et
1690 5367 1795 5421 diei
1842 5368 1910 5421 ⁸⁸.
1951 5386 1970 5419 ι

406 5462 612 5518 Similis
646 5470 732 5517 est
758 5476 937 5534 porro,
977 5459 1165 5528 inurit,
1195 5467 1251 5513 et
1295 5457 1522 5528 populus
1561 5471 1712 5513 meus
1742 5473 1848 5513 non
1881 5459 1978 5512 ha-

404 5552 659 5608 bentibus
699 5553 1002 5618 scientiam,
1027 5550 1274 5621 quamvis
1301 5549 1414 5620 lege
1446 5557 1716 5619 pra‘eunte
1731 5565 1794 5606 ac
1822 5567 1976 5605 mon-

407 5657 614 5703 strante
645 5647 786 5702 viam
824 5646 992 5702 dives.
1030 5644 1258 5701 Vocatus
1281 5644 1424 5699 enim
1453 5643 1519 5699 ad
1549 5643 1830 5699 scientiam
1860 5646 1972 5699 veri

477 5823 523 5857 “
553 5823 690 5879 Osee
711 5831 786 5877 ιιι,
828 5831 872 5866 ἰτ-

1003 5930 1061 5968 ‘\

966 5823 1010 5854 ’³
1047 5820 1243 5878 Ezech.
1279 5837 1358 5884 ιιι,
1387 5821 1474 5878 56.
1552 5821 1598 5855 ³⁸
1632 5819 1646 5874 Ι
1688 5820 1879 5880 Thess.
1915 5838 1966 5886 ν,
1998 5825 2048 5881 5.

2082 4637 2307 4689 τέκνων
2344 4651 2483 4689 σου.

2151 4727 2279 4782 ΔΗ’.
2314 4729 2435 4780 Ἔτι
2477 4726 2576 4798 μὲν
2606 4722 2699 4781 οὖν
2724 4727 2752 4779 ὁ
2782 4727 2937 4794 λόγος
2965 4724 3040 4788 ὡς
3083 4722 3219 4795 πρὸς
3251 4721 3348 4794 τὴν
3380 4720 3486 4775 τῶν
3525 4721 3656 4773 Ἰου-

2080 4815 2244 4870 δαίων
2283 4816 2604 4887 ἀμαρτοεπῆ
2641 4833 2701 4869 τε
2751 4817 2844 4869 καὶ
2882 4813 3100 4868 ἀνοσίαν
3144 4812 3374 4884 πληθύν.
3427 4811 3654 4882 Μητέρα

2081 4923 2147 4976 γε
2199 4907 2305 4978 μὴν
2338 4908 2510 4979 αὐτῆς
2553 4909 2807 4978 ὀνομάζει
2856 4907 2953 4978 τὴν
3000 4904 3350 4974 Συναγωγὴν,
3402 4903 3652 4974 καθάπερ
3703 4939 3718 4954 .

2083 4999 2277 5076 ἀμέλει
2310 4999 2537 5054 καὶτῶν
2579 5001 2637 5053 ἐν
2671 4997 2890 5072 Χριστῷ
2917 4996 3350 5066 δεδικαιωμένων
3395 4995 3492 5066 τὴν
3532 4992 3656 5047 Ἐκ-

2085 5093 2332 5163 κλησίαν.
2361 5094 2653 5164 Ἀφεγγείᾳ
2677 5093 2855 5146 τοίνυν
2906 5092 3000 5146 καὶ
3031 5091 3208 5161 σκότῳ
3236 5088 3556 5162 παρεικάζει
3588 5086 3657 5140 δι-

2086 5187 2256 5249 καίως
2295 5185 2392 5258 τὴν
2425 5186 2532 5240 τῶν
2567 5187 2830 5242 Ἰουδαίων
2864 5186 3210 5257 Συναγωγήν.
3246 5181 3533 5253 Τοιγάρτοι
3563 5180 3658 5234 καὶ

2085 5279 2114 5330 ό
2148 5277 2456 5347 σοφώτατος
2504 5279 2712 5342 Παῦλος
2761 5278 2951 5332 ἑαυτοῦ
2994 5295 3054 5330 τε
3095 5278 3256 5349 πέρι,
3306 5275 3400 5329 καὶ
3442 5273 3550 5328 τῶν
3597 5274 3656 5326 ἓν

2083 5369 2265 5422 πίστει
2293 5369 2812 5442 λελαμπρυσμένων,
2845 5369 2903 5427 εὗ
2934 5373 3078 5444 μάλα
3103 5372 3285 5442 φησίν·
3317 5369 3463 5424 «Οὐκ
3489 5367 3656 5438 ἐσμὲν

2081 5463 2293 5528 νυκτὸς,
2323 5464 2441 5517 οὐδὲ
2481 5463 2726 5529 σκότους,
2752 5464 2866 5518 ἀλλ’
2893 5464 3001 5518 υἱοὶ
3032 5464 3208 5534 φωτὸς
3235 5463 3330 5517 καὶ
3357 5461 3590 5532 ἡμέρας·
3630 5477 3650 5511 ⁸

2084 5555 2268 5609 "Bome
2308 5555 2384 5619 δὲ,
2416 5555 2582 5626 φησι,
2624 5557 2718 5610 καὶ
2742 5559 2771 5610 6
2807 5556 2932 5621 λαὸς
2971 5557 2999 5609 ό
3037 5557 3170 5628 ἐμὸς
3200 5557 3309 5618 τοῖς
3340 5555 3439 5606 οὐκ
3472 5552 3655 5623 έχουσι

2083 5649 2304 5717 γνῶσιν,
2349 5651 2528 5705 καίτοι
2567 5649 2665 5723 τὴν
2714 5651 2803 5706 διὰ
2856 5651 3022 5723 νόμου
3088 5646 3476 5718 πεπλουτηκὼς
3522 5645 3653 5699 ποδ-
