4046 6376
391 339 484 395 121

1302 343 1860 405 COMMENTARIUS
1899 348 1964 404 IN
2003 350 2239 406 OSEAM
2281 351 2732 411 PROPIIETAM.

3554 365 3657 424 I22

385 455 568 527 ηγίαν.
598 454 875 527 Κέκληται
906 455 1015 529 γὰρ
1051 457 1185 529 πρὸς
1220 458 1513 529 ἐπίγνωσιν
1540 463 1635 515 τοῦ
1664 464 1805 517 κατά
1836 465 1962 537 ἀλή-

2078 467 2193 534 Dei,
2230 477 2285 523 et
2311 486 2406 540 per
2433 471 2692 525 miracula
2725 480 2869 527 certa
2903 471 2975 527 illi
3008 473 3141 530 ﬁdes
3188 475 3327 531 facta
3375 496 3389 532 :
3429 487 3485 534 et
3523 482 3657 537 nihil

388 548 537 602 θειαν
581 546 735 612 ὄντος
774 547 933 613 Θεοῦ,
990 550 1470 621 πεπληροφόρηται
1520 551 1609 606 διά
1655 554 1968 625 θαυμάτων,

387 634 660 687 ἑλλέλοιπε
703 634 760 688 δέ
790 635 1067 699 παντελῶς
1103 637 1257 690 οὐδὲν
1304 639 1412 693 τῶν
1459 641 1560 694 ὅσα
1595 642 1853 711 φωτίζειν
1884 639 1975 699 οἷά

385 744 444 780 τε
483 727 609 790 τοὺς
651 728 1103 798 ἐσκοτισμένους,
1156 729 1250 783 καὶ
1282 730 1611 800 ἁξιάγαστον
1644 738 1756 800 τοῖς
1803 737 1975 807 εὐμα-

387 818 665 887 θεστέροις
694 820 900 873 ἐνιέναι
934 820 1137 888 γνῶσιν
1162 822 1263 875 οὐκ
1284 823 1555 887 ἀνικάνως
1583 825 1715 896 ἔχει.
1758 828 1974 898 Ἐπειδὴ

384 909 442 962 δὲ
474 909 699 973 ἀπώσω,
749 912 904 981 φησὶ,
946 911 1045 982 τὴν
1090 912 1406 981 ἐπίγνωσιν,
1440 916 1685 970 τουτέστι
1715 919 1969 989 Χριστὸν,

385 998 453 1050 δι’
484 992 563 1063 οὗ,
593 1000 684 1052 καὶ
714 1002 771 1054 ἐν
795 995 840 1069 ᾧ
866 1002 1121 1072 προσιτός
1148 1020 1208 1055 τε
1240 1004 1354 1074 ἆμα
1387 1006 1482 1058 καὶ
1535 1007 1774 1074 γνωστὸς
1804 1011 1831 1061 6
1863 1010 1973 1063 Πα-

388 1089 510 1161 τὴρ,
542 1090 788 1162 ἐξωθήσῃ
818 1093 1000 1147 λοιπὸν
1036 1093 1131 1146 τοῦ
1173 1090 1313 1147 εἶναι
1347 1096 1513 1167 ἱερὸς,
1548 1099 1642 1151 καὶ
1674 1098 1768 1152 τοῦ
1803 1117 1973 1170 προσ-

390 1181 541 1249 άγειν
587 1181 776 1247 θυσίας
802 1222 818 1247 ,
861 1185 935 1248 ὡς
983 1184 1230 1255 βέϐηλος.
1283 1189 1395 1242 Καὶ
1442 1189 1631 1262 ἐπειδὴ
1670 1191 1779 1244 τῶν
1813 1192 1971 1245 θείων

388 1273 466 1335 είς
494 1272 663 1344 λήθην
700 1275 1033 1340 κατώλισθες
1070 1278 1272 1348 νόμων,
1309 1281 1447 1350 μήτε
1467 1280 1538 1334 τὰ
1561 1282 1803 1347 Μωσέως
1846 1284 1971 1354 νοή-

387 1378 481 1426 σας
538 1366 958 1435 πνευματικῶς,
998 1368 1135 1438 μήτε
1174 1372 1287 1433 τοῖς
1325 1369 1414 1423 διὰ
1462 1370 1703 1442 Χριστοῦ
1749 1373 1971 1426 παιδεύ-

387 1471 551 1525 μασιν
588 1458 765 1527 ίσχνόν
794 1476 853 1511 τε
888 1460 979 1512 καὶ
1002 1460 1180 1529 εὐφυᾶ
1218 1461 1308 1514 τὸν
1332 1463 1456 1516 νοῦν
1487 1464 1670 1528 ἐνιεὶς,
1699 1465 1778 1529 εἰς
1800 1465 1969 1537 λήθην

385 1545 538 1614 κάγὼ
583 1548 691 1602 τῶν
722 1549 831 1603 σῶν
878 1552 1038 1605 οίονεί
1068 1562 1201 1616 ’πως
1251 1553 1691 1625 ὑπενεχθήσομαι
1737 1555 1965 1622 τέκνων,

382 1641 679 1709 τουτέστιν,
720 1645 903 1699 οὐκέτι
938 1650 1317 1719 μεμνήσομαι,
1350 1650 1440 1702 διά
1484 1667 1548 1717 γε
1578 1650 1671 1704 τοῦ
1706 1652 1800 1704 καὶ
1848 1669 1968 1721 φει-

382 1734 505 1797 δοῦς
557 1738 652 1788 καὶ
678 1739 959 1807 φροντίδος
987 1739 1193 1803 ἀξιοῦν.
1221 1737 1321 1795 Ὧν
1348 1743 1457 1814 γὰρ
1481 1742 1623 1808 ἀξιοῖ
1660 1743 1968 1813 μεμνῆσθαι

2074 575 2299 629 prorsus
2333 560 2504 615 defuit
2532 562 2795 627 omnium,
2841 578 3176 634 qutecunque
3210 568 3514 625 illuminare
3567 587 3658 626 ve-

2074 649 2154 704 lut
2192 650 2246 703 in
2280 652 2515 706 tenebris
2543 665 2841 718 versantes,
2875 663 2931 708 et
2965 656 3030 709 ad
3066 658 3441 714 admirabilem
3478 662 3688 716 scieu-.

2076 742 2204 795 tiam
2250 741 2597 796 inserendam
2629 742 2922 798 sulﬁciunt.
2954 744 3217 811 Quoniam
3248 763 3379 802 vero
3411 751 3653 818 repulisti

2073 832 2378 899 scientiam,
2425 833 2619 902 inquit,
2656 833 2757 889 hoc
2792 844 2892 897 est,
2929 834 3224 901 Christum,
3260 852 3356 905 per
3387 854 3572 908 quem,
3602 850 3657 894 et

2074 922 2269 992 inquo
2322 925 2504 978 accedi
2538 935 2595 979 et
2631 926 2884 995 cognosci
2934 936 3111 995 potest
3158 926 3342 994 Pater,
3394 930 3649 998 repellam

2072 1027 2173 1083 ego
2206 1014 2270 1068 de
2301 1026 2498 1070 caetero
2529 1025 2605 1082 te,
2636 1032 2703 1070 ne
2735 1017 2865 1070 mibi
2895 1018 2971 1071 sis
2997 1028 3237 1081 sanctus,
3265 1029 3321 1072 et
3357 1033 3427 1073 ne
3454 1018 3652 1075 oll‘eras

2073 1106 2202 1159 mihi
2235 1107 2584 1171 sacriﬁcium,
2614 1117 2800 1177 utpote
2846 1108 3125 1179 profanus.
3181 1110 3247 1164 Et
3289 1111 3545 1179 quoniam
3594 1111 3647 1165 in

2071 1197 2395 1253 oblivionem
2420 1198 2724 1253 divinarum
2750 1200 2923 1269 legum
2962 1199 3141 1268 lapsus
3167 1216 3245 1267 es,
3281 1217 3452 1271 neque
3489 1201 3651 1256 intel-

2071 1287 2248 1343 lexisti
2279 1288 2512 1346 Mosaica
2542 1293 2914 1363 spiritualiter,
2961 1309 3135 1364 neque
3163 1296 3461 1350 doctrinam
3491 1296 3650 1351 Citri-

2070 1380 2140 1433 sti
2171 1392 2361 1436 exacte
2392 1393 2446 1437 et
2477 1399 2599 1439 cum
2646 1385 2910 1440 industria
2955 1388 3433 1456 comprehendisti,
3485 1389 3646 1442 etiam

2071 1486 2171 1540 ego
2199 1473 2251 1527 in
2272 1473 2596 1530 oblivionem
2627 1484 2839 1531 tuorum
2874 1477 2983 1547 70
3009 1478 3238 1532 ﬁliorum
3285 1480 3431 1535 velut
3473 1479 3649 1550 prola-

2070 1562 2188 1629 bar,
2233 1564 2337 1619 ltoc
2376 1574 2478 1631 est,
2521 1567 2806 1621 immemor
2836 1583 2950 1633 ero,
3000 1579 3061 1622 ut
3091 1584 3185 1625 eos
3222 1570 3548 1640 indulgentia
3591 1580 3648 1626 et

2070 1657 2433 1713 sollicitudine
2472 1660 2682 1730 dignari
2714 1660 2980 1716 desinam.
3011 1663 3248 1729 Quorum
3279 1664 3424 1717 enim
3454 1663 3644 1732 digna-

2074 1759 2159 1803 tur
2214 1750 2510 1817 recordari,
2569 1750 2689 1806 illos
2743 1768 2839 1807 sua
2895 1753 3225 1823 benignitate
3283 1756 3643 1823 prosequitur.

382 1830 549 1895 Θεὸς,
595 1832 806 1895 τούτοις
857 1833 957 1904 τὴν
1015 1835 1150 1888 ἰδίαν
1208 1836 1472 1906 ἀπονέμει
1528 1835 1956 1908 φιλανθρωπίαν.

2068 1839 2274 1896 Oblitus
2296 1851 2379 1897 est
2405 1853 2583 1896 autem
2627 1854 2681 1898 et
2710 1844 2867 1898 aliter
2897 1822 3091 1898 divina:
3140 1822 3295 1913 legis,
3346 1855 3404 1899 et
3453 1822 3647 1912 repulit

396 1924 720 1979 Ἐπελάθετο
777 1926 834 1979 δὲ
888 1927 983 1981 καὶ
1034 1927 1237 1999 ἑτέρως
1278 1927 1372 1982 τοῦ
1422 1927 1569 1981 θείου
1618 1929 1818 1999 νόμου,
1867 1929 1959 1982 καὶ

382 2017 642 2072 ἀπώσατο
686 2020 783 2091 τὴν
825 2020 1120 2090 ἐπίγνωσιν
1163 2023 1621 2096 είδωλολατρήσας
1653 2024 1682 2076 6
1720 2026 1962 2095 Ἰσραήλ.

451 2111 614 2164 Κατὰ
650 2112 715 2164 τὸ
754 2111 989 2182 πλῆθος
1021 2114 1240 2180 αὐτῶν,
1291 2116 1478 2182 οὕτως
1530 2117 1799 2185 ῆμαρτόν
1833 2134 1956 2188 μοι.

386 2202 506 2271 Τὴν
535 2202 725 2268 δόξαν
756 2203 956 2259 αὐτῶν
980 2208 1069 2274 εις
1096 2206 1337 2277 ἀτιμίαν
1362 2208 1641 2278 θήσομαι.

451 2381 574 2436 ΛΘ.
630 2382 993 2453 Ἥμερότητος
1026 2383 1123 2442 μὲν
1166 2383 1381 2455 ἀπάσης
1411 2384 1507 2437 καὶ
1542 2385 1716 2456 πηγὴ,
1748 2386 1842 2439 καὶ
1870 2385 1960 2455 γέ-

380 2488 544 2535 νεσις,
574 2471 669 2524 καὶ
717 2472 1042 2541 αὐτόχρημα
1068 2472 1129 2525 τὸ
1156 2473 1359 2541 ἀγαθὸν
1390 2475 1425 2545 ἡ
1474 2473 1594 2527 θεία
1626 2476 1687 2528 τέ
1718 2477 1834 2529 ἐστι
1868 2478 1961 2530 καὶ

380 2564 687 2635 ἀπόρρητος
730 2563 909 2632 φύσις.
959 2564 1105 2635 Πλὴν
1132 2565 1232 2618 οὐκ
1277 2565 1509 2619 εἰσάπαν
1550 2567 1663 2621 τῶν
1703 2566 1961 2638 πλημμε-

379 2655 611 2709 λούντων
635 2656 904 2727 ἀνέχεται,
937 2660 1048 2720 τοῖς
1076 2658 1132 2711 δὲ
1170 2657 1438 2728 ἀχαλίνως
1479 2661 1557 2724 είς
1587 2657 1744 2712 τοῦτο
1788 2660 1957 2725 ἰοῦσι,

380 2748 479 2811 τὰς
502 2749 684 2812 αὐτοῖς
715 2748 1028 2819 πρεπούσας
1056 2750 1303 2822 ἐπιφέρει
1330 2750 1509 2816 δίκας.
1538 2752 1856 2821 Ἀφικέσθαι
1896 2752 1960 2823 δὴ

379 2837 473 2895 οὗν
508 2843 587 2903 είς
609 2840 767 2894 τοῦτο
805 2840 1135 2911 φαυλότητος
1170 2841 1564 2913 διισχυρίζεται
1598 2843 1688 2897 τὸν
1722 2844 1958 2914 Ἰσραὴλ,

386 2933 462 2997 ὡς
494 2933 675 2986 οὐκέτι
716 2932 816 3003 μὲν
845 2934 1035 3003 οίστὴν
1077 2932 1329 3002 γενέσθαι
1356 2934 1454 3005 τὴν
1484 2934 1761 2999 ἀπόνοιαν,
1794 2936 1962 3006 ἰσάρι-

381 3023 517 3093 θμον
544 3023 602 3075 δέ
630 3021 819 3093 ὥσπερ
849 3024 1031 3087 αὐτοῖς
1082 3026 1311 3095 ὁρᾶσθαι
1339 3026 1438 3095 τὴν
1470 3026 1766 3097 ἁμαρτίαν.
1799 3028 1963 3080 Αὐτοὶ

2062 1933 2370 1999 scientiam,
2400 1933 2559 1988 idolis
2589 1935 2686 1989 abs
2711 1949 2768 1990 se
2795 1935 2955 1990 cultis
2982 1934 3170 1989 Israel.

2135 2112 2298 2168 Vens.
2330 2114 2382 2169 7.
2409 2114 2710 2169 Secundum
2737 2115 3131 2169 multitudinem
3168 2131 3368 2181 eorum,
3404 2114 3479 2168 sic
3523 2130 3643 2183 pec-

2061 2218 2305 2261 caverunt
2365 2209 2515 2262 mihi.
2565 2208 2803 2263 Gloriam
2850 2225 3031 2263 eorum
3071 2209 3129 2263 in
3168 2208 3509 2279 ignominiam
3553 2225 3646 2261 oo-

2062 2315 2204 2352 nam.

2128 2387 2368 2444 XXXIX.
2386 2389 2574 2445 Omnis
2588 2387 3012 2445 mansuetudinis
3025 2396 3077 2443 et
3094 2388 3487 2457 fons,etorigo,
3503 2395 3557 2440 et
3570 2400 3646 2439 re-

2061 2498 2187 2536 vera
2204 2483 2403 2537 bonum
2430 2483 2600 2551 ipsum
2629 2483 2809 2537 divina
2827 2492 2881 2536 et
2904 2481 3192 2537 ineﬂ‘abilis
3209 2492 3401 2535 natura
3417 2492 3515 2535 est.
3534 2481 3645 2536 Ve-

2063 2584 2361 2630 rumtamen
2397 2584 2682 2644 peccantes
2749 2590 2856 2628 non
2933 2588 3317 2644 usquequaque
3373 2575 3639 2636 susﬁnet;

2062 2667 2157 2723 sed
2188 2666 2445 2721 ell‘renate
2494 2681 2560 2721 eo
2608 2681 2668 2721 se
2717 2666 2989 2732 dantibus,
3052 2680 3243 2735 ptenas
3296 2668 3643 2720 commeritus

2064 2757 2274 2826 inﬂigit.
2310 2755 2425 2811 Huc
2454 2756 2617 2825 igitur
2648 2757 2913 2811 scelerum
2939 2756 3196 2813 Israelem
3242 2757 3455 2811 venisse
3499 2755 3644 2809 διητ-

2064 2858 2192 2914 mat,
2229 2858 2287 2902 ut
2326 2850 2563 2902 amentia
2611 2847 2730 2916 ejus
2777 2847 2997 2902 tolerari
3041 2848 3273 2918 amplius
3300 2863 3404 2902 non
3450 2850 3641 2917 possit.

2061 2940 2288 2995 Peccata
2353 2950 2532 2996 autem
2593 2956 2878 2996 numerum
2943 2942 3179 3010 capitum
3248 2942 3644 3010 quodammodo

2062 3047 2305 3102 aequasse
2338 3034 2528 3088 videri.
2559 3033 2661 3102 Ipsi
2707 3035 2851 3088 enim
2881 3044 3040 3088 erant
3082 3053 3102 3085 ι
3142 3033 3289 3088 velut
3323 3034 3493 3089 stella:
3520 3033 3643 3088 coeli

383 3115 484 3185 μὲν
506 3114 613 3186 γὰρ
641 3110 781 3186 ἦσαν
809 3132 827 3165 ι
860 3114 990 3167 ὡσεὶ
1010 3115 1079 3167 τὰ
1104 3114 1280 3185 ἄστρα
1293 3114 1384 3168 τοῦ
1401 3116 1629 3187 οὐρανοῦ
1652 3116 1728 3187 τῷ
1743 3116 1958 3189 πλήθει,

2068 3124 2434 3188 multitudine,
2463 3134 2556 3178 aut
2580 3125 2726 3179 velut
2764 3140 2928 3181 arena
2961 3127 3016 3180 in
3058 3126 3242 3180 littore
3281 3126 3449 3180 maris
3491 3125 3559 3191 ’⁸,
3619 3144 3636 3175 ι

379 3209 477 3261 καὶ
509 3208 588 3267 ὼς
623 3208 657 3277 ή
700 3208 884 3277 ἄμμος
921 3207 954 3277 ή
1000 3207 1152 3278 παρά
1184 3208 1243 3260 τὸ
1274 3207 1449 3277 χεῖλος
1482 3209 1579 3279 τῆς
1603 3208 1898 3281 θαλάσσης,
1934 3232 1951 3262 ι

380 3302 521 3351 κατὰ
546 3297 607 3351 τὸ
634 3297 1038 3369 γεγραμμένον.
1066 3297 1230 3350 Οὐδὲν
1260 3297 1316 3349 δὲ
1344 3298 1438 3350 τοῦ
1473 3298 1710 3369 πλήθους
1741 3300 1958 3353 ἀποδεῖν

381 3390 489 3461 εφη
510 3390 579 3442 τὰ
600 3389 1067 3460 πλημμελήματα.
1097 3388 1290 3452 Τοῦτο,
1309 3383 1483 3460 οἶμαι,
1501 3391 1618 3443 ἐστὶ
1646 3391 1705 3444 τὸ
1726 3409 1768 3444 't
1800 3393 1959 3445 Κατά

380 3484 443 3535 τὸ
476 3482 679 3552 πλῆθος
726 3481 927 3544 αὐτῶν,
954 3481 1096 3535 οὕτω
1150 3482 1397 3553 ἦμαρτόν
1439 3500 1551 3553 μοι.
1589 3502 1608 3536 ι
1650 3484 1867 3555 Ἐπειδὴ
1902 3484 1958 3537 δὲ

380 3580 463 3641 τίς
511 3576 670 3630 τοῦτο
717 3575 1050 3631 κατώλισθον
1113 3575 1425 3647 ἀθλιότητός
1470 3593 1531 3629 τε
1597 3577 1693 3631 καὶ
1737 3577 1960 3631 δυσϐου-

380 3668 533 3731 λίας,
556 3670 650 3722 καὶ
683 3667 803 3739 Θεῷ
835 3668 1266 3739 προσκρούοντες
1303 3669 1365 3721 ού
1385 3668 1750 3724 διαλελοίπασι
1770 3712 1783 3736 ,
1818 3670 1958 3741 «Τὴν

380 3762 538 3828 δόξαν
555 3760 733 3815 αὐτῶν
758 3761 837 3824 είς
866 3760 1091 3829 ἀτιμίαν
1121 3760 1359 3830 ήσθομαι
1379 3777 1393 3792 ο
1427 3780 1446 3810 ι
1478 3761 1776 3828 τουτέστιν,
1804 3763 1889 3832 ἐφ’

386 3854 597 3926 μεγάλα
634 3855 851 3926 φρονεῖν
897 3849 1220 3920 ἐγνώκασιν,
1245 3853 1333 3904 ἐπ’
1357 3850 1507 3921 αὐτῷ
1536 3850 1601 3923 δὴ
1627 3853 1804 3923 τούτῳ
1832 3870 1958 3905 κατ-

380 3944 849 4017 αισχυνθήσονται.
878 3942 1000 4005 Πῶς
1024 3942 1057 4015 ἢ
1077 3942 1197 3995 τίνα
1220 3942 1451 4014 τρόπον;
1475 3943 1625 4014 Αὐχη
1634 3944 1820 4014 μάτων
1846 3945 1954 4014 γὰρ

377 4036 779 4094 ἀποπεσοῦνται
819 4034 927 4088 τῶν
958 4036 1052 4088 ἐπὶ
1108 4034 1300 4105 πλήθει
1347 4033 1526 4105 πολλῷ
1546 4072 1563 4099 ,
1609 4036 1955 4102 δαπανῶντος

377 4127 473 4182 τοῦ
506 4127 742 4196 πολέμου
770 4127 882 4187 τοῖς
913 4123 1173 4194 μαχίμοις
1204 4122 1338 4191 ὁμοῦ
1369 4124 1463 4177 καὶ
1492 4124 1591 4194 τὴν
1623 4123 1790 4194 ἄλλην
1826 4125 1958 4179 ἄπα.

382 4236 479 4272 σαν
498 4217 733 4289 ἡλικίαν.
760 4214 1055 4284 Κένανδροι
1085 4213 1193 4281 γὰρ
1232 4212 1593 4284 ἀπομενοῦσιν
1609 4211 1743 4268 οἶκοί
1769 4233 1828 4269 τε
1863 4217 1957 4270 καὶ

382 4311 586 4373 πόλεις.
614 4308 724 4361 Καὶ
751 4308 837 4360 ἐπ’
859 4306 1007 4376 αύτῴ
1041 4306 1099 4359 δὲ
1127 4304 1300 4376 τούτῳ
1332 4305 1428 4377 τὴν
1464 4306 1721 4361 Ἰουδαίαν
1751 4309 1779 4360 6
1820 4326 1955 4379 προ-

381 4405 557 4474 φήτης
591 4399 858 4471 Ἱερεμίας
881 4398 1118 4469 ἐθρήνει,
1143 4397 1344 4466 λέγων·
1376 4418 1395 4448 ί
1427 4398 1551 4461 Πῶς
1574 4399 1793 4452 ἐκάθισε
1821 4400 1956 4471 μόνη

2068 3226 2127 3272 ιιι
2168 3219 2427 3285 scriptum
2461 3226 2590 3272 est:
2636 3234 2668 3273 a
2707 3233 2811 3287 qua
2856 3218 3201 3273 multitudine
3250 3219 3326 3272 ait
3370 3233 3474 3273 non
3528 3219 3643 3273 dis~

2066 3322 2293 3375 crepare
2346 3307 2663 3362 delictorum
2705 3309 2937 3377 copiam.
2968 3310 3080 3363 lloc
3112 3318 3217 3373 est,
3251 3311 3464 3379 Opinor,
3507 3326 3526 3355 σ
3560 3324 3645 3362 se-

2065 3400 2299 3455 cundum
2325 3400 2722 3456 multitudinem
2744 3416 2955 3465 eorum,
2973 3402 3051 3455 sic
3069 3400 3591 3471 peccaveruntmilii.
3618 3419 3638 3452 ι

2067 3490 2168 3545 Ubi
2204 3501 2385 3546 autem
2420 3507 2485 3547 eo
2520 3493 2752 3548 miseriae
2789 3494 3138 3562 stultitiaeque
3174 3494 3529 3558 devenerunt,
3585 3505 3644 3546 ut

2067 3580 2177 3635 Deo
2208 3596 2350 3650 aegre
2381 3580 2559 3637 facere
2589 3598 2693 3637 non
2719 3583 3062 3646 desisterent,
3098 3583 3195 3647 ait,
3230 3601 3249 3634 ι
3286 3581 3526 3637 Gloriam
3548 3598 3644 3637 eo-

2066 3688 2185 3726 rum
2210 3674 2262 3726 in
2291 3674 2641 3744 ignominiam
2667 3690 2885 3745 ponam,
2919 3695 2938 3726 ι
2974 3676 3076 3730 hoc
3109 3684 3208 3742 est,
3239 3679 3457 3745 propter
3498 3676 3641 3744 quod

2064 3762 2257 3818 ell‘erre
2278 3779 2338 3818 se
2370 3765 2673 3831 voluerunt,
2714 3778 2935 3836 propter
2980 3767 3083 3822 boc
3126 3767 3299 3836 ipsum
3351 3767 3644 3821 dedecora-

2063 3854 2282 3909 buntur.
2313 3854 2549 3922 Qui,ant
2575 3870 2809 3925 quonam
2842 3857 3040 3911 modo?
3072 3857 3334 3911 Amittent
3362 3857 3506 3912 enim
3549 3870 3645 3910 oc-

2063 3948 2336 4001 casionem
2370 3946 2633 4016 gloriandi
2667 3946 2733 4001 de
2759 3947 3127 4012 multitudine,
3172 3946 3313 4001 bello
3360 3960 3468 3999 una
3520 3959 3640 3998 cum

2063 4038 2414 4094 bellatoribus
2444 4038 2706 4108 reliquam
2743 4053 2958 4107 quoque
2988 4047 3200 4093 aetatem
3236 4053 3450 4094 omnem
3480 4037 3644 4091 absu-

2065 4139 2264 4183 tnente.
2315 4129 2510 4183 Vacua:
2557 4142 2792 4196 namque
2820 4110 3132 4182 hominibus
3157 4136 3211 4182 et
3246 4128 3438 4182 domus
3466 4137 3521 4179 et
3550 4141 3642 4177 nr-

2062 4222 2159 4277 bes
2185 4220 2499 4277 manebunt.
2522 4222 2602 4275 Ac
2636 4229 2858 4291 propter
2892 4220 2995 4276 hoc
3041 4221 3213 4290 ipsum
3262 4219 3521 4289 propheta
3553 4215 3644 4272 Je-

2063 4313 2261 4368 remias
2288 4311 2526 4369 Iudaeam
2562 4312 2791 4368 deﬂebat
2819 4312 2905 4368 his
2930 4311 3093 4367 dictis
3128 4330 3141 4366 :
3188 4330 3206 4364 ι
3244 4311 3524 4378 Quomodo
3557 4326 3643 4365 se-

2064 4405 2155 4461 det
2178 4405 2292 4460 sola
2323 4406 2516 4460 civitas
2551 4404 2704 4472 plena
2753 4403 2989 4474 populo?
3028 4403 3279 4474 princeps
3330 4402 3640 4473 provincia-

382 4498 417 4566 ἡ
448 4495 599 4556 πόλις
625 4495 659 4563 ἡ
699 4490 1120 4561 πεπληθυσμένη
1165 4490 1343 4557 λαῶν;
1374 4492 1614 4562 ἄρχουσα
1642 4494 1699 4546 ἐν
1733 4492 1955 4564 χώραις,

2068 4513 2180 4551 rum
2209 4497 2348 4552 facta
2375 4507 2460 4551 est
2492 4498 2590 4550 sub
2625 4497 2825 4551 tributo
2859 4495 2924 4549 ’°.
2959 4513 2978 4547 ι

383 4590 614 4661 ἐγενήθη
655 4591 733 4651 είς
764 4587 945 4657 φόρον.
964 4604 982 4637 ι

454 4684 566 4737 Καὶ
604 4681 807 4752 ἑτέρως
834 4678 891 4731 δέ
917 4695 931 4709 ⁸
958 4677 1076 4748 Θεῷ
1103 4675 1555 4747 προσκρούοντες,
1602 4675 1819 4746 ἀπάσης
1867 4677 1958 4728 εὐ-

374 4774 568 4845 ¹κλείας
591 4772 667 4835 ὡς
695 4770 951 4824 ἀποτὰτω
981 4766 1277 4838 κεισόμεθα
1302 4764 1564 4836 δρῶντες,
1597 4764 1634 4818 ἃ
1665 4765 1741 4834 μὴ
1770 4764 1926 4834 θέμις
1944 4781 1958 4795 °

387 4866 481 4919 καὶ
510 4865 592 4934 ἐφ’
623 4858 703 4926 οἷς
733 4858 1081 4932 αἰσχύνεσθαι
1113 4858 1219 4929 χρὴ
1243 4896 1257 4922 ,
1310 4856 1394 4908 ἐπ’
1427 4855 1610 4918 αὐτοῖς
1643 4854 1705 4925 δὴ
1754 4855 1962 4917 τούτοις

390 4956 498 5010 ἔσθ’
529 4958 617 5010 ὅτε
654 4952 1176 5025 μεγαλαυχούμενοι,
1220 4950 1313 5002 καὶ
1341 4946 1551 5017 ὑψηλὴν
1587 4947 1833 5016 αἴροντες
1863 4946 1962 5017 τὴν

389 5047 561 5118 ὀφρύν
580 5065 593 5078 ·
625 5046 702 5109 ὡς
722 5046 944 5106 δικαίως
974 5041 1228 5110 λέγεσθαι
1259 5042 1353 5094 καὶ
1381 5040 1507 5110 περὶ
1541 5039 1716 5110 ἡμῶν·
1755 5060 1773 5091 ι
1796 5035 1896 5092 Ὧν
1926 5042 1959 5109 ή

390 5139 514 5203 δόξα
540 5139 597 5189 ἐν
626 5138 692 5206 τῇ
725 5133 956 5205 αίσχύνῃ
979 5131 1177 5185 αὐτῶν.
1210 5149 1229 5183 ι
1274 5129 1482 5183 Οὐκοῦν
1510 5129 1607 5183 καὶ
1636 5129 1776 5183 κατὰ
1809 5130 1957 5183 τόνδε

391 5230 481 5283 τὸν
528 5228 652 5280 νοῦν
696 5225 889 5296 ἐκδὲξῃ
942 5224 1102 5278 πάλιν
1147 5222 1209 5275 τὸ
1250 5222 1557 5293 εἰρημένον,
1598 5239 1617 5270 σ
1654 5221 1764 5292 Τὴν
1806 5220 1963 5286 δόξαν

395 5319 572 5376 αὐτῶν
607 5322 686 5383 είς
712 5318 935 5389 ἀτιμίαν
966 5318 1255 5388 θήσομαι.»
1282 5316 1402 5368 Ὅτι
1436 5314 1545 5385 γὰρ
1582 5312 1964 5384 παραδίδονταί

393 5431 535 5477 τινες
570 5433 588 5463 ι
630 5413 709 5475 εἰς
736 5410 988 5480 ἀδόκιμον
1018 5408 1162 5472 νοῦν,
1193 5409 1365 5469 ποιεῖν
1393 5406 1461 5459 τὰ
1495 5405 1569 5476 μὴ
1598 5405 1959 5475 καθήκοντα,ι

394 5504 511 5567 πῶς
550 5503 696 5556 ἐστιν
726 5500 1071 5573 ἀμφιϐαλεῖν,
1102 5498 1194 5552 τοῦ
1234 5497 1504 5569 μακαρίου
1536 5496 1747 5551 Παύλου
1782 5496 1967 5565 σαφῶς

395 5596 673 5667 εἰρηκότος
691 5613 705 5663 ;

467 5772 513 5802 ³⁵
546 5771 681 5826 Cen.
718 5787 849 5839 xxtt,
888 5772 970 5825 IT.
1049 5773 1093 5803 ⁹⁶
1137 5771 1337 5827 Tltrcn.
1368 5786 1406 5839 ι,
1454 5770 1501 5824 l.

2134 4676 2307 4730 Aliter
2340 4675 2525 4728 etiam.
2555 4675 2723 4729 Deum
2770 4674 3107 4733 oﬂ‘endentes
3158 4676 3229 4731 ab
3271 4676 3418 4732 omni
3473 4675 3641 4746 gloria

2064 4766 2375 4835 longissime
2405 4765 2740 4829 recedemus,
2778 4765 3039 4821 facientes
3077 4782 3199 4837 qua:
3239 4766 3321 4820 fas
3357 4781 3462 4820 non
3497 4775 3583 4821 cst
3624 4785 3639 4820 :

2063 4868 2119 4913 et
2144 4860 2212 4913 ob
2245 4873 2364 4927 quae
2392 4857 2714 4913 erubescere
2745 4860 3002 4927 oportuit,
3042 4859 3093 4913 in
3135 4860 3203 4914 iis
3236 4859 3366 4928 ipsis
3401 4859 3643 4930 aliquan-

2067 4953 2134 5003 do
2163 4949 2555 5019 nosjactantes
2583 4958 2639 5004 et
2684 4949 3034 5018 supercilium
3097 4950 3364 5017 tollentes,
3414 4961 3475 5005 ut
3537 4968 3642 5006 non

2066 5041 2262 5108 injuria
2297 5041 2461 5095 etiam
2486 5040 2551 5095 de
2585 5040 2741 5095 nobis
2777 5040 2988 5094 dicatur
3032 5055 3047 5094 :
3100 5060 3119 5093 ε
3178 5041 3420 5108 Quorum
3470 5042 3642 5111 gloria

2064 5132 2117 5187 in
2150 5131 2466 5187 confusione
2518 5131 2759 5202 ipsorum
2811 5132 2876 5185 ³⁷.
2946 5151 2965 5183 ι
3020 5131 3199 5199 Quare
3247 5142 3303 5186 et
3345 5134 3642 5187 secundum

2066 5224 2209 5278 hunc
2245 5238 2461 5278 sensum
2493 5225 2635 5291 quod
2672 5224 2872 5278 dictum
2905 5235 2983 5278 est
3028 5224 3279 5292 accipies,
3335 5242 3354 5274 ι
3416 5222 3641 5293 gloriam

2066 5331 2254 5370 eorum
2288 5315 2341 5368 in
2372 5315 2720 5383 ignominiam
2761 5330 2976 5384 ponam.
3015 5334 3033 5367 ι
3072 5314 3203 5367 Nam
3236 5315 3497 5384 quosdam
3530 5323 3642 5366 tra-

2069 5406 2210 5459 dilos
2244 5423 2262 5454 ι
2300 5405 2349 5457 in
2384 5405 2669 5472 reprobutn
2730 5420 2970 5468 sensum,
2999 5413 3055 5456 ιιι
3090 5403 3331 5457 facerent
3372 5416 3491 5471 qua:
3536 5416 3640 5454 non

2068 5498 2393 5552 conveniunt
2421 5496 2488 5560 ³⁸,
2526 5515 2544 5547 ι
2580 5512 2676 5551 cur
2706 5496 2988 5566 quisquam
3017 5495 3244 5561 dubitet,
3270 5510 3389 5549 cum
3420 5494 3468 5547 id
3498 5491 3640 5548 Pau-

2069 5591 2153 5645 lns
2183 5590 2465 5661 perspicue
2490 5589 2811 5645 conﬁrmet?

1580 5770 1621 5802 ³⁷
1656 5767 1885 5838 Philipp.
1924 5785 2000 5835 ιιι,
2036 5770 2114 5824 l9.
2184 5770 2235 5838 ,9⁸
2269 5768 2424 5824 Rom.
2452 5784 2486 5833 ι,
2517 5768 2584 5822 9.8
