4046 6376
479 264 582 320 105

1461 249 1519 305 S.
1564 246 1840 304 CYRILLI
1877 241 2351 301 ALEXANDRINI
2389 239 2710 298 ARCHIEP.

3626 242 3732 300 101

478 373 582 444 lige
616 368 910 425 adulteram
933 376 988 421 et
1014 363 1326 435 diligentem
1359 363 1522 426 mala,
1542 364 1685 416 sicut
1711 361 1852 416 Deus
1888 360 2062 430 diligit

2162 357 2231 411 τὰ
2266 356 2480 428 πονηρά
2500 372 2514 386 ·
2548 353 2874 427 περιθάλπει
2907 355 2984 419 δὲ,
3021 353 3209 426 ὥσπερ
3234 355 3353 418 ταῖς
3379 354 3734 422 ἐπαγγελίαις

480 467 622 521 filios
667 462 856 528 Israel,
885 471 940 516 et
969 459 1073 530 ipsi
1117 457 1412 527 respiciunt
1451 458 1520 512 ad
1565 457 1694 511 deos
1740 454 1966 518 alienos,
1996 462 2052 509 et

475 555 951 613 amantcoctiones
984 567 1106 608 cum
1140 548 1429 603 vinaceis.»
1455 547 1774 615 Quanquam
1801 545 1942 598 enim
1975 544 2052 598 in-

476 648 745 713 credulos,
776 645 972 714 inquit,
1005 653 1060 697 et
1092 641 1196 695 diis
1245 637 1630 695 commentitiis
1669 649 1908 689 amorem
1965 633 2053 688 tri-

479 745 794 805 buentes,et
817 740 1054 807 ipsorum
1086 733 1296 788 libidini
1327 729 1551 798 obsequi
1578 743 1682 781 non
1716 736 2048 792 recusantes,

475 833 584 904 59
633 847 696 885 ex
726 830 885 884 insita
923 825 1253 896 benignitate
1291 821 1468 891 diligit
1495 819 1654 883 Deus,
1697 837 1714 869 ι
1742 819 1830 887 qui
1863 830 2052 872 omnes

476 925 723 980 homines
755 922 867 975 vult
891 919 1070 974 salvos
1101 916 1236 979 ﬁeri,
1273 925 1326 969 et
1355 915 1424 967 ad
1453 911 1783 982 agnitionem
1813 908 2052 963 veritatis

473 1013 659 1069 venire
680 1013 780 1066 6°.»
811 1010 1019 1064 Habent
1050 1017 1230 1061 autent
1258 1001 1650 1074 pr0pemodum
1690 1001 1828 1054 hanc
1848 999 2050 1054 intelli-

473 1108 703 1178 gentiam
723 1105 886 1158 verba
915 1102 1034 1168 Dei,
1058 1110 1298 1168 tempore
1326 1096 1588 1150 adventus
1613 1092 1815 1148 Christi
1851 1093 2053 1147 vixisse

473 1197 613 1251 forte
638 1196 774 1264 apud
791 1192 1006 1248 Judaeos
1041 1191 1216 1245 adhuc
1254 1187 1469 1252 multos,
1491 1185 1580 1255 qui
1611 1183 1856 1238 neutrius
1878 1182 2053 1254 partis

474 1291 572 1343 toti
596 1298 774 1343 essent
791 1303 806 1352 ;
825 1287 914 1355 qui
939 1300 1038 1340 nec
1066 1281 1335 1338 mandatis
1358 1279 1608 1334 Mosaicis
1633 1277 1844 1332 sincere
1873 1276 2056 1330 adhae-

476 1388 772 1442 rescerent,
789 1393 889 1432 nec
911 1393 940 1430 a
969 1376 1218 1431 sordibus
1249 1371 1586 1427 seductionis
1610 1368 1851 1440 perfecte
1872 1377 2054 1422 essent

476 1473 650 1536 liberi,
669 1473 1002 1542 respicerent
1033 1477 1209 1522 autem
1242 1465 1414 1534 magis
1435 1463 1502 1517 ad
1533 1462 1663 1517 deos
1689 1459 2054 1526 alienos,qui-

473 1569 578 1620 bus
607 1573 661 1619 et
703 1571 856 1618 cocta
893 1576 1012 1616 cum
1048 1557 1314 1621 vinaceis,
1353 1571 1446 1610 seu
1492 1554 1610 1608 uvis
1645 1552 1816 1622 passis
1859 1549 2054 1604 offere-

473 1656 624 1720 bant,
660 1669 868 1726 popana
901 1655 1135 1707 fortasse
1169 1651 1352 1722 (genus
1390 1644 1646 1714 crustuli)
1664 1651 1756 1698 aut
1782 1642 2057 1713 placentas

2151 450 2246 504 καὶ
2281 449 2514 517 ἀγαθαῖς
2560 447 2740 500 ἐλπίσι
2791 447 3167 502 καταπιαίνων
3209 442 3267 500 εὖ
3313 446 3480 516 μάλα,
3510 445 3733 500 πίπτειν

2149 542 2249 594 ούκ
2273 542 2337 611 ἐᾷ
2361 540 2498 612 πρὸς
2523 539 2980 608 ἀπόγνωσιν.⁹’οτι
3013 539 3122 610 γὰρ
3147 541 3204 592 ἐν
3235 537 3444 600 τούτοις
3472 536 3590 590 ὅλον
3616 533 3733 588 ἐστὶ

2113 683 2122 692 .
2151 634 2211 687 τὸ
2246 634 2563 706 μυστήριον,
2591 631 2927 703 παρέδειξεν,
2957 629 3127 684 εἰπὼν
3177 629 3255 701 τῷ
3299 629 3551 700 προφήτῃ
3601 625 3733 688 Θεὸς

2152 725 2326 788 οὕτως
2350 741 2365 757 ο
2412 723 2725 794 ’Δγάπησον
2768 723 2867 794 τὴν
2901 721 3182 793 μοιχαλίδα
3207 720 3301 774 καὶ
3337 719 3637 788 ἀγαπῶσαν
3664 715 3733 770 τὰ

2153 818 2388 891 πονηρὰ,
2419 819 2602 880 καθὼς
2657 818 2845 885 ἀγαπᾷ
2886 818 2914 869 6
2955 815 3087 879 Θεὸς
3128 816 3254 877 τοὺς
3302 811 3451 874 υἱοὺς
3496 809 3728 881 Ἰσραήλ.

2154 913 2268 966 Καὶ
2311 912 2466 966 αὐτοὶ
2516 909 2885 964 ἀποϐλέπουσι
2927 910 3062 980 πρὸς
3098 907 3252 969 θεοὺς
3281 903 3614 974 ἀλλοτρίους,
3641 902 3734 955 καὶ

2153 1002 2370 1073 φιλοῦσι
2417 1000 2684 1071 πέμματα
2737 997 2877 1069 μετά
2926 995 3217 1066 σταφίδων.
3247 993 3440 1047 Καίτοι
3469 991 3576 1060 γάρ
3603 1003 3734 1059 φησι

2153 1097 2249 1150 καὶ
2283 1092 2530 1148 ἀπειθεῖν
2567 1091 2876 1161 ἑλομένους,
2909 1089 3001 1142 καὶ
3038 1089 3150 1149 τοῖς
3191 1083 3561 1154 ψευδωνύμοις
3595 1079 3735 1140 θεοῖς

2155 1183 2526 1254 ἀπονέμοντας
2573 1181 2672 1251 τὴν
2725 1180 3018 1248 ἀγάπησιν,
3054 1176 3147 1230 καὶ
3175 1175 3358 1236 αὐτοῖς
3402 1172 3471 1224 τὰ
3515 1169 3733 1239 θυμήρη

2155 1275 2397 1347 πληροῦν
2428 1273 2730 1337 ἐθέλοντας,
2769 1269 2828 1335 ἐξ
2861 1270 3104 1339 ἐμφύτου
3135 1265 3500 1337 χρηστότητος
3546 1260 3737 1329 ἀγαπᾷ

2155 1371 2183 1423 6
2211 1367 2363 1431 Θεὸς,
2391 1365 2451 1429 ὃς
2481 1366 2685 1426 πάντας
2715 1361 3032 1434 ἀνθρώπους
3061 1359 3201 1412 θέλει
3232 1356 3490 1426 σωθῆναι,
3520 1354 3613 1406 καὶ
3657 1352 3737 1413 εἰς

2155 1459 2451 1527 ἐπίγνωσιν
2484 1455 2740 1525 ἀληθείας
2771 1453 2963 1505 ἐλθεῖν.
2995 1471 3014 1502 ›
3050 1450 3242 1501 Δίδωσι
3288 1445 3346 1498 δέ
3393 1459 3511 1505 πως
3548 1442 3679 1511 ἡμῖν
3708 1440 3737 1490 6

2155 1549 2248 1603 τοῦ
2293 1546 2428 1600 Θεοῦ
2472 1546 2628 1614 λόγος
2672 1545 2894 1604 ἐννοεῖν,
2919 1542 3000 1594 ὅτι
3030 1539 3170 1592 κατὰ
3198 1536 3288 1589 τὸν
3317 1535 3415 1603 τῆς
3445 1528 3737 1600 ἐπιδημίας
3791 1552 3794 1556 ’

2155 1639 2350 1710 καιρὸν
2375 1634 2514 1709 ἦσάν
2542 1653 2643 1689 που
2674 1635 2816 1705 τάχα
2845 1631 2995 1702 παρά
3033 1629 3144 1692 τοῖς
3180 1625 3456 1685 Ἰουδαίοις
3485 1624 3736 1688 ἐπαμφο-

475 1744 889 1799 tnellitas.'I'alia
915 1740 1178 1810 siquidem
1211 1746 1481 1808 pentmata
1508 1733 1840 1789 daemonibus
1871 1732 1924 1785 in
1959 1747 2046 1785 sa-

2162 1733 2451 1804 ιερίζοντες
2482 1729 2563 1782 ἔτι
2594 1727 2796 1788 πολλοὶ,
2832 1724 2927 1777 καὶ
2964 1721 3087 1775 οὔτε
3121 1720 3233 1781 τοῖς
3266 1716 3354 1770 διὰ
3380 1712 3622 1769 Μωσέως
3653 1709 3741 1760 ἐν-

473 1838 737 1892 orificium
774 1833 969 1888 offerre
997 1839 1415 1887 consueverant.

2157 1795 2394 1892 τάλμασι
2455 1816 2802 1889 προκείμενοι
2853 1808 3141 1881 καθαρῶς’
3178 1805 3302 1859 οὔτε
3353 1801 3460 1873 μὴν
3507 1795 3732 1892 είσάπαι

471 1885 1166 1999 ἀπηλλαγ-μένοιγτώντῆς
1207 1921 1530 1992 πλανήσεως
1579 1917 1794 1990 ρύπωνν
1821 1915 2222 1980 ἀποϐλέποντες
2259 1885 2316 1968 δέ
2362 1885 2560 1983 μᾶλλον
2620 1885 2716 1963 καὶ
2782 1907 2863 1969 εἰς
2893 1905 3047 1966 θεοὺς
3107 1899 3438 1970 ἀλλοτρίους,
3515 1888 3596 1955 οἷς
3640 1885 3740 1943 καὶ

471 1984 1029 2091 πέμματαπροσῆγον
1053 1984 1190 2083 μετὰ
1209 1984 1503 2078 σταφίδων,
1529 1984 1750 2062 πόπανά
1769 2025 1873 2060 που
1898 2005 2062 2077 τάχα,
2101 2005 2196 2060 καὶ
2247 2005 2618 2077 μελιττούτας.
2687 1995 3093 2071 Προσεκόμιζον
3126 1993 3240 2062 γὰρ,
3281 1991 3360 2053 είς
3401 1985 3591 2041 θυσίαν
3628 1984 3742 2044 τοῖς

470 2102 691 2183 δαίμοσι
721 2109 792 2162 τὰ
823 2107 1001 2161 τοιάδε
1028 2105 1319 2174 πέμματα.

545 2205 708 2259 Vens.
734 2201 858 2255 2-4.
893 2197 960 2252 Ει
989 2197 1218 2252 conduxi
1240 2211 1353 2250 eam
1384 2194 1513 2248 mihi
1533 2193 1833 2264 quindecim
1863 2209 2053 2263 argen-

478 2296 660 2362 teis,et
697 2306 880 2362 gomor
911 2288 1113 2350 hordei,
1145 2297 1193 2340 et
1234 2284 1381 2339 nebel
1415 2285 1543 2350 vini,
1578 2292 1626 2338 et
1655 2285 1768 2337 dixi
1791 2282 1860 2334 ad
1894 2298 2008 2336 eam
2035 2299 2054 2337 :

481 2389 600 2441 Dies
631 2385 820 2439 multos
845 2381 1044 2436 sedebis
1089 2379 1226 2448 apud
1258 2391 1375 2442 me;
1405 2394 1508 2431 non
1560 2375 1926 2445 fornicaberis,
1961 2390 2056 2427 tte-

478 2493 575 2548 que
601 2479 703 2531 eris
735 2476 843 2529 viro
869 2472 1046 2538 alteri,
1074 2479 1124 2524 et
1149 2486 1243 2541 ego
1277 2469 1418 2523 aoud
1452 2475 1521 2522 te.

556 2651 792 2708 XXXIII.
851 2648 1098 2705 Mercede
1162 2647 1331 2717 igitur
1391 2644 1762 2701 mulierculam
1805 2645 2063 2703 conducit

482 2748 761 2818 propheta.
784 2743 1024 2799 Collocat
1052 2749 1234 2794 autem
1259 2737 1500 2804 domi,et
1517 2753 1634 2794 eam
1662 2755 1693 2792 a
1734 2740 1972 2807 nequitia
2003 2751 2062 2792 se

485 2839 759 2901 cohibere,
791 2833 1150 2902 adulteriique
1205 2830 1541 2884 fteditatibus
1580 2831 1743 2884 finem
1789 2829 2064 2899 imponere

482 2929 652 2999 jubet.
687 2925 980 2980 Pollicetur
1010 2936 1161 2985 vero,
1195 2921 1239 2974 si
1267 2922 1334 2974 ad
1381 2919 1556 2990 ipsum
1594 2919 1764 2974 solum
1803 2933 2066 2973 conversa
2093 2885 2136 2940 θ

490 3020 558 3072 ab
587 3017 690 3070 alio
726 3017 983 3070 intactam
1022 3027 1140 3066 sese
1161 3011 1586 3075 conservaverit,
1621 3009 1762 3079 apud
1812 3009 1982 3078 ipsam
2014 3019 2070 3064 et

490 3120 549 3158 se
573 3104 834 3164 futurum,
880 3099 986 3152 hoc
1015 3105 1125 3163 est,
1147 3097 1212 3148 ad
1242 3096 1456 3149 thorum
1502 3093 1834 3163 coniugalem
1860 3093 2069 3148 adhibi-

493 3204 694 3258 tnrnm,
725 3202 778 3247 et
827 3203 996 3246 unum
1057 3203 1180 3242 cum
1237 3186 1354 3255 ipsa
1405 3184 1666 3240 futurum.
1710 3183 1886 3252 Inquit
1923 3185 2067 3239 enim

493 3287 807 3355 Scriptura:
842 3299 862 3334 ι
893 3281 1057 3335 Erant
1081 3280 1132 3334 hi
1159 3280 1270 3334 duo
1294 3278 1349 3332 in
1365 3292 1527 3332 carne
1553 3293 1657 3331 una
1683 3276 1749 3330 “.
1781 3295 1800 3328 ι
1830 3276 1966 3342 Quid
1983 3293 2074 3331 au-

497 3387 601 3431 tem
627 3376 741 3431 vult
764 3373 1026 3443 aenigma?
1055 3371 1359 3427 Judteorum
1386 3370 1599 3424 turbam
1637 3368 1992 3434 incredulam,
2019 3377 2075 3423 et

496 3469 708 3523 Domini
757 3466 1152 3530 mactatricem,
1195 3461 1494 3516 adulteram
1544 3471 1598 3515 et
1638 3461 1904 3530 impuram
1955 3469 2070 3529 post

496 3558 697 3616 Christi
749 3557 804 3611 in
864 3554 1032 3610 cmlos
1076 3553 1308 3607 reditum
1351 3554 1541 3607 sedere
1585 3551 1760 3622 jubet,
1805 3551 1923 3606 sine
1960 3552 2075 3605 viro

496 3653 752 3724 quidem;
789 3656 1167 3701 verumtamen
1217 3644 1320 3699 nisi
1369 3645 1546 3699 adhuc
1578 3644 1845 3698 fornicata
1890 3641 2074 3710 fuerit,

499 3746 602 3799 hoc
637 3750 743 3807 est,
766 3741 812 3795 si
846 3739 976 3794 deos
1003 3737 1208 3792 alienos
1232 3752 1442 3792 rursum
1467 3738 1644 3791 colere
1676 3737 2075 3798 detrectaverit,

498 3836 602 3890 sibi
618 3848 738 3888 eam
764 3847 863 3887 suo
887 3841 1126 3899 tempore
1147 3828 1520 3898 copulaturum
1543 3828 1827 3897 promittit,
1841 3827 2078 3898 gentium

501 3927 752 3981 videlicet
783 3922 1122 3976 multitudine
1153 3922 1302 3991 prius
1327 3919 1821 3990 ingressa.Positus
1838 3918 2078 3974 estenint

502 4034 533 4072 a
569 4027 716 4085 tergo
740 4013 926 4077 Israel,
959 4013 1012 4068 id
1048 4023 1150 4077 est,
1183 4011 1398 4083 sequcla
1429 4012 1692 4080 qumdam,
1715 4021 1769 4066 et
1790 4010 2076 4081 appendix,

2228 2185 2340 2241 Καὶ
2385 2182 2840 2254 ἐμισθευσὰμην
2887 2176 3120 2251 ἐμαυτῷ
3176 2173 3603 2230 πεντεκαίδεκα
3641 2173 3743 2241 dp-

2159 2277 2428 2348 γυρῐους,
2488 2273 2586 2328 καὶ
2644 2271 2828 2344 τομόρ
2882 2267 3116 2338 κριθῶν,
3157 2267 3257 2320 καὶ
3312 2263 3488 2318 νέϐελ
3542 2263 3741 2322 οἴνου.

2161 2367 2263 2422 καί
2285 2364 2426 2421 εἶπα
2469 2366 2616 2433 πρὸς
2649 2361 2864 2429 αὐτήν.
2924 2358 3168 2428 Ἡμέρας
3229 2354 3462 2419 πολλὰς
3507 2351 3743 2420 καθήσῃ

2160 2456 2256 2510 ἐπ’
2310 2455 2473 2526 ἐμοί·
2512 2453 2610 2506 καὶ
2643 2456 2715 2506 οὐ
2742 2450 2829 2521 μὴ
2882 2449 3246 2518 πορνεύσῃς,
3305 2443 3449 2500 οὐδὲ
3476 2443 3558 2512 μὴ
3600 2442 3744 2514 γένῃ

2163 2547 2336 2616 ἀνδρί
2362 2545 2561 2614 ἑτέρῳ,
2599 2544 2697 2598 καὶ
2725 2541 2840 2613 ἐγὼ
2873 2541 2969 2595 ἐπὶ
2998 2540 3120 2595 σοι.

2235 2641 2356 2694 Al".
2407 2634 2858 2707 Καταμισθοῦται
2920 2631 3017 2704 μὲν
3066 2625 3160 2685 οὖν
3193 2629 3256 2683 τὸ
3299 2628 3519 2698 γύναιον
3546 2627 3574 2679 6
3611 2640 3748 2690 προ-

2168 2732 2367 2803 φήτης,
2400 2727 2615 2790 καθίζει
2641 2725 2699 2778 δὲ
2718 2722 2879 2785 οἴκοι,
2903 2721 2997 2774 καὶ
3045 2720 3147 2791 τῆς
3179 2720 3236 2774 ἐν
3267 2718 3379 2772 ἔθει
3419 2713 3750 2784 φαυλότητος

2171 2821 2507 2893 ἀποσχέσθαι
2561 2819 2798 2881 κελεύει,
2829 2818 2923 2869 καὶ¹
2947 2815 3053 2868 τῶν
3086 2815 3185 2884 τῆς
3241 2808 3486 2882 μοιχείας
3513 2806 3750 2875 καταλῆ-

2170 2918 2256 2985 ξαι
2277 2913 2587 2988 μολυσμῶν.
2624 2907 3051 2978 Ἐπαγγέλλεταί
3073 2923 3135 2975 γε
3167 2905 3271 2975 μὴν
3304 2902 3599 2972 σωφρονεῖν
3616 2899 3753 2968 139n-

2173 3009 2332 3079 μένῃ,
2383 3005 2480 3060 καὶ
2502 3005 2582 3066 είς
2609 3002 2770 3055 αὐτὸν
2798 2999 2982 3070 ὁρώσῃ
3010 2999 3168 3068 μόνον
3202 2996 3289 3048 ἐπ’
3312 2994 3447 3063 αὐτῇ
3483 2992 3575 3045 καὶ
3594 2989 3754 3045 αὐτὸς

2171 3098 2407 3152 ἔσεσθαι.
2455 3095 2765 3155 Τουτέστιν,
2820 3087 3202 3143 οἰκειώσασθαι
3244 3083 3514 3155 γαμικῶς,
3551 3080 3643 3134 καὶ
3695 3079 3754 3133 ἓν

2172 3189 2392 3244 ἔσεσθαι
2419 3186 2555 3256 πρὸς
2580 3184 2769 3254 αὑτήν⁸
2803 3202 2821 3232 (
2839 3179 3094 3234 Ἔσονται
3116 3180 3245 3248 γὰρ,
3287 3174 3472 3245 φησὶν,
3491 3174 3539 3227 οἱ
3565 3172 3656 3225 δύο
3675 3173 3757 3235 είς

2175 3280 2354 3349 σάρκα
2399 3277 2582 3348 μίαν.»
2612 3273 2725 3328 Καὶ
2753 3272 2806 3325 τί
2831 3270 2891 3326 τὸ
2919 3272 3182 3340 αῖνιγμα;
3208 3267 3317 3338 Τὴν
3338 3266 3444 3320 τῶν
3485 3265 3757 3319 Ἰουδαίων

2175 3372 2406 3443 πληθὺν,
2436 3369 2536 3440 τὴν
2562 3365 2766 3436 ἀπειθῆ
2795 3364 2890 3419 καὶ
2929 3359 3315 3432 Κυριοκτόνον,
3339 3358 3436 3430 τὴν
3476 3357 3758 3428 μοιχαλίδα

2175 3465 2268 3518 καὶ
2301 3460 2522 3532 βέϐηλον
2576 3457 2714 3530 μετά
2759 3457 2821 3511 τὸ
2851 3454 3209 3525 ἀναφοιτῆσαι
3257 3450 3488 3523 Χριστὸν
3520 3452 3600 3513 εἰς
3633 3450 3760 3511 τοὺς

2175 3553 2494 3627 ἀνθρώπους
2523 3551 2737 3614 καθίζει
2770 3549 2923 3612 Θεὸς,
2967 3531 3230 3617 ἄνανδρον
3253 3543 3562 3622 μέν’γπλὴν
3593 3543 3643 3596 εἰ
3683 3540 3758 3613 μὴ

2178 3618 2527 3718 πορνεύσειεν
2548 3641 2652 3706 ἔτι,
2683 3641 2982 3702 τουτέστιν,
3012 3640 3061 3692 εί
3088 3638 3164 3709 μὴ
3190 3618 3582 3707 βαδίζοιπάλιν
3618 3631 3758 3702 πρὸς

2177 3741 2236 3794 τὸ
2255 3739 2366 3792 δεῖν
2397 3736 2613 3792 ἐλέσθαι
2643 3735 2809 3805 τιμᾷν
2837 3732 2990 3795 θεοὺς
3024 3729 3336 3800 ἀλλοτρίους
3357 3767 3370 3790 ,
3408 3723 3588 3795 ἐαυτῷ
3636 3740 3761 3776 συν-

2180 3831 2336 3902 άψειν
2359 3829 2504 3884 κατά
2530 3827 2757 3899 καιροὺς
2778 3824 3194 3894 ἐπαγγέλλεται,
3225 3821 3324 3891 τῆς
3343 3817 3450 3873 τῶν
3477 3815 3644 3872 ἐθνῶν
3666 3815 3762 3886 δη-

2178 3921 2354 3975 λονότι
2393 3918 2634 3991 πληθύος
2671 3914 3216 3987 προεισκεκριμένης.
3260 3910 3511 3964 Τέθειντο
3540 3906 3650 3978 γὰρ
3680 3907 3760 3970 είς

2181 4014 2349 4069 νῶτον
2397 4013 2447 4066 οἱ
2475 4011 2534 4076 ἐξ
2569 4009 2814 4080 Ἰσραὴλ,
2866 4007 3132 4069 τουτέστι,
3163 3999 3631 4076 παρακολούθημα
3667 3997 3763 4051 καὶ

501 4121 557 4166 et
585 4111 637 4163 in
675 4107 984 4180 postremis.
1014 4106 1252 4163 Observa
1301 4105 1450 4170 item,
1474 4121 1581 4175 quo
1625 4113 1782 4176 pacto
1829 4104 2064 4175 nuptiali:

2182 4105 2356 4160 ὀπίσω
2384 4103 2476 4158 καὶ
2502 4104 2558 4156 ἐν
2576 4103 2687 4164 τοῖς
2705 4100 2974 4170 ἐσχάτοις.
2992 4097 3184 4166 Ἐπιτή
3195 4112 3274 4166 ρει
3287 4094 3364 4158 δὲ,
3381 4093 3527 4154 ὅπως
3546 4089 3761 4153 σύνοδος

503 4216 791 4271 corporum
818 4199 1128 4267 coniunctio
1159 4199 1432 4267 prophetat
1461 4213 1583 4252 cum
1633 4198 1874 4252 adultera
1898 4207 1952 4251 et
1981 4199 2064 4250 im-

2190 4199 2286 4269 μέν
2299 4213 2371 4265 γα
2379 4195 2514 4266 μικὴ
2535 4191 2614 4263 τῷ
2633 4191 2887 4262 προφήτῃ
2910 4189 3046 4260 πρὸς
3057 4187 3156 4259 τὴν
3173 4183 3457 4258 μοιχαλίδα
3487 4181 3583 4236 καὶ
3597 4197 3763 4250 πονη-

502 4295 672 4365 proba
703 4291 844 4346 nulla
886 4292 1045 4360 plane
1094 4289 1296 4354 fuerit;
1329 4290 1593 4357 promissa
1621 4305 1752 4343 vero
1794 4296 1913 4360 post
1963 4289 2064 4344 dies

2188 4288 2289 4362 ράν
2326 4287 2387 4341 οὐ
2438 4285 2660 4354 γέγονεν
2693 4283 2852 4347 ὅλως,
2887 4281 3180 4352 ὑπόσχεσις
3211 4279 3268 4332 δὲ
3311 4275 3407 4331 τοῦ
3440 4275 3763 4346 πράγματος

507 4385 725 4448 inultos,
760 4383 860 4438 nisi
894 4383 1097 4437 interea
1141 4383 1332 4436 fuisset
1361 4397 1480 4435 cum
1520 4383 1637 4435 viro
1665 4397 1851 4435 rursus
1883 4381 2064 4447 altero,

2187 4381 2324 4453 μετά
2357 4375 2560 4440 πολλὰς
2585 4375 2821 4447 ἡμέρας,
2857 4376 2906 4428 εί
2939 4373 3014 4446 μὴ
3047 4372 3202 4444 ἀνδρὶ
3229 4369 3438 4441 γένοιτο
3467 4367 3629 4421 πάλιν
3658 4365 3767 4418 ἐτέι

506 4477 610 4531 hoc
637 4483 740 4541 est,
771 4490 831 4530 se
855 4475 906 4528 in
935 4474 1236 4529 sceleribus
1265 4481 1320 4528 et
1348 4473 1744 4542 impuritatibus
1771 4471 2064 4528 fornicatio-

2162 4490 2283 4544 -pcp,
2306 4470 2606 4535 τουτέστιν,
2628 4469 2678 4520 εί
2699 4467 2989 4538 ἀπόσχοιτο
3016 4463 3123 4519 τῶν
3154 4463 3253 4534 τῆς
3282 4461 3479 4533 νοητῆς
3509 4457 3767 4529 πορνείας

509 4567 594 4622 nis
629 4566 823 4621 animae
852 4575 1176 4636 perpetratae
1205 4580 1312 4619 non
1339 4564 1782 4620 contaminasset.
1815 4562 2058 4632 Suscipie

2176 4559 2542 4633 ἐγκλημάτων
2606 4559 2702 4614 καὶ
2763 4556 3072 4629 μολυσμῶν.
3118 4553 3431 4618 Εἰσδέξεται
3490 4547 3632 4620 γάρ,
3691 4544 3768 4606 ὡς

509 4659 773 4723 enim,'ut
811 4659 959 4723 dixi,
1003 4657 1290 4726 aliquando
1333 4656 1634 4711 adulteram
1683 4655 2064 4710 multitudinea

2183 4653 2342 4724 ἔφην,
2378 4652 2522 4707 κατά
2550 4652 2776 4724 καιροὺς
2800 4650 2898 4721 τὴν
2928 4647 3208 4721 μοιχαλίδα
3252 4644 3462 4715 πληθὺν
3513 4639 3573 4704 ἐξ
3601 4639 3766 4705 οὐρα-

513 4763 742 4820 sponsus
773 4750 842 4803 de
877 4749 1037 4815 caelo,
1062 4749 1108 4803 si
1142 4748 1283 4803 idola
1319 4748 1503 4803 colere
1531 4749 1772 4802 desierit.
1800 4747 1926 4803 Post
1955 4763 2064 4802 cru‘

2185 4744 2278 4799 νοῦ
2306 4742 2559 4814 νυμφίος,
2588 4743 2649 4797 οὐ
2668 4741 3042 4813 λατρεύσασαν
3074 4737 3332 4799 εἰδώλοις.
3363 4732 3518 4789 Μετά
3540 4731 3651 4802 γάρ
3683 4745 3766 4782 τοι

515 4859 634 4899 cem
681 4842 825 4897 enim
880 4840 1178 4898 Salvatoris
1221 4842 1350 4898 solis
1396 4841 1565 4912 Moysi
1616 4841 1826 4912 legibus
1875 4841 2064 4897 deditu:

2183 4837 2275 4891 τὸν
2309 4836 2405 4890 τοῦ
2439 4837 2692 4908 Σωτῆρος
2725 4835 2953 4907 σταυρὸν
2973 4871 2989 4897 ,
3040 4832 3220 4903 μόνοις
3254 4830 3368 4890 τοῖς
3393 4825 3480 4881 διὰ
3527 4821 3769 4882 Μωσέως

517 4943 638 4988 erat
661 4931 824 4988 Israel
848 4949 865 5000 ;
899 4931 1120 4988 ﬂaccide
1146 4933 1358 5002 quidem
1387 4942 1443 4988 et
1470 4911 1837 5003 negligenter;
1867 4948 2064 4986 verum!

2186 4930 2585 5002 προσκείμενος
2622 4928 2806 4999 νόμοις
2869 4929 2898 4980 6
2965 4923 3201 4996 Ἰσραὴλ,
3245 4919 3460 4992 σαθρῶς
3507 4916 3604 4987 μὲν
3661 4911 3770 4981 γὰρ

519 5036 700 5081 tamen
727 5025 792 5080 ad
823 5025 1213 5095 pseudolatrias
1253 5025 1552 5079 daemonum
1585 5023 1868 5079 deflectere
1894 5038 1998 5078 non
2024 5022 2064 5077 li

2188 5019 2308 5073 λίαν
2342 5020 2437 5073 καὶ
2493 5016 2978 5090 κατημελημένως,
3008 5015 3146 5086 πλὴν
3175 5013 3278 5066 οὐκ
3307 5009 3668 5066 ἀπονένευκεν
3691 5003 3772 5065 εἰς

519 5119 699 5174 behat.
733 5117 998 5174 Caeterum
1041 5131 1164 5186 qua:
1215 5117 1353 5171 ratio
1397 5116 1522 5170 vitae
1562 5115 1825 5170 adulterio
1851 5114 2064 5183 pollutae

2193 5113 2255 5167 τὸ
2278 5111 2492 5166 ἑλέσθαι
2521 5111 2687 5182 τιμᾷν
2712 5109 2810 5172 τὰς
2841 5109 2950 5161 τῶν
2992 5106 3282 5186 δαιμονίων
3331 5095 3771 5172 ψευδολατρείας.

517 5209 628 5280 60
656 5219 710 5264 et
744 5209 1018 5279 prophetae
1043 5208 1487 5264 consuetudinem
1522 5216 1764 5276 tempore
1803 5179 1902 5260 suo
1941 5206 2064 5258 futu.

2208 5205 2370 5259 Ἀλλά
2400 5206 2482 5268 τίς
2513 5206 2542 5256 6
2584 5179 2785 5274 τρόπος
2817 5201 2916 5271 τῆς
2941 5199 3086 5267 ζωῆς
3112 5179 3636 5270 τῇ”“μεμοιχευμένῃ
3682 5186 3778 5239 καὶ

523 5317 638 5354 ram
665 5299 1038 5368 exspectanti?
1067 5308 1159 5353 ant
1197 5313 1317 5368 quae
1342 5297 1579 5362 fuerunt,
1605 5298 1800 5368 quibus
1827 5297 2064 5352 conduct:

2199 5295 2566 5368 περιμενούσῃ
2607 5294 2748 5348 κατὰ
2787 5293 3012 5365 καιροὺς
3049 5291 3146 5346 τοῦ
3197 5289 3478 5361 προφήτου
3519 5284 3620 5354 τὴν
3665 5297 3779 5333 κοι-

523 5401 626 5456 est,
653 5391 969 5446 mercedes?
1005 5389 1371 5457 «Quindecim,
1410 5389 1607 5458 inquit,
1630 5388 1892 5459 argentei,
1923 5395 1975 5442 et
1995 5401 2062 5456 go

2200 5390 2433 5456 νωνίαν;
2463 5388 2498 5460 ἢ
2527 5389 2657 5442 ποῖα
2699 5387 2922 5456 γέγονεν
2951 5386 3088 5456 αὐτῇ
3127 5386 3195 5438 τὰ
3237 5378 3604 5452 μισθώματα;
3639 5373 3782 5460 Πεντ-

525 5497 645 5538 tuor
675 5483 883 5550 hordei,
905 5492 961 5537 et
1001 5482 1312 5539 nebel'vini.
1353 5500 1372 5534 ι
1407 5458 1800 5538 Perseverabat
1828 5481 1973 5538 enim
2013 5479 2064 5536 Is

2200 5458 2512 5547 τεκαίδεκα,
2558 5480 2746 5551 φησὶν,
2787 5475 3046 5551 ἀργύρια,
3077 5475 3170 5531 καὶ
3205 5473 3380 5544 γόμορ
3408 5465 3638 5541 κριθῶν,
3684 5458 3784 5518 καὶ

597 5657 644 5691 ⁵⁸
674 5657 692 5711 l
718 5656 856 5713 Tim.
893 5674 949 5724 Il,
989 5658 1040 5715 4.
1119 5658 1158 5689 θ’
1198 5657 1332 5712 Gen.
1367 5673 1426 5717 tt.
1453 5656 1541 5712 26.
