4046 6376
424 400 527 458 105

1335 397 1885 453 COMMENTARIUS
1926 400 1989 453 ΙΝ
2031 401 2266 457 OSEAM
2305 402 2759 460 PROPHETAM.

3575 414 3677 470 106

425 518 575 570 νέὃελ
601 512 765 567 οἴνου.
802 532 821 563 ι
850 511 1195 566 Διατετέλεκε
1224 511 1333 583 γὰρ
1363 515 1392 566 6
1426 512 1643 585 Ἰσραὴλ
1673 515 1763 567 τὸν
1796 516 1987 585 μεταξί

2104 517 2217 573 rael
2238 534 2409 587 usque
2429 522 2495 574 ad
2520 531 2822 575 extremum
2850 530 3060 592 tempus
3088 525 3386 583 vocationis
3400 542 3512 585 suae
3530 536 3678 600 pasci

424 607 516 677 τῆς
551 602 791 673 ἐσχάτης
819 599 986 653 αὐτοῦ
1016 600 1263 670 κλήσεως
1287 601 1500 671 χρόνον,
1533 602 1778 673 ἁδοκίμῳ
1806 604 1997 673 τρεφόο

421 713 581 768 μενος
624 693 788 763 λόγῳ,
834 692 929 745 καὶ
975 691 1346 756 διδασκαλίαις
1379 694 1662 763 προσέχων
1690 697 1811 758 ταῖς
1838 695 1996 765 μυθι-

420 791 542 849 καῖς
591 788 688 839 καὶ
718 783 1126 855 γραοπρεπέσιν
1160 784 1240 854 (1)
1280 784 1495 855 ἀληθῶς
1542 787 1663 847 ταῖς
1698 784 1807 837 τῶν
1853 786 1999 849 ίδίως

419 877 765 949 καθηγητῶν.
794 876 991 945 Γέγονε
1014 876 1069 928 δὲ
1093 876 1242 946 αὐτῷ
1271 878 1652 947 κτηνοπρεπὴς
1674 877 1703 928 6
1735 877 1869 946 βίος,
1904 878 1999 930 καὶ

420 973 448 1025 ὁ
485 971 610 1034 νοῦς
646 971 704 1021 ἐν
738 967 875 1039 μέθη
931 967 1027 1019 καὶ
1080 967 1274 1038 σκότῳ.
1315 966 1495 1030 Τύπος
1540 966 1585 1019 δ’
1639 966 1705 1020 ἂν
1756 967 1843 1037 εἴη
1903 967 1998 1020 καί

423 1062 566 1133 μάλα
605 1058 812 1131 σαφὴς,
850 1058 1011 1126 λόγου
1064 1058 1162 1128 μὲν
1186 1057 1570 1113 διδασκαλικοῦ
1603 1057 1664 1110 τὺ
1701 1057 1993 1128 ἀργύριον,

422 1158 560 1211 κατά
588 1174 652 1225 γε
684 1156 745 1209 τὸ
763 1153 853 1207 διὰ
882 1155 982 1223 τῆς
1008 1153 1234 1206 Ἡσαΐου
1266 1153 1449 1223 φωνῆς
1470 1151 1607 1223 πρὸς
1627 1152 1825 1215 αὐτοὺς
1850 1154 1997 1222 εἰρη-

424 1249 602 1319 μένον
623 1246 730 1301 «Τὸ
746 1244 1009 1315 ἀργύριον
1026 1243 1179 1312 ὑμῶν
1196 1242 1477 1311 ἀδόκιμον,
1494 1243 1614 1295 »καὶ
1631 1242 1773 1295 κατὰ
1788 1241 1885 1312 τὴν
1900 1240 1994 1294 τοῦ

418 1338 671 1408 Σωτῆρος
710 1334 911 1405 φωνὴν,
956 1333 1037 1403 τῷ
1076 1332 1296 1403 πονηρῷ
1319 1334 1411 1386 καὶ
1455 1331 1673 1405 ὀκνηρῷ
1702 1332 1873 1402 δούλῳ
1914 1332 1995 1385 δι-

418 1430 585 1493 καίως
606 1426 971 1497 ἐπιτιμῶντος
1013 1426 1106 1478 καὶ
1135 1424 1439 1493 λέγοντος·ι
1469 1424 1614 1477 Ἔδει
1643 1442 1701 1477 σε
1730 1424 1913 1495 βαλεῖν
1935 1423 1996 1476 τὸ

416 1519 677 1593 ἀργύριόν
712 1535 813 1588 μου
846 1520 959 1581 τοῖς
992 1517 1370 1588 τραπεζίταις.
1407 1536 1425 1568 ι
1459 1516 1668 1571 Οὐκοῦν
1718 1518 1783 1571 τὸ
1822 1516 1996 1589 ἀργύ-

416 1631 552 1685 ριον,
572 1613 633 1666 τὸ
657 1612 768 1664 τῶν
792 1609 1149 1664 διδασκόντων
1178 1608 1371 1680 ἐκδέξῃ
1395 1609 1570 1677 λόγον.

486 1706 551 1757 El
576 1705 633 1757 δὲ
662 1703 725 1774 δή
750 1719 835 1764 τις
861 1700 1036 1753 ἕλοιτο
1063 1699 1159 1753 καὶ
1197 1701 1278 1762 είς
1316 1700 1481 1752 αὑτὸν
1506 1699 1595 1752 τὸν
1627 1698 1715 1753 διὰ
1746 1699 1995 1762 Μωσέως

2097 623 2161 663 ac
2183 610 2377 663 nutriri
2408 610 2728 667 adulterinis
2758 613 3118 680 sermonibus,
3155 624 3213 670 et
3246 618 3527 675 attendere
3583 621 3679 676 do-

2095 701 2289 755 ctrinis
2317 698 2574 757 fabulosis
2617 712 2673 757 et
2714 717 2843 759 vere
2883 704 3117 761 anilibus
3139 710 3522 777 magistrorum
3553 727 3680 768 suo-

2095 807 2237 846 rum.
2262 790 2382 845 Vita
2422 800 2603 847 autem
2636 794 2740 849 fuit
2773 795 2824 848 ei
2863 795 3159 852 bestiarum
3205 800 3327 855 vita:
3368 803 3583 871 similis,
3623 818 3681 862 et

2097 898 2249 938 mens
2277 885 2426 939 ebria
2472 900 2540 940 ac
2588 889 2827 943 tenebris
2860 887 3054 946 offusa.
3085 890 3318 948 Evidens
3352 905 3509 966 typus
3553 914 3677 954 esse

2097 980 2570 1042 potest,sermonis
2599 977 2813 1044 quidem
2848 980 3182 1037 instituentis
3210 996 3514 1054 argentum,
3526 988 3676 1054 juxta

2096 1063 2246 1128 illud,
2271 1066 2413 1133 quod
2451 1067 2520 1119 ab
2553 1066 2691 1121 Isaia
2719 1068 2787 1122 ad
2810 1084 2905 1125 eos
2931 1069 3134 1125 dictum
3162 1083 3280 1130 est:
3322 1093 3343 1127 ι
3373 1076 3673 1147 Argentum

2096 1167 2335 1212 vestrum
2356 1162 2654 1228 reprobum
2678 1161 2724 1192 “
2751 1176 2800 1227 ;›
2836 1172 2890 1216 et
2918 1163 3071 1233 juxta
3101 1166 3323 1221 verbum
3354 1167 3672 1237 Salvatoris,

2104 1262 2320 1302 servum
2355 1265 2583 1318 nequam
2626 1260 2680 1306 et
2712 1253 2921 1322 pigrum
2954 1254 3100 1324 juste
3143 1256 3467 1326 increpantis
3496 1276 3563 1316 ac
3594 1264 3676 1316 di-

2096 1336 2301 1391 centis:
2337 1356 2355 1387 ι
2381 1337 2632 1407 Oportuit
2680 1349 2732 1395 te
2778 1345 3119 1399 committere
3156 1357 3435 1414 argentum
3472 1366 3666 1405 .meum

2099 1429 2475 1484 nummulariis
2501 1431 2566 1485 ⁶³.
2600 1451 2618 1483 ι
2662 1432 2847 1503 Itaque
2870 1437 3081 1505 argenti
3117 1443 3334 1494 nomine
3364 1454 3669 1498 sermonem

2099 1522 2407 1579 docentium
2440 1524 2680 1593 accipies

2171 1696 2320 1763 Quod
2339 1699 2381 1753 si
2406 1700 2489 1754 cui
2515 1699 2774 1768 placuerit
2790 1702 2973 1768 etiam,
2990 1703 3057 1759 ad
3077 1703 3245 1773 ipsam
3271 1706 3469 1778 Moysis
3494 1709 3664 1779 legem

415 1796 649 1850 ἀνοίσειν
673 1795 858 1864 νόμον,
890 1790 1284 1845 πεντεκαίδεκα
1327 1786 1465 1844 εἶναι
1505 1792 1689 1861 φήσει,
1721 1790 1753 1861 ἢ
1790 1791 1871 1843 ὅτι
1904 1790 1987 1843 τέ-

2100 1785 2324 1852 referre,
2359 1788 2662 1855 quindecim
2718 1799 3000 1859 argenteos
3040 1807 3160 1848 esse
3208 1794 3374 1861 dicet,
3407 1808 3500 1851 aut
3540 1800 3665 1868 quia

414 1887 557 1951 λειὸς
582 1904 643 1941 τε
678 1885 812 1957 ὁμοῦ
858 1884 954 1937 καὶ
989 1881 1185 1953 ἀτελὴς
1213 1883 1242 1934 6
1274 1883 1454 1951 νόμος.
1493 1882 1606 1936 Καὶ
1638 1882 1839 1944 τέλειος
1870 1881 1987 1951 μὲν,

2094 1874 2330 1942 perfecta
2379 1878 2538 1931 simul
2582 1888 2637 1933 et
2686 1878 2998 1949 imperfecta
3046 1895 3131 1938 est
3175 1884 3301 1941 lex:
3333 1896 3387 1941 et
3429 1866 3664 1956 perfecta

414 1982 465 2032 εί
489 1979 659 2030 νοοῖτο
696 1972 1080 2046 πνευματικῶς
1123 1972 1298 2040 (λαλεί
1330 1971 1439 2043 γὰρ
1466 1974 1601 2043 ἡμῖν
1628 1972 1721 2025 τοῦ
1753 1970 1993 2047 Χριστοῦ

419 2068 765 2142 μυστήριον)ο
800 2066 998 2137 ἀτελὴς
1017 2065 1073 2119 δέ
1097 2060 1187 2129 αὖ,
1216 2066 1263 2116 εί
1286 2063 1478 2135 μέχρις
1505 2064 1572 2117 ἴοι
1604 2062 1698 2116 τοῦ
1731 2064 1995 2134 γράμμα-

411 2178 505 2224 τος
527 2160 636 2213 τῶν
668 2158 1015 2226 παιδαγωγου
1024 2156 1201 2227 μένων
1224 2156 1252 2207 6
1282 2155 1426 2218 νοῦς.
1456 2154 1630 2207 Οἱονεὶ
1654 2154 1761 2226 γάρ
1796 2171 1913 2217 πως
1936 2155 1993 2207 ἐν

413 2252 601 2324 ἡμίσει
637 2251 893 2320 γνώσεως
925 2249 1022 2319 τῆς
1050 2246 1292 2318 ἱστορίας
1322 2245 1384 2299 τὸ
1415 2248 1607 2316 πάχος.
1640 2245 1914 2316 Σύμσολον
1936 2245 1992 2298 δὲ

412 2344 747 2415 τελειότητος
790 2345 818 2396 6
866 2342 998 2396 δέκα
1044 2341 1192 2393 ἐστιν
1225 2338 1491 2410 ἀριθμὸς,
1527 2338 1838 2401 παντέλειος
1874 2338 1949 2390 ὢν
1973 2376 1988 2401 ,

413 2435 554 2490 κατὰ
569 2436 651 2499 τὸ,
670 2452 689 2486 ι
713 2435 845 2486 Ἔσο
860 2432 1044 2486 ἐπάνω
1061 2432 1193 2484 δέκα
1222 2430 1429 2483 πόλεων
1446 2443 1461 2458 ⁶
1476 2447 1495 2481 ι
1519 2428 1715 2494 καὶτὸ,
1738 2446 1758 2479 ι
1779 2428 1868 2499 Τῷ
1894 2428 1990 2499 μὲν

411 2527 580 2581 ἔδωκε
632 2525 793 2580 πέντε
825 2524 1082 2578 τάλαντα.
1114 2542 1133 2573 ι
1171 2522 1277 2575 Τοῦ
1310 2521 1366 2574 δὲ
1397 2520 1472 2591 μὴ
1519 2520 1692 2583 οὕτως
1740 2519 1986 2589 ἔχοντος,

411 2619 567 2670 νοοῖτ’
602 2615 668 2669 ἂν
700 2618 728 2669 6
754 2615 937 2668 πέντε.
978 2614 1088 2668 Καὶ
1116 2612 1247 2683 γὰρ,
1281 2612 1356 2675 ὡς
1387 2613 1544 2682 ἔφην,
1573 2612 1629 2664 ἐν
1660 2610 1850 2681 ἡμίσει
1882 2611 1991 2665 τῶν

409 2707 564 2760 δέκα.
603 2706 675 2758 Ἢ
725 2705 821 2758 καὶ
867 2702 989 2757 καθ’
1035 2703 1220 2772 ἕτερον
1268 2700 1469 2771 τρόπον
1513 2700 1628 2761 τοῖς
1678 2697 1989 2770 εἰρημένοις

410 2797 761 2869 προσϐαλεῖς.
804 2796 861 2849 Ὀ
892 2796 1025 2849 δέκα
1051 2794 1145 2848 καὶ
1180 2792 1342 2846 πέντε
1380 2789 1613 2862 ἀριθμὸς
1643 2788 1988 2859 περιεκτικός

413 2892 529 2943 ἐστι
558 2890 663 2943 τῶν
693 2874 852 2952 ἑπτά,
906 2888 1000 2941 καὶ
1038 2887 1221 2957 μέντοι
1262 2886 1359 2939 καὶ
1411 2883 1520 2936 τῶν
1569 2882 1732 2937 ὀκτώ.
1779 2880 1987 2951 Σῆμα-ί-

410 2997 560 3034 νεται
592 2980 649 3033 δέ
680 2997 797 3042 πως
841 2979 926 3031 ἀεὶ
973 2978 1126 3048 παρὰ
1170 2979 1236 3047 τῇ
1279 2973 1620 3044 θεοπνεύστῳ
1654 2973 1865 3044 Γραφῇ,
1897 2971 1988 3024 διὰ

412 3072 512 3143 μὲν
540 3071 635 3124 τοῦ
664 3071 802 3123 ἑπτὰ
836 3069 1058 3139 σύμπας
1090 3070 1120 3122 6
1149 3068 1243 3121 τοῦ
1274 3068 1437 3132 νόμου
1466 3065 1655 3135 καιρὸς
1690 3062 1849 3133 μέχρι
1876 3062 1986 3117 τῶν

411 3163 583 3232 ἁγίων
616 3160 935 3233 προφητῶν,
959 3159 1046 3213 διὰ
1092 3160 1184 3212 τὸν
1232 3160 1288 3211 ἐν
1318 3157 1519 3227 ἐϐδόμῃ
1565 3154 1946 3223 Σαϐϐατισμόν
1968 3169 1980 3181 ’

411 3217 505 3308 ετὲι
532 3253 590 3306 δὲ
621 3217 715 3306 τοῦ
738 3217 900 3303 ’ὀκτὼ
921 3217 1097 3301 ’πάλιν
1123 3250 1151 3301 6
1172 3250 1271 3317 τῆς
1298 3246 1422 3308 νέας
1444 3217 1734 3313 δίαθήκης,
1767 3217 1890 3294 καδ’
1916 3241 1984 3309 ἣν
2011 3217 2058 3280 c

410 3347 763 3418 ὴλὰνάστασις
790 3342 884 3396 τοῦ
909 3341 1115 3412 Κυρίου
1145 3338 1300 3411 ἡμῶν
1339 3335 1515 3409 Ἰησοῦ
1540 3334 1802 3406 Χριστοῦ,
1829 3349 1982 3402 γενο-

398 3437 548 3507 μένη
582 3434 726 3489 κατὰ
777 3435 877 3505 τὴν
928 3432 1143 3502 ὀγδόην.
1172 3430 1284 3483 Καὶ
1323 3428 1481 3481 τοῦτο
1522 3422 1673 3498 οἶμαι
1701 3425 1893 3496 δηλοῦν
1922 3424 1984 3478 τὸ

410 3526 826 3597 αἰνιγματωδῶς
848 3526 969 3597 είρη
980 3525 1159 3593 μένον·
1184 3542 1202 3573 ι
1225 3522 1324 3585 Δὸς
1356 3521 1549 3591 μερίδα
1572 3522 1683 3582 τοῖς
1712 3517 1870 3581 ἐπτὰ,
1888 3517 1982 3569 καί

410 3637 475 3689 γε
510 3621 623 3682 τοῖς
650 3617 810 3681 ὀκτὼ,
834 3637 854 3670 ι
892 3618 1136 3671 τουτέστι
1178 3614 1342 3667 τόπον
1381 3612 1655 3682 ἐχέτωσαν
1700 3609 1850 3679 παρὰ
1899 3609 1983 3661 σοι

410 3712 573 3783 νόμος
602 3728 660 3764 τε
716 3711 808 3763 καὶ
835 3710 883 3762 οἱ
913 3708 1029 3779 μετ’
1060 3706 1222 3760 αὑτὸν
1257 3705 1554 3775 προφῆται,
1581 3702 1671 3755 τὸν
1694 3704 1750 3755 ἐν
1779 3700 1979 3771 ἐϐδόμῃ

410 3801 675 3871 τιμῶντες
713 3798 1114 3868 Σαϐϐατισμόν.
1157 3795 1462 3866 Ἐχέτωσαν
1492 3794 1551 3847 δὲ
1593 3794 1685 3846 καὶ
1721 3794 1769 3844 oi
1814 3790 1976 3853 ὀκτὼ,

405 3896 717 3960 τουτέστιν,
762 3895 816 3947 οί
866 3891 1005 3961 μετὰ
1050 3891 1149 3961 τὴν
1186 3887 1557 3956 ἀναστάσιμον
1596 3884 1693 3938 τοῦ
1726 3884 1977 3954 Σωτῆρος

406 3986 627 4058 ἡμέραν
676 3983 966 4043 ἁπόστολοί
1002 4000 1067 4035 τε
1112 3982 1205 4035 καὶ
1250 3976 1653 4047 εύαγγελισταί.
1686 3974 1978 4045 Συμϐαξνει

403 4078 463 4132 δέ
505 4077 661 4131 τοῦτο
700 4076 886 4129 καὶτὸ
927 4076 1015 4128 διὰ
1066 4076 1249 4144 φωνῆς
1276 4071 1370 4124 τοῦ
1404 4071 1684 4141 προφήτου
1736 4066 1979 4133 πλαγίως

407 4169 860 4241 ύποδηλούμενοψ
902 4186 921 4218 ι
959 4166 1071 4219 Καὶ
1105 4164 1492 4235 ἐγερθήσονται
1520 4160 1605 4214 ἐπ’
1643 4158 1806 4213 αὐτὸν
1839 4158 1977 4212 ἑπτὰ

406 4260 682 4331 ποιμένες,
718 4261 814 4312 καὶ
850 4258 995 4311 ὀκτὼ
1014 4257 1267 4327 δήγματα
1290 4254 1614 4325 ἀνθρώπων.
1644 4272 1663 4304 ι
1708 4250 1975 4322 Ἐπιλάμ-

405 4349 605 4419 ψαντος
632 4349 741 4418 γὰρ
774 4350 905 4418 ἡμῖν
935 4346 1030 4399 τοῦ
1064 4346 1316 4416 Σωτῆρος
1342 4343 1497 4414 ἡμῶν
1526 4342 1699 4413 Ἰησοῦ
1717 4341 1974 4411 Χριστοῦ,

407 4439 875 4508 κατεξανέστησαν
902 4437 1102 4507 τρόπον
1127 4436 1250 4488 τινὰ
1269 4432 1798 4504 τοῦιπαραλύσαντος
1828 4433 1977 4501 ἡμᾶς

402 4530 620 4582 Σατανᾶ
650 4528 849 4598 νομικά
876 4544 936 4580 τε
970 4526 1064 4579 καὶ
1120 4525 1434 4597 προφητικὰ
1466 4522 1825 4620 κηρύγματα,
1830 4556 1835 4561 -
1845 4524 1976 4620 άπο-
2006 4565 2051 4620 D

406 4620 626 4691 στολική
664 4637 724 4673 τε
762 4618 1065 4683 παίδευσις.
1094 4615 1195 4669 Διὰ
1214 4616 1322 4687 γάρ
1337 4633 1419 4669 τοι
1440 4615 1647 4668 τούτων
1668 4613 1969 4684 κατεδήχθη

400 4714 604 4783 τρόπον
643 4711 766 4765 τινὰ
799 4711 893 4763 καὶ
930 4708 1244 4778 σεσύληται.
1279 4709 1389 4761 Καὶ
1421 4707 1562 4761 κατὰ
1586 4706 1686 4776 τὴν
1723 4704 1820 4761 τοῦ
1863 4706 1975 4759 Σω-

402 4805 561 4876 τῆρος
596 4802 779 4874 φωνὴν
827 4801 1137 4872 διηρπάσθη
1176 4800 1247 4855 τὰ
1293 4798 1462 4870 σκεύη
1494 4798 1688 4862 αὑτοῦ,
1733 4799 1835 4869 τῆς
1864 4799 1973 4851 νει-π’

401 4896 551 4967 αὐτῷ
595 4894 835 4957 δουλείας
872 4892 1348 4961 ἐκπεφοιτηκότων
1396 4890 1504 4943 τῶν
1541 4890 1975 4963 πεπλανημένων

402 4987 553 5050 ποτὲ,
567 4986 658 5039 καὶ
681 4986 771 5038 τὸν
786 4984 945 5055 φύσει
963 4984 1058 5038 καὶ
1083 4982 1299 5053 ἀληθῶς
1320 4981 1473 5047 Θεὸν,
1499 4981 1715 5036 καὶτῶν
1734 4981 1869 5035 ὅλων
1883 4983 1971 5036 δε-

403 5076 607 5147 σπότην
626 5075 1033 5144 ἐπεγνωκότων.
1054 5073 1263 5129 Οὐκοῦν
1279 5091 1298 5124 ι
1323 5074 1695 5143 ἐπανέστησαν
1715 5072 1810 5143 μὲν
1823 5072 1971 5143 αὐτῷ

401 5170 657 5238 ποιμένες
686 5167 957 5230 ἐπτὰ,κα“ι
987 5166 1131 5220 ὀκτὼ
1159 5167 1411 5235 δήγματα
1428 5165 1748 5236 ἀνθρώπων,
1775 5185 1793 5217 ι
1817 5183 1972 5218 τουτο

400 5259 568 5325 ἐστιν,
586 5260 637 5313 οἱ
664 5259 768 5331 πρὸ
804 5259 900 5330 τῆς
936 5258 1244 5329 ἐπιδημίας,
1274 5258 1368 5309 καὶ
1403 5258 1454 5308 οἱ
1476 5255 1614 5326 μετὰ
1632 5256 1731 5325 τὴν
1756 5255 1968 5325 ὀγδόην,

398 5350 487 5405 διὰ
513 5350 753 5422 νομικῶν
786 5367 845 5402 τε
890 5350 985 5404 καὶ
1013 5351 1147 5403 νέων
1179 5348 1526 5421 γραμμάτων
1570 5346 1861 5411 καλοῦντες
1889 5350 1971 5412 εἰς

470 5549 515 5579 ⁶¹
556 5548 653 5603 Isa.
688 5564 729 5611 t,
759 5547 850 5604 2‘2.
928 5547 973 5577 ⁸³
1000 5545 1189 5598 Matth.
1215 5559 1344 5614 xxv,
1375 5542 1466 5595 ‘27.
1544 5541 1590 5614 εξ
1620 5541 1749 5595 Luc.
1795 5559 1905 5609 xu,
1948 5545 1987 5598 1¹

2111 5546 2159 5579 ⁸³
2194 5546 2385 5601 Matth.
2429 5564 2554 5614 xxv,
2598 5549 2679 5602 13.

397 5633 478 5682 ιι,
510 5618 564 5673 2.
640 5618 686 5650 ⁵⁸
719 5618 881 5673 Mich.
919 5633 970 5680 ι’,
1004 5616 1057 5669 5.
1132 5616 1175 5646 θ’
1210 5612 1399 5667 Matth.
1438 5628 1533 5676 xtl,
1565 5612 1649 5665 ΞΕ).

2094 1967 2336 2035 quidem,
2370 1969 2414 2024 si
2458 1962 2808 2038 spiritualiter
2855 1972 3185 2043 intelligatur
3214 1976 3472 2046 (loquitur
3518 1981 3663 2038 enim

2096 2057 2248 2112 nobis
2264 2057 2462 2114 Christi
2494 2062 2850 2133 mysterium);
2875 2064 3270 2134 imperfecta,si
3304 2085 3457 2126 mens
3478 2084 3663 2127 eorum

2094 2150 2183 2219 qui
2218 2165 2279 2204 ea
2327 2151 2707 2217 instituuntur,
2733 2154 2871 2208 ultra
2953 2156 3189 2211 litteram
3224 2174 3331 2214 non
3367 2163 3663 2230 procedat;

2093 2242 2402 2297 velutenim
2441 2244 2721 2300 dimidium
2752 2248 3079 2315 cognitionis
3112 2250 3355 2307 historiae
3383 2255 3664 2312 crassities

2090 2334 2318 2389 obtinet.
2362 2333 2672 2406 Symbolum
2703 2354 2868 2407 porro
2896 2340 3242 2409 perfectionis
3271 2343 3527 2403 denarius
3578 2359 3665 2402 est

2094 2438 2370 2488 numerus,
2404 2425 2561 2495 longe
2600 2427 3046 2495 perfectissimus,
3083 2429 3238 2495 juxta
3272 2432 3444 2487 illud:
3485 2453 3505 2487 ι
3537 2436 3663 2492 Esto

2091 2529 2254 2583 super
2284 2515 2469 2570 decem
2497 2518 2744 2572 civitates
2761 2518 2862 2585 θεν
2893 2528 2948 2573 et
2980 2520 3107 2576 illud
3135 2542 3148 2577 :
3189 2524 3287 2579 «Et
3320 2526 3410 2580 alii
3443 2529 3659 2597 quidem

2089 2605 2235 2658 dedit
2263 2607 2499 2677 quinque
2524 2608 2724 2664 talenta
2755 2611 2835 2677 ⁶⁸;
2864 2629 2884 2663 ι
2927 2611 3014 2665 ubi
3052 2627 3150 2682 per
3173 2616 3479 2683 quinarium
3518 2621 3660 2690 quod

2088 2708 2262 2762 secus,
2298 2711 2391 2751 seu
2443 2698 2820 2769 imperfectum
2846 2712 2940 2757 est
2975 2703 3276 2774 intelligere
3319 2706 3465 2763 licet.
3500 2708 3656 2776 Nam,

2088 2796 2146 2839 ut
2174 2787 2440 2855 dicebam,
2473 2789 2750 2845 dimidium
2782 2791 2965 2847 decem
2983 2804 3110 2848 sunt
3133 2796 3401 2865 quinque;
3436 2808 3528 2854 aut
3554 2799 3660 2855 alio

2088 2879 2246 2931 modo
2278 2879 2788 2950 dictaexplanabis.
2832 2883 3149 2949 Quindecim
3179 2902 3436 2944 numerus
3458 2900 3545 2946 est
3572 2907 3659 2946 se-

2088 2981 2229 3037 ptem
2255 2983 2310 3024 et
2325 2981 2447 3027 octo
2470 2975 2773 3029 continens.
2796 2975 3140 3044 Signiﬁcatur
3161 2989 3338 3034 autem
3362 2996 3499 3050 pene
3518 2998 3662 3039 sem-

2087 3077 2182 3132 per
2218 3063 2268 3116 in
2300 3064 2478 3123 divina
2500 3065 2778 3136 Scriptura
2808 3082 2904 3137 per
2924 3077 3129 3138 septem
3162 3079 3332 3126 totum
3364 3072 3500 3143 legis
3523 3082 3659 3131 tem-

2087 3168 2205 3221 pus,
2243 3169 2415 3223 usque
2434 3155 2503 3209 ad
2528 3168 2746 3212 sanctos
2788 3160 3106 3229 prophetas,
3136 3172 3361 3231 propter
3394 3162 3655 3219 Sabbati-

2087 3259 2379 3311 smum,seu
2406 3248 2644 3317 quietem
2679 3251 2764 3304 die
2785 3252 3016 3320 septima
3038 3252 3105 3307 “.
3157 3252 3381 3319 Contra,
3411 3269 3508 3323 per
3533 3265 3657 3312 octo

2084 3334 2167 3389 lex
2204 3339 2322 3390 novi
2361 3341 2691 3403 testamenti,
2714 3341 2768 3394 in
2803 3357 2910 3411 quo
2935 3344 3262 3399 resurrectio
3312 3345 3525 3401 Domini
3560 3362 3657 3401 nn-

2082 3428 2178 3481 stri
2200 3426 2327 3481 Jesu
2358 3428 2559 3485 Christi
2585 3431 2672 3486 die
2695 3442 2885 3487 octavo
2912 3433 3152 3503 contigit.
3176 3434 3354 3505 Atque
3385 3436 3486 3492 hoc
3523 3439 3655 3494 mihi

2083 3519 2296 3572 videtur
2322 3520 2478 3584 velle,
2504 3521 2644 3589 quod
2672 3522 2963 3579 involutius
2994 3524 3345 3582 dictumest:
3377 3546 3396 3579 ι
3430 3528 3503 3583 Da
3536 3545 3657 3598 par-

2086 3618 2190 3664 tem
2222 3621 2425 3679 septem
2453 3622 2509 3666 et
2535 3622 2667 3668 octo
2686 3614 2753 3679 ⁸⁷,
2781 3633 2800 3666 ι
2834 3615 2935 3669 hoc
2959 3626 3063 3681 est,
3095 3615 3269 3671 locum
3295 3620 3437 3688 apud
3475 3630 3527 3675 te
3560 3622 3654 3676 ha-

2083 3702 2245 3755 heant
2278 3713 2332 3755 et
2383 3703 2489 3765 lex,
2517 3713 2572 3757 et
2594 3705 2686 3773 qui
2731 3716 2852 3781 post
2895 3720 3014 3759 eam
3057 3718 3323 3763 venerunt
3355 3711 3651 3778 propheta},

2082 3793 2290 3862 septimi
2320 3795 2423 3849 diei
2461 3793 2857 3849 Sabbatismum
2887 3796 3236 3854 honorantes.
3286 3798 3534 3856 Habeant
3560 3817 3655 3857 ευρ

2083 3892 2188 3937 tem
2215 3894 2423 3954 partem
2448 3895 2500 3938 et
2525 3896 2668 3952 octo,
2696 3888 2785 3957 qui
2810 3898 2934 3957 post
2957 3890 3403 3944 resurrectionem
3429 3894 3653 3954 exstite-

2082 3983 2205 4026 runt
2230 3975 2456 4043 apostoli
2474 3985 2537 4031 et
2564 3976 2927 4045 evangelista)“
2961 3976 3077 4031 llue
3107 3979 3270 4033 etiam
3316 3980 3448 4036 illud
3485 3983 3651 4049 perti-

2080 4076 2193 4128 net,
2246 4067 2384 4132 quod
2420 4082 2514 4135 per
2558 4082 2621 4121 os
2663 4069 2936 4137 propheta:
2979 4070 3245 4125 occultius
3285 4072 3649 4142 signiﬁcatum

2079 4166 2188 4210 est:
2226 4176 2244 4208 ι
2267 4157 2333 4210 Ει
2365 4170 2693 4229 consurgent
2716 4175 2874 4227 super
2903 4176 3025 4214 eum
3066 4171 3273 4231 septem
3300 4174 3564 4232 pastores,
3596 4175 3653 4221 et

2078 4261 2201 4304 octo
2226 4266 2436 4305 morsus
2461 4253 2735 4306 hominum
2768 4253 2838 4308 ⁸⁸.
2869 4272 2887 4305 ι
2918 4253 3205 4322 Postquam
3232 4256 3374 4310 enim
3404 4258 3560 4312 nobis
3582 4259 3648 4311 il-

2080 4342 2214 4396 luxit
2266 4340 2512 4398 Salvator
2549 4354 2734 4399 noster
2776 4344 2935 4400 Jesus
2976 4346 3244 4410 Christus,
3278 4358 3466 4404 contra
3493 4348 3650 4405 Sata-

2078 4452 2226 4497 nam,
2249 4438 2338 4504 qui
2377 4452 2473 4491 nos
2499 4447 2878 4499 enervaverat,
2905 4440 3174 4505 praeconia
3215 4454 3311 4495 seu
3341 4441 3481 4496 dicta
3512 4442 3650 4512 lega-

2079 4527 2296 4598 lia,61
2326 4538 2380 4581 et
2402 4528 2737 4596 praphetica,
2773 4529 3157 4598 institutioque
3205 4532 3502 4600 apostolica
3549 4535 3653 4587 alie

2077 4632 2186 4687 quo
2205 4616 2363 4673 modo
2389 4618 2819 4677 insurrexerunt.
2840 4617 2945 4672 Per
2970 4620 3089 4673 haec
3108 4620 3252 4674 enim
3280 4636 3495 4677 morsus
3518 4639 3650 4693 qua-

2076 4710 2199 4764 dam
2242 4708 2453 4771 ratione
2476 4708 2828 4778 .etspeliatus
2854 4719 2959 4774 est,
2987 4720 3042 4764 et
3060 4708 3213 4778 juxta
3236 4726 3424 4768 vocem
3444 4713 3650 4769 Salva-

2078 4800 2211 4855 toris
2236 4799 2445 4868 direpta
2481 4814 2609 4854 vasa
2648 4799 2769 4870 ejus
2795 4800 2860 4866 ⁸⁸,
2887 4815 3008 4855 cum
3033 4802 3239 4857 seducti
3270 4804 3396 4858 olim
3419 4818 3452 4859 e
3479 4806 3651 4861 servi-

2080 4897 2192 4944 tute
2239 4888 2355 4957 ejus
2412 4888 2582 4958 elapsi
2611 4902 2760 4957 sunt,
2793 4900 3101 4960 naturaque.
3122 4902 3177 4948 et
3206 4908 3349 4947 .vere
3366 4893 3560 4957 Deum,
3595 4905 3649 4946 et

2077 4980 2450 5035 universorum
2496 4981 2779 5035 Dominmn
2817 4991 3173 5047 agnoverunt.
3200 4983 3378 5048 Quare
3420 5002 3439 5034 ι
3468 4983 3646 5036 insur-

2075 5080 2330 5125 rexerunt
2375 5072 2425 5125 in
2468 5071 2616 5125 illum
2644 5083 3231 5142 pastores‘septemmt
3258 5084 3380 5129 octo
3431 5089 3646 5129 morsus

2074 5164 2374 5231 hominum,
2402 5184 2420 5216 ι
2440 5164 2540 5219 hoc
2563 5174 2665 5231 est,
2698 5167 2789 5234 qui
2828 5175 2953 5221 ante
2984 5170 3295 5231 adventum,
3322 5174 3376 5219 et
3408 5165 3497 5233 qui
3524 5176 3648 5234 post

2073 5258 2579 5324 octavam'fucrunt,
2621 5274 2715 5327 per
2736 5258 2942 5326 legales
2967 5268 3020 5313 et
3054 5274 3231 5317 novas.
3246 5258 3552 5325 scripturas
3575 5261 3641 5311 ad

2074 5350 2302 5404 salutem
2331 5359 2591 5405 vocantes
2617 5351 2707 5420 qui
2738 5359 3078 5405 erraverunt.
3104 5349 3330 5409 .Aﬂixus
3359 5364 3488 5418 ergo
3530 5364 3643 5403 ma-

2754 5549 2799 5579 “
2838 5548 3007 5603 Exue.
3050 5564 3159 5613 xw,
3188 5549 3292 5601 .26.
3370 5545 3414 5579 "
3452 5545 3631 5601 Eccle.

468 5798 547 5870 (1)
577 5794 665 5850 Sic
696 5810 793 5866 pro
831 5794 975 5846 edito
1011 5790 1423 5863 πραοπρεπέσιν
1451 5791 1829 5860 corrigendum
1860 5805 1987 5844 mon

2086 5786 2364 5843 Iotclcrius
2394 5786 2628 5841 Monum.
2669 5783 2812 5842 Eccl.
2844 5785 2937 5842 Cr.
2971 5785 3035 5854 li,
3068 5786 3189 5843 654.
3222 5788 3381 5844 Eutr.

717 5888 989 5949 PA'rnOL.
1028 5884 1155 5963 lin.
1205 5882 1420 5945 LXXI.

3286 5876 3323 5938 4
