4046 6376
453 389 556 448 107

1441 369 1505 424 S.
1546 361 1821 422 CYRILLI
1865 357 2333 416 ALEXANDRINI
2372 353 2697 413 ARCHIEP.

3602 345 3708 405 105

454 508 617 561 nebat
643 497 892 563 lsrael,ut
913 492 1331 558 docui,suorum
1362 488 1743 558 magistrorum
1770 479 2029 538 adulteri-

2150 477 2407 550 ιωτηρίαν
2439 477 2566 540 τοὺς
2627 471 3098 544 πεπλανημένους.
3133 467 3480 524 Διατετέλεκε
3528 465 3707 518 τοίνυν

454 595 541 650 nis
581 591 956 653 vocibus;scu
987 583 1128 638 nuda
1169 582 1349 636 littera
1396 577 1744 648 pascebatur,
1775 570 2029 641 quamvis

453 694 508 741 et
537 683 625 738 illa
672 694 793 753 qua:
838 686 1046 734 octavae
1087 682 1233 739 sunt,
1266 673 1369 726 hoc
1395 677 1499 733 est,
1520 664 1725 722 Christi
1772 659 2029 733 mysteria

453 751 924 847 complecteretur.
950 765 1102 836 Quod
1136 773 1318 819 autem
1345 761 1516 829 egerit
1548 757 1710 811 vitam
1738 751 2028 826 pecudum,

453 879 504 924 et
550 867 616 922 ad
642 862 883 919 carnalia
938 859 1116 915 solum
1158 850 1510 926 propenderit
1536 890 1552 916 ,
1595 842 2033 903 commodissime

454 954 836 1018 subindicavit,
884 951 1027 1022 quod
1055 948 1236 1002 datum
1265 951 1350 999 est
1381 942 1643 997 hordeum
1683 934 1936 990 adulterae
1964 931 2029 986 ad

457 1046 790 1104 alimoniam.
833 1043 929 1098 Est
957 1040 1103 1096 enim
1147 1037 1299 1093 cibus
1328 1029 1625 1103 pecudibus
1661 1025 2027 1089 conveniens;

456 1138 737 1197 ebrietatis
767 1135 962 1192 deinde
1007 1139 1133 1187 nota
1179 1129 1360 1182 vinum
1395 1137 1517 1179 esse
1559 1117 1781 1190 poterit.
1819 1115 2030 1170 Dictum

457 1242 540 1289 est
573 1240 752 1287 autem
784 1230 850 1284 ad
877 1240 1007 1283 eos:
1039 1241 1058 1275 ι
1083 1221 1282 1276 Auditu
1311 1215 1562 1276 audietis.
1605 1221 1660 1267 et
1689 1224 1794 1265 non
1837 1204 2034 1262 intelli-

458 1327 618 1397 getis,
649 1332 704 1377 et
724 1321 971 1375 videntes
1003 1313 1278 1375 videbitis,
1303 1319 1355 1365 et
1380 1323 1487 1362 non
1513 1303 1767 1360 videbitis
1793 1300 1864 1366 "°,
1894 1316 1914 1350 ι
1941 1298 2032 1369 qui

461 1393 588 1474 sunt
617 1412 789 1470 morbi
807 1410 1145 1466 ebriosorum
1180 1413 1235 1460 et
1265 1397 1660 1470 crapulantium
1689 1393 1914 1456 vitia,ut
1943 1403 2035 1442 ne-

460 1524 567 1580 que
613 1506 831 1561 videant
882 1500 1147 1560 videntes,
1182 1506 1358 1562 neque
1406 1488 1690 1544 audientes
1742 1483 2034 1553 quidquam

461 1598 670 1671 possint
694 1593 1034 1663 intelligere;
1074 1586 1168 1642 sed
1205 1590 1436 1638 mentem
1487 1577 1634 1633 velut
1679 1574 2036 1630 incrassatam

461 1701 516 1747 et
537 1686 798 1747 caecitatis
829 1683 1043 1754 plenam
1075 1676 1333 1732 habeant.

2130 572 2159 625 ὁ
2198 571 2436 643 Ἰσραὴλ,
2481 569 2557 632 ὡς
2595 567 2752 637 ἔφην,
2783 567 2902 628 ταῖς
2937 563 3214 633 ἀδοκίμοις
3246 560 3355 613 τῶν
3389 559 3535 612 ἰδίων
3564 556 3711 610 διδα-

2131 664 2346 719 σκάλων
2390 663 2615 732 φωναῖς,
2656 660 2774 731 ήτοι
2805 655 2947 727 ψιλῷ
2993 656 3070 726 τῷ
3118 652 3331 724 νομικῷ
3373 649 3710 721 τρεφόμενος

2130 758 2450 827 γράμματι,
2516 751 2692 806 καίτοι
2769 749 3074 820 περιέχοντι
3149 745 3244 798 καὶ
3302 742 3372 796 τὰ
3442 742 3540 810 τῆς
3611 739 3708 807 ὁγ-

2131 1029 2472 1083 διανένευκεν
2501 1064 2517 1090 ,
2573 1023 2898 1093 ὑποφήνειεν
2949 1017 3015 1072 ἂν
3061 1013 3120 1072 εὖ
3178 1016 3363 1085 μάλα,
3411 1013 3475 1066 τὸ
3516 1009 3711 1082 κριθὴν

2132 1119 2463 1187 δεδόσθαιτῇ
2518 1114 2787 1188 μοιχαλίδι
2840 1110 2978 1181 πρὸς
3027 1108 3263 1179 τροφήν.
3320 1101 3712 1174 Κτηνοπρεπὲς

2133 1214 2242 1285 γὰρ
2275 1212 2336 1266 τὸ
2366 1211 2590 1279 ἔδεσμα,
2628 1205 2798 1279 μέθης
2826 1203 2871 1257 δ’
2891 1202 2957 1257 ἂν
2981 1202 3193 1270 γένοιτ)
3222 1200 3464 1270 σημεῖον.
3484 1197 3713 1265 Εἴρηται

2133 1305 2190 1359 δὲ
2223 1303 2360 1375 πρὸς
2391 1299 2612 1363 αὐτούς·
2651 1318 2670 1351 ι
2708 1298 2871 1367 Ἀκοῇ
2903 1295 3200 1354 ἀκούσετε,
3234 1290 3332 1344 καὶ
3381 1290 3441 1342 οὐ
3475 1287 3551 1358 μὴ
3596 1302 3714 1338 συν-

2134 1397 2232 1467 ῆτε
2252 1410 2266 1423 ·
2303 1393 2398 1447 καὶ
2416 1392 2703 1463 βλέποντες
2725 1387 2973 1459 βλέψετε,
2994 1386 3088 1440 καὶ
3107 1385 3168 1438 οὐ
3201 1384 3275 1454 μὴ
3309 1382 3476 1450 ἴδητε.
3492 1399 3509 1430 ι
3527 1376 3714 1430 Ταῦτα.

2134 1485 2192 1540 δέ
2215 1488 2332 1539 ἐστι
2365 1482 2671 1554 μεθυόντων
2701 1478 2874 1547 πάθη,
2904 1477 3000 1530 καὶ
3041 1471 3489 1545 κραιπαλώντων
3522 1467 3718 1537 ἐγκλή-

2139 1594 2306 1648 ματα,
2339 1575 2402 1628 τὸ
2439 1575 2574 1645 μήτε
2609 1573 2742 1644 ὁρᾷν
2776 1569 3042 1642 ὁρῶντας,
3090 1567 3228 1638 μήτε
3263 1561 3558 1622 ἀκούοντας
3585 1573 3714 1610 συν-

2139 1667 2274 1722 ιέναι
2303 1665 2562 1720 δύνασθαί
2593 1681 2678 1718 τι·
2721 1661 3118 1732 πεπαχυμὲνην
3149 1656 3206 1709 δὲ
3247 1655 3458 1724 ὥσπερ,
3487 1651 3580 1705 καὶ
3611 1667 3720 1703 πωο

2139 1759 2360 1833 ρώσεως
2389 1775 2454 1829 με
2464 1754 2824 1826 μεστωμένην
2847 1753 2944 1823 τὴν
2976 1751 3213 1804 διάνοιαν
3235 1747 3396 1817 ἔχειν.

531 1868 700 1925 Vsus.
735 1864 848 1931 4,5.
886 1861 1026 1927 Quia
1071 1857 1252 1911 diebus
1300 1851 1480 1906 multis
1518 1845 1766 1903 sedebant
1809 1840 1908 1910 ﬁlii
1941 1837 2032 1894 Is—

2208 1849 2362 1903 Διότι
2394 1846 2614 1916 ἡμέρας
2653 1843 2892 1909 πολλὰς
2937 1839 3306 1907 καθήσω-ται
3355 1838 3410 1889 οἱ
3441 1833 3556 1889 viai.
3600 1834 3719 1887 Ἰσ-

465 1965 577 2019 mel
605 2004 622 2029 ,
670 1976 774 2014 non
813 1958 1099 2010 exsistente
1159 1963 1298 2017 rege,
1344 1959 1506 2014 neque
1561 1937 1797 2010 principe
1870 1947 2033 2003 neque

2150 1937 2314 2006 οαὴλ,
2346 1939 2459 1991 οὐκ
2482 1935 2655 2002 ὄντος
2669 1931 3000 1999 βασιλέως,
3035 1929 3177 1986 οὐδὲ
3208 1929 3383 1994 ὄντος
3406 1925 3715 1995 ἄρχοντος,

465 2055 750 2112 exsistante
783 2045 1067 2114 sacriﬁcio,
1111 2056 1274 2110 neque
1303 2036 1577 2090 exsistenle
1615 2029 1774 2084 altari
1806 2065 1822 2092 ,
1873 2039 2036 2095 neque

467 2142 786 2207 sacerdotio,
825 2152 984 2207 neque
1013 2129 1330 2201 manifestis.
1355 2124 1424 2178 Et
1450 2132 1564 2193 post
1591 2119 1700 2174 licet:
1719 2122 2039 2171 revertentur

468 2231 795 2309 ﬁlii-Israel,
829 2238 877 2284 et
911 2233 1143 2297 quarent
1201 2219 1488 2274 Dominum
1540 2212 1707 2266 Deum
1762 2222 1942 2269 suum,
1986 2217 2037 2258 et

472 2293 642 2384 David
677 2293 849 2394 regem
902 2293 1076 2382 suum,
1111 2320 1158 2367 et
1190 2308 1468 2377 stupebant
1493 2304 1550 2357 in
1606 2300 1856 2361 Domino,
1893 2303 1940 2348 et
1981 2293 2039 2346 in

470 2419 617 2474 bonis
651 2414 764 2485 ejus
795 2411 852 2464 in
877 2405 1155 2462 novissimo
1183 2400 1410 2454 dierum.

542 2589 785 2648 XXXIV.
811 2588 1012 2659 Aperta
1057 2579 1387 2645 minimeque
1417 2569 1576 2628 dubia
1602 2565 1870 2637 sequitur,
1893 2569 1953 2614 ut
1987 2559 2042 2614 in

472 2689 585 2752 his,
620 2654 918 2740 declaratio
935 2670 1323 2743 assumptionis
1348 2663 1610 2721 adulterae
1637 2654 2044 2722 mansionisque

472 2746 620 2835 donni
668 2774 860 2828 diebus
922 2766 1142 2828 multis,
1191 2762 1366 2816 donec
1407 2753 1676 2826 propheta
1738 2746 1877 2816 apud
1921 2756 2043 2798 eam

474 2875 641 2936 esset.
672 2863 950 2933 Scriptum
970 2867 1054 2912 est
1080 2854 1296 2927 quidem
1329 2850 1402 2904 ita
1430 2863 1446 2912 ;
1477 2849 1570 2900 sed
1592 2843 1734 2912 quod
1761 2838 2042 2909 agebatur,

477 2925 775 3018 delineatio
801 2925 922 3007 -seu
959 2925 1302 3003 adumbratio
1331 2937 1576 3009 quaedam
1603 2939 1722 2988 erat.
1740 2930 1877 2998 ejus,
1903 2925 2047 2996 quod

478 3049 750 3108 adulterio
782 3042 1098 3100 deformata;
1126 3034 1434 3091 Iudaeorum
1459 3028 1757 3100 Synagogm
1803 3021 2048 3090 aliquan-

478 3145 548 3199 do
621 3144 945 3195 eventurum
1003 3136 1144 3185 erat.
1209 3125 1572 3192 Posteaquam
1639 3117 1783 3172 enim
1836 3110 2048 3167 Domini

2136 2030 2280 2084 οὐδὲ
2333 2029 2526 2096 οὔσης
2571 2027 2812 2092 θυσίας,
2862 2023 3006 2078 οὐδὲ
3042 2022 3218 2086 ὄντος
3264 2016 3716 2083 θυσιαστηρίου,

2137 2123 2281 2176 οὐδὲ
2312 2121 2621 2190 ἱερατείας,
2646 2118 2789 2174 οὐδὲ
2826 2116 3048 2184 δήλων,
3074 2114 3172 2168 καὶ
3212 2111 3358 2183 μετὰ
3383 2110 3567 2164 ταῦτα
3595 2108 3721 2160 ἑπι-

2137 2214 2513 2282 στρέφουσιν
2545 2215 2596 2266 οἱ
2637 2211 2756 2265 υἱοὶ
2801 2207 3070 2276 Ἰσραὴλ,
3121 2204 3218 2258 καὶ
3251 2201 3722 2270 ἐπιζητήσουσιν

2139 2308 2356 2373 Κύριον
2378 2304 2485 2358 τὸν
2524 2302 2672 2357 Θεὸν
2711 2299 2931 2368 αὐτῶν,
2969 2299 3068 2353 καὶ
3104 2297 3283 2351 Δαϐίδ
3316 2296 3421 2350 τὸν
3455 2293 3724 2360 βασιλέα

2140 2395 2358 2458 αὐτῶν,
2402 2395 2500 2449 καὶ
2529 2391 2934 2462 ἐκστήσονται
2971 2389 3071 2444 ἐπὶ
3115 2388 3196 2455 τῷ
3236 2387 3432 2456 Κυρίῳ
3457 2427 3474 2451 ,
3497 2384 3595 2438 καί
3621 2384 3721 2436 ἐπὶ

2141 2485 2266 2554 τοῖς
2311 2484 2556 2556 ἀγαθοῖς
2596 2484 2783 2540 αὐτοῦ
2825 2484 2918 2537 ἐπ’
2968 2481 3247 2550 ἐσχάτων
3299 2477 3419 2532 τῶν
3464 2474 3720 2546 ἡμερῶν.

2212 2577 2334 2632 AA'.
2377 2578 2562 2648 Σαιρὴς
2621 2577 2714 2630 καὶ
2743 2573 3130 2644 ἀναμφιλόγως
3168 2570 3368 2640 ἔχουσα
3412 2566 3617 2631 λοιπὸν,
3647 2565 3724 2627 ὡς

2144 2669 2201 2724 ἐν
2220 2687 2285 2739 γε
2312 2665 2637 2742 δήτούτοις,
2663 2670 2696 2739 ή
2729 2665 2961 2736 δήλωσις
2976 2653 3069 2717 τοῧ
3091 2663 3191 2732 τὴν
3228 2657 3506 2733 μοιχαλίδα
3530 2674 3725 2726 παρει-

2143 2759 2367 2831 λῆφθαι,
2402 2759 2495 2812 καὶ
2527 2759 2662 2812 οἴκοι
2697 2756 2879 2828 μένειν
2917 2755 3129 2826 ἡμέρας
3159 2753 3380 2814 πολλὰς,
3410 2750 3570 2820 ἄχρις
3601 2746 3669 2801 ἂν
3698 2748 3729 2799 ὁ

2148 2849 2432 2921 προφήτης
2478 2847 2562 2899 ἐπ’
2602 2847 2741 2915 αὐτῇ
2792 2845 3018 2914 γένοιτο.
3056 2843 3369 2913 Γέγραπται
3429 2839 3538 2908 γὰρ
3586 2837 3682 2889 ὡδί
3709 2853 3723 2866 ’

2148 2938 2496 3000 ὑποτύπωσις
2546 2937 2602 2990 δὲ
2652 2936 2714 2988 τὸ
2765 2934 3042 3006 δρώμενον
3078 2927 3146 3002 ἦν
3187 2930 3282 2984 τοῦ
3318 2929 3462 2983 κατὰ
3505 2927 3729 2998 καιροὺς

2150 3027 2414 3102 ὑπάρξειν
2453 3028 2735 3099 μέλλοντος
2769 3030 2834 3098 τῇ
2878 3022 3286 3096 μεμοιχευμένῃ
3314 3021 3423 3074 τῶν
3462 3019 3730 3073 Ἰουδαίων

2150 3122 2469 3191 Συναγωγῇ.
2533 3118 2748 3190 Ἐπειδὴ
2803 3118 2912 3190 γὰρ
2964 3114 3243 3185 ἐθελοντὴς
3298 3113 3388 3166 τὸν
3444 3111 3582 3182 ὑπὲρ
3629 3111 3730 3176 τῆς

480 3230 652 3287 nostri
691 3225 820 3282 Jesu
849 3217 1052 3278 Christi
1074 3223 1266 3285 sponte
1300 3226 1398 3269 sua
1423 3222 1643 3265 crucem
1679 3219 1778 3276 pro
1803 3200 2046 3260 omnium

2154 3213 2409 3266 ἁπάντων
2445 3211 2716 3282 σωτηρίας
2750 3207 3137 3280 ὑπομεμέινηκε
3177 3206 3408 3275 σταυρὸν
3450 3206 3478 3258 ὸ
3529 3201 3731 3272 Κύριος

476 3325 654 3380 salute
685 3313 934 3391 pertulit.
973 3306 1323 3367 debacchatis
1355 3305 1408 3358 in
1431 3302 1580 3355 illum
1603 3296 1891 3360 Israelitis,
1918 3301 2048 3347 tunc

480 3429 668 3474 eorum
685 3387 917 3481 regione
940 3403 1008 3458 ad
1029 3400 1338 3457 vastitatem
1369 3394 1614 3457 redacta,
1650 3388 1806 3459 quasi
1834 3387 1900 3440 ad
1932 3397 2052 3438 om-

482 3521 604 3563 nem
630 3478 888 3563 ventum,
945 3508 1039 3550 seu
1095 3489 1280 3545 mundi
1339 3484 1598 3555 angulum
1655 3478 2047 3551 profugerunt.

484 3598 668 3667 Usque
687 3591 847 3648 hodie
875 3597 1058 3643 autem
1086 3580 1248 3638 otiosi
1273 3586 1398 3634 sunt
1427 3575 1569 3646 quod
1601 3575 1668 3627 ad
1719 3572 1892 3640 legem
1929 3567 2056 3622 atti-

482 3660 624 3753 net-,
669 3684 1002 3740 inﬂammato
1047 3673 1265 3743 quidem
1308 3666 1508 3738 templo
1553 3660 2006 3733 Jerosolymitano
2036 3694 2052 3721 ,

483 3791 674 3836 everso
713 3771 893 3839 altari,
947 3766 1158 3823 sublato
1189 3758 1483 3820 sacriﬁcio,
1532 3764 1587 3809 et
1615 3759 1846 3808 vacante
1871 3761 2055 3804 sacer-

485 3868 654 3932 dotio,
688 3878 789 3919 nec
812 3837 1202 3932 apparentibus
1225 3849 1455 3918 amplius
1482 3841 1788 3900 manifestis
1809 3840 1880 3894 τι.
1912 3837 2047 3892 Nam
2071 3845 2080 3860 ‘

485 3975 611 4018 cum
640 3972 746 4014 non
785 3931 930 4010 esset
954 3961 1198 4006 summus
1240 3941 1495 3998 sacerdos
1521 3938 1632 4010 62
1669 3950 1769 4007 pro
1797 3931 2058 4004 dignitate

483 4046 806 4108 sacerdotali
837 4043 1133 4101 secundum
1177 4038 1349 4107 legem
1375 4033 1620 4089 vestibus
1647 4035 1893 4092 ornatus,
1923 4037 2059 4093 quo-

488 4139 648 4198 modo
671 4138 787 4206 jam
821 4130 1141 4189 manifestos
1192 4126 1378 4181 videre
1414 4119 1671 4176 licebat?
1720 4117 1823 4185 Qui
1876 4122 2058 4169 autem

485 4233 635 4304 δῆλοι
664 4224 888 4299 putandi
912 4224 1042 4284 sint,
1069 4219 1240 4283 novit,
1269 4216 1457 4281 credo,
1489 4211 1732 4268 discendi
1759 4207 2054 4268 studiosus;

487 4299 727 4380 breviter
756 4328 1048 4388 suggerere
1081 4327 1189 4367 non
1221 4308 1331 4364 erit
1377 4307 1476 4361 abs
1511 4319 1590 4359 re.
1618 4301 1848 4370 Quando
1878 4299 1946 4354 ad
1978 4311 2060 4351 sa-

486 4416 724 4472 cerdotis
749 4421 1002 4467 ornatum
1037 4402 1364 4478 pertinentia
1419 4399 1536 4454 ﬁeri
1589 4397 1737 4452 Deus
1779 4395 2062 4451 universo-

489 4523 609 4563 rum
630 4505 820 4578 jussit,
843 4510 1036 4559 sancto
1061 4496 1231 4566 Moysi
1258 4495 1390 4548 dicit
1419 4507 1434 4545 :
1473 4509 1492 4544 ι
1525 4490 1589 4545 Ει
1609 4488 1776 4544 facies
1799 4483 2064 4542 rationale

2153 3303 2310 3376 ήμῶν
2351 3302 2554 3374 Ἰησοῦς
2588 3301 2840 3372 Χριστὸς,
2877 3298 3399 3370 ἐμπαροινησάντων
3441 3294 3593 3366 αὑτῷ
3623 3293 3735 3347 τῶν

2153 3395 2214 3459 ἐξ
2259 3393 2493 3465 Ἰσραὴλ,
2525 3393 2646 3446 τότε
2691 3392 2777 3461 δὴ,
2802 3391 2921 3443 τότε
2955 3387 3395 3462 καταδῃωθείσης
3427 3388 3607 3448 αὐτοῖς
3633 3386 3734 3457 τῆς

2153 3484 2357 3557 χώρας,
2379 3483 2584 3555 ᾤχοντο
2621 3483 2717 3553 μὲν
2745 3480 2934 3550 ῶσπερ
2959 3481 3039 3542 εἰς
3073 3481 3251 3532 πάντα
3275 3478 3492 3547 ἄνεμον.
3520 3477 3734 3547 ’Ἄπρα-

2154 3595 2272 3633 κτοι
2317 3577 2373 3630 δὲ
2421 3577 2515 3629 καὶ
2561 3576 2640 3638 είς
2679 3573 2838 3646 δεῦρο
2877 3573 3004 3643 περὶ
3046 3572 3137 3625 τὸν
3175 3572 3338 3642 νόμον
3377 3572 3535 3637 εἰσὶν,
3570 3571 3736 3640 ὲμπε-

2155 3667 2468 3740 πρησμένου
2500 3665 2600 3736 μὲν
2619 3663 2713 3717 τοῦ
2743 3665 2799 3716 ὲν
2827 3657 2938 3726 τοῖς
2979 3661 3374 3734 Ἱεροσολύμοις
3401 3663 3554 3725 ὄντος
3579 3660 3732 3725 ναοῦ,

2155 3758 2564 3834 περιῃρημένον
2595 3774 2655 3809 τε
2682 3755 2776 3809 τοῦ
2820 3755 3224 3826 θυσιαστηρίου,
3261 3755 3354 3808 καὶ
3386 3753 3735 3825 ἀνῃρημένης

2156 3852 2366 3915 θυσίας,
2388 3850 2481 3904 καὶ
2507 3848 2784 3921 ἀργούσης
2806 3847 3125 3918 ἱερωσύνης,
3152 3848 3246 3900 καὶ
3275 3847 3450 3918 δήλων
3471 3848 3569 3918 οὐχ
3605 3849 3738 3918 ὁρω-

2159 3943 2360 4015 μένων.
2392 3941 2466 3994 Οὐ
2501 3941 2609 4014 γὰρ
2639 3939 2788 4002 δντος
2832 3938 3132 4009 ἀρχιερέως
3166 3935 3506 4008 ἱεροπρεπῶς
3551 3937 3740 3991 ἐσταλ-

2161 4034 2328 4105 μένου
2361 4033 2504 4086 κατὰ
2536 4031 2628 4085 τὸν
2660 4030 2843 4100 νόμον,
2877 4029 2995 4093 πῶς
3033 4025 3103 4101 ἦν
3135 4028 3215 4082 ἔτι
3241 4027 3431 4100 δήλους
3463 4028 3623 4094 ίδείν;
3670 4025 3737 4080 Τί

2155 4125 2213 4179 δὲ
2233 4125 2329 4178 καί⁷
2340 4127 2389 4178 οἱ
2406 4123 2557 4195 δῆλοι
2567 4122 2869 4194 νομισθεῖεν
2886 4123 2972 4187 ἂν,
2986 4118 3092 4175 οἶδε
3113 4121 3212 4192 μὲν
3222 4122 3391 4185 ἷσωςὸ
3412 4120 3736 4192 φιλομαθὴς,

2161 4216 2474 4286 ὑπομνῆσαι
2488 4215 2546 4269 δὲ
2565 4213 2652 4267 διὰ
2672 4213 2918 4285 βραχέων
2928 4213 3028 4266 οὐκ
3047 4212 3294 4285 ἀκερδέςο
3321 4212 3449 4265 Ὅτε
3472 4211 3539 4264 τὰ
3555 4211 3632 4274 είς
3648 4211 3738 4266 κό-

2162 4323 2302 4377 σμον
2320 4305 2415 4359 τοῦ
2437 4304 2738 4376 ἀρχιερέως
2759 4303 3010 4372 γενέσθαι
3028 4302 3392 4374 προστέταχεν
3415 4303 3444 4355 ὁ
3474 4301 3580 4356 τῶν
3600 4300 3739 4354 ὅλων

2159 4398 2310 4465 Θεὸς,
2329 4397 2448 4451 τότε
2474 4397 2611 4468 πρὸς
2637 4396 2732 4449 τὸν
2763 4395 2906 4467 ἱερὸν
2929 4393 3030 4464 ἔφη
3054 4395 3254 4448 Μωσέα
3274 4410 3288 4423 ο
3312 4411 3332 4446 ι
3356 4395 3465 4448 Καὶ
3499 4395 3739 4462 ποιήσεις

2159 4489 2339 4558 λόγιον
2356 4489 2588 4562 κρίσεως
2607 4487 2768 4560 ἔργον
2788 4487 3045 4556 ὑφαντοῦ,
3065 4485 3342 4556 σπιθαμῆς
3358 4486 3418 4538 τὸ
3434 4484 3628 4556 μῆκος,
3645 4484 3740 4538 καὶ

488 4573 695 4670 iudicii,
722 4610 858 4667 opus
888 4589 1095 4649 textile.
1130 4586 1302 4641 Palmi
1337 4582 1647 4654 longitudo,
1680 4589 1738 4636 et
1780 4579 1946 4649 palmi
1975 4576 2052 4631 la-

2169 4581 2450 4653 σπιθαμῆς
2463 4581 2526 4634 τὸ
2547 4576 2725 4652 εὖρος.
2745 4579 3098 4651 Τετράγωνος
3115 4577 3286 4631 ἔσται.
3321 4597 3338 4630 ι
3363 4573 3494 4631 Εἶτα
3510 4577 3741 4649 προστέν

491 4691 684 4748 tltudo.
724 4681 1174 4755 Quadrangulum
1201 4679 1308 4732 erit
1337 4677 1406 4731 ⁷³.
1445 4694 1465 4728 ι
1498 4673 1712 4730 Deinde
1735 4671 1942 4743 lapides
1979 4683 2064 4723 ar-

493 4781 725 4839 tiﬁciose
756 4774 926 4834 inseri
959 4772 1086 4827 nuic
1122 4768 1291 4824 textili
1337 4781 1459 4823 cum
1503 4765 1812 4822 nominibus
1857 4763 2062 4817 duode-

491 4880 596 4932 cim
621 4872 858 4929 tribuum
887 4862 1195 4928 mandavit;
1231 4861 1371 4915 inter
1396 4857 1532 4914 alios
1555 4865 1732 4912 autem
1758 4855 1919 4932 duos,
1949 4852 2065 4921 qui.

493 4971 594 5024 bus
642 4963 862 5020 nomina
915 4956 1284 5015 Manifestatio
1325 4962 1382 5008 et
1429 4947 1666 5005 Veritas.
1705 4930 1911 5000 Deinde
1962 4944 2066 4998 hoc

497 5055 762 5114 rationale
781 5051 971 5122 iudicii
1005 5064 1072 5106 ex
1112 5045 1381 5103 humerali
1405 5041 1585 5096 aureis
1605 5037 1812 5094 catenis
1831 5048 2064 5104 suspen-

495 5164 614 5204 sum
640 5148 694 5203 in
727 5153 916 5214 pectus
941 5143 1136 5198 summi
1171 5134 1471 5196 sacerdotis
1496 5131 1855 5202 dependebat,
1879 5135 2066 5182 erant-

495 5258 600 5312 que
626 5241 679 5294 in
716 5249 902 5310 typum
929 5232 1293 5291 Emmanuelis
1329 5223 1696 5283 Manifestatio
1734 5230 1790 5276 et
1825 5220 2063 5276 Veritas.

505 5311 526 5386 i
559 5331 753 5389 Omnia
782 5329 928 5386 enim
973 5338 1096 5396 quae
1132 5321 1340 5378 audivit
1390 5334 1422 5374 a
1455 5317 1618 5372 Patre
1641 5354 1658 5381 ,
1722 5311 2066 5367 annuntiavit

2165 4691 2331 4745 ταχεν
2359 4673 2420 4739 ἐξ
2449 4674 2710 4745 ὀνόματος
2737 4673 2847 4726 τῶν
2881 4672 3064 4742 φυλῶν
3093 4671 3414 4724 δυοκαίδεκα
3441 4669 3518 4741 τῷ
3559 4687 3742 4741 τεχνη-

2168 4765 2402 4837 τεύματι
2437 4764 2616 4834 σοφῶς
2649 4763 2912 4834 ἐντέχνως
2947 4761 3023 4833 (l)
3059 4759 3609 4831 ὑφαίνεσθαι,λίθους.
3639 4759 3742 4812 Δύο

2169 4875 2234 4927 γε
2267 4858 2374 4928 μὴν
2404 4856 2623 4929 ἑτέρους
2650 4854 2852 4927 μεταξὺ
2886 4855 2994 4908 τῶν
3017 4853 3211 4914 ἄλλων,
3238 4846 3320 4915 οἷς
3349 4847 3419 4922 ἦν
3446 4851 3684 4921 ὀνόματα
3708 4851 3741 4921 ὴ

2169 4947 2404 5018 δήλωσις
2439 4948 2535 5001 καὶ
2570 4947 2604 5017 ή
2652 4945 2899 5016 ἀλήθεια.
2939 4939 3072 4998 Εἶτα
3116 4942 3276 4996 τοῦτο
3315 4942 3376 4994 τὸ
3423 4939 3600 5005 λόγιον
3644 4939 3743 5008 τῆς

2172 5039 2404 5111 κρίσεως
2434 5041 2499 5093 ὲκ
2527 5040 2625 5111 τῆς
2652 5039 2922 5110 ἐπωμίδος
2949 5038 3176 5109 χρυσαῖς
3205 5033 3498 5107 ἁπῃὼρητο
3514 5035 3743 5103 σειραῖς.

2187 5129 2510 5200 Ἐπενήχετό
2537 5146 2596 5182 τε
2628 5128 2705 5200 τῷ
2744 5128 2952 5199 στέρνῳ
2983 5125 3075 5180 τοῦ
3121 5125 3440 5196 ἀρχιερέως,
3472 5124 3566 5176 καὶ
3604 5119 3745 5192 ἦσαν

2171 5220 2254 5282 εἰς
2278 5217 2448 5272 τύπον
2479 5218 2575 5272 τοῦ
2614 5215 2960 5290 Ἐμμανουήλ
2988 5216 3021 5285 ἡ
3046 5213 3276 5284 δήλωσις
3315 5213 3408 5265 καὶ
3440 5213 3472 5282 ἡ
3499 5211 3744 5280 ἀλήθεια,

2178 5330 2198 5362 ι
2234 5310 2418 5365 Πάντα
2435 5310 2542 5383 γὰρ
2572 5310 2608 5365 ἃ
2638 5311 2836 5382 ἤκουσε
2860 5307 3012 5379 παρὰ
3037 5305 3133 5359 τοῦ
3161 5304 3393 5377 Πατρὸς,
3415 5301 3748 5373 ἀπήγγειλεν

570 5533 618 5568 ’⁸
643 5531 746 5589 lsa.
777 5545 856 5600 vt,
889 5528 943 5585 9.
1017 5527 1063 5560 ‘“
1101 5523 1237 5581 Osee
1267 5538 1352 5588 ιιι,
1386 5521 1442 5576 4.
1517 5520 1562 5552 ⁷³
1593 5517 1766 5574 Exod.
1793 5530 1985 5583 xxvnt,
2017 5515 2104 5582 l5,
2133 5515 2220 5570 16.

574 5719 654 5792 (l)
675 5703 1460 5792 _C_oteler_iusAltinumudigel.
1495 5703 1587 5760 Gr.
1619 5703 1685 5792 ll,
1720 5701 1889 5792 @930
1913 5711 2100 5792 vgcepi
2143 5697 2406 5768 ἐντέχνως
2451 5703 2604 5768 putat
2651 5709 2773 5753 esse
2829 5694 3094 5767 glossema
3154 5701 3209 5749 et
3251 5689 3751 5762 interpretationem

506 5770 746 5850 alie'rbii
773 5782 970 5853 σοφῶς.
999 5779 1128 5836 Vide
1149 5777 1333 5848 Cyrilli
1360 5774 1710 5843 Tltesaurum,
1743 5788 1797 5844 p.
1823 5771 1911 5827 48.
1933 5770 2096 5824 Ευιτ.
