4046 6376
379 421 476 478 139

1286 415 1837 472 COMMENTARIUS
1878 415 1941 469 IN
1982 415 2213 471 OSEAM
2255 416 2690 471 PROPHETAM.
2773 406 2783 416 ’

3509 423 3612 479 H0

380 543 518 613 ἡμῖν,
565 558 584 592 ι
636 538 747 593 Καὶ
791 537 1058 607 δεδήλωκε
1104 536 1166 589 τὸ
1199 536 1409 609 θέλημα
1449 537 1542 590 τοῦ
1582 538 1941 606 γεννήσαντος

2055 540 2200 592 nobis
2228 539 2294 605 ⁷³,
2336 558 2355 590 ι
2401 550 2454 593 et
2485 539 2849 594 manifestat-it
2881 540 3206 596 voluntatem
3240 541 3358 610 ejus
3387 543 3479 612 qui
3515 560 3610 615 ge-

379 634 563 688 ιὺτόν·
597 632 691 685 καὶ
740 630 1072 700 κατέστησεν
1120 630 1323 701 ἐναργῆ
1375 633 1474 701 τῆς
1530 629 1801 700 σωτηρίας
1849 631 1945 701 τὴν

379 726 506 778 δδόν.
548 724 672 777 Ὅτι
717 721 774 775 δέ
827 724 941 775 ἐστι
974 721 1067 775 καὶ
1108 721 1355 790 ἀλήθεια,
1383 721 1501 784 πῶς
1527 721 1612 787 ,ἂν
1656 720 1946 774 ἐνδοιάσειέ

380 834 475 880 τις,
528 812 690 867 αὑτοῦ
728 813 977 881 λέγοντος
1012 812 1277 883 ἐναργῶς·
1333 830 1352 863 s
1403 809 1544 878 Ἐγώ
1588 812 1700 881 εἰμι
1734 813 1767 882 ἡ
1809 812 1939 882 ἀλή-

378 910 527 969 θειας
568 925 585 957 ι
622 904 718 957 Διά
748 902 909 956 τοῦτο
949 904 1044 956 καλ⁸
1083 903 1217 973 αὐτῇ
1266 905 1330 973 τῇ
1360 901 1453 955 τοῦ
1502 901 1800 973 ἀρχιερέως
1840 902 1946 954 ἁπ-

380 996 642 1067 εκρέματο
675 993 890 1064 καρδίᾳ,
929 993 1209 1063 μονονουχὶ
1253 992 1483 1062 βοῶντος
1507 991 1599 1045 τοῦ
1624 991 1817 1055 τύπου,
1851 991 1945 1044 καὶ

380 1085 670 1153 ἀναφανδὸν
710 1083 1165 1154 ἀνακεκραγότος,
1190 1083 1269 1135 ὅτι
1294 1082 1383 1135 τὸν
1419 1082 1524 1135 τῶν
1554 1082 1690 1135 ὅλων
1718 1083 1946 1153 Σωτῆρα

382 1178 469 1230 καὶ
520 1174 839 1246 Λυτρωτὴν,
891 1174 987 1244 τὴν
1019 1174 1294 1245 ἀλήθειαν,
1332 1174 1425 1227 καὶ
1460 1173 1559 1243 τὴν
1600 1173 1828 1244 δήλωσιν
1866 1173 1947 1237 είς

380 1266 523 1335 νοῦν,
548 1268 641 1320 καὶ
685 1265 912 1337 καρδίαν
956 1266 1018 1319 τὸ
1065 1265 1206 1335 ἱερὸν
1247 1264 1357 1329 ἔξει
1404 1265 1578 1333 γένος.
1618 1266 1822 1333 Ἤγουν
1863 1265 1946 1318 ὅτι

380 1359 523 1413 πᾶσά
558 1376 674 1417 πως
706 1358 942 1427 ἀνάγκη,
996 1357 1123 1420 τοὺς
1157 1357 1473 1429 ίερουργοὺς
1509 1357 1595 1410 ἀεὶ
1639 1356 1945 1428 μεμνῆσθαι

378 1451 630 1522 Χριστοῦ,
665 1450 758 1502 καὶ
792 1448 1104 1503 ἐνοικοῦντα
1136 1449 1320 1519 φέρειν
1364 1449 1452 1502 διὰ
1483 1448 1577 1502 τοῦ
1610 1448 1942 1519 Πνεύματος.

377 1538 532 1603 Οἶκος
571 1540 626 1593 δέ
666 1538 831 1593 αὐτοῦ
860 1538 985 1603 νοῦς
1030 1538 1290 1609 καθαρὸς,
1340 1539 1436 1591 καὶ
1487 1538 1682 1609 καρδία
1717 1538 1943 1608 διεσμη-

377 1634 570 1703 γμένη.
617 1631 983 1687 Καθεδοῦνται
1011 1631 1074 1702 δὴ
1117 1627 1210 1685 οὖν
1253 1632 1468 1702 ἡμέρας
1508 1630 1705 1693 πολλὰς
1743 1630 1792 1683 οἱ
1838 1629 1946 1682 υἱοὶ

385 1725 619 1795 Ἰσραὴλ,
655 1725 805 1794 φησὶ,
845 1722 1107 1793 βασιλέως
1148 1722 1248 1776 οὑκ
1292 1722 1464 1785 ὄντος,
1513 1720 1633 1774 οὐδὲ
1665 1720 1942 1790 ἄρχοντος,

376 1814 668 1878 τουτέστιν,
698 1812 1057 1872 ἀϐασίλευτοι,
1091 1809 1185 1864 καὶ
1216 1814 1229 1832 ¹
1251 1810 1642 1864 ὰνεπίστευτοι.
1673 1808 1808 1862 Οὔτε
1838 1808 1945 1877 γὰρ

378 1903 785 1975 βασιλεύσουσιν
811 1905 859 1955 οἱ
889 1904 953 1955 ἐκ
987 1901 1157 1973 φυλῆς
1195 1901 1385 1964 Ἰούδα,
1417 1899 1539 1953 οὔτε
1572 1900 1677 1971 μὴν
1715 1900 1764 1952 οἱ
1809 1898 1947 1951 κα.τά
1976 1894 2019 1949 Β

375 1996 537 2067 νόμον
566 1993 1012 2065 προεδρεύσουσιν
1043 1993 1321 2063 ἄρχοντες,
1351 1991 1649 2054 τουτέστιν,
1682 1992 1729 2043 οἱ
1761 1992 1945 2061 ἱερεῖς.

388 2089 526 2141 Ἀλλ’
571 2088 692 2141 οὐδὲ
721 2087 894 2151 ἔσται,
932 2086 1086 2157 φησὶ,
1133 2085 1537 2156 θυσιαστήριον,
1587 2083 1619 2154 ἢ
1660 2082 1840 2149 θυσία,
1876 2083 1950 2134 ie-

379 2180 592 2253 ρωσύνη
613 2197 672 2233 τε
704 2180 797 2233 καὶ
818 2178 988 2249 δῆλοι.
1017 2177 1163 2249 Πλὴν
1193 2178 1292 2231 οὐκ
1321 2180 1377 2230 ἐν
1405 2176 1615 2239 τούτοις
1639 2174 1947 2237 διαπαντὸς,

376 2272 497 2325 οὐδὲ
522 2272 881 2341 ἀπόπεμπτος
908 2268 1214 2339 όλότρόπως
1241 2271 1268 2321 ὁ
1305 2267 1519 2338 Ἰσραὴλ
1548 2265 1720 2328 ἔσται,
1761 2266 1953 2337 κεκλή-

380 2373 532 2417 σεται
555 2365 663 2435 γάρ
689 2362 829 2416 κατὰ
858 2362 1100 2432 καιροὺς,
1124 2360 1218 2414 καὶ
1248 2358 1560 2430 ἐπιστρέψει
1581 2358 1668 2411 διὰ
1694 2358 1949 2422 πίστεως,

377 2460 473 2513 κα.)⁸
517 2456 876 2526 ἐπιγνώσεται
920 2455 1010 2509 τὸν
1041 2452 1147 2509 τῶν
1187 2454 1323 2508 ὅλων
1356 2453 1511 2516 Θεὸν,
1546 2454 1639 2506 καὶ
1678 2452 1774 2505 σὺν
1803 2450 1952 2523 αὐτῷ

266 2557 278 2569 ’
376 2553 468 2607 τὸν
518 2550 700 2612 Δαϐὶδ,
746 2546 1009 2611 τουτέστι,
1058 2546 1148 2599 τὸν
1198 2547 1263 2598 ἐκ
1311 2545 1620 2613 σπέρματος
1651 2543 1829 2608 Δαόὶδ,
1861 2542 1952 2595 τὸν

379 2643 521 2698 κατὰ
556 2643 733 2712 σάρκα
761 2638 1014 2711 Χριστὸν,
1048 2637 1138 2690 τὸν
1168 2635 1276 2689 τῶν
1296 2635 1431 2689 ὅλων
1458 2634 1684 2705 βασιλέα
1722 2634 1815 2687 καὶ
1840 2633 1953 2687 Κύ-

383 2754 514 2808 ριον.
546 2736 680 2788 Τότε
709 2732 797 2804 δὴ,
824 2732 944 2786 τότε
970 2728 1478 2799 καταπλαγήσονται
1518 2726 1616 2797 τῆς
1648 2724 1953 2797 φιλοτιμίας

377 2828 440 2881 τὸ
479 2826 728 2898 μέγεθος,
756 2824 852 2878 καὶ
885 2823 982 2894 τὴν
1014 2822 1112 2891 τῆς
1147 2820 1481 2892 ἡμερότητος
1511 2818 1816 2890 ἀμέτρητον
1853 2817 1953 2888 χά-

383 2936 487 2990 ριν.
539 2916 948 2989 Συμμεθέξουσι
980 2913 1089 2985 γὰρ
1117 2913 1215 2983 τῆς
1248 2914 1360 2974 τοῖς
1385 2911 1561 2979 ἁγίοις
1587 2909 1956 2981 ηὐτρεπισμέ-

380 3026 480 3079 νης
528 3007 759 3070 ἐλπίδος,
795 3005 887 3058 καὶ
929 3005 1051 3065 ταῖς
1100 3001 1206 3055 τῶν
1251 2998 1693 3054 πεπιστευκότων
1734 2999 1955 3066 ἀγέλαις

382 3098 602 3169 ἀναμὶξ,
634 3101 692 3151 ἐν
723 3099 857 3168 νομῇ
889 3094 1091 3164 ἀγαθῇ,
1125 3094 1219 3147 καὶ
1258 3095 1317 3146 ἐν
1362 3092 1510 3162 τόπῳ
1538 3092 1681 3144 πίονι
1710 3088 1955 3161 νεμηθή-

2048 626 2379 696 nuitipsum,
2414 635 2467 681 et
2498 628 2638 681 viam
2679 628 2870 682 salutis
2897 630 3307 686 demonstravit.
3347 632 3482 688 Esse
3511 650 3611 688 au-

2049 725 2154 771 tem
2199 718 2508 783 veritatem,
2553 718 2644 787 qui
2688 720 2902 775 tandem
2947 721 3273 776 dubitaverit
3319 724 3612 793 quispiam,

2046 826 2167 864 cum
2196 810 2312 878 ipse
2343 820 2530 881 aperte
2564 812 2708 865 dicat
2736 828 2752 867 :
2798 829 2818 863 ‹
2885 811 2996 883 Ego
3022 828 3138 867 sum
3162 814 3364 870 veritas
3403 815 3494 869 7‘?
3530 815 3615 871 Id-

2047 902 2194 958 circo
2220 911 2274 957 et
2303 903 2401 973 ipsi
2432 902 2631 958 summi
2658 903 2954 958 sacerdotis
2982 904 3188 975 pectori
3231 906 3614 973 appendehan-

2048 1004 2156 1058 tur,
2186 1003 2391 1049 tantum
2423 1010 2529 1049 non
2560 994 2831 1049 clamante
2860 1004 3006 1065 typo,
3039 1006 3095 1051 et
3118 996 3406 1052 manifeste
3429 998 3614 1052 excla-

2048 1095 2266 1151 mante,
2312 1086 2689 1141 universorum
2746 1085 3086 1141 Salvatorem
3139 1096 3193 1142 et
3242 1088 3614 1156 liberatorem,

2046 1178 2331 1232 veritatem
2378 1186 2435 1233 et
2486 1178 2979 1233 manifestationem
3024 1190 3275 1234 sanctum
3321 1195 3490 1248 genus
3560 1181 3615 1235 in

2048 1280 2227 1326 mente
2255 1279 2308 1325 et
2333 1271 2493 1325 corde
2520 1270 2832 1325 habiturum
2863 1284 2879 1335 ;
2926 1277 3020 1322 aut
3042 1279 3193 1325 certe
3247 1272 3614 1326 necessarium

2047 1376 2169 1416 esse
2195 1361 2436 1425 omnino,
2468 1361 2780 1416 sacerdotes
2803 1360 3008 1415 Christi
3034 1375 3248 1430 semper
3277 1363 3614 1429 meminisse,

2047 1465 2101 1507 et
2131 1469 2228 1520 per
2254 1453 2511 1523 Spiritum
2545 1453 2596 1507 in
2627 1468 2687 1507 se
2733 1453 3065 1507 habitantem
3090 1453 3462 1508 circumferre.
3511 1452 3643 1509 Do?

2049 1557 2169 1597 mus
2184 1545 2301 1611 ejus
2329 1556 2412 1601 est
2436 1562 2584 1601 mens
2610 1562 2740 1616 pura
2774 1556 2831 1601 et
2859 1563 2955 1602 cor
3004 1559 3411 1620 perpurgatum.
3456 1549 3617 1605 Sede;

2047 1632 2180 1687 bunt
2207 1635 2367 1704 igitur
2390 1636 2507 1691 dies
2536 1637 2731 1693 multos
2767 1639 2858 1691 lilii
2891 1638 3077 1707 lsrael,
3123 1641 3322 1710 inquit,
3354 1656 3474 1695 cum
3511 1657 3616 1698 non

2048 1724 2153 1780 erit
2189 1742 2307 1793 rex,
2359 1743 2464 1782 non
2522 1730 2793 1799 princeps,
2848 1730 2951 1785 hoc
3000 1740 3103 1797 est,
3135 1733 3255 1789 sine
3308 1749 3453 1804 rege,
3500 1718 3619 1790 sine
3713 1802 3717 1807 γ

2053 1818 2304 1884 ριἀιείᾱθ.
2336 1816 2444 1872 Nec
2465 1819 2607 1873 enim
2630 1822 2932 1890 regnahunt
2958 1823 3049 1893 qui
3072 1833 3199 1877 sunt
3225 1839 3256 1879 e
3287 1824 3429 1880 tribu
3454 1823 3613 1891 Jada,

2050 1923 2148 1964 nec
2174 1908 2537 1978 praesidebunt
2564 1912 2857 1981 principes,
2886 1914 2987 1968 hoc
3012 1924 3119 1979 est,
3143 1917 3471 1972 sacerdotes.
3506 1917 3617 1975 Nec

2050 2001 2174 2061 erit,
2222 2000 2417 2068 inquit,
2455 2001 2650 2066 altare,
2705 2012 2795 2058 aut
2845 2005 3176 2060 sacriticium
3233 2008 3620 2064 sacerdotium-

2048 2101 2250 2159 que,et
2273 2092 2570 2148 manifesti.
2609 2095 2987 2149 Verumtamen
3014 2112 3119 2151 non
3146 2098 3199 2153 in
3232 2099 3352 2154 istis
3381 2115 3614 2172 semper.

2050 2196 2151 2235 nec
2179 2184 2505 2240 omnimodis
2539 2186 2772 2255 rejectus
2808 2186 2977 2241 lsrael
3018 2189 3289 2257 manebit;
3339 2192 3622 2247 vocabitur

2051 2274 2194 2328 enim
2225 2276 2532 2346 aliquando,
2565 2288 2621 2334 et
2642 2294 2736 2348 per
2768 2279 2926 2334 fidem
2958 2294 3275 2345 conversus,
3301 2283 3469 2339 Deum
3500 2286 3623 2339 uni-

2050 2379 2329 2420 versorum
2383 2378 2658 2439 agnoscet,
2706 2380 2761 2425 et
2790 2386 2910 2425 cum
2965 2373 3083 2442 ipso
3126 2373 3314 2436 David,
3364 2375 3467 2430 hoc
3513 2387 3619 2442 est,

2051 2456 2141 2525 qui
2175 2459 2463 2527 prodiitex
2512 2462 2719 2517 semine
2758 2463 2963 2530 David,
3012 2465 3287 2522 Christum
3322 2470 3619 2523 secundum

2050 2566 2292 2615 carnem,
2339 2555 2718 2610 universorum
2748 2572 2930 2627 regem
2981 2574 3047 2614 ac
3108 2558 3417 2615 Dominum.
3446 2562 3619 2626 Tunc,

2054 2652 2184 2698 tunc
2218 2643 2588 2699 beneficentiae
2616 2645 3067 2715 magnitudinem,
3098 2657 3153 2702 et
3191 2651 3626 2705 mansuetudinis

2053 2734 2369 2789 immensam
2401 2736 2630 2803 gratiam
2674 2737 3080 2806 ohstupescent.
3134 2738 3430 2807 Participes
3475 2741 3623 2795 enim

2054 2829 2213 2876 erunt
2261 2823 2375 2890 spei
2419 2824 2623 2878 sanctis
2653 2834 3002 2894 praeparatae,
3056 2837 3478 2899 sanctorumque
3531 2844 3627 2900 ag-

2054 2914 2290 2967 minibus
2322 2915 2535 2969 admisti
2571 2916 2623 2968 in
2652 2917 2863 2983 pascuis
2896 2917 3070 2982 bonis,
3128 2925 3183 2971 et
3215 2917 3266 2971 in
3297 2917 3417 2973 loco
3441 2918 3624 2989 pingui

2055 3014 2366 3074 pascentur.
2397 3004 2633 3074 Tempus
2667 3006 2811 3060 enim
2844 3007 2980 3061 adeo
3014 3007 3312 3076 splendidae
3359 3016 3413 3062 et
3440 3008 3621 3063 admi-

2056 3092 2239 3147 randa:
2263 3093 2448 3163 gratia:
2481 3095 2610 3161 ipsis
2632 3095 2736 3149 erit
2760 3106 3061 3151 extremum
3090 3096 3241 3163 illud,
3270 3106 3326 3152 et
3355 3098 3622 3162 ultimum,

384 3210 585 3247 σονται.
625 3189 828 3260 Καιρὸι,
860 3186 969 3259 γὰρ
1015 3186 1195 3248 αὐτοῖς
1234 3184 1333 3254 τῆς
1366 3183 1507 3237 οὕτω
1552 3183 1832 3253 λαμπρᾶς,
1862 3180 1954 3234 καὶ

2056 3191 2111 3238 et
2146 3182 2197 3237 in
2223 3182 2459 3247 Christo,
2493 3183 2601 3254 63
2657 3200 2754 3254 per
2791 3200 2952 3254 quem
3001 3194 3056 3238 et
3081 3200 3204 3239 cum
3258 3200 3366 3255 quo
3416 3185 3527 3241 Deo
3574 3195 3630 3240 et

382 3282 719 3351 ἀξιαγὰστου
772 3280 995 3351 χάριτος
1038 3279 1066 3331 ὁ
1116 3277 1421 3339 τελευταῖος
1470 3275 1563 3328 καὶ
1593 3276 1651 3328 ἐν
1688 3273 1955 3343 ἐσχάτοις,

384 3377 482 3430 καὶ
502 3376 559 3428 ὲν
591 3373 830 3446 Χριστῷ,
851 3372 917 3426 δι’
944 3366 1026 3453 οὗ,
1059 3373 1153 3425 καὶ
1186 3369 1304 3442 μεθ’
1331 3361 1391 3422 οὗ
1414 3369 1490 3438 τῷ
1519 3366 1638 3433 Θεῷ
1662 3368 1758 3420 καὶ
1782 3366 1959 3438 Ila-cpi.

386 3467 421 3537 ἡ
450 3464 598 3529 δόξα,
630 3464 726 3517 σὺν
753 3462 831 3534 τῷ
856 3461 998 3533 ἁγίῳ
1030 3460 1330 3533 Πνεύματι,
1369 3460 1447 3523 είς
1468 3458 1593 3523 τοὺς
1623 3457 1820 3522 αἰῶνας
1850 3456 1959 3511 τῶν

387 3556 616 3611 αἰώνων.
665 3556 724 3609 Ἀ
732 3556 858 3625 μήν.

737 3678 1119 3765 ΤΟΜΟΣ
1192 3674 1609 3761 ΤΡΙΤΟΣ.

984 3831 1235 3886 ΚΕΦΑΛ.
1283 3831 1357 3883 Δ’.

463 3950 783 4006 Ἀκούσατε
794 3947 980 4015 λόγον
993 3945 1234 4013 Κυρίου,
1250 3940 1367 3997 υἱοὶ
1382 3939 1645 4009 Ἰσραὴλ,
1665 3939 1751 3993 ὅτι
1769 3938 1963 4008 κρίσις

391 4040 475 4107 τῷ
522 4040 715 4110 Κυρίῳ
765 4038 915 4106 πρὸς
961 4037 1103 4101 τοὺς
1165 4033 1593 4098 κατοικοῦντας
1644 4030 1762 4098 τὴν
1811 4029 1960 4100 γῆνο

393 4134 543 4188 διότι
575 4134 687 4187 οὐκ
714 4130 885 4184 ἔστιν
915 4128 1187 4195 ἀλήθεια,
1249 4125 1375 4179 οὐδ’
1403 4126 1596 4191 ἕλεος,
1645 4122 1788 4176 οὐδὲ
1838 4122 1966 4175 ἐπί-

2058 3273 2204 3328 Patri
2237 3274 2425 3342 gloria,
2459 3291 2584 3330 cum
2616 3284 2809 3330 sancto
2837 3275 3049 3346 Spiritu
3070 3275 3123 3330 in
3156 3277 3354 3331 saecula
3398 3276 3628 3333 saeculo-

2060 3382 2202 3425 rum.
2232 3366 2423 3424 Amen.

2332 3658 2717 3764 l‘OMUS
2816 3674 3039 3762 TER
3076 3674 3371 3763 I‘IUS.

2696 3822 2850 3878 CAP.
2894 3822 2984 3878 ιν.

2137 3934 2303 3989 Vens.
2328 3935 2381 3997 1,
2411 3934 2467 3988 2.
2498 3935 2689 3988 Audite
2718 3936 2927 3989 verbum
3003 3933 3236 4002 Domini,
3274 3936 3377 4004 ﬁlii
3440 3936 3633 4003 Israel,

2063 4028 2188 4098 quia
2208 4028 2475 4096 judicium
2526 4026 2751 4081 Domino
2783 4029 2854 4081 ad
2884 4027 3182 4082 habitantes
3228 4039 3466 4095 terram;
3510 4030 3638 4096 quia

2064 4136 2169 4174 non
2192 4129 2266 4174 est
2286 4120 2498 4183 veritas,
2517 4135 2679 4188 neque
2697 4119 3081 4185 misericordia,
3098 4136 3260 4191 neque
3281 4121 3502 4175 scientia
3539 4122 3636 4176 Dei

394 4238 615 4293 γνῶσις
666 4218 812 4275 Θεοῦ
862 4218 961 4272 ἐπὶ
995 4217 1128 4289 γῆς.
1196 4216 1353 4284 Ἀρὰ,
1414 4215 1513 4269 καὶ
1568 4214 1814 4283 ψεῦδος,
1866 4213 1954 4267 καὶ

2065 4224 2222 4273 super
2254 4219 2469 4263 terram.
2497 4208 2890 4272 Maledictio,et
2912 4210 3264 4275 mendacium,
3314 4221 3362 4265 et
3414 4211 3638 4266 homicio

394 4315 602 4384 φόνος,
632 4311 732 4365 καὶ
764 4309 985 4378 κλοπὴ,
1020 4310 1118 4363 καὶ
1154 4308 1388 4379 μοιχεία
1437 4307 1676 4377 κέχυται
1708 4306 1807 4360 ἐπὶ
1854 4305 1954 4373 τῆς

2065 4302 2232 4365 dium,
2266 4311 2311 4354 et
2354 4300 2576 4368 furtum,
2628 4310 2677 4354 et
2706 4300 3021 4355 adulterium
3077 4302 3302 4371 effusum
3352 4312 3429 4356 est
3484 4318 3641 4373 super

391 4405 527 4475 τῆς,
558 4408 653 4459 καὶ
677 4405 895 4473 αἵματα
926 4402 1016 4471 ἐφ’
1051 4402 1262 4471 αἵμασι
1295 4401 1645 4471 μίσγουσιν.

2065 4403 2282 4457 terram,
2304 4402 2353 4447 et
2375 4395 2654 4463 sanguines
2685 4393 2742 4446 in
2769 4394 3110 4464 sanguinibus
3149 4396 3387 4449 miscent.

462 4512 587 4568 AE'.
637 4513 958 4580 Ἀναγκαῖον
987 4512 1135 4582 ἡμᾶς
1176 4508 1495 4580 διατρανοῦν
1537 4508 1815 4570 ἐθέλοντας
1857 4507 1954 4559 τῶν

2139 4505 2358 4560 XXXV.
2389 4504 2619 4560 Necesse
2645 4514 2727 4560 est
2779 4520 2878 4560 nos
2919 4507 3249 4561 sententiam
3282 4507 3479 4562 horum
3517 4522 3640 4562 ver-

392 4568 890 4675 atpoxatttévwv'cbv
928 4568 1074 4667 νοέν,
1114 4568 1400 4673 μονονουχὶ
1440 4568 1808 4671 παλινάγρετά
1845 4615 1954 4650 ποι-

2067 4598 2258 4653 horum
2293 4598 2587 4665 explanare
2611 4598 2881 4662 volentes,
2912 4613 3049 4667 pene
3093 4600 3276 4653 omnia
3305 4614 3333 4652 a
3366 4600 3638 4669 principio

392 4695 569 4749 εἶσθαι
593 4695 663 4753 τὰ
691 4697 748 4749 ἐν
779 4696 995 4767 ἀρχαῖς,
1026 4694 1120 4746 καὶ
1149 4692 1267 4746 ὅλον
1290 4692 1476 4763 ὥσπερ
1507 4688 1954 4761 ἀναμηρύσασθαι

2069 4691 2212 4744 dicta
2266 4704 2563 4756 resumere,
2614 4699 2670 4744 et
2724 4688 2882 4759 quasi
2930 4699 3098 4745 totum
3148 4692 3445 4761 prophetia:
3486 4691 3642 4760 hujus

392 4787 491 4858 τῆς
523 4786 861 4858 προφητείας
891 4786 982 4839 τὸν
1014 4785 1232 4838 σκοπόν.
1275 4785 1502 4850 Οὐκοῦν,
1532 4782 1608 4845 ὡς
1647 4781 1747 4846 ἔνι,
1785 4781 1878 4834 καὶ
1907 4782 1954 4833 ἐν

2070 4797 2292 4850 scopum
2333 4781 2668 4852 recolligere.
2699 4783 2907 4853 itaque,
2951 4794 3012 4838 ut
3058 4784 3206 4849 licet,
3262 4794 3319 4838 et
3354 4784 3407 4838 in
3468 4798 3639 4853 pauca

360 4910 365 4911 κ
395 4879 619 4951 βραχέσι
649 4877 1003 4946 συνενεγκὼν,
1037 4877 1212 4930 ἐκεῖνό
1251 4893 1412 4947 φημι.
1453 4895 1472 4927 ι
1508 4875 1700 4944 Γέγονε
1735 4874 1831 4944 μὲν
1858 4873 1954 4944 γὰρ

2069 4873 2357 4929 conferens
2390 4874 2519 4929 illud
2542 4876 2648 4931 aio.
2682 4895 2702 4928 ι
2741 4876 2965 4930 Factum
3012 4890 3095 4931 est
3134 4877 3459 4949 principium
3490 4876 3641 4929 verbi

393 4969 537 5041 ἀρχὴ
567 4969 723 5037 λόγου
763 4967 967 5039 Κυρίου
1017 4970 1075 5021 ἐν
1134 4967 1314 5038 Ὠσηὲ.
1355 4987 1373 5020 ι
1409 4966 1861 5038 Διερμηνεύοντες
1910 4965 1954 5018 δὲ

2070 4965 2284 5019 Domini
2334 4965 2389 5019 in
2422 4967 2559 5022 Osea
2591 4967 2659 5019 ⁷⁵.
2694 4986 2712 5019 ι
2774 4970 2904 5035 Quae.
2957 4983 3077 5023 cum
3139 4972 3641 5039 interpretarentur,

392 5062 465 5115 τά
492 5060 692 5122 τοιάδε,
733 5060 869 5127 πρὸς
894 5061 984 5114 τὸν
1026 5060 1293 5131 μακάριον
1324 5061 1606 5132 προφήτην
1656 5058 1814 5128 Ὠσηέ
1842 5056 1954 5118 τοὺς

2072 5059 2382 5114 dicebamus
2401 5058 2624 5115 verbum
2654 5060 2744 5115 Dei
2773 5063 2837 5113 ad
2867 5061 3078 5115 beatum
3106 5062 3422 5129 prophetam
3448 5056 3641 5114 Oseam

394 5152 547 5224 παρὰ
572 5151 707 5206 Θεοῦ
737 5152 990 5220 γενέσθαι
1020 5150 1212 5220 λόγους
1242 5151 1465 5215 εἰκότως
1495 5150 1775 5218 ἐλέγομεν,
1808 5148 1969 5200 οἱονεὶ

397 5244 879 5317 μυπαγωγοῦντος
919 5244 1099 5307 αὑτὸν,
1144 5244 1237 5296 καὶ
1280 5244 1347 5296 τὰ
1378 5244 1607 5314 ἐσόμενα
1643 5258 1969 5312 προαναφω-

394 5336 611 5399 νοῦντος
656 5336 745 5389 διά
775 5353 835 5387 τε
864 5334 1051 5389 τύπων
1106 5336 1200 5389 καὶ
1250 5334 1442 5403 λόγων.
1478 5334 1664 5406 Ταύτῃ
1707 5352 1789 5386 τοι
1826 5351 1968 5405 παρ-

396 5427 734 5497 ελαμϐάνετο
769 5430 868 5497 μὲν
900 5428 957 5479 ἐν
986 5428 1178 5498 ἀρχαῖς
1208 5426 1436 5497 ὴΓόμερ
1458 5442 1469 5455 °
1506 5426 1682 5479 ἔτικτε
1710 5426 1768 5479 δέ
1795 5426 1885 5479 τόν
1910 5442 1968 5477 τε

393 5520 457 5573 οὐ
504 5519 633 5572 λαόν
687 5536 811 5590 μου,
857 5519 949 5573 καὶ
998 5519 1095 5589 τὴν
1151 5520 1251 5571 οὐκ
1301 5519 1627 5589 ἠλεημένην.
1678 5516 1810 5573 Εἶτα
1851 5518 1968 5589 μετ’

394 5612 609 5683 ἐκείνην
654 5612 1007 5683 προσελήφθη
1057 5611 1283 5681 δευτέρα
1338 5611 1581 5685 μοιχαλίς
1630 5628 1692 5664 τε
1737 5612 1829 5664 καὶ
1875 5627 1970 5663 πο-

389 5701 567 5774 νηρὰ,
617 5704 710 5757 καὶ
758 5703 826 5756 τὰ
859 5703 945 5775 ἐφ’
996 5703 1213 5773 ἑκάστῳ
1263 5700 1462 5755 τούτων
1504 5702 1714 5767 λεπτῶς
1756 5720 1814 5755 τε
1874 5704 1968 5756 καὶ

1584 5862 1629 5893 τ’
1666 5858 1803 5914 Osce
1840 5874 1875 5923 ι,
1914 5860 1962 5911 1.

485 5866 529 5895 ⁷³
565 5863 718 5920 Jnrm.
755 5882 846 5927 ιν,
883 5865 964 5919 13.
1039 5864 1085 5895 ⁷³
1122 5863 1278 5919 Joan.
1311 5877 1420 5926 xiv,
1455 5860 1506 5914 6.

2075 5166 2103 5204 a
2132 5152 2241 5208 Deo
2265 5152 2460 5207 merito
2489 5152 2714 5217 factum,
2742 5153 2905 5207 veluti
2933 5154 3186 5223 mysteria
3215 5153 3389 5222 ipsum
3416 5152 3645 5206 docente

2075 5252 2131 5297 et
2162 5254 2385 5299 ventura
2419 5259 2515 5313 per
2540 5245 2742 5314 figuras
2776 5254 2831 5299 et
2866 5245 3026 5299 verba
3082 5244 3502 5312 przenuntiante.
3552 5239 3640 5293 ld-

2076 5336 2222 5390 circo
2258 5336 2412 5390 initio
2452 5337 2622 5391 ascita
2672 5346 2755 5391 est
2784 5336 3005 5409 Qomer,
3040 5336 3355 5406 peperitque
3402 5331 3517 5387 Non
3552 5347 3645 5402 po-

2075 5428 2230 5496 pulus
2289 5445 2461 5492 meus,
2517 5439 2575 5484 et
2626 5429 3054 5485 Misericordiam
3111 5443 3216 5482 non
3271 5435 3641 5481 consecutam.

2077 5518 2265 5574 Postea
2299 5530 2575 5591 assmnpta
2610 5530 2695 5576 est
2724 5522 2893 5577 altera
2942 5530 2995 5577 et
3024 5522 3236 5576 moecha
3270 5530 3326 5576 et
3354 5520 3642 5591 improba;

2073 5621 2124 5667 et
2150 5614 2484 5682 singulorum
2536 5615 2764 5670 istorum
2800 5630 2999 5670 arcana
3040 5615 3311 5670 subtiliter
3359 5624 3643 5669 accurate-

2074 5717 2180 5773 que
2211 5706 2491 5774 propheta,
2524 5712 2581 5759 ut
2610 5705 2720 5760 dixi
2752 5748 2768 5771 ,
2794 5705 3018 5761 edoctus
3040 5714 3143 5761 est.
3171 5704 3450 5775 Tanquam
3477 5702 3642 5775 igitur
