4046 6376
443 440 534 494 HI

1465 436 1524 489 S.
1566 435 1837 490 CYRII.”
1878 433 2346 489 ALEXANDBINI
2385 432 2706 490 ARCIHEP.

3592 437 3696 490 ΗΞ

441 552 684 624 mysterii
715 552 917 608 virtute
981 552 1122 622 apud
1177 565 1238 607 se
1266 553 1624 623 nndcquaque
1675 564 1926 624 percepta
1953 562 2006 607 et

2120 553 2353 623 ἀκριϐῶς
2393 553 2422 604 ό
2455 553 2762 622 προφήτης,
2815 551 2891 615 ὡς
2943 551 3098 622 ἔφην,
3151 552 3545 620 ἐξεπαιδεύετο.
3607 552 3695 615 Ὡς

440 643 676 715 cognita,
719 644 972 713 deinceps
997 643 1260 700 lsraelitis
1314 645 1494 700 futura
1529 647 1895 715 promulgare,
1953 658 2007 701 et

439 735 765 793 calamitatis
793 736 940 790 brevi
972 751 1066 792 eos
1101 737 1370 792 invasurae
1401 738 1650 792 nuntium
1687 737 1883 792 efferre
1911 778 1925 801 ,
1956 747 2011 792 et

436 827 638 898 quibus
699 828 1057 884 exacerbatus
1106 829 1178 883 sit
1243 830 1392 883 'Detts
1423 867 1438 892 ,
1493 828 1796 884 clarissime
1839 843 2008 899 expo-

439 932 570 976 nere
595 918 839 985 orditur;
866 927 926 974 ut
953 920 1042 989 qui
1076 919 1369 989 puniuntur
1394 919 1570 973 sciant
1616 932 1676 974 se
1706 919 1816 989 pati
1840 919 1964 988 jure
1991 959 2006 984 ,

439 1019 777 1080 quaecunque
792 1024 886 1066 eos
899 1011 1009 1080 pati
1030 1011 1338 1081 contigerit.
1356 1010 1490 1065 Cum
1510 1011 1652 1064 enim
1675 1011 1744 1064 ab
1762 1010 2011 1065 hostibus

441 1100 689 1171 capiendi
729 1111 931 1166 essent,
962 1112 1015 1157 et
1035 1101 1270 1157 ludibrio
1294 1102 1462 1157 futuri
1489 1103 1636 1172 ipsos
1663 1109 1818 1157 antea
1842 1101 2014 1156 admi-

441 1193 778 1259 rantibus,et
799 1194 1052 1250 lsraelem
1071 1209 1233 1264 supra
1259 1207 1448 1249 omnes
1468 1204 1655 1265 gentes
1673 1194 1816 1249 alias
1843 1209 2012 1264 expu-

441 1290 606 1351 gnato
627 1281 998 1338 difﬁcillimum
1031 1284 1448 1351 arbitrantibu’s,
1474 1297 1542 1338 ne
1568 1293 1823 1354 putarent
1851 1285 2011 1338 auxi-

443 1373 712 1428 liatricem
733 1375 1154 1430 etservatricem
1182 1385 1403 1430 manum
1425 1377 1478 1431 in
1505 1375 1638 1445 ipsis
1667 1375 1970 1445 elanguisse
1994 1392 2011 1441 ;

440 1466 536 1520 sed
569 1465 951 1536 resipiscerent
979 1470 1178 1534 potius,
1205 1475 1259 1521 et
1300 1467 1368 1522 ad
1423 1467 1686 1522 salutaria
1721 1479 2012 1522 recurrere

449 1556 821 1622 instituerent,
873 1559 1178 1628 cogitantes
1231 1559 1356 1629 quia
1405 1573 1502 1628 per
1542 1558 1901 1628 ignorantiam
1931 1555 2014 1609 of-

441 1646 710 1702 fenderint
756 1661 902 1712 eum,
956 1648 1048 1717 qui
1109 1661 1332 1703 servare
1380 1647 1553 1710 nevit,
1605 1648 1725 1703 ideo
1772 1646 2014 1700 divinam

443 1738 578 1792 iram
603 1737 656 1793 in
696 1753 757 1794 se
775 1739 1081 1807 exacuisse,
1137 1739 1448 1794 necessario
1478 1739 1644 1794 etiam
1688 1747 1817 1792 ante
1861 1737 2014 1791 futu-

442 1842 626 1882 rorum
676 1830 1133 1899 exspectationem
1161 1830 1370 1886 scelera
1404 1846 1594 1886 eorum
1637 1829 1772 1900 ipsis
1801 1843 2014 1884 annuu-

2110 640 2203 698 οὖν
2235 646 2562 716 ἀποχρῶσαν
2595 645 2688 698 τοῦ
2731 646 3029 716 μυστηρίου
3054 647 3153 714 τὴν
3192 645 3424 716 δύναμιν
3460 663 3693 715 συναγη-

2112 735 2324 808 γερκὼς
2371 737 2429 789 ἐν
2475 734 2674 806 ἐαυτῷ,
2723 735 2950 807 ἄρχεται
2997 735 3181 789 λοιπὸν
3210 737 3323 798 τοῖς
3357 734 3416 800 ἐξ
3465 736 3696 806 αἵματος

2125 827 2337 898 Ἰσραὴλ
2367 828 2669 896 ἀναφωνεῖν
2690 827 2758 879 τὰ
2783 826 3064 896 μέλλοντα,
3091 827 3188 881 κα)⁸
3213 826 3314 896 τῆς
3335 825 3457 879 ὅσον
3485 826 3694 880 οὐδέπω

2113 920 2494 992 παρεσομένης
2525 919 2709 983 αὐτοῖς
2745 920 3028 990 συμφορᾶς
3054 918 3260 990 ἐναργῆ
3286 917 3559 971 ποιεῖσθαι
3593 917 3693 986 τὴν

2113 1011 2407 1080 πρόφασιν,
2453 1011 2548 1063 καὶ
2575 1009 2644 1064 τὰ
2692 1011 2776 1077 ἐφ’
2818 1005 2900 1072 οἷς
2934 1008 3230 1079 λελύπηται
3257 1009 3413 1073 Θεὸς,
3448 1003 3506 1060 εὖ
3549 1007 3692 1078 μάλα

2114 1102 2433 1174 διατρανοῦν
2459 1117 2472 1131 ·
2512 1103 2577 1155 ἵν’
2608 1102 2798 1155 εἰδεῖεν
2841 1103 2890 1154 οἱ
2926 1099 3279 1171 κολαζόμενοι
3325 1100 3588 1163 παθόντες
3637 1101 3694 1152 ἐν

2112 1195 2256 1267 δίκῃ,
2285 1195 2352 1248 τὰ
2383 1197 2593 1266 ὅσαπερ
2628 1193 2694 1248 ἂν
2718 1193 2958 1264 συμϐαίη
2995 1193 3187 1246 παθεῖν
3213 1193 3430 1257 αὐτούς.
3477 1190 3694 1262 Ἐπειδὴ

2113 1287 2221 1358 γὰρ
2256 1286 2478 1356 ἔμελλον
2508 1285 2816 1340 ἁλώσεσθαι
2849 1285 2946 1355 μὲν
2985 1284 3078 1338 ὑπ’
3110 1283 3338 1355 ἐχθρῶν,
3373 1285 3453 1349 είς
3483 1284 3694 1352 γέλωτα

2114 1379 2172 1432 δέ
2202 1379 2524 1450 προκεῖσθαι
2549 1377 2738 1432 λοιπὸν
2762 1380 2875 1442 τοῖς
2904 1377 3131 1448 ἀρίστην
3158 1377 3371 1448 ἔχουσιν
3393 1376 3572 1430 αὐτῶν

2113 1469 2292 1533 δόξαν,
2332 1471 2426 1523 καὶ
2457 1468 2566 1523 τῶν
2614 1469 2790 1524 ἄλλων
2825 1469 3082 1523 ἁπάντων
3115 1468 3286 1522 ἐθνῶν
3317 1467 3693 1522 δυσαλώτατον

2115 1560 2383 1630 ὑπάρχειν
2425 1560 2694 1631 οἰομένοις
2740 1559 2832 1612 τὸν
2892 1556 3128 1628 Ἰσραὴλ,
3170 1557 3258 1610 ἵνα
3301 1557 3376 1628 μὴ
3414 1557 3695 1628 νομίσειαν

2115 1651 2257 1704 κατὰ
2302 1652 2445 1718 σφᾶς
2477 1651 2676 1714 αὐτοὺς
2705 1649 2802 1721 τὴν
2838 1649 3224 1719 ἐπαμύνουσάν
3253 1667 3313 1702 τε
3368 1649 3463 1703 καὶ
3494 1649 3694 1714 σώζου-

2118 1759 2218 1795 σαν
2241 1743 2504 1813 ἀτονῆσαι
2525 1744 2698 1812 χεῖρα,
2727 1741 3155 1810 μεταγινώσκειν
3175 1740 3234 1792 δέ
3260 1739 3461 1810 μᾶλλον
3491 1739 3695 1792 ἕλοιντό

2115 1847 2175 1884 τε
2214 1831 2310 1884 καὶ
2359 1830 2497 1902 πρὸς
2523 1830 2592 1883 τὰ
2611 1831 2820 1901 ἀμείνω
2843 1829 3251 1901 παλινδρομεῖν,
3278 1828 3582 1892 ἐννοοῦντες
3612 1831 3694 1882 ὅτι

442 1919 570 1982 tiat,
621 1919 734 1991 64.
777 1892 839 1975 et
873 1921 1001 1976 ait:
1036 1939 1058 1974 ι
1097 1921 1299 1977 Audite
1351 1924 1578 1977 verbum
1627 1892 1870 1986 Domini,
1917 1919 2011 1974 ﬁlii

2120 1920 2629 1993 προσκεκρούκασιν
2687 1920 3081 1991 ἁμαθαίνοντες
3133 1921 3212 1990 τῷ
3265 1920 3458 1985 σώζειν
3509 1921 3690 1983 εἰδότι,

440 2008 626 2076 israel,
673 2011 800 2080 quia
825 2011 1096 2080 judicium
1139 2015 1366 2069 Domino
1420 2013 1488 2069 ad
1532 2013 1839 2068 habitantes
1905 2020 2014 2065 ter-

443 2117 581 2156 ram.
617 2120 637 2154 ι
694 2102 904 2160 Judicio
950 2113 1130 2160 autem
1173 2105 1452 2161 contendit
1502 2119 1624 2161 cum
1677 2103 2011 2168 hominibus,

441 2182 766 2265 eoarguens,
793 2209 900 2250 non
933 2197 1260 2252 sententiam
1318 2197 1616 2267 excipiens,
1666 2204 1723 2251 et
1751 2195 2013 2266 impietati

447 2285 502 2340 in
530 2286 707 2356 ipsum
742 2287 994 2343 obnoxiis
1047 2299 1231 2358 aperta
1265 2297 1330 2344 ac
1382 2289 1526 2344 nuda
1578 2301 1766 2344 eorum
1809 2287 2014 2342 scelera

443 2379 713 2448 proponit,
747 2379 901 2449 juxta
933 2380 1086 2448 illud,
1122 2382 1360 2452 opinor:
1401 2398 1421 2432 t
1457 2382 1692 2451 Arguam
1720 2387 1792 2445 te,
1823 2389 1878 2434 et
1899 2386 2012 2434 sta-

443 2480 594 2526 tuam
632 2483 823 2527 contra
865 2472 1059 2529 faciem
1093 2480 1240 2528 tuam
1269 2471 1589 2542 iniquitates
1619 2480 1748 2527 tuas
1778 2472 1849 2526 ⁷⁸.
1886 2488 1906 2523 ι
1948 2484 2015 2524 ne

445 2571 649 2618 temere
677 2564 813 2618 iram
841 2565 892 2618 in
920 2575 980 2620 se
1012 2563 1265 2620 collatam
1287 2564 1472 2620 dicant
1501 2580 1519 2631 ;
1563 2563 1657 2619 sed
1689 2571 1750 2618 ut
1775 2561 2015 2618 debitum

445 2655 740 2723 quoddam,
770 2664 826 2708 et
869 2655 1126 2709 maximis
1165 2653 1562 2725 peccatoribus,
1604 2661 1661 2708 et
1699 2652 2018 2708 necessario

441 2747 797 2817 persolutum.
847 2746 990 2814 Quid
1038 2761 1200 2817 porro
1242 2744 1379 2800 dicit
1433 2747 1525 2815 qui
1564 2743 1855 2812 disceptat,
1904 2744 2018 2797 sive

442 2841 536 2909 qui
569 2838 786 2909 arguit?
836 2856 855 2889 ι
911 2853 1016 2894 nou
1073 2846 1160 2893 est
1199 2837 1424 2901 veritas.
1479 2851 1578 2890 nec
1618 2832 2015 2897 misericordia,

447 2939 549 2985 nec
575 2929 803 2985 scientia
831 2912 926 2984 Dei
965 2943 1128 2999 super
1165 2937 1394 2984 terram.
1429 2947 1448 2980 ι
1485 2928 1638 2994 Quod
1661 2926 1880 2990 dicitur,
1911 2938 2014 2980 non

446 3036 572 3078 esse
621 3022 932 3086 veritatem,
967 3021 1021 3076 id
1051 3021 1326 3084 insinuat,
1374 3029 1431 3075 et
1479 3021 1867 3076 convenienter
1915 3019 2015 3073 ad-

447 3113 688 3178 modum,
719 3110 860 3182 apud
885 3126 1077 3168 omnes
1107 3125 1204 3182 per
1247 3112 1302 3167 id
1331 3121 1542 3181 tempus
1585 3112 1813 3165 multum
1849 3110 2016 3166 fuisse

446 3205 864 3271 calumniarum,
907 3203 1169 3274 periurii,
1213 3202 1441 3259 fallaciae
1483 3219 1550 3258 ac
1585 3203 1717 3269 doli,
1765 3211 2012 3258 extrema
2041 3239 2083 3296 ο

449 3295 719 3352 malorum
769 3295 1036 3350 omnium.
1092 3295 1284 3351 Fuisse
1330 3311 1464 3350 vero
1493 3310 1592 3350 nec
1633 3296 2013 3363 redamantes,

448 3402 550 3444 nec
595 3386 1028 3443 misericordiam
1080 3387 1336 3443 habuisse
1368 3389 1534 3443 corde
1573 3388 1807 3457 rigidos,
1843 3388 2019 3443 immi-

450 3491 557 3548 tes,
588 3479 770 3534 animo
798 3478 1137 3540 obﬁrmatos.
1175 3481 1310 3536 satis
1334 3481 1622 3536 ostendere
1643 3491 1846 3552 potest,
1875 3481 2018 3552 quod

449 3575 684 3640 dicitur,
731 3587 837 3627 non
885 3586 1006 3628 esse
1060 3573 1201 3640 apud
1246 3586 1342 3628 eos
1381 3572 1836 3628 misericordiam.
1891 3573 2019 3627 Esse

453 3677 631 3721 autem
659 3664 957 3733 voluptatis
983 3664 1183 3733 patius,
1215 3679 1376 3734 quam
1404 3664 1500 3720 Dei
1542 3673 1814 3729 amantes,
1837 3675 1892 3719 et
1915 3665 2022 3719 diis

453 3757 846 3815 cetnmentitiis
898 3758 1113 3826 penitus
1154 3757 1421 3822 addictos,
1479 3757 1706 3827 insuper
1755 3757 2020 3824 declarat,

451 3865 579 3904 cum
623 3848 718 3904 Dei
767 3847 1052 3904 scientiam
1107 3862 1214 3902 non
1262 3861 1384 3903 esse
1442 3849 1499 3903 in
1559 3849 1717 3906 terris
1768 3849 2020 3904 aﬂirtnat.

449 3940 722 3995 Praeterea
773 3954 880 3994 non
935 3938 1192 3994 indecens
1241 3937 1426 4007 fuerit,
1479 3949 1586 3995 tam
1645 3941 1802 3997 tetris
1833 3980 1848 4007 ,
1901 3949 1958 3997 et
1992 3958 2023 3995 a

453 4031 663 4085 ratione
688 4028 881 4084 alienis
919 4029 1063 4083 vitiis
1083 4029 1406 4096 obstrictos,
1455 4031 1715 4086 arbitrari
1748 4047 1817 4086 ne
1859 4047 2023 4088 nosse

451 4121 670 4189 quidem
698 4119 929 4190 amplius
960 4119 1128 4174 Deum
1173 4122 1495 4192 :‘siquidem
1527 4137 1690 4179 nosse
1734 4124 1890 4180 illum
1941 4125 2025 4180 di-

451 4214 622 4267 t-itnus
645 4227 768 4268 cum
800 4213 938 4268 bene
971 4212 1038 4268 de
1069 4227 1135 4268 eo
1169 4214 1479 4281 Isentientes
1522 4215 1719 4270 divina:
1766 4215 1883 4284 ejus
1927 4231 2025 4270 vo-

450 4307 644 4362 luntati
676 4306 1131 4361 obsecundamus.
1157 4307 1414 4378 Adiungit
1441 4307 1549 4373 his,
1593 4325 1613 4360 ι
1649 4308 2023 4376 maledictum,

454 4400 822 4466 mendacium,
854 4399 1492 4467 bomicidium,l‘urtt1m,
1537 4401 1864 4462 adulterium
1895 4403 2028 4458 eﬂ'u-

451 4507 569 4547 sum
603 4507 725 4548 esse
749 4506 913 4560 super
945 4500 1167 4555 terram,
1212 4502 1268 4546 et
1296 4492 1513 4548 misceri
1565 4495 1854 4565 sanguines
1895 4510 2025 4550 san-

2112 2014 2390 2083 ταύτῃτοι,
2422 2013 2522 2066 καὶ
2567 2013 2921 2066 πεπτώκασιν
2968 2013 3072 2066 ὑπὸ
3110 2013 3260 2067 θείαν
3292 2012 3479 2085 ὀργὴν,
3527 2013 3694 2081 ἀναγ-

2115 2105 2286 2168 καίως
2315 2105 2500 2167 αὐτοῖς
2529 2104 2624 2156 καὶ
2641 2104 2747 2174 πρό
2762 2121 2826 2171 γε
2853 2103 2961 2157 τῶν
2994 2104 3212 2157 ἔσεσθαι
3230 2103 3697 2175 προσδοκωμένων

2115 2196 2596 2269 προσαπαγγέλλει
2625 2198 2693 2250 τὰ
2730 2197 3071 2265 ἐγκλήματα,
3103 2196 3200 2249 καί
3223 2213 3419 2266 φησιν’
3459 2215 3476 2247 ι
3518 2195 3698 2249 ’Ᾱκούο

2117 2303 2244 2339 σατε
2274 2287 2430 2355 λόγον
2463 2287 2691 2357 Κυρίου,
2741 2289 2792 2339 οἱ
2825 2290 2931 2339 uiui.
2991 2286 3236 2358 Ἰσραήλ·
3290 2287 3372 2339 ὅτι
3413 2284 3593 2357 κρίσις
3618 2284 3698 2354 τῷ

2115 2377 2306 2450 Κυρίῳ
2339 2377 2474 2448 πρὸς
2496 2379 2623 2440 τοὺς
2655 2375 3048 2440 κατοικοῦντας
3073 2377 3174 2447 τὴν
3202 2376 3326 2448 γῆν.
3363 2391 3389 2428 ν
3432 2377 3693 2448 Κρίνεται

2115 2470 2172 2524 δέ
2211 2470 2350 2541 πρὸς
2382 2469 2702 2540 ἀνθρώπους
2734 2469 2888 2534 Θεὸς,
2931 2469 3190 2539 ἐλέγχων,
3220 2469 3281 2522 οὐ
3323 2468 3694 2538 δικαζόμενος,

2116 2561 2209 2613 καὶ
2237 2560 2557 2632 παρατιθεὶς
2585 2563 2698 2624 τοῖς
2737 2562 2822 2624 εἰς
2854 2561 3015 2614 αὑτὸν
3056 2558 3475 2630 δεδυσσεϐηκόσι
3514 2558 3699 2628 γυμνὰ

2115 2651 2184 2704 τὰ
2217 2651 2558 2721 ἐγκλήματα,
2587 2650 2708 2703 κατ’
2738 2650 2914 2704 ἐκεῖνό
2941 2657 3048 2702 που
3077 2649 3218 2719 τάχα
3258 2648 3320 2702 τὸ
3352 2650 3410 2700 ἐν
3438 2649 3688 2719 1Ψαλμοῖς

2116 2742 2453 2813 ὑμνούμενον
2487 2758 2500 2772 ’
2531 2750 2553 2794 't
2600 2740 2836 2810 Ἐλέγξω
2878 2751 2960 2805 σε,
3011 2742 3105 2794 καὶ
3166 2741 3507 2812 παραστήσω
3558 2742 3699 2808 κατὰ
3752 2783 3754 2786 .

2116 2834 2406 2906 πρόσωπόν
2450 2849 2545 2886 σου
2591 2833 2690 2897 τὰς
2729 2835 2966 2902 ἀνομίας
3014 2849 3109 2886 σου
3136 2849 3152 2865 ·
3195 2850 3215 2883 ι
3257 2832 3346 2885 ἵνα
3393 2831 3467 2902 μὴ
3519 2831 3698 2903 μάτην

2115 2929 2298 2990 αὐτοῖς
2327 2926 2691 2997 ἐπενηνέχθαι
2721 2926 2976 2995 φάσκωσι
3025 2925 3122 2997 τὴν
3154 2925 3347 2997 ὀργὴν,
3375 2924 3490 2980 ἀλλ’
3535 2924 3612 2987 ὼς
3640 2927 3698 2976 ἐν

2114 3018 2429 3090 ὀφλήματος
2457 3018 2608 3086 τάξει
2636 3018 2843 3083 λοιπὸν,
2875 3019 2969 3072 καὶ
2993 3020 3106 3081 τοῖς
3141 3018 3212 3071 τὰ
3257 3020 3491 3089 μέγιστα
3518 3017 3623 3087 πλη
3633 3035 3698 3086 μ-

2120 3109 2303 3181 μελεῖν
2356 3111 2594 3176 εἰωθόσι,
2641 3111 2731 3163 καὶ
2767 3109 2828 3174 ἐξ
2859 3111 3105 3180 ἀνάγκης
3155 3109 3580 3179 συμϐαίνουσαν.
3631 3105 3700 3159 Τί

2114 3203 2171 3256 δέ
2202 3221 2367 3274 φησιν
2394 3205 2424 3256 ὁ
2453 3204 2791 3275 κρινόμενος,
2825 3205 2943 3273 ἦτοι
2975 3202 3304 3272 διελέγχων;
3346 3219 3366 3252 t
3408 3202 3520 3254 Οὔκ
3553 3199 3700 3254 ἐστιν

2119 3295 2364 3366 ἀλήθεια,
2407 3295 2528 3348 οὐδὲ
2575 3293 2744 3357 ἔλεος,
2783 3294 2904 3346 οὐδὲ
2951 3293 3247 3362 ἐπίγνωσις
3287 3294 3422 3347 Θεοῦ
3464 3295 3557 3347 ἐπὶ
3600 3293 3702 3363 τῆς

2119 3387 2242 3455 γῆς.
2282 3404 2306 3439 ι
2343 3387 2417 3440 Τὸ
2448 3387 2548 3457 μὲν
2579 3381 2671 3439 οὖν
2703 3386 2960 3456 ἀλήθειαν
3007 3388 3083 3457 μὴ
3126 3383 3262 3440 εἷναι
3291 3386 3490 3456 λέγειν,
3527 3387 3702 3456 ὑπεμ-

2122 3481 2341 3550 φήνειεν
2375 3478 2442 3533 ἂν
2469 3478 2563 3531 καὶ
2597 3477 2740 3549 μάλα
2768 3463 3010 3542 εἰκότως,
3039 3478 3123 3531 ὅτι
3159 3476 3359 3549 πολλὴν
3389 3476 3539 3548 παρὰ
3563 3479 3702 3530 πᾶσι

2121 3571 2240 3624 κατ’
2275 3572 2448 3624 ἐκεῖνο
2475 3569 2669 3640 καιροῦ
2698 3569 2918 3639 γέγονεν
2944 3571 2976 3638 ἡ
3010 3569 3362 3637 συκοφαντία,
3405 3567 3700 3638 ψευδορκία

2121 3679 2178 3715 τε
2209 3663 2301 3716 καὶ
2341 3663 2546 3732 ἀπάτη,
2582 3662 2676 3714 καὶ
2703 3661 2872 3727 δόλος,
2918 3661 2988 3714 τὰ
3036 3662 3252 3715 πάντων
3293 3661 3548 3732 αἴσχιστα
3593 3661 3701 3714 τῶν

2123 3753 2328 3809 κακῶν.
2357 3755 2479 3808 Ὅτι
2506 3753 2562 3806 δέ
2583 3743 2731 3824 ’ἦσαν
2776 3753 3124 3824 ἁφιλάλληλοί
3156 3772 3214 3807 τε
3246 3755 3340 3808 καὶ
3372 3755 3702 3825 ἀφιλοικτίρ-

2127 3864 2305 3918 μονες,
2355 3845 2606 3915 ἄτεγκτοί
2661 3863 2721 3898 τε
2769 3847 2864 3900 καλ⁵
2911 3847 3263 3917 ἀτεράμονες,
3310 3845 3404 3899 καὶ
3449 3847 3543 3900 τὸν
3578 3845 3702 3899 νοῦν

2123 3939 2548 4010 ἀπεσκληκότες,
2575 3920 2977 4010 ὑπσημῆνειεν
3020 3939 3087 3992 ἂν
3129 3940 3192 3992 τὸ
3236 3937 3311 4011 μὴ
3359 3939 3498 3994 εἶναι
3528 3940 3699 4003 ἔλεος.

2129 4031 2248 4084 ’Ὁτι
2279 4030 2335 4083 δὲ
2366 4031 2637 4100 φιλήδονοι
2669 4031 2869 4100 μᾶλλον
2924 4032 2957 4100 ἥ
2982 4029 3240 4099 φιλόθεοι,
3273 4032 3366 4085 καὶ
3405 4033 3515 4095 τοῖς
3541 4031 3703 4100 ψευδ-

2124 4125 2361 4195 ωνύμοις
2409 4125 2552 4189 θεοῖς
2595 4126 2904 4197 ’ὁλοτρόπως
2959 4126 3388 4197 προσκείμενοι,
3453 4127 3706 4197 σαφηνιετ

2126 4218 2307 4284 πάλιν,
2338 4219 2632 4286 ἐπίγνωσιν
2663 4217 2798 4271 Θεοῦ
2831 4219 2904 4288 μὴ
2935 4214 3073 4271 εἶναι
3110 4218 3285 4285 λέγων
3330 4218 3420 4270 ἐπὶ
3449 4221 3550 4288 τῆς
3573 4218 3699 4289 γῆς.

2131 4310 2339 4373 ’Ἄλλως
2363 4327 2423 4363 τε
2449 4309 2646 4380 πρέποι
2675 4312 2740 4362 ἂν
2769 4311 2994 4372 εἰκότως
3026 4310 3138 4374 τοῖς
3177 4311 3297 4372 ταῖς
3331 4307 3472 4361 οὕτω
3504 4309 3708 4372 δειναῖς

2127 4402 2377 4466 ἀτοπίαις
2424 4401 2796 4472 ἐνισχημένοις
2827 4401 2920 4453 καὶ
2957 4400 3019 4454 τὸ
3059 4400 3235 4454 δοκεῖν
3275 4401 3376 4472 ἤδη
3409 4419 3526 4464 πως
3570 4401 3706 4471 μηδέ

2128 4493 2325 4546 ειδέναι
2351 4493 2502 4547 Θεόν,
2543 4491 2713 4563 Εἴπερ
2744 4492 2942 4545 εἰδέναι
2981 4493 3160 4562 φαμὲν
3188 4492 3350 4546 αὑτὸν
3384 4491 3707 4564 φρονοῦντος

450 4584 726 4654 guinibns.
764 4602 783 4636 ι
811 4583 981 4639 Audis
1006 4585 1278 4654 quomodo
1301 4586 1352 4639 in
1378 4600 1548 4654 genus
1567 4601 1729 4642 omne
1756 4587 2018 4644 scelerum

2125 4585 2318 4657 ὀρθῶς,
2349 4586 2443 4638 καὶ
2470 4587 2596 4648 τοὺς
2621 4588 2734 4649 τοῖς
2781 4586 2945 4649 θείοις
2977 4585 3142 4639 αὐτοῦ
3176 4585 3475 4657 θελήμασιν
3503 4587 3707 4657 ἑπομέ-

455 4675 765 4745 pmcipites
797 4675 1066 4741 abierint,
1103 4685 1157 4730 et
1187 4676 1326 4730 ultra
1382 4678 1518 4733 lines
1554 4679 1847 4749 impietatis
1895 4696 2027 4751 pro-

451 4767 647 4836 gressi,
677 4767 742 4821 de
767 4763 964 4837 quibus
991 4783 1171 4824 sermo
1201 4780 1306 4833 est,
1335 4770 1468 4824 nihil
1492 4773 1842 4841 quantumvis
1870 4773 2027 4842 longe

453 4856 937 4912 insolentissimum
985 4859 1324 4930 inexpertum
1375 4861 1736 4932 reliquerint?
1787 4863 1854 4918 Et
1883 4864 2026 4934 quod

451 4951 539 5004 bis
585 4949 760 5005 adhuc
791 4965 820 5003 a
851 4949 1062 5006 ratione
1107 4951 1272 5005 distat
1305 4951 1542 5022 longius,
1613 4972 1631 5005 ι
1688 4953 1980 5023 sanguines
2009 4993 2025 5020 ,

451 5039 648 5109 inquit,
697 5040 1052 5109 sanguinibus
1092 5041 1344 5098 miscent.
1385 5062 1406 5097 ι
1445 5042 1559 5100 Hoc
1613 5046 1776 5100 etiam
1811 5046 2022 5115 signum

450 5132 615 5187 luerit
665 5131 1014 5188 manifestum
1047 5173 1063 5200 ,
1113 5147 1289 5203 neque
1338 5135 1583 5192 inducias
1638 5139 1900 5193 malorum
1957 5141 2025 5195 ab

452 5225 520 5279 iis
569 5225 818 5293 admitti,
875 5239 1051 5296 neque
1101 5223 1408 5294 huiusmodi
1482 5228 1783 5284 facinorum
1834 5245 2026 5300 perpe-

452 5326 688 5372 tratores
735 5317 842 5371 ulla
893 5317 1231 5388 prenitudine
1289 5327 1461 5375 tactos
1516 5337 1752 5392 unquam
1796 5320 2018 5391 fuisse;

449 5408 546 5461 sed
573 5409 793 5464 assiduo
823 5420 1102 5478 peccatum
1140 5406 1362 5481 pecc'ato
1417 5414 1723 5469 cumulare.
1773 5412 1880 5469 Sed
1917 5416 2017 5470 ista

451 5498 667 5566 quidem
724 5516 822 5570 pro
873 5503 1212 5572 expositione
1274 5503 1519 5560 faciliore
1571 5520 1636 5562 ac
1694 5509 2025 5577 promptiore

451 5591 595 5645 dicta
625 5601 805 5646 sunto.

449 5680 706 5736 τετάσθαι
747 5685 846 5754 τὴν
893 5684 1187 5755 ἁμαρτίαν.
1230 5685 1389 5742 Ἀλλὰ
1436 5689 1592 5742 ταυτὶ
1658 5689 1755 5760 μὲν
1785 5690 2025 5760 εἰρήσθω

491 5859 536 5891 ⁷⁸
567 5858 710 5914 Psal.
740 5874 896 5928 Διιιικ,
934 5859 1029 5915 21.

2131 4695 2276 4741 νους.
2295 4679 2641 4750 Προσεπάγει
2657 4677 2713 4730 δέ
2731 4677 2957 4741 τούτοις,
2972 4679 3082 4731 ὅτι(
3107 4677 3259 4748 Ἀρὰ,
3274 4678 3367 4732 καὶ
3381 4677 3706 4746 ψεῦδος,καὶ

2129 4771 2310 4840 φόνος,
2341 4771 2435 4825 καὶ
2467 4770 2662 4842 κλοπὴ,
2693 4771 2787 4824 καὶ
2831 4772 3043 4842 μοιχεία
3070 4772 3298 4842 κέχυται
3328 4772 3419 4824 ἐπὶ
3445 4770 3542 4839 τῆς
3582 4771 3705 4841 γῆς,

2130 4863 2224 4918 καὶ
2271 4863 2478 4933 αἵματα
2531 4863 2616 4932 ἐφ’
2641 4863 2834 4933 αἵμασι
2883 4864 3188 4934 μίσγουσιν.
3229 4882 3248 4914 ι
3297 4863 3541 4924 Ἀκούεις
3561 4863 3708 4924 ὅπως

2129 4955 2208 5019 είς
2237 4955 2388 5025 λῆξιν
2416 4956 2584 5025 ἥκασι
2617 4955 2819 5019 παντὸς
2858 4955 3050 5020 κακοῦ,
3080 4957 3174 5010 καὶ
3213 4956 3708 5025 ἀνοσίωννέγχειρη-

2133 5047 2318 5118 μάτων
2345 5046 2598 5099 ἐπέκεινα
2629 5045 2837 5109 λοιπὸν,
2857 5049 2904 5100 οἱ
2932 5064 2996 5100 πε
3007 5049 3058 5118 pi
3077 5041 3150 5100 ὧν
3171 5049 3198 5101 ό
3220 5047 3398 5115 λόγος,
3427 5046 3535 5100 τῶν
3569 5046 3708 5113 ἄγαν

2127 5137 2518 5191 ἐκτοπωτάτων
2537 5136 2686 5191 οὐδὲν
2713 5137 2905 5202 ἐῶντες
2926 5138 3336 5209 ἀνεπιτήδευτον
3357 5157 3371 5204 ;
3399 5139 3512 5191 Καὶ
3547 5137 3607 5190 τὸ
3628 5135 3708 5189 ἐτι

2126 5226 2316 5280 τούτου
2343 5226 2813 5298 παραλογώτερον,
2835 5227 3044 5299 αἵματα
3066 5228 3151 5297 ἐφ’
3181 5230 3377 5299 αἵμασι
3419 5229 3702 5299 μίσγουσι,

2129 5320 2280 5392 φησί.
2324 5321 2558 5390 Σημείον
2609 5320 2653 5373 δ’
2693 5320 2760 5375 ἂν
2795 5321 3004 5389 γένοιτο
3049 5322 3145 5376 καὶ
3182 5321 3339 5376 τοῦτο
3379 5320 3568 5388 σαφὲς,
3613 5317 3708 5371 τοῦ

2131 5415 2267 5484 μήτε
2312 5412 2603 5483 ἀνακωχὴν
2649 5412 3132 5486 παρεισκρίνεσθαι
3159 5416 3280 5478 ’τοῖς
3311 5411 3708 5482 κακοῖς·-μήτε

2135 5504 2241 5576 μὴν
2263 5505 2320 5557 ἐν
2353 5504 2689 5576 μεταγνώσει
2718 5504 2828 5558 τῶν
2854 5505 3270 5576 τετολμημένων
3300 5502 3420 5572 γενέ
3432 5503 3550 5557 σθαι
3582 5502 3710 5565 τοὺς

2133 5597 2479 5668 δεδρακότας,
2511 5597 2710 5668 συνεχῆ
2749 5598 2804 5650 δὲ
2837 5596 3026 5669 ῶσπερ
3065 5597 3159 5650 καὶ
3199 5595 3500 5666 ἐπάλληλον
3533 5610 3711 5665 παρα.-

2094 5690 2229 5761 πρὸς
2268 5690 2594 5761 διασὰφησιν
2628 5690 2726 5761 τὴν
2755 5689 3196 5762 προχειροτέραν.
