4046 6376
388 353 487 409 H3

1319 328 1871 404 COMMENTARIUS
1909 342 1975 395 IN
2010 341 2242 397 OSEAM
2284 340 2722 395 PROPHETAM.
2775 331 2783 339 '

3540 343 3641 401 ιιι

458 477 644 529 Ἔοικε
672 474 729 527 δὲ
764 474 925 528 πάλιν
951 474 979 526 ὁ
1010 474 1278 544 μακάριος
1310 474 1593 543 προφήτης
1627 470 1963 541 μυστικωτέ·

2140 465 2362 519 Videtur
2396 475 2573 520 autem
2602 467 2790 520 beatus
2816 466 3077 534 propheta
3113 480 3328 521 rursum
3366 481 3627 522 arcanam

348 560 349 565 “
390 582 487 630 ραν
521 564 792 619 ποιεῖσθαι
820 565 954 635 ἡμῖν
983 564 1083 635 τὴν
1112 564 1409 634 ἀφήγησιν,
1445 564 1540 616 καὶ
1581 560 1962 615 καταιτιᾶσθαι

386 658 476 709 τὸν
516 655 739 726 Ἰσραὴλ
784 656 877 708 ἐπὶ
920 658 1040 718 ταῖς
1087 657 1168 718 εἰς
1216 655 1449 725 Χριστὸν
1495 654 1822 724 παροινίαις,
1872 653 1965 706 καὶ

347 764 351 768 '
390 747 723 816 μιαιφονίαις
768 749 889 809 ταῖς
918 748 997 810 εἰς
1024 747 1184 799 αὐτὸν
1212 747 1309 799 καὶ
1333 745 1541 813 ἀγίους.
1581 764 1599 797 ι
1637 746 1831 817 Κρίσις
1858 744 1966 813 γὰρ

386 835 465 905 τῷ
500 835 691 907 Κυρίῳ
719 835 857 905 πρὸς
881 838 1007 900 τοὺς
1035 836 1420 899 κατοικοῦντας
1463 835 1563 907 τὴν
1586 836 1708 906 γῆν.
1750 856 1769 888 ι
1824 836 1964 889 Ἀνθ“

388 928 535 988 ὅτου,
571 926 664 979 καὶ
697 928 790 979 ἐπὶ
819 926 997 993 τίσιν;
1058 927 1334 998 Ἐπεφάνη
1385 928 1491 998 γάρ
1518 930 1652 996 ἡμῖν
1689 929 1716 980 6
1764 927 1968 998 Κύριος

391 1017 548 1088 ἡμῶν
587 1018 791 1082 Ἰησοῦς
821 1020 849 1071 6
882 1020 1135 1091 Χριστὸς,
1169 1021 1261 1073 καὶ
1287 1020 1588 1091 ἀπεστάλη,
1621 1020 1764 1073 καθά
1805 1036 1968 1089 φησιν

396 1109 571 1172 αὐτὸς,
603 1128 621 1159 t
659 1110 753 1172 El;
778 1109 847 1163 τὰ
873 1110 1187 1163 ἀπολωλότα
1218 1111 1465 1181 πρόϐατα
1496 1112 1643 1164 οἴκου
1680 1110 1916 1181 Ἰσραὴλ,
1946 1130 1963 1161 ι

397 1202 481 1254 ἵνα
509 1201 718 1272 φωτίσῃ
765 1205 830 1273 τῇ
883 1202 973 1256 διὰ
1004 1202 1318 1272 Πνεύματος
1366 1202 1620 1273 δᾳδουχίᾳ
1660 1203 1788 1264 τοὺς
1815 1203 1972 1253 ἐσκο-

396 1292 701 1363 τισμένους,
750 1294 836 1346 ἵνα
878 1294 979 1364 τῆς
1007 1295 1237 1364 νομικῆς
1281 1293 1593 1358 ἀπαλλάξας
1641 1295 1818 1357 σκιᾶς,
1861 1296 1971 1357 τοῖς

395 1384 491 1453 τῆς
520 1383 757 1453 ἀληθοῦς
784 1384 1040 1455 λατρείας
1070 1385 1343 1455 ὲμϐιϐἁσῃ
1366 1385 1610 1455 τρόποις,
1644 1384 1730 1438 ίνα
1755 1384 1971 1437 δικαιώ-

396 1490 494 1536 σας
524 1475 591 1544 τῇ
643 1474 823 1527 πίστει
872 1474 996 1537 τοὺς
1035 1477 1155 1535 ταῖς
1201 1474 1495 1544 ἁμαρτίαις
1527 1473 1969 1543 ἐνειλημμένους,

396 1564 608 1638 συνάψῃ
636 1564 701 1618 δι’
733 1564 924 1618 ἑαυτοῦ
959 1565 1036 1635 τῷ
1067 1564 1185 1635 Θεῷ
1219 1566 1310 1618 καὶ
1339 1564 1533 1635 Πατρί.
1567 1564 1703 1617 Ἀλλ’
1728 1564 1828 1616 οὐκ
1857 1564 1972 1616 ἐδό-

395 1670 480 1705 κει
532 1656 746 1725 φρονεῖν
791 1653 965 1724 ὀρθῶς
1015 1656 1127 1718 τοῖς
1174 1654 1234 1718 ἐξ
1293 1655 1527 1725 Ἰσραήλ.
1572 1653 1676 1707 Τὸν
1722 1653 1831 1725 γὰρ
1881 1653 1972 1707 ἐπὶ

392 1744 602 1807 τούτοις
630 1744 690 1809 ἐξ
722 1746 967 1815 οὐρανῶν
992 1747 1291 1817 ἀφιγμένον
1316 1746 1733 1818 εκὸεὸλήκασιν,
1779 1745 1971 1799 ἀπεδο-

2067 558 2353 626 quamdam
2384 570 2436 611 et
2465 558 2746 628 mysticam
2771 558 2924 613 nobis
2950 559 3317 614 narrationem
3346 560 3637 624 adducere.

2068 660 2126 703 et
2169 649 2423 704 lsraelem
2470 657 2692 719 propter
2727 650 3188 706 debacchationes
3229 652 3280 705 in
3329 651 3637 711 Christum.

2067 748 2121 795 ct
2150 740 2323 796 caedes
2360 739 2412 793 in
2458 739 2631 807 ipsum
2669 748 2726 794 et
2765 750 2986 794 sanctos
3020 738 3140 808 ejus
3182 738 3504 794 commissas
3549 754 3642 793 ac-

2069 846 2283 887 cusare.
2345 849 2363 881 (
2424 828 2696 885 Judicium
2741 833 2887 887 enim
2938 832 3168 886 Domino
3223 832 3289 884 ad
3331 832 3643 887 habitantes

2070 932 2294 979 terram.
2332 942 2349 975 ι
2374 921 2666 988 Quorsum,
2716 933 2770 977 et
2801 924 2997 992 quibus
3041 923 3109 978 de
3138 922 3357 979 causis?
3381 924 3645 992 Apparuit

2068 1014 2214 1070 enim
2241 1012 2395 1087 nobis
2427 1014 2685 1069 Dominus
2716 1025 2901 1068 noster
2924 1014 3085 1070 Jcsus
3118 1015 3393 1079 Christus,
3425 1023 3479 1069 et
3514 1014 3646 1067 mis-

2070 1119 2185 1171 sus,
2218 1105 2357 1160 sicut
2404 1105 2481 1159 ait
2521 1106 2653 1174 ipse,
2688 1105 2753 1158 ad
2792 1120 2921 1160 oves
2961 1122 3083 1175 quae
3130 1108 3410 1176 perierunt
3452 1107 3646 1161 domus

2073 1196 2238 1251 Israel
2266 1197 2333 1260 ⁷⁷,
2374 1215 2391 1247 ι
2429 1195 2537 1266 65
2569 1207 2628 1251 ut
2659 1197 2900 1255 tenebris
2922 1206 3140 1265 cpertos
3168 1197 3404 1264 Spiritus
3436 1196 3645 1251 facibus

2073 1285 2443 1353 illuminaret;
2486 1297 2543 1339 ut
2577 1287 2840 1356 legalibus
2883 1288 3089 1341 umbris
3131 1288 3417 1355 expeditos
3448 1286 3514 1339 ad
3555 1299 3647 1339 ve-

2073 1393 2190 1431 ram
2225 1378 2393 1433 divini
2416 1380 2595 1435 cultus
2618 1396 2863 1435 normam
2916 1380 3304 1439 introduceret.
3338 1395 3447 1450 quo
3479 1379 3643 1450 justi-

2076 1470 2261 1524 [icatos
2286 1486 2381 1539 per
2406 1471 2587 1539 tidem,
2611 1473 2703 1543 qui
2730 1484 2891 1528 erant
2908 1473 3148 1543 peccatis
3166 1473 3435 1543 impliciti,
3473 1487 3569 1543 per
3584 1486 3647 1526 se

2074 1575 2194 1613 cum
2219 1561 2330 1617 Deo
2356 1572 2411 1617 et
2429 1562 2590 1619 Patre
2609 1565 2985 1636 conjungeret.
3014 1564 3215 1620 Verum
3242 1564 3425 1619 lsraeli
3441 1580 3544 1620 non
3562 1572 3649 1620 est

2073 1650 2247 1704 visum
2274 1667 2486 1722 sapere.
2520 1654 2670 1709 lllum
2698 1669 2932 1725 namque
2962 1656 3053 1725 qui
3084 1655 3239 1722 hujus
3261 1671 3391 1726 ergo
3415 1657 3479 1709 de
3505 1656 3647 1710 caelo

2075 1754 2316 1809 venerat,
2346 1744 2644 1816 ejecerunt,
2683 1747 3046 1814 reprobarunt
3076 1748 3363 1801 veritatem
3399 1754 3455 1801 et
3486 1748 3649 1801 mise-

397 1837 656 1905 κίμασαν,
675 1838 775 1891 οὐκ
798 1838 1067 1907 ἠθέλησαν
1089 1838 1229 1908 ἔχειν
1254 1839 1312 1891 ὲν
1337 1840 1549 1900 ἑαυτοῖς
1569 1837 1665 1907 τὴν
1694 1837 1969 1907 ἀλήθειαν,

2085 1832 2384 1899 ricordiant,
2415 1836 2698 1891 scientiam
2721 1836 2809 1890 Dei
2839 1846 2892 1890 et
2916 1836 3093 1892 Patris
3116 1852 3299 1892 secum
3328 1838 3530 1891 habere
3551 1851 3650 1891 no-

394 1926 455 1978 τὸ
509 1925 689 1991 ἔλεος,
747 1927 845 1997 τὴν
912 1928 1205 1995 ἐπίγνωσιν
1262 1928 1353 1981 τοῦ
1400 1926 1538 1981 Θεοῦ
1600 1930 1692 1981 καὶ
1733 1927 1968 1998 Πατρός.

398 2018 520 2070 Ὀτι
555 2018 665 2090 γὰρ
694 2020 922 2090 ἀλήθειά
948 2022 1009 2073 τὲ
1045 2022 1159 2077 ἐστι
1204 2022 1299 2073 καὶ
1343 2020 1491 2083 ἕλεος
1540 2022 1569 2073 6
1619 2021 1879 2091 Χριστὸς,
1910 2021 1971 2072 οὐ

398 2109 648 2180 μακρῶν,
679 2106 853 2181 οἶμαι,
900 2111 1084 2181 δεήσει
1134 2112 1267 2182 πρὸς
1313 2112 1584 2176 ἀπόδειξιν
1616 2112 1810 2180 λόγων,
1843 2113 1977 2165 ἀποο

398 2198 615 2270 χρὼσης
643 2203 722 2264 εἰς
750 2202 909 2255 τοῦτο
937 2205 1037 2272 τῆς
1081 2202 1439 2256 θεοπνεύστου
1485 2204 1728 2274 Γραφῆς,
1773 2203 1885 2257 ἄνω
1917 2221 1977 2257 τε

399 2290 495 2341 καὶ
526 2290 675 2342 κάτω
706 2288 941 2360 Χριστὸν
978 2290 1349 2361 ὀνομαξούσης
1383 2292 1512 2361 ἡμῖν
1537 2291 1705 2352 ἔλεος,
1736 2290 1830 2343 καὶ
1857 2289 1979 2359 ἁλή-

400 2380 621 2453 θεια[ν].
645 2383 764 2435 Ὅτι
793 2382 850 2436 δέ
879 2385 992 2436 ἐστι
1022 2385 1117 2437 καὶ
1140 2385 1433 2452 ἐπίγνωσις
1454 2381 1877 2453 Θεοῦ,διαμάθοι
1897 2398 1979 2445 τις

398 2472 464 2525 ἂν
517 2476 611 2527 καὶ
656 2473 772 2528 λίαν
818 2475 1065 2539 ἀκονιτὶ,
1119 2475 1433 2543 σαφέστατά
1480 2490 1539 2527 τε
1592 2475 1687 2526 καὶ
1734 2471 1980 2544 ἐναργῶς

401 2564 563 2617 αὑτοῦ
594 2564 1039 2634 διιικεκραγότος⁸
1075 2585 1093 2617 ι
1138 2568 1196 2619 '0
1216 2564 1477 2636 ἑωρακὼς
1505 2564 1630 2634 ἐμὲ,
1659 2563 1874 2635 ἑώρακε
1890 2563 1980 2615 τὸν

400 2654 635 2725 Πατέρα.
651 2674 771 2707 ι-ί
784 2657 978 2725 Κρίσις
988 2656 1168 2709 τοίνυν
1188 2655 1261 2725 τῷ
1280 2656 1485 2725 Κυρίῳ,
1502 2655 1686 2725 φησὶν,
1703 2654 1837 2724 πρὸς
1855 2655 1981 2717 τοὺς

402 2746 788 2811 κατοικοῦντας
824 2748 923 2819 τὴν
955 2748 1058 2818 γῆν
1080 2765 1091 2776 ·
1122 2769 1139 2801 ι
1175 2749 1331 2817 δῆλον
1358 2748 1415 2801 δὲ
1454 2748 1535 2800 ὅτι
1572 2746 1670 2817 τὴν
1701 2745 1808 2798 τῶν
1848 2747 1980 2799 Ἰου-

397 2838 563 2891 δαίων
588 2856 603 2871 ο
638 2840 722 2894 ὅτι
766 2840 840 2911 μὴ
867 2840 956 2893 ὅτε
987 2842 1115 2911 παρ’
1146 2841 1328 2903 αὐτοῖς
1356 2842 1388 2909 ἡ
1429 2838 1656 2909 ἀλήθειά
1686 2856 1745 2893 τε
1778 2841 1871 2891 καὶ
1922 2839 1982 2891 τὸ

403 2930 571 2994 ἔλεος,
629 2933 786 3003 καὶὴ
832 2932 1131 2999 ἐπίγνωσις
1174 2931 1268 2985 τοῦ
1316 2931 1568 3001 Πατρός·
1600 2929 1844 3001 κρίνεται
1880 2929 1979 2998 μὲν

403 3017 496 3075 οῦν
530 3024 665 3093 πρὸς
685 3024 811 3087 τοὺς
838 3023 908 3076 τὰ
933 3023 1108 3077 τοιάδε
1138 3023 1211 3094 μὴ
1235 3022 1475 3093 ἔχοντας.
1498 3021 1902 3090 Διαπεφεύγασι
1925 3020 1981 3073 δὲ

2078 1923 2310 1981 luerunt.
2333 1924 2607 1981 Christum
2626 1928 2770 1982 enim
2791 1943 2911 1985 esse
2937 1930 3220 1983 veritatem
3247 1939 3302 1983 et
3334 1928 3645 1984 misericor-

2077 2013 2219 2068 diam
2250 2031 2354 2070 non
2379 2018 2481 2072 erit
2503 2034 2743 2084 necesse,
2766 2029 2824 2074 ut
2847 2022 3121 2084 existimo,
3144 2021 3327 2075 multis
3349 2021 3530 2076 verbis
3559 2020 3652 2075 de-

2079 2117 2401 2174 monstrare,
2427 2125 2548 2164 cum
2578 2113 2643 2165 ad
2668 2112 2773 2167 hoc
2802 2114 3057 2168 divinitus
3086 2114 3343 2182 inspirata
3372 2113 3650 2183 Scriptura

2078 2199 2307 2255 sulIiciat
2334 2216 2349 2253 :
2380 2216 2499 2271 qua:
2529 2205 2725 2272 passim
2746 2204 3027 2259 Christum
3049 2206 3332 2259 veritatem
3363 2215 3416 2259 ct
3442 2205 3652 2259 miseri-

2078 2290 2317 2346 cordiam
2341 2292 2494 2347 nobis
2520 2292 2773 2347 inculcat.
2803 2293 2932 2348 Esse
2949 2304 3127 2349 autem
3143 2303 3197 2348 et
3212 2294 3516 2356 scientiam,
3539 2293 3654 2347 sive

2080 2383 2410 2453 agnitionem
2437 2385 2554 2450 Dei,
2588 2386 2795 2440 discere
2818 2396 2991 2455 potest
3015 2387 3278 2455 quiSpiam
3297 2387 3381 2440 vel
3402 2386 3539 2440 citra
3570 2386 3652 2437 ul-

2081 2474 2189 2526 lunt
2212 2474 2481 2544 negotium
2509 2475 2858 2531 manifesteet
2880 2477 3392 2531 clarissimisverbis
3420 2477 3537 2546 ipso
3551 2476 3655 2529 cla-

2082 2574 2294 2618 mante:
2324 2584 2341 2615 t
2366 2565 2466 2633 Qui
2490 2568 2623 2620 vidit
2648 2583 2754 2633 me,
2780 2568 2913 2621 vidit
2937 2578 2993 2621 et
3012 2566 3226 2621 Patrem
3252 2566 3541 2621 meum".t
3572 2566 3654 2619 ln-

2079 2657 2195 2724 qit
2211 2656 2425 2727 igitur,t
2446 2658 2709 2728 judicium
2732 2660 2957 2715 Domino
2973 2662 3038 2715 ad
3053 2661 3359 2715 habitantes
3380 2670 3601 2720 terram,
3629 2676 3650 2710 ι

2080 2748 2199 2804 sine
2239 2752 2606 2806 controversia
2630 2750 2936 2806 Juda‘orum
2972 2761 3196 2819 terram,
3230 2751 3481 2820 quoniam
3516 2751 3654 2820 apud

2080 2854 2176 2894 eos
2197 2841 2426 2910 amplius
2440 2858 2546 2898 non
2566 2845 3090 2910 exstabantveritas,
3107 2852 3162 2898 et
3191 2842 3583 2905 misericordia,
3604 2850 3658 2894 et

2082 2934 2305 2989 scientia
2335 2934 2529 2990 Patris.
2564 2934 2844 3002 Discrepat
2865 2934 3028 3003 igitur
3049 2950 3168 2988 cum
3190 2933 3290 2988 ista
3318 2947 3430 2987 non
3455 2932 3624 2986 haben
3642 2960 3658 2970 -

2084 3026 2252 3080 tibus.
2314 3025 2632 3096 Eil'ugerunt
2667 3036 2844 3080 autem
2881 3034 2973 3078 aut
3004 3025 3263 3092 judicium
3318 3022 3655 3079 subeundum

405 3113 465 3164 τὸ
490 3112 768 3182 κρίνεσθαι
806 3113 942 3183 πρὸς
974 3113 1157 3177 αὑτδν,
1191 3114 1309 3183 ήτοι
1354 3112 1491 3183 πρὸς
1530 3109 1715 3173 αὐτοῦ,
1743 3111 1843 3181 τὴν
1890 3110 1982 3162 πί-

2085 3119 2343 3174 adversus
2366 3120 2683 3188 ipsum;aut
2704 3118 2964 3188 judicium
2992 3116 3375 3187 perferendum
3408 3115 3481 3171 ab
3514 3118 3659 3186 ipso.

408 3220 522 3255 στιν
572 3203 621 3255 οἱ
674 3205 1108 3274 προσηκάμενοι.
1162 3204 1272 3267 Καὶ
1317 3204 1474 3256 τοῦτο
1521 3200 1653 3254 αὐτὸ
1701 3202 1871 3270 σαφὲς
1915 3201 1980 3255 ἂν

2091 3208 2246 3262 ﬁdem
2300 3184 2587 3279 cmitplexi.
2630 3184 2782 3278 Quod
2830 3184 3174 3280 perspicuum
3222 3209 3314 3264 [let
3370 3223 3437 3263 ex
3477 3184 3659 3272 verbis

406 3294 635 3361 γένοιτο,
684 3294 919 3367 Χριστοῦ
976 3295 1225 3363 λέγοντος
1266 3294 1460 3347 πάλιν
1520 3312 1538 3345 ι
1593 3293 1786 3363 Ἀμὴν,
1839 3293 1986 3364 ἀμὴν

406 3387 551 3455 λέγω
583 3387 732 3457 ὑμῖν,
778 3389 809 3441 6
846 3388 1139 3463 moratime
1162 3389 1243 3450 είς
1276 3386 1398 3456 ἐμὲ,
1431 3386 1544 3456 ἔχει
1575 3384 1719 3457 ζωὴν
1748 3386 1986 3450 αἰώνων,

411 3478 505 3541 καὶ
548 3480 627 3541 είς
656 3480 836 3550 κρίσιν
863 3479 962 3532 οὐκ
1000 3478 1241 3549 ἔρχεται.
1284 3498 1302 3529 ι
1339 3480 1404 3532 Τί
1433 3478 1610 3531 τοίνυν
1640 3478 1721 3543 τὸ,
1760 3496 1778 3528 ι
1818 3479 1990 3548 Κεχυο

415 3570 575 3639 μένον
612 3571 704 3623 ἐπὶ
749 3570 846 3639 τῆς
894 3572 1037 3640 γῆς;
1078 3569 1229 3639 Ἀρὰ,
1261 3570 1354 3621 καὶ
1397 3567 1611 3637 ψεῦδος,
1657 3568 1753 3621 καὶ
1810 3567 1989 3635 φόνος,

414 3663 510 3714 καὶ
542 3660 737 3731 κλοπὴ,
769 3662 862 3713 καὶ
896 3660 1109 3730 μοιχεία
1131 3676 1143 3689 ·
1175 3662 1266 3713 καὶ
1307 3660 1515 3730 αἵματα
1563 3660 1650 3728 ἐφ’
1681 3659 1875 3729 αἵμασι
1905 3658 1993 3729 μί-

418 3770 627 3821 σγουσι.
668 3772 686 3805 ι
717 3754 827 3807 Καὶ
882 3754 965 3815 τίς
1007 3754 1040 3823 ή
1089 3753 1234 3823 ἁρὰ;
1270 3750 1586 3805 Καταλαλιά
1624 3753 1717 3806 καὶ
1779 3750 1973 3822 ὕϐρις·

412 3843 781 3896 διαλελοίπασι
832 3845 942 3914 γὰρ
987 3842 1237 3912 οὐδαμῶς
1275 3842 1384 3895 τῶν
1441 3842 1708 3913 Ἐϐραίων
1741 3844 1789 3895 οἰ
1828 3842 1993 3913 δῆμοι

416 3935 857 4006 περιυϐρίζοντες
897 3935 989 3987 τὸν
1025 3935 1232 4005 Ἰησοῦν
1276 3933 1463 4005 ἀθύρῳ
1505 3951 1565 3987 τε
1624 3934 1719 3988 καὶ
1757 3933 1993 4004 ἀχαλίνῳ

414 4026 632 4098 γλώσσῃ
662 4027 1210 4097 κατεπεμϐαίνοντες,
1238 4027 1314 4090 ὡς
1345 4027 1475 4079 ποτὲ
1502 4027 1600 4097 μὲν
1626 4025 1991 4098 Σαμαρείτην,

416 4119 547 4173 ποτὲ
573 4119 627 4172 δὲ
659 4119 889 4189 μέθυσον
922 4119 1238 4183 ἀποκαλεῖν,
1269 4120 1364 4172 καὶ
1391 4121 1455 4172 ὲκ
1488 4119 1745 4190 πορνείας
1773 4134 1995 4188 γεγενη-

419 4213 598 4282 μένον.
636 4214 824 4283 ᾫοντο
868 4213 976 4283 γὰρ
1006 4212 1144 4271 κατὰ
1178 4213 1337 4279 σφᾶς,
1373 4211 1470 4281 τὴν
1499 4211 1660 4277 ἁγίαν
1699 4210 1994 4280 μεμοιχεῦ-

420 4305 543 4359 σθαι
580 4306 876 4377 Παρθένον.
904 4305 1112 4359 Οὐκοῦν
1144 4306 1177 4375 ή
1207 4305 1316 4376 ἀρὰ
1357 4306 1453 4375 μὲν
1483 4306 1541 4356 ὲν
1581 4303 1809 4367 τούτοις.
1844 4305 1993 4357 Κατ’

419 4394 705 4461 εψεύδοντο
748 4396 804 4448 δὲ
856 4396 1078 4465 καὶτῆς
1104 4394 1263 4466 δόξης
1310 4392 1497 4458 αὐτοῦ,
1524 4394 1801 4464 δαιμόνιον
1849 4393 1995 4464 ἔχειν

2087 3298 2286 3353 Christi
2323 3299 2517 3354 iterum
2545 3302 2771 3356 dicentis
2799 3320 2811 3355 :
2852 3319 2871 3352 ‹
2913 3299 3107 3366 Amen,
3137 3316 3293 3354 amen
3321 3299 3442 3354 dico
3482 3298 3659 3365 vobis,

2089 3391 2178 3460 qui
2215 3392 2386 3445 credit
2416 3393 2468 3445 in
2494 3408 2599 3457 me,
2655 3393 2818 3448 habet
2861 3393 3027 3447 vitam
3060 3403 3346 3456 mternatn,
3372 3399 3428 3445 et
3472 3389 3528 3443 in
3568 3388 3659 3459 ju-

2090 3481 2287 3534 dicium
2316 3496 2421 3535 non
2451 3484 2599 3537 venit
2630 3484 2697 3537 ⁷⁸.
2741 3504 2759 3535 ι
2796 3485 2934 3551 Quid
2966 3499 3095 3553 ergo
3120 3492 3205 3537 est
3235 3500 3254 3534 ‹
3298 3479 3524 3535 eﬂusnm
3573 3495 3667 3533 stt-

2091 3588 2187 3641 per
2217 3575 2458 3627 terram?
2488 3575 2819 3640 Maledictio,
2846 3588 2901 3631 et
2929 3575 3293 3639 mendacium,
3326 3582 3381 3627 et
3429 3572 3663 3626 homici-

2092 3666 2263 3730 dium,
2288 3674 2341 3720 et
2371 3666 2598 3732 furtum,
2628 3677 2682 3722 et
2712 3668 3058 3730 adulterium,
3082 3674 3136 3719 et
3160 3665 3383 3734 sanguis
3407 3663 3658 3733 sanguini

2095 3758 2305 3812 mistns.
2346 3778 2363 3809 ι
2429 3758 2685 3825 Quzenam
2730 3758 3077 3813 maledictio?
3112 3777 3131 3809 ι
3171 3755 3509 3811 Obtrectatio
3546 3795 3562 3820 ,
3610 3763 3665 3809 et

2094 3850 2452 3917 contumelia;
2499 3865 2772 3920 nunquam
2802 3852 2947 3906 enim
2978 3849 3202 3920 populus
3235 3848 3540 3904 Iudaeorum
3569 3846 3659 3902 Je-

2094 3955 2211 3995 sum
2257 3940 2802 3996 contumeliosissime
2843 3955 3043 3996 vexare
3091 3939 3321 4003 destitit,
3364 3935 3665 4007 impudenti

2094 4040 2149 4085 et
2178 4032 2435 4085 eﬁ‘renata
2468 4031 2645 4101 lingua
2678 4032 2733 4085 in
2759 4047 2882 4086 eum
2914 4031 3203 4095 insultans,
3254 4039 3313 4083 ut
3345 4029 3503 4084 modo
3552 4027 3667 4083 Sa-

2096 4122 2443 4186 maritanum,
2476 4122 2634 4178 modo
2665 4123 2936 4177 ebriosum
2971 4122 3266 4192 appellaret
3291 4121 3361 4185 °°,
3387 4131 3443 4174 et
3464 4134 3531 4174 ex
3553 4118 3668 4174 for-

2097 4216 2367 4268 nicatione
2416 4214 2757 4284 progenitum
2781 4215 2987 4270 diceret
3035 4230 3049 4265 :
3102 4213 3470 4283 opinabantur
3520 4212 3667 4264 enim

2096 4305 2235 4372 apud
2263 4303 2473 4357 animos
2510 4318 2674 4367 suos,
2728 4314 2972 4358 sanctam
3018 4301 3297 4372 Virginem
3346 4307 3667 4368 constupra-

2099 4404 2230 4449 tam.
2266 4394 2568 4450 Maledictio
2629 4395 2812 4464 itaque
2855 4395 2906 4448 in
2961 4395 3045 4448 his
3096 4394 3272 4463 posita
3318 4392 3665 4461 intelligitur.

419 4486 667 4554 λέγοντες
695 4487 877 4552 αὑτὸν,
916 4487 1010 4540 καὶ
1052 4486 1170 4549 ταῖς
1216 4485 1310 4540 τοῦ
1360 4484 1656 4549 Βελζεϐοὺλ
1698 4483 1983 4554 δυνάμεσιν

2098 4486 2495 4540 Mentiebantur
2530 4486 2661 4541 item
2688 4487 2952 4541 adversus
3019 4486 3246 4554 gloriam
3303 4482 3421 4553 ejus
3450 4526 3465 4549 ,
3519 4481 3665 4536 allir-

419 4577 783 4647 ἀπονέμοντες
825 4578 922 4640 τὰς
952 4576 1297 4647 θεοσημείας.
1331 4577 1450 4628 Ὅτι
1493 4574 1549 4627 δὲ
1585 4576 1680 4628 καὶ
1713 4576 1996 4644 μιαιφόνον

420 4669 507 4721 ἐπ’
546 4668 708 4737 αὐτῷ.
736 4669 835 4739 τὴν
865 4668 1103 4722 διάνοιαν
1146 4668 1443 4738 ἐσχηκότες
1490 4667 1667 4731 ἁλοῖεν
1697 4667 1782 4733 ἂν,
1829 4668 1993 4739 εἰδείη

420 4774 502 4822 τις
534 4757 599 4824 ἂιν
624 4758 730 4822 ἀπό
749 4775 812 4826 γε
836 4757 930 4810 τοῦ
953 4759 1118 4819 λίθοις
1140 4756 1431 4827 βεϐλῆσθαι
1456 4756 1717 4819 πολλάκις
1740 4758 1867 4828 παρ’
1898 4758 1994 4810 αὺ-

420 4852 527 4905 τῶν
553 4852 641 4905 τὸν
680 4851 1053 4922 Ἑμμανουήλ’
1092 4848 1529 4921 ἀποκομισθῆναι
1562 4848 1618 4900 δὲ
1664 4848 1757 4900 καὶ
1804 4846 1995 4917 μέχρις

422 4945 591 5015 αὐτῆς
623 4944 822 5016 ὀφρύος
855 4944 947 4997 τοῦ
990 4945 1167 5015 ὄρους,
1198 4944 1286 4995 ἵνα
1318 4938 1835 5012 κατακρημνίζοιτο.
1886 4940 1996 4993 Καὶ

418 5038 483 5089 οὐ
534 5036 697 5105 μέχρι
740 5035 942 5088 τούτων
987 5035 1056 5089 τὰ
1111 5035 1468 5103 ἐγκλήματα·
1516 5031 1876 5101 ὲκτετίμηντο
1939 5031 1995 5084 δὲ

421 5127 542 5181 λίαν
573 5129 666 5180 καὶ
697 5126 756 5179 τὸ
783 5126 969 5197 χρῆμα
996 5126 1095 5195 τῆς
1138 5126 1347 5194 κλοπῆς
1367 5142 1380 5155 ·
1421 5125 1847 5192 κατεμισθοῦντο
1888 5124 1996 5194 γὰρ

421 5219 509 5269 ἐπ’
557 5216 727 5287 αὐτῷ,
780 5216 873 5271 τὸν
904 5216 1168 5286 προδότην
1218 5215 1437 5281 Ἰούδαν,
1481 5215 1587 5270 τὸν.
1613 5214 1997 5287 αἰσχροκερδῆ,

423 5309 518 5363 καὶ
545 5308 958 5362 κλεπτίστατον.
997 5308 1192 5377 Μοιχοὶ
1236 5307 1294 5359 δὲ
1332 5306 1521 5378 ὥσπερ
1548 5306 1694 5370 τινὲς
1728 5307 1997 5378 ἀλιτήριοι

422 5402 707 5470 γεγονότες
750 5404 797 5453 οἱ
838 5402 1119 5472 Φαρισαῖοι
1166 5400 1267 5468 τῆς
1341 5399 1606 5453 Ἰουδαίων
1655 5399 1997 5469 συναγωγῆς,

424 5492 725 5546 ἀπεσόϐουν
754 5492 851 5563 μὲν
878 5491 1052 5562 αὐτῆς
1081 5491 1173 5543 τὸν
1201 5490 1260 5556 ἐξ
1286 5488 1514 5559 οὐρανοῦ
1554 5489 1805 5560 νυμφίον,
1843 5506 1998 5542 τουτ-

503 5669 545 5698 ⁷⁷
586 5666 774 5721 illalllt.
807 5682 893 5729 xv,
926 5666 1033 5731 ‘24;
1063 5664 1217 5719 Joan.
1253 5680 1364 5731 xrv,
1391 5664 1445 5719 9.
1546 5666 1591 5695 ⁷³
1618 5663 1771 5717 Joan.
1803 5680 1853 5729 ν,
1887 5665 1975 5717 ΞΗ.

426 5739 535 5803 21;
569 5738 725 5793 Joan.
768 5752 885 5799 vm,
928 5736 1014 5790 48.
1096 5737 1139 5768 ⁸³
1170 5735 1302 5791 Luc.
1336 5752 1411 5802 tv,
1442 5736 1529 5790 Q7.
1609 5737 1650 5767 ⁸³
1683 5734 1814 5789 Luc.
1849 5752 1919 5799 ιι,
1954 5737 2033 5790 lb'.

2081 5666 2123 5695 ⁸ο
2164 5662 2318 5719 Ioan.
2352 5678 2469 5727 vm,
2504 5662 2603 5725 48;
2654 5661 2840 5716 Matth.
2877 5678 2950 5727 XI,
2983 5660 3066 5717 l9.

2103 4588 2312 4632 ntantes
2346 4580 2544 4633 habere
2573 4579 2916 4642 daemonium,
2956 4588 3009 4631 et
3043 4577 3224 4631 divina
3265 4576 3523 4631 miracula
3562 4577 3669 4629 vir-

2101 4670 2515 4727 tutiBeelzebub
2533 4671 2868 4725 ascribeutes
2884 4670 3032 4725 ³¹-⁸².
3050 4669 3306 4725 Convinci
3341 4669 3503 4724 etiam
3540 4683 3669 4738 pos-

2102 4773 2227 4817 sunt
2268 4772 2501 4816 mentem
2524 4763 2640 4832 ejus
2679 4761 3040 4817 interﬁciendi
3088 4763 3339 4830 cupidam
3386 4771 3659 4832 gestasse.

2106 4854 2343 4909 Probare
2374 4855 2423 4908 id
2458 4855 2583 4909 licet
2617 4869 2685 4909 ex
2716 4870 2800 4919 eo,
2842 4857 2984 4923 quod
3016 4856 3284 4924 lapidibus
3339 4856 3669 4909 Emmanue-

2102 4945 2204 4999 lem
2225 4960 2325 4999 non
2339 4946 2503 5000 semel
2526 4946 2918 5016 appetiverunt,
2940 4956 2995 5001 et
3016 4951 3081 5001 ad
3103 4948 3445 5016 supercilium
3470 4946 3670 4999 montis

2101 5037 2490 5105 perduxerunt,
2550 5046 2608 5090 nt
2662 5037 2783 5090 inde
2836 5038 3166 5106 praecipitem
3201 5036 3553 5091 deturbarent
3597 5036 3666 5087 ³³.

2101 5127 2209 5181 Nec
2241 5143 2370 5181 vero
2411 5127 2686 5196 hucusque
2741 5136 2951 5182 tantum
3000 5128 3204 5182 scelera
3259 5136 3663 5195 processerunt.

2103 5218 2423 5288 Magnopere
2449 5232 2661 5288 quoque
2686 5218 2886 5272 furtum
2916 5220 3289 5281 bonorarunt;
3319 5218 3496 5284 pretio
3522 5217 3668 5270 enim

2101 5311 2425 5377 proditorem
2454 5308 2569 5376 ejus
2597 5308 2789 5364 Judam
2825 5312 3205 5365 conduxerunt
3235 5310 3302 5372 ⁸⁸⁵,
3346 5308 3458 5380 66
3497 5311 3672 5376 turpis

2101 5401 2233 5454 lucri
2285 5401 2499 5455 avidum
2551 5411 2605 5455 et
2648 5401 3070 5457 furacissimum.
3133 5401 3196 5455 Et
3227 5400 3370 5456 velut
3414 5398 3668 5469 ﬂagitiosi

2099 5491 2317 5561 quidam
2348 5491 2542 5545 mmchi
2578 5489 2889 5545 Iudaeorum
2935 5490 3255 5562 Synagogte,
3306 5489 3563 5545 Pharisazi
3603 5487 3673 5542 ab

3195 5663 3318 5703 ⁸²-⁸³
3352 5663 3536 5719 Matth.
3569 5677 3666 5731 χιι,
