4046 6376
377 300 483 361 IIS

1395 293 1453 348 ς.
1492 289 1764 347 εγιιιιιι
1807 282 2272 344 ΑιΕΧΑΝοιιιΝι
2311 272 2626 336 ARCIHEP.

3529 226 3628 304 liti

377 417 495 489 ipsa
517 415 792 472 caelestem
819 413 1118 485 Sponsum,
1143 410 1422 467 Christum
1449 421 1600 479 puta,
1630 411 1946 480 abegerunt;
1979 431 1991 466 Α

2093 423 2188 470 ττι,
2220 399 2474 472 Χριστόν.
2518 388 2915 458 Συνεπόρνευον
2947 383 3004 436 δὲ
3076 379 3198 443 ταῖς
3233 375 3389 438 ἰδίαις
3417 371 3635 442 ἡδοναῖς

2563 481 2602 489 ’λ
2821 474 2885 489 -οη
3120 468 3172 489 ιιι
3217 464 3306 489 --Α
3343 460 3428 489 ιη’
3469 460 3633 489 ..τη-.-

380 507 651 578 simulque
700 507 950 565 fornicati
983 513 1130 566 sunt,
1159 503 1393 573 propriis
1423 503 1790 572 voluptatibus
1823 516 1952 553 suu-

383 600 575 654 dentes
611 612 829 668 operam
854 597 1002 652 dare.
1039 595 1106 649 Et
1143 596 1479 650 miscuerunt
1506 594 1800 664 sanguines
1830 607 1957 646 san-

385 691 656 761 gninibus.
688 687 968 755 Quomodo
994 686 1255 740 tandem?
1292 686 1489 741 occisis
1539 685 1686 740 enim
1742 681 1957 738 sanctis

387 780 688 850 pr0pbetis,
743 780 924 850 ipsum
959 794 1174 848 quoque
1228 777 1616 847 prophetarum
1671 774 1958 828 Dominum

387 869 731 924 addiderunt.
787 867 1147 936 Quamobrem
1180 867 1376 922 beatus
1419 863 1727 935 Stephanus
1767 863 1821 915 in
1852 862 1956 916 Ac-

389 962 534 1014 tibus
567 960 936 1030 apostolorum
963 974 1069 1013 non
1102 958 1375 1013 immerito
1399 956 1505 1011 illis
1558 955 1852 1026 exprobrat
1876 953 1962 1008 his

392 1050 575 1105 verbis
609 1068 622 1106 :
662 1067 681 1099 ι
740 1049 910 1116 Quem
949 1049 1336 1118 prophetarum
1375 1063 1478 1102 non
1528 1058 1654 1102 sunt
1695 1044 1962 1115 persecuti

395 1150 578 1212 patres
606 1141 808 1195 vestri?
834 1149 891 1194 et
920 1140 1238 1195 occiderunt
1258 1155 1373 1206 eos,
1409 1140 1503 1210 qui
1530 1137 1969 1209 praenuntiarunt

397 1231 464 1286 de
486 1232 716 1286 adventu
749 1230 911 1297 Jttsti,
945 1231 1099 1301 cujus
1125 1246 1221 1286 vos
1257 1247 1398 1286 nunc
1449 1233 1756 1300 proditores
1785 1238 1838 1280 et
1873 1229 1969 1283 ho-

401 1323 612 1378 micidae
640 1322 815 1377 fuistis
841 1323 888 1354 ⁸⁸
921 1361 937 1376 .
981 1344 1000 1376 ι
1040 1322 1178 1389 Quin
1217 1333 1271 1377 et
1312 1320 1558 1376 Salvator
1590 1320 1886 1374 Pbarisaeis
1917 1327 1973 1374 et

401 1413 610 1468 Scribis
638 1414 913 1483 improbos
965 1423 1196 1468 conatus
1225 1412 1513 1479 objicieus,
1544 1412 1720 1465 aiebat
1755 1429 1769 1466 :
1804 1429 1823 1462 ι
1861 1409 1971 1462 lm-

2056 493 2348 564 ύπηρετεῖν
2377 481 2781 542 ἀναπείθοντες.
2821 474 3085 543 Ἔμισγον
3117 468 3174 521 δὲ
3216 464 3313 518 καὶ
3343 460 3428 530 ἐφ’
3467 460 3633 531 αἵμα-

2058 550 2398 653 σινυαῖματα.
2447 575 2593 637 Πῶς,
2627 570 2660 642 ἦ
2702 568 2824 621 τίνα
2857 563 3096 634 τρόπον;
3147 554 3503 614 ἀπεκτονότες
3529 550 3638 618 γάρ

2057 679 2184 740 τοὺς
2209 643 2396 742 ἀγίους
2419 666 2724 740 προφήτας.
2746 659 2840 713 καὶ
2865 655 3028 711 αὑτὸν
3051 650 3278 712 ἐκείνοις
3299 643 3640 717 προσέθεσαν

2059 771 2150 824 τὸν
2165 734 2288 820 -τῶν
2320 734 2616 834 προφητῶν
2645 753 2932 818 δεσπότην.
2977 746 3090 799 Καὶ
3136 739 3283 834 γοῦν
3311 739 3341 790 ὁ
3374 734 3640 834 μακάριος
3697 759 3703 763 -

2062 859 2334 926 Στέφανος
2363 824 2583 910 svis-ai;
2621 846 2730 897 τῶν
2775 836 3087 894 ἀποστόλων
3134 829 3373 903 Πρὰξεσι
3420 824 3643 885 δικαίως

2064 916 2247 1010 αὐτοῖς
2277 916 2544 1005 ὀνειδίζει,
2581 937 2757 1003 λέγων
2780 948 2794 963 ο
2840 948 2858 982 t
2909 929 3043 982 Τίνα
3075 924 3184 978 τῶν
3223 916 3515 992 προφητῶν
3546 916 3644 967 οὐκ

2067 1038 2286 1103 ἐδίωξαν
2316 1035 2366 1087 οἱ
2394 1029 2629 1100 πατέρες
2655 1022 2841 1096 ὑμῶν;
2875 1020 2970 1074 καὶ
3001 1018 3330 1072 ἀπέκτειναν
3359 1010 3484 1103 τοῦς
3522 1024 3649 1103 πριζ-

2068 1088 2552 1197 κατιὶγγείλανταςι
2581 1088 2712 1190 περί
2736 1088 2836 1186 τῆς
2881 1110 3148 1172 ἐλεύσεως
3169 1103 3263 1160 τοῦ
3296 1102 3541 1162 Δικαίου,
3586 1088 3646 1150 οὗ

2069 1223 2164 1278 νῦν
2205 1187 2362 1290 ύμεῖς
2406 1187 2669 1287 προδόται*
2708 1206 2805 1262 καὶ
2863 1205 3042 1274 φονεῖς
3085 1196 3359 1267 ἐγένεσθε.
3406 1213 3444 1281 ι.
3487 1187 3650 1290 ἰξλλᾶι

2071 1316 2166 1368 xa‘t
2196 1314 2225 1366 ὁ
2243 1282 2577 1380 έωτὴρ-τοϊς
2611 1298 2921 1372 Φαρισαίοις
2952 1294 3047 1348 καὶ
3070 1285 3496 1380 Γραμματεῦσιν
3521 1282 3653 1380 ovant-

2072 1403 2234 1468 δίζων
2263 1400 2337 1455 τὰ
2377 1370 2778 1466 τετολμημένα.
2815 1387 2996 1454 ἔλεγε·
3031 1402 3049 1434 t
3098 1380 3209 1434 Ka‘t
3239 1379 3395 1450 ὑμεῖς
3437 1370 3613 1444 πληρά

2078 1511 2210 1550 σατε
2238 1492 2301 1545 τὸ
2333 1491 2529 1562 μέτρον
2561 1485 2667 1539 τῶν
2702 1481 2958 1551 πατέρων
2991 1474 3164 1547 ὑμῶν.
3205 1490 3223 1524 ι

2147 1583 2252 1638 Διά
2289 1555 2464 1635 τοῦτο
2491 1572 2780 1642 πενθήσει
2821 1571 2860 1637 ’ἠ
2885 1566 2981 1638 γῆ,
3006 1565 3104 1620 καὶ
3139 1555 3656 1632 σμικρυνθήσεται

401 1504 542 1574 plete
579 1519 886 1558 mensuram
917 1514 1130 1572 patrum
1163 1512 1464 1556 vestrorum
1499 1502 1568 1554 ⁸⁸.
1604 1520 1622 1551 ι

476 1592 637 1647 Vsus.
672 1595 726 1648 5.
763 1593 889 1647 Ideo
922 1593 1115 1662 lugebit
1165 1607 1327 1652 terra,
1371 1599 1421 1643 et
1459 1591 1801 1642 imminuetttr
1857 1604 1974 1640 cum

404 1687 646 1738 omnibus
669 1685 760 1754 qui
792 1645 1030 1737 habitaut
1064 1699 1201 1747 eam,
1235 1695 1354 1734 cum
1397 1679 1575 1732 bestiis
1613 1679 1749 1746 agri.
1779 1686 1827 1730 et
1859 1692 1977 1729 cum

2093 1675 2202 1730 γὺν
2241 1671 2392 1727 πᾶσι
2430 1670 2557 1732 τοῖς
2581 1659 2972 1718 κατοικοῦσιν
3007 1652 3223 1722 αὐτὴν,
3244 1650 3367 1704 σὺν
3405 1645 3530 1711 τοῖς
3557 1646 3658 1711 θη·

404 1734 694 1844 reptt'libua1
723 1734 996 1840 terrae—{vet
1019 1734 1158 1827 icium
1189 1734 1496 1826 'volatt'libus
1539 1734 1675 1823 costi:
1722 1768 1787 1822 Et
1815 1769 1980 1836 pisces

2093 1770 2232 1834 βίοις
2254 1765 2361 1820 τοῦ
2394 1760 2604 1830 ἀπροῦ,
2635 1756 2734 1811 καί
2771 1753 2894 1807 σὺν
2921 1749 3047 1816 τοῖς
3075 1742 3344 1816 ἑρπετοῖς
3371 1738 3483 1808 τῆς
3521 1734 3658 1844 γῆς.

406 1869 571 1922 maris
598 1867 860 1936 deﬁcient,
892 1874 948 1919 ut
976 1865 1150 1920 nullus
1168 1879 1328 1936 neque
1341 1863 1568 1933 judicet,
1601 1877 1763 1931 neque
1795 1868 1982 1930 arguat

2093 1859 2184 1914 καὶ
2236 1856 2358 1911 σὺν
2411 1851 2538 1918 τοῖς
2584 1845 2876 1910 πετεινοῖς
2929 1841 3036 1897 τοῦ
3092 1834 3374 1908 οὐρανοῦ.
3429 1829 3538 1885 Kal
3604 1829 3660 1882 οι

847 1918 860 1934 1
898 1918 904 1919 7
937 1918 940 1919 ν
1133 1918 1142 1919 7
1242 1918 1254 1936 '
1341 1918 1362 1933 '
1554 1918 1566 1925 ν
1677 1918 1689 1931 Ι
1860 1918 1882 1930 ⁷
2089 1948 2292 2020 ἰχθύες
2312 1943 2422 2010 τῆς
2460 1937 2780 2005 θαλάσσης
2811 1933 3228 2001 ἐκλείψουσιν,
3255 1926 3416 1990 ὅπως
3449 1918 3661 1992 μηδεὶς

2082 2040 2236 2109 μήτε
2261 2031 2581 2101 δικάζηται,
2602 2027 2756 2100 μήτε
2783 2025 3003 2096 ἐλέγχῃ
3023 2020 3257 2094 μηδείς.

483 2129 726 2186 XXXVI.
747 2129 1037 2201 Postquam
1055 2132 1223 2200 enim,
1249 2131 1444 2201 inquit,
1460 2131 1596 2185 adeo
1620 2129 1727 2184 Deo
1743 2142 1986 2190 exosam,

2093 2105 2099 2109 ⁷
2159 2131 2300 2197 AC’.
2358 2122 2578 2194 Ἐπειδὴ
2610 2121 2720 2192 γὰρ
2749 2119 2841 2172 τὸν
2866 2117 3029 2182 οῦτω,
3063 2113 3215 2186 φησὶ,
3269 2108 3532 2178 θεοστυγῆ
3573 2105 3666 2160 καὶ

412 2232 466 2278 et
502 2237 764 2292 perquam
823 2200 1203 2287 inhumanam,
1239 2200 1483 2292 impiam,
1521 2232 1781 2290 metuque
1812 2219 1988 2289 legum

2093 2221 2442 2290 παγχάλεπον
2464 2217 2745 2285 διεζήκασι
2769 2211 2904 2284 βίον,
2921 2209 3012 2262 τὸν
3037 2203 3272 2273 δυσσεϐῆ
3316 2202 3413 2255 καὶ
3432 2200 3664 2271 ὲξήνιον,

414 2315 653 2370 solutam
680 2315 846 2369 vitam
879 2324 1198 2385 exegerunt,
1226 2315 1640 2383 cogitaruntque
1667 2322 1720 2367 et
1745 2311 1991 2366 fecerunt

2093 2309 2468 2384 πεφρονήκασί
2493 2324 2554 2360 τε
2584 2304 2679 2360 καὶ
2723 2302 3048 2374 δεδράκασιν
3091 2297 3128 2351 ὃ.
3171 2295 3246 2367 μὴ
3274 2293 3430 2385 θέμις
3451 2332 3464 2356 ,
3491 2293 3670 2360 ἐμπα-

415 2421 537 2478 qua!
577 2407 657 2462 fas
693 2422 798 2462 non
837 2416 941 2473 est,
975 2407 1143 2462 Deum
1189 2407 1425 2461 ludibrio
1471 2405 1752 2461 habentes.
1785 2403 1993 2459 Idcirco

416 2506 474 2552 et
514 2497 813 2567 iustissime
842 2497 896 2552 in
931 2497 1158 2552 exitium
1197 2497 1446 2561 abibunt,
1491 2495 1709 2565 lugente
1733 2495 1996 2564 quodam-

418 2588 580 2642 modo
611 2598 776 2653 terra,
807 2602 928 2658 quae
963 2587 1207 2644 vastitati
1241 2587 1477 2652 dabitur,
1505 2597 1561 2642 et
1603 2586 1846 2641 habitum
1885 2601 1998 2639 mu-

421 2678 578 2743 tabit,
609 2687 665 2734 et
690 2678 888 2734 faciem
923 2678 1178 2749 praeferet
1222 2678 1576 2743 inamtenam,
1612 2677 1835 2732 urbibus
1860 2689 1996 2730 exu-

421 2772 544 2838 stis,
577 2772 825 2828 domibus
873 2771 1106 2835 eversis,
1141 2771 1416 2842 segetibus
1462 2784 1526 2823 ac
1575 2767 1838 2836 stirpibus
1875 2781 1999 2820 suc-

423 2863 575 2918 cisis.
606 2862 812 2918 Similis
861 2876 1053 2918 sensus
1099 2862 1204 2916 erit
1239 2861 1598 2916 habitantium
1632 2869 1854 2922 terram,
1892 2872 1997 2910 nua

424 2953 840 3008 lamentantium
867 2960 921 3006 et
943 2951 1261 3022 ejulantium
1289 2969 1303 3005 :
1330 2966 1453 3004 nam
1494 2959 1548 3004 et
1583 2950 1682 3018 ipsi
1718 2949 1996 3017 lugebuut,

2099 2381 2399 2476 ροινοῦντες
2427 2398 2546 2468 Θεῷ
2567 2413 2580 2426 ·
2603 2396 2778 2468 ταύτῃ
2791 2411 2895 2457 τοι,
2921 2393 3015 2445 καὶ
3050 2389 3195 2461 μάλα
3228 2384 3475 2447 δικαίως,
3515 2381 3672 2451 οἰχήο

2097 2469 2278 2547 σονται
2301 2489 2437 2562 πρὸς
2465 2486 2760 2549 ἀπώλειαν,
2782 2479 3084 2551 πενθούσης
3113 2477 3211 2548 μὲν
3240 2473 3405 2528 οἱονεὶ
3425 2471 3524 2540 τῆς
3544 2469 3668 2538 γῆς’

2098 2561 2576 2653 καταδῃωθήσεται
2604 2576 2714 2647 γὰρ
2733 2574 2893 2644 αὕτη,
2914 2570 3010 2625 καὶ
3042 2586 3177 2640 μετα
3186 2565 3367 2638 μείψει
3385 2564 3444 2616 τὸ
3463 2561 3670 2632 σχῆμα,

2100 2676 2198 2731 καὶ
2222 2672 2438 2745 ἀτερπῆ
2466 2669 2688 2741 φορέσει
2715 2667 2814 2738 τὴν
2839 2664 2984 2734 ὄψιν,
3017 2660 3226 2714 πόλεων
3264 2656 3362 2727 μὲν
3384 2656 3676 2745 ἐμπεπρη-

2104 2740 2342 2839 σμένων,
2365 2740 2528 2817 οἴκων
2561 2760 2620 2813 δὲ
2657 2750 3195 2823 κατασεσεισμένων,
3227 2747 3322 2800 καὶ
3356 2741 3543 2815 ἀγρῶν
3580 2740 3676 2791 ὲκ·-

2101 2858 2478 2930 κεκομμένων.
2497 2849 2971 2906 Συνδιακείσονται
2999 2845 3066 2914 τῇ
3097 2843 3166 2912 γῇ
3198 2838 3293 2892 καὶ
3325 2839 3376 2891 oi
3410 2835 3678 2893 κάτοικοι,

2107 2925 2592 3019 συνολοφυρόμενοί
2635 2958 2697 2996 τε
2727 2940 2822 2994 καὶ
2853 2933 3295 3006 συνοιμὼζοντες.
3339 2925 3679 3019 Πενθὴσουσι

427 3049 532 3104 hoc
553 3057 654 3112 est,
677 3047 746 3100 ab
767 3046 914 3100 omni
946 3045 1126 3098 laetitia
1156 3052 1213 3098 et
1243 3043 1496 3097 felicitate
1527 3012 1714 3111 procul
1744 3012 1991 3094 aberunt.

2106 3041 2217 3111 γὰρ
2267 3012 2389 3093 καὶ*
2413 3012 2606 3096 αὐτοὶ,
2651 3030 2964 3091 τουτέστιν,
3021 3024 3239 3090 ἀπάσης
3273 3017 3536 3089 εὐθυμίας
3585 3012 3683 3066 καὶ

2148 3133 2157 3136 “
2327 3129 2338 3136 ⁵
2446 3130 2458 3136 ⁸
2591 3125 2602 3136 ¹
2823 3121 2834 3136 '
3020 3135 3025 3136 γ
3071 3116 3229 3136 "‘L-AA
3260 3112 3312 3136 βλ
3338 3112 3383 3136 με
3416 3109 3653 3136 ...ι-...υλ-

429 3139 531 3206 Qui
571 3153 736 3208 porro
784 3145 911 3192 sunt
955 3135 1293 3190 habitatores
1329 3133 1455 3188 isti?
1489 3109 1637 3198 ferae,
1672 3142 1726 3186 et
1769 3130 1991 3200 reptilia,

2109 3109 2408 3203 εὐημερίας
2435 3125 2690 3182 ἀπωτάτω
2713 3121 3052 3192 γενήσονται.
3071 3116 3229 3176 Τίνες
3257 3112 3313 3165 δὲ
3336 3112 3386 3164 οἱ
3416 3109 3680 3170 κάτοικοι,

430 3238 489 3284 et
515 3229 734 3298 insuper
753 3227 1018 3282 volatilia.
1049 3225 1156 3282 Sed
1184 3239 1521 3294 nequaquam
1551 3221 2006 3282 existimabimus,

433 3321 481 3376 si
519 3328 668 3374 recte
694 3317 1066 3387 intelligimus,
1108 3317 1174 3370 de
1219 3315 1523 3385 agrestibus
1554 3312 1763 3378 bestiis,
1797 3319 1892 3364 aut
1921 3324 2010 3363 re-

436 3411 683 3481 ptilibus,
715 3421 809 3464 aut
859 3409 1166 3464 volucribus
1221 3408 1540 3476 prophetam
1587 3403 1741 3458 nobis
1787 3400 2009 3457 concio-

435 3506 554 3560 nari
591 3523 604 3560 :
642 3511 787 3558 esset
812 3504 956 3556 enim
992 3501 1096 3556 hoc
1124 3500 1350 3556 stultum
1385 3497 1542 3568 plane
1592 3507 1646 3551 et
1687 3493 2011 3564 insipientia:

439 3595 684 3675 plenum.
725 3593 1072 3648 Arbitrantur
1116 3590 1260 3644 enim
1309 3590 1510 3658 potius,
1552 3597 1756 3642 rectum
1793 3594 1845 3639 et
1891 3599 2014 3654 ger-

439 3697 658 3736 manum
678 3673 902 3734 'sensutn
950 3677 1205 3748 amplexi,
1233 3675 1539 3732 Iudaeorum
1569 3689 1746 3729 mores
1790 3673 1876 3728 his
1902 3673 2011 3742 jatn

440 3775 603 3830 dietis
641 3772 897 3843 exprimi.
936 3771 1015 3825 Ac
1066 3785 1165 3840 per
1207 3769 1404 3824 bestias
1451 3769 1668 3838 quidem
1705 3766 2017 3835 potentissi-

441 3879 581 3929 mos,
619 3873 676 3918 et
702 3862 794 3933 qui
835 3863 970 3916 alios
999 3871 1208 3917 terrere
1254 3869 1504 3931 possunt,
1537 3868 1780 3928 agrestes
1825 3865 1881 3913 et
1913 3873 2014 3926 op-

441 3969 742 4025 pressores,
776 3962 834 4008 et
879 3953 1155 4009 trucidare
1185 3952 1395 4019 solitos,
1423 3963 1479 4006 et
1510 3950 1754 4006 moribus
1787 3963 2016 4019 magno-

444 4061 572 4117 pere
602 4046 767 4112 feros,
797 4055 852 4101 et
899 4046 1138 4101 immites
1168 4044 1458 4116 significat.
1501 4043 1606 4098 Per
1642 4041 1853 4112 reptilia
1887 4055 2018 4095 vero

441 4138 551 4210 67
579 4138 632 4193 in
664 4152 874 4191 morum
902 4135 1197 4190 acerbitate
1224 4133 1706 4190 exercitatissimos
1731 4140 1789 4186 et
1815 4131 2019 4200 impro-

443 4233 615 4288 bitate
659 4229 769 4296 iam
800 4236 1228 4284 consummatos.
1278 4225 1370 4280 Sic
1408 4228 1553 4280 enim
1600 4233 1657 4278 et
1685 4222 1882 4277 alicubi
1931 4236 2020 4274 sa-

444 4324 599 4390 piens
648 4320 886 4377 Joannes
931 4317 1390 4390 itnprobissimam
1422 4315 1820 4370 Pharisaeorum
1863 4311 2020 4369 Scri-

2110 3199 2274 3294 θῆρές
2287 3199 2362 3274 *τε
2403 3219 2498 3273 καὶ
2523 3215 2750 3288 ἑρπετὰ,
2771 3213 2865 3266 καί⁸
2893 3210 3030 3283 πρός
3057 3225 3122 3276 γε
3151 3206 3360 3267 τούτοις
3388 3202 3457 3256 τὰ
3479 3199 3681 3254 διιπτά-

2114 3292 2272 3384 μενα.
2305 3311 2418 3365 Καὶ
2443 3309 2502 3362 ού
2530 3309 2700 3378 δήπου
2722 3301 3038 3376 νομιοῦμεν,
3057 3299 3174 3369 εἴγε
3203 3296 3458 3366 συνίεμεν
3484 3292 3682 3364 ὀρθῶς,

2111 3407 2193 3460 ὅτι
2225 3402 2408 3474 θηρῶν
2433 3399 2665 3472 ἀγρίων,
2689 3398 2856 3468 ῆγουν
2885 3391 3152 3467 ἑρπετῶν,
3179 3391 3214 3461 ἢ
3243 3385 3460 3458 πτηνῶν
3487 3385 3516 3438 ὁ
3549 3399 3681 3453 προ-

2113 3494 2342 3566 φητικὸς
2370 3495 2501 3564 ἡμῖν
2535 3489 2921 3559 κατακέκραγε
2951 3485 3131 3554 λόγος.
3160 3480 3369 3551 Εῠηθες
3405 3475 3515 3548 γὰρ
3548 3491 3686 3566 παν-

2112 3565 2304 3651 τελῶς,
2331 3586 2424 3638 καὶ
2449 3581 2738 3644 ἀσυνεσίας
2759 3578 2994 3650 ἔμπλεον
3017 3575 3078 3628 τὸ
3108 3573 3231 3644 τῇδε
3254 3571 3412 3625 νοεῖν.
3446 3565 3691 3638 omnem;

2113 3681 2224 3752 γάρ
2259 3676 2494 3750 μᾶλλον,
2529 3672 2662 3744 ὀρθὰ
2711 3671 2929 3741 φρονεῖν
2973 3665 3297 3734 ἐγνωκότες,
3338 3663 3452 3723 τοῖς
3484 3657 3687 3728 ἀρτίως

2116 3749 2249 3842 ἡμῖν
2305 3766 2619 3840 εἰρημένοις
2671 3763 2798 3826 τοὺς
2839 3761 2946 3815 τῶν
2997 3757 3264 3812 Ἰουδαίων
3313 3749 3690 3824 ἐξομοιοῦσθαι

2114 3838 2371 3932 ⁴τρόπους.
2415 3855 2522 3910 Kal.
2577 3852 2666 3908 διά
2710 3853 2811 3922 μὲν
2849 3849 2959 3903 τῶν
2989 3847 3194 3920 θηρίων
3226 3845 3353 3907 τοὺς
3379 3838 3690 3896 δυνατωτά-

2115 3929 2262 4016 τους,
2289 3950 2384 4004 καὶ
2417 3943 2769 4016 ὲκδειματοῦν
2801 3942 3022 4013 ἑτέρους
3067 3937 3264 4000 ἱκανῶς
3294 3935 3537 4005 ἔχοντας,
3562 3929 3692 3991 τοὺς

2118 4042 2346 4114 ἀγρίους
2369 4039 2463 4094 καί¹
2493 4034 2932 4096 ὲπελευστικοὺς,
2959 4030 3054 4085 καὶ
3081 4027 3387 4100 μιαιφονεῖν
3409 4021 3691 4081 εἰωθότας,

2119 4110 2216 4189 καί
2254 4131 2386 4186 πολὺ
2425 4130 2547 4184 λίαν
2576 4129 2800 4200 ἔχοντας
2835 4125 2897 4178 τὸ
2929 4123 3204 4194 ἀνήμερον
3233 4115 3603 4186 ύπεμφήνειεν
3626 4110 3694 4164 ἂν

2120 4229 2150 4280 ὁ
2173 4225 2350 4295 λόγος.
2386 4223 2485 4278 Διά
2514 4221 2572 4275 δέ
2599 4237 2664 4288 γε
2687 4219 2797 4273 τῶν
2826 4215 3072 4288 ἑρπετῶν
3095 4214 3221 4276 τοὺς
3253 4211 3438 4280 ἄκρως
3462 4206 3694 4295 ἐξησκη-

2126 4294 2319 4388 μένους
2344 4314 2406 4367 τὸ
2443 4311 2640 4384 πικρὸν
2668 4313 2748 4371 είς
2769 4309 3024 4380 τρόπους,
3051 4307 3147 4359 καὶ
3171 4305 3248 4366 είς
3277 4300 3426 4372 λῆξιν
3443 4297 3544 4367 τῆς
3566 4294 3695 4388 ὅλης

449 4415 749 4484 harumque
785 4385 1186 4467 multitudinem
1217 4405 1586 4478 reprehendit,
1617 4404 1945 4468 acclamans,
1965 4417 1991 4456 e

2093 4385 2224 4481 ’ἤδη
2256 4409 2488 4480 ἣκοντας
2529 4403 2814 4475 πονηρίας.
2855 4398 3010 4454 Οὕτω
3041 4397 3150 4467 γάρ
3189 4412 3290 4448 που
3319 4393 3412 4446 καὶ
3457 4392 3486 4443 ό
3534 4385 3696 4457 σοφὸς

448 4517 731 4578 serpentes
775 4519 840 4559 ac
873 4502 1185 4574 progeniem
1217 4501 1528 4568 viperarum
1563 4498 1850 4552 nominans
1873 4497 1991 4538 ⁸⁷-⁸⁸

2135 4480 2388 4571 Ἰωάννης
2443 4499 2542 4570 τὴν
2605 4493 3015 4568 μοχθηροτάτην
3070 4488 3180 4542 τῶν
3232 4484 3538 4556 Φαρισαίων
3604 4480 3698 4534 καὶ

445 4572 560 4652 Per
606 4595 848 4650 volatilia
877 4572 1200 4649 rec—tissime
1252 4591 1522 4660 intelliges
1545 4630 1561 4656 ,
1622 4591 1712 4657 qui
1775 4600 2023 4657 prompte
2121 4590 2500 4664 Γραμματέων
2531 4588 2726 4660 ἤλεγχε
2762 4584 2992 4655 πληθὺν,
3018 4578 3252 4634 ἐπιϐοῶν
3275 4593 3333 4630 τε
3366 4575 3461 4628 καὶ¹
3488 4572 3696 4642 λέγων’

447 4691 515 4745 ad
569 4687 928 4744 defectionem
978 4701 1010 4739 a
1050 4685 1161 4740 Deo
1204 4683 1510 4753 eriguntur,
1564 4681 1679 4737 sive
1730 4681 1822 4750 qui
1873 4696 1991 4735 exse

2130 4703 2150 4736 ι
2166 4663 2375 4754 Ὄφεις,
2394 4683 2707 4752 γεννήματα
2729 4676 2970 4749 ἐχιδνῶν,
2984 4694 3004 4727 ι
3027 4673 3127 4726 Διά
3146 4671 3202 4725 δέ
3222 4687 3285 4738 γε
3306 4668 3414 4722 τῶν
3436 4663 3700 4719 πετεινῶν

447 4782 648 4838 cranda
682 4779 936 4848 superbia
981 4777 1257 4841 laborant,
1285 4784 1342 4830 et
1382 4789 1597 4830 sursum
1641 4772 1795 4836 ferri,
1825 4780 1880 4825 et
1914 4770 1986 4825 alt

2125 4773 2183 4831 εὖ
2229 4776 2374 4847 μάλα
2423 4775 2674 4840 συνήσεις
2713 4773 2840 4834 τοὺς
2881 4768 3111 4838 ἑτοίμως
3137 4759 3572 4830 ἀνεπτοημένους
3619 4757 3700 4819 είς

447 4888 641 4945 sapere
685 4877 1104 4927 consueverunt.
1138 4866 1364 4922 Videtur
1400 4875 1578 4921 autem
1624 4875 1680 4920 et
1721 4865 1898 4932 pisces
1933 4879 1991 4917 vc

2128 4871 2430 4924 ἀπόστασιν
2473 4867 2575 4938 τὴν
2619 4865 2726 4918 ἀπὸ
2771 4862 2927 4924 Θεοῦ,
2982 4859 3081 4913 εἴτ’
3135 4853 3228 4910 οὖν
3279 4854 3376 4925 τὴν
3428 4851 3700 4920 ἐπάρατον

449 4984 574 5024 care
603 4965 849 5022 sordidos
873 4971 928 5018 et
955 4962 1251 5034 gregarios,
1279 4961 1402 5015 vitae
1433 4957 1894 5015 sollicitudinibus
1919 4957 1990 5009 itn

2129 4960 2418 5023 νοσοῦντας
2471 4955 2806 5028 ὑπεροψίαν,
2856 4953 2950 5006 καὶ
2990 4953 3101 5005 ἄνω
3145 4965 3249 5001 που
3291 4941 3551 5015 φέρεσθαι
3607 4938 3701 4992 καὶ

451 5074 693 5126 mersos,
731 5067 788 5112 et
837 5032 1074 5111 mentem
1120 5053 1187 5108 iis
1231 5053 1389 5120 quasi
1436 5050 1664 5105 offusam
1721 5048 1984 5103 habentes

2133 5049 2313 5120 ὑψηλά
2335 5050 2547 5120 φρονεῖν
2585 5045 2860 5106 εἰωθότας.
2891 5040 3076 5095 Ἐοικε
3117 5038 3172 5091 δὲ
3221 5038 3315 5090 καὶ
3345 5033 3532 5106 ἰχθύας
3563 5032 3672 5084 ἀπο

453 5163 630 5207 mutos
659 5161 712 5206 et
753 5149 976 5204 rationis
1011 5145 1252 5201 maxime
1301 5153 1594 5213 expertes:
1637 5150 1720 5197 est
1763 5141 1907 5196 enim
1941 5141 1991 5208 pi

2133 5142 2320 5196 καλεῖν
2360 5142 2486 5205 τοὺς
2535 5135 2915 5211 συρφετώδεις,
2961 5133 3056 5187 καὶ
3084 5129 3389 5200 ἀγελαίους,
3419 5125 3545 5186 τοὺς
3580 5123 3702 5183 ταῖς

453 5246 560 5300 scis
594 5258 683 5298 res
732 5257 760 5294 a
808 5254 941 5294 voce
975 5237 1363 5292 remotissima.
1399 5233 1465 5287 Et
1511 5233 1808 5286 secundum
1858 5228 1991 5283 aliut:

2133 5230 2229 5284 τοῦ
2271 5229 2384 5300 βίου
2419 5209 2668 5298 φροντίσι
2700 5220 3184 5295 βεϐαπτισμένους,
3227 5218 3322 5270 καὶ
3378 5209 3701 5282 ὑποϐρύχιον

453 5349 698 5396 sensum,
726 5347 820 5385 eos
841 5330 933 5398 qui
963 5325 1344 5382 imbecilliores
1371 5322 1518 5377 velut
1537 5321 1842 5389 deglutiunt
1869 5335 1886 5373 :
1913 5335 1991 5372 mu

2129 5321 2318 5393 ὥσπερ
2345 5321 2565 5390 ἔχοντας
2584 5317 2731 5380 νοῦν,
2765 5316 2891 5380 τοὺς
2915 5311 3161 5384 ἀφώνους
3185 5309 3280 5363 καὶ
3306 5304 3700 5374 ἀλογωτάτους.

455 5435 545 5478 tua
583 5425 728 5479 enim
756 5419 1112 5476 devoratione
1142 5418 1319 5487 pisces
1362 5414 1630 5484 imprimis
1655 5415 1907 5484 gaudent.
1940 5410 1991 5465 lu

2143 5413 2514 5484 Ἀφωνότατον
2546 5410 2656 5481 γὰρ
2684 5409 2794 5462 τῶν
2831 5407 3028 5480 ἰχθύων
3075 5404 3137 5458 τὸ
3175 5403 3384 5474 χρῆμα.
3431 5397 3539 5452 Καὶ
3579 5393 3701 5449 καθ’

457 5519 573 5586 quit
606 5529 772 5585 ergo:
802 5533 822 5567 ι
855 5513 1082 5585 Lugebit
1115 5521 1256 5565 terra
1283 5522 1387 5562 una
1418 5522 1541 5562 cum
1583 5505 1972 5560 habitantibus.

2131 5506 2218 5561 ἓτε
2226 5523 2317 5578 ρον
2332 5505 2389 5558 δὲ
2404 5503 2625 5575 τρόπον,
2644 5503 2769 5566 τοὺς
2784 5496 2897 5556 οἷον
2919 5497 3314 5558 καταπίνοντας
3341 5491 3464 5556 τοὺς
3481 5488 3707 5544 ἀσθενε-

529 5692 577 5725 ⁸⁵
602 5693 725 5750 Act.
747 5703 847 5757 νη,
876 5689 961 5745 52.
1039 5688 1084 5720 “
1117 5686 1308 5742 Matth.
1340 5701 1491 5747 xxut,
1521 5686 1609 5742 52.
1687 5683 1808 5725 ⁸⁷-⁸⁸
1837 5683 1972 5745 Luc.

2113 5684 2144 5736 7
2169 5701 2183 5751 ;
2213 5681 2404 5739 Matth.
2438 5697 2592 5747 χχιιι,
2625 5681 2712 5735 '53.
