4046 6376
408 376 512 432 117

1334 392 1877 451 conuenmnus
1915 391 1980 448 IN
2018 390 2250 447 OSEAM
2293 356 2733 450 meruerant.

3544 406 3645 463 H3

406 491 649 586 στέρους·
673 495 1045 568 ἀλληλοφαγία
1062 503 1170 575 γὰρ
1210 506 1444 575 μάλιστα
1470 510 1621 580 παρά
1648 514 1756 575 τοῖς
1800 512 1954 581 ίχθῦσ

2075 506 2143 561 Et
2170 521 2288 577 quae
2321 507 2480 575 hujus
2507 510 2584 564 rei
2616 511 2820 564 causa?
2856 528 2873 561 ι
2916 509 2983 565 Ut
3014 513 3193 568 nulius
3221 528 3392 584 neque
3413 515 3639 586 judicet,

403 581 716 654 τετίμηται.
772 607 790 640 ι
836 591 1102 664 Πενθήσει
1155 595 1353 661 τοίνυν,
1406 602 1607 669 φησὶν,
1656 603 1690 671 ἡ
1744 603 1817 672 γῆ
1863 604 1975 666 τοῖς

401 672 746 731 κατοικοῦσιν
794 679 954 747 ὁμοῦ.
1007 702 1025 734 ι
1077 685 1188 737 Καὶ
1238 686 1321 749 τίς
1375 689 1408 757 ή
1456 688 1610 741 τοῦδε
1665 690 1969 761 πρόφασις;

405 782 422 853 ι
455 763 646 853 ⁸ξοττως
677 766 865 838 μηδεὶς
902 771 1041 841 μήτε
1073 773 1382 846 δικάζηται,
1434 779 1572 850 μήτε
1618 779 1817 853 ἐλέγχῃ
1863 799 1971 851 μη-

398 850 531 945 δείς.
573 873 590 906 ι
641 857 855 931 Ἐπειδὴ
883 863 990 934 γὰρ
1021 864 1166 934 ἀρὰ,
1198 868 1293 920 καὶ
1325 868 1541 938 ψεῦδος,
1571 872 1742 945 κλοπή
1783 850 1841 927 τε
1868 850 1972 928 aa

403 944 582 1010 φόνος,
616 949 707 1001 καὶ
730 952 947 1021 μοιχεία
980 955 1207 1025 κέχυται
1238 959 1331 1012 ἐπὶ
1363 960 1462 1031 τῆς
1494 963 1620 1033 γῆς,
1643 964 1734 1016 καὶ¹
1763 965 1971 1034 αἵματα

403 1035 491 1103 ἐφ’
518 1036 711 1106 αἵμασι
737 1042 1027 1111 μίσγουσι⁶
1080 1047 1338 1119 ταύτῃτοι
1363 1052 1638 1123 πενθήσει,
1674 1055 1767 1108 καὶ
1798 1056 1970 1125 ἀργή-

405 1141 486 1178 σει
541 1125 725 1182 λοιπὸν
769 1130 991 1201 ψεῦδος,
1041 1137 1134 1190 καὶ
1186 1141 1395 1211 ἀπάτη,
1453 1144 1550 1197 καὶ
1611 1146 1964 1215 συκοφαντία.

414 1216 840 1308 Ἐποιμὼζοντες
882 1225 989 1297 τὰρ
1047 1232 1161 1293 τοῖς
1193 1233 1326 1303 παρ’
1352 1232 1542 1288 ἐλπίδα
1574 1237 1965 1308 συμϐεϐηκόσι,

400 1307 490 1359 καλ⁸
518 1309 616 1379 τὴν
646 1312 703 1363 ἐν
734 1313 879 1385 χειρὶ
905 1316 1180 1382 κλαίοντες
1208 1324 1513 1394 συμφορὰν,
1528 1327 1622 1378 καὶ
1641 1327 1736 1395 οὐχ
1756 1328 1969 1391 ἐκόντες

398 1397 685 1464 ἀφέξονται
712 1403 819 1456 τῶν
848 1407 1099 1461 τοιούτων
1125 1410 1228 1481 πλη
1238 1414 1633 1486 μμελημάτων.
1664 1418 1743 1470 Τὸ
1758 1421 1863 1490 γάρ
1885 1438 1967 1474 τοι

396 1488 729 1561 δικάζεσθαι,
761 1497 856 1550 καὶ
882 1499 1146 1570 ἐλέγχειν,
1174 1504 1257 1575 εἴη
1293 1506 1359 1559 ἂν
1381 1507 1566 1578 ἓτερον
1602 1510 1772 1575 οὐδὲν,
1800 1513 1968 1565 καθά-

396 1598 500 1673 περ
524 1578 758 1655 ἐγῷμαι,
789 1587 924 1662 πλὴν
949 1592 1029 1644 ὅτι
1058 1593 1117 1645 τδ
1146 1601 1492 1667 κατηγορεῖν,
1528 1601 1623 1652 καὶ
1652 1603 1965 1673 καταψηφί-

393 1672 583 1736 ζεσθαί
624 1695 804 1744 τινων,
837 1682 955 1752 ἤτοι
1000 1682 1487 1758 ψευδομαρτυρεῖν.
1534 1693 1706 1746 Τοῦτό
1753 1713 1830 1747 τοι
1872 1698 1966 1749 καὶ

392 1765 575 1836 ἕτερος
623 1769 755 1839 ἡμῖν
797 1772 904 1824 τῶν
946 1774 1116 1841 ἁγίων
1148 1782 1443 1851 προφητῶν
1464 1822 1477 1843 ,
1511 1783 1618 1837 τῶν
1648 1786 1704 1850 ἐξ
1734 1787 1964 1855 αἳματος

2075 614 2249 669 neque
2292 612 2481 672 arguat
2516 603 2827 673 quisquam.
2864 623 2882 654 ι
2928 605 3193 671 Quoniam
3238 608 3385 662 enim
3420 611 3642 665 maledi-

2074 701 2240 756 ctum,
2270 702 2324 746 et
2358 694 2722 759 mendacium,
2766 695 2989 763 furtum,
3023 706 3076 750 et
3104 698 3300 767 caedes,
3331 709 3386 755 et
3431 702 3643 758 adulte-

2073 782 2213 837 rium
2243 782 2432 839 diffusa
2464 796 2589 839 sunt
2614 801 2776 855 super
2813 797 3035 855 terram,
3066 798 3121 842 et
3174 793 3467 861 sanguines
3511 810 3639 849 sau-
3676 781 3684 806 ²

2071 874 2325 939 guinibus
2389 876 2957 933 miscentur:idcirco
3012 879 3233 951 lugebit,
3298 892 3354 936 et
3406 887 3642 940 cessabit

2072 964 2327 1034 deinceps
2356 969 2717 1032 mendacium,
2749 982 2801 1023 et
2835 970 3077 1038 fallacia,
3108 982 3163 1025 et
3192 974 3486 1030 calumnia.
3516 978 3644 1046 Eju-
3678 972 3687 1023 ε

2070 1055 2247 1112 lantes
2292 1060 2435 1113 enim
2488 1076 2651 1129 super
2701 1062 2785 1115 his
2828 1077 2949 1131 quae
2996 1074 3193 1132 praeter
3236 1082 3386 1137 spem
3423 1070 3634 1123 accide-

2071 1156 2216 1213 runt,
2244 1160 2299 1203 et
2343 1151 2707 1206 calamitatem
2747 1163 3069 1220 praesentem
3115 1156 3476 1223 deplorantes,
3517 1160 3641 1214 tali-

2066 1240 2168 1294 bus
2192 1241 2400 1297 delictis
2422 1242 2584 1296 etiam
2613 1244 2765 1297 inviti
2798 1245 3167 1301 abstinebunt.
3190 1246 3446 1303 JudiCare
3469 1253 3636 1318 enim,

2067 1342 2122 1386 et
2163 1348 2390 1402 arguere
2417 1334 2550 1389 nihil
2585 1350 2703 1389 mea
2740 1338 3014 1391 sententia
3069 1337 3215 1391 aliud
3266 1338 3430 1393 fuerit
3473 1357 3637 1410 quam

2067 1427 2765 1488 accusare,etsententiam
2797 1427 2935 1482 male
2960 1426 3105 1483 ferre
3128 1439 3315 1483 contra
3348 1433 3635 1501 quosdam,

2066 1515 2181 1568 sive
2208 1514 2403 1570 falsum
2445 1516 2742 1571 testificari.
2796 1517 2908 1572 Hoc
2943 1518 3097 1573 nobis
3148 1528 3201 1572 et
3249 1520 3389 1574 alius
3423 1530 3641 1575 sancto-

2067 1622 2186 1659 rum
2226 1608 2611 1676 prophetarum
2657 1622 2720 1662 ex
2770 1609 3038 1678 sanguine
3071 1609 3635 1680 lsraelproelamavit,

2066 1712 2187 1750 cum
2219 1697 2355 1749 dixit
2384 1714 2399 1750 :
2435 1716 2453 1749 ι
2498 1696 2585 1751 Vae
2626 1698 2785 1762 mihi,
2815 1700 3020 1762 anima,
3052 1703 3179 1769 quia
3214 1702 3382 1771 periit
3425 1702 3638 1774 religio-

2065 1802 2157 1842 sus
2197 1790 2262 1843 de
2296 1798 2459 1854 terra,
2493 1802 2547 1844 et
2579 1789 2669 1859 qui
2712 1803 2857 1846 recte
2894 1791 3062 1847 faciat
3090 1793 3143 1848 in
3176 1794 3503 1861 hominibus,
3528 1810 3634 1852 non

404 1854 622 1927 Ἰσραὴλ
660 1863 1079 1932 κατεκεκράγει,
1125 1866 1327 1935 λέγων·
1371 1889 1387 1921 ι
1424 1872 1491 1923 Οἵ
1520 1891 1630 1942 μοι,
1665 1854 1843 1946 ψυχή,
1878 1877 1955 1929 ὅτι

2062 1888 2183 1933 est:
2234 1894 2422 1934 omnes
2479 1880 2529 1934 in
2578 1854 2872 1950 sanguines
2931 1882 3213 1952 judicant,
3266 1889 3636 1957 unusquisque

390 1944 667 2001 ἀπόλωλεν
722 1951 958 2022 εὐλαϐὴς
992 1956 1099 2008 ἀπὸ
1133 1960 1233 2029 γῆς
1274 1961 1367 2013 καὶ
1404 1965 1431 2015 ὁ
1466 1944 1749 2036 κατορθῶν
1764 1944 1829 2019 ἐν
1867 1971 1959 2021 ἀν-

390 2036 626 2108 θρώποις
669 2043 767 2095 οὐκ
819 2045 954 2106 ἐστι,
1009 2049 1210 2114 πάντες
1253 2055 1333 2114 εἰς
1378 2054 1585 2124 αἵματα
1629 2057 1956 2126 δικάζονται,

386 2131 615 2197 ἕκαστος
647 2135 736 2187 τὸν
782 2136 1009 2209 πλησίον
1054 2142 1216 2195 αὐτοῦ
1265 2144 1601 2202 ἐκθλίϐουσιν
1646 2149 1890 2222 ἐκθλιϐῇ.
1933 2171 1954 2204 ι

396 2222 556 2277 Ἀλλὰ
585 2225 755 2279 ταῦτα
793 2230 1100 2301 ίστορικῶς.

457 2315 599 2385 Πρὸς
627 2319 860 2373 διάνοιαν
892 2322 948 2374 δὲ
976 2323 1075 2394 τὴν
1098 2327 1356 2381 ἐσωτάτω
1379 2330 1470 2382 τὸν
1499 2332 1598 2402 τῆς
1624 2335 1956 2405 προφητείας

384 2407 701 2474 εὐθύνοντες
739 2414 926 2482 λόγον,
955 2418 1129 2471 ἐκεῖνό
1164 2437 1363 2490 φαμεν.
1407 2424 1625 2496 Ἐπειδὴ
1661 2426 1768 2498 γὰρ
1798 2430 1857 2482 ἐν
1887 2432 1954 2502 τῇ

384 2499 491 2551 τῶν
527 2502 794 2557 Ἰουδαίων
821 2508 930 2577 γῇ,
966 2508 1133 2578 ἤγουν
1166 2514 1297 2580 παρ’
1324 2513 1508 2577 αὐτοῖς
1550 2516 1819 2582 Ἰουδαίοις
1856 2521 1957 2575 οὐκ

384 2591 531 2643 ἐστιν
580 2582 851 2663 ἀλήθεια,’
885 2599 1005 2651 οὐδὲ
1062 2601 1228 2664 ἔλεος,
1277 2605 1397 2658 οὐδὲ
1443 2609 1739 2675 ἐπίγνωσις
1783 2612 1952 2666 Θεοῦο

391 2682 563 2736 ταῦτα
589 2684 646 2739 δὲ
676 2684 817 2741 εἶναί
847 2707 905 2743 τε
951 2692 1045 2744 καί
1077 2693 1328 2761 λέγεσθαι
1362 2698 1450 2749 τὸν
1488 2701 1833 2777 Ἐμμανουήλ
1873 2708 1953 2759 εί-

385 2776 631 2847 ρήκαμεν
650 2794 663 2807 ·
694 2782 1005 2853 κεκρατηκε
1035 2785 1091 2837 δὲ
1118 2787 1316 2855 μᾶλλον
1338 2780 1469 2859 ιὶιρὰ,⁸
1498 2794 1593 2845 καὶ
1623 2776 1837 2863 ψεῦδος,
1859 2799 1954 2851 καὶ

380 2864 665 2935 τετίμηται
697 2868 888 2940 κλοπὴ,
916 2873 1008 2925 καὶ
1045 2874 1251 2949 αἵματα
1289 2878 1375 2945 ἐφ’
1402 2880 1596 2950 αἵμασι
1632 2883 1916 2953 μίσγουσιν
1936 2904 1949 2917 ·

381 2956 738 3023 ἀπεκτονότες
770 2962 877 3033 γὰρ
902 2965 1028 3027 τοὺς
1060 2970 1365 3037 προφήτας,
1390 2972 1465 3035 ὡς
1493 2972 1762 3046 ἕφην,καὶ
1792 2979 1953 3032 αὐτὸν

382 3047 713 3104 ἀπεκτόνασι
740 3052 832 3107 τὸν
870 3055 1096 3124 Ἰησοῦν.
1130 3060 1548 3133 Καταπενθήσει
1581 3065 1765 3121 λοιπὸν
1797 3070 1831 3139 ἡ
1880 3070 1951 3140 γῆ

2060 1974 2367 2039 proximum
2398 1986 2556 2025 suum
2587 1973 2844 2028 tribulaut
2881 1974 3224 2032 tribulatione
3247 1976 3315 2032 ⁸³.
3349 1995 3369 2028 ι
3397 1976 3502 2033 Sed
3522 1977 3633 2034 haee

2060 2062 2279 2131 quidem
2308 2062 2590 2118 historice.

2127 2354 2208 2407 Ad
2260 2354 2507 2409 intimum
2544 2368 2707 2423 porro
2750 2370 2968 2410 sensum
3002 2355 3243 2411 vaticinii
3284 2357 3447 2412 verba
3496 2356 3631 2413 diri-

2057 2451 2267 2511 gentes,
2303 2443 2434 2497 illud
2472 2445 2724 2499 dicimus.
2765 2444 2898 2511 Quia
2940 2446 2994 2499 in
3042 2446 3266 2516 regione
3297 2444 3626 2514 Judteorum,

2056 2531 2172 2586 sive
2218 2534 2360 2602 apud
2392 2535 2537 2601 ipsos
2561 2532 2774 2589 Juda'os
2822 2550 2927 2588 non
2970 2545 3053 2590 est
3084 2536 3308 2602 veritas,
3338 2552 3438 2592 nec
3467 2538 3633 2593 mise-

2059 2621 2319 2689 ricordia,
2347 2641 2445 2681 nec
2474 2628 2702 2682 scientia
2734 2626 2825 2681 Dei
2868 2628 3006 2697 (hinc
3040 2637 3218 2682 autem
3267 2643 3390 2684 esse
3435 2638 3489 2683 et
3521 2630 3627 2683 dici

2056 2712 2464 2771 Ennnanuelem
2500 2718 2853 2787 monuimus),
2882 2719 3218 2789 invaluitque
3244 2721 3426 2789 potius
3454 2720 3627 2775 male-

2054 2806 2254 2861 dictum
2297 2817 2351 2862 et
2389 2808 2837 2872 mendacium,.et
2868 2811 3189 2865 studuerunt
3218 2811 3397 2878 furtis,
3426 2821 3479 2867 et
3500 2828 3628 2866 san-

2054 2894 2243 2961 guines
2270 2893 2323 2947 in
2357 2895 2711 2965 sanguiuibus
2757 2897 3093 2951 miscuerunt
3133 2897 3352 2970 (occisis
3391 2916 3626 2969 namque

2054 2984 2353 3051 prophetis,
2384 2995 2442 3038 ut
2470 2985 2603 3050 dixi,
2633 2996 2687 3040 et
2717 2989 2891 3056 ipsum
2928 2988 3110 3044 Jesum
3141 2991 3498 3061 occiderunt).
3519 2991 3627 3045 Lu-

2054 3073 2200 3144 gebit
2235 3075 2289 3129 in
2344 3085 2621 3143 posterum
2682 3087 2822 3133 terra
2867 3095 2969 3133 una
3013 3095 3135 3135 cum
3186 3081 3621 3148 habitatoribus,

379 3141 491 3203 τοῖς
533 3142 808 3208 κατοίκοις
852 3147 987 3218 ὁμοῦ
1029 3152 1150 3214 ταῖς
1212 3152 1503 3224 Ῥωμαίων
1557 3161 1948 3233 ἐμπιπραμένη

379 3232 569 3259 ..-Α-Ι..
626 3236 814 3259 ὀρ-,η
851 3238 899 3259 ex
936 3256 981 3259 -κ
1006 3240 1028 3251 ~
1271 3246 1283 3259 ι
1414 3248 1461 3259 ο.-
1619 3254 1629 3259 -
1734 3253 1756 3259 Α
1835 3253 1887 3259 .-Α

2057 3167 2303 3221 manibus
2348 3167 2720 3224 Romanorum
2772 3172 3012 3227 incensa.
3049 3174 3221 3227 Erunt
3261 3187 3439 3229 autem
3486 3179 3623 3239 haec,

378 3232 589 3303 χερσίν.
626 3236 818 3289 Ἔσται
847 3238 903 3291 δὲ
930 3240 1123 3308 ταῦτα,
1160 3246 1374 3315 φησὶν,‹
1414 3248 1533 3301 ’Ἰνα
1562 3254 1700 3322 μήτε
1729 3232 1952 3326 δικάζηέ

378 3340 489 3389 ται,
541 3327 677 3397 μήτε
726 3329 927 3402 ἐλέγχῃ
978 3334 1184 3404 μηδείς.
1224 3356 1245 3388 ι
1284 3338 1461 3411 Ὅπερ
1512 3342 1663 3395 ἐστὶν
1705 3344 1953 3416 ἐναργῶς

380 3418 775 3490 ἐπαιτιωμένου
803 3426 927 3488 τοὺς
969 3426 1276 3495 Ἰουδαίους,
1311 3430 1386 3492 ὡς
1430 3432 1828 3505 δικασαμένους
1854 3440 1950 3493 ἀν-

377 3510 558 3576 οσίως,
579 3514 673 3566 καὶ
704 3517 1154 3586 κατελέγξαντας,
1183 3523 1300 3592 ἤτοι
1324 3523 1951 3599 ψευδομαρτυρήσαντας

378 3603 473 3657 τοῦ
516 3606 773 3677 Χριστοῦ.
816 3608 883 3664 Oi
929 3612 1027 3681 μὲν
1069 3612 1178 3683 γὰρ
1229 3615 1519 3686 ἡγούμενοι
1551 3622 1825 3691 προσῆγον
1854 3622 1950 3674 Πι-

379 3693 560 3764 λάτῳ,
618 3696 962 3769 δικαζόμενοί
1020 3718 1079 3754 τε
1134 3704 1228 3756 καὶ
1282 3708 1716 3779 κατηγοροῦντες
1761 3711 1948 3767 αὐτοῦ.

378 3788 745 3858 Παρελθόντες
769 3791 825 3844 δέ
854 3809 999 3857 τινες
1023 3796 1495 3868 κατεμαρτύρουν,
1533 3801 1695 3870 μόνον
1734 3803 1791 3856 δὲ
1830 3806 1949 3876 οὐχὶ

376 3886 469 3937 καὶ
493 3885 735 3956 ἐλέγχειν
776 3887 1097 3959 ἀπετόλμων
1118 3906 1132 3919 ο
1163 3890 1589 3960 φευδοεποῦντες
1619 3898 1667 3949 oi
1700 3896 1944 3964 δείλαιοι,

376 3978 508 4030 ποτὲ
555 3980 673 4048 μὲν,
723 3979 805 4032 ὅτι
851 3980 1164 4053 διαστρέφει
1214 3984 1306 4037 τὸν
1354 3984 1513 4039 λαόν·
1559 3988 1688 4041 ποτὲ
1736 3984 1814 4051 δὲ,
1867 3991 1947 4045 ὅτι

374 4068 564 4122 τούτου
617 4069 868 4139 λέγοντος
898 4072 1238 4142 ἀκηκόαμεν,
1285 4074 1360 4137 ὡς
1393 4075 1451 4127 ἐν
1495 4078 1674 4148 τρισὶν
1713 4080 1949 4151 ἡμέραις

375 4161 670 4214 καταλύσει
710 4162 801 4215 τὸν
828 4162 953 4216 ναὸν
985 4164 1077 4216 τοῦ
1110 4164 1269 4230 Θεοῦ,
1298 4167 1390 4219 καὶ
1426 4170 1611 4239 ἐγερεῖ
1651 4170 1814 4223 πάλιν
1848 4173 1945 4225 αὐ-

372 4252 482 4304 τόν.
524 4252 971 4324 Ἀναιρεθήσεται
1000 4256 1200 4321 τοίνυν,
1230 4258 1385 4328 φησὶ,
1408 4258 1554 4329 δίκη,
1586 4260 1681 4314 καὶ
1703 4262 1942 4333 ἔλεγχος,

368 4346 489 4417 ἦτοι
543 4347 963 4418 καταμαρτυρία
1006 4348 1133 4419 (καὶ
1176 4349 1354 4420 ψῆφος
1401 4352 1500 4404 οὐκ
1557 4353 1784 4426 ἀληθὴς,
1846 4357 1947 4410 οὐκ

371 4438 523 4500 ὄντος
573 4436 857 4506 βασιλέως,
903 4438 1023 4490 οὐδὲ
1079 4438 1338 4510 ἄρχοντος
1367 4440 1461 4493 τοῦ
1492 4441 1733 4507 δικάζειν
1761 4445 1944 4498 είωθό-

2055 3257 2249 3326 inquit,
2285 3275 2315 3308 (ι
2356 3268 2412 3312 ιιι
2457 3274 2631 3330 neque
2672 3259 2901 3328 judicet,
2936 3276 3112 3330 neque
3156 3275 3348 3333 arguat
3384 3265 3523 3318 ullus
3553 3283 3565 3318 :
3600 3285 3619 3317 ι

2053 3350 2197 3418 quod
2237 3359 2323 3405 est
2357 3352 2646 3407 manifeste
2676 3367 2936 3406 accusare
2969 3352 3207 3419 Judteos,
3236 3366 3294 3408 ut
3322 3356 3412 3425 qui
3459 3358 3622 3426 impie

2045 3437 2134 3506 jus
2161 3439 2435 3506 dixerunt,
2470 3452 2525 3497 et
2550 3445 2964 3513 redarguerunt,
2994 3444 3111 3498 sive
3149 3446 3342 3498 falsum
3382 3448 3626 3503 teStiino-

2051 3532 2200 3585 nium
2228 3532 2281 3585 in
2313 3532 2589 3588 Christum
2621 3534 2981 3602 protulerunt.
3024 3536 3136 3606 68
3170 3537 3448 3607 Principes
3474 3539 3616 3594 enim

2051 3622 2386 3679 adduxerunt
2440 3639 2563 3680 eum
2635 3627 2701 3678 ad
2765 3625 3017 3690 Pilatum,
3084 3628 3233 3680 illum
3317 3628 3622 3698 iudicantes

2050 3726 2105 3771 et
2131 3725 2469 3772 accusantes.
2502 3716 2781 3787 Progressi
2810 3718 3001 3772 deinde
3030 3720 3262 3786 quidam
3281 3719 3334 3774 iii
3359 3722 3618 3787 medium,

2053 3808 2424 3862 testimonium
2461 3821 2652 3863 contra
2685 3809 2861 3879 ipsum
2898 3811 3307 3880 perhibuerunt,
3331 3822 3383 3867 et
3410 3821 3617 3869 tantum

2048 3913 2156 3953 non
2216 3899 2392 3967 ipsum
2454 3915 2669 3970 quoque
2721 3902 3055 3971 argumentis
3113 3904 3433 3959 convincere
3500 3906 3619 3961 ausi

2048 3998 2193 4053 sunt,
2218 3990 2544 4045 mentientes
2568 3990 2773 4055 miseri,
2808 4008 2975 4057 nunc,
3005 4008 3128 4047 eum
3159 3995 3418 4049 seducere
3444 4010 3613 4066 popu-

2049 4080 2193 4147 lum;
2224 4096 2387 4146 nunc,
2436 4095 2498 4136 se
2536 4082 2638 4137 hoc
2688 4082 2861 4151 ipsum
2889 4084 3156 4139 dicentem
3186 4087 3476 4151 audivisse,
3521 4090 3619 4142 tri-

2048 4175 2149 4229 bus
2178 4175 2367 4228 diebus
2397 4174 2652 4242 templum
2695 4174 2782 4226 Dei
2823 4174 3227 4231 destructurum
3285 4188 3339 4232 et
3379 4180 3611 4233 retedifl-

2048 4277 2295 4321 caturum
2317 4266 2386 4320 θ’.
2416 4265 2660 4321 Tolletur
2696 4267 2880 4337 igitur,
2910 4268 3102 4337 inquit,
3129 4271 3417 4337 judicium,
3445 4282 3500 4326 et
3525 4288 3615 4327 re-

2048 4358 2361 4426 prehensio,
2395 4360 2511 4412 sive
2566 4358 2857 4413 testimonii
2903 4360 3088 4427 dictio,
3119 4371 3175 4414 et
3204 4363 3475 4416 sententia
3511 4379 3617 4419 non

2047 4463 2198 4515 vera,
2228 4463 2350 4502 cum
2399 4464 2505 4502 non
2535 4449 2641 4503 erit
2676 4464 2792 4513 rex,
2826 4464 3002 4518 neque
3031 4451 3308 4521 princeps,
3336 4454 3435 4521 qui
3472 4453 3619 4521 judi-

370 4546 481 4592 τος.
521 4527 810 4599 Ταΰτῃτοι,
853 4528 1105 4600 καθάπερ
1142 4526 1380 4603 ἐγῷμαι,
1406 4534 1499 4585 καὶ
1539 4535 1568 4586 ὁ
1611 4538 1948 4606 προφητικὸς

2057 4553 2174 4593 care
2206 4539 2370 4593 norit.
2396 4538 2508 4592 Hac
2534 4539 2602 4593 de
2621 4553 2809 4605 causa,
2846 4550 2903 4593 ut
2931 4555 3034 4607 ego
3068 4542 3264 4604 sentio,
3293 4543 3457 4596 etiam
3490 4559 3618 4612 pro-

373 4622 505 4692 ἡμῖν
552 4621 712 4691 λόγος
753 4624 864 4687 τοῖς
904 4622 1278 4688 ἀϐασιλεύτοις
1323 4628 1432 4680 τῶν
1463 4626 1617 4690 ζώων
1666 4630 1791 4693 τοὺς
1838 4628 1947 4684 τῶν

2057 4633 2299 4703 pheticus
2322 4648 2502 4687 sermo
2525 4631 2833 4687 Iudaeorum
2863 4634 3118 4702 papulum
3142 4636 3464 4690 animalibus
3497 4651 3621 4706 rege

384 4714 649 4770 Ἰουδαίων
699 4716 1024 4784 παρεικάζει
1067 4715 1248 4783 λαοὺς,
1305 4717 1467 4789 θηρσὶ
1518 4719 1604 4790 δὴ,
1633 4720 1798 4789 λέγω,
1854 4723 1947 4776 καὶ

2057 4723 2357 4779 carentibus
2378 4732 2676 4788 comparat,
2710 4722 2921 4787 bellnis,
2947 4722 3189 4792 inquam,
3228 4733 3283 4779 et
3317 4725 3617 4794 reptilibus,

370 4808 639 4880 ἑρπετοῖς,
688 4809 784 4861 καὶ
826 4812 1112 4873 πετεινοῖς,
1161 4812 1255 4865 καὶ
1305 4812 1535 4882 ἰχθύσιν.
1581 4813 1736 4868 Οὕτω
1786 4816 1943 4870 καὶὸ

2057 4812 2457 4876 etvolucribus,
2495 4824 2550 4866 et
2599 4814 2860 4883 piscibus.
2910 4812 2991 4865 lta
3036 4824 3091 4866 et
3143 4816 3330 4871 beatus
3362 4816 3617 4871 Habui-uc

304 4894 309 4897 ’
373 4898 641 4970 μακάριος
664 4901 946 4970 προφήτης
990 4900 1269 4973 Ἀϐακοὺμ
1288 4902 1392 4974 ἔφη
1415 4921 1518 4957 που
1542 4906 1680 4976 πρὸς
1708 4906 1798 4960 τὸν
1827 4908 1938 4962 τῶν

2057 4905 2415 4959 universitatis
2448 4904 2613 4959 Deum
2645 4905 2955 4975 alloquitur.
2995 4925 3014 4958 ι
3046 4906 3226 4974 Quare
3272 4909 3494 4976 respicis
3522 4925 3618 4962 su-

370 4987 507 5040 ὃλων
538 4988 668 5040 Θεόν
685 5004 699 5018 ·
732 5007 750 5040 ι
772 4984 864 5051 Εἰς
890 4989 940 5041 τί
966 4990 1279 5055 ὲπιϐλέπεις
1310 4995 1404 5046 ἐπὶ
1426 4997 1937 5066 καταφρονοῦντας;

2057 5012 2141 5064 per
2165 4996 2613 5065 contemptores?
2639 4995 2870 5052 Tacebis
2900 5014 3021 5053 cum
3053 4999 3395 5053 devoraverit
3423 4998 3617 5067 impius

369 5078 783 5150 Παρασιωπήσῃ
810 5080 868 5130 ἐν
913 5077 989 5149 τῷ
1026 5080 1345 5134 καταπίνειν
1377 5085 1547 5155 ἀσεϐῆ
1578 5086 1669 5137 τὸν
1707 5087 1938 5151 δίκαιον,

367 5170 463 5221 καὶ
511 5171 757 5242 ποιήσεις
800 5175 928 5237 τοὺς
974 5174 1294 5246 ἀνθρώπους
1325 5174 1401 5238 ὡς
1440 5181 1564 5240 τοὺς
1606 5178 1792 5247 ἰχθύας
1842 5181 1944 5250 τῆς

368 5261 681 5333 Θαλάσσης,
721 5265 816 5321 καὶ
869 5268 946 5331 ὠς
996 5269 1065 5322 τὰ
1114 5270 1320 5339 ἑρπετὰ
1379 5271 1479 5322 οὐκ
1526 5270 1718 5341 ἔχοντα
1780 5274 1943 5344 ἡγού-

370 5370 551 5409 υιενον.
601 5375 621 5408 ι

449 5445 503 5497 '0
531 5446 602 5499 δὲ
644 5448 794 5514 λαός
817 5467 937 5518 μου
979 5452 1059 5516 ὠς
1097 5453 1558 5523 ἀναλεγόμενος
1584 5455 1795 5523 Ιερεὺς,
1837 5457 1937 5511 καὶ

365 5535 696 5605 ἀσθενήσει
740 5539 986 5609 ἡμέρας,
1032 5542 1129 5595 καὶ
1171 5542 1497 5611 ἀσθενήσει
1548 5546 1582 5598 ὀ
1628 5545 1937 5615 προφήτης

366 5626 511 5695 μετὰ
542 5628 683 5683 σοῦ.

431 5803 482 5835 ⁸⁸
514 5803 676 5861 Mich.
709 5822 805 5873 vti,
840 5809 895 5864 2.
974 5810 1017 5842 ’°
1056 5810 1241 5867 Matth.
1275 5828 1421 5877 xxt’t,
1456 5812 1675 5882 passim.

2041 5085 2270 5152 justum,
2316 5095 2370 5140 et
2421 5085 2586 5141 facies
2628 5086 2873 5143 homines
2928 5090 3083 5160 quasi
3139 5090 3313 5158 pisces
3351 5088 3521 5142 maris
3564 5099 3616 5143 et

2047 5177 2198 5244 quasi
2240 5177 2475 5246 reptilia,
2506 5193 2611 5232 non
2644 5178 2896 5235 habentia
2928 5182 3119 5236 ducem
3160 5182 3227 5231 εἰ.
3256 5198 3271 5227 i

2118 5454 2282 5509 \‘Ens.
2320 5456 2373 5509 4.
2436 5457 2501 5509 At
2552 5462 2773 5527 populus
2822 5475 2967 5513 mem
3029 5459 3185 5530 quasi
3233 5463 3475 5514 sacerdos
3526 5463 3612 5516 cui

2045 5548 2445 5610 contradicitur,
2470 5557 2518 5599 et
2549 5548 2906 5616 inﬁrinabttur
2932 5565 3026 5619 per
3048 5550 3182 5619 dies,
3219 5561 3265 5604 et
3310 5550 3608 5619 iit/armabi-

2042 5649 2130 5690 tur
2150 5640 2399 5707 propheta
2423 5650 2611 5699 tecum.

1782 5814 1823 5845 θ’
1860 5812 2062 5869 Habac.
2099 5828 2136 5880 ι,
2176 5814 2258 5879 l5,
2290 5813 2355 5867 Η
