4046 6376
422 347 527 407 εει)

1411 356 1471 411 S.
1510 354 1785 410 CYRILLI
1824 356 2292 414 ALEXANDRINI
2330 357 2648 414 ARCIIIEP.

3563 355 3689 414 ιεο·

500 470 759 527 XXXVII.
798 473 1092 529 Considera
1127 476 1259 530 mihi
1289 479 1503 532 beatum
1535 480 1852 549 prophetam
1884 481 1978 536 alic

2166 480 2285 540 AZ'.
2311 481 2502 552 'AOpst
2532 482 2594 554 δή
2629 499 2718 552 μοι
2749 480 2841 534 τὸν
2874 484 3147 551 μακάριον
3181 478 3464 550 προφήτην
3483 477 3667 548 ἑτερο-

421 565 583 619 modo
613 564 995 634 proferentem,
1031 582 1155 636 qua:
1193 568 1292 637 ipsi
1329 583 1358 623 a
1400 567 1512 624 Deo
1560 571 1700 626 dicta
1751 570 1988 630 Inerant.

423 655 683 710 Audierat
727 655 872 710 enim
923 666 1110 726 aperte
1154 657 1272 712 dies
1319 658 1516 714 multos
1557 675 1806 716 sessuros
1857 662 1992 718 lilios

421 745 604 808 Israel,
639 745 929 802 destitutos
960 762 1106 816 rege,
1157 750 1422 819 principe,
1471 751 1766 813 sacrillcio,
1811 752 1989 818 altari,

419 837 750 904 sacerdotio,
776 851 832 893 et
864 839 1165 895 manifestis
1189 841 1255 896 θ’.
1283 843 1356 896 At
1384 842 1498 912 ipse
1532 845 1625 897 irae
1659 845 1989 910 vehementi,

421 927 504 982 his
537 929 718 984 verbis
743 930 1062 998 signiﬁcata:
1089 933 1242 1002 quasi
1277 934 1480 988 cursim
1514 936 1832 1002 succedens,
1859 951 1992 991 con-

421 1020 648 1074 tractius
694 1021 1064 1091 reprehendit,
1126 1026 1527 1094 moderatisqne
1565 1027 1990 1082 obscuritatibus

419 1124 725 1166 sermonem
760 1115 1072 1169 obumbrat.
1105 1113 1242 1169 Nam
1287 1115 1407 1171 sine
1450 1117 1804 1187 principibus,
1843 1132 1987 1188 rege,

419 1202 762 1260 institutione
791 1205 1104 1276 aliquandiu
1135 1223 1440 1272 mansuros,
1460 1209 1736 1263 involucro
1755 1209 1987 1279 quodam

419 1293 694 1350 subtiliter
721 1296 949 1361 indicat,
979 1298 1304 1353 animalibus
1327 1313 1507 1368 regem
1534 1315 1639 1353 non
1671 1301 1990 1356 habentibus

417 1402 512 1443 eos
536 1403 884 1459 comparans.
919 1391 1210 1446 Exclusum
1263 1402 1442 1448 autem
1496 1394 1562 1447 iri
1597 1394 1885 1448 sacriﬁciis
1935 1406 1990 1449 et

420 1478 658 1550 Iiturgiis
701 1482 1045 1536 sacerdotum
1105 1483 1467 1550 subostendit,
1497 1487 1685 1540 eodem
1717 1485 1836 1540 loco
1874 1485 1989 1540 fore

417 1572 626 1634 dicens,
656 1587 764 1641 quo
800 1575 1134 1640 sacerdotes,
1169 1575 1367 1646 quibus
1399 1577 1812 1632 contradicitur.
1853 1577 1988 1645 Qui-

419 1678 542 1718 nam
570 1673 750 1719 autem
779 1666 867 1720 isti
901 1665 1060 1720 sunt?
1083 1675 1178 1721 aut
1193 1668 1317 1737 quis
1349 1677 1434 1723 est
1464 1669 1716 1726 sacerdos
1743 1670 1830 1725 cui
1859 1684 1989 1724 con-

419 1755 748 1813 tradicitur?
775 1757 876 1825 Qui
920 1758 1184 1814 maculam
1212 1766 1266 1813 et
1297 1760 1544 1815 morbum
1578 1760 1760 1816 carnis
1795 1761 1984 1826 habet,

2093 573 2313 643 τρόπως
2364 573 2667 644 ἐκφέροντα
2710 571 2780 626 τὰ
2819 571 2958 642 πρὸς
3002 571 3162 624 αὐτὸν
3205 569 3466 640 εἰρημένα
3514 569 3668 640 παρά

2093 664 2256 718 Θεοῦ.
2286 665 2524 718 Ἤκουσε
2558 663 2656 734 μέν
2693 662 2801 734 γὰρ
2828 662 3092 734 ἐναργῶς,
3121 663 3203 715 ὃτι
3230 661 3442 732 ἡμέρας
3466 661 3665 726 πολλὰς

2093 757 2423 828 καθήσοντσι
2475 757 2526 809 oi
2578 757 2685 809 υἱοὶ
2726 753 2942 827 Ἰσραὴλ
2969 793 2983 816 ,
3023 755 3123 808 οὐκ
3167 753 3318 816 ὄντος
3366 752 3658 823 βασιλέως,

2093 849 2212 902 ούδέ
2239 849 2518 919 ἄρχοντος,
2555 849 2656 901 οὐκ
2681 845 2848 917 οὔσης
2879 846 3090 908 θυσίας,
3121 845 3241 897 οὐδὲ
3283 844 3436 907 ὄντος
3475 843 3664 896 θυσια-

2093 937 2340 1009 στηρίου,
2373 937 2496 992 οὔτε
2529 939 2570 991 ίε
2583 939 2820 1010 ρατείας,
2855 935 2978 991 οὔτε
3010 936 3205 1006 δήλων.
3237 935 3581 1009 ’Υποτρέχων
3605 935 3661 988 δὲ

2092 1027 2282 1097 ὥσπερ
2301 1029 2462 1092 αὐτὸς
2482 1029 2590 1082 τῶν
2621 1029 2986 1100 ἀκροωμένων
3011 1030 3073 1080 τὸ
3093 1028 3343 1097 ἀχάλινον
3365 1028 3445 1090 εἰς
3467 1025 3657 1096 ὀργὰς,

2093 1120 2512 1189 ὑπεσταλμένως
2566 1119 2816 1188 ἐλέγχει,
2856 1120 2949 1171 καὶ
2992 1117 3328 1187 συμμέτροις
3369 1114 3661 1184 ἀσαφείαις

2090 1212 2449 1276 κατασκιάζει
2488 1212 2579 1264 τὸν
2625 1211 2804 1280 λόγον.
2856 1211 2979 1264 Ὅτι
3033 1210 3130 1280 μὲν
3179 1207 3287 1279 γάρ
3343 1206 3660 1278 ἡγουμένων

2091 1303 2216 1373 δίχα
2244 1304 2340 1356 καὶ
2374 1303 2468 1356 τοῦ
2495 1303 2866 1373 βασιλεύοντος
2897 1301 3262 1354 διατελέσουσι
3290 1299 3534 1370 καιροὺς,
3565 1297 3659 1350 καὶ

2088 1395 2534 1466 ἀπαιδαγὼγητοι
2585 1393 2856 1466 μενοῦσιν,
2903 1393 3098 1464 ἰσχνῶς
3132 1391 3516 1454 ἐπαινίττεται,
3547 1390 3659 1452 τοῖς

2091 1486 2200 1539 τῶν
2226 1485 2380 1551 ζώων
2411 1485 2791 1549 ἀϐασιλεύτοις
2821 1484 3170 1555 παρεικάζων
3199 1481 3414 1545 αὐτούς.
3447 1481 3568 1534 ’Ότι
3600 1478 3659 1532 δὲ

2090 1579 2187 1631 καὶ
2233 1576 2436 1630 θυσιῶν
2500 1576 2884 1648 ἐξωθήσονται,
2946 1576 3039 1629 καί⁹
3087 1573 3429 1645 λειτουργίας
3473 1571 3654 1642 ἱερῶν,

2092 1670 2413 1738 ὑποφαίνει,
2447 1669 2641 1738 λέγων,
2677 1669 2733 1722 ἐν
2771 1668 2870 1740 ἴσῳ
2917 1666 3246 1737 γεγενῆσθαι
3288 1667 3400 1728 τοῖς
3429 1663 3537 1717 τῶν
3581 1665 3659 1716 ἰε-

2095 1762 2234 1832 ρέων
2255 1761 2713 1831 ἁντιλεγομένοις.
2741 1761 2852 1814 Καὶ
2884 1759 3027 1823 τίνες
3057 1759 3123 1812 ἂν
3150 1753 3260 1811 εἶεν
3286 1752 3430 1812 οὗτοι
3459 1755 3656 1822 πάλιν;

415 1853 472 1899 et
526 1845 732 1902 idcirco
779 1847 992 1918 liturgia
1037 1849 1372 1905 excluditur.
1419 1851 1530 1904 Aut
1576 1851 1718 1906 enim
1765 1862 1978 1922 propter

2093 1825 2212 1924 ἦτοι
2256 1852 2338 1916 τίς
2379 1855 2408 1905 6
2441 1825 2853 1923 ἀντιλεγόμενος
2897 1849 3107 1923 ίερεύς;
3175 1851 3231 1904 '0
3263 1850 3454 1919 μῶμον
3497 1847 3655 1918 ἔχων,

415 1937 612 2001 cruris,
641 1943 733 1992 aut
768 1939 1046 1995 oculorum
1079 1940 1294 2006 vitium,
1331 1949 1425 1995 aut
1461 1941 1844 1996 contritionem
1891 1955 1986 2011 pe-

415 2027 519 2095 dis,
543 2039 636 2082 aut
677 2030 837 2085 aliam
887 2031 958 2086 ob
1005 2047 1225 2086 causam
1251 2033 1469 2102 quidam
1507 2033 1683 2090 cilicio
1730 2035 1984 2089 sacerdo-

414 2121 506 2174 tali
561 2122 939 2190 movebantur,
965 2125 1320 2194 quantumvis
1355 2126 1422 2180 de
1457 2127 1598 2180 tribu
1623 2138 1679 2181 et
1719 2126 1982 2196 sanguine

412 2209 541 2264 Levi
595 2221 798 2268 essent.
850 2213 904 2267 Id
933 2214 1074 2282 quod
1116 2214 1298 2268 divina
1333 2214 1420 2270 lex
1459 2230 1555 2285 per
1583 2214 1804 2287 Moysen
1843 2229 1980 2284 prae-

411 2303 576 2373 cepit.
615 2301 708 2360 Sic
731 2305 895 2376 igitur
923 2307 1047 2371 erit,
1078 2306 1275 2376 inquit,
1303 2306 1534 2376 populus
1559 2321 1733 2362 meus.
1768 2307 1977 2362 Etenim

410 2411 532 2450 cum
564 2397 635 2452 sit
677 2411 834 2453 sacer
865 2405 1087 2467 propter
1125 2407 1308 2468 patres
1357 2397 1470 2470 69
1506 2406 1560 2453 et
1598 2397 1849 2466 dignatus
1888 2413 1976 2453 sa-

410 2487 644 2555 eriticio,
673 2498 828 2542 extra
859 2497 1104 2542 sanctum
1133 2490 1543 2544 tabernaculum
1571 2490 1800 2555 sedebit,
1824 2498 1976 2544 extra

409 2579 707 2650 liturgiam,
737 2589 794 2636 et
817 2582 1153 2638 sacerdotes.
1183 2579 1300 2635 Non
1328 2583 1472 2636 enim
1505 2581 1857 2646 sacriﬁcium,
1884 2595 1978 2635 ne-

414 2686 523 2740 que
551 2673 774 2726 odorem
809 2672 1098 2727 suavitatis
1124 2671 1307 2727 offeret
1342 2673 1485 2737 Deo;
1511 2670 1794 2740 mgrotavit
1825 2671 1970 2724 enim

409 2776 516 2816 non
552 2761 664 2832 jam
696 2761 1064 2817 mediocribus
1097 2760 1438 2816 detrimentis
1463 2759 1653 2823 animi,
1679 2767 1734 2813 et
1759 2759 1976 2812 vitiatus

405 2861 490 2906 est
515 2849 701 2916 corde,
733 2858 790 2903 et
819 2849 1015 2904 merito
1039 2847 1154 2918 jam
1212 2846 1510 2916 rejectitius
1544 2857 1707 2916 atque
1757 2845 1976 2901 odiosus

404 2943 602 2997 evasit.
625 2941 960 2998 Eventurum
992 2949 1174 2996 autem
1216 2939 1490 3005 lsraelitis,
1527 2947 1584 2992 ut
1620 2949 1676 2992 et
1701 2938 1976 3009 propheta}

410 3043 646 3100 taceant,
689 3033 990 3089 declaravit
1036 3033 1122 3088 his
1162 3033 1342 3087 verbis
1375 3048 1389 3085 :
1429 3048 1448 3082 ι
1501 3031 1570 3086 Et
1611 3029 1975 3084 inﬁrmabitur

2092 1945 2184 1996 καὶ
2207 1941 2550 2014 ἀρρώστημα
2583 1943 2864 2013 σαρκικόνο
2890 1942 3145 2014 ταύτῃτοι
3170 1940 3263 1994 καὶ
3293 1939 3393 2009 τῆς
3415 1939 3658 2008 λειτουρ-

2089 2033 2214 2104 γίας
2267 2034 2603 2105 εἰργόμενος.
2631 2035 2702 2087 Ἢ
2733 2034 2842 2105 γὰρ
2882 2033 2971 2086 διὰ
3016 2032 3238 2094 σκέλους
3287 2031 3321 2100 ἢ
3365 2029 3658 2100 ὀφθαλμῶν

2089 2127 2376 2197 ἐπήρειαν,
2408 2127 2441 2196 ἢ
2474 2125 2562 2180 διά
2589 2127 2900 2198 σύντριμμα
2928 2124 3107 2188 ποδὸς,
3136 2125 3169 2194 ἢ
3202 2122 3322 2177 καθ’
3353 2120 3544 2192 ἐτέραν
3571 2119 3658 2172 αἱ·

2087 2219 2208 2271 τίαν
2257 2217 2628 2288 ἐξεπέμποντό
2675 2235 2819 2280 τινες
2854 2217 2949 2270 τοῦ
2995 2214 3247 2287 ἱερᾶσθαι
3287 2214 3418 2276 δεῖν,
3479 2210 3658 2266 καίτοι

2086 2308 2367 2376 γεγονότες
2389 2309 2454 2362 ἐκ
2487 2307 2661 2377 φυλῆς
2696 2325 2757 2360 τε
2788 2307 2883 2362 καὶ
2907 2307 3135 2378 αἵματος
3174 2306 3325 2358 Aetii.
3358 2305 3656 2373 Κεχρησμ-

2087 2401 2267 2472 ᾠδηκε
2308 2399 2419 2472 γὰρ
2469 2399 2642 2464 οὕτως
2667 2401 2694 2453 6
2719 2399 2808 2453 διὰ
2853 2399 3096 2462 Μωσέως
3119 2398 3302 2467 νόμος.
3335 2393 3521 2456 Οὕτως
3563 2388 3655 2446 οὖν

2086 2492 2261 2555 ἔσται,
2291 2492 2486 2562 φησὶν,
2503 2493 2531 2544 6
2551 2490 2678 2554 λαός
2697 2507 2820 2562 μου.
2855 2490 2968 2544 Καὶ
2991 2489 3100 2561 γάρ
3124 2505 3206 2542 τοι
3231 2487 3490 2557 ὑπάρχων
3513 2484 3657 2553 ἱερὸς

2084 2585 2173 2639 διὰ
2203 2586 2329 2648 τοὺς
2367 2584 2632 2655 πατέρας,
2664 2583 2874 2637 καὶτοῦ
2904 2582 3051 2636 θύειν
3075 2579 3395 2650 ἠξιωμένος,
3419 2578 3522 2645 ἔξω
3555 2581 3656 2649 τῆς

2086 2679 2248 2746 ἁγίας
2272 2677 2581 2731 καθεδεῖται
2614 2675 2838 2746 σκηνῆς,
2864 2673 2967 2739 ἔξω
2993 2671 3330 2742 λειτουργίας
3351 2670 3444 2722 καὶ
3471 2669 3654 2739 ἱερῶν.

2085 2772 2159 2824 Ού
2207 2769 2314 2843 γὰρ
2361 2769 2638 2840 προσοίσει
2671 2767 2861 2830 θυσίας
2881 2807 2896 2832 ,
2927 2764 3050 2818 οὕτε
3086 2765 3192 2836 μὴν
3223 2761 3399 2833 ὀσμὴν
3426 2760 3656 2831 εὒῳδίας

2083 2864 2288 2918 ἀνοίσει
2316 2863 2393 2934 τῷ
2424 2863 2572 2935 Θεῷ’
2615 2861 3043 2935 καηρῤὡστησε
3069 2859 3178 2931 γὰρ
3211 2857 3393 2912 οὐκέτι
3419 2855 3655 2927 μετρίως

2082 2956 2182 3025 τὴν
2207 2959 2286 3020 εἰς
2314 2955 2437 3009 νοῦν
2463 2957 2750 3027 ἐπήρειαν,
2790 2954 2886 3008 καὶ
2911 2950 3358 3020 καταλελώϐηται
3387 2949 3488 3020 τὴν
3515 2965 3648 3020 καρ-

2081 3048 2222 3112 δίαν,
2257 3047 2451 3116 γέγονέ
2491 3064 2549 3100 τε
2587 3047 2812 3109 δικαίως
2841 3045 3204 3115 ἀπόπεμπτος
3237 3043 3371 3114 ήδη,
3419 3042 3516 3096 καὶ
3553 3043 3655 3096 ἀπ-

406 3127 670 3199 propheta
704 3133 881 3180 tecum
906 3163 924 3190 ,
968 3142 989 3177 ι
1025 3124 1318 3180 secundum
1364 3122 1497 3178 illud
1533 3121 1738 3192 utique,
1764 3122 1906 3191 quod
1942 3135 1972 3175 a

409 3215 513 3238 l\-..
546 3213 609 3238 ..ιι
665 3213 878 3238 λιμμα-...η
925 3210 1258 3238 Π-ιυιιιζηιιηνι
1302 3211 1504 3238 ταμίη-ν.
1556 3220 1631 3238 ιλιι.
1665 3226 1678 3238 α
1718 3229 1736 3238 -
1773 3210 1832 3238 II.
1871 3209 1943 3238 I:..

2083 3142 2410 3213 ηχθημένος.
2443 3141 2566 3195 Ὅτι
2594 3141 2651 3195 δέ
2679 3143 2792 3204 τοῖς
2827 3137 2888 3205 ἐξ
2925 3137 3144 3210 Ἰσραήλ
3176 3137 3515 3209 συμϐήσεται
3557 3137 3652 3191 καὶ

409 3215 516 3268 Deo
544 3213 612 3268 ad
665 3213 878 3267 beatum
923 3210 1260 3266 Ezechielem
1300 3211 1506 3266 dictum
1555 3220 1681 3265 est:
1717 3229 1736 3262 ι
1771 3210 1837 3265 Ει
1871 3209 1976 3264 lin-

406 3319 566 3376 guam
601 3312 746 3358 tuam
773 3301 1028 3373 alligabo,
1058 3311 1113 3358 et
1145 3303 1256 3358 eris
1291 3311 1496 3368 mutus,
1529 3312 1584 3356 et
1609 3317 1716 3356 non
1738 3301 1848 3356 eris
1873 3301 1976 3356 illis

407 3394 462 3448 in
511 3392 686 3447 virum
743 3391 1120 3462 obiurgantem
1151 3429 1168 3456 ,
1223 3390 1349 3460 quia
1405 3391 1599 3446 domus
1645 3405 1977 3460 exasperatis

404 3493 491 3540 est
521 3484 590 3538 ”.
621 3500 642 3536 ι
674 3481 800 3539 Haec
849 3497 1014 3554 porro
1057 3483 1241 3537 omnia
1299 3493 1520 3552 propter
1554 3482 1885 3551 impietatem
1920 3483 1973 3537 in

405 3577 705 3642 Christum,
729 3586 786 3632 et
811 3576 1017 3632 scelera
1049 3577 1103 3631 in
1129 3576 1420 3646 prophetas
1451 3575 1735 3648 designata
1761 3577 1976 3631 contin-

405 3678 552 3741 gent.
599 3668 988 3723 Verumtamen
1039 3681 1146 3721 non
1191 3666 1244 3720 in
1278 3677 1598 3736 perpetuum
1645 3665 1973 3723 inﬁrmatum

404 3761 474 3818 iri
515 3761 793 3827 Israelem,
836 3761 931 3817 sed
981 3775 1076 3830 per
1112 3759 1228 3814 dies
1279 3759 1430 3814 dicit.
1486 3757 1690 3817 Salutis
1730 3763 1872 3817 enim
1921 3772 1976 3817 et

401 3853 776 3911 conversionis
836 3852 904 3908 ad
968 3851 1128 3908 (idem
1207 3859 1418 3922 tempus
1493 3853 1569 3907 illi
1635 3864 1972 3911 reservatum

401 3954 505 4000 est.

477 4235 638 4290 Vens.
673 4235 726 4297 5,
763 4234 816 4289 6.
856 4233 1016 4288 Nocti
1050 4234 1336 4288 auimilavi
1366 4245 1584 4288 matrem
1618 4243 1782 4290 tatam.
1827 4235 1973 4290 Assi-

400 4326 616 4379 milatu:
641 4336 716 4380 est
737 4325 959 4396 populus
990 4341 1134 4378 meus
1161 4325 1315 4396 quasi
1341 4342 1441 4380 non
1462 4325 1653 4389 habens
1674 4328 1967 4384 scientiam.

403 4417 542 4482 Quia
569 4416 838 4471 scientiam
889 4417 1147 4484 reputisti,
1165 4425 1213 4470 et
1238 4433 1330 4485 ego
1354 4416 1599 4484 repellam
1619 4427 1688 4482 te,
1707 4433 1770 4472 ne
1798 4434 1973 4473 sacer-

2079 3235 2139 3286 τὸ
2179 3233 2403 3303 σιγῆσαι
2433 3233 2717 3304 προφήτας
2739 3272 2754 3296 ,
2784 3231 3195 3301 διαμεμήνυκεν
3240 3228 3444 3282 εἰπών’
3483 3247 3502 3280 ι
3539 3229 3655 3282 Καὶ

2077 3324 2364 3395 ἀσθενήσει
2392 3323 2488 3378 καὶ
2522 3325 2806 3394 προφήτης
2839 3322 2975 3392 μετὰ
3008 3320 3124 3386 σοῦ,
3154 3340 3172 3371 ι
3193 3320 3312 3373 κατ’
3334 3319 3508 3373 ἐκεῖνό
3547 3333 3651 3372 που

2079 3416 2298 3479 πάντως
2328 3413 2387 3468 τὸ
2423 3415 2712 3485 εἰρημένον
2738 3412 2888 3484 παρά
2911 3412 3046 3465 Θεοῦ
3093 3411 3231 3480 πρὸς
3258 3411 3349 3464 τὸν
3378 3409 3653 3483 μακάριον

2089 3504 2374 3577 ’ῐεζεχιήλο
2419 3523 2438 3556 ι
2476 3504 2587 3557 Καὶ
2627 3505 2724 3574 τὴν
2767 3502 3021 3572 γλῶσσάν
3076 3520 3169 3556 σου
3215 3503 3496 3572 συνδήσω,
3553 3501 3652 3556 καὶ

2076 3597 2528 3668 ἀποκωφωθήσῃ,
2571 3595 2665 3649 κοιλ⁸
2694 3595 2792 3648 οὐκ
2837 3594 2938 3666 ἔσῃ
2969 3595 3152 3657 αὐτοῖς
3180 3595 3257 3656 είς
3286 3593 3453 3665 ἀνδρα
3494 3591 3652 3646 εὐθύο

2075 3707 2256 3757 νοντα,
2295 3689 2463 3760 ῆγουν
2505 3686 2819 3757 ἐλέγχοντα,
2863 3686 2945 3739 ὅτι
2991 3681 3140 3749 οἶκος
3190 3684 3649 3756 παραπικραίνων

2075 3780 2212 3835 ἐστί.
2244 3799 2263 3832 ι
2319 3779 2510 3834 Ταῦτα
2559 3779 2615 3833 δὲ
2659 3779 2837 3834 πάντα
2887 3778 3228 3849 συμϐήσεται
3271 3777 3360 3832 διὰ
3422 3776 3522 3848 τὴν
3570 3778 3650 3840 εἱς

2076 3867 2308 3944 Χριστὸν
2338 3870 2614 3937 ἀσέϐειαν,
2643 3869 2738 3923 καὶ
2762 3869 2832 3923 τὰ
2861 3870 2942 3932 είς
2975 3870 3262 3940 προφήτας
3298 3867 3646 3940 ἐγκλήματα.

2075 3964 2222 4034 Πλὴν
2245 3963 2346 4017 οὐκ
2378 3964 2459 4027 είς
2489 3962 2640 4017 ἅπαν
2671 3960 2990 4033 ἁσθενήσειν
3014 3960 3110 4015 τὸν
3149 3960 3385 4032 Ἰσραήλ,
3421 3959 3536 4014 ἀλλ’
3567 3959 3647 4020 είς

2075 4056 2287 4129 ἡμέρας
2332 4055 2486 4128 φησί.
2537 4055 2844 4126 Τετήρηται
2887 4055 2994 4126 γὰρ
3041 4052 3190 4124 αύτῷ
3233 4053 3509 4124 σωτηρίας
3553 4052 3649 4107 καὶ

2074 4149 2411 4221 ἐπιστροφῆς
2438 4147 2536 4218 τῆς
2558 4147 2634 4210 ὼς
2658 4149 2715 4200 ἐν
2741 4145 2922 4199 πίστει
2954 4148 3164 4217 καιρός.

2143 4240 2329 4295 Νυκτὶ
2375 4239 2651 4308 ὠμοίωσα
2697 4239 2813 4308 τὴν
2849 4237 3074 4308 μητέρα
3118 4253 3254 4292 σου.
3304 4235 3579 4306 Ὡμοιώθη
3613 4237 3648 4290 ὁ

2072 4334 2222 4397 λαός
2239 4349 2357 4402 μου
2385 4331 2464 4397 ὡς
2490 4332 2601 4384 οὐκ
2622 4330 2782 4400 ἔχων
2807 4330 3052 4399 γνῶσιν.
3078 4330 3199 4382 Ὅτι.
3222 4327 3303 4382 σὺ
3321 4327 3648 4395 ἐπίγνωσιν

2073 4423 2313 4488 ἀπώσω,
2356 4423 2516 4494 κάγὼ
2546 4423 2860 4491 ἀπώσομαι
2905 4438 2979 4476 σε
3011 4421 3116 4476 τοῦ
3155 4420 3476 4490 ἱερατεύειν
3523 4435 3644 4488 μοι.

399 4510 541 4563 datio
571 4509 812 4579 fungaris
837 4509 987 4562 mihi.
1017 4507 1084 4561 Et
1111 4508 1274 4563 oblita
1300 4525 1354 4564 es
1385 4509 1511 4580 tegis
1541 4508 1642 4564 Dei
1665 4509 1766 4578 tui,
1803 4520 1854 4565 et
1877 4528 1969 4582 ego

2081 4516 2181 4570 Καὶ
2207 4515 2503 4571 ἐπελάθου
2528 4517 2716 4586 νόμου
2747 4515 2894 4571 Θεοῦ
2923 4531 3062 4579 σου,
3091 4511 3253 4582 κάγὼ
3281 4509 3644 4578 ἐπιλήσομαι

398 4600 678 4656 obliviscar
695 4600 930 4668 ﬁliorum
963 4610 1193 4656 tuorum.

469 4691 754 4747 XXXVIII.
788 4693 980 4748 Adhuc
1004 4707 1186 4747 sermo
1213 4691 1360 4747 velut
1387 4693 1453 4747 ad
1482 4690 1789 4749 Iudaeorum
1817 4708 1969 4749 men-

397 4787 585 4840 dacem
615 4793 670 4840 et
699 4785 916 4855 impiam
963 4782 1362 4838 multitudinem
1415 4783 1684 4854 dirigitur.
1741 4783 1965 4839 Matrem

395 4879 512 4947 ejus
546 4877 776 4950 appellat
810 4875 1171 4947 Synagogam,
1217 4876 1669 4945 quemadmodum
1721 4877 1971 4932 videlicet

382 4971 448 5027 in
477 4971 693 5028 Christo
718 4968 1132 5038 justiﬁeatorum
1175 4968 1494 5024 Ecclesiam.
1549 4967 1684 5024 Cum
1717 4969 1963 5024 obscuri-

395 5076 505 5121 tate
529 5063 696 5134 igItur
727 5071 781 5117 et
823 5060 1059 5116 tenebris
1108 5073 1230 5131 apte
1264 5061 1566 5116 Judatorum
1622 5060 1960 5131 Synagogam

392 5155 627 5213 confert.
653 5153 886 5210 Proinde
913 5162 966 5208 et
993 5153 1427 5223 sapientissimus
1471 5152 1668 5208 Paulus
1701 5154 1765 5208 de
1798 5168 1876 5220 se,
1911 5162 1968 5208 et

395 5251 449 5303 in
477 5249 579 5304 ﬁde
613 5246 892 5303 lIlustratis
927 5245 1230 5300 rectissime
1263 5262 1278 5298 :
1319 5264 1338 5296 ι
1388 5244 1503 5298 Non
1540 5259 1726 5300 sumus
1767 5246 1962 5309 noctis,
2002 5293 2008 5300 .

394 5355 495 5396 nec
519 5341 887 5403 tenebrarum,
927 5337 1021 5393 sed
1049 5352 1235 5392 sumus
1270 5336 1360 5392 lilii
1397 5337 1531 5393 lucis
1579 5345 1633 5393 et
1676 5338 1780 5392 diei
1828 5339 1896 5392 “.
1937 5357 1956 5390 ι

393 5432 599 5488 Similis
632 5441 718 5487 est
744 5445 922 5504 porro,
963 5430 1152 5499 incutit,
1181 5437 1237 5484 et
1282 5427 1507 5498 populus
1546 5442 1699 5484 meus
1728 5444 1833 5484 non
1867 5430 1964 5484 ha—

392 5522 646 5578 bentibus
684 5523 988 5589 scientiam,
1013 5520 1260 5591 quamvis
1287 5519 1400 5590 lege
1431 5529 1701 5590 praeeunte
1717 5537 1780 5577 ac
1808 5538 1962 5576 mon-

394 5627 601 5673 strante
631 5617 772 5672 viam
809 5617 978 5673 dives.
1017 5615 1245 5671 Vocatus
1267 5615 1408 5670 enim
1438 5614 1504 5670 ad
1534 5614 1816 5670 scientiam
1847 5618 1958 5670 veri

464 5794 510 5827 ⁹¹
540 5792 676 5849 Osee
697 5801 772 5847 .It,
814 5801 858 5835 ι.

1011 5900 1040 5932 κ

951 5794 995 5824 ’³
1033 5790 1229 5848 Ezcclt.
1265 5807 1344 5854 III,
1373 5792 1458 5849 56.
1537 5791 1583 5826 "
1617 5790 1632 5846 Ι
1674 5791 1864 5850 Thess.
1899 5809 1951 5857 ν,
1982 5797 2033 5853 5.

2069 4608 2294 4661 τέκνων
2331 4623 2470 4660 σου.

2138 4699 2266 4754 ΛΗ’.
2300 4699 2421 4752 Ἔτι
2463 4698 2562 4769 μὲν
2593 4694 2685 4752 οὖν
2710 4699 2739 4750 ὁ
2768 4699 2924 4766 λόγος
2951 4695 3026 4760 ὡς
3069 4695 3205 4768 πρὸς
3237 4694 3334 4767 τήν
3367 4693 3474 4748 τῶν
3511 4694 3643 4747 ’1ου-

2067 4787 2230 4842 δαίων
2269 4787 2590 4858 ἁμαρτοεπῆ
2627 4805 2687 4841 τε
2737 4789 2831 4841 καὶ
2868 4786 3086 4840 ἀνοσίαν
3130 4785 3362 4858 πληθύν.
3413 4785 3641 4856 Μητέρα

2067 4895 2132 4948 γε
2185 4879 2291 4950 μὴν
2324 4879 2496 4950 αὐτῆς
2539 4881 2793 4950 ὀνομάζει
2842 4879 2940 4951 τὴν
2986 4877 3337 4948 Συναγωγὴν,
3389 4876 3639 4948 καθάπερ
3689 4911 3704 4928 .

2068 4971 2263 5047 ἀμέλει
2295 4971 2523 5024 καὶτῶν
2565 4973 2623 5025 ἐν
2657 4971 2876 5044 Χριστῷ
2903 4969 3336 5038 δεδικαιωμένων
3381 4968 3478 5040 τὴν
3519 4966 3643 5020 Ἐκο

2071 5064 2317 5134 κλησίαν.
2347 5066 2639 5136 Ἀφεγγείᾳ
2664 5065 2840 5118 τοίνυν
2892 5064 2986 5116 καὶ
3017 5063 3195 5133 σκότῳ
3223 5061 3543 5135 παρεικάζει
3575 5060 3642 5113 δι-

2073 5157 2241 5221 καίως
2281 5157 2378 5230 τὴν
2411 5157 2518 5211 τῶν
2554 5159 2816 5213 Ἰουδαίων
2849 5159 3197 5230 Συναγωγήν.
3233 5154 3520 5224 Τοιγάρτοι
3549 5153 3643 5206 καὶ

2071 5251 2100 5301 ὁ
2134 5249 2440 5319 σοφώτατος
2490 5250 2698 5314 Παῦλος
2748 5249 2937 5303 ἐαυτοῦ
2981 5267 3040 5302 τε
3081 5249 3242 5321 πέρι,
3293 5247 3386 5300 καὶ
3428 5245 3535 5299 τῶν
3582 5245 3641 5298 ἐν

2070 5339 2250 5393 πίστει
2277 5340 2797 5414 λελαμπρυσμένων,
2831 5340 2889 5399 εὖ
2919 5345 3063 5416 μάλα
3089 5344 3272 5415 φησίν·
3303 5341 3448 5396 «Οὐκ
3475 5339 3642 5410 ἐσμὲν

2067 5433 2278 5500 νυκτὸς,
2307 5435 2428 5488 ούδέ
2467 5435 2712 5501 σκότους,
2737 5435 2852 5491 ἀλλ’
2879 5437 2986 5490 υἱοὶ
3018 5436 3195 5506 φωτὸς
3221 5435 3316 5490 καὶ
3342 5433 3576 5505 ἡμέρας.
3616 5449 3636 5484 ν

2069 5526 2252 5579 Ἔοικε
2293 5525 2370 5590 δὲ,
2402 5527 2568 5598 φησὶ,
2609 5530 2703 5582 καὶ
2727 5531 2756 5582 6
2792 5528 2918 5593 λαὸς
2957 5530 2985 5582 6
3023 5529 3156 5599 ἐμὸς
3186 5529 3295 5591 τοῖς
3326 5528 3424 5580 ούκ
3457 5525 3640 5596 ἔχουσι

2067 5620 2289 5688 γνῶσιν,
2335 5623 2513 5676 καίτοι
2553 5622 2650 5694 τὴν
2699 5623 2788 5678 διὰ
2841 5623 3007 5695 νόμου
3073 5619 3461 5690 πεπλουτηκὼς
3507 5617 3636 5672 ποδ-
