4046 6376
390 365 484 420 121

1301 367 1859 428 COMMENTARIUS
1898 372 1964 428 IN
2002 373 2238 429 OSEAM
2281 375 2731 434 PROPHETAM.

3553 387 3656 445 122

385 481 568 552 ηγίαν.
597 479 874 551 Κέκληται
907 480 1015 553 γὰρ
1050 481 1184 554 πρὸς
1219 483 1512 553 ὲπί-γνωσιν
1539 486 1635 539 τοῦ
1664 488 1805 541 κατά
1836 488 1965 560 ἀλή-

2077 490 2192 556 Dei,
2230 501 2285 547 et
2310 509 2405 563 per
2433 494 2692 548 miracula
2724 503 2869 549 certa
2903 494 2974 549 illi
3008 495 3140 552 tides
3188 497 3327 552 facta
3374 517 3388 554 :
3428 509 3484 555 et
3522 504 3657 558 nihil

388 574 537 627 θειαν
581 571 734 637 ὄντος
773 572 932 638 Θεοῦ,
989 573 1470 645 πεπληροφόρηται
1520 575 1608 630 διὰ
1656 578 1969 649 θαυμάτων,

388 660 661 713 ἐλλέλοιπε
703 660 759 713 δὲ
788 660 1066 724 παντελῶς
1102 662 1257 715 οὐδὲν
1304 663 1412 717 τῶν
1459 665 1560 717 ὅσα
1595 667 1853 736 φωτίζειν
1883 663 1974 722 οἷά

386 769 445 805 τε
484 752 611 816 τοὺς
652 753 1103 823 ὲσκοτισμένους,
1156 754 1250 808 καὶ
1282 754 1610 825 ἀξιάγαστον
1644 762 1756 823 τοῖς
1803 761 1975 831 εὐμα-

388 843 666 913 θεστέροις
695 845 900 898 ἐνιέναι
934 844 1137 913 γνῶσιν
1163 846 1263 900 οὐκ
1283 847 1555 911 ἀνικάνως
1583 849 1715 919 ἔχει.
1758 851 1974 922 Ἐπειδὴ

385 935 444 988 δὲ
476 934 700 998 ἀπώσω,
749 937 904 1005 φησι,
947 936 1045 1007 τὴν
1091 937 1407 1006 ἐπίγνωσιν,
1440 940 1685 994 τουτέστι
1715 942 1970 1012 Χριστὸν,

386 1023 454 1076 δι’
485 1018 563 1088 οὗ,
594 1026 685 1077 καὶ
714 1028 772 1079 ὲν
795 1020 840 1094 ᾧ
866 1026 1121 1097 προσιτός
1148 1044 1209 1079 τε
1240 1029 1354 1099 ἀμα
1388 1030 1482 1082 καὶ
1536 1031 1775 1099 γνωστὸς
1804 1035 1831 1086 ὁ
1863 1034 1974 1086 Πα-

390 1115 511 1186 τὴρ,
543 1116 788 1187 ὲξωθήσῃ
818 1118 1000 1171 λοιπὸν
1036 1118 1131 1170 τοῦ
1173 1114 1314 1171 εἷναι
1347 1120 1513 1191 ἱερὸς,
1548 1123 1642 1175 καὶ
1674 1122 1768 1175 τοῦ
1804 1140 1973 1193 προσ-

391 1206 542 1274 ἀγειν
588 1207 819 1272 θυσίας,
862 1209 936 1273 ὡς
984 1209 1231 1280 βέϐηλος.
1284 1213 1395 1266 Καὶ
1442 1214 1631 1286 ἐπειδὴ
1671 1215 1779 1268 τῶν
1813 1215 1971 1268 θείων

389 1298 468 1360 είς
495 1297 664 1370 λήθην
702 1300 1033 1365 κατώλισθες
1071 1302 1273 1373 νόμων,
1310 1305 1448 1375 μήτε
1467 1304 1538 1358 τὰ
1562 1306 1804 1370 Μωσέως
1847 1308 1971 1378 νοή-

390 1404 483 1451 σας
540 1390 959 1460 πνευματικῶς,
998 1392 1135 1463 μήτε
1175 1396 1287 1457 τοῖς
1326 1394 1415 1447 διὰ
1464 1394 1704 1466 Χριστοῦ
1750 1396 1972 1449 παιδεύ-

389 1496 553 1549 μασιν
590 1482 767 1552 ἰσχνὸν
795 1501 853 1536 τε
888 1485 981 1537 καὶ
1002 1486 1181 1554 εὐφυᾶ
1219 1486 1309 1539 τὸν
1333 1487 1457 1540 νοῦν
1488 1488 1670 1552 ἐνιεὶς,
1701 1489 1779 1552 εἰς
1801 1488 1971 1561 λήθην

386 1570 540 1639 κάγὼ
585 1572 693 1626 τῶν
724 1574 832 1628 σῶν
878 1576 1039 1629 οἱονεί
1068 1586 1202 1641 ’πως
1251 1578 1692 1649 ὐπενεχθήσομαι
1737 1579 1966 1645 τέκνων,

383 1666 681 1733 τουτέστιν,
721 1670 904 1723 οὐκέτι
939 1675 1318 1744 μεμνήσομαι,
1352 1674 1441 1727 διά
1486 1692 1549 1741 γε
1579 1674 1672 1728 τοῦ
1707 1676 1801 1729 καὶ
1848 1692 1969 1745 φει-

384 1759 507 1823 δοῦς
560 1763 653 1813 καὶ
681 1764 961 1832 φροντίδος
989 1764 1194 1828 ἀξιοῦν.
1222 1762 1321 1820 Ὧν
1350 1768 1458 1838 γὰρ
1481 1767 1624 1833 ἀξιοῖ
1662 1767 1969 1837 μεμνῆσθαι

2074 598 2298 653 prorsus
2333 584 2504 638 defuit
2531 584 2795 650 omnium,
2840 601 3175 656 quaecunque
3210 590 3514 646 illuminare
3565 609 3658 647 ve-

2074 672 2153 727 lut
2191 672 2246 726 in
2280 674 2515 728 tenebris
2542 687 2841 741 versantes,
2874 686 2931 731 et
2964 678 3030 731 ad
3066 680 3441 735 admirabilem
3478 684 3688 736 scieu-.

2075 765 2205 819 tiam
2250 764 2597 819 inserendam
2629 765 2922 821 sulliciunt.
2954 766 3216 833 Quoniam
3248 785 3379 823 vero
3410 772 3653 839 repulisti

2073 855 2378 922 scientiam,
2424 856 2619 925 inquit,
2655 856 2757 911 hoc
2792 866 2892 919 est,
2928 856 3224 923 Christum,
3260 874 3356 927 per
3387 875 3572 929 quem,
3602 871 3657 915 et

2074 944 2128 999 in
2161 961 2268 1015 quo
2321 947 2504 1001 accedi
2538 958 2595 1001 et
2631 948 2884 1018 cognosci
2934 959 3112 1017 potest
3159 948 3342 1015 Pater,
3394 951 3649 1019 repellam

2073 1051 2173 1106 ego
2205 1038 2271 1092 de
2301 1049 2498 1093 caetero
2529 1049 2605 1105 te,
2636 1054 2703 1093 ne
2736 1039 2865 1092 mihi
2895 1040 2971 1093 sis
2997 1050 3237 1103 sanctus,
3266 1050 3321 1094 et
3357 1055 3426 1094 ne
3454 1039 3652 1096 oll'eras

2074 1129 2202 1182 milii
2235 1130 2584 1194 sacriﬁcium,
2613 1140 2800 1199 utpote
2846 1130 3125 1201 profanus.
3181 1132 3247 1186 Et
3290 1133 3546 1201 quoniam
3595 1133 3648 1186 in

2072 1220 2395 1275 oblivionem
2420 1221 2724 1275 divinarum
2750 1222 2924 1292 legum
2962 1221 3141 1290 lapsus
3168 1237 3246 1288 es,
3280 1238 3453 1293 neque
3490 1222 3651 1277 intel-

2071 1310 2249 1366 lexisti
2280 1311 2513 1369 Mosaica
2543 1316 2914 1385 spiritualiter,
2962 1332 3136 1386 neque
3163 1318 3461 1372 doctrinam
3491 1317 3651 1372 Chri-

2070 1403 2141 1457 sti
2172 1415 2361 1459 cxacte
2392 1415 2446 1460 et
2477 1421 2599 1461 cum
2646 1407 2910 1462 industria
2956 1409 3433 1478 comprehendisti,
3485 1410 3647 1464 etiam

2072 1509 2172 1564 ego
2200 1496 2252 1549 in
2272 1496 2597 1552 oblivionem
2628 1506 2840 1553 tuorum
2876 1499 2984 1569 70
3009 1500 3238 1554 liliorum
3285 1502 3432 1556 velut
3474 1500 3649 1571 prola-

2071 1585 2189 1652 bar,
2234 1586 2337 1642 hoc
2376 1597 2479 1654 est,
2522 1589 2807 1644 immemor
2837 1605 2951 1655 ero,
3002 1601 3061 1644 ut
3092 1606 3186 1647 eos
3222 1592 3548 1661 indulgentia
3591 1601 3648 1647 et

2071 1680 2435 1736 sollicitudine
2473 1683 2683 1753 dignari
2715 1682 2981 1738 desinam.
3011 1686 3249 1751 Quorum
3281 1685 3425 1739 enim
3455 1684 3645 1753 digna-

2075 1782 2161 1826 tur
2215 1773 2512 1840 recordari,
2570 1773 2691 1828 illos
2744 1790 2841 1829 sua
2896 1775 3227 1845 benignitate
3284 1777 3645 1845 prosequitur.

385 1855 551 1920 Θεὸς,
596 1857 807 1920 τούτοις
859 1858 959 1929 τὴν
1017 1860 1151 1913 ἰδίαν
1210 1860 1473 1930 ἀπονέμει
1528 1859 1957 1931 φιλανθρωπίαν.

2071 1863 2275 1919 Oblitus
2297 1873 2380 1920 est
2407 1875 2585 1919 autem
2628 1877 2682 1920 et
2711 1866 2868 1920 aliter
2898 1867 3092 1920 divina:
3141 1866 3296 1935 legis,
3348 1876 3405 1921 et
3453 1866 3649 1934 repulit

398 1948 723 2004 Ἐπελάθετο
779 1950 835 2003 δὲ
890 1952 986 2005 καὶ
1037 1951 1239 2024 ἑτέρως
1280 1952 1373 2006 τοῦ
1424 1952 1570 2005 θείου
1619 1953 1820 2023 νόμου,
1868 1952 1961 2005 καὶ

384 2043 645 2097 ἀπώσατο
688 2044 786 2115 τὴν
827 2045 1122 2114 ἐπίγνωσιν
1165 2047 1623 2120 είδωλολατρήσας
1654 2047 1684 2099 ὁ
1722 2049 1963 2119 Ἰσραήλ.

453 2136 617 2190 Κατὰ
652 2137 717 2189 τὸ
756 2136 992 2205 πλῆθος
1024 2138 1243 2204 αὐτῶν,
1293 2140 1480 2206 οὕτως
1531 2141 1801 2209 ἦμαρτόν
1834 2158 1957 2211 μοι.

389 2227 508 2296 Τὴν
537 2228 727 2294 δόξαν
758 2228 958 2283 αὐτῶν
983 2232 1072 2297 εις
1099 2230 1339 2301 ἀτιμίαν
1364 2232 1642 2301 θήσομαι.

454 2406 577 2461 ΛΘ’.
631 2406 995 2478 Ἢμερὸτητος
1029 2407 1125 2466 μὲν
1168 2407 1383 2478 ἀπάσης
1413 2409 1509 2461 καὶ
1544 2409 1718 2479 πηγὴ,
1749 2410 1845 2463 καὶ
1872 2409 1962 2479 γέ-

382 2514 547 2560 νεσις,
576 2497 671 2549 καὶ
720 2496 1044 2566 αὐτόχρημα
1071 2496 1131 2549 τὸ
1159 2496 1362 2565 ἀγαθὸν
1392 2499 1426 2569 ἡ
1476 2497 1596 2551 θεία
1629 2499 1689 2552 τέ
1721 2501 1836 2552 ἐστι
1870 2501 1963 2554 καὶ

382 2589 690 2660 ἀπόρρητος
732 2588 911 2657 φύσις.
960 2588 1107 2660 Πλὴν
1134 2589 1235 2642 οὐκ
1280 2589 1512 2643 είσάπαν
1553 2591 1666 2645 τῶν
1705 2590 1963 2663 πλημμε-

382 2681 614 2734 λούντων
639 2681 907 2751 ἀνέχεται,
940 2685 1051 2745 τοῖς
1079 2682 1135 2735 δὲ
1173 2681 1441 2753 ἀχαλίνως
1481 2684 1560 2747 εἰς
1589 2681 1746 2735 τοῦτο
1790 2684 1960 2748 ἰοῦσι,

383 2774 482 2836 τὰς
506 2774 687 2837 αὐτοῖς
718 2773 1031 2845 πρεπούσας
1059 2775 1307 2846 ἐπιφέρει
1332 2774 1512 2839 δίκας.
1540 2776 1859 2845 Ἀφικέσθαι
1898 2776 1963 2846 δὴ

382 2862 477 2920 οὖν
512 2868 592 2928 είς
613 2865 770 2918 τοῦτο
808 2865 1138 2935 φαυλότητος
1173 2866 1567 2937 διισχυρίζεται
1601 2867 1691 2921 τὸν
1724 2867 1961 2938 Ἰσραὴλ,

388 2958 465 3023 ὡς
497 2958 679 3011 οὐκέτι
720 2956 819 3028 μὲν
848 2959 1037 3027 οίστὴν
1080 2956 1332 3027 γενέσθαι
1358 2957 1458 3028 τὴν
1487 2959 1764 3023 ἀπόνοιαν,
1798 2960 1965 3030 ἰσάρι-

384 3049 520 3118 θμον
548 3048 605 3100 δὲ
634 3046 821 3117 ὥσπερ
851 3048 1035 3111 αὐτοῖς
1086 3050 1315 3119 ὁρᾶσθαι
1342 3050 1441 3118 τὴν
1473 3050 1770 3120 ἁμαρτίαν.
1802 3052 1965 3103 Αὐτοὶ

2064 1956 2371 2022 scientiam,
2401 1956 2559 2011 idolis
2591 1957 2688 2012 abs
2711 1972 2769 2013 se
2796 1957 2956 2012 cultis
2984 1956 3171 2011 Israel.

2137 2135 2299 2191 Vens.
2331 2137 2383 2192 7.
2411 2137 2711 2191 Secundum
2738 2138 3133 2191 multitudinem
3169 2152 3369 2203 eorum,
3405 2136 3480 2190 sic
3524 2152 3645 2204 pec-

2063 2241 2306 2285 caverunt
2367 2231 2517 2285 mihi.
2566 2230 2805 2286 Gloriam
2852 2247 3033 2286 eorum
3072 2231 3131 2285 in
3169 2230 3511 2300 ignominiam
3555 2246 3648 2282 vo-

2064 2338 2205 2375 nam.

2130 2410 2370 2467 XXXIX.
2388 2412 2576 2468 Omnis
2590 2409 3014 2467 mansuetudinis
3027 2418 3079 2464 et
3095 2410 3489 2478 fons,etorigo,
3505 2416 3559 2461 et
3572 2422 3648 2459 re-

2062 2521 2189 2559 vera
2207 2506 2404 2561 bonum
2431 2506 2602 2574 ipsum
2632 2505 2811 2560 divina
2829 2513 2883 2559 et
2906 2503 3194 2558 inell‘abilis
3211 2513 3403 2557 natura
3418 2513 3518 2556 est.
3537 2502 3647 2557 Ve-

2066 2607 2363 2652 rumtamen
2399 2607 2684 2668 peccantes
2751 2612 2858 2651 non
2934 2610 3319 2666 usquequaque
3375 2595 3641 2657 susninet;

2064 2690 2159 2747 sed
2191 2689 2447 2745 elfrenate
2496 2704 2562 2743 eo
2611 2704 2671 2743 se
2719 2689 2991 2753 dantibus,
3055 2702 3245 2757 poenas
3298 2689 3645 2741 commeritus

2066 2780 2277 2849 inﬂigit.
2312 2777 2427 2834 Huc
2456 2780 2619 2848 igitur
2651 2779 2915 2834 scelerum
2941 2778 3198 2834 lsraelem
3245 2778 3458 2832 venisse
3501 2776 3646 2830 afﬁr-

2066 2880 2195 2937 mat,
2232 2880 2290 2925 ut
2329 2872 2566 2925 amentia
2613 2870 2732 2938 ejus
2778 2869 2999 2925 tolerari
3043 2870 3275 2940 amplius
3303 2884 3406 2923 non
3453 2871 3643 2938 possit.

2064 2963 2291 3019 Peccata
2356 2972 2535 3017 autem
2596 2978 2881 3018 numerum
2946 2964 3182 3031 capitum
3251 2963 3647 3031 quodammodo

2065 3070 2307 3124 aequasse
2341 3056 2531 3110 videri.
2562 3055 2664 3124 Ipsi
2709 3057 2854 3109 enim
2883 3066 3043 3109 erant
3085 3074 3104 3107 ι
3145 3054 3292 3109 velut
3327 3055 3496 3110 stella:
3523 3053 3645 3109 εαξη

387 3141 487 3211 μὲν
510 3139 616 3211 γὰρ
644 3134 784 3211 ἦσαν
812 3157 829 3190 ι
862 3139 993 3191 ὡσεὶ
1014 3138 1082 3191 τὰ
1108 3138 1284 3209 ἄστρα
1296 3138 1387 3191 τοῦ
1404 3139 1631 3210 οὐρανοῦ
1656 3139 1732 3209 τῷ
1746 3139 1961 3211 πλήθει,

2071 3147 2437 3210 multitudine,
2467 3156 2559 3201 aut
2583 3147 2729 3201 velut
2766 3162 2930 3203 arena
2964 3149 3018 3202 in
3060 3148 3245 3202 littore
3284 3146 3451 3201 maris
3494 3146 3562 3213 ⁸⁸,
3622 3164 3639 3197 ι

384 3234 480 3286 καὶ
512 3232 591 3292 ὡς
627 3234 660 3302 ἡ
704 3232 886 3301 ἄμμος
924 3232 957 3301 ή
1004 3232 1156 3302 παρά
1188 3231 1246 3285 τὸ
1278 3231 1452 3301 χεῖλος
1485 3232 1583 3302 τῆς
1606 3232 1901 3303 θαλάσσης,
1937 3254 1954 3285 ι

385 3326 525 3376 κατὰ
550 3322 611 3375 ro
638 3321 1042 3395 γεγραμμένον.
1069 3321 1233 3374 Οὐδὲν
1264 3321 1320 3374 δὲ
1348 3321 1442 3375 τοῦ
1477 3321 1714 3393 πλήθους
1745 3323 1962 3376 ἀποδεῖν

386 3415 492 3486 εφη
514 3415 583 3467 τὰ
604 3413 1071 3484 πλημμελήματα.
1100 3412 1294 3476 Τοῦτο,
1314 3408 1486 3484 οἶμαι,
1505 3414 1622 3467 ἐστὶ
1650 3415 1709 3468 τὸ
1730 3432 1771 3467 ἰ
1805 3415 1963 3467 Κατὰ

385 3509 447 3560 τὸ
480 3507 682 3577 πλῆθος
730 3506 931 3569 αὐτῶν,
958 3505 1099 3560 οὓτω
1153 3507 1401 3577 ἦμαρτόν
1444 3523 1555 3576 μοι.
1593 3526 1613 3560 ι
1653 3506 1871 3577 Ἐπειδὴ
1906 3507 1962 3559 δὲ

386 3605 466 3667 εἰς
515 3601 675 3655 τοῦτο
721 3601 1054 3656 κατώλισθον
1117 3600 1430 3671 ἀθλιότητος
1475 3617 1536 3653 τε
1601 3601 1697 3653 καὶ
1741 3600 1964 3654 δυσϐου-

384 3693 537 3755 λίας,
561 3695 655 3747 καὶ
687 3692 807 3763 Θεῷ
840 3692 1270 3764 προσκρούοντες
1307 3693 1369 3745 οὐ
1390 3692 1754 3747 διαλελοίπασι
1774 3735 1787 3759 ,
1822 3694 1962 3765 (Τὴν

386 3787 542 3854 δόξαν
559 3785 738 3840 αὐτῶν
762 3786 841 3849 εἰς
871 3784 1095 3854 ἀτιμίαν
1125 3784 1363 3855 ήσθομαι
1384 3801 1398 3816 ·
1432 3803 1450 3835 ι
1482 3784 1780 3851 τουτέστιν,
1807 3786 1892 3855 ἐφ’
1918 3778 1961 3851 ᾧ

391 3880 602 3951 μεγάλα
639 3879 855 3951 φρονεῖν
901 3874 1224 3945 ἐγνώκασιν,
1250 3876 1337 3928 ἐπ’
1361 3873 1511 3945 αὐτῷ
1541 3874 1605 3946 δὴ
1632 3876 1809 3946 τούτῳ
1836 3893 1962 3928 κατ-

385 3970 853 4042 αισχυνθήσονται.
883 3967 1004 4030 Πῶς
1028 3966 1202 4039 ἢτίνα
1224 3966 1455 4038 τρόπον;
1480 3966 1630 4037 Αὐχη
1639 3968 1824 4037 μάτων
1850 3967 1958 4037 γάρ

384 4062 784 4119 ἀποπεσοῦνται
824 4059 931 4113 τῶν
963 4061 1056 4113 ἐπὶ
1112 4058 1305 4129 πλήθει
1352 4057 1567 4129 πολλῷ,
1614 4060 1960 4125 δαπανῶντος

384 4154 478 4207 τοῦ
511 4152 747 4222 πολέμου
774 4152 886 4212 τοῖς
918 4148 1177 4218 μαχίμοις
1208 4146 1343 4216 ὁμοῦ
1374 4149 1468 4201 καὶ
1497 4148 1596 4218 τὴν
1628 4146 1794 4217 ἀλλην
1830 4148 1963 4202 ἄπα.

388 4262 484 4297 σαν
503 4242 738 4314 ἡλικίαν.
764 4238 1059 4309 Κένανδροι
1090 4238 1198 4306 γὰρ
1237 4236 1598 4308 ἀπομενοῦσιν
1614 4234 1747 4292 οἶκοί
1773 4256 1832 4293 τε
1867 4240 1962 4293 καὶ

389 4336 591 4398 πόλεις.
619 4333 730 4386 Καὶ
756 4333 842 4385 ἐπ’
864 4330 1013 4401 αὐτῴ
1046 4330 1104 4384 δὲ
1132 4329 1305 4400 τούτῳ
1337 4329 1433 4402 τὴν
1468 4330 1725 4385 Ἰουδαίαν
1755 4333 1783 4383 ὁ
1825 4348 1961 4402 προ-

387 4430 561 4499 φήτης
595 4424 863 4495 Ἱερεμίας
885 4422 1124 4493 ἐθρήνει,
1148 4422 1349 4490 λέγων·
1382 4442 1400 4472 ι
1432 4422 1556 4485 Πῶς
1579 4422 1798 4476 ἐκάθισε
1825 4424 1962 4494 μόνη

2071 3250 2131 3295 ιιι
2171 3242 2429 3307 scriptum
2463 3248 2593 3294 est:
2639 3256 2671 3295 a
2710 3256 2814 3310 qua
2859 3240 3205 3295 multitudine
3253 3240 3330 3294 ait
3373 3254 3477 3294 non
3531 3240 3646 3294 dis»

2069 3344 2295 3397 crepare
2349 3330 2666 3385 delictorqu
2708 3332 2941 3399 copiam.
2972 3331 3083 3385 lloc
3115 3339 3220 3395 est,
3254 3332 3467 3400 Opinor,
3510 3347 3529 3376 σ
3562 3345 3648 3383 se-

2069 3422 2303 3478 cundum
2328 3423 2726 3478 multitudinem
2747 3438 2957 3488 eorum,
2977 3424 3054 3477 sic
3072 3422 3595 3492 peccaveruntmihi.
3621 3440 3641 3473 ι

2071 3512 2171 3568 Ubi
2208 3524 2388 3568 autem
2424 3529 2488 3569 eo
2523 3516 2755 3570 miseriae
2793 3516 3141 3584 stultitiaeque
3178 3515 3532 3579 devenerunt,
3589 3526 3647 3567 ut

2071 3602 2181 3657 Deo
2212 3618 2355 3673 aegre
2384 3602 2563 3659 facere
2593 3620 2697 3659 non
2722 3606 3065 3669 desisterent,
3102 3605 3199 3669 ait,
3233 3623 3253 3656 ‹
3290 3603 3529 3659 Gloriam
3552 3620 3647 3659 eo-

2070 3711 2189 3749 rum
2215 3696 2266 3749 in
2296 3696 2645 3767 ignominiam
2670 3712 2889 3767 ponam,
2922 3717 2941 3749 ι
2977 3698 3079 3752 hoc
3113 3707 3212 3763 est,
3242 3700 3461 3767 propter
3502 3698 3645 3765 quod

2068 3786 2261 3841 ell'erre
2283 3803 2343 3841 se
2373 3788 2677 3853 voluerunt,
2718 3799 2938 3857 propter
2984 3789 3086 3844 hoc
3130 3789 3304 3858 ipsum
3354 3788 3647 3843 dedecora-

2068 3878 2286 3933 huntur.
2317 3877 2553 3944 Qui,aut
2579 3893 2813 3947 quonam
2846 3879 3044 3933 modo?
3076 3879 3338 3933 Amittent
3367 3877 3509 3933 enim
3553 3891 3649 3931 oc-

2068 3970 2341 4024 casionem
2374 3967 2637 4038 gloriandi
2671 3968 2737 4023 de
2763 3969 3131 4034 multitudine,
3176 3968 3317 4023 bello
3366 3980 3472 4021 una
3523 3980 3644 4018 cum

2068 4060 2418 4117 bellatoribus
2448 4061 2711 4130 reliquam
2748 4075 2962 4129 quoque
2992 4069 3204 4114 attatem
3240 4075 3454 4115 omnem
3484 4058 3649 4112 absu-

2069 4161 2269 4206 mente.
2320 4152 2515 4206 Vacure
2562 4165 2797 4219 namque
2824 4132 3136 4204 hominibus
3162 4156 3216 4204 et
3251 4149 3441 4203 domus
3470 4157 3525 4200 et
3554 4162 3647 4198 ur-

2067 4246 2164 4300 bes
2191 4243 2504 4299 mauebunt.
2527 4243 2607 4298 Ac
2641 4251 2863 4313 propter
2896 4242 2999 4299 hoc
3045 4242 3218 4312 ipsum
3267 4240 3526 4311 propheta
3558 4237 3649 4294 Je-

2068 4336 2266 4391 remias
2292 4333 2531 4391 Judzeam
2567 4334 2795 4390 deﬂebat
2824 4334 2910 4390 his
2935 4333 3098 4389 dictis
3132 4352 3145 4388 :
3192 4351 3211 4385 ι
3248 4332 3529 4399 Quomodo
3562 4347 3648 4385 se-

2069 4428 2160 4483 det
2183 4427 2297 4482 sola
2328 4428 2522 4482 civitas
2556 4426 2709 4495 plena
2759 4424 2993 4496 populo?
3032 4425 3284 4495 princeps
3334 4422 3645 4494 provincia-

388 4524 423 4592 ἡ
454 4520 604 4582 πόλις
630 4520 663 4588 ὴ
703 4515 1125 4586 πεπληθυσμένη
1170 4514 1348 4580 λαῶν;
1378 4516 1618 4586 ἄρχουσα
1647 4518 1704 4569 ὲν
1737 4516 1960 4588 χώραις,

2071 4536 2185 4573 rum
2214 4519 2352 4574 facta
2380 4529 2465 4573 est
2498 4520 2595 4573 sub
2630 4519 2830 4573 tributo
2864 4517 2929 4570 ⁸⁸.
2963 4536 2983 4568 ι

390 4615 618 4687 ἐγενήθη
660 4616 738 4676 είς
768 4612 987 4682 φόρον.»

461 4710 572 4763 Καὶ
609 4706 811 4777 ἑτέρως
838 4704 896 4757 δέ
922 4719 936 4734 ο
964 4702 1081 4773 Θεῷ
1109 4700 1560 4772 προσκρούοντες,
1607 4698 1824 4769 ἀπάσης
1871 4700 1963 4752 εὐ·-

392 4798 573 4861 κλείας
596 4797 671 4860 ὼς
700 4795 956 4849 ἀποτάτω
987 4790 1283 4862 κεισόμεθα
1308 4789 1569 4860 δρῶντες,
1602 4788 1639 4842 ἃ.
1671 4789 1745 4858 μὴ
1776 4788 1964 4858 θέμις·

380 4866 487 4945 ’καὶ
515 4890 598 4959 ἐφ’
628 4882 709 4951 οἷς
738 4883 1088 4957 αἰσχύνεσθαι
1118 4883 1263 4954 χρὴ,
1316 4881 1400 4933 ἐπ’
1433 4880 1616 4942 αὐτοῖς
1648 4877 1710 4949 δὴ
1759 4878 1968 4941 τούτοις

396 4981 503 5035 ἔσθ’
534 4983 622 5035 ὅτε
659 4978 1183 5050 μεγαλαυχούμενοι,
1227 4974 1319 5027 καὶ
1347 4970 1556 5042 ὑψηλὴν
1593 4971 1839 5040 αἴροντες
1868 4969 1967 5040 τὴν

396 5073 567 5144 ὀφρύν
586 5090 600 5104 ν
631 5071 707 5134 ὡς
727 5070 949 5131 δικαίως
980 5066 1233 5135 λέγεσθαι
1265 5066 1359 5119 καὶ
1386 5064 1513 5134 περὶ
1547 5063 1722 5134 ἡμῶνο
1760 5084 1778 5115 ι
1801 5058 1902 5115 Ὧν
1932 5065 1964 5133 ἡ

396 5164 520 5228 δόξα
546 5164 603 5214 ὲν
632 5164 698 5232 τῇ
730 5158 963 5230 αἰσχύνῃ
986 5155 1184 5210 αὐτῶν.
1217 5174 1235 5207 ι
1280 5153 1489 5207 Οὐκοῦν
1517 5153 1613 5206 κοιλ⁸
1642 5153 1782 5207 κατὰ
1814 5153 1963 5207 τόνδε

397 5256 487 5308 τὸν
534 5254 658 5306 νοῦν
702 5250 896 5320 ὲκδὲξῃ
948 5249 1108 5302 πάλιν
1153 5246 1215 5299 τὸ
1256 5246 1563 5317 εἰρημένον,
1604 5264 1622 5293 σ
1660 5245 1771 5315 Τὴν
1813 5243 1969 5309 δόξαν

400 5345 579 5401 αὐτῶν
612 5347 692 5408 εἰς
720 5343 942 5414 ἀτιμίαν
973 5342 1261 5413 θήσομαι.»
1288 5340 1408 5391 ’Ὁτι
1442 5338 1551 5409 γὰρ
1588 5335 1970 5407 παραδίδονταί

400 5456 542 5502 τινες
576 5458 594 5488 ι
638 5438 716 5499 εἰς
742 5434 994 5504 ἀδόκιμον
1024 5432 1169 5495 νοῦν,
1199 5433 1372 5483 ποιεῖν
1400 5430 1467 5483 τὰ
1501 5428 1575 5499 μὴ
1604 5428 1965 5499 καθήκοντα,»

399 5530 517 5593 πῶς
557 5529 702 5581 ἔστιν
732 5525 1078 5598 ἀμφιϐαλεῖν,
1108 5522 1201 5577 τοῦ
1241 5520 1510 5593 μακαρίου
1542 5520 1754 5574 Παύλου
1789 5520 1973 5588 σαφῶς

402 5621 680 5693 εἰρηκότος
698 5638 712 5687 ;

474 5798 520 5828 "
554 5796 687 5851 Gcn.
724 5812 856 5864 xxii,
896 5797 977 5849 l7.
1056 5797 1099 5826 ’θ
1144 5796 1343 5851 ΤΙιΓΟη.
1375 5809 1414 5861 ι,
1461 5794 1508 5847 l.

2139 4698 2313 4753 Aliter
2345 4697 2530 4752 etiam.
2561 4697 2729 4752 Deum
2776 4696 3111 4755 oll‘endentes
3163 4698 3234 4752 ab
3275 4697 3423 4753 omni
3478 4696 3645 4766 gloria

2068 4789 2380 4858 longissime
2410 4787 2745 4852 recedemus,
2783 4787 3044 4842 facientes
3082 4803 3203 4858 qua:
3244 4788 3326 4841 fas
3362 4801 3467 4841 non
3502 4795 3589 4841 cst
3629 4805 3644 4841 :

2068 4892 2125 4936 et
2150 4883 2218 4935 ob
2251 4896 2370 4951 quae
2398 4880 2719 4935 erubescere
2750 4882 3007 4949 oportuit,
3048 4881 3099 4934 in
3140 4881 3207 4936 iis
3241 4880 3371 4949 ipsis
3406 4880 3648 4951 aliquan-

2072 4976 2140 5026 do
2168 4988 2265 5027 nos
2287 4972 2560 5041 jactantes
2589 4980 2645 5026 et
2690 4971 3039 5040 supercilium
3102 4972 3370 5038 tollentes,
3419 4981 3480 5026 ut
3543 4988 3648 5027 non

2071 5063 2268 5131 injuria
2304 5063 2466 5118 etiam
2492 5062 2558 5117 de
2591 5062 2747 5117 nobis
2783 5062 2994 5116 dicatur
3037 5076 3052 5116 :
3106 5082 3124 5115 ι
3184 5062 3426 5129 Quorum
3476 5063 3647 5132 gloria

2069 5156 2123 5210 in
2155 5154 2472 5210 confusione
2524 5153 2764 5224 ipsorum
2816 5154 2882 5206 ³⁷.
2951 5173 2970 5204 ι
3025 5153 3205 5221 Quare
3252 5163 3309 5207 et
3351 5154 3647 5207 secundum

2072 5247 2214 5301 hunc
2252 5261 2468 5301 sensum
2500 5247 2641 5313 quod
2678 5245 2878 5300 dictum
2910 5256 2989 5300 est
3033 5245 3285 5313 accipies,
3340 5262 3359 5295 ι
3421 5242 3647 5314 gloriam

2072 5354 2260 5393 corum
2293 5339 2347 5391 in
2380 5337 2726 5406 ignominiam
2767 5353 2981 5405 ponam.
3022 5356 3038 5389 ι
3078 5336 3208 5389 Nam
3242 5335 3503 5405 quosdam
3536 5344 3648 5387 trav

2075 5429 2216 5481 ditos
2251 5446 2268 5477 ι
2306 5428 2355 5480 in
2389 5426 2675 5494 reprobum
2736 5441 2976 5490 sensum,
3005 5435 3061 5478 ut
3096 5424 3337 5477 facerent
3378 5437 3497 5492 qua:
3541 5437 3646 5475 nou

2074 5521 2399 5575 conveniunt
2427 5519 2494 5583 ’⁸,
2532 5537 2550 5570 ι
2586 5535 2682 5573 cur
2713 5518 2993 5587 quisquam
3023 5516 3249 5581 dubitet,
3276 5530 3395 5569 cum
3425 5515 3475 5568 id
3504 5511 3645 5569 Pau-

2076 5614 2159 5668 lus
2189 5613 2471 5683 pcrspicue
2497 5611 2817 5667 confirmet?

1587 5793 1629 5826 ’7
1663 5790 1892 5861 Philipp.
1931 5807 2007 5855 Ill,
2042 5791 2121 5846 l9.
2192 5793 2241 5859 ,9⁸
2276 5791 2431 5847 Rom.
2459 5806 2492 5855 ι,
2524 5789 2591 5845 9.8
