4046 6376
440 342 545 398 125

438 550 799 617 iniquitatibus
822 565 998 602 corunt
1032 549 1286 616 accipient
1325 548 1530 601 animas
1563 563 1762 601 eorum.
1805 544 1872 600 ιιι
1917 545 2014 599 erit

437 642 570 694 sicut
594 641 838 709 populus,
864 642 937 694 ita
962 649 1010 693 et
1043 641 1309 694 sacerdos.

511 732 612 801 71
685 731 793 785 XL.
829 731 1153 800 Perscriptis
1183 730 1474 786 causisirte
1499 731 1552 783 in
1585 729 2014 794 multitudinem,

439 838 741 876 sermonem
773 824 840 876 ad
868 839 1082 877 sacrum
1111 822 1354 878 ordinem
1385 821 1663 884 transfert,
1687 821 2016 874 convenien-

443 924 544 978 ter,
565 925 617 967 ut
642 929 744 985 ego
772 905 968 979 sentio,
1005 914 1052 968 ei
1077 915 1218 983 quod
1256 913 1412 967 modo
1448 929 1476 966 a
1509 913 1662 966 nobis
1685 913 1884 965 dictum
1911 920 2013 975 est,

443 1005 699 1075 «gloriam
718 1021 900 1059 eorum
921 1006 971 1058 in
993 1005 1341 1075 ignominiam
1367 1019 1580 1074 ponam.
1597 1003 1803 1058 iGloria
1823 1005 2015 1072 quippe

439 1095 744 1149 Jud:eorum
783 1097 1082 1166 Synagogm
1105 1106 1184 1148 est
1204 1105 1449 1149 sanctum
1469 1105 1518 1148 et
1544 1093 1800 1148 selectum
1823 1109 2012 1162 genus.

438 1184 728 1252 Operietur
763 1186 944 1254 itaque
993 1186 1310 1256 ignominia.
1345 1186 1538 1254 inquit,
1575 1195 1629 1238 et
1667 1185 1734 1238 ad
1782 1184 2014 1238 dedecus

440 1277 772 1332 devolvetur.
807 1277 920 1343 Qua
963 1278 1028 1331 de
1058 1259 1259 1330 causa?
1291 1276 1552 1339 Quoniam
1589 1275 1847 1345 neglectis
1894 1291 2014 1345 qua:

439 1381 508 1419 ex
542 1368 778 1437 ipsorum
830 1369 1006 1423 ollicio
1053 1377 1230 1432 erant,
1286 1369 1352 1421 ad
1405 1368 1757 1422 defectionem
1810 1368 2012 1422 seducti

441 1469 584 1526 sunt,
635 1476 810 1528 neque
859 1476 1013 1515 suum
1063 1462 1423 1529 principatum
1476 1469 1850 1516 servaverunt.
1898 1458 2012 1514 Non

439 1549 681 1601 scierunt
737 1551 998 1603 rationem
1059 1550 1368 1604 sacerdotii.
1427 1547 1542 1604 Non
1598 1549 2011 1615 cogitaverunt,

444 1655 464 1690 ι
501 1640 642 1707 quod
668 1650 887 1709 peccata
916 1641 1094 1709 populi
1129 1641 1231 1695 mei
1269 1641 1576 1706 comedent,
1611 1639 1737 1694 etin
1763 1639 2015 1707 iniquita-

445 1730 587 1786 tibus
615 1746 810 1789 eorum
842 1733 1111 1800 accipient
1161 1731 1370 1784 animas
1408 1745 1618 1784 eorum.
1677 1749 1697 1784 ι
1747 1730 2011 1797 Quoniam

439 1837 572 1877 vero
593 1824 773 1876 oratio
808 1824 1096 1891 plurimum
1127 1822 1476 1877 obscuritatis
1507 1823 1688 1884 habet,
1729 1835 1826 1890 age
1870 1837 2012 1876 nunc
2042 1793 2088 1854 Β

441 1927 539 1980 pro
565 1913 700 1966 virili
725 1914 986 1977 dicamus,
1013 1929 1120 1983 quo
1144 1924 1300 1983 parto
1331 1927 1448 1967 eam
1474 1911 1775 1980 intelligere
1799 1913 2009 1966 deceat.

444 2006 636 2060 llircus
675 2008 742 2062 de
772 2010 950 2075 capris
993 2023 1088 2078 pro
1117 2017 1340 2076 peccato
1371 2005 1734 2071 mactabatur;
1771 2005 1840 2059 ob
1877 2006 2012 2060 hanc

441 2114 659 2152 causam
687 2099 849 2153 etiam
892 2098 1213 2153 sacrificium
1245 2099 1541 2153 vocabatur
1577 2111 1875 2167 peccatum.
1909 2097 2014 2152 Ve-

442 2207 560 2244 rum
594 2190 880 2246 oﬂ‘erentes
907 2207 1066 2260 super
1099 2191 1268 2244 altare
1299 2191 1506 2244 hircum
1533 2191 1600 2254 ",
1635 2191 1723 2259 qui
1755 2205 1852 2260 pro
1882 2201 2015 2244 tem-

443 2294 572 2348 pore
612 2290 766 2332 erant
806 2280 1136 2342 sacerdotes,
1185 2277 1480 2332 oﬂ'erebant
1525 2279 1740 2349 quidem
1791 2289 1914 2334 exta
1959 2289 2014 2334 et

442 2371 654 2439 adipem
683 2371 720 2430 ⁸,
758 2370 964 2439 reliquo
1007 2386 1074 2424 ex
1115 2370 1308 2424 divinae
1359 2369 1492 2440 legis
1550 2371 1862 2440 prsescripto
1913 2371 2012 2440 ipsi

439 2463 813 2514 vescebantur.
848 2461 1034 2530 Itaque
1075 2473 1329 2530 tanquam
1381 2463 1650 2516 mediator
1693 2461 1786 2516 Dei
1823 2473 1878 2516 et
1917 2463 2015 2517 ho-

444 2553 646 2605 minmn
680 2554 933 2607 sacerdos
966 2554 1277 2615 assumitur.
1306 2554 1605 2621 suscipiens
1636 2553 1849 2622 quidem
1877 2554 2013 2608 dona

440 2661 471 2696 a
504 2645 718 2714 populo,
747 2655 802 2699 et
833 2661 953 2698 cum
993 2645 1145 2698 altari
1179 2646 1422 2700 dividens
1469 2648 1510 2708 ',
1565 2647 1705 2700 sicut
1754 2649 2015 2716 scriptum

441 2749 544 2801 est,
578 2739 811 2806 seipsum
843 2748 1023 2791 autem
1068 2739 1225 2807 quasi
1272 2738 1588 2792 sacriﬁcans
1633 2752 1732 2807 pro
1782 2737 2017 2806 peccatis

443 2828 651 2896 populi;
703 2829 842 2882 sicut
897 2830 1149 2882 nimirum
1207 2839 1262 2882 et
1325 2828 1584 2882 Dominus
1630 2841 1814 2883 noster
1861 2829 2018 2884 Jesus

438 2917 710 2974 Christus.
754 2917 891 2974 Vera
943 2929 1122 2974 autem
1169 2935 1254 2973 me
1295 2919 1495 2983 dicere,
1531 2929 1721 2973 testem
1752 2919 2014 2974 adducam

443 3011 614 3080 iegem
639 3026 804 3080 super
833 3011 1006 3075 hirco,
1039 3026 1158 3078 quae
1188 3011 1267 3065 sic
1294 3011 1452 3064 habet
1488 3028 1502 3065 :
1536 3030 1554 3062 ι
1591 3011 1657 3064 Ει
1679 3011 1886 3065 hircum
1925 3011 2015 3079 qui

444 3118 540 3170 pro
580 3115 800 3170 peccato
821 3118 1066 3171 qua-reus
1091 3103 1339 3172 quwsivit
1374 3101 1604 3171 Moyses,
1649 3113 1702 3157 et
1745 3103 1830 3157 hic
1867 3117 2019 3156 com-

443 3193 633 3248 bustus
658 3192 854 3248 fuerat.
893 3193 957 3247 Et
987 3193 1154 3248 iratus
1185 3203 1269 3246 est
1316 3192 1522 3264 Moyses
1570 3203 1755 3247 contra
1798 3193 2020 3248 Eleazar

442 3297 496 3339 ct
528 3285 762 3340 Ithamar
793 3284 930 3339 ﬁlios
961 3287 1138 3338 Aaron
1170 3287 1408 3351 relictos,
1445 3285 1632 3339 dicens
1684 3301 1699 3338 :
1750 3284 1861 3340 Cur
1913 3299 2020 3339 non

443 3378 756 3433 comedistis
775 3379 915 3446 quod
951 3393 1046 3445 pro
1075 3389 1297 3446 peccato
1349 3378 1400 3430 in
1451 3377 1566 3433 loco
1615 3378 1842 3431 sancto?
1885 3376 2021 3444 Quia

444 3471 588 3524 enim
621 3469 816 3525 Sancta
849 3480 1159 3524 sanctorum
1197 3479 1299 3532 est,
1343 3471 1444 3524 hnc
1486 3471 1631 3525 dedit
1660 3469 1810 3524 vobis
1874 3486 2022 3523 com-

445 3561 626 3625 edere,
648 3560 976 3616 utaut‘eratis
1003 3571 1284 3630 peccatqu
1305 3571 1497 3624 castus,
1525 3570 1578 3615 et
1604 3561 1904 3632 propitietis
1926 3577 2022 3632 pro

445 3655 526 3709 eis
559 3670 739 3707 coram
772 3653 994 3707 Domino
1019 3653 1059 3706 ³.
1109 3670 1128 3704 ι
1180 3652 1340 3708 Vides
1375 3654 1641 3722 quomodo
1697 3653 2022 3708 mediatores

447 3753 632 3815 aglmt,
660 3747 750 3813 qui
779 3745 960 3797 divino
989 3744 1146 3798 altari
1199 3755 1397 3808 astant,
1438 3759 1534 3814 pro
1578 3754 1798 3814 peccato
1843 3743 2017 3798 oblata

445 3839 814 3901 comedentes,
843 3849 894 3890 et
921 3837 1242 3891 castissimis
1276 3837 1678 3904 precibusiram
1715 3836 1766 3887 in
1789 3850 2018 3903 peccan-

449 3941 528 3983 tes
559 3929 876 3982 intentatam
918 3929 1254 3991 amolieutes,
1301 3938 1354 3982 et
1413 3936 1615 3982 tantum
1665 3941 1769 3980 non
1809 3927 2021 3980 animas

447 4037 574 4074 suas
609 4037 705 4090 pro
740 4021 972 4089 peccatis
999 4020 1174 4088 populi
1219 4021 1271 4074 in
1317 4020 1536 4072 odorem
1588 4018 1870 4072 suavitatis
1912 4017 2020 4071 Deo

447 4114 844 4171 sacriﬁcantes?
871 4112 1019 4167 Sicut
1051 4114 1176 4166 item
1211 4112 1422 4165 divinus
1465 4112 1645 4164 Aaron
1681 4109 1875 4178 populo
1921 4110 2018 4162 ab-

445 4206 583 4258 sumi
621 4205 926 4274 incipiente.
961 4204 1052 4258 Sic
1080 4204 1222 4257 enim
1270 4202 1528 4270 scriptum
1580 4211 1662 4256 est
1701 4215 1716 4256 :
1758 4219 1777 4252 ι
1824 4200 2019 4254 Thuri-

446 4293 574 4349 bulo
604 4304 821 4362 arrepto
862 4302 916 4347 et
964 4293 1214 4362 imposito
1254 4291 1621 4361 thymiamate,
1672 4292 1819 4344 stetit
1876 4291 2022 4344 inter

447 4396 689 4442 mortuos
715 4397 769 4440 et
803 4386 972 4450 vivos,
1013 4395 1068 4439 et
1103 4387 1332 4439 cessavit
1372 4384 1526 4453 plaga
1557 4385 1600 4437 ⁸.
1646 4402 1664 4436 ι
1697 4383 1772 4436 lta
1807 4399 2022 4452 quoque

1441 338 1500 396 S.
1541 337 1813 395 CYltlLLl
1856 337 2326 394 ALEXANDRINI
2366 340 2690 398 ARClllEP.

513 457 673 512 Vsus.
702 455 758 522 8,
794 457 846 512 9.
877 454 1097 511 Peccata
1149 453 1327 522 populi
1371 453 1472 508 mei
1519 455 1805 522 comedent,
1854 463 1902 508 et
1954 453 2011 506 in
2038 457 2086 514 Α

3590 352 3696 409 124

2197 455 2501 524 Ἀμαρτίας
2552 457 2705 510 λαοῦ
2749 474 2870 526 μου
2924 458 3246 529 φάγονται,
3300 464 3398 518 καί
3447 462 3521 517 ἐν
3563 464 3696 532 ταῖς

2117 545 2374 608 ἀδικίαις
2400 546 2600 599 αὐτῶν
2637 545 2935 614 λήψονται
2966 548 3071 613 τὰς
3103 550 3306 618 ψυχὰς
3338 551 3555 606 αὐτῶν.
3586 553 3696 608 Καὶ

2116 636 2286 691 ἔσται
2318 637 2513 702 καθὼς
2550 641 2584 691 ὁ
2626 639 2798 704 λαὸς,
2836 640 3024 706 οὕτως
3053 643 3152 696 καὶ
3181 646 3213 697 ὀ
3251 647 3462 711 ἱερεύς.

2185 728 2277 784 M'.
2310 726 2603 799 Γεγραφὼς
2632 730 2729 792 τὰς
2757 731 2935 794 αἰτίας
2962 733 3059 802 τῆς
3083 735 3160 798 εἰς
3183 735 3243 787 τὸ
3270 733 3470 804 πλῆθος
3499 734 3691 808 ὀργῆς,

2119 817 2471 888 μεταϐιϐάζει
2513 819 2602 872 τὸν
2645 820 2802 886 λόγον
2837 823 2928 874 ἐπὶ
2965 824 3027 876 τὸ
3066 826 3254 894 τάγμα
3281 825 3341 878 τὸ
3378 828 3541 897 ἱερὸν,
3589 828 3692 898 ἁρ-

2119 908 2271 976 μόσει
2306 907 2351 960 δ’
2373 906 2457 973 ἂν,
2505 907 2580 971 ὥς
2612 925 2674 976 γε
2706 903 2890 980 οἶμαι,
2929 911 3005 980 τῷ
3037 912 3209 983 λόγῳ,
3256 918 3348 966 καὶ
3392 915 3453 968 τὸ
3493 917 3691 987 ἀρτίως

2115 999 2248 1070 ἡμῖν
2285 1001 2590 1070 εἰρημένον,
2626 1020 2644 1052 ι
2674 1002 2784 1072 Τὴν
2812 1003 2968 1067 δόξαν
2997 1004 3178 1057 αὐτῶν
3224 1007 3303 1068 εἰς
3332 1007 3559 1076 ἀτιμίαν
3593 1007 3692 1078 θή-

2119 1108 2301 1162 σομαι.
2329 1112 2346 1144 ι
2383 1093 2519 1160 Δόξα
2554 1094 2651 1164 μὲν
2686 1095 2790 1166 γὰρ
2823 1094 2920 1165 τῆς
2955 1095 3220 1150 Ἰουδαίων
3242 1099 3590 1168 Συναγωγῆς,
3631 1098 3694 1151 τὸ

2119 1183 2262 1254 ἱερόν
2314 1185 2373 1238 τέ
2414 1187 2529 1238 ἐστι
2572 1188 2667 1239 καὶ
2697 1187 2992 1240 ἀπόλεκτον
3022 1189 3192 1257 γένος.
3224 1190 3690 1261 Περιϐληθήσεται

2115 1277 2293 1330 τοίνυν
2347 1278 2577 1348 ἀτιμίᾳ,
2632 1279 2800 1348 φησὶ,
2850 1282 2944 1334 καὶ
3005 1283 3386 1352 μεταχωρήσει
3450 1283 3606 1352 πρὸς,
3630 1280 3691 1334 τὸ

2114 1369 2364 1432 ἀκαλλές.
2405 1373 2514 1424 Καὶ
2538 1371 2625 1425 διὰ
2653 1373 2809 1425 ποίαν
2848 1372 3057 1436 αἱτίαν;
3083 1374 3205 1427 ’Ὁτι
3236 1373 3344 1427 τῶν
3377 1375 3526 1442 σφίσι
3557 1392 3692 1444 πρε-

2115 1461 2472 1516 πωδεστάτων
2539 1463 2976 1536 ὀλιγωρήσαντες
3055 1465 3487 1537 παρεκομίζοντο
3555 1466 3692 1536 πρὸς

2116 1553 2434 1610 ἀπόστασιν.
2466 1557 2539 1608 Οὐ
2587 1557 2921 1627 τετηρήκασι
2954 1557 3052 1628 τὴν
3104 1558 3312 1611 ἑαυτῶν
3355 1557 3551 1628 ἀρχὴν,
3591 1557 3692 1610 οὐκ

2115 1641 2358 1711 ἔγνωσαν
2392 1645 2490 1715 τῆς
2531 1646 2828 1716 ἱερωσύνης
2863 1649 2954 1701 τὸν
2987 1648 3214 1720 τρόπον,
3235 1648 3335 1701 οὐκ
3377 1649 3687 1718 ὲνενόησαν,

2123 1753 2142 1785 ι
2171 1735 2292 1788 Ὀτι
2326 1736 2597 1807 ἁμαρτίας
2634 1737 2763 1791 λαοῦ
2797 1756 2896 1808 μου
2941 1739 3223 1808 φάγονται,
3254 1740 3346 1792 καὶ
3373 1739 3430 1791 ἐν
3458 1738 3690 1802 ἀδικίαις

2118 1826 2299 1880 αὐτῶν
2359 1827 2617 1899 λήψονται
2672 1831 2771 1892 τὰς
2827 1829 3004 1900 ψυχὰς
3057 1829 3259 1884 αὐτῶν.
3290 1849 3310 1882 ι
3370 1830 3587 1900 Ἐπειδὴ
3633 1829 3689 1882 δὲ

2119 1916 2374 1988 πλείστην
2409 1918 2520 1990 ἔχει
2547 1920 2644 1990 τὴν
2675 1921 2940 1988 ἀσάφειαν
2964 1923 2992 1974 6
3018 1921 3195 1990 λόγος,
3232 1922 3364 1992 φέρε
3393 1921 3580 1984 πάλιν,
3613 1921 3692 1984 ὡς

2117 2002 2226 2067 ἔνι,
2269 2005 2514 2078 λέγωμεν
2563 2008 2642 2073 τὸ,
2685 2010 2833 2073 ὅπως
2878 2010 2944 2064 ἂν
2972 2011 3133 2065 αὑτὸν
3180 2012 3418 2066 νοεῖσθαι
3469 2011 3687 2082 πρέποι.

2117 2095 2363 2168 Χίμαρος
2399 2099 2575 2153 τοίνυν
2608 2099 2666 2164 ἐξ
2705 2101 2876 2169 αἰγῶν
2903 2101 3045 2172 ὑπὲρ
3076 2101 3350 2172 ἁμαρτίας
3395 2100 3688 2170 ἐσφάζετο·

2117 2185 2323 2256 ταύτης
2359 2204 2417 2240 τε
2451 2188 2614 2242 ἓνεκα
2655 2192 2755 2260 τῆς
2793 2193 2973 2255 αίτίας
3021 2192 3264 2246 ἐκαλεῖτο
3314 2194 3404 2246 καὶ
3449 2191 3694 2264 ἁμαρτία

2117 2278 2180 2331 τὸ
2227 2278 2395 2351 θύμα.
2447 2281 2607 2336 Ἀλλά
2665 2285 3030 2354 προσάγοντες
3070 2284 3150 2354 τῷ
3197 2285 3565 2356 θυσιαστηρίῳ
3601 2284 3693 2338 τὸν

2119 2368 2350 2442 χίμαρον
2387 2373 2436 2424 οἱ
2479 2372 2618 2426 κατὰ
2657 2375 2884 2444 καιροὺς
2936 2377 3126 2446 ἱερεῖς,
3167 2377 3428 2448 ἀνέφερον
3487 2376 3584 2446 μὲν
3622 2377 3693 2432 τά

2121 2463 2367 2517 ὲνδόσθια
2421 2465 2514 2518 καὶ
2550 2466 2650 2536 τὴν
2697 2468 2930 2538 πιμελὴν
2949 2507 2965 2532 ,
2994 2469 3178 2538 ἤσθιον
3205 2469 3261 2522 δὲ
3289 2469 3350 2522 τὸ
3378 2469 3563 2522 λοιπὸν
3592 2470 3692 2522 αὖ·

2119 2554 2233 2616 τοὶ,
2277 2554 2435 2608 τοῦτο
2475 2555 2569 2609 τοῦ
2601 2556 2744 2610 θείου
2793 2561 3217 2631 προστάττοντος
3246 2560 3432 2630 νόμου.
3485 2560 3692 2614 Οὐκοῦν

2125 2639 2350 2714 μεσίτης
2376 2647 2404 2698 6
2441 2647 2615 2717 ἱερεὺς
2643 2645 2832 2720 ὥσπερ
2865 2650 3000 2704 Θεοῦ
3049 2651 3144 2704 καὶ
3181 2651 3482 2723 ἀνθρώπων
3518 2670 3691 2724 παρα-

2121 2734 2471 2806 λαμϐάνεται,
2515 2739 2801 2810 δεχόμενος
2834 2741 2932 2811 μὲν
2957 2742 3054 2806 τὰς
3088 2743 3238 2814 παρὰ
3275 2744 3382 2797 τῶν
3416 2743 3560 2798 λαῶν
3588 2743 3691 2797 δω-

2123 2829 2419 2899 ροφορίας,
2484 2833 2576 2884 καὶ
2647 2834 3115 2906 συμμεριζόμενος
3164 2837 3242 2906 τῷ
3300 2837 3690 2908 θυσιαστηρίῳ,

2122 2921 2263 2974 καθὰ
2294 2922 2630 2994 γέγραπται,
2672 2927 2861 2981 ἑαυτὸν
2898 2929 2955 2982 δὲ
2989 2928 3176 3000 ῶσπερ
3217 2931 3512 3004 ίερουργῶν
3554 2931 3692 3002 ὑπὲρ

2121 3009 2229 3062 τῶν
2265 3008 2357 3062 τοῦ
2396 3011 2524 3065 λαοῦ
2554 3014 3063 3087 πλημμελημάτων,
3097 3019 3346 3090 καθάπερ
3375 3020 3570 3090 ἀμέλει
3600 3021 3694 3074 καὶ

2121 3101 2151 3153 ὁ
2178 3101 2382 3173 Κύριος
2425 3105 2580 3176 ἡμῶν
2619 3107 2824 3179 Ἰησοῦς
2850 3114 2878 3164 6
2912 3111 3166 3181 Χριστός.
3196 3112 3317 3166 Ὅτι
3343 3113 3400 3166 δὲ
3445 3113 3639 3182 ἀληθὲς
3664 3117 3696 3170 ὅ

2123 3209 2294 3263 φημι,
2340 3196 2501 3249 αὐτὸν
2534 3200 2836 3271 παραθήσω
2879 3202 2971 3255 τὸν
3001 3204 3092 3256 ἐπὶ
3121 3203 3199 3275 τῷ
3247 3205 3466 3276 χιμάρῳ
3511 3207 3692 3277 νόμον.

2125 3284 2276 3353 Ἔχει
2323 3286 2379 3339 δὲ
2427 3286 2636 3351 οὕτως’
2675 3308 2694 3341 ι
2725 3292 2832 3344 Καὶ
2862 3293 2955 3346 τὸν
3003 3294 3236 3365 χίμαρον
3283 3295 3373 3347 τὸν
3418 3295 3548 3368 περῖ
3596 3297 3696 3366 τῆς

2123 3373 2393 3445 ἁμαρτίας
2441 3374 2620 3445 ζητῶν
2667 3378 2958 3450 ἐξεζήτησε
3006 3383 3240 3450 Μωσῆς,
3275 3382 3303 3434 ὁ
3345 3383 3400 3435 δὲ
3444 3383 3695 3453 ὲμπεπύ-

2124 3482 2292 3536 ριστο.
2329 3468 2436 3520 Καὶ
2469 3468 2724 3540 ἐθυμώθη
2758 3473 2961 3543 Μωσῆς
2991 3473 3083 3526 ἐπὶ
3114 3473 3395 3546 Ἐλεάζαρ,
3425 3477 3522 3528 καὶ
3559 3475 3697 3529 Ἰθά-

2125 3573 2239 3626 μαρ
2267 3559 2392 3620 τοὺς
2425 3559 2572 3621 υἱοὺς
2610 3558 2817 3630 Ἀαρὼν
2847 3561 2974 3624 τοὺς
3014 3561 3570 3632 καταλελειμμένους,
3604 3561 3694 3614 λέ-

2122 3665 2265 3716 γων·
2295 3648 2444 3702 Διατί
2493 3650 2593 3702 οὑκ
2641 3649 2871 3719 ἐφάγετε
2913 3651 2973 3704 τὸ
3022 3653 3149 3723 περὶ
3191 3651 3293 3722 τῆς
3335 3653 3606 3724 ἁμαρτίας
3639 3654 3697 3708 ὲν

2123 3740 2274 3808 τόπῳ
2324 3739 2494 3810 ἀγίῳς
2522 3740 2644 3794 Ὅτι
2685 3740 2793 3811 γὰρ
2837 3741 2989 3810 ἅγιον
3022 3743 3191 3811 ἁγίων
3237 3744 3385 3806 ἐστὶ,
3425 3744 3582 3798 τοῦτο
3612 3745 3696 3798 δὲ-

2122 3826 2294 3881 δωκεν
2344 3829 2471 3898 ὑμῖν
2509 3833 2726 3897 φαγεῖν,
2773 3829 2860 3882 ἵνα
2898 3830 3133 3900 ἀφέλητε
3167 3830 3266 3902 τὴν
3301 3830 3572 3901 ἁμαρτίαν
3599 3831 3697 3900 τῆς

2126 3920 2474 3990 συναγωγῆς,
2517 3921 2610 3972 καὶ
2637 3918 2958 3991 ἑξιλάσησθε
2995 3921 3124 3991 περὶ
3154 3920 3332 3974 αὐτῶν
3376 3921 3553 3974 ἔναντι
3584 3922 3698 3974 Κυ-

2128 4011 2261 4082 ρίου.
2285 4030 2302 4062 ι
2342 4011 2502 4083 Ὁρᾷς
2539 4012 2686 4075 ὅπως
2715 4013 3056 4082 μεσιτεύουσι
3103 4012 3172 4066 τά
3207 4013 3345 4083 ὑπὲρ
3372 4012 3482 4066 τῶν
3525 4014 3700 4084 ἀμαρ-

2124 4102 2253 4155 τιῶν
2273 4103 2540 4166 ἐσθίοντες
2561 4104 2609 4156 οί
2635 4103 2711 4173 τῷ
2734 4102 2861 4174 θείῳ
2883 4104 3250 4176 θυσιαστηρίῳ
3273 4105 3696 4176 παρεστηκότες,

2125 4197 2220 4249 καὶ
2253 4197 2669 4266 καθαρωτάταις
2701 4195 2876 4260 λιταῖς
2906 4196 3005 4264 τὴν
3031 4197 3124 4249 ἐπὶ
3149 4200 3263 4260 τοῖς
3296 4197 3698 4267 ἁμαρτάνουσιν

2122 4287 2288 4358 ὀργὴν
2305 4287 2740 4352 κατευνάζοντες,
2775 4289 2868 4342 καὶ
2901 4289 3178 4360 μονονουχὶ
3214 4289 3313 4352 τὰς
3355 4290 3490 4354 ιδίας
3524 4287 3701 4360 ψυχὰς

2124 4378 2264 4448 ὑπὲρ
2305 4377 2414 4431 τῶν
2456 4378 2548 4431 τοῦ
2593 4377 2724 4431 λαοῦ
2760 4377 3246 4450 πλημμελημάτων
3284 4381 3363 4442 εἰς
3391 4379 3566 4450 ὀσμὴν
3608 4378 3700 4430 εύ-

447 4495 508 4536 se
540 4480 885 4547 interponens
919 4480 1112 4534 beatus
1140 4478 1350 4548 Moyses
1375 4475 1633 4530 exorabat
1658 4475 1847 4537 Deum,
1898 4491 2020 4530 cum

2125 4470 2290 4534 ωδίας
2340 4469 2722 4541 καθιεροῦντες
2765 4469 2918 4540 Θεῷ;
2977 4469 3242 4541 Καθάπερ
3295 4470 3483 4540 ἀμέλει
3535 4469 3630 4522 καὶ
3672 4469 3702 4522 ὁ

447 4571 706 4626 Israelitte
737 4572 788 4624 in
819 4573 1032 4626 deserto
1066 4570 1291 4623 vitulum
1332 4568 1728 4622 cnuﬂavisseut.
1763 4569 1869 4638 72
1922 4567 2016 4621 Se-

455 4661 636 4730 ipsum
671 4661 814 4715 enim
849 4662 1243 4729 quodammodo
1270 4659 1532 4728 supplicio
1572 4659 1909 4729 subjiciebat,
1935 4675 2022 4712 ro-

449 4767 582 4822 gans
606 4761 661 4806 et
684 4753 868 4807 dicens
897 4771 910 4806 :
947 4771 962 4801 ι
1001 4753 1276 4821 Siquidem
1302 4752 1526 4806 dimittis
1570 4751 1699 4820 ipsis
1722 4761 2020 4820 peccatum,

447 4845 659 4899 dimitte
687 4861 703 4896 :
727 4845 809 4896 sin
840 4853 1039 4906 autem,
1071 4844 1186 4898 dele
1215 4853 1268 4897 et
1297 4859 1381 4897 me
1422 4843 1488 4897 de
1531 4843 1670 4897 libro
1711 4843 1815 4896 hoc
1863 4858 2022 4910 quem

448 4935 711 5005 scripsisti
740 4935 781 4988 ⁸.
827 4953 846 4988 ι
876 4934 1170 4989 Comedent
1201 4933 1363 5002 igitur
1401 4943 1619 5003 peccata
1672 4932 1849 5002 populi
1895 4932 2022 4997 mei,

449 5028 555 5084 hoc
576 5035 681 5092 est,
708 5025 972 5081 sacrificia
1003 5041 1099 5094 pro
1135 5027 1369 5093 peccatis
1404 5029 1641 5093 ipsorum
1675 5024 1876 5078 oblata.
1904 5043 1924 5075 ι
1957 5025 2024 5078 Et

450 5119 504 5171 in
546 5117 917 5186 iniquitatibus
962 5132 1146 5170 eorum
1199 5116 1408 5186 (utique
1462 5114 1848 5179 lsraelitarum,
1910 5117 2023 5170 sive

449 5207 650 5279 populi)
682 5209 780 5278 ipsi
813 5223 939 5263 suas
971 5208 1178 5261 animas
1209 5207 1493 5275 accipient,
1531 5223 1548 5254 ι
1595 5221 1710 5272 pro,
1746 5205 1852 5258 Deo
1885 5205 2021 5259 olfe-

451 5307 591 5352 rent.
623 5299 800 5353 Sumit
823 5299 966 5353 enim
995 5297 1173 5352 divina
1207 5298 1486 5366 Scriptura
1519 5312 1704 5350 vocem
1755 5295 1913 5364 hujus
1947 5298 2020 5351 rei

452 5388 864 5457 signiﬁcantem.
902 5388 1151 5445 Oblatum
1196 5389 1338 5442 enim
1385 5389 1509 5448 Deo,
1568 5398 1620 5442 et
1677 5399 1934 5457 paratum.
1974 5391 2028 5443 in

455 5479 782 5534 sacriﬁcium
809 5483 1088 5537 dicebatur
1117 5481 1308 5549 accipi,
1341 5491 1394 5534 et
1426 5480 1662 5546 positum
1688 5491 1772 5535 est
1798 5483 2030 5536 vocabu-

456 5571 562 5623 lum
603 5571 728 5626 huic
773 5572 852 5629 rei
906 5573 1268 5644 exprimendae
1314 5572 1582 5643 imprimis
1630 5572 1879 5628 idonemn
1906 5615 1921 5640 ,
1973 5583 2030 5626 ut

2125 4563 2410 4626 θεσπέσιος
2456 4561 2682 4633 Ἀαρὼν,
2723 4561 3025 4634 ἀρχομένου
3070 4561 3367 4633 θραύεσθαι
3416 4561 3507 4614 τοῦ
3548 4559 3696 4614 λαοῦ.

2123 4655 2434 4725 Γέγραπται
2452 4654 2559 4727 γάρ
2575 4653 2670 4708 ὡδί
2687 4669 2700 4682 ο
2725 4673 2742 4705 ι
2764 4655 2836 4707 Τὸ
2854 4657 3076 4726 πυιρεῖον
3095 4654 3364 4726 ἁρπάσας,
3381 4653 3472 4706 καὶ
3496 4651 3702 4715 ἐπιθεὶς

2123 4747 2184 4799 τὸ
2214 4746 2488 4817 θυμίαμα,
2513 4745 2664 4816 ἔστη,
2692 4747 2876 4818 φησὶν,
2898 4747 3000 4800 ἀνὰ
3039 4747 3201 4818 μέσον
3229 4746 3336 4798 τῶν
3369 4744 3702 4815 τεθνηκότων

2126 4843 2220 4893 καὶ
2264 4839 2374 4893 τῶν
2418 4838 2654 4904 ζώντων,
2703 4841 2797 4892 καὶ
2843 4839 3111 4892 ἐκόπασεν
3153 4839 3186 4909 ἡ
3227 4837 3511 4908 θραῦσις.»
3550 4836 3702 4889 Οὕτω

2131 4931 2428 5003 μεσιτεύων
2457 4932 2550 4987 καὶ
2579 4933 2606 4985 6
2640 4933 2910 5002 μακάριος
2939 4931 3164 5001 Μωσῆς,
3193 4928 3520 4996 ἐξεδυσώπει
3549 4928 3699 4992 Θεὸν,

2133 5039 2197 5091 με
2206 5021 2678 5091 μοσχοποιηκότων
2705 5021 2845 5074 κατὰ
2870 5019 2967 5090 τὴν
2997 5019 3203 5090 ἔρημον
3235 5019 3342 5071 τῶν
3376 5017 3435 5084 ἐξ
3465 5015 3698 5088 Ἰσραήλ.

2141 5113 2360 5165 Ἑαυτὸν
2383 5112 2490 5183 γὰρ
2515 5112 2701 5183 ὥσπερ
2725 5111 2949 5181 ὑπετίθη
2974 5114 3040 5182 τῇ
3072 5111 3216 5181 δίκῃ,
3261 5108 3592 5180 παρακαλῶν
3641 5123 3702 5159 τε

2131 5204 2224 5258 καὶ
2264 5205 2470 5272 λέγων·
2513 5222 2530 5254 ι
2576 5204 2639 5256 Ei
2695 5204 2793 5272 μὲν
2841 5203 2986 5273 ἀφῇς
3033 5203 3217 5265 αὐτοῖς
3263 5201 3360 5271 τὴν
3412 5196 3700 5270 ἁμαρτίαν,

2130 5296 2293 5364 ἄφες⁶
2317 5297 2366 5350 εί
2390 5296 2444 5348 δὲ
2473 5296 2567 5366 μὴ,
2594 5294 2871 5363 ὲξάλειψον
2901 5293 3044 5364 κάμὲ
3075 5295 3138 5346 ἐκ
3165 5294 3266 5363 τῆς
3293 5291 3473 5361 βίϐλου
3500 5289 3704 5359 ταύτης

2133 5382 2200 5458 ἧς
2241 5385 2504 5456 ἔγραψας.
2551 5406 2568 5437 ι
2601 5386 2869 5452 Φάγονται
2917 5386 3098 5437 τοίνυν
3141 5384 3240 5447 τάς
3277 5382 3552 5454 ἁμαρτίας
3608 5381 3704 5434 τοῦ

2133 5479 2260 5531 λαοῦ
2299 5495 2422 5548 μου,
2448 5477 2713 5539 τουτέστι,
2751 5477 2819 5529 τὰ
2846 5476 2987 5548 ὑπὲρ
3017 5475 3302 5547 ἁμαρτιῶν
3341 5473 3706 5546 προσκομιζό-

2136 5588 2272 5642 μενα
2301 5569 2534 5640 θύματα.
2560 5587 2579 5620 ι
2617 5567 2727 5622 Καὶ
2764 5568 2822 5621 ἐν
2852 5570 2972 5631 ταῖς
2994 5566 3230 5630 ἀδικίαις
3257 5564 3459 5630 αὐτῶν,
3495 5583 3512 5616 ι
3546 5579 3707 5617 τουτ-

527 5753 572 5783 ⁹⁹
599 5750 770 5809 Levit.
809 5771 887 5824 ix,
921 5757 1001 5811 l5.
1077 5758 1090 5787 ¹
1129 5753 1297 5810 chit.
1335 5769 1417 5821 ιιι,
1449 5753 1498 5807 5.
1578 5754 1598 5784 ²
1628 5753 1644 5808 Ι
1676 5751 1799 5809 Cor.
1834 5768 1885 5816 χ,
1923 5751 2003 5804 l2.

2122 5748 2264 5802 .cvit.
2300 5764 2353 5813 ιι,
2392 5745 2476 5811 16,
2510 5744 2598 5802 17.
2675 5746 2694 5776 ⁸
2721 5744 2873 5800 Num.
2910 5759 3018 5811 xw,
3040 5745 3089 5799 7.
3167 5745 3186 5778 ⁸
3216 5743 3384 5799 Exod.
3412 5756 3583 5808 xxxu,
3613 5738 3703 5794 22.
