4046 6376
350 351 450 409 125

1260 350 1809 409 COMMENTARIUS
1844 349 1910 406 l.\'
1951 349 2183 405 OSEAM
2222 349 2668 409 PROPIIETAM.

3498 354 3603 414 126

343 475 512 538 ἐστιν,
554 471 614 524 ἐν
658 470 845 543 καιρῷ
881 472 979 543 τῆς
1015 472 1230 536 ἀδικίας
1270 474 1481 527 αὑτῶκν
1523 475 1680 546 δῆλον
1721 474 1799 535 δὲ,
1836 475 1919 527 ὅτι

2049 474 2184 527 nodo
2215 475 2343 527 dixi.
2385 474 2567 545 Itaque
2601 475 2652 527 in
2688 472 2960 537 Numeris,
3001 475 3215 542 quando
3244 474 3328 530 let
3361 476 3425 530 de
3473 492 3603 530 vac-

343 567 450 619 τῶν
496 566 557 630 ἐξ
604 564 992 636 Ἰσραὴλ,ἡτοι
1026 565 1134 618 τῶν
1180 565 1351 619 λαῶν’
1393 585 1411 618 ι
1438 568 1600 620 Αὐτοὶ
1646 565 1920 647 τάςιίδίας

343 658 605 728 λήψονται
654 656 835 726 ψυχὰς
865 675 891 707 ν
920 658 1040 710 ἀντὶ
1073 658 1188 721 τοῦ,
1227 659 1622 727 προσκομιοὼι
1655 658 1733 729 τῷ
1780 657 1920 727 Θεῷ.

343 746 564 815 Δέχεται
600 744 709 815 γὰρ
759 746 855 815 τὴν
911 744 1055 809 λέξιν
1105 747 1139 816 ἡ
1186 745 1543 810 θεόπνευστος
1585 748 1799 817 Γραφὴ,
1822 746 1918 799 τοῦ

342 835 551 890 τοιοῦδε
591 837 949 907 σημαντικήν.
977 836 1050 889 Τὸ
1083 836 1191 908 γὰρ
1223 836 1302 909 τῷ
1335 839 1452 909 Θεῷ
1486 837 1925 909 προσκομιζόμε-

344 944 458 992 νον,
505 929 600 981 καὶ
641 927 996 997 εύτρεπισθὲν
1028 930 1108 991 είς
1156 928 1365 993 θυσίαν,
1410 929 1624 998 ἐλέγετο
1656 930 1927 1000 λαμϐάνε-

349 1021 496 1075 σθαι.
540 1021 651 1075 Καὶ
677 1021 711 1090 ἡ
740 1019 884 1086 λέξις
912 1021 1175 1084 τέθειται,
1198 1020 1292 1074 τοῦ
1327 1021 1529 1075 τοιοῦδε
1568 1021 1801 1093 μάλιστα
1825 1039 1923 1093 ση-

355 1112 615 1184 μαντικὴ,
659 1112 911 1183 καθάπερ
955 1113 1089 1183 ἔφην
1121 1114 1345 1184 ἀρτίως.
1393 1112 1502 1166 Καὶ
1554 1113 1684 1182 γοῦν
1732 1117 1789 1167 ὲν
1817 1116 1928 1177 τοῖς

364 1205 655 1275 ’Δριθμοίς,
682 1205 770 1257 ὅτε
808 1206 934 1269 τοὺς
975 1207 1103 1274 περὶ
1138 1205 1237 1273 τῆς
1263 1204 1551 1273 δαμάλεως
1579 1205 1678 1274 τῆς
1709 1206 1929 1278 πυρρᾶς

353 1295 577 1367 ὡρίζετο
605 1295 824 1367 νόμους,
854 1295 956 1367 ἔφη
991 1296 1121 1359 Θεὸς
1158 1296 1294 1366 πρὸς
1322 1295 1411 1349 τὸν
1443 1296 1775 1366 ἱεροφάντην
1810 1296 1932 1348 Μω-

357 1386 472 1439 σέα·
500 1405 518 1437 ι
553 1386 703 1458 Αὖτη
733 1388 766 1457 ὴ
791 1386 1040 1458 διαστολὴ
1066 1386 1159 1440 τοῦ
1193 1387 1378 1457 νόμου,
1408 1389 1507 1441 ὃσα
1537 1388 1792 1454 συνέταξε
1824 1386 1934 1440 Κύ-

357 1492 499 1547 ριος,
546 1476 751 1546 λέγων’
784 1477 1031 1548 Λάλησον
1080 1480 1194 1541 τοῖς
1239 1480 1373 1541 υἱοῖς
1420 1478 1669 1550 Ἰσραὴλ,
1703 1478 1797 1532 καὶ
1833 1479 1931 1531 λα-

354 1569 594 1622 ϐέτωσαν
618 1568 754 1640 πρὸς
778 1569 835 1622 σὲ
857 1569 1088 1639 δάμαλιν
1112 1569 1346 1641 πυρρὰν,
1370 1570 1617 1640 ἄμωμον.
1651 1589 1669 1621 ι
1689 1569 1936 1635 Ἀκούεις

354 1660 436 1725 τὸ,
457 1660 767 1712 λαϐέτωσαν
785 1675 798 1720 ;
821 1658 1067 1711 τουτέστι
1087 1658 1624 1730 προσκομιζέτωσαν,
1638 1660 1754 1729 ⁸ἦτοι
1769 1675 1936 1730 προσ-

354 1751 729 1819 αγαγέτωσαν.
772 1749 909 1820 Περὶ
945 1749 1001 1802 δέ
1036 1766 1099 1818 γε
1127 1750 1220 1802 τοῦ
1266 1748 1766 1821 καθαρισθήσεσθαι
1804 1749 1933 1819 μέλ-

2024 580 2084 618 ra
2117 564 2232 617 rufa
2270 563 2567 624 ferebatur.
2602 565 2736 618 dixit
2774 565 2911 619 Dens
2956 566 3023 619 ad
3054 565 3292 635 Moysen,
3324 581 3605 621 sacrorum

2026 655 2420 722 interpretem:
2469 672 2488 705 ι
2548 652 2672 707 Haec
2734 654 3009 707 distinctio
3052 655 3207 725 legis,
3273 672 3609 725 quaecunan

2025 744 2309 799 constituit
2349 746 2624 812 Dominus,
2675 745 2861 798 dicens
2900 763 2912 797 :
2951 744 3195 815 Loquere
3239 746 3362 801 Iiliis
3418 746 3607 809 Israel,

2030 847 2085 893 et
2118 837 2387 906 accipiant
2417 838 2482 891 ad
2510 852 2568 891 se
2606 851 2822 890 vaccam
2849 837 3045 901 rufam,
3076 836 3476 892 immaculalam
3503 839 3543 890 °.
3579 855 3602 889 ι

2029 930 2197 984 Audis
2223 928 2371 988 illud.
2402 928 2707 997 accipiant?
2758 929 2861 982 hoc
2909 936 3015 992 est,
3065 927 3316 992 oIl‘erant,
3367 930 3480 983 sive
3514 929 3609 983 ad-

2030 1028 2299 1072 moveant.
2335 1020 2406 1072 De
2441 1019 2753 1074 mandando
2804 1028 2983 1073 autem
3024 1036 3051 1073 a
3101 1020 3248 1089 lepra
3294 1036 3480 1075 rursus
3533 1023 3608 1077 ita

2030 1111 2106 1167 ait
2141 1131 2155 1167 :
2194 1131 2211 1163 ι
2257 1112 2575 1181 Egredietur
2602 1115 2859 1169 sacerdos
2889 1124 3041 1167 extra
3086 1123 3285 1176 castra.
3331 1124 3383 1168 et
3413 1115 3611 1169 videbit

2030 1206 2303 1269 Sacerdos,
2338 1215 2391 1259 et
2416 1219 2544 1259 ecce
2574 1216 2801 1259 sanatur
2841 1214 3014 1260 tactus
3049 1206 3205 1272 lepra:
3234 1222 3265 1259 a
3292 1206 3519 1275 Ieproso.
3546 1207 3611 1260 Et

2028 1293 2240 1364 jubebit
2268 1297 2543 1358 sacerdos,
2566 1307 2620 1351 et
2649 1298 2915 1366 accipient
2946 1299 3202 1351 mandato
3228 1299 3362 1351 duos
3394 1314 3612 1365 passer-

2033 1388 2183 1441 culos
2217 1389 2386 1455 vivos,
2421 1403 2585 1457 puros
2610 1389 2655 1441 ".
2695 1408 2713 1440 ι
2756 1389 2889 1443 Cum
2940 1388 3101 1457 igitur
3140 1389 3303 1442 etiam
3336 1389 3403 1443 de
3429 1405 3611 1443 sacer-

2034 1481 2250 1535 dOtibus
2283 1500 2301 1533 ι
2340 1482 2601 1551 accipient
2638 1501 2656 1534 ι
2690 1483 2856 1547 dicat,
2894 1483 3086 1535 merito
3138 1481 3465 1551 intelligatur
3508 1497 3610 1535 vox

2035 1588 2153 1641 pro,
2186 1572 2429 1628 oIl‘erent.
2453 1566 2526 1627 'In
2585 1584 2825 1642 tempore
2860 1574 3024 1644 igitur
3045 1575 3410 1642 iniquitatum,
3436 1589 3608 1641 popu-

2036 1662 2070 1716 li
2108 1663 2376 1725 videlicet,
2418 1665 2518 1733 ipsi
2546 1663 2831 1729 accipient,
2867 1663 2968 1718 hoc
2996 1674 3099 1729 est,
3153 1660 3381 1716 oﬂ‘ercnt
3420 1662 3473 1714 in
3522 1677 3613 1715 sa-

2036 1752 2322 1815 criﬁcium,
2351 1763 2406 1807 et
2440 1753 2493 1807 in
2525 1755 2747 1808 odorem
2798 1753 3079 1807 suavitatis
3121 1751 3453 1821 spiritualem
3508 1751 3615 1805 [λου

354 1843 536 1905 λοντος
587 1840 815 1911 λεπροῦ,
854 1841 1014 1893 πάλιν
1058 1836 1160 1894 ὧδέ
1192 1857 1361 1911 φησι·
1399 1859 1415 1891 ι
1445 1841 1555 1894 Καὶ
1597 1839 1937 1906 ἐξελεύσεται

2049 1845 2252 1899 animas
2280 1861 2436 1910 suas,
2475 1846 2639 1915 probe
2692 1846 2945 1901 nimirum
2992 1856 3395 1909 conversantes,
3445 1854 3499 1898 et
3535 1844 3614 1898 vi-

358 1935 387 1987 ὁ
419 1936 595 2006 ἱερεὺς
636 1933 740 2001 ἔξω
777 1934 878 2009 τῇς
909 1932 1278 2005 παρεμϐολῆς,
1314 1934 1407 1985 καὶ
1440 1932 1630 2001 ὄψεται
1665 1933 1693 1985 ὁ
1728 1932 1904 2003 ἱερεὺς
1925 1971 1941 1997 ,

355 2028 452 2082 καὶ
481 2028 586 2081 ἰδοὺ
612 2028 810 2097 ἰᾶταιή
839 2027 949 2097 ἁφὴ
972 2025 1069 2097 τῆς
1097 2024 1304 2097 λέπρας
1324 2024 1431 2077 ἀπὸ
1458 2024 1552 2077 τοῦ
1576 2023 1798 2095 λεπροῦ.
1826 2025 1935 2077 Καὶ

357 2121 552 2191 πράξει
589 2122 617 2173 ὁ
652 2120 861 2191 ἱερεὺς,
903 2121 998 2172 καὶ
1043 2118 1304 2188 λήψονται
1352 2117 1429 2189 τῷ
1479 2117 1934 2189 κεκαθαρισμένῳ

354 2211 449 2265 δύο
485 2208 692 2280 ὀρνίθια
738 2209 938 2273 ζῶντα,
968 2207 1201 2280 καθαρά.
1231 2228 1248 2259 ι
1284 2209 1452 2261 Ὅταν
1500 2207 1677 2261 τοίνυν
1709 2209 1803 2261 καὶ
1843 2209 1936 2261 ἐπὶ

354 2301 465 2354 τῶν
496 2300 685 2372 ίερέων
722 2300 804 2363 τὸ,
856 2299 1161 2372 λήψονται,
1187 2299 1358 2367 λέγοι,
1391 2300 1547 2353 νοοῖτ’
1592 2297 1657 2351 ἂν
1712 2298 1937 2361 εἰκότως

358 2392 481 2446 ἀντὶ
509 2392 627 2457 τοῦ,
647 2393 1047 2464 προσοίσουσιν,
1072 2394 1106 2463 ἡ
1140 2392 1313 2463 φωνή.
1342 2392 1430 2445 Ἐν
1458 2390 1634 2462 καιρῷ
1652 2390 1940 2462 τοιγαροῦν

359 2477 469 2531 τῶν
492 2478 735 2543 ἀδικιῶν,
759 2480 868 2534 τῶν
894 2479 989 2533 τοῦ
1014 2480 1143 2533 λαοῦ
1178 2480 1439 2551 δηλονότι,
1469 2479 1622 2533 αὐτοὶ
1653 2480 1939 2550 λήψονται,

358 2570 627 2634 τουτέστι,
655 2572 1034 2642 προσοίσουσιν
1061 2573 1142 2635 είς
1169 2571 1381 2635 θυσίαν,
1415 2572 1507 2624 καὶ
1536 2571 1793 2642 εὐοσμίαν
1824 2570 1942 2641 Θεῷ

361 2660 463 2733 τὴν
489 2664 865 2735 πνευματικὴν
906 2663 1003 2727 τὰς
1030 2662 1238 2717 ἑαυτῶν
1266 2662 1464 2733 ψυχὰς,
1497 2661 1673 2732 ὀρθῶς
1701 2661 1941 2733 δηλονότι

366 2754 804 2825 πολιτευόμενοι,
848 2756 942 2809 καὶ
975 2754 1359 2826 εὐνομωτάτην
1404 2753 1615 2825 ἔχοντες
1650 2755 1814 2824 ζωὴν,
1849 2754 1945 2807 καὶ

366 2848 435 2903 τὰ
463 2851 575 2912 τοῖς
609 2847 813 2919 ἱερεῦσι
857 2848 1137 2919 πρέποντα
1174 2851 1391 2920 φρονεῖν
1431 2864 1489 2901 τε
1531 2849 1624 2902 καὶ
1673 2847 1807 2919 δρᾷν
1858 2848 1941 2900 ὅτι

2042 1944 2149 1990 tam
2174 1935 2380 2006 legibus
2423 1936 2651 1991 miriﬁce
2698 1945 3115 1991 consentaneam
3162 1936 3524 2000 traducentes,
3562 1944 3618 1989 et

2039 2042 2159 2097 quae
2186 2026 2559 2082 sacerdotibus
2601 2028 2794 2082 decora
2833 2037 2980 2090 sunt,
3035 2028 3296 2094 cogitare,
3347 2035 3400 2080 et
3436 2026 3614 2081 facere

2040 2134 2249 2173 summo
2278 2119 2459 2173 studio
2487 2120 2773 2174 enitentes.
2806 2118 2990 2174 Potest
3020 2119 3163 2172 enim
3193 2119 3313 2172 talis
3340 2118 3614 2186 populum,

2041 2211 2132 2280 qui
2165 2211 2217 2264 in
2248 2210 2506 2266 olfensam
2542 2213 2634 2266 Dei
2673 2212 2919 2275 incurrit,
2950 2221 3001 2265 et
3024 2212 3194 2281 legem
3232 2211 3414 2281 inique
3452 2209 3619 2264 viola-

2043 2302 2142 2368 vit,
2171 2300 2225 2355 in
2257 2303 2539 2371 pristinum
2572 2303 2747 2357 locum
2777 2303 3085 2357 restituere.
3118 2302 3618 2365 Verumenimvero,

2045 2392 2112 2446 ad
2154 2393 2253 2447 hoc
2291 2393 2544 2459 instituti,
2593 2393 2789 2463 inquit,
2826 2408 2929 2447 una
2965 2409 3087 2448 cum
3133 2392 3252 2448 aliis
3297 2391 3430 2461 lapsi
3473 2402 3619 2446 sunt.

2045 2481 2248 2538 Idcirco
2268 2483 2390 2553 jure
2431 2485 2696 2540 vacabunt
2745 2501 2922 2549 sacra,
2978 2485 3215 2540 cessabit
3272 2500 3512 2548 sacrmn,
3568 2491 3625 2537 et

2046 2576 2360 2632 honorabile
2390 2592 2582 2647 genus,
2634 2596 2653 2629 ι
2707 2578 2811 2631 erit
2850 2577 3079 2646 populus
3119 2585 3177 2630 ut
3219 2576 3476 2631 sacerdos
3528 2591 3543 2629 :
3597 2593 3619 2627 ι

2045 2667 2176 2722 nihil
2207 2666 2487 2738 siquidem
2510 2670 2651 2724 inter
2685 2667 2938 2737 populant
2997 2678 3050 2723 et
3082 2666 3415 2723 sacerdotem
3449 2667 3628 2721 distao

2045 2756 2145 2812 bit.
2177 2758 2353 2829 Atque
2404 2760 2507 2815 hoc
2544 2769 2630 2815 est
2674 2760 2926 2826 fortasse,
2977 2779 2997 2812 ι
3054 2760 3282 2831 gloriam
3338 2774 3526 2815 eorum
3571 2757 3626 2813 in

2047 2850 2400 2921 ignominiam
2428 2868 2645 2921 ponam.
2681 2870 2699 2904 ι

372 2941 606 3013 μάλιστα
631 2940 1096 3006 διεσπουδακότες.
1134 2941 1339 3003 Ἱκανὸς
1400 2940 1505 3010 γὰρ
1533 2941 1561 2993 ό
1618 2939 1857 3003 τοιοῦτος
1924 2942 2203 2997 ἀνασῶσαι
2252 2945 2415 3009 λαοὺς
2454 2946 2548 2999 καὶ
2578 2946 2695 3016 Θεῷ
2735 2946 3280 3020 προσκεκρουκότας,
3329 2947 3422 2999 καὶ
3462 2945 3624 3013 νόμον

368 3034 715 3105 ⁴ἠδικηκότας.
744 3032 882 3086 Ἀλλ’
905 3035 953 3086 οἱ
979 3033 1113 3104 πρὸς
1133 3030 1288 3085 τοῦτο
1311 3031 1764 3101 παρειλημμένοι,
1784 3033 1938 3103 φησὶ,
1981 3036 2420 3103 συγκατὼλισθον
2477 3042 2589 3102 τοῖς
2646 3038 2847 3103 ἄλλοις.
2870 3036 3138 3109 Ταύτῃτοι
3158 3036 3379 3101 δικαίως
3395 3036 3626 3108 ἀργήσει

369 3129 439 3183 τὰ
488 3129 637 3198 ἱερὰ,
686 3127 1025 3181 πεπαύσεται
1070 3125 1132 3179 τὸ
1175 3126 1315 3196 ἱερὸν
1360 3126 1453 3179 καὶ
1485 3127 1662 3197 τίμιον
1701 3126 1889 3194 γένος’
1936 3146 1956 3180 ι
1996 3130 2186 3184 Ἔσται
2216 3132 2243 3184 ὁ
2296 3132 2420 3197 λαὸς
2459 3133 2534 3196 ὡς
2573 3134 2783 3202 ἱερεύς-
2822 3153 2840 3185 ›
2878 3132 3118 3186 κείσεται
3143 3132 3251 3201 γὰρ
3280 3132 3429 3184 οὐδὲν
3458 3130 3538 3184 ἔτι
3568 3133 3631 3184 τδ

375 3222 576 3298 μεταξὺ
604 3221 731 3275 λαοῦ
756 3238 815 3273 τε
857 3221 949 3274 καὶ
984 3218 1193 3291 ἱερέως.
1238 3220 1348 3272 Καὶ
1379 3219 1535 3272 τοῦτο
1572 3215 1640 3289 ἦν
1670 3218 1777 3290 ἄρα
1813 3220 1892 3286 τὸ,
1939 3240 1957 3272 ι
1987 3224 2098 3295 Τὴν
2129 3224 2284 3291 δόξαν
2310 3225 2489 3279 αὐτῶν
2523 3227 2599 3288 εἰς
2626 3226 2866 3295 ἀτιμίαν.
2894 3242 2913 3275 ›

443 3317 553 3373 Καὶ
592 3314 900 3385 φάγονται,
933 3310 1032 3365 καὶ
1066 3312 1137 3364 οὐ
1170 3308 1256 3378 μὴ
1291 3308 1747 3378 ἐμπλησθῶσιν·
1779 3311 1947 3381 ἐπόρ-

2124 3316 2286 3370 Vens.
2324 3315 2409 3370 10.
2438 3313 2502 3367 Et
2540 3315 2823 3377 comedent,
2855 3323 2901 3366 et
2950 3326 3052 3363 non
3087 3307 3475 3377 implebantur;
3516 3308 3627 3376 {or-

372 3424 627 3469 νευσαν,
663 3405 760 3459 καί
791 3406 863 3457 οὐ
891 3401 977 3471 μὴ
1012 3398 1516 3457 κατευθυνθῶσιν.

450 3500 585 3554 MA'.
623 3496 809 3557 Ὁδοὺς
844 3493 963 3564 μὲν,
993 3492 1067 3555 ὡς
1104 3491 1268 3557 ἔοικε,
1300 3491 1398 3554 τὰς
1426 3493 1483 3545 ὲν
1515 3490 1697 3562 ἔργοις
1731 3492 1954 3563 πορείας

376 3592 564 3657 λέγει’
618 3586 898 3643 διαϐούλια
944 3585 1002 3638 δὲ
1033 3580 1133 3650 αὖ,
1173 3583 1241 3637 τὰ
1295 3585 1360 3637 ὲκ
1413 3584 1688 3655 λογισμῶν
1743 3585 1957 3639 ἀτόπων

380 3682 716 3753 πταίσματα.
773 3676 991 3746 Ἐπειδὴ
1020 3677 1218 3739 τοίνυν,
1267 3677 1433 3745 φησὶ,
1479 3676 1809 3748 πεπόρευται
1862 3675 1959 3746 μὲν

378 3777 481 3828 οὐκ
522 3772 725 3843 ὀρθῶς,
776 3771 876 3840 τῆς
921 3767 1133 3831 εὐθείας
1190 3765 1559 3831 ὲκνενευκὼς,
1602 3767 1696 3820 καὶ
1745 3766 1962 3836 ἀπάσης

380 3865 570 3936 ὥςπερ
595 3862 936 3933 ἀνοσιότητος
960 3860 1157 3924 ἐλάσας
1182 3858 1386 3931 τρίϐον,
1420 3858 1780 3912 ἐϐουλεύσατο
1808 3857 1866 3910 δὲ
1891 3856 1960 3911 τὰ

387 3962 605 4014 πάντων
640 3957 896 4028 αἴσχιστά
945 3972 1007 4009 τε
1053 3955 1147 4008 καὶ
1182 3951 1557 4014 ὲκτοπώτατα,
1591 3950 1683 4004 τὸν
1726 3949 1824 4019 μὲν
1854 3948 1960 4001 τῶν

382 4054 518 4107 ὅλων
551 4051 820 4121 ἀτιμάσας
860 4049 1012 4109 Θεὸν,
1043 4045 1336 4108 ἀποκλίνας
1380 4043 1438 4097 δὲ
1469 4043 1562 4097 καὶ
1592 4041 1754 4105 αὐτὸς
1789 4042 1869 4103 είς
1902 4038 1962 4091 τὸ

384 4141 667 4214 λατρεύειν
713 4140 973 4203 εἰδώλοις,
1010 4157 1028 4187 ι
1074 4136 1374 4206 Ἐκδικὴσω
1414 4132 1500 4185 ἐπ’
1529 4130 1712 4195 αὐτὸν,
1759 4148 1777 4181 ι
1810 4144 1966 4181 τουτ-

388 4236 524 4299 έστι,
555 4234 653 4302 τὴν
681 4234 793 4294 τοῖς
835 4229 1300 4301 πλημμελήμασιν
1349 4223 1687 4294 ίσοστάθμως
1734 4220 1965 4291 ἔχουσαν

389 4325 593 4379 ἐποίσω
618 4324 793 4391 δίκην.
823 4322 944 4374 Ὀτι
980 4321 1038 4373 δὲ
1066 4322 1177 4382 τοῖς
1207 4315 1543 4387 ἀποφοιτῶσι
1576 4314 1677 4382 τῆς
1719 4313 1799 4375 είς
1834 4309 1965 4363 Θεὸν

390 4416 610 4487 ἀγάπης
638 4414 699 4467 τὸ
749 4414 806 4465 ὲν
840 4412 1001 4465 παντὶ
1058 4409 1308 4479 γενέσθαι
1354 4406 1511 4477 κακῷ
1540 4405 1716 4474 πάντη
1761 4418 1821 4454 τε
1870 4400 1967 4455 καὶ

391 4507 604 4569 πάντως
627 4504 986 4575 συμϐήσεται,
1015 4501 1132 4564 πῶς
1158 4500 1303 4552 ἔστιν
1328 4495 1683 4567 ἁμφιϐαλεῖν;
1712 4489 1833 4545 οὗτε
1856 4490 1967 4561 γὰρ

393 4597 559 4668 ὀρθήν
586 4613 647 4649 τε
683 4597 778 4649 καὶ
813 4594 1112 4663 ἀμώμητον
1131 4590 1363 4644 διελάσει
1386 4587 1589 4659 τρίϐον,
1612 4584 1724 4638 οὔτ’
1742 4584 1809 4637 ἂν
1828 4581 1968 4651 σοφὰ

2056 3410 2220 3462 nicali
2247 3418 2391 3469 sunt,
2414 3416 2463 3459 et
2490 3424 2591 3460 non
2612 3406 2930 3475 dirigentur.

2123 3499 2259 3554 XLI.
2295 3500 2421 3555 Vias
2441 3499 2680 3569 quidem,
2706 3507 2762 3550 ut
2786 3503 3028 3564 apparet,
3047 3492 3286 3546 incessus
3306 3506 3356 3543 tn
3375 3488 3633 3558 cperibus

2055 3588 2334 3655 nominat;
2376 3587 2598 3642 consilia
2641 3600 2769 3639 vero
2798 3600 2859 3637 ex
2891 3581 3308 3652 cogitationibus
3331 3576 3631 3633 indecenti-

2055 3680 2157 3734 bus
2194 3679 2409 3732 delicta.
2435 3676 2701 3743 Quoniam
2729 3675 2907 3744 igitur,
2941 3672 3135 3740 inquit,
3180 3685 3345 3741 prave
3388 3667 3631 3729 incessit,

2056 3776 2110 3823 et
2132 3784 2161 3821 a
2193 3779 2338 3823 recto
2364 3769 2554 3822 itinere
2579 3764 2817 3828 deﬂexit,
2848 3773 2902 3817 et
2935 3763 3318 3832 prapemodum
3351 3759 3497 3813 omni
3549 3772 3635 3811 se-

2058 3861 2189 3915 mita
2219 3860 2512 3927 impietatis
2541 3857 2859 3921 ambulavit,
2895 3856 3135 3910 omnium
3176 3852 3281 3924 '73
3326 3849 3634 3919 turpissima

2059 3959 2115 4004 et
2142 3964 2173 4003 a
2203 3950 2408 4003 ratione
2433 3946 2760 4002 alienissima
2786 3949 2924 4015 apud
2954 3961 3013 3999 se
3040 3943 3251 4005 statuit,
3282 3950 3334 3996 et
3353 3940 3635 3994 universo-

2063 4056 2182 4095 rum
2214 4039 2383 4094 Deum
2411 4038 2756 4108 contempsit,
2800 4048 2857 4092 et
2899 4037 3011 4105 ipse
3048 4048 3259 4104 quoque
3290 4032 3355 4085 ad
3390 4029 3635 4085 servien-

2063 4134 2186 4187 dum
2216 4133 2375 4188 idolis
2423 4132 2731 4193 declinavit,
2796 4148 2815 4181 ι
2865 4129 3100 4184 ulciscar
3142 4141 3306 4195 super
3353 4125 3549 4191 ipsum,
3580 4140 3631 4193 ,ι

2065 4225 2166 4280 hoc
2190 4232 2294 4289 est,
2319 4240 2529 4294 ptenam
2553 4223 2850 4278 sceleribus
2882 4221 3297 4292 respondentem
3330 4230 3635 4284 reposcam.

2065 4317 2385 4372 Deserentes
2445 4325 2624 4371 autem
2682 4317 2773 4370 Dei
2827 4314 3145 4368 cbaritatem
3194 4308 3444 4364 omnibus
3485 4304 3641 4358 malis

2065 4408 2389 4463 omnimodis
2419 4404 2823 4468 circumveniri,
2874 4403 3004 4457 nulli
3060 4401 3218 4471 plane
3266 4400 3488 4454 dubium
3532 4406 3637 4451 est.

2068 4500 2177 4556 Nec
2204 4501 2348 4555 enim
2385 4508 2530 4553 recta
2554 4510 2609 4551 et
2642 4496 2910 4565 inculpata
2959 4491 3331 4562 progredietur
3376 4493 3486 4557 via,
3543 4503 3642 4544 nec

2068 4593 2340 4662 sapienter
2368 4591 2662 4660 quidquam
2707 4588 2985 4657 cogitabit,
3031 4587 3121 4655 qui
3154 4586 3389 4640 divinam
3425 4583 3641 4654 sapien-

397 4688 745 4760 βουλεύσαιτό
783 4703 937 4751 ποτε,
964 4686 1061 4753 τὴν
1098 4684 1249 4737 θείαν
1275 4683 1375 4736 οὐκ
1404 4680 1541 4751 ἔχων
1571 4675 1947 4749 ὲπικουροῧσαπ

2071 4684 2201 4737 tiam
2226 4684 2586 4751 virtutemque
2616 4679 3010 4749 opitulatricem
3048 4691 3151 4731 non
3187 4676 3457 4731 habuerit.

394 4780 547 4850 αὐτῷ
584 4778 776 4847 σοφίαν
803 4794 862 4830 τε
892 4776 987 4830 καὶ
1024 4774 1273 4844 δύναμιν.

468 4870 575 4925 Καὶ
600 4868 911 4939 φάγονται,
939 4866 1039 4920 καὶ
1084 4866 1155 4918 οὺ
1186 4863 1271 4933 μὴ
1300 4858 1763 4932 ἐμπλησθῶσιν
1794 4861 1970 4924 ἐπόρ-

395 4979 629 5019 νευσαν
660 4961 757 5015 καὶ
804 4963 876 5014 οὐ
911 4960 996 5028 μὴ
1040 4955 1548 5011 κατευθυνθῶσιν.

470 5054 601 5109 MB’.
656 5054 936 5123 Τετήρηκε
978 5051 1140 5104 πάλιν
1196 5049 1307 5111 τοῖς
1355 5047 1413 5112 ἐξ
1459 5046 1687 5116 αἵματος
1752 5042 1966 5115 Ἰσραὴλ

400 5147 463 5198 τὸ
509 5145 876 5213 κατάλειμμα.
936 5144 1058 5195 Ὅτι
1106 5142 1214 5212 γὰρ
1264 5140 1364 5193 οὐκ
1410 5140 1640 5193 είσάπαν
1696 5138 1973 5206 οἰχήσεται

402 5244 513 5303 τοῖς
558 5238 760 5308 ἱερεῦσι
783 5236 843 5289 το
887 5238 1096 5307 χρῆμα,
1136 5234 1413 5303 διατρανοῖ
1450 5230 1656 5299 λέγων,
1686 5230 1770 5281 ὅτι
1811 5248 1827 5280 ι
1867 5230 1974 5281 did-

405 5346 591 5398 γονται
621 5328 739 5398 μὲν,
771 5326 911 5397 πλὴν
932 5326 991 5379 οὐ
1022 5324 1097 5396 μὴ
1123 5321 1528 5395 ἐμπλησθῶσιν.
1566 5341 1583 5371 ι
1605 5320 1728 5373 Εἴτε
1746 5320 1854 5391 γὰρ
1877 5320 1976 5382 τὰς

408 5421 643 5493 ἀρχαίας
694 5419 907 5481 ὲκείνας
960 5416 1055 5469 τοῦ
1117 5414 1333 5486 Ἰσραὴλ
1393 5415 1817 5485 μεταναστάσεις
1880 5414 1974 5465 καὶ

410 5511 784 5582 αίχμαλωσίας
815 5507 1085 5579 ἐννοήσειέ
1121 5524 1224 5567 τις,
1255 5504 1363 5558 εἴτε
1388 5504 1485 5575 τὴν
1519 5506 1611 5557 ἐπὶ
1638 5502 1860 5576 Χριστῷ
1889 5503 1977 5557 διά

411 5603 509 5674 τῆς
540 5601 648 5656 τῶν
702 5601 985 5673 Ῥωμαίων
1016 5599 1195 5673 χειρὸς
1222 5598 1321 5669 τῆς
1368 5597 1626 5661 Ἰουδαίας
1674 5598 1974 5667 ἐρήμωσιν.

486 5780 512 5813 ⁸
546 5780 704 5837 Num.
734 5797 841 5851 xIx,
871 5778 927 5836 2.
1005 5783 1024 5813 ⁷
1064 5780 1235 5836 Levit.
1269 5794 1376 5844 xw,
1410 5779 1463 5843 '5,
1492 5778 1543 5831 4.

2147 4858 2214 4916 Et
2246 4860 2533 4923 comedent,
2562 4868 2609 4912 et
2642 4875 2744 4912 non
2777 4856 3165 4926 implebantur;
3208 4854 3455 4923 [orntcau
3498 4861 3643 4917 sunt,

2075 4963 2124 5008 et
2154 4969 2256 5005 non
2281 4952 2593 5020 dirigentur.

2148 5043 2302 5098 XLII.
2340 5041 2529 5095 Adhuc
2562 5036 2821 5107 reliquias
2851 5035 3111 5090 lsraelilis
3159 5033 3476 5088 reservavit.
3525 5030 3641 5084 Non

2078 5138 2221 5194 enim
2255 5137 2504 5189 universe
2530 5146 2651 5186 cuin
2679 5129 3053 5183 sacerdotibus
3076 5128 3339 5197 perituros
3382 5122 3643 5182 declarat,

2080 5246 2200 5285 cum
2237 5228 2386 5291 dicit,
2424 5245 2443 5278 ι
2484 5224 2770 5280 comedent
2803 5222 3042 5292 quidem,
3076 5220 3167 5273 sed
3202 5232 3303 5270 non
3331 5212 3649 5268 saturabitu-

2081 5331 2186 5378 tur.
2227 5340 2245 5373 ι
2279 5322 2403 5376 Sive
2423 5321 2564 5375 enim
2598 5328 2808 5371 veteres
2836 5314 2951 5367 illas
2980 5310 3193 5366 lsraelis
3221 5304 3649 5372 transmigratio-

2083 5429 2178 5468 nes
2206 5422 2261 5465 et
2290 5410 2656 5480 captivitates,
2690 5409 2804 5464 sive
2829 5414 3049 5476 propter
3090 5400 3366 5455 Christum
3408 5410 3501 5463 per
3541 5393 3651 5446 llo—

2083 5519 2274 5560 manus
2309 5501 2505 5557 ludam:
2544 5501 2747 5554 illatam
2794 5496 3097 5551 vastitatem
3127 5488 3391 5560 quispiam
3446 5484 3653 5551 recogi-

2085 5604 2181 5662 tet,
2220 5596 2272 5651 in
2306 5593 2549 5664 reliquiis
2595 5589 2846 5649 Israelem
2881 5588 3076 5658 ipsum,
3117 5592 3173 5640 et
3210 5581 3414 5636 cultum
3464 5590 3493 5630 a
3540 5575 3656 5643 lege
