4046 6376
425 341 531 400 127
1443 346 1501 401 S.
1542 345 1814 403 CYRILLI
1851 340 2319 398 ALEXANDRINI
2362 341 2682 397 ARCIIIEP.
3575 335 3676 391 HS

425 456 796 526 praescriptum
828 459 1004 514 adhuc
1028 469 1412 515 conservatum
1447 462 1860 516 animadvertat.
1888 461 1988 515 Ab-

2098 459 2156 511 ὲν
2184 457 2460 527 λειψάνοις
2482 426 2704 528 εδρήσει
2735 457 3106 528 τετηρημένον
3143 456 3304 508 αὐτόν
3350 471 3407 507 τε
3446 453 3538 509 τὸν
3577 454 3676 506 ‘Ia-

425 548 602 601 ductis
633 549 775 603 enim
811 560 937 604 tunc
969 565 1067 619 per
1096 549 1446 605 Salmanasar
1487 561 1541 606 et
1585 550 1997 621 Theglatphala-

424 652 514 693 sar
542 640 608 691 ad
649 639 900 709 Assyrios
931 649 982 693 et
1024 640 1231 702 Medos,
1287 641 1638 696 nihilominus
1668 641 1847 710 exigui
1890 656 1995 696 nu-

424 743 597 792 mero,
632 739 684 783 et
713 731 1049 798 paucissimi,
1081 740 1134 787 et
1165 746 1231 785 ex
1257 730 1511 786 Israelitis
1541 732 1734 796 relicti,
1759 731 1995 800 legitima

422 821 798 876 sacerdotibus
841 820 1166 886 offerebant,
1211 824 1406 886 obviis,
1441 832 1498 878 et
1530 837 1650 892 qua:
1679 824 1743 878 ad
1777 838 1995 877 manum

419 923 575 966 erant
606 928 698 967 eos
729 914 1078 978 honorantes,
1118 925 1172 969 et
1207 931 1236 968 a
1279 916 1557 970 consuetis
1596 915 1738 970 haud
1782 915 1996 984 penitus

423 1002 760 1057 recedentes.
803 1003 1000 1058 Eodem
1029 1005 1189 1060 modo
1213 1005 1268 1060 et
1301 1005 1352 1059 in
1387 1017 1660 1074 postremo
1685 1005 1848 1073 bello,
1894 1008 1994 1061 sub

422 1094 665 1161 Augusto
691 1093 924 1158 Caesare,
957 1096 1197 1164 inquam,
1229 1097 1666 1165 populationibus
1694 1096 1993 1152 deformata

422 1182 657 1251 ipsorum
690 1185 966 1254 provincia
999 1189 1064 1240 ad
1110 1203 1324 1244 omnem
1359 1199 1600 1252 ventum,
1662 1203 1755 1245 seu
1807 1189 1992 1244 mundi

421 1273 697 1342 angulum,
730 1289 932 1344 perque
963 1291 1153 1333 omnes
1187 1280 1436 1348 regiones
1480 1289 1535 1334 et
1573 1281 1736 1334 urbes
1765 1279 1992 1349 dispersi

419 1373 543 1416 sunt
566 1363 608 1422 ⁸.
640 1364 1001 1420 Nihilominus
1029 1369 1372 1424 mediocriter
1401 1371 1578 1424 adhuc
1628 1379 1896 1436 sanctum,
1939 1383 1994 1427 et

423 1454 681 1510 selectum
735 1471 910 1525 genus
953 1470 1293 1523 venerantes,
1349 1475 1469 1529 quae
1507 1469 1756 1529 poterant
1796 1461 1993 1519 offere—

420 1547 570 1608 bant,
600 1555 653 1602 et
687 1551 848 1604 etiam
873 1557 1010 1615 tum,
1037 1567 1344 1622 quanquam
1386 1554 1600 1610 abolitis
1631 1565 1874 1610 veterum
1903 1571 1989 1612 sa-

419 1639 743 1694 crificiorqu
779 1643 1134 1706 caeremoniis,
1187 1659 1394 1700 morem
1450 1647 1611 1700 istum
1667 1648 1990 1704 retinebant.

418 1730 628 1784 Amissa
687 1733 883 1802 quippe
935 1732 1295 1805 Jerosolyma,
1332 1737 1646 1794 sacriﬁcare
1688 1741 1754 1794 de
1795 1752 1992 1796 catero

2105 549 2265 620 ραὴλ,
2297 548 2391 602 καὶ
2417 549 2516 619 τὴν
2551 548 2694 603 κατὰ
2738 548 2901 618 νόμον
2941 547 3219 618 λατρείαν.
3257 546 3680 616 ’Δποκομισθέν-

2101 657 2216 694 των
2235 628 2349 710 ’γὰρ
2384 639 2446 693 τὸ
2481 638 2732 710 τηνικάδε
2781 638 2872 692 διά
2924 655 2984 692 τε
3023 636 3120 692 τοῦ
3169 637 3536 708 Σαλμανασάρ
3584 637 3679 690 καὶ

2101 730 2194 784 τοῦ
2226 729 2660 800 Θεγλαφαλασάρ
2696 731 2776 794 είς
2816 729 3135 800 Ἀσσυρίους
3191 729 3286 782 καὶ
3317 728 3556 797 Μήδους,
3583 729 3678 781 οὐ-

2100 822 2186 876 δὲν
2218 817 2380 894 ἦττον
2429 824 2480 875 οί
2512 823 2732 894 βραχεῖς
2773 823 2868 875 καὶ
2895 822 3162 890 ὀλιγοστοὶ
3191 824 3286 875 καὶ
3329 820 3678 891 περιλελειμ-

2105 915 2255 987 μένοι
2287 914 2394 968 τῶν
2428 914 2486 980 ἐξ
2522 913 2756 985 Ἰσραὴλ,
2786 913 3064 984 προσῆγον
3101 915 3215 974 τοῖς
3249 911 3454 982 ἱερεῦσι
3491 911 3560 965 τὰ
3587 930 3675 966 νε-

2101 1006 2424 1077 νομισμένα,
2446 1008 2557 1068 τοῖς
2591 1005 2730 1060 κατά
2769 1006 2927 1075 χεῖρα
2965 1003 3234 1072 τιμῶντες
3256 1021 3271 1034 ·
3306 1004 3404 1057 καὶ
3431 1003 3534 1056 οὐκ
3565 1002 3668 1068 ἔξω

2099 1097 2207 1151 τῶν
2253 1099 2310 1152 ὲν
2350 1097 2461 1151 ἔθει
2489 1097 2762 1166 γινόμενοι
2794 1094 3093 1158 παντελῶς.
3135 1095 3293 1149 Κατὰ
3323 1094 3415 1148 τὸν
3455 1094 3569 1148 ἴσον
3618 1095 3674 1148 δὲ

2098 1189 2300 1260 τρόπον
2333 1188 2428 1241 καὶ
2462 1190 2521 1242 ἐν
2559 1188 2638 1259 τῷ
2662 1188 2858 1258 λοίσθῳ
2886 1189 3128 1258 πολέμῳ,
3159 1185 3236 1256 τῷ
3267 1188 3360 1240 ἐπὶ
3399 1187 3675 1259 Καίσαρος

2099 1279 2433 1348 Αὐγούστου,
2460 1279 2627 1350 φημὶ,
2662 1277 3106 1350 καταδῃωθείσης
3138 1280 3320 1341 αὐτοῖς
3345 1279 3444 1348 τῆς
3472 1277 3674 1350 χώρας,

2099 1369 2539 1441 ἐσκορπίσθησαν
2572 1370 2671 1438 μὲν
2711 1370 2790 1430 εἰς
2828 1369 3006 1423 πάντα
3041 1369 3262 1439 ἄνεμον,
3300 1370 3394 1422 καὶ
3423 1371 3479 1422 ἐν
3525 1370 3674 1443 πάσῃ

2099 1459 2255 1531 χώρᾳ.
2287 1478 2346 1514 τε
2379 1461 2474 1514 καὶ
2518 1460 2694 1515 πόλει.
2739 1459 2890 1530 Πλὴν
2924 1459 3006 1513 ἔτι
3051 1460 3290 1532 μετρίως
3317 1459 3378 1512 τὸ
3414 1459 3556 1530 ἱερὸν
3582 1463 3676 1520 καὶ

2099 1550 2396 1606 ὰπόλεκτον
2443 1549 2714 1620 τιμῶντες
2741 1549 2920 1619 γένος,
2951 1550 3227 1621 προσῆγον
3259 1549 3328 1605 τὰ
3349 1551 3490 1604 κατά
3515 1550 3674 1604 δύνα-

2103 1659 2214 1710 μιν.
2245 1641 2355 1696 Καὶ
2377 1641 2512 1696 είσὶν
2537 1643 2594 1694 ὲν
2613 1640 2824 1704 τούτοις
2845 1640 2945 1705 ἔτι,
2973 1641 3150 1694 καίτοι
3171 1640 3280 1694 τῶν
3301 1640 3548 1694 παλαιῶν
3575 1641 3672 1694 θυ-

2102 1733 2232 1786 σιῶν
2274 1732 2790 1803 ἀνατετραμμένων.
2850 1731 2996 1797 Ἐξω
3033 1731 3143 1803 γὰρ
3178 1731 3280 1802 τῆς
3321 1731 3677 1804 Ἰερουσαλὴμ

421 1823 570 1878 nefas
620 1833 757 1878 erat.
802 1844 821 1876 ι
865 1826 1160 1881 Comedeut
1197 1829 1378 1899 igitur,
1412 1830 1608 1898 inquit,
1658 1841 1712 1886 et
1748 1848 1855 1886 non
1891 1832 1988 1886 im-

2099 1824 2345 1893 γεγονόσι
2367 1824 2428 1877 τὸ
2456 1823 2602 1878 θύειν
2631 1823 2711 1879 ἔτι
2752 1823 3090 1892 παράνομον.
3125 1841 3145 1874 ι
3181 1823 3448 1890 Φάγονται
3469 1822 3669 1888 τοίνυν,

419 1913 722 1978 plebuntur,
751 1935 770 1968 ι
804 1917 904 1971 hoc
935 1928 1015 1972 est
1041 1934 1234 1988 pauca,
1267 1930 1321 1976 et
1353 1922 1440 1976 vix
1482 1923 1748 1992 accipient
1791 1933 1844 1978 et
1877 1939 1996 1992 quae

419 2006 484 2056 ad
515 2005 818 2060 satietatem
865 2009 1002 2061 haud
1047 2009 1334 2066 sulliciant.
1373 2009 1606 2068 Docetur
1645 2013 1996 2070 nihilominus

418 2096 503 2150 his
534 2097 714 2152 verbis
743 2101 948 2170 antiqui
989 2101 1207 2156 honoris
1253 2103 1465 2158 illorqu
1502 2105 1807 2172 subversio,
1853 2122 1996 2176 prte-

420 2189 694 2258 teritznque
721 2193 1026 2248 securitatis
1052 2195 1292 2249 amissio.
1344 2214 1362 2247 ι
1417 2196 1684 2263 Quoniam
1740 2198 1994 2254 fornicati

416 2294 565 2345 sunt,
602 2283 794 2350 inquit,
842 2299 946 2338 nou
993 2285 1314 2355 dirigentur.
1382 2306 1400 2340 ι
1460 2287 1795 2357 lmpossibilo
1848 2291 1990 2346 enim

413 2381 520 2437 est,
547 2382 606 2428 ut
633 2374 766 2438 dixi,
797 2374 961 2430 Deum
999 2377 1310 2434 deserentes
1340 2378 1466 2447 (hoc
1509 2381 1652 2434 enim
1691 2381 1992 2450 spiritualis

418 2466 704 2522 t'nrnicatio
737 2477 790 2521 et
823 2470 1038 2523 nomine
1062 2480 1116 2523 et
1158 2486 1216 2525 re
1247 2471 1346 2526 sibi
1383 2471 1514 2539 vult)
1549 2481 1642 2527 aut
1673 2473 1738 2527 ad
1768 2475 1994 2529 satieta-

415 2567 521 2612 tem
546 2559 682 2612 bona
713 2561 1051 2628 suppeditata
1084 2561 1471 2628 hubere;aute
1495 2565 1668 2630 ccelis,
1687 2575 1742 2620 et
1759 2566 1993 2636 desuper

415 2650 668 2704 alimenta
704 2664 1076 2719 comportare;
1111 2667 1204 2708 aut
1239 2655 1292 2708 in
1325 2656 1590 2720 consiliis,
1619 2657 1704 2712 vel
1731 2659 1786 2712 in
1823 2660 1994 2714 actio-

414 2745 572 2798 nibus
617 2744 776 2813 dirigi
818 2758 998 2812 posse.
1051 2745 1192 2800 Deus
1239 2749 1384 2802 enim
1435 2748 1676 2802 omnium
1727 2749 1990 2804 bonorum

417 2845 720 2889 nostrorum
767 2845 1116 2893 conservator
1148 2848 1202 2893 et
1234 2845 1432 2894 mentis
1477 2839 1673 2897 nostra:
1719 2844 1990 2913 guberna-

409 2928 590 2982 culum
623 2938 728 2984 est.

485 3104 594 3177 74
630 3106 792 3161 Vsus.
835 3108 924 3162 II.
965 3107 1106 3174 Quia
1154 3108 1440 3164 Dominum
1486 3112 1894 3184 dereliqueruut,
1935 3127 1988 3170 ut

414 3197 737 3251 custodirent
767 3199 1190 3265 fornicationem,
1234 3209 1283 3253 et
1331 3203 1528 3268 uinum,
1584 3213 1631 3258 et
1679 3207 1818 3260 auod
1885 3208 1986 3262 in-

413 3286 624 3342 ebriare
651 3298 837 3356 potest,
867 3291 1088 3356 suscepit
1115 3305 1206 3342 cor
1235 3292 1412 3358 populi
1444 3294 1564 3346 nisi.

488 3377 668 3434 XLIII.
704 3379 803 3435 Ilic
829 3383 1050 3450 exponit
1085 3396 1298 3445 causas,
1338 3398 1508 3451 quare
1533 3399 1706 3456 neque
1734 3387 1988 3444 alimento

415 3471 727 3540 repleantur
776 3477 1110 3538 sacerdotes,
1172 3490 1345 3544 neque
1395 3477 1624 3544 amplius
1666 3479 1984 3550 dirigantur.

413 3563 676 3629 Quoniam
709 3566 850 3620 enim
901 3575 955 3621 et
987 3566 1085 3634 ipsi
1127 3582 1154 3619 a
1205 3567 1431 3622 Domino
1465 3569 1850 3637 discesserunt,
1904 3574 1986 3628 iu-

411 3659 549 3726 quit,
580 3668 634 3712 et
666 3658 904 3730 magistri
941 3674 1060 3712 cum
1093 3659 1395 3729 discipulis,
1429 3677 1550 3716 cum
1574 3663 1802 3719 subditis
1825 3680 1988 3735 penes

412 3765 546 3816 quos
575 3759 832 3820 potestas,
863 3762 917 3804 et
937 3751 1028 3820 qui
1062 3751 1288 3805 aliorum
1315 3755 1479 3810 duces
1505 3765 1661 3809 erant
1688 3757 1989 3826 praccipites

412 3841 652 3907 fuerunt,
701 3843 906 3898 idcirco
944 3843 1180 3898 divinam
1232 3845 1368 3900 iram
1414 3848 1558 3917 juste
1609 3849 1887 3915 subibunt,
1934 3863 1989 3906 et

408 3947 533 4001 quae
559 3933 677 3988 sine
707 3932 813 3988 .‘iue
860 3945 1239 4002 peccaverunt,
1280 3952 1468 3992 eorum
1523 3954 1710 4010 poenas
1757 3943 1990 4000 sustine-

410 4025 564 4079 bunt.
598 4041 618 4076 ι
656 4024 1039 4080 Custodierunt
1060 4029 1204 4081 enim
1237 4027 1668 4096 fornicationem,
1708 4052 1728 4085 ι
1762 4035 1862 4090 hoc
1879 4045 1984 4102 est,

410 4120 725 4190 effecerunt,
747 4131 806 4175 ut
829 4121 1024 4190 quibus
1051 4130 1338 4190 praeerant,
1376 4123 1430 4177 in
1465 4139 1651 4180 errore
1674 4139 1984 4198 manerent;

411 4213 626 4272 tantetsi
659 4213 836 4281 potius
865 4226 987 4266 eum
1031 4211 1264 4279 abjicere
1307 4223 1362 4268 et
1408 4217 1771 4273 exterminare
1820 4220 1986 4276 debe-

2097 1915 2249 1985 φησι,
2291 1913 2382 1968 καὶ
2418 1914 2480 1968 οὐ
2505 1915 2578 1984 μὴ
2601 1912 2976 1984 ὲμπλησθῶσι,
3014 1931 3033 1964 ι
3063 1913 3361 1975 τουτέστιν,
3389 1912 3548 1979 ὀλίγα
3573 1911 3671 1981 λή-

2095 2003 2285 2072 ψονται
2312 2005 2405 2057 καὶ
2435 2003 2609 2074 μόλις,
2649 2002 2744 2056 καὶ
2786 2003 2884 2056 ὃσα
2917 2002 3052 2071 πρὸς
3085 2002 3248 2073 κόρον
3291 2002 3390 2056 οὐκ
3428 2000 3667 2072 ἐξαρκεῖ.

2097 2094 2489 2149 Καταδεικνύει
2522 2095 2578 2148 δὲ
2610 2095 2760 2148 οὐδὲν
2791 2090 2952 2166 ἦττον
2987 2094 3082 2148 καὶ
3111 2095 3268 2147 τοῦτο
3311 2094 3410 2162 τῆς
3436 2093 3673 2163 ἀρχαίας

2095 2187 2274 2242 αὐτῶν
2319 2187 2483 2256 τιμῆς
2511 2185 2610 2257 τὴν
2649 2186 2991 2256 καθαίρεσιν,
3037 2187 3132 2240 καὶ
3162 2185 3263 2255 τῆς
3294 2183 3671 2255 προλαόούσης

2095 2279 2360 2350 εὐθυμίας
2411 2279 2509 2350 τὴν
2563 2278 2858 2346 ἀποϐολήν.
2915 2299 2935 2331 ι
2990 2277 3200 2348 Ἐπειδὴ
3242 2276 3670 2350 πεπορνεύκασι,

2096 2370 2280 2438 φησὶν,
2325 2369 2384 2421 οὐ
2425 2369 2500 2438 μὴ
2545 2367 2998 2421 κατευθυνθῶσιν.
3029 2385 3047 2418 ι
3099 2366 3401 2437 Ἀμήχανον
3427 2365 3560 2436 γὰρ,
3594 2365 3672 2430 ὡς

2094 2462 2252 2532 ἔφην,
2305 2462 2433 2525 τοὺς
2470 2459 2879 2530 ἁποφοιτῶντας
2922 2459 3054 2514 Θεοῦ
3109 2459 3288 2530 (τοῦτο
3319 2458 3449 2530 γὰρ,
3492 2455 3668 2530 οἶμαι,

2095 2557 2186 2608 ἐπὶ
2206 2555 2266 2610 τὸ
2293 2554 2397 2624 τῆς
2433 2557 2630 2625 νοητῆς
2659 2553 2914 2624 πορνείας
2947 2553 3118 2623 ὄνομά
3139 2569 3197 2606 τε
3229 2552 3324 2608 καὶ
3355 2552 3568 2622 χρῆμα)
3590 2591 3604 2613 .
3633 2552 3671 2622 ἢ

2093 2649 2172 2709 εἰς
2218 2645 2380 2716 κόρον
2409 2644 2552 2715 ἔχειν
2572 2644 2670 2716 τὴν
2696 2644 2805 2698 τῶν
2831 2643 3050 2712 ἀγαθῶν
3069 2644 3357 2714 χορηγίαν,
3382 2644 3551 2713 ήγουν
3580 2642 3671 2696 δύο

2092 2737 2288 2792 νασθαι
2334 2736 2433 2800 τὰς
2478 2736 2537 2802 ἐξ
2567 2733 2814 2806 οὐρανῶν
2862 2734 2956 2790 καὶ¹
2994 2733 3200 2792 ἄνωθεν
3240 2730 3671 2802 συγκομίζεσθαι

2091 2829 2316 2900 τροφὰς,
2341 2828 2374 2899 ἢ
2398 2830 2457 2885 ὲν
2488 2827 2723 2898 βουλαῖς,
2752 2827 2785 2901 ἢ
2811 2828 2868 2879 ἐν
2901 2825 3191 2896 πράγμασι
3224 2821 3668 2885 κατενθύνεσθαι.

2091 2924 2223 2987 Θεὸς
2278 2923 2386 2997 γάρ
2440 2924 2587 2976 ἐστιν
2615 2924 2644 2974 ὁ
2677 2918 2877 2982 παντὸς
2927 2919 3057 2989 ἡμῖν
3091 2915 3295 2986 ἀγαθοῦ
3335 2914 3545 2988 Σωτὴρ,
3577 2914 3672 2970 καὶ

2091 3015 2190 3086 τῆς
2210 3014 2374 3087 οὔσης
2399 3017 2455 3069 ὲν
2493 3015 2624 3085 ἡμῖν
2649 3011 2886 3074 διανοίας
2909 3011 2972 3066 τὸ
3001 3010 3280 3080 πηδάλιον.

2163 3109 2318 3160 Διότι
2368 3106 2476 3164 τὸν
2532 3106 2750 3174 Κύριον
2800 3103 3214 3173 ἐγκατέλιπον,
3263 3099 3370 3156 τοῦ
3405 3099 3671 3170 φυλάξαι

2090 3198 2396 3266 πορνείαν,
2431 3197 2531 3252 καί
2565 3195 2752 3263 οἶνον,
2795 3197 2892 3253 καὶ
2923 3195 3208 3265 μέθυσμα
3239 3193 3488 3260 ἐδέξατο
3531 3211 3672 3262 xop-

2089 3290 2188 3346 δία
2219 3291 2374 3346 λαοῦ
2389 3308 2532 3359 μου.

2161 3382 2407 3445 ΜΓ’.Τὰ;
2430 3382 2609 3446 αἰτίας
2631 3381 2817 3436 ὲνθάοε
2843 3379 3104 3451 φησὶ,τοῧ
3125 3381 3263 3452 μήτε
3287 3380 3492 3452 τροφῆς
3509 3380 3673 3452 ἐμπί-

2089 3474 2347 3537 πλασθαι,
2386 3475 2524 3546 μήτε
2567 3473 2673 3546 μὴν
2721 3473 2800 3527 ἔτι
2840 3473 3268 3530 κατευθύνεσθαι
3300 3475 3427 3536 τοὺς
3467 3473 3676 3544 ἱερουρ-

2088 3565 2238 3633 γούς.
2281 3564 2498 3634 Ἐπειδὴ
2545 3564 2653 3635 γὰρ
2687 3563 2987 3635 ἀπῲχοντο,
3045 3563 3197 3635 φησὶ,
3233 3565 3327 3620 καὶ⁸
3375 3565 3531 3623 αὐτοὶ
3576 3565 3673 3618 τοῦ

2089 3657 2318 3727 Κυρίου,
2377 3658 2472 3710 καὶ
2530 3655 2936 3711 συναπώλισθον
2990 3658 3104 3719 τοῖς
3161 3655 3570 3728 παιδευομένοις
3619 3659 3671 3711 οἱ

2089 3748 2394 3811 παιδευταί,
2430 3751 2542 3812 τοῖς
2569 3748 2672 3802 ὑπὸ
2707 3751 2864 3819 χεῖρα
2917 3749 3010 3803 καὶ
3057 3748 3304 3813 ἐξουσίαν
3332 3750 3381 3808 οἱ
3414 3752 3673 3820 καθηγεῖ-

2090 3840 2210 3894 σθαι
2231 3841 2505 3912 λαχόντες,
2544 3840 2800 3911 ταύτῃτοι
2840 3840 3063 3904 δικαίως
3107 3841 3210 3895 ὑπὸ
3267 3839 3416 3898 θείαν
3457 3842 3672 3900 ἔσονται

2093 3935 2342 4007 μήνισιν,
2377 3935 2472 3990 καὶ
2515 3935 2672 3997 δίκας
2713 3934 2968 4004 ὑφέξουσι
3011 3935 3118 3988 τῶν
3161 3935 3553 4006 ἁκαταλήκτως
3589 3935 3671 3989 δι-

2089 4028 2486 4098 επταισμένων.
2522 4046 2540 4081 ι
2568 4029 2918 4097 Τετηρήκασι
2966 4028 3076 4099 γὰρ
3122 4029 3398 4099 πορνείαν,
3462 4048 3481 4080 ι
3516 4045 3671 4082 τουτ-

2086 4121 2227 4181 έστι,
2272 4118 2541 4183 σώζεσθαι
2591 4119 3012 4190 παρεσκεύασαν
3066 4123 3180 4183 τοῖς
3209 4121 3317 4176 ὑπὸ
3359 4122 3521 4191 χεῖρα
3569 4119 3670 4188 τὴν

2088 4212 2374 4274 πλάνησιν,
2407 4211 2584 4266 καίτοι
2613 4210 2812 4281 μᾶλλον
2848 4212 3019 4283 αὐτὴν
3043 4211 3108 4264 ἐκ
3132 4213 3298 4283 μέσου
3321 4211 3670 4285 διαρρίπτειν

411 4306 560 4358 baut.
605 4303 983 4373 Magistrorum
1029 4304 1170 4358 enim
1202 4305 1490 4374 vigilantia:
1514 4318 1614 4373 est,
1668 4311 1910 4367 studiose
1955 4329 1987 4369 e

2093 4301 2182 4354 καὶ
2220 4301 2508 4370 ἀφανίζειν
2546 4301 2872 4370 ὀφείλοντες.
2919 4304 3264 4360 Διδασκάλων
3324 4304 3434 4376 γὰρ
3482 4302 3666 4373 νῆψις,

411 4399 586 4452 medio
624 4413 899 4452 removere
934 4398 1074 4466 quod
1117 4397 1312 4468 populo
1359 4398 1534 4464 obest,
1569 4410 1624 4455 et
1657 4404 1798 4471 quod
1850 4406 1986 4462 Deus

2093 4393 2147 4446 τὺ
2199 4393 2364 4456 λαοὺς
2395 4392 2616 4447 ἀδικοῦν
2655 4396 2719 4446 ὲκ
2751 4395 2918 4464 μέσου
2960 4395 3230 4450 ποιεῖσθαι
3278 4394 3365 4449 διὰ
3407 4395 3666 4466 σπουδῆς.

408 4491 542 4553 odit,
571 4489 688 4544 sine
714 4505 864 4544 mora
895 4489 1100 4544 tollere.
1137 4489 1291 4556 Quod
1326 4490 1370 4545 si
1399 4489 1576 4547 facere
1600 4493 1980 4563 abhorrentes,

2093 4487 2180 4538 καὶ
2213 4484 2290 4553 τῷ
2316 4484 2435 4555 Θεῷ
2464 4485 2732 4556 στυγητὸν
2769 4485 3036 4557 ἀμελλητὶ
3068 4485 3490 4557 καταστρέφειν.
3518 4487 3581 4540 Εἰ
3609 4486 3667 4538 δὲ

409 4596 631 4637 manere
657 4581 1073 4652 quodammodo,
1107 4589 1162 4634 et
1194 4579 1412 4636 retineri
1441 4595 1604 4648 opera
1630 4585 1834 4639 erroris
1858 4600 1982 4653 per-

409 4675 666 4740 mittunt,
720 4674 828 4728 imo
879 4680 1065 4728 contra
1123 4674 1300 4742 potius
1351 4674 1693 4739 confirmant,
1749 4684 1879 4732 tunc
1926 4686 1984 4733 et

411 4781 564 4820 mens
597 4780 784 4820 eorum
809 4765 898 4834 qui
927 4765 1264 4830 erudiuntur,
1299 4775 1553 4834 tanquam
1588 4767 1769 4821 viuum
1797 4779 1850 4821 et
1903 4771 1985 4822 iu-

407 4858 808 4914 ebriamentum
835 4857 1056 4910 omnino
1077 4856 1513 4926 suscipiet.Uude
1540 4859 1704 4925 enim,
1737 4870 1829 4912 aut
1850 4875 1984 4930 quo-

410 4950 570 5006 modo
615 4949 912 5018 vigilabunt
959 4947 1234 5017 discipuli,
1285 4951 1586 5018 mentisque
1645 4951 1860 5004 oculum
1913 4953 1980 5008 ad

409 5056 536 5096 vere
563 5048 616 5093 et
644 5048 833 5093 natura
869 5038 1038 5093 Deum
1085 5040 1350 5109 aperient,
1395 5041 1439 5093 si
1480 5055 1573 5095 eos
1619 5041 1889 5113 paedagogi
1929 5053 1984 5097 ct

408 5133 824 5189 conducibiliqu
860 5131 1110 5186 doctores
1147 5133 1322 5184 adhuc
1351 5131 1418 5186 ad
1451 5147 1688 5185 errorem
1726 5135 1984 5188 corrobo-

411 5229 562 5281 rant?
601 5229 664 5280 Et
689 5227 793 5280 hoc
818 5235 921 5290 est,
961 5225 1014 5279 ni
1052 5223 1227 5286 fallor,
1260 5223 1404 5291 quod
1445 5223 1582 5293 apud
1635 5224 1796 5278 alium
1851 5241 1980 5294 pro-

409 5319 622 5386 phetam
665 5317 890 5387 legimus
920 5330 936 5369 :
987 5333 1006 5367 ι
1038 5313 1362 5369 Sacerdotes
1397 5330 1500 5368 non
1547 5315 1798 5370 dixerunt
1827 5333 1840 5368 :
1877 5317 1977 5373 Ubi

406 5419 489 5462 est
520 5409 814 5463 Dominus?
845 5419 898 5462 et
923 5409 1013 5478 qui
1043 5408 1393 5461 adhaerebant
1419 5405 1519 5476 legi
1552 5422 1703 5470 meae,
1733 5424 1836 5464 nou
1864 5423 1982 5463 crc-

407 5498 661 5552 tlidcruut
690 5499 744 5552 in
778 5514 885 5567 me,
930 5509 986 5554 et
1027 5508 1272 5568 pastores
1307 5499 1468 5568 impie
1510 5509 1735 5569 egerunt
1773 5500 1824 5554 in
1872 5515 1978 5567 me,

406 5601 462 5645 ct
497 5592 767 5661 prophetae
792 5594 1184 5664 prophetabant
1239 5592 1361 5647 Baal
1404 5595 1459 5661 9;
1517 5613 1533 5647 ι
1592 5603 1646 5650 ct
1693 5609 1903 5650 rursum
1963 5613 1976 5650 :

482 5771 504 5801 ⁸
531 5768 695 5827 Zacb.
735 5787 796 5836 Il,
825 5773 874 5824 6.
952 5767 1104 5826 9Jcr.
1144 5786 1201 5836 ll,
1245 5769 1292 5823 8.

2083 4577 2148 4649 δὴ
2190 4577 2346 4632 τοῦτο
2391 4578 2526 4650 δρᾷν
2558 4579 2662 4631 οὐκ
2717 4579 3055 4650 ἀνεχόμενοι,
3105 4581 3286 4650 μένειν
3330 4579 3520 4652 ὥσπερ
3573 4581 3668 4633 καὶ

2085 4669 2357 4732 σώζεσθαι
2397 4671 2496 4741 τῆς
2527 4670 2848 4743 πλανήσεως
2881 4671 3018 4744 ἔργα
3064 4670 3440 4742 συγχωροῦσιν
3488 4673 3664 4739 αὐτοὶ,

2088 4762 2289 4833 μᾶλλον
2315 4763 2372 4817 δὲ
2399 4765 2496 4818 καὶ
2536 4765 2861 4821 συνιστῶσιν
2889 4770 2953 4822 ἐκ
2977 4767 3085 4820 τῶν
3122 4767 3399 4832 ἐναντίων,
3429 4769 3492 4821 τὸ
3518 4785 3668 4839 τηνι-

2083 4854 2213 4907 κάδε
2238 4855 2302 4927 δὴ
2338 4855 2557 4919 πάντως
2588 4853 2730 4910 οίνον
2764 4856 2952 4928 ὥσπερ
2995 4875 3046 4910 τι
3096 4858 3187 4911 καὶ
3221 4857 3480 4929 μέθυσμα
3521 4859 3616 4912 καὶ
3637 4860 3667 4911 ὀ

2083 4948 2192 5002 τῶν
2216 4949 2746 5020 παιδαγωγουμένων
2783 4949 3087 5014 είσδέξεται
3124 4949 3248 5011 νοῦς
3273 4965 3287 4978 ’
3322 4949 3496 5003 Πόθεν
3533 4949 3664 5022 γὰρ,

2085 5041 2116 5111 ἢ
2159 5040 2276 5105 πῶς
2302 5041 2368 5095 ἂν
2392 5042 2548 5111 ἔσχον
2576 5043 2767 5113 νήφειν
2797 5043 2849 5096 οἱ
2873 5041 3132 5113 μαθηταὶ,
3165 5044 3261 5098 κα)⁸
3302 5042 3666 5111 διανοιγνύναι

2086 5131 2347 5186 δύνασθαι
2392 5135 2492 5202 τῆς
2524 5133 2766 5197 διανοίας
2795 5133 2886 5187 τὸν
2915 5134 3190 5205 ὀφθαλμὸν
3235 5134 3372 5205 πρὸς
3401 5135 3494 5188 τὸν
3541 5133 3666 5205 ἀλη-

2086 5221 2194 5284 θῶς
2251 5223 2344 5275 καὶ
2397 5223 2555 5292 φύσει
2593 5223 2746 5288 Θεὸν,
2797 5225 2958 5295 εἰπερ
2990 5225 3187 5289 αὐτοὺς
3224 5227 3276 5278 oi
3308 5225 3661 5293 παιδαγωγοὶ,

2087 5315 2179 5366 καὶ
2194 5314 2302 5366 τῶν
2323 5314 2710 5386 συμφερόντων
2732 5317 3022 5386 εἰσηγηταὶ
3044 5317 3139 5370 καὶ
3163 5317 3638 5391 προσεμπαιδεύου

2088 5423 2172 5458 σιν
2201 5407 2281 5459 ἔτι
2329 5405 2466 5477 πρὸς
2499 5406 2561 5458 τὸ
2608 5407 2912 5462 πλανᾶσθαι
2945 5407 3089 5472 δείν;
3121 5409 3230 5462 Καὶ
3270 5409 3446 5474 τοῦτο,
3485 5405 3662 5480 οἶμαι,

2086 5500 2204 5553 ἐστὶ
2225 5500 2286 5552 τὸ
2317 5499 2385 5553 δι’
2427 5500 2616 5572 ἐτέρου
2655 5503 2935 5571 προφήτου
2973 5504 3160 5571 σαφῶς
3205 5503 3514 5574 εἰρημένονο
3547 5521 3566 5554 ι
3599 5505 3661 5558 Οἱ

2091 5593 2254 5664 ἱερεῖς
2279 5594 2377 5647 οὐκ
2401 5589 2582 5648 εἶπανο
2618 5592 2726 5647 Ποῦ
2751 5593 2864 5648 ἔστι
2892 5595 3127 5666 Κύριος;
3152 5596 3260 5649 Καὶ
3289 5597 3338 5650 oi
3369 5595 3663 5667 ἀντεχόμε-

4001 5855 4016 5940 ι
