4046 6376
401 392 496 447 129

1303 393 1860 448 COMMENTARIUS
1902 390 1968 446 ΙΝ
2011 391 2242 446 OSEAM
2283 391 2728 450 PROPHETAM.

3558 405 3660 459 139

397 533 471 569 νοι
503 513 598 568 τοῦ
627 515 793 588 νόμου
826 532 928 587 μου
956 515 1056 570 οὐκ
1090 517 1390 586 ἠπίσταντό
1409 540 1494 592 με.
1519 524 1629 578 Καὶ
1653 527 1701 577 οἱ
1731 523 1966 595 ποιμένει

2093 541 2111 574 ι
2153 523 2272 578 Filii
2316 528 2442 591 mei,
2474 537 2528 582 et
2556 543 2683 585 oves
2731 545 2862 586 meae
2904 546 3010 587 non
3055 542 3203 599 sunt,
3256 550 3362 592 non
3393 541 3476 592 est
3507 534 3658 588 locus

398 608 668 679 ὴσὲὁησαν
694 611 775 672 είς
803 609 923 679 ὲμέ·
961 609 1057 661 καὶ
1103 610 1152 660 οἱ
1188 613 1464 682 προφῆται
1509 616 1881 686 προεφήτευον
1907 617 1974 686 τῇ

351 777 354 781 ι
395 699 557 754 Βάαλ.
585 719 605 752 ι
640 695 749 754 Καὶ
783 702 980 754 πάλινο
1019 721 1037 753 ι
1076 704 1138 755 Οἱ
1182 704 1287 756 υἱοί
1336 722 1439 775 μου
1490 709 1586 759 καὶ
1617 709 1685 759 τὰ
1725 708 1976 778 πρόϐατά

393 808 492 861 μου
519 792 621 844 οὐκ
646 791 804 856 εἰσὶν,
830 791 929 844 οὐκ
961 792 1076 844 ἔστι
1106 792 1267 856 τόπος
1295 794 1396 864 τῆς
1430 797 1633 868 σκηνῆς
1662 814 1786 866 μου,
1815 798 1977 860 τόπος

391 881 496 933 τῶν
524 881 757 954 δέρῤεὼν
785 900 907 954 μου.
943 884 1064 936 Ὅτι
1111 886 1370 955 ποιμένες
1409 889 1834 959 ἡφρονεύσαντο,
1881 895 1976 947 καὶ
2014 897 2104 952 τὸν
2140 899 2350 970 Κύριον
2411 903 2512 956 οὐκ
2574 902 2697 968 ὲξεζ

391 977 542 1028 πᾶσα
567 976 598 1043 ἡ
627 973 785 1045 νομὴ,
823 975 918 1028 καὶ
939 976 1459 1050 διεσκορπίσθησαν.
1493 997 1513 1030 ι

475 1108 567 1160 Ἐν
597 1108 924 1196 συμϐόλοις
949 1111 1288 1179 ἐπηρώτων,
1338 1114 1440 1168 καὶ
1475 1115 1546 1168 ἐν
1583 1117 1832 1184 ῥάϐδοις
1876 1119 1977 1171 αὺ-

395 1196 510 1251 τῶν
535 1197 927 1270 ἀπήγγελλον
941 1203 1121 1269 αὐτῷ.

457 1333 588 1388 MA'.
627 1336 759 1391 Τίνα
803 1339 1004 1410 τρόπον
1037 1342 1460 1396 καταλελοίπασι
1492 1344 1591 1413 μὲν
1620 1343 1712 1396 τὸν
1742 1345 1967 1417 Κύριον,

377 1428 720 1496 ’τετηρήκασι
771 1428 828 1482 δὲ
883 1431 982 1501 τὴν
1024 1434 1308 1503 πορνείαν,
1345 1435 1668 1506 καθίστησιν
1712 1438 1967 1508 ἐναργές.

377 1517 727 1588 Συνθελητὴν
769 1519 876 1592 γὰρ
893 1525 1005 1585 τοῖς
1025 1523 1401 1594 πλανωμένοις
1423 1527 1714 1596 ἀποφαίνει
1732 1529 1822 1581 τὸν
1843 1547 1972 1582 παιο

375 1610 577 1681 εευτήν
595 1629 609 1641 ·
635 1613 729 1665 καὶ
747 1612 842 1678 οὓς
865 1610 932 1685 ἦν
955 1617 1122 1680 εἰκὸς,
1145 1618 1344 1688 μᾶλλον
1363 1620 1418 1672 δὲ
1442 1621 1539 1691 ήδη
1559 1621 1650 1672 καὶ
1673 1622 1969 1689 ἀναγκαῖον

385 1702 498 1765 τοῖς
525 1701 690 1767 θείοις
726 1704 956 1758 ἕπεσθαι
976 1708 1181 1778 νόμοις,
1213 1712 1304 1763 καὶ
1327 1711 1682 1781 ἀποκομίζειν
1704 1716 1784 1774 εἰς
1810 1713 1968 1766 τοῦτο

2089 622 2301 674 lcntorii
2338 625 2463 688 tnci,
2501 623 2650 679 locus
2674 626 2888 693 pellium
2930 643 3202 696 mearum;
3241 633 3366 701 quia
3413 639 3661 700 pastores

2084 713 2247 767 stulte
2275 726 2521 784 egerunt,
2551 725 2606 769 et
2637 717 2918 773 Dominum
2949 736 3054 775 non
3087 723 3479 792 exquisierunt.
3522 719 3658 774 Pro-

2085 814 2203 874 pter
2219 806 2319 859 hoc
2333 823 2436 861 non
2453 808 2898 865 intellexitonmis
2915 829 3066 883 grex,
3086 824 3139 869 et
3154 815 3382 885 dispersi
3399 824 3526 868 sunt
3543 813 3607 866 ¹⁰.
3632 829 3653 863 ι

2697 905 2925 976 ήτησαν.
2975 907 3076 962 Διὰ
3110 909 3268 963 τοῦτο
3317 909 3416 963 οὐκ
3469 906 3658 977 ἐνόησε

2799 985 2832 1017 d-

2154 1121 2320 1180 νεεδ.
2353 1126 2438 1180 12.
2473 1126 2539 1180 In
2571 1130 2820 1199 symbolis
2858 1133 3270 1203 interrogabam,
3311 1144 3359 1188 et
3396 1136 3448 1189 in
3496 1137 3655 1206 virgis

2076 1221 2188 1270 suis
2215 1220 2602 1275 anmmliabant
2633 1224 2694 1277 ei-

2153 1349 2341 1403 XLIV.
2374 1351 2620 1418 Quonam
2653 1363 2813 1407 mouo
2845 1352 3130 1409 Dommum
3173 1355 3506 1424 reliquerint,
3541 1357 3653 1414 for-

2073 1443 2398 1498 nitationem
2449 1457 2628 1499 autem
2673 1448 3046 1512 custodierint,
3079 1448 3363 1504 manifeste
3395 1452 3650 1506 ostendit.

2078 1533 2460 1590 lnstitutorem'
2482 1538 2626 1592 enim
2659 1555 2778 1593 cum
2813 1540 3048 1594 seductis
3089 1541 3430 1611 conspirasse
3474 1543 3651 1597 docet.

2074 1624 2140 1680 Et
2166 1641 2302 1695 quos
2331 1641 2776 1694 constentaneum,
2808 1630 2892 1684 vel
2932 1631 3108 1697 potius
3135 1634 3503 1687 necessarium
3536 1646 3653 1688 erat

2075 1718 2285 1773 divinas
2321 1719 2464 1790 leges
2505 1722 2684 1789 sequi,
2728 1730 2782 1775 et
2813 1736 2879 1776 eo
2907 1721 3178 1789 subjectos
3207 1725 3494 1790 adducere,
3530 1725 3651 1788 hos,

383 1794 510 1857 τοὺς
536 1794 996 1866 ὑπεζευγμένους,
1013 1799 1255 1866 τούτους,
1273 1801 1348 1865 ὼς
1371 1801 1527 1869 ἔφην,
1549 1803 1617 1856 τὰ
1639 1803 1737 1872 τῆς
1760 1803 1966 1870 πλάνης

2073 1820 2130 1864 ιιι
2155 1813 2284 1878 dixi,
2317 1813 2648 1867 seductionis
2675 1813 2882 1882 piacula
2923 1815 3264 1869 committere
3301 1817 3517 1884 planum
3569 1814 3650 1869 fa-

377 1885 723 1956 πληροῦντας
767 1889 1098 1962 ἐγκλήματα
1133 1891 1402 1947 δείκνυσιν
1450 1895 1717 1967 ἐναργῶς.
1761 1897 1968 1968 ’ᾙεσαν

386 1975 482 2043 μὲν
538 1976 648 2048 γάρ
678 1978 813 2049 πρὸς
849 1979 1046 2044 αὐτούς
1092 1997 1258 2048 τινες,
1319 1985 1611 2054 μανθάνειν
1665 1985 1961 2053 ἐθέλοντες,

381 2066 694 2138 φησὶν,ἥτοι
717 2070 784 2123 τὰ
815 2072 1048 2142 ἐσόμενα
1063 2074 1246 2144 τυχὸν,
1274 2075 1439 2144 ἤγουν
1464 2075 1532 2128 τὰ
1566 2076 1685 2130 καθ’
1717 2079 1964 2143 ἑαυτοὺς,

377 2158 478 2210 καὶ
502 2160 559 2211 ἐν
587 2157 670 2222 οἷς
697 2160 763 2213 ἂν
791 2158 903 2214 εἷεν
929 2165 1167 2233 καιροῖς,
1199 2165 1232 2234 ἢ
1267 2166 1606 2235 πράγμασιν.
1649 2169 1713 2219 Οἱ
1749 2169 1804 2220 δὲ
1843 2170 1968 2232 τοὺς

375 2251 704 2321 προσιόντας
742 2254 934 2319 αὐτοῖς
976 2257 1160 2309 οὐκέτι
1184 2258 1335 2328 παρὰ
1363 2259 1497 2310 Θεοῦ
1536 2259 1603 2313 τὰ
1632 2261 1808 2314 τοιάδε
1846 2261 1968 2331 βού-

384 2343 565 2396 λεσθαι
597 2345 777 2416 ζητεῖν
795 2347 1187 2413 δυσσεὸοὖντες
1221 2349 1525 2411 ἀνέπειθον,
1548 2351 1664 2404 ἀλλ’
1688 2355 1744 2404 ἐν
1766 2369 1828 2405 συ
1839 2353 1969 2423 p.66-

387 2434 500 2498 λοις
565 2436 887 2507 ἐπηρώτων,
923 2439 1191 2504 τουτέστι,
1238 2441 1326 2495 διὰ
1371 2444 1616 2513 σημείων
1668 2445 1830 2498 τινῶν
1872 2447 1968 2500 καὶ

375 2528 758 2597 ἐπιτηρήσεων
780 2530 935 2600 ’παρὰ
967 2530 1074 2584 τῶν
1101 2531 1430 2603 ἀκαθάρτων
1461 2536 1788 2604 πνευμάτων
1829 2553 1967 2606 μαν-

381 2615 562 2672 θάνειν
596 2619 840 2691 ἐζήτουν.
884 2622 1154 2694 Καθάπερ
1179 2624 1372 2693 ἀμέλει
1407 2626 1499 2678 καὶ
1535 2627 1760 2698 Βαλαὰμ
1800 2645 1965 2682 κατα-

383 2709 738 2778 μαντεύεσθαί
776 2729 905 2767 ποτε
955 2715 1065 2769 τῶν
1110 2718 1167 2782 ἐξ
1209 2716 1424 2788 Ἰσραὴλ
1469 2719 1776 2789 ἐπεχείρειο
1811 2721 1968 2775 τοῦτο

385 2801 490 2869 γὰρ
515 2802 730 2856 ἐκέλευε
757 2804 891 2875 δρᾷν
923 2805 1108 2860 Βαλὰκ
1139 2794 1252 2870 υἱὸς
1276 2807 1451 2879 Βεὼρ.
1481 2809 1541 2861 Ὀ
1567 2810 1642 2876 δὲ,
1686 2831 1703 2862 ι
1738 2813 1968 2883 Ποίησόν

384 2909 494 2962 μοι,
536 2912 554 2946 ι
596 2895 778 2966 φησὶν,
821 2916 840 2948 ι
875 2890 977 2950 ὧδε
1002 2899 1162 2952 eme
1207 2899 1449 2971 βωμοὺς,
1497 2903 1594 2954 καὶ
1638 2905 1842 2973 σφάξον
1878 2921 1968 2975 μοι

377 2985 520 3038 δὲπτὰ
582 2987 836 3058 μόσχους,
895 2991 990 3044 καὶ
1032 2992 1175 3045 ἑπτὰ
1217 2994 1427 3064 κριοὺς,
1478 2997 1574 3048 καὶ
1625 2996 1967 3066 πορεύσομαι

385 3075 664 3130 κατέναντι
687 3078 797 3131 τῶν
827 3080 1054 3136 οἰωνῶν.
1091 3101 1111 3134 ι
1145 3084 1215 3136 Ἢ
1238 3085 1348 3156 γὰρ
1379 3087 1508 3148 τοὺς
1553 3088 1801 3157 καρποὺς
1843 3088 1968 3151 τοὺς

2075 1903 2167 1957 cit.
2199 1901 2377 1956 lerant
2408 1905 2550 1957 enim
2581 1907 2720 1972 apud
2752 1921 2845 1960 eos
2875 1905 3114 1974 quidam,
3153 1907 3348 1976 inquit,
3389 1917 3650 1961 eventura

2077 1997 2324 2060 fortasse,
2351 1996 2455 2066 75
2488 2007 2578 2050 aut
2607 1997 2707 2052 sibi
2737 1997 2912 2051 futura
2943 1998 3184 2052 volentes
3208 2013 3559 2068 cognoscere,
3597 2009 3652 2052 et

2075 2085 2128 2140 in
2165 2102 2284 2154 quae
2316 2097 2581 2156 tempora,
2616 2097 2706 2141 aut
2758 2103 2934 2141 rerum
2979 2097 3174 2142 statum
3223 2089 3476 2142 devenire
3523 2104 3649 2156 pos-

2073 2187 2214 2233 sent.
2248 2179 2325 2232 llli
2357 2192 2486 2232 vero
2517 2180 2582 2232 ad
2619 2195 2676 2233 se
2706 2179 3026 2233 adeuntibus
3071 2193 3173 2232 non
3216 2177 3347 2245 jam,
3371 2187 3431 2232 ut
3472 2194 3501 2232 a
3541 2179 3650 2232 Deo

2075 2268 2380 2334 hujus-modi
2429 2270 2800 2337 exquirerent,
2848 2270 3013 2340 impie
3060 2270 3393 2337 suadebant;
3457 2271 3550 2324 sed
3597 2271 3651 2323 in

2075 2359 2336 2430 symbolis
2366 2360 2793 2428 interrogabant,
2831 2361 2932 2414 hoc
2964 2368 3065 2423 est,
3101 2374 3198 2429 per
3223 2359 3374 2429 signa
3405 2359 3650 2428 quaedam

2073 2462 2128 2506 et
2151 2451 2561 2506 observationes
2593 2451 2661 2505 ab
2689 2451 2914 2519 impuris
2948 2451 3227 2519 spiritibus
3256 2451 3464 2504 discere
3487 2465 3650 2505 cona-

2074 2544 2303 2604 bantur;
2331 2540 2470 2595 sicut
2495 2549 2548 2594 et
2574 2539 2790 2594 Balaam
2820 2541 3108 2609 aliquando
3155 2543 3440 2595 adversum
3484 2541 3648 2596 Israel

2075 2633 2388 2688 vaticinium
2446 2632 2723 2694 tentabal;
2779 2634 2828 2686 id
2872 2635 3017 2687 enim
3074 2633 3253 2688 facere
3298 2633 3461 2688 Balac
3508 2633 3650 2686 ﬁlius

2074 2723 2210 2777 Beor
2239 2724 2526 2794 jubebot.¢
2564 2723 2820 2787 Exstrue,
2870 2725 3065 2793 inquit,
3123 2726 3251 2780 mihi
3305 2727 3394 2781 hic
3443 2736 3650 2795 septem

2074 2829 2220 2877 aras,
2251 2825 2302 2869 et
2339 2826 2512 2868 macta
2543 2817 2669 2870 mihi
2695 2826 2898 2884 septem
2927 2816 3151 2881 vitulos,
3177 2827 3231 2872 et
3273 2828 3478 2884 septem
3511 2819 3650 2872 arie-

2074 2913 2175 2970 tes,
2212 2915 2267 2961 et
2295 2906 2522 2975 captabo
2555 2908 2837 2976 augurium
2881 2909 2947 2961 “.
2985 2927 3006 2961 ι
3055 2909 3164 2962 Aut
3209 2910 3352 2962 enim
3394 2908 3577 2978 fruges
3618 2926 3650 2963 e

2072 2999 2246 3052 sacris
2273 2996 2404 3051 focis
2433 2998 2745 3052 exsilientes
2791 2999 3230 3063 considerabant,
3276 3014 3384 3069 quo
3422 3009 3478 3054 et
3513 3014 3651 3068 quo-

2077 3090 2235 3144 uodo
2268 3089 2604 3158 prosilirent;
2652 3099 2743 3142 aut
2789 3089 3172 3160 palpitationes
3222 3091 3482 3161 jecinoris
3527 3107 3650 3160 spe-

374 3168 445 3220 ἰιι
506 3167 614 3221 τῶν
676 3169 877 3223 θυσιῶν
941 3172 1394 3243 άναθρώσκοντας
1473 3175 1966 3236 κατασκέπτονται.

2073 3179 2394 3234 culabantur
2423 3181 2641 3245 miseri;
2683 3192 2777 3235 aut
2809 3192 2958 3237 certe
2987 3183 3196 3238 volatus
3225 3186 3403 3238 avium
3437 3186 3652 3239 curiose

382 3259 487 3330 ὅπη
509 3277 566 3313 τε
589 3261 686 3314 καὶ
707 3265 878 3327 ὅπως,
909 3264 1045 3334 ὑψοῦ
1077 3281 1136 3318 τε
1165 3268 1258 3320 καὶ
1285 3267 1395 3321 ἄνω
1415 3268 1726 3322 διάττουσιν
1743 3283 1756 3296 ⁸
1783 3269 1816 3336 ἢ
1844 3271 1969 3332 τοὺς

383 3350 438 3402 ὲν
488 3353 660 3420 ἥπατι
747 3355 1099 3426 σφαδασμοὺς
1156 3359 1549 3430 ’περιαθροῦσιν
1603 3362 1653 3412 οἱ
1711 3361 1964 3414 δείλαιον

378 3445 546 3516 ἢγουν
577 3448 675 3510 τὰς
713 3448 771 3514 ἐξ
808 3449 1498 3522 οίωνῶνιπεριεργάζονται
1539 3455 1787 3525 πτήσεις.
1832 3455 1970 3507 Οἰω-

383 3539 773 3602 νοσκοπίαιιδὲ,
809 3542 904 3594 καὶ
948 3543 1204 3614 μαντικὴ,
1261 3545 1358 3596 καὶ
1410 3545 1589 3598 τοιάδε
1640 3545 1749 3598 τῶν
1781 3544 1968 3598 κακῶν

381 3629 480 3698 τῆς
503 3631 585 3692 εἰς
614 3630 769 3700 λῆξιν
791 3633 1030 3705 ἡκούσης
1063 3634 1388 3697 δυσσεϐείας
1411 3635 1578 3706 ὲγκλή
1588 3653 1754 3705 ματα,
1779 3637 1875 3688 καὶ
1904 3638 1962 3690 ὲν

369 3723 492 3785 ’τοῖς
520 3723 854 3788 amomi-tor;
877 3725 977 3796 τῆς
1010 3726 1453 3797 εἰδωλολατρείας
1475 3727 1725 3797 ἔρχονται
1749 3730 1958 3797 μυχοῖς.

387 3833 406 3865 ι
446 3815 557 3868 Καὶ
589 3817 646 3868 ὲν
673 3817 890 3886 ῥάϐδοις
914 3819 1093 3872 αὐτῶν
1125 3819 1469 3891 ἀπήγγελλον
1495 3821 1664 3888 αὐτῷ.
1693 3839 1710 3871 ι
1761 3822 1970 3889 Ἀφικο-

387 3905 590 3976 μένοις,
613 3909 768 3980 φησὶ,
797 3908 1148 3979 πρδςαύτοὺς
1172 3913 1285 3974 τοῖς
1311 3910 1372 3975 ἐξ
1407 3910 1641 3981 Ἰσραὴλ,
1667 3911 1828 3963 καίτι
1859 3911 1968 3964 τῶν

381 3995 528 4050 ἰδίων
553 3997 805 4051 διειδέναι
844 4000 1258 4063 σπουδάζουσιν,
1293 4001 1414 4071 οὐχὶ
1467 4000 1626 4070 μόνον
1664 4002 1723 4052 ὲν
1761 3999 1968 4070 συμϐό-

379 4095 510 4153 λοις,
541 4089 678 4143 ἀλλὰ
723 4092 816 4143 καὶ
843 4087 1148 4161 ἐνράϐδοις
1178 4090 1361 4145 αὐτῶν
1390 4091 1728 4162 ἀπήγγελλον
1762 4093 1964 4154 αὐτοῖς.

378 4180 592 4246 Τρόπος
637 4181 695 4234 δὲ
730 4176 894 4246 ὀὗτος
937 4183 1164 4253 ἀπάτης
1209 4184 1416 4254 ἕτερος,
1475 4183 1870 4253 ραὄδομαντεία
1906 4183 1968 4236 τὸ

376 4273 588 4344 χρῆμα,
617 4275 715 4326 καὶ
743 4269 954 4346 ε’ὖρεμά
977 4290 1080 4329 που
1103 4278 1244 4347 τάχα
1287 4278 1384 4346 τῆς
1417 4275 1700 4330 Χαλδαίων
1743 4292 1966 4347 περιερ-

377 4363 520 4431 γίας.
577 4365 1032 4436 Κατεμαντεύετο
1080 4366 1190 4438 γὰρ
1231 4366 1404 4430 οὕτως
1456 4367 1558 4436 τῆς
1614 4366 1969 4438 Ἰερουσαλὴμ

376 4453 869 4527 Ναϐουχοδονόσορ,
931 4457 1078 4510 καθὰ
1128 4459 1222 4511 καὶ
1270 4460 1298 4510 ό
1347 4457 1632 4518 θεσπέσιος
1684 4457 1967 4527 προφήτης

2071 3273 2454 3329 observabant.
2485 3274 2737 3342 Auspicia
2768 3290 2949 3344 porro,
2983 3286 3040 3330 et
3071 3276 3418 3341 divinatoria,
3459 3287 3512 3332 et
3545 3277 3647 3332 hu-

2066 3363 2366 3430 juscemodi
2411 3364 2569 3425 mala.
2602 3365 2831 3419 crimina
2866 3366 3163 3431 impietatis
3204 3375 3350 3432 sunt,
3387 3376 3442 3422 et
3473 3383 3536 3422 ex
3567 3369 3649 3422 in.

2071 3453 2218 3506 tinnis
2268 3452 2586 3508 idololatriae
2637 3453 2936 3507 visceribus
2981 3464 3326 3524 promanant.
3389 3473 3407 3506 ι
3469 3453 3535 3509 Ει
3589 3454 3643 3508 in

2069 3546 2238 3615 virgis
2263 3545 2377 3600 suis
2401 3545 2797 3598 annuntiabant
2844 3544 2915 3598 ei.
2971 3563 2990 3598 ι
3056 3544 3405 3600 Venientibns
3470 3545 3536 3600 ad
3586 3560 3647 3600 se

2071 3635 2349 3700 lsraelitis,
2406 3635 2600 3703 inquit,
2638 3644 2692 3688 et
2735 3635 2938 3702 aliquid
2975 3650 3196 3689 suarum
3254 3649 3438 3691 rerum
3486 3651 3647 3691 nosse

2069 3727 2425 3790 studentibus,
2455 3741 2560 3780 non
2603 3725 2760 3779 modo
2802 3727 2852 3780 in
2889 3726 3170 3796 symbolis,
3227 3727 3321 3781 sed
3376 3727 3538 3781 etiam
3589 3728 3642 3780 in

2067 3816 2235 3885 virgis
2263 3816 2497 3884 ipsorum
2523 3814 2921 3868 annuntiabant
2951 3815 3050 3871 eis.
3077 3815 3176 3868 Est
3207 3815 3295 3870 hic
3322 3814 3460 3870 alter
3489 3814 3646 3870 falla-

2069 3908 2168 3962 ciae
2199 3910 2408 3967 modus.
2441 3907 2704 3961 divinatio
2738 3922 2835 3976 per
2877 3906 3074 3976 virgas,
3125 3916 3178 3962 et
3235 3908 3533 3974 inventum,
3587 3909 3643 3963 ni

2070 3998 2245 4063 fallor,
2275 3996 2582 4051 Chaldaicze
2611 3997 2962 4050 curiositatis.
2997 3995 3088 4050 Sic
3131 3997 3276 4051 enim
3319 4005 3507 4052 contra
3551 3997 3644 4052 Je-

2071 4090 2303 4144 rusalem
2333 4088 2610 4142 divinabat
2636 4088 3134 4144 Nabuchodonosor
3162 4089 3228 4153 ",
3252 4089 3390 4144 sicut
3421 4099 3474 4144 et
3506 4090 3645 4144 divi-

2070 4195 2170 4234 nus
2198 4181 2462 4250 propheta
2488 4178 2740 4233 Ezechiel
2790 4188 3038 4233 testatur.
3087 4178 3228 4232 Duas
3269 4179 3412 4233 enim
3463 4179 3644 4250 virgas

2069 4282 2390 4333 statuentes,
2446 4271 2640 4325 deinde
2683 4271 2902 4324 are-anis
2953 4269 3275 4339 quibusdam
3318 4271 3495 4325 verbis
3546 4285 3644 4324 eas

2071 4361 2435 4424 incantantes,
2461 4369 2520 4414 ut
2547 4371 2738 4429 agente
2775 4358 2989 4414 diabolo
3040 4359 3401 4427 prociderent,
3445 4369 3500 4414 et
3550 4373 3641 4413 ca-

2072 4451 2262 4506 dentes
2292 4465 2505 4505 rursum
2527 4449 2907 4514 observabant,
2944 4455 3124 4502 utrum
3163 4463 3412 4516 prorsum
3440 4463 3505 4503 an
3555 4463 3642 4502 re-

377 4544 544 4613 φησιν
600 4543 883 4615 Ἰεςεχιήλ.
937 4545 1042 4598 Δύο
1099 4547 1206 4618 γάρ
1254 4545 1502 4609 ἱστάντες
1551 4545 1800 4615 ῥάϐδους,
1846 4540 1965 4598 εἶτά

2071 4552 2330 4605 trorsum,
2358 4545 2410 4598 in
2440 4543 2692 4597 dextrum
2746 4556 2812 4596 an
2843 4541 2897 4596 in
2927 4541 3207 4596 sinistrum
3233 4541 3531 4594 ferrentur.
3551 4538 3643 4595 Sic

376 4649 501 4687 τινα
549 4634 658 4688 τῶν
681 4637 1010 4707 ἀπορρήτων
1030 4638 1213 4700 αὐτοῖς
1248 4637 1666 4708 κατεπᾴδοντες,
1704 4635 1963 4688 κατακλί-

379 4727 568 4779 νεσθαι
599 4727 1137 4797 παρεσκεύαζονταῖς
1169 4727 1276 4782 τῶν
1302 4729 1592 4799 δαιμονίων
1634 4729 1956 4797 ἐνεργείαις.

376 4816 486 4869 Καὶ
517 4816 822 4880 πιπτούσας
868 4818 1168 4888 ἐπετήρουν
1195 4819 1319 4871 ὅποι
1361 4818 1609 4888 φέροιντο
1642 4817 1824 4879 πάλιν,
1867 4817 1963 4869 πό-

374 4919 534 4978 τερον
568 4907 696 4960 εὐθὺ
744 4909 777 4978 ἢ
827 4908 1042 4972 άνόπιν,
1092 4909 1173 4971 εἰς
1231 4907 1468 4978 δεξιὺνῆ
1523 4908 1604 4970 είς
1658 4904 1958 4974 εὐώνυμον.

373 4997 533 5052 οὔτω
557 5014 617 5051 τε
641 4998 828 5053 λοιπὸν
847 5000 907 5053 τὸ
923 4999 1114 5053 δοκοῦν
1133 5002 1245 5064 τοῖς
1265 4998 1578 5068 προσιοῦσιν
1595 4996 1959 5068 ἀπήγγελλον.

374 5089 548 5143 Τοῦτό
579 5091 699 5144 ἐστι
745 5092 806 5144 τὸ
832 5133 846 5157 ,
889 5111 909 5144 ι
933 5093 1022 5146 Ἐν
1053 5092 1272 5164 ῥάϐδοις
1309 5090 1702 5162 ἀπήγγελλον.)
1739 5088 1964 5143 Πάνδει-

375 5197 468 5234 νον
502 5178 596 5235 οὖν
623 5181 862 5252 άληθῶς,
897 5184 980 5238 ὅτι
1004 5184 1112 5239 τῶν
1157 5183 1332 5239 ἄλλων
1376 5183 1423 5236 οἱ
1477 5181 1834 5250 παιδαγωγοὶ,
1869 5179 1963 5233 καὶ

375 5273 514 5343 ’πρὸς
537 5276 600 5328 τὸ
635 5277 713 5347 τῷ
734 5276 852 5347 Θεῷ
876 5278 1024 5346 φίλον
1065 5277 1423 5351 ἀποκομίζειν
1445 5273 1550 5329 οἷοί
1587 5292 1667 5341 τε,
1700 5275 1794 5328 καὶ
1823 5273 1960 5326 πλα-

375 5366 570 5420 νᾶσθαι
622 5367 1056 5439 παρεσκεύαζον,
1125 5369 1220 5422 καὶ
1360 5384 1526 5438 φησιν
1572 5368 1600 5419 ὁ
1656 5366 1964 5435 προφήτης,

383 5457 624 5512 (Μανίαν
665 5462 724 5512 ὲν
754 5459 888 5531 οἴκῳ
918 5460 1124 5532 Κυρίου
1161 5459 1499 5530 κατέπηξαν.
1545 5478 1562 5510 ι
1597 5458 1811 5512 Μανίαν
1856 5453 1964 5524 γάρ

379 5563 513 5617 φησι
536 5549 636 5620 τὴν
654 5550 1108 5622 ψευδομαντεξαν.
1149 5551 1565 5624 Ὑποκρίνονται
1589 5548 1696 5618 γὰρ
1728 5549 1776 5601 οἱ
1797 5545 1968 5600 τοιοῦ-

374 5652 466 5694 τοι
479 5640 612 5712 ὄρᾷν
631 5643 902 5710 εἰωθότες,
933 5644 1067 5716 μηδὲ
1112 5643 1306 5698 εἰδέναι
1333 5643 1537 5708 λοιπὸν,
1572 5639 1804 5711 ὅποιπερ
1835 5639 1962 5692 είσι.

457 5815 503 5847 ¹⁸
527 5813 636 5872 Jer.
669 5833 721 5886 v,
755 5820 844 5886 ‘20,
883 5823 974 5877 2|.
1055 5824 1095 5854 “
1122 5790 1280 5878 Num.
1311 5838 1467 5887 χχιιι,
1509 5821 1556 5879 l.

1636 5822 1678 5852 ”
1715 5819 1910 5874 Ezccb.
1948 5830 2059 5879 xxI,
2090 5811 2310 5884 passim.

2071 4634 2322 4703 deinceps
2357 4635 2499 4704 quod
2534 4633 2642 4687 illis
2688 4632 2936 4702 placebat
2981 4632 3364 4687 accedentibus
3422 4633 3639 4686 nuntia-

2064 4725 2217 4780 bant.
2250 4725 2364 4780 Hoc
2393 4725 2494 4780 sibi
2524 4724 2658 4790 vult,
2688 4725 2830 4794 quod
2859 4724 2955 4788 ait,
2990 4743 3010 4776 ι
3052 4725 3108 4778 in
3143 4724 3309 4794 virgis
3348 4725 3641 4779 annuntia-

2066 4817 2217 4873 bant.
2260 4835 2281 4868 ›
2325 4814 2465 4871 Vere
2512 4815 2676 4885 igitur
2722 4815 3169 4886 insignissimum,
3215 4817 3358 4886 quod
3406 4816 3639 4871 aliorum

2067 4907 2334 4977 magistri,
2366 4915 2420 4961 et
2441 4907 2530 4976 qui
2553 4906 2620 4961 ad
2639 4906 2805 4961 Deum
2827 4918 3052 4961 caeteros
3074 4908 3343 4962 adducere
3367 4915 3639 4976 poterant,

2068 5001 2231 5053 etiam
2264 4998 2625 5061 abducebaut,
2655 5008 2709 5052 et
2739 5007 2797 5051 ut
2825 4998 2900 5050 ait
2927 4997 3186 5065 propheta
3231 5012 3248 5053 :
3298 5014 3318 5048 ι
3371 4997 3638 5050 Insaniam

2065 5088 2121 5142 in
2149 5089 2306 5143 domo
2341 5088 2430 5142 Dei
2460 5090 2798 5143 canﬁxernnt
2823 5088 2886 5143 η.
2933 5107 2955 5140 ›
2992 5088 3256 5142 Insaniam
3285 5087 3427 5140 enim
3451 5101 3641 5140 emen-

2065 5180 2222 5234 titum
2260 5178 2572 5234 vaticinium
2610 5178 2862 5248 appellat.
2908 5177 3175 5233 Simulant
3220 5177 3364 5230 enim
3396 5177 3484 5246 qui
3522 5177 3642 5232 istis

2066 5273 2196 5328 dant
2226 5287 2469 5342 operam,
2501 5286 2601 5326 nec
2633 5272 2773 5327 scire
2795 5286 2852 5325 se
2874 5271 3106 5339 amplius
3130 5269 3216 5324 ubi
3241 5269 3370 5323 sint.
3397 5268 3644 5323 lnsanire

2065 5368 2211 5424 enim
2241 5381 2335 5421 eos
2364 5373 2419 5419 et
2463 5364 2646 5418 divino
2675 5365 2859 5418 furore
2903 5364 3158 5431 percitos,
3207 5369 3266 5414 ut
3292 5360 3421 5414 deos
3453 5359 3643 5430 plenos

2066 5457 2284 5527 quidam
2333 5454 2670 5509 dictitabant.
2696 5453 3017 5523 lgnorabant
3054 5451 3250 5522 quippe
3290 5452 3640 5506 seductorum

2066 5562 2160 5600 cor
2182 5545 2578 5598 immundorum
2615 5545 2899 5614 spirituum
2927 5544 3070 5599 velut
3106 5542 3432 5600 domicilium
3468 5546 3644 5614 quod-

2067 5635 2218 5700 dam,
2244 5642 2299 5690 et
2325 5633 2632 5704 speluncam
2656 5649 2796 5690 esse.

2391 5810 2433 5843 “
2466 5808 2602 5866 Osee
2631 5826 2704 5876 ιιι,
2734 5810 2769 5864 8
