  <div class='ocr_page' id='page_1' title='image "/cluster/home/n/w/nwhite01/storage/ocr_20150623/71/nnc1.0046980199/081.png"; bbox 0 0 4046 6376; ppageno 0'>
   <div class='ocr_carea' id='block_1_1' title="bbox 403 402 3672 464">
    <p class='ocr_par' dir='ltr' id='par_1_1' title="bbox 403 402 3672 464">
     <span class='ocr_line' id='line_1_1' title="bbox 403 402 3672 464; baseline -0.003 -1"><span class='ocrx_word' id='word_1_1' title='bbox 403 406 501 464; x_wconf 67' lang='grc'><strong>(31</strong></span> <span class='ocrx_word' id='word_1_2' title='bbox 1391 406 1448 462; x_wconf 87' lang='lat' dir='ltr'><strong>S.</strong></span> <span class='ocrx_word' id='word_1_3' title='bbox 1485 404 1758 461; x_wconf 77' lang='lat' dir='ltr'><strong>CYRlLLI</strong></span> <span class='ocrx_word' id='word_1_4' title='bbox 1798 403 2269 460; x_wconf 59' lang='lat' dir='ltr'><strong>ALEXANDRiNl</strong></span> <span class='ocrx_word' id='word_1_5' title='bbox 2309 402 2634 460; x_wconf 79' lang='lat' dir='ltr'><strong>ARCHIEP.</strong></span> <span class='ocrx_word' id='word_1_6' title='bbox 3569 402 3672 455; x_wconf 67' lang='lat'><strong>{3‘2</strong></span> 
     </span>
    </p>
   </div>
   <div class='ocr_carea' id='block_1_2' title="bbox 403 515 3671 593">
    <p class='ocr_par' dir='ltr' id='par_1_2' title="bbox 403 515 3671 593">
     <span class='ocr_line' id='line_1_2' title="bbox 403 515 3671 593; baseline -0.002 -17"><span class='ocrx_word' id='word_1_7' title='bbox 403 521 702 576; x_wconf 80' lang='grc' dir='ltr'>Μαίνεσθαι</span> <span class='ocrx_word' id='word_1_8' title='bbox 722 519 830 593; x_wconf 76' lang='grc' dir='ltr'>γὰρ</span> <span class='ocrx_word' id='word_1_9' title='bbox 858 521 1073 587; x_wconf 73' lang='grc' dir='ltr'>αὐτοὺς,</span> <span class='ocrx_word' id='word_1_10' title='bbox 1101 522 1194 576; x_wconf 79' lang='grc' dir='ltr'>καὶ</span> <span class='ocrx_word' id='word_1_11' title='bbox 1227 520 1508 593; x_wconf 82' lang='grc' dir='ltr'>ὲνθουσιᾷν</span> <span class='ocrx_word' id='word_1_12' title='bbox 1551 521 1788 592; x_wconf 79' lang='grc' dir='ltr'>έφασκόν</span> <span class='ocrx_word' id='word_1_13' title='bbox 1822 538 1986 585; x_wconf 87' lang='grc' dir='ltr'>τινες,</span> <span class='ocrx_word' id='word_1_14' title='bbox 2024 521 2101 585; x_wconf 83' lang='grc' dir='ltr'>ὡς</span> <span class='ocrx_word' id='word_1_15' title='bbox 2131 521 2275 575; x_wconf 78' lang='grc' dir='ltr'>θείου</span> <span class='ocrx_word' id='word_1_16' title='bbox 2307 519 2793 592; x_wconf 82' lang='grc' dir='ltr'><strong>πεπληρωμένους.</strong></span> <span class='ocrx_word' id='word_1_17' title='bbox 2833 518 2910 572; x_wconf 84' lang='grc' dir='ltr'><strong>Οὐ</strong></span> <span class='ocrx_word' id='word_1_18' title='bbox 2944 517 3054 592; x_wconf 81' lang='grc' dir='ltr'><strong>γάρ</strong></span> <span class='ocrx_word' id='word_1_19' title='bbox 3102 518 3301 590; x_wconf 73' lang='grc' dir='ltr'>ᾔδεσαν</span> <span class='ocrx_word' id='word_1_20' title='bbox 3345 515 3671 589; x_wconf 70' lang='grc' dir='ltr'><strong>ἀκαθάρτων</strong></span> 
     </span>
    </p>
   </div>
   <div class='ocr_carea' id='block_1_3' title="bbox 401 609 3133 685">
    <p class='ocr_par' dir='ltr' id='par_1_3' title="bbox 401 609 3133 685">
     <span class='ocr_line' id='line_1_3' title="bbox 401 609 3133 685; baseline 0.001 -22"><span class='ocrx_word' id='word_1_21' title='bbox 401 612 483 668; x_wconf 83' lang='grc' dir='ltr'><strong>ὅτι</strong></span> <span class='ocrx_word' id='word_1_22' title='bbox 531 615 638 667; x_wconf 90' lang='grc' dir='ltr'><strong>τῶν</strong></span> <span class='ocrx_word' id='word_1_23' title='bbox 709 614 1033 683; x_wconf 81' lang='grc' dir='ltr'><strong>πνευμάτων</strong></span> <span class='ocrx_word' id='word_1_24' title='bbox 1082 609 1229 678; x_wconf 76' lang='grc' dir='ltr'>οἶκος</span> <span class='ocrx_word' id='word_1_25' title='bbox 1285 613 1479 685; x_wconf 82' lang='grc' dir='ltr'>ὥσπερ</span> <span class='ocrx_word' id='word_1_26' title='bbox 1525 631 1610 676; x_wconf 87' lang='grc' dir='ltr'><strong>τις</strong></span> <span class='ocrx_word' id='word_1_27' title='bbox 1662 613 1755 666; x_wconf 79' lang='grc' dir='ltr'><strong>καὶ</strong></span> <span class='ocrx_word' id='word_1_28' title='bbox 1799 612 2064 683; x_wconf 83' lang='grc' dir='ltr'>σπήλαιον</span> <span class='ocrx_word' id='word_1_29' title='bbox 2121 615 2154 684; x_wconf 82' lang='grc' dir='ltr'>ἡ</span> <span class='ocrx_word' id='word_1_30' title='bbox 2225 612 2335 666; x_wconf 88' lang='grc' dir='ltr'><strong>τῶν</strong></span> <span class='ocrx_word' id='word_1_31' title='bbox 2373 611 2740 682; x_wconf 77' lang='grc' dir='ltr'>πλανωμένων</span> <span class='ocrx_word' id='word_1_32' title='bbox 2767 611 2886 664; x_wconf 75' lang='grc' dir='ltr'>ἐστὶ</span> <span class='ocrx_word' id='word_1_33' title='bbox 2913 610 3133 682; x_wconf 78' lang='grc' dir='ltr'><strong>καρδία.</strong></span> 
     </span>
    </p>
   </div>
   <div class='ocr_carea' id='block_1_4' title="bbox 473 700 1976 776">
    <p class='ocr_par' dir='ltr' id='par_1_4' title="bbox 473 703 1976 775">
     <span class='ocr_line' id='line_1_4' title="bbox 473 703 1976 775; baseline -0.003 -14"><span class='ocrx_word' id='word_1_34' title='bbox 473 706 635 761; x_wconf 73' lang='lat' dir='ltr'><strong>Vens.</strong></span> <span class='ocrx_word' id='word_1_35' title='bbox 672 705 757 759; x_wconf 79' lang='grc'><strong>15.</strong></span> <span class='ocrx_word' id='word_1_36' title='bbox 789 703 1374 775; x_wconf 83' lang='lat' dir='ltr'><strong>Spiritufornicationis</strong></span> <span class='ocrx_word' id='word_1_37' title='bbox 1405 708 1608 762; x_wconf 85' lang='lat' dir='ltr'><strong>seducti</strong></span> <span class='ocrx_word' id='word_1_38' title='bbox 1633 716 1844 772; x_wconf 83' lang='lat' dir='ltr'><strong>simt,et</strong></span> <span class='ocrx_word' id='word_1_39' title='bbox 1869 709 1976 775; x_wconf 71' lang='lat' dir='ltr'><strong>for-</strong></span> 
     </span>
    </p>
   </div>
   <div class='ocr_carea' id='block_1_5' title="bbox 2075 700 3668 776">
    <p class='ocr_par' dir='ltr' id='par_1_5' title="bbox 2152 700 3668 776">
     <span class='ocr_line' id='line_1_5' title="bbox 2152 700 3668 776; baseline -0.003 -17"><span class='ocrx_word' id='word_1_40' title='bbox 2152 706 2453 776; x_wconf 84' lang='grc' dir='ltr'>Πνεύματι</span> <span class='ocrx_word' id='word_1_41' title='bbox 2483 706 2767 774; x_wconf 81' lang='grc' dir='ltr'><strong>πορνείας</strong></span> <span class='ocrx_word' id='word_1_42' title='bbox 2790 704 3250 772; x_wconf 75' lang='grc' dir='ltr'><strong>ἐπλανήθησαν,</strong></span> <span class='ocrx_word' id='word_1_43' title='bbox 3285 701 3386 756; x_wconf 77' lang='grc' dir='ltr'>καὶ</span> <span class='ocrx_word' id='word_1_44' title='bbox 3423 700 3668 770; x_wconf 79' lang='grc' dir='ltr'>ἐξεπόρ·</span> 
     </span>
    </p>
   </div>
   <div class='ocr_carea' id='block_1_6' title="bbox 400 796 1983 868">
    <p class='ocr_par' dir='ltr' id='par_1_6' title="bbox 400 796 1983 868">
     <span class='ocr_line' id='line_1_6' title="bbox 400 796 1983 868; baseline 0.001 -17"><span class='ocrx_word' id='word_1_45' title='bbox 400 799 564 852; x_wconf 86' lang='lat' dir='ltr'><strong>uicati</strong></span> <span class='ocrx_word' id='word_1_46' title='bbox 607 805 729 850; x_wconf 83' lang='lat' dir='ltr'><strong>sunt</strong></span> <span class='ocrx_word' id='word_1_47' title='bbox 768 814 800 849; x_wconf 88' lang='lat' dir='ltr'><strong><em>a</em></strong></span> <span class='ocrx_word' id='word_1_48' title='bbox 824 796 932 849; x_wconf 88' lang='lat' dir='ltr'><strong>Deo</strong></span> <span class='ocrx_word' id='word_1_49' title='bbox 959 797 1215 864; x_wconf 84' lang='lat' dir='ltr'><strong>ipsorum.</strong></span> <span class='ocrx_word' id='word_1_50' title='bbox 1254 799 1426 868; x_wconf 80' lang='lat' dir='ltr'><strong>Super</strong></span> <span class='ocrx_word' id='word_1_51' title='bbox 1474 801 1687 852; x_wconf 82' lang='lat' dir='ltr'><strong>uertices</strong></span> <span class='ocrx_word' id='word_1_52' title='bbox 1726 802 1983 852; x_wconf 76' lang='lat' dir='ltr'><strong>montium</strong></span> 
     </span>
    </p>
   </div>
   <div class='ocr_carea' id='block_1_7' title="bbox 399 886 1987 957">
    <p class='ocr_par' dir='ltr' id='par_1_7' title="bbox 399 886 1987 957">
     <span class='ocr_line' id='line_1_7' title="bbox 399 886 1987 957; baseline 0.001 -16"><span class='ocrx_word' id='word_1_53' title='bbox 399 886 792 951; x_wconf 79' lang='lat' dir='ltr'><strong>sacriﬁcabant,</strong></span> <span class='ocrx_word' id='word_1_54' title='bbox 823 887 932 957; x_wconf 75' lang='lat'><strong>76</strong></span> <span class='ocrx_word' id='word_1_55' title='bbox 968 898 1013 939; x_wconf 90' lang='lat' dir='ltr'><strong>et</strong></span> <span class='ocrx_word' id='word_1_56' title='bbox 1048 903 1208 956; x_wconf 84' lang='lat' dir='ltr'><strong>super</strong></span> <span class='ocrx_word' id='word_1_57' title='bbox 1229 888 1387 943; x_wconf 84' lang='lat' dir='ltr'><strong>colles</strong></span> <span class='ocrx_word' id='word_1_58' title='bbox 1425 889 1773 942; x_wconf 82' lang='lat' dir='ltr'><strong>immolabant</strong></span> <span class='ocrx_word' id='word_1_59' title='bbox 1809 891 1987 944; x_wconf 83' lang='lat' dir='ltr'><strong>subter</strong></span> 
     </span>
    </p>
   </div>
   <div class='ocr_carea' id='block_1_8' title="bbox 397 978 1987 1053">
    <p class='ocr_par' dir='ltr' id='par_1_8' title="bbox 397 978 1987 1053">
     <span class='ocr_line' id='line_1_8' title="bbox 397 978 1987 1053; baseline 0.004 -23"><span class='ocrx_word' id='word_1_60' title='bbox 397 994 666 1048; x_wconf 83' lang='lat' dir='ltr'><strong>quercum,</strong></span> <span class='ocrx_word' id='word_1_61' title='bbox 689 987 739 1031; x_wconf 84' lang='lat' dir='ltr'><strong>et</strong></span> <span class='ocrx_word' id='word_1_62' title='bbox 760 978 1034 1046; x_wconf 80' lang='lat' dir='ltr'><strong>papulum,</strong></span> <span class='ocrx_word' id='word_1_63' title='bbox 1060 987 1108 1032; x_wconf 87' lang='lat' dir='ltr'><strong>et</strong></span> <span class='ocrx_word' id='word_1_64' title='bbox 1127 979 1366 1034; x_wconf 81' lang='lat' dir='ltr'><strong>arborem</strong></span> <span class='ocrx_word' id='word_1_65' title='bbox 1389 980 1712 1050; x_wconf 77' lang='lat' dir='ltr'><strong>umbrosam,</strong></span> <span class='ocrx_word' id='word_1_66' title='bbox 1745 983 1872 1053; x_wconf 87' lang='lat' dir='ltr'><strong>quia</strong></span> <span class='ocrx_word' id='word_1_67' title='bbox 1895 984 1987 1038; x_wconf 80' lang='lat' dir='ltr'><strong>bo-</strong></span> 
     </span>
    </p>
   </div>
   <div class='ocr_carea' id='block_1_9' title="bbox 400 1068 942 1123">
    <p class='ocr_par' dir='ltr' id='par_1_9' title="bbox 400 1068 942 1123">
     <span class='ocr_line' id='line_1_9' title="bbox 400 1068 942 1123; baseline 0.004 -2"><span class='ocrx_word' id='word_1_68' title='bbox 400 1087 524 1122; x_wconf 85' lang='lat' dir='ltr'><strong>num</strong></span> <span class='ocrx_word' id='word_1_69' title='bbox 551 1068 942 1123; x_wconf 80' lang='lat' dir='ltr'><strong>umbraculum.</strong></span> 
     </span>
    </p>
   </div>
   <div class='ocr_carea' id='block_1_10' title="bbox 471 1159 1985 1233">
    <p class='ocr_par' dir='ltr' id='par_1_10' title="bbox 471 1159 1985 1233">
     <span class='ocr_line' id='line_1_10' title="bbox 471 1159 1985 1233; baseline 0.005 -21"><span class='ocrx_word' id='word_1_70' title='bbox 471 1159 633 1216; x_wconf 70' lang='lat' dir='ltr'><strong>XLV.</strong></span> <span class='ocrx_word' id='word_1_71' title='bbox 669 1159 784 1214; x_wconf 86' lang='lat' dir='ltr'><strong>Non</strong></span> <span class='ocrx_word' id='word_1_72' title='bbox 813 1161 930 1214; x_wconf 87' lang='lat' dir='ltr'><strong>sine</strong></span> <span class='ocrx_word' id='word_1_73' title='bbox 965 1160 1191 1231; x_wconf 90' lang='lat' dir='ltr'><strong>impuris</strong></span> <span class='ocrx_word' id='word_1_74' title='bbox 1214 1169 1269 1216; x_wconf 91' lang='lat' dir='ltr'><strong>et</strong></span> <span class='ocrx_word' id='word_1_75' title='bbox 1304 1161 1554 1232; x_wconf 75' lang='lat' dir='ltr'><strong>malignis</strong></span> <span class='ocrx_word' id='word_1_76' title='bbox 1589 1164 1872 1233; x_wconf 80' lang='lat' dir='ltr'><strong>spiritibus</strong></span> <span class='ocrx_word' id='word_1_77' title='bbox 1903 1173 1985 1220; x_wconf 90' lang='lat' dir='ltr'><strong>ta-</strong></span> 
     </span>
    </p>
   </div>
   <div class='ocr_carea' id='block_1_11' title="bbox 396 1252 1986 1326">
    <p class='ocr_par' dir='ltr' id='par_1_11' title="bbox 396 1252 1986 1326">
     <span class='ocr_line' id='line_1_11' title="bbox 396 1252 1986 1326; baseline 0.003 -22"><span class='ocrx_word' id='word_1_78' title='bbox 396 1252 465 1306; x_wconf 88' lang='lat' dir='ltr'><strong>lia</strong></span> <span class='ocrx_word' id='word_1_79' title='bbox 501 1252 618 1306; x_wconf 87' lang='lat' dir='ltr'><strong>ﬁeri</strong></span> <span class='ocrx_word' id='word_1_80' title='bbox 669 1252 953 1322; x_wconf 86' lang='lat' dir='ltr'><strong>perspicue</strong></span> <span class='ocrx_word' id='word_1_81' title='bbox 973 1253 1148 1308; x_wconf 89' lang='lat' dir='ltr'><strong>docet.</strong></span> <span class='ocrx_word' id='word_1_82' title='bbox 1191 1253 1366 1309; x_wconf 88' lang='lat' dir='ltr'><strong>Omne</strong></span> <span class='ocrx_word' id='word_1_83' title='bbox 1385 1257 1584 1311; x_wconf 89' lang='lat' dir='ltr'><strong>etenim</strong></span> <span class='ocrx_word' id='word_1_84' title='bbox 1616 1272 1791 1326; x_wconf 83' lang='lat' dir='ltr'><strong>genus</strong></span> <span class='ocrx_word' id='word_1_85' title='bbox 1815 1258 1986 1314; x_wconf 44' lang='lat' dir='ltr'><strong>sceleg</strong></span> 
     </span>
    </p>
   </div>
   <div class='ocr_carea' id='block_1_12' title="bbox 397 1345 1982 1418">
    <p class='ocr_par' dir='ltr' id='par_1_12' title="bbox 397 1345 1982 1418">
     <span class='ocr_line' id='line_1_12' title="bbox 397 1345 1982 1418; baseline 0.004 -21"><span class='ocrx_word' id='word_1_86' title='bbox 397 1345 474 1398; x_wconf 90' lang='lat' dir='ltr'><strong>ris</strong></span> <span class='ocrx_word' id='word_1_87' title='bbox 507 1354 561 1398; x_wconf 90' lang='lat' dir='ltr'><strong>et</strong></span> <span class='ocrx_word' id='word_1_88' title='bbox 608 1346 676 1398; x_wconf 87' lang='lat' dir='ltr'><strong>ab</strong></span> <span class='ocrx_word' id='word_1_89' title='bbox 709 1346 842 1415; x_wconf 85' lang='lat' dir='ltr'><strong>ipsis</strong></span> <span class='ocrx_word' id='word_1_90' title='bbox 875 1346 1259 1415; x_wconf 87' lang='lat' dir='ltr'><strong>proﬁciscitur,</strong></span> <span class='ocrx_word' id='word_1_91' title='bbox 1295 1357 1348 1401; x_wconf 90' lang='lat' dir='ltr'><strong>et</strong></span> <span class='ocrx_word' id='word_1_92' title='bbox 1378 1347 1509 1402; x_wconf 86' lang='lat' dir='ltr'><strong>nihil</strong></span> <span class='ocrx_word' id='word_1_93' title='bbox 1547 1350 1982 1418; x_wconf 78' lang='lat' dir='ltr'><strong>turpissimarum</strong></span> 
     </span>
    </p>
   </div>
   <div class='ocr_carea' id='block_1_13' title="bbox 396 1440 1985 1509">
    <p class='ocr_par' dir='ltr' id='par_1_13' title="bbox 396 1440 1985 1509">
     <span class='ocr_line' id='line_1_13' title="bbox 396 1440 1985 1509; baseline 0.004 -19"><span class='ocrx_word' id='word_1_94' title='bbox 396 1452 580 1490; x_wconf 88' lang='lat' dir='ltr'><strong>rerum</strong></span> <span class='ocrx_word' id='word_1_95' title='bbox 627 1452 735 1491; x_wconf 90' lang='lat' dir='ltr'><strong>non</strong></span> <span class='ocrx_word' id='word_1_96' title='bbox 793 1447 1204 1502; x_wconf 84' lang='lat' dir='ltr'><strong>consectantur,</strong></span> <span class='ocrx_word' id='word_1_97' title='bbox 1232 1440 1323 1509; x_wconf 89' lang='lat' dir='ltr'><strong>qui</strong></span> <span class='ocrx_word' id='word_1_98' title='bbox 1363 1455 1550 1494; x_wconf 88' lang='lat' dir='ltr'><strong>eorum</strong></span> <span class='ocrx_word' id='word_1_99' title='bbox 1592 1441 1852 1496; x_wconf 83' lang='lat' dir='ltr'><strong>voluntati</strong></span> <span class='ocrx_word' id='word_1_100' title='bbox 1890 1443 1985 1497; x_wconf 85' lang='lat' dir='ltr'><strong>ob-</strong></span> 
     </span>
    </p>
   </div>
   <div class='ocr_carea' id='block_1_14' title="bbox 399 1528 1985 1602">
    <p class='ocr_par' dir='ltr' id='par_1_14' title="bbox 399 1528 1985 1602">
     <span class='ocr_line' id='line_1_14' title="bbox 399 1528 1985 1602; baseline 0.004 -21"><span class='ocrx_word' id='word_1_101' title='bbox 399 1538 700 1598; x_wconf 85' lang='lat' dir='ltr'><strong>temperare</strong></span> <span class='ocrx_word' id='word_1_102' title='bbox 744 1529 1117 1584; x_wconf 87' lang='lat' dir='ltr'><strong>decreverunt.</strong></span> <span class='ocrx_word' id='word_1_103' title='bbox 1151 1528 1332 1598; x_wconf 87' lang='lat' dir='ltr'><strong>lnquit</strong></span> <span class='ocrx_word' id='word_1_104' title='bbox 1369 1545 1520 1602; x_wconf 85' lang='lat' dir='ltr'><strong>ergo,</strong></span> <span class='ocrx_word' id='word_1_105' title='bbox 1560 1551 1578 1583; x_wconf 73' lang='grc' dir='ltr'><strong>ι</strong></span> <span class='ocrx_word' id='word_1_106' title='bbox 1605 1531 1826 1587; x_wconf 86' lang='lat' dir='ltr'><strong>Seducti</strong></span> <span class='ocrx_word' id='word_1_107' title='bbox 1860 1542 1985 1587; x_wconf 88' lang='lat' dir='ltr'><strong>sunt</strong></span> 
     </span>
    </p>
   </div>
   <div class='ocr_carea' id='block_1_15' title="bbox 387 1621 1980 1695">
    <p class='ocr_par' dir='ltr' id='par_1_15' title="bbox 387 1621 1980 1695">
     <span class='ocr_line' id='line_1_15' title="bbox 387 1621 1980 1695; baseline 0.004 -19"><span class='ocrx_word' id='word_1_108' title='bbox 387 1623 586 1690; x_wconf 78' lang='lat' dir='ltr'><strong>spiritu</strong></span> <span class='ocrx_word' id='word_1_109' title='bbox 625 1621 1022 1685; x_wconf 80' lang='lat' dir='ltr'><strong>fornicationis,</strong></span> <span class='ocrx_word' id='word_1_110' title='bbox 1052 1641 1071 1674; x_wconf 77' lang='grc' dir='ltr'><strong>ι</strong></span> <span class='ocrx_word' id='word_1_111' title='bbox 1107 1633 1161 1676; x_wconf 86' lang='lat' dir='ltr'><strong>et</strong></span> <span class='ocrx_word' id='word_1_112' title='bbox 1191 1641 1218 1676; x_wconf 90' lang='lat' dir='ltr'><strong>a</strong></span> <span class='ocrx_word' id='word_1_113' title='bbox 1249 1622 1356 1679; x_wconf 86' lang='lat' dir='ltr'><strong>Deo</strong></span> <span class='ocrx_word' id='word_1_114' title='bbox 1386 1624 1700 1692; x_wconf 82' lang='lat' dir='ltr'><strong>longissime</strong></span> <span class='ocrx_word' id='word_1_115' title='bbox 1741 1629 1980 1695; x_wconf 83' lang='lat' dir='ltr'><strong>separati</strong></span> 
     </span>
    </p>
   </div>
   <div class='ocr_carea' id='block_1_16' title="bbox 395 1712 1983 1782">
    <p class='ocr_par' dir='ltr' id='par_1_16' title="bbox 395 1712 1983 1782">
     <span class='ocr_line' id='line_1_16' title="bbox 395 1712 1983 1782; baseline 0.004 -15"><span class='ocrx_word' id='word_1_116' title='bbox 395 1721 544 1776; x_wconf 89' lang='lat' dir='ltr'><strong>sunt,</strong></span> <span class='ocrx_word' id='word_1_117' title='bbox 569 1712 863 1780; x_wconf 82' lang='lat' dir='ltr'><strong>voluptatis</strong></span> <span class='ocrx_word' id='word_1_118' title='bbox 886 1722 1151 1776; x_wconf 86' lang='lat' dir='ltr'><strong>amantes,</strong></span> <span class='ocrx_word' id='word_1_119' title='bbox 1179 1724 1233 1768; x_wconf 91' lang='lat' dir='ltr'><strong>et</strong></span> <span class='ocrx_word' id='word_1_120' title='bbox 1257 1715 1308 1768; x_wconf 90' lang='lat' dir='ltr'><strong>in</strong></span> <span class='ocrx_word' id='word_1_121' title='bbox 1357 1715 1613 1782; x_wconf 87' lang='lat' dir='ltr'><strong>operibus</strong></span> <span class='ocrx_word' id='word_1_122' title='bbox 1633 1717 1983 1774; x_wconf 90' lang='lat' dir='ltr'><strong>idololatricis</strong></span> 
     </span>
    </p>
   </div>
   <div class='ocr_carea' id='block_1_17' title="bbox 395 1804 1980 1875">
    <p class='ocr_par' dir='ltr' id='par_1_17' title="bbox 395 1804 1980 1875">
     <span class='ocr_line' id='line_1_17' title="bbox 395 1804 1980 1875; baseline 0.004 -21"><span class='ocrx_word' id='word_1_123' title='bbox 395 1804 579 1856; x_wconf 84' lang='lat' dir='ltr'><strong>carnis</strong></span> <span class='ocrx_word' id='word_1_124' title='bbox 606 1804 970 1857; x_wconf 75' lang='lat' dir='ltr'><strong>demulcendae</strong></span> <span class='ocrx_word' id='word_1_125' title='bbox 999 1805 1439 1859; x_wconf 84' lang='lat' dir='ltr'><strong>commoditatem</strong></span> <span class='ocrx_word' id='word_1_126' title='bbox 1477 1809 1848 1875; x_wconf 72' lang='lat' dir='ltr'><strong>quieritantes.</strong></span> <span class='ocrx_word' id='word_1_127' title='bbox 1878 1809 1980 1862; x_wconf 82' lang='lat' dir='ltr'><strong>Sa-</strong></span> 
     </span>
    </p>
   </div>
   <div class='ocr_carea' id='block_1_18' title="bbox 393 1894 1983 1964">
    <p class='ocr_par' dir='ltr' id='par_1_18' title="bbox 393 1894 1983 1964">
     <span class='ocr_line' id='line_1_18' title="bbox 393 1894 1983 1964; baseline 0.004 -16"><span class='ocrx_word' id='word_1_128' title='bbox 393 1895 713 1948; x_wconf 86' lang='lat' dir='ltr'><strong>criﬁcahant</strong></span> <span class='ocrx_word' id='word_1_129' title='bbox 741 1895 906 1961; x_wconf 89' lang='lat' dir='ltr'><strong>enim,</strong></span> <span class='ocrx_word' id='word_1_130' title='bbox 934 1894 1098 1949; x_wconf 88' lang='lat' dir='ltr'><strong>colles</strong></span> <span class='ocrx_word' id='word_1_131' title='bbox 1123 1905 1178 1949; x_wconf 88' lang='lat' dir='ltr'><strong>et</strong></span> <span class='ocrx_word' id='word_1_132' title='bbox 1215 1907 1425 1951; x_wconf 88' lang='lat' dir='ltr'><strong>montes</strong></span> <span class='ocrx_word' id='word_1_133' title='bbox 1462 1902 1904 1964; x_wconf 86' lang='lat' dir='ltr'><strong>conscendentes,</strong></span> <span class='ocrx_word' id='word_1_134' title='bbox 1929 1908 1983 1954; x_wconf 86' lang='lat' dir='ltr'><strong>et</strong></span> 
     </span>
    </p>
   </div>
   <div class='ocr_carea' id='block_1_19' title="bbox 395 1986 1980 2046">
    <p class='ocr_par' dir='ltr' id='par_1_19' title="bbox 395 1986 1980 2046">
     <span class='ocr_line' id='line_1_19' title="bbox 395 1986 1980 2046; baseline 0.004 -9"><span class='ocrx_word' id='word_1_135' title='bbox 395 1986 628 2040; x_wconf 88' lang='lat' dir='ltr'><strong>terrenis</strong></span> <span class='ocrx_word' id='word_1_136' title='bbox 662 1986 1078 2040; x_wconf 87' lang='lat' dir='ltr'><strong>celsitudinibus</strong></span> <span class='ocrx_word' id='word_1_137' title='bbox 1116 1988 1390 2042; x_wconf 62' lang='lat' dir='ltr'><strong>daemonas</strong></span> <span class='ocrx_word' id='word_1_138' title='bbox 1431 1990 1530 2042; x_wconf 87' lang='lat' dir='ltr'><strong>sub</strong></span> <span class='ocrx_word' id='word_1_139' title='bbox 1562 2000 1762 2043; x_wconf 87' lang='lat' dir='ltr'><strong>terram</strong></span> <span class='ocrx_word' id='word_1_140' title='bbox 1795 1991 1980 2046; x_wconf 87' lang='lat' dir='ltr'><strong>detru-</strong></span> 
     </span>
    </p>
   </div>
   <div class='ocr_carea' id='block_1_20' title="bbox 392 2072 2054 2153">
    <p class='ocr_par' dir='ltr' id='par_1_20' title="bbox 392 2072 2054 2153">
     <span class='ocr_line' id='line_1_20' title="bbox 392 2072 2054 2153; baseline -0.001 -21"><span class='ocrx_word' id='word_1_141' title='bbox 392 2092 484 2132; x_wconf 86' lang='lat' dir='ltr'><strong>sos</strong></span> <span class='ocrx_word' id='word_1_142' title='bbox 512 2087 854 2132; x_wconf 84' lang='lat' dir='ltr'><strong>venerantes.</strong></span> <span class='ocrx_word' id='word_1_143' title='bbox 897 2078 1100 2132; x_wconf 85' lang='lat' dir='ltr'><strong>Deinde</strong></span> <span class='ocrx_word' id='word_1_144' title='bbox 1144 2079 1255 2133; x_wconf 89' lang='lat' dir='ltr'><strong>aris</strong></span> <span class='ocrx_word' id='word_1_145' title='bbox 1299 2080 1399 2134; x_wconf 92' lang='lat' dir='ltr'><strong>sub</strong></span> <span class='ocrx_word' id='word_1_146' title='bbox 1428 2096 1652 2149; x_wconf 82' lang='lat' dir='ltr'><strong>quercu,</strong></span> <span class='ocrx_word' id='word_1_147' title='bbox 1689 2092 1745 2137; x_wconf 90' lang='lat' dir='ltr'><strong>et</strong></span> <span class='ocrx_word' id='word_1_148' title='bbox 1785 2083 1977 2153; x_wconf 89' lang='lat' dir='ltr'><strong>populo</strong></span> <span class='ocrx_word' id='word_1_149' title='bbox 2013 2072 2054 2130; x_wconf 86' lang='grc' dir='ltr'><strong>Β</strong></span> 
     </span>
    </p>
   </div>
   <div class='ocr_carea' id='block_1_21' title="bbox 392 2171 1979 2247">
    <p class='ocr_par' dir='ltr' id='par_1_21' title="bbox 392 2171 1979 2247">
     <span class='ocr_line' id='line_1_21' title="bbox 392 2171 1979 2247; baseline 0.005 -25"><span class='ocrx_word' id='word_1_150' title='bbox 392 2171 665 2235; x_wconf 72' lang='lat' dir='ltr'><strong>excitatis,</strong></span> <span class='ocrx_word' id='word_1_151' title='bbox 679 2171 1064 2239; x_wconf 89' lang='lat' dir='ltr'><strong>operabautur,</strong></span> <span class='ocrx_word' id='word_1_152' title='bbox 1091 2171 1364 2241; x_wconf 70' lang='lat' dir='ltr'><strong>nymphis,</strong></span> <span class='ocrx_word' id='word_1_153' title='bbox 1391 2171 1618 2227; x_wconf 82' lang='lat' dir='ltr'><strong>forsitan</strong></span> <span class='ocrx_word' id='word_1_154' title='bbox 1653 2175 1979 2247; x_wconf 84' lang='lat' dir='ltr'><strong>hamadrya-</strong></span> 
     </span>
    </p>
   </div>
   <div class='ocr_carea' id='block_1_22' title="bbox 393 2259 1974 2331">
    <p class='ocr_par' dir='ltr' id='par_1_22' title="bbox 393 2259 1974 2331">
     <span class='ocr_line' id='line_1_22' title="bbox 393 2259 1974 2331; baseline 0.005 -17"><span class='ocrx_word' id='word_1_155' title='bbox 393 2262 550 2314; x_wconf 87' lang='lat' dir='ltr'><strong>dihus</strong></span> <span class='ocrx_word' id='word_1_156' title='bbox 592 2259 892 2315; x_wconf 87' lang='lat' dir='ltr'><strong>secundum</strong></span> <span class='ocrx_word' id='word_1_157' title='bbox 937 2261 1189 2330; x_wconf 83' lang='lat' dir='ltr'><strong>ﬁgmenta</strong></span> <span class='ocrx_word' id='word_1_158' title='bbox 1229 2260 1565 2331; x_wconf 82' lang='lat' dir='ltr'><strong>Graecorum,</strong></span> <span class='ocrx_word' id='word_1_159' title='bbox 1598 2267 1856 2322; x_wconf 90' lang='lat' dir='ltr'><strong>honorem</strong></span> <span class='ocrx_word' id='word_1_160' title='bbox 1899 2269 1974 2322; x_wconf 88' lang='lat' dir='ltr'><strong>is-</strong></span> 
     </span>
    </p>
   </div>
   <div class='ocr_carea' id='block_1_23' title="bbox 394 2351 1978 2430">
    <p class='ocr_par' dir='ltr' id='par_1_23' title="bbox 394 2351 1978 2430">
     <span class='ocr_line' id='line_1_23' title="bbox 394 2351 1978 2430; baseline 0.006 -25"><span class='ocrx_word' id='word_1_161' title='bbox 394 2360 508 2406; x_wconf 89' lang='lat' dir='ltr'><strong>tum</strong></span> <span class='ocrx_word' id='word_1_162' title='bbox 534 2362 833 2408; x_wconf 82' lang='lat' dir='ltr'><strong>sacrantes.</strong></span> <span class='ocrx_word' id='word_1_163' title='bbox 864 2351 1123 2406; x_wconf 78' lang='lat' dir='ltr'><strong>Scribant</strong></span> <span class='ocrx_word' id='word_1_164' title='bbox 1147 2354 1290 2409; x_wconf 90' lang='lat' dir='ltr'><strong>enim</strong></span> <span class='ocrx_word' id='word_1_165' title='bbox 1327 2357 1538 2412; x_wconf 88' lang='lat' dir='ltr'><strong>illorum</strong></span> <span class='ocrx_word' id='word_1_166' title='bbox 1591 2370 1761 2426; x_wconf 72' lang='lat' dir='ltr'><strong>poeta:</strong></span> <span class='ocrx_word' id='word_1_167' title='bbox 1788 2361 1978 2430; x_wconf 69' lang='lat' dir='ltr'><strong>praeci-</strong></span> 
     </span>
    </p>
   </div>
   <div class='ocr_carea' id='block_1_24' title="bbox 393 2443 1975 2517">
    <p class='ocr_par' dir='ltr' id='par_1_24' title="bbox 393 2443 1975 2517">
     <span class='ocr_line' id='line_1_24' title="bbox 393 2443 1975 2517; baseline 0.006 -21"><span class='ocrx_word' id='word_1_168' title='bbox 393 2444 506 2513; x_wconf 78' lang='lat' dir='ltr'><strong>pui,</strong></span> <span class='ocrx_word' id='word_1_169' title='bbox 533 2453 586 2497; x_wconf 88' lang='lat' dir='ltr'><strong>et</strong></span> <span class='ocrx_word' id='word_1_170' title='bbox 627 2444 847 2512; x_wconf 88' lang='lat' dir='ltr'><strong>stirpes,</strong></span> <span class='ocrx_word' id='word_1_171' title='bbox 878 2453 932 2498; x_wconf 90' lang='lat' dir='ltr'><strong>et</strong></span> <span class='ocrx_word' id='word_1_172' title='bbox 966 2443 1109 2512; x_wconf 82' lang='lat' dir='ltr'><strong>ligna</strong></span> <span class='ocrx_word' id='word_1_173' title='bbox 1138 2447 1311 2501; x_wconf 88' lang='lat' dir='ltr'><strong>amari</strong></span> <span class='ocrx_word' id='word_1_174' title='bbox 1341 2449 1408 2502; x_wconf 91' lang='lat' dir='ltr'><strong>ab</strong></span> <span class='ocrx_word' id='word_1_175' title='bbox 1451 2447 1676 2517; x_wconf 88' lang='lat' dir='ltr'><strong>impuris</strong></span> <span class='ocrx_word' id='word_1_176' title='bbox 1716 2451 1975 2505; x_wconf 71' lang='lat' dir='ltr'><strong>daemoni-</strong></span> 
     </span>
    </p>
   </div>
   <div class='ocr_carea' id='block_1_25' title="bbox 391 2535 1977 2611">
    <p class='ocr_par' dir='ltr' id='par_1_25' title="bbox 391 2535 1977 2611">
     <span class='ocr_line' id='line_1_25' title="bbox 391 2535 1977 2611; baseline 0.004 -22"><span class='ocrx_word' id='word_1_177' title='bbox 391 2536 512 2601; x_wconf 92' lang='lat' dir='ltr'><strong>bus,</strong></span> <span class='ocrx_word' id='word_1_178' title='bbox 548 2550 666 2604; x_wconf 68' lang='lat' dir='ltr'><strong>qua:</strong></span> <span class='ocrx_word' id='word_1_179' title='bbox 709 2535 839 2604; x_wconf 88' lang='lat' dir='ltr'><strong>ipsis</strong></span> <span class='ocrx_word' id='word_1_180' title='bbox 871 2537 1049 2588; x_wconf 89' lang='lat' dir='ltr'><strong>nescio</strong></span> <span class='ocrx_word' id='word_1_181' title='bbox 1072 2552 1180 2605; x_wconf 86' lang='lat' dir='ltr'><strong>quo</strong></span> <span class='ocrx_word' id='word_1_182' title='bbox 1212 2539 1370 2593; x_wconf 89' lang='lat' dir='ltr'><strong>modo</strong></span> <span class='ocrx_word' id='word_1_183' title='bbox 1400 2541 1664 2611; x_wconf 84' lang='lat' dir='ltr'><strong>nymphas</strong></span> <span class='ocrx_word' id='word_1_184' title='bbox 1693 2543 1977 2598; x_wconf 89' lang='lat' dir='ltr'><strong>nominare</strong></span> 
     </span>
    </p>
   </div>
   <div class='ocr_carea' id='block_1_26' title="bbox 391 2624 1975 2700">
    <p class='ocr_par' dir='ltr' id='par_1_26' title="bbox 391 2624 1975 2700">
     <span class='ocr_line' id='line_1_26' title="bbox 391 2624 1975 2700; baseline 0.006 -20"><span class='ocrx_word' id='word_1_185' title='bbox 391 2626 737 2696; x_wconf 84' lang='lat' dir='ltr'><strong>complacuit.</strong></span> <span class='ocrx_word' id='word_1_186' title='bbox 787 2624 972 2680; x_wconf 84' lang='lat' dir='ltr'><strong>Visum</strong></span> <span class='ocrx_word' id='word_1_187' title='bbox 1011 2627 1176 2698; x_wconf 80' lang='lat' dir='ltr'><strong>igitur</strong></span> <span class='ocrx_word' id='word_1_188' title='bbox 1214 2629 1345 2694; x_wconf 90' lang='lat' dir='ltr'><strong>illis,</strong></span> <span class='ocrx_word' id='word_1_189' title='bbox 1379 2630 1577 2700; x_wconf 90' lang='lat' dir='ltr'><strong>inquit,</strong></span> <span class='ocrx_word' id='word_1_190' title='bbox 1605 2635 1800 2688; x_wconf 89' lang='lat' dir='ltr'><strong>sectari</strong></span> <span class='ocrx_word' id='word_1_191' title='bbox 1853 2651 1975 2689; x_wconf 89' lang='lat' dir='ltr'><strong>um-</strong></span> 
     </span>
    </p>
   </div>
   <div class='ocr_carea' id='block_1_27' title="bbox 391 2719 1974 2792">
    <p class='ocr_par' dir='ltr' id='par_1_27' title="bbox 391 2719 1974 2792">
     <span class='ocr_line' id='line_1_27' title="bbox 391 2719 1974 2792; baseline 0.006 -19"><span class='ocrx_word' id='word_1_192' title='bbox 391 2722 539 2783; x_wconf 87' lang='lat' dir='ltr'><strong>bras,</strong></span> <span class='ocrx_word' id='word_1_193' title='bbox 572 2729 624 2774; x_wconf 90' lang='lat' dir='ltr'><strong>et</strong></span> <span class='ocrx_word' id='word_1_194' title='bbox 672 2719 726 2772; x_wconf 90' lang='lat' dir='ltr'><strong>in</strong></span> <span class='ocrx_word' id='word_1_195' title='bbox 774 2720 1156 2774; x_wconf 82' lang='lat' dir='ltr'><strong>virentissiiuis</strong></span> <span class='ocrx_word' id='word_1_196' title='bbox 1198 2721 1427 2777; x_wconf 83' lang='lat' dir='ltr'><strong>saltibus</strong></span> <span class='ocrx_word' id='word_1_197' title='bbox 1458 2724 1668 2780; x_wconf 81' lang='lat' dir='ltr'><strong>deliciis</strong></span> <span class='ocrx_word' id='word_1_198' title='bbox 1704 2727 1974 2792; x_wconf 90' lang='lat' dir='ltr'><strong>euervari,</strong></span> 
     </span>
    </p>
   </div>
   <div class='ocr_carea' id='block_1_28' title="bbox 391 2812 1969 2882">
    <p class='ocr_par' dir='ltr' id='par_1_28' title="bbox 391 2812 1969 2882">
     <span class='ocr_line' id='line_1_28' title="bbox 391 2812 1969 2882; baseline 0.005 -18"><span class='ocrx_word' id='word_1_199' title='bbox 391 2812 784 2880; x_wconf 87' lang='lat' dir='ltr'><strong>laudantesque</strong></span> <span class='ocrx_word' id='word_1_200' title='bbox 827 2812 1030 2881; x_wconf 87' lang='lat' dir='ltr'><strong>dicere,</strong></span> <span class='ocrx_word' id='word_1_201' title='bbox 1078 2813 1246 2882; x_wconf 68' lang='lat' dir='ltr'><strong>«quia</strong></span> <span class='ocrx_word' id='word_1_202' title='bbox 1291 2815 1486 2869; x_wconf 88' lang='lat' dir='ltr'><strong>bonum</strong></span> <span class='ocrx_word' id='word_1_203' title='bbox 1528 2817 1924 2873; x_wconf 86' lang='lat' dir='ltr'><strong>urnbraculum.</strong></span> <span class='ocrx_word' id='word_1_204' title='bbox 1950 2838 1969 2872; x_wconf 80' lang='grc' dir='ltr'><strong>ι</strong></span> 
     </span>
    </p>
   </div>
   <div class='ocr_carea' id='block_1_29' title="bbox 392 2903 1972 2975">
    <p class='ocr_par' dir='ltr' id='par_1_29' title="bbox 392 2903 1972 2975">
     <span class='ocr_line' id='line_1_29' title="bbox 392 2903 1972 2975; baseline 0.005 -19"><span class='ocrx_word' id='word_1_205' title='bbox 392 2903 577 2974; x_wconf 83' lang='lat' dir='ltr'><strong>Itaque</strong></span> <span class='ocrx_word' id='word_1_206' title='bbox 603 2920 792 2959; x_wconf 86' lang='lat' dir='ltr'><strong>amans</strong></span> <span class='ocrx_word' id='word_1_207' title='bbox 816 2904 1111 2973; x_wconf 89' lang='lat' dir='ltr'><strong>voluptatis</strong></span> <span class='ocrx_word' id='word_1_208' title='bbox 1139 2921 1244 2959; x_wconf 92' lang='lat' dir='ltr'><strong>non</strong></span> <span class='ocrx_word' id='word_1_209' title='bbox 1269 2907 1468 2975; x_wconf 89' lang='lat' dir='ltr'><strong>poterit</strong></span> <span class='ocrx_word' id='word_1_210' title='bbox 1485 2921 1606 2962; x_wconf 89' lang='lat' dir='ltr'><strong>esse</strong></span> <span class='ocrx_word' id='word_1_211' title='bbox 1640 2923 1828 2964; x_wconf 88' lang='lat' dir='ltr'><strong>amans</strong></span> <span class='ocrx_word' id='word_1_212' title='bbox 1857 2907 1972 2964; x_wconf 89' lang='lat' dir='ltr'><strong>Dei.</strong></span> 
     </span>
    </p>
   </div>
   <div class='ocr_carea' id='block_1_30' title="bbox 391 2996 1970 3069">
    <p class='ocr_par' dir='ltr' id='par_1_30' title="bbox 391 2996 1970 3069">
     <span class='ocr_line' id='line_1_30' title="bbox 391 2996 1970 3069; baseline 0.003 -19"><span class='ocrx_word' id='word_1_213' title='bbox 391 2996 782 3051; x_wconf 86' lang='lat' dir='ltr'><strong>Testimonium</strong></span> <span class='ocrx_word' id='word_1_214' title='bbox 828 2996 960 3051; x_wconf 78' lang='lat' dir='ltr'><strong>feret</strong></span> <span class='ocrx_word' id='word_1_215' title='bbox 1009 2997 1229 3064; x_wconf 83' lang='lat' dir='ltr'><strong>Paulus,</strong></span> <span class='ocrx_word' id='word_1_216' title='bbox 1278 2999 1464 3053; x_wconf 88' lang='lat' dir='ltr'><strong>dicens</strong></span> <span class='ocrx_word' id='word_1_217' title='bbox 1518 3000 1585 3054; x_wconf 86' lang='lat' dir='ltr'><strong>de</strong></span> <span class='ocrx_word' id='word_1_218' title='bbox 1623 3001 1970 3069; x_wconf 88' lang='lat' dir='ltr'><strong>quibusdam,</strong></span> 
     </span>
    </p>
   </div>
   <div class='ocr_carea' id='block_1_31' title="bbox 397 3090 1970 3160">
    <p class='ocr_par' dir='ltr' id='par_1_31' title="bbox 397 3090 1970 3160">
     <span class='ocr_line' id='line_1_31' title="bbox 397 3090 1970 3160; baseline 0.003 -19"><span class='ocrx_word' id='word_1_219' title='bbox 397 3108 416 3141; x_wconf 79' lang='grc' dir='ltr'><strong>ι</strong></span> <span class='ocrx_word' id='word_1_220' title='bbox 441 3105 560 3145; x_wconf 87' lang='lat' dir='ltr'><strong>esse</strong></span> <span class='ocrx_word' id='word_1_221' title='bbox 605 3090 940 3158; x_wconf 85' lang='lat' dir='ltr'><strong>voluptatum</strong></span> <span class='ocrx_word' id='word_1_222' title='bbox 984 3100 1259 3145; x_wconf 85' lang='lat' dir='ltr'><strong>amatores</strong></span> <span class='ocrx_word' id='word_1_223' title='bbox 1299 3092 1472 3160; x_wconf 86' lang='lat' dir='ltr'><strong>magis</strong></span> <span class='ocrx_word' id='word_1_224' title='bbox 1511 3107 1672 3160; x_wconf 89' lang='lat' dir='ltr'><strong>quam</strong></span> <span class='ocrx_word' id='word_1_225' title='bbox 1725 3093 1816 3146; x_wconf 91' lang='lat' dir='ltr'><strong>Dei</strong></span> <span class='ocrx_word' id='word_1_226' title='bbox 1854 3093 1917 3148; x_wconf 74' lang='lat'><strong>“.</strong></span> <span class='ocrx_word' id='word_1_227' title='bbox 1950 3112 1970 3146; x_wconf 77' lang='grc' dir='ltr'><strong>ι</strong></span> 
     </span>
    </p>
   </div>
   <div class='ocr_carea' id='block_1_32' title="bbox 391 3181 1976 3253">
    <p class='ocr_par' dir='ltr' id='par_1_32' title="bbox 391 3181 1976 3253">
     <span class='ocr_line' id='line_1_32' title="bbox 391 3181 1976 3253; baseline 0.001 -15"><span class='ocrx_word' id='word_1_228' title='bbox 391 3183 540 3238; x_wconf 65' lang='lat' dir='ltr'><strong>Beati</strong></span> <span class='ocrx_word' id='word_1_229' title='bbox 563 3197 692 3252; x_wconf 78' lang='lat' dir='ltr'><strong>ergo</strong></span> <span class='ocrx_word' id='word_1_230' title='bbox 719 3183 809 3250; x_wconf 89' lang='lat' dir='ltr'><strong>qui</strong></span> <span class='ocrx_word' id='word_1_231' title='bbox 866 3182 1024 3237; x_wconf 90' lang='lat' dir='ltr'><strong>modo</strong></span> <span class='ocrx_word' id='word_1_232' title='bbox 1050 3182 1236 3253; x_wconf 82' lang='lat' dir='ltr'><strong>lugent</strong></span> <span class='ocrx_word' id='word_1_233' title='bbox 1268 3181 1334 3248; x_wconf 82' lang='grc'><strong>¹⁵,</strong></span> <span class='ocrx_word' id='word_1_234' title='bbox 1365 3195 1421 3237; x_wconf 85' lang='grc' dir='ltr'><strong>ιιι</strong></span> <span class='ocrx_word' id='word_1_235' title='bbox 1449 3184 1582 3237; x_wconf 88' lang='lat' dir='ltr'><strong>dicit</strong></span> <span class='ocrx_word' id='word_1_236' title='bbox 1620 3182 1886 3250; x_wconf 83' lang='lat' dir='ltr'><strong>Salvator,</strong></span> <span class='ocrx_word' id='word_1_237' title='bbox 1921 3195 1976 3240; x_wconf 88' lang='lat' dir='ltr'><strong>et</strong></span> 
     </span>
    </p>
   </div>
   <div class='ocr_carea' id='block_1_33' title="bbox 392 3273 1975 3348">
    <p class='ocr_par' dir='ltr' id='par_1_33' title="bbox 392 3273 1975 3348">
     <span class='ocr_line' id='line_1_33' title="bbox 392 3273 1975 3348; baseline 0.003 -20"><span class='ocrx_word' id='word_1_238' title='bbox 392 3276 650 3346; x_wconf 82' lang='lat' dir='ltr'><strong>patientia</strong></span> <span class='ocrx_word' id='word_1_239' title='bbox 693 3275 745 3328; x_wconf 93' lang='lat' dir='ltr'><strong>in</strong></span> <span class='ocrx_word' id='word_1_240' title='bbox 785 3273 1057 3330; x_wconf 86' lang='lat' dir='ltr'><strong>laboribus</strong></span> <span class='ocrx_word' id='word_1_241' title='bbox 1111 3275 1333 3330; x_wconf 86' lang='lat' dir='ltr'><strong>utilibus</strong></span> <span class='ocrx_word' id='word_1_242' title='bbox 1367 3275 1710 3346; x_wconf 86' lang='lat' dir='ltr'><strong>suspicienda</strong></span> <span class='ocrx_word' id='word_1_243' title='bbox 1753 3292 1975 3348; x_wconf 83' lang='lat' dir='ltr'><strong>magno-</strong></span> 
     </span>
    </p>
   </div>
   <div class='ocr_carea' id='block_1_34' title="bbox 392 3366 1057 3436">
    <p class='ocr_par' dir='ltr' id='par_1_34' title="bbox 392 3366 1057 3436">
     <span class='ocr_line' id='line_1_34' title="bbox 392 3366 1057 3436; baseline -0.002 -17"><span class='ocrx_word' id='word_1_244' title='bbox 392 3381 519 3436; x_wconf 83' lang='lat' dir='ltr'><strong>pere</strong></span> <span class='ocrx_word' id='word_1_245' title='bbox 551 3380 616 3420; x_wconf 91' lang='lat' dir='ltr'><strong>ac</strong></span> <span class='ocrx_word' id='word_1_246' title='bbox 643 3366 916 3436; x_wconf 86' lang='lat' dir='ltr'><strong>diligenda</strong></span> <span class='ocrx_word' id='word_1_247' title='bbox 954 3374 1057 3421; x_wconf 85' lang='lat' dir='ltr'><strong>est.</strong></span> 
     </span>
    </p>
   </div>
   <div class='ocr_carea' id='block_1_35' title="bbox 467 3457 1963 3535">
    <p class='ocr_par' dir='ltr' id='par_1_35' title="bbox 467 3457 1963 3535">
     <span class='ocr_line' id='line_1_35' title="bbox 467 3457 1963 3535; baseline 0.003 -24"><span class='ocrx_word' id='word_1_248' title='bbox 467 3457 628 3513; x_wconf 73' lang='lat' dir='ltr'><strong>Vens.</strong></span> <span class='ocrx_word' id='word_1_249' title='bbox 663 3457 751 3512; x_wconf 75' lang='grc'><strong>14.</strong></span> <span class='ocrx_word' id='word_1_250' title='bbox 787 3457 1076 3526; x_wconf 75' lang='lat' dir='ltr'><strong>Propterea</strong></span> <span class='ocrx_word' id='word_1_251' title='bbox 1141 3459 1547 3535; x_wconf 76' lang='lat' dir='ltr'><strong>farnicabuntur</strong></span> <span class='ocrx_word' id='word_1_252' title='bbox 1585 3459 1718 3527; x_wconf 75' lang='lat' dir='ltr'><strong>ﬁlia:</strong></span> <span class='ocrx_word' id='word_1_253' title='bbox 1762 3469 1963 3528; x_wconf 76' lang='lat' dir='ltr'><strong>vestrw,</strong></span> 
     </span>
    </p>
   </div>
   <div class='ocr_carea' id='block_1_36' title="bbox 389 3551 1973 3621">
    <p class='ocr_par' dir='ltr' id='par_1_36' title="bbox 389 3551 1973 3621">
     <span class='ocr_line' id='line_1_36' title="bbox 389 3551 1973 3621; baseline 0.001 -19"><span class='ocrx_word' id='word_1_254' title='bbox 389 3559 439 3602; x_wconf 72' lang='lat' dir='ltr'><strong>et</strong></span> <span class='ocrx_word' id='word_1_255' title='bbox 465 3565 670 3617; x_wconf 71' lang='lat' dir='ltr'><strong>sponsre</strong></span> <span class='ocrx_word' id='word_1_256' title='bbox 700 3561 881 3605; x_wconf 69' lang='lat' dir='ltr'><strong>vestrae</strong></span> <span class='ocrx_word' id='word_1_257' title='bbox 911 3551 1324 3605; x_wconf 74' lang='lat' dir='ltr'><strong>intechabuntur.</strong></span> <span class='ocrx_word' id='word_1_258' title='bbox 1345 3552 1412 3604; x_wconf 88' lang='lat' dir='ltr'><strong>Et</strong></span> <span class='ocrx_word' id='word_1_259' title='bbox 1443 3568 1544 3605; x_wconf 86' lang='lat' dir='ltr'><strong>non</strong></span> <span class='ocrx_word' id='word_1_260' title='bbox 1575 3552 1788 3606; x_wconf 79' lang='lat' dir='ltr'><strong>visitabo</strong></span> <span class='ocrx_word' id='word_1_261' title='bbox 1817 3568 1973 3621; x_wconf 86' lang='lat' dir='ltr'><strong>super</strong></span> 
     </span>
    </p>
   </div>
   <div class='ocr_carea' id='block_1_37' title="bbox 390 3641 1974 3712">
    <p class='ocr_par' dir='ltr' id='par_1_37' title="bbox 390 3641 1974 3712">
     <span class='ocr_line' id='line_1_37' title="bbox 390 3641 1974 3712; baseline 0.003 -18"><span class='ocrx_word' id='word_1_262' title='bbox 390 3641 530 3709; x_wconf 81' lang='lat' dir='ltr'><strong>ﬁlias</strong></span> <span class='ocrx_word' id='word_1_263' title='bbox 561 3651 757 3696; x_wconf 82' lang='lat' dir='ltr'><strong>vestras</strong></span> <span class='ocrx_word' id='word_1_264' title='bbox 789 3658 905 3695; x_wconf 84' lang='lat' dir='ltr'><strong>cum</strong></span> <span class='ocrx_word' id='word_1_265' title='bbox 937 3643 1216 3711; x_wconf 74' lang='lat' dir='ltr'><strong>fornicata:</strong></span> <span class='ocrx_word' id='word_1_266' title='bbox 1246 3643 1466 3712; x_wconf 76' lang='lat' dir='ltr'><strong>fuerint,</strong></span> <span class='ocrx_word' id='word_1_267' title='bbox 1502 3656 1551 3696; x_wconf 84' lang='lat' dir='ltr'><strong>et</strong></span> <span class='ocrx_word' id='word_1_268' title='bbox 1576 3659 1732 3711; x_wconf 83' lang='lat' dir='ltr'><strong>super</strong></span> <span class='ocrx_word' id='word_1_269' title='bbox 1756 3661 1974 3710; x_wconf 76' lang='lat' dir='ltr'><strong>sponsas</strong></span> 
     </span>
    </p>
   </div>
   <div class='ocr_carea' id='block_1_38' title="bbox 389 3731 1974 3802">
    <p class='ocr_par' dir='ltr' id='par_1_38' title="bbox 389 3731 1974 3802">
     <span class='ocr_line' id='line_1_38' title="bbox 389 3731 1974 3802; baseline 0 -15"><span class='ocrx_word' id='word_1_270' title='bbox 389 3741 607 3794; x_wconf 71' lang='lat' dir='ltr'><strong>vestras,</strong></span> <span class='ocrx_word' id='word_1_271' title='bbox 639 3749 756 3786; x_wconf 87' lang='lat' dir='ltr'><strong>cum</strong></span> <span class='ocrx_word' id='word_1_272' title='bbox 799 3731 1114 3786; x_wconf 69' lang='lat' dir='ltr'><strong>adulterata!</strong></span> <span class='ocrx_word' id='word_1_273' title='bbox 1155 3732 1393 3801; x_wconf 79' lang='lat' dir='ltr'><strong>fuerint;</strong></span> <span class='ocrx_word' id='word_1_274' title='bbox 1433 3734 1681 3802; x_wconf 85' lang='lat' dir='ltr'><strong>quoniam</strong></span> <span class='ocrx_word' id='word_1_275' title='bbox 1718 3733 1820 3800; x_wconf 80' lang='lat' dir='ltr'><strong>ipsi</strong></span> <span class='ocrx_word' id='word_1_276' title='bbox 1855 3749 1974 3787; x_wconf 83' lang='lat' dir='ltr'><strong>cum</strong></span> 
     </span>
    </p>
   </div>
   <div class='ocr_carea' id='block_1_39' title="bbox 391 3823 1974 3890">
    <p class='ocr_par' dir='ltr' id='par_1_39' title="bbox 391 3823 1974 3890">
     <span class='ocr_line' id='line_1_39' title="bbox 391 3823 1974 3890; baseline 0.003 -14"><span class='ocrx_word' id='word_1_277' title='bbox 391 3825 750 3878; x_wconf 83' lang='lat' dir='ltr'><strong>meretricibus</strong></span> <span class='ocrx_word' id='word_1_278' title='bbox 777 3823 1268 3890; x_wconf 81' lang='lat' dir='ltr'><strong>commiseebantur,</strong></span> <span class='ocrx_word' id='word_1_279' title='bbox 1299 3833 1348 3878; x_wconf 86' lang='lat' dir='ltr'><strong>et</strong></span> <span class='ocrx_word' id='word_1_280' title='bbox 1377 3841 1494 3878; x_wconf 86' lang='lat' dir='ltr'><strong>cum</strong></span> <span class='ocrx_word' id='word_1_281' title='bbox 1531 3825 1756 3878; x_wconf 85' lang='lat' dir='ltr'><strong>initiatis</strong></span> <span class='ocrx_word' id='word_1_282' title='bbox 1793 3826 1974 3880; x_wconf 87' lang='lat' dir='ltr'><strong><em>immo-</em></strong></span> 
     </span>
    </p>
   </div>
   <div class='ocr_carea' id='block_1_40' title="bbox 388 3913 594 3967">
    <p class='ocr_par' dir='ltr' id='par_1_40' title="bbox 388 3913 594 3967">
     <span class='ocr_line' id='line_1_40' title="bbox 388 3913 594 3967; baseline 0.005 -2"><span class='ocrx_word' id='word_1_283' title='bbox 388 3913 594 3967; x_wconf 84' lang='lat' dir='ltr'><strong>labant.</strong></span> 
     </span>
    </p>
   </div>
   <div class='ocr_carea' id='block_1_41' title="bbox 462 4003 1972 4078">
    <p class='ocr_par' dir='ltr' id='par_1_41' title="bbox 462 4003 1972 4078">
     <span class='ocr_line' id='line_1_41' title="bbox 462 4003 1972 4078; baseline 0.004 -20"><span class='ocrx_word' id='word_1_284' title='bbox 462 4003 646 4060; x_wconf 74' lang='lat' dir='ltr'><strong>XLVI.</strong></span> <span class='ocrx_word' id='word_1_285' title='bbox 667 4005 803 4072; x_wconf 86' lang='lat' dir='ltr'><strong>Quia</strong></span> <span class='ocrx_word' id='word_1_286' title='bbox 831 4006 996 4072; x_wconf 88' lang='lat' dir='ltr'><strong>enim,</strong></span> <span class='ocrx_word' id='word_1_287' title='bbox 1027 4005 1224 4076; x_wconf 88' lang='lat' dir='ltr'><strong>inquit,</strong></span> <span class='ocrx_word' id='word_1_288' title='bbox 1256 4006 1513 4061; x_wconf 78' lang='lat' dir='ltr'><strong>eximium</strong></span> <span class='ocrx_word' id='word_1_289' title='bbox 1543 4009 1796 4078; x_wconf 87' lang='lat' dir='ltr'><strong>quiddam</strong></span> <span class='ocrx_word' id='word_1_290' title='bbox 1819 4009 1972 4064; x_wconf 87' lang='lat' dir='ltr'><strong>vide-</strong></span> 
     </span>
    </p>
   </div>
   <div class='ocr_carea' id='block_1_42' title="bbox 392 4099 1974 4169">
    <p class='ocr_par' dir='ltr' id='par_1_42' title="bbox 392 4099 1974 4169">
     <span class='ocr_line' id='line_1_42' title="bbox 392 4099 1974 4169; baseline 0.003 -19"><span class='ocrx_word' id='word_1_291' title='bbox 392 4107 501 4163; x_wconf 90' lang='lat' dir='ltr'><strong>tur,</strong></span> <span class='ocrx_word' id='word_1_292' title='bbox 533 4099 630 4151; x_wconf 89' lang='lat' dir='ltr'><strong>sub</strong></span> <span class='ocrx_word' id='word_1_293' title='bbox 661 4099 857 4152; x_wconf 88' lang='lat' dir='ltr'><strong>arbore</strong></span> <span class='ocrx_word' id='word_1_294' title='bbox 880 4107 934 4151; x_wconf 92' lang='lat' dir='ltr'><strong>et</strong></span> <span class='ocrx_word' id='word_1_295' title='bbox 961 4099 1167 4153; x_wconf 88' lang='lat' dir='ltr'><strong>umbris</strong></span> <span class='ocrx_word' id='word_1_296' title='bbox 1193 4099 1422 4153; x_wconf 90' lang='lat' dir='ltr'><strong>emolliri</strong></span> <span class='ocrx_word' id='word_1_297' title='bbox 1465 4110 1626 4169; x_wconf 85' lang='lat' dir='ltr'><strong>atque</strong></span> <span class='ocrx_word' id='word_1_298' title='bbox 1658 4101 1900 4164; x_wconf 87' lang='lat' dir='ltr'><strong>dissolvi,</strong></span> <span class='ocrx_word' id='word_1_299' title='bbox 1920 4109 1974 4156; x_wconf 91' lang='lat' dir='ltr'><strong>et</strong></span> 
     </span>
    </p>
   </div>
   <div class='ocr_carea' id='block_1_43' title="bbox 387 4189 1970 4262">
    <p class='ocr_par' dir='ltr' id='par_1_43' title="bbox 387 4189 1970 4262">
     <span class='ocr_line' id='line_1_43' title="bbox 387 4189 1970 4262; baseline 0.003 -20"><span class='ocrx_word' id='word_1_300' title='bbox 387 4189 648 4259; x_wconf 84' lang='lat' dir='ltr'><strong>voluptati</strong></span> <span class='ocrx_word' id='word_1_301' title='bbox 683 4189 919 4244; x_wconf 78' lang='lat' dir='ltr'><strong>duxistis</strong></span> <span class='ocrx_word' id='word_1_302' title='bbox 941 4192 1081 4260; x_wconf 90' lang='lat' dir='ltr'><strong>quod</strong></span> <span class='ocrx_word' id='word_1_303' title='bbox 1115 4192 1244 4246; x_wconf 90' lang='lat' dir='ltr'><strong>mihi</strong></span> <span class='ocrx_word' id='word_1_304' title='bbox 1281 4192 1548 4262; x_wconf 90' lang='lat' dir='ltr'><strong>displicet,</strong></span> <span class='ocrx_word' id='word_1_305' title='bbox 1584 4193 1970 4248; x_wconf 80' lang='lat' dir='ltr'><strong>exsecrabilem</strong></span> 
     </span>
    </p>
   </div>
   <div class='ocr_carea' id='block_1_44' title="bbox 387 4281 1969 4354">
    <p class='ocr_par' dir='ltr' id='par_1_44' title="bbox 387 4281 1969 4354">
     <span class='ocr_line' id='line_1_44' title="bbox 387 4281 1969 4354; baseline 0.003 -20"><span class='ocrx_word' id='word_1_306' title='bbox 387 4281 641 4336; x_wconf 82' lang='lat' dir='ltr'><strong>videlicet</strong></span> <span class='ocrx_word' id='word_1_307' title='bbox 681 4283 1054 4337; x_wconf 88' lang='lat' dir='ltr'><strong>seductionem</strong></span> <span class='ocrx_word' id='word_1_308' title='bbox 1099 4293 1155 4338; x_wconf 90' lang='lat' dir='ltr'><strong>et</strong></span> <span class='ocrx_word' id='word_1_309' title='bbox 1195 4283 1588 4338; x_wconf 88' lang='lat' dir='ltr'><strong>immunditiam</strong></span> <span class='ocrx_word' id='word_1_310' title='bbox 1630 4301 1645 4338; x_wconf 88' lang='lat'><strong>:</strong></span> <span class='ocrx_word' id='word_1_311' title='bbox 1687 4294 1969 4354; x_wconf 88' lang='lat' dir='ltr'><strong>propterea</strong></span> 
     </span>
    </p>
   </div>
   <div class='ocr_carea' id='block_1_45' title="bbox 388 4373 1968 4444">
    <p class='ocr_par' dir='ltr' id='par_1_45' title="bbox 388 4373 1968 4444">
     <span class='ocr_line' id='line_1_45' title="bbox 388 4373 1968 4444; baseline 0 -17"><span class='ocrx_word' id='word_1_312' title='bbox 388 4373 800 4428; x_wconf 79' lang='lat' dir='ltr'><strong>iuruicabuntur</strong></span> <span class='ocrx_word' id='word_1_313' title='bbox 838 4375 958 4429; x_wconf 72' lang='lat' dir='ltr'><strong>ﬁliae</strong></span> <span class='ocrx_word' id='word_1_314' title='bbox 995 4383 1214 4442; x_wconf 69' lang='grc' dir='ltr'>νοειτιιις</span> <span class='ocrx_word' id='word_1_315' title='bbox 1243 4390 1456 4444; x_wconf 61' lang='lat' dir='ltr'><strong>sponsae</strong></span> <span class='ocrx_word' id='word_1_316' title='bbox 1488 4385 1690 4440; x_wconf 88' lang='lat' dir='ltr'><strong>autem,</strong></span> <span class='ocrx_word' id='word_1_317' title='bbox 1737 4377 1838 4430; x_wconf 91' lang='lat' dir='ltr'><strong>hoc</strong></span> <span class='ocrx_word' id='word_1_318' title='bbox 1861 4388 1968 4440; x_wconf 86' lang='lat' dir='ltr'><strong>est,</strong></span> 
     </span>
    </p>
   </div>
   <div class='ocr_carea' id='block_1_46' title="bbox 389 4465 1968 4536">
    <p class='ocr_par' dir='ltr' id='par_1_46' title="bbox 389 4465 1968 4536">
     <span class='ocr_line' id='line_1_46' title="bbox 389 4465 1968 4536; baseline 0.001 -18"><span class='ocrx_word' id='word_1_319' title='bbox 389 4465 620 4520; x_wconf 88' lang='lat' dir='ltr'><strong>ﬁliorum</strong></span> <span class='ocrx_word' id='word_1_320' title='bbox 676 4481 907 4532; x_wconf 78' lang='lat' dir='ltr'><strong>uxores,</strong></span> <span class='ocrx_word' id='word_1_321' title='bbox 958 4467 1223 4521; x_wconf 86' lang='lat' dir='ltr'><strong>adulteria</strong></span> <span class='ocrx_word' id='word_1_322' title='bbox 1274 4467 1703 4536; x_wconf 76' lang='lat' dir='ltr'><strong>perpetrabunt.</strong></span> <span class='ocrx_word' id='word_1_323' title='bbox 1736 4467 1800 4520; x_wconf 83' lang='lat' dir='ltr'><strong>Et</strong></span> <span class='ocrx_word' id='word_1_324' title='bbox 1845 4482 1968 4520; x_wconf 89' lang='lat' dir='ltr'><strong>cum</strong></span> 
     </span>
    </p>
   </div>
   <div class='ocr_carea' id='block_1_47' title="bbox 390 4559 1971 4628">
    <p class='ocr_par' dir='ltr' id='par_1_47' title="bbox 390 4559 1971 4628">
     <span class='ocr_line' id='line_1_47' title="bbox 390 4559 1971 4628; baseline 0.003 -18"><span class='ocrx_word' id='word_1_325' title='bbox 390 4559 504 4610; x_wconf 65' lang='lat' dir='ltr'><strong>hare</strong></span> <span class='ocrx_word' id='word_1_326' title='bbox 542 4559 889 4628; x_wconf 86' lang='lat' dir='ltr'><strong>contigerint,</strong></span> <span class='ocrx_word' id='word_1_327' title='bbox 922 4560 1198 4628; x_wconf 85' lang='lat' dir='ltr'><strong>quiescam</strong></span> <span class='ocrx_word' id='word_1_328' title='bbox 1239 4567 1294 4612; x_wconf 90' lang='lat' dir='ltr'><strong>et</strong></span> <span class='ocrx_word' id='word_1_329' title='bbox 1319 4573 1439 4628; x_wconf 85' lang='lat' dir='ltr'><strong>ego,</strong></span> <span class='ocrx_word' id='word_1_330' title='bbox 1473 4574 1572 4613; x_wconf 90' lang='lat' dir='ltr'><strong>nec</strong></span> <span class='ocrx_word' id='word_1_331' title='bbox 1603 4559 1852 4612; x_wconf 85' lang='lat' dir='ltr'><strong>visitabo.</strong></span> <span class='ocrx_word' id='word_1_332' title='bbox 1879 4559 1971 4614; x_wconf 78' lang='lat' dir='ltr'><strong>Vi-</strong></span> 
     </span>
    </p>
   </div>
   <div class='ocr_carea' id='block_1_48' title="bbox 387 4649 1970 4719">
    <p class='ocr_par' dir='ltr' id='par_1_48' title="bbox 387 4649 1970 4719">
     <span class='ocr_line' id='line_1_48' title="bbox 387 4649 1970 4719; baseline 0 -16"><span class='ocrx_word' id='word_1_333' title='bbox 387 4651 544 4703; x_wconf 89' lang='lat' dir='ltr'><strong>detur</strong></span> <span class='ocrx_word' id='word_1_334' title='bbox 565 4664 694 4703; x_wconf 88' lang='lat' dir='ltr'><strong>sane</strong></span> <span class='ocrx_word' id='word_1_335' title='bbox 725 4664 819 4718; x_wconf 90' lang='lat' dir='ltr'><strong>per</strong></span> <span class='ocrx_word' id='word_1_336' title='bbox 845 4650 958 4704; x_wconf 87' lang='lat' dir='ltr'><strong>haec</strong></span> <span class='ocrx_word' id='word_1_337' title='bbox 987 4650 1172 4704; x_wconf 90' lang='lat' dir='ltr'><strong>clades</strong></span> <span class='ocrx_word' id='word_1_338' title='bbox 1199 4649 1344 4713; x_wconf 89' lang='lat' dir='ltr'><strong>belli,</strong></span> <span class='ocrx_word' id='word_1_339' title='bbox 1363 4661 1412 4704; x_wconf 88' lang='lat' dir='ltr'><strong>et</strong></span> <span class='ocrx_word' id='word_1_340' title='bbox 1437 4650 1776 4703; x_wconf 86' lang='lat' dir='ltr'><strong>incommoda</strong></span> <span class='ocrx_word' id='word_1_341' title='bbox 1798 4650 1970 4719; x_wconf 87' lang='lat' dir='ltr'><strong>capti-</strong></span> 
     </span>
    </p>
   </div>
   <div class='ocr_carea' id='block_1_49' title="bbox 2084 792 3671 860">
    <p class='ocr_par' dir='ltr' id='par_1_49' title="bbox 2084 792 3671 860">
     <span class='ocr_line' id='line_1_49' title="bbox 2084 792 3671 860; baseline -0.004 -10"><span class='ocrx_word' id='word_1_342' title='bbox 2084 813 2316 850; x_wconf 84' lang='grc' dir='ltr'>νευσαν</span> <span class='ocrx_word' id='word_1_343' title='bbox 2347 796 2464 850; x_wconf 83' lang='grc' dir='ltr'>ἀπὸ</span> <span class='ocrx_word' id='word_1_344' title='bbox 2491 794 2600 849; x_wconf 88' lang='grc' dir='ltr'><strong>τοῦ</strong></span> <span class='ocrx_word' id='word_1_345' title='bbox 2636 795 2786 850; x_wconf 83' lang='grc' dir='ltr'><strong>Θεοῦ</strong></span> <span class='ocrx_word' id='word_1_346' title='bbox 2819 792 3040 849; x_wconf 85' lang='grc' dir='ltr'>αὐτῶν.</span> <span class='ocrx_word' id='word_1_347' title='bbox 3071 793 3204 848; x_wconf 78' lang='grc' dir='ltr'><strong>Ἐπὶ</strong></span> <span class='ocrx_word' id='word_1_348' title='bbox 3245 793 3353 859; x_wconf 85' lang='grc' dir='ltr'>τὰς</span> <span class='ocrx_word' id='word_1_349' title='bbox 3400 793 3671 860; x_wconf 65' lang='grc' dir='ltr'>κορυφὰς</span> 
     </span>
    </p>
   </div>
   <div class='ocr_carea' id='block_1_50' title="bbox 2083 881 3670 956">
    <p class='ocr_par' dir='ltr' id='par_1_50' title="bbox 2083 881 3670 956">
     <span class='ocr_line' id='line_1_50' title="bbox 2083 881 3670 956; baseline -0.004 -17"><span class='ocrx_word' id='word_1_350' title='bbox 2083 887 2204 940; x_wconf 82' lang='grc' dir='ltr'><strong>τῶν</strong></span> <span class='ocrx_word' id='word_1_351' title='bbox 2234 888 2418 956; x_wconf 80' lang='grc' dir='ltr'>ὀρέων</span> <span class='ocrx_word' id='word_1_352' title='bbox 2443 887 2777 952; x_wconf 75' lang='grc' dir='ltr'>ἐθυσίαζον,</span> <span class='ocrx_word' id='word_1_353' title='bbox 2801 887 2899 940; x_wconf 81' lang='grc' dir='ltr'>καὶ</span> <span class='ocrx_word' id='word_1_354' title='bbox 2918 885 3017 940; x_wconf 82' lang='grc' dir='ltr'><strong>ἐπὶ</strong></span> <span class='ocrx_word' id='word_1_355' title='bbox 3043 883 3183 950; x_wconf 86' lang='grc' dir='ltr'>τοὺς</span> <span class='ocrx_word' id='word_1_356' title='bbox 3206 881 3477 948; x_wconf 79' lang='grc' dir='ltr'>,βουνοὺς</span> <span class='ocrx_word' id='word_1_357' title='bbox 3494 881 3670 935; x_wconf 70' lang='grc' dir='ltr'>ἔθυον</span> 
     </span>
    </p>
   </div>
   <div class='ocr_carea' id='block_1_51' title="bbox 2084 975 3669 1049">
    <p class='ocr_par' dir='ltr' id='par_1_51' title="bbox 2084 975 3669 1049">
     <span class='ocr_line' id='line_1_51' title="bbox 2084 975 3669 1049; baseline -0.006 -14"><span class='ocrx_word' id='word_1_358' title='bbox 2084 980 2360 1036; x_wconf 77' lang='grc' dir='ltr'><strong>ὑποκάτω</strong></span> <span class='ocrx_word' id='word_1_359' title='bbox 2415 980 2619 1049; x_wconf 83' lang='grc' dir='ltr'>δρυὸς,</span> <span class='ocrx_word' id='word_1_360' title='bbox 2668 980 2769 1033; x_wconf 77' lang='grc' dir='ltr'>καὶ</span> <span class='ocrx_word' id='word_1_361' title='bbox 2811 979 3060 1046; x_wconf 73' lang='grc' dir='ltr'>λεύκης,</span> <span class='ocrx_word' id='word_1_362' title='bbox 3107 975 3209 1030; x_wconf 77' lang='grc' dir='ltr'>καὶ</span> <span class='ocrx_word' id='word_1_363' title='bbox 3257 975 3513 1043; x_wconf 81' lang='grc' dir='ltr'>δένδρου</span> <span class='ocrx_word' id='word_1_364' title='bbox 3556 987 3669 1026; x_wconf 88' lang='grc' dir='ltr'><strong>συ-</strong></span> 
     </span>
    </p>
   </div>
   <div class='ocr_carea' id='block_1_52' title="bbox 2083 1070 3062 1140">
    <p class='ocr_par' dir='ltr' id='par_1_52' title="bbox 2083 1070 3062 1140">
     <span class='ocr_line' id='line_1_52' title="bbox 2083 1070 3062 1140; baseline 0 -14"><span class='ocrx_word' id='word_1_365' title='bbox 2083 1071 2455 1137; x_wconf 82' lang='grc' dir='ltr'>σκιάζοντος,</span> <span class='ocrx_word' id='word_1_366' title='bbox 2484 1071 2577 1126; x_wconf 75' lang='grc' dir='ltr'>ὅτι</span> <span class='ocrx_word' id='word_1_367' title='bbox 2617 1072 2814 1125; x_wconf 72' lang='grc' dir='ltr'>καλέν</span> <span class='ocrx_word' id='word_1_368' title='bbox 2841 1070 3062 1140; x_wconf 84' lang='grc' dir='ltr'><strong>σκέπη.</strong></span> 
     </span>
    </p>
   </div>
   <div class='ocr_carea' id='block_1_53' title="bbox 2155 1159 3667 1234">
    <p class='ocr_par' dir='ltr' id='par_1_53' title="bbox 2155 1159 3667 1234">
     <span class='ocr_line' id='line_1_53' title="bbox 2155 1159 3667 1234; baseline -0.003 -15"><span class='ocrx_word' id='word_1_369' title='bbox 2155 1166 2288 1220; x_wconf 86' lang='lat' dir='ltr'><strong>ME&#39;.</strong></span> <span class='ocrx_word' id='word_1_370' title='bbox 2329 1165 2451 1217; x_wconf 73' lang='grc' dir='ltr'>Ὀτι</span> <span class='ocrx_word' id='word_1_371' title='bbox 2475 1165 2549 1234; x_wconf 81' lang='grc' dir='ltr'>μὴ</span> <span class='ocrx_word' id='word_1_372' title='bbox 2570 1163 2692 1234; x_wconf 83' lang='grc' dir='ltr'>δίχα</span> <span class='ocrx_word' id='word_1_373' title='bbox 2712 1163 3041 1234; x_wconf 82' lang='grc' dir='ltr'>πνευμάτων</span> <span class='ocrx_word' id='word_1_374' title='bbox 3067 1163 3179 1216; x_wconf 90' lang='grc' dir='ltr'><strong>τῶν</strong></span> <span class='ocrx_word' id='word_1_375' title='bbox 3206 1161 3538 1233; x_wconf 85' lang='grc' dir='ltr'>ἀκαθάρτων</span> <span class='ocrx_word' id='word_1_376' title='bbox 3574 1159 3667 1214; x_wconf 74' lang='grc' dir='ltr'><strong>καὶ</strong></span> 
     </span>
    </p>
   </div>
   <div class='ocr_carea' id='block_1_54' title="bbox 2085 1252 3666 1331">
    <p class='ocr_par' dir='ltr' id='par_1_54' title="bbox 2085 1252 3666 1331">
     <span class='ocr_line' id='line_1_54' title="bbox 2085 1252 3666 1331; baseline -0.003 -20"><span class='ocrx_word' id='word_1_377' title='bbox 2085 1258 2340 1331; x_wconf 87' lang='grc' dir='ltr'>πονηρῶν</span> <span class='ocrx_word' id='word_1_378' title='bbox 2365 1260 2433 1312; x_wconf 86' lang='grc' dir='ltr'>τὰ</span> <span class='ocrx_word' id='word_1_379' title='bbox 2453 1259 2632 1312; x_wconf 82' lang='grc' dir='ltr'>τοιάδε</span> <span class='ocrx_word' id='word_1_380' title='bbox 2650 1257 2974 1329; x_wconf 87' lang='grc' dir='ltr'>πράττεται,</span> <span class='ocrx_word' id='word_1_381' title='bbox 2990 1255 3232 1309; x_wconf 83' lang='grc' dir='ltr'><strong>διδάσκει</strong></span> <span class='ocrx_word' id='word_1_382' title='bbox 3252 1253 3462 1323; x_wconf 80' lang='grc' dir='ltr'><strong>σαφῶς.</strong></span> <span class='ocrx_word' id='word_1_383' title='bbox 3482 1252 3666 1307; x_wconf 80' lang='grc' dir='ltr'>Ἀπαν</span> 
     </span>
    </p>
   </div>
   <div class='ocr_carea' id='block_1_55' title="bbox 2083 1344 3665 1422">
    <p class='ocr_par' dir='ltr' id='par_1_55' title="bbox 2083 1344 3665 1422">
     <span class='ocr_line' id='line_1_55' title="bbox 2083 1344 3665 1422; baseline -0.003 -19"><span class='ocrx_word' id='word_1_384' title='bbox 2083 1350 2193 1421; x_wconf 84' lang='grc' dir='ltr'>γὰρ</span> <span class='ocrx_word' id='word_1_385' title='bbox 2222 1349 2359 1414; x_wconf 80' lang='grc' dir='ltr'>εἶδος</span> <span class='ocrx_word' id='word_1_386' title='bbox 2402 1351 2753 1422; x_wconf 80' lang='grc' dir='ltr'>φαυλότητος,</span> <span class='ocrx_word' id='word_1_387' title='bbox 2805 1348 2936 1421; x_wconf 87' lang='grc' dir='ltr'>παρ’</span> <span class='ocrx_word' id='word_1_388' title='bbox 2967 1348 3192 1401; x_wconf 74' lang='grc' dir='ltr'>ἐκείνων</span> <span class='ocrx_word' id='word_1_389' title='bbox 3237 1346 3376 1403; x_wconf 78' lang='grc' dir='ltr'>ἐστί.</span> <span class='ocrx_word' id='word_1_390' title='bbox 3413 1345 3524 1399; x_wconf 78' lang='grc' dir='ltr'><strong>Καὶ</strong></span> <span class='ocrx_word' id='word_1_391' title='bbox 3555 1344 3665 1399; x_wconf 88' lang='grc' dir='ltr'><strong>τῶν</strong></span> 
     </span>
    </p>
   </div>
   <div class='ocr_carea' id='block_1_56' title="bbox 2083 1434 3665 1513">
    <p class='ocr_par' dir='ltr' id='par_1_56' title="bbox 2083 1434 3665 1513">
     <span class='ocr_line' id='line_1_56' title="bbox 2083 1434 3665 1513; baseline -0.004 -17"><span class='ocrx_word' id='word_1_392' title='bbox 2083 1444 2378 1513; x_wconf 82' lang='grc' dir='ltr'>αἰσχίστων</span> <span class='ocrx_word' id='word_1_393' title='bbox 2432 1443 2586 1496; x_wconf 76' lang='grc' dir='ltr'>οὐδὲν</span> <span class='ocrx_word' id='word_1_394' title='bbox 2627 1441 3048 1512; x_wconf 81' lang='grc' dir='ltr'>ἀνεπιτήδευτον</span> <span class='ocrx_word' id='word_1_395' title='bbox 3087 1441 3200 1501; x_wconf 85' lang='grc' dir='ltr'>τοῖς</span> <span class='ocrx_word' id='word_1_396' title='bbox 3246 1436 3317 1491; x_wconf 86' lang='grc' dir='ltr'>τὰ</span> <span class='ocrx_word' id='word_1_397' title='bbox 3349 1436 3534 1499; x_wconf 83' lang='grc' dir='ltr'>αὐτοῖς</span> <span class='ocrx_word' id='word_1_398' title='bbox 3581 1434 3665 1489; x_wconf 87' lang='grc' dir='ltr'>δο-</span> 
     </span>
    </p>
   </div>
   <div class='ocr_carea' id='block_1_57' title="bbox 2082 1528 3662 1607">
    <p class='ocr_par' dir='ltr' id='par_1_57' title="bbox 2082 1528 3662 1607">
     <span class='ocr_line' id='line_1_57' title="bbox 2082 1528 3662 1607; baseline -0.003 -19"><span class='ocrx_word' id='word_1_399' title='bbox 2082 1534 2286 1590; x_wconf 89' lang='grc' dir='ltr'>κοῦντα</span> <span class='ocrx_word' id='word_1_400' title='bbox 2313 1535 2555 1606; x_wconf 84' lang='grc' dir='ltr'>πληροῦν</span> <span class='ocrx_word' id='word_1_401' title='bbox 2578 1534 2900 1607; x_wconf 79' lang='grc' dir='ltr'>ᾑρημένοις.</span> <span class='ocrx_word' id='word_1_402' title='bbox 2943 1552 2961 1584; x_wconf 83' lang='grc' dir='ltr'><strong>ι</strong></span> <span class='ocrx_word' id='word_1_403' title='bbox 2996 1532 3376 1603; x_wconf 87' lang='grc' dir='ltr'>Πεπλάνηνται</span> <span class='ocrx_word' id='word_1_404' title='bbox 3409 1549 3430 1584; x_wconf 72' lang='grc' dir='ltr'><strong>ι</strong></span> <span class='ocrx_word' id='word_1_405' title='bbox 3461 1528 3662 1595; x_wconf 89' lang='grc' dir='ltr'>τοίνυν,</span> 
     </span>
    </p>
   </div>
   <div class='ocr_carea' id='block_1_58' title="bbox 2084 1621 3663 1697">
    <p class='ocr_par' dir='ltr' id='par_1_58' title="bbox 2084 1621 3663 1697">
     <span class='ocr_line' id='line_1_58' title="bbox 2084 1621 3663 1697; baseline -0.002 -20"><span class='ocrx_word' id='word_1_406' title='bbox 2084 1626 2251 1697; x_wconf 76' lang='grc' dir='ltr'>φησὶ,</span> <span class='ocrx_word' id='word_1_407' title='bbox 2311 1646 2330 1678; x_wconf 77' lang='grc' dir='ltr'><strong>ι</strong></span> <span class='ocrx_word' id='word_1_408' title='bbox 2374 1626 2646 1697; x_wconf 80' lang='grc' dir='ltr'>πνεύματι</span> <span class='ocrx_word' id='word_1_409' title='bbox 2715 1625 2974 1696; x_wconf 85' lang='grc' dir='ltr'>πορνείας</span> <span class='ocrx_word' id='word_1_410' title='bbox 3004 1663 3022 1688; x_wconf 94' lang='grc'><strong>,</strong></span> <span class='ocrx_word' id='word_1_411' title='bbox 3057 1643 3077 1676; x_wconf 77' lang='lat' dir='ltr'><strong>s</strong></span> <span class='ocrx_word' id='word_1_412' title='bbox 3128 1624 3226 1677; x_wconf 76' lang='grc' dir='ltr'>καὶ</span> <span class='ocrx_word' id='word_1_413' title='bbox 3274 1623 3352 1688; x_wconf 86' lang='grc' dir='ltr'>ὡς</span> <span class='ocrx_word' id='word_1_414' title='bbox 3406 1621 3663 1678; x_wconf 83' lang='grc' dir='ltr'>ἀποτάτω</span> 
     </span>
    </p>
   </div>
   <div class='ocr_carea' id='block_1_59' title="bbox 2081 1714 3663 1788">
    <p class='ocr_par' dir='ltr' id='par_1_59' title="bbox 2081 1714 3663 1788">
     <span class='ocr_line' id='line_1_59' title="bbox 2081 1714 3663 1788; baseline -0.003 -16"><span class='ocrx_word' id='word_1_415' title='bbox 2081 1720 2335 1788; x_wconf 86' lang='grc' dir='ltr'>γεγόνασι</span> <span class='ocrx_word' id='word_1_416' title='bbox 2392 1717 2484 1772; x_wconf 89' lang='grc' dir='ltr'><strong>τοῦ</strong></span> <span class='ocrx_word' id='word_1_417' title='bbox 2537 1717 2694 1772; x_wconf 86' lang='grc' dir='ltr'>Θεοῦ.</span> <span class='ocrx_word' id='word_1_418' title='bbox 2733 1716 3010 1788; x_wconf 80' lang='grc' dir='ltr'>Φιλήδονοί</span> <span class='ocrx_word' id='word_1_419' title='bbox 3049 1733 3110 1770; x_wconf 88' lang='grc' dir='ltr'><strong>τε</strong></span> <span class='ocrx_word' id='word_1_420' title='bbox 3156 1716 3516 1786; x_wconf 82' lang='grc' dir='ltr'>ὑπάρχοντες,</span> <span class='ocrx_word' id='word_1_421' title='bbox 3567 1714 3663 1768; x_wconf 71' lang='grc' dir='ltr'>καὶ</span> 
     </span>
    </p>
   </div>
   <div class='ocr_carea' id='block_1_60' title="bbox 2084 1806 3662 1881">
    <p class='ocr_par' dir='ltr' id='par_1_60' title="bbox 2084 1806 3662 1881">
     <span class='ocr_line' id='line_1_60' title="bbox 2084 1806 3662 1881; baseline -0.003 -16"><span class='ocrx_word' id='word_1_422' title='bbox 2084 1810 2440 1881; x_wconf 83' lang='grc' dir='ltr'>φιλοσαρκίας</span> <span class='ocrx_word' id='word_1_423' title='bbox 2489 1810 2744 1881; x_wconf 78' lang='grc' dir='ltr'>ἀφορμὴν</span> <span class='ocrx_word' id='word_1_424' title='bbox 2790 1810 2860 1863; x_wconf 77' lang='grc' dir='ltr'>τὰ</span> <span class='ocrx_word' id='word_1_425' title='bbox 2907 1809 3009 1878; x_wconf 74' lang='grc' dir='ltr'><strong>τῆς</strong></span> <span class='ocrx_word' id='word_1_426' title='bbox 3059 1808 3472 1880; x_wconf 77' lang='grc' dir='ltr'>εἰδωλολατρίας</span> <span class='ocrx_word' id='word_1_427' title='bbox 3523 1806 3662 1879; x_wconf 78' lang='grc' dir='ltr'>ἔργα</span> 
     </span>
    </p>
   </div>
   <div class='ocr_carea' id='block_1_61' title="bbox 2081 1901 3662 1974">
    <p class='ocr_par' dir='ltr' id='par_1_61' title="bbox 2081 1901 3662 1974">
     <span class='ocr_line' id='line_1_61' title="bbox 2081 1901 3662 1974; baseline -0.001 -20"><span class='ocrx_word' id='word_1_428' title='bbox 2081 1901 2415 1972; x_wconf 89' lang='grc' dir='ltr'>ποιούμενοι.</span> <span class='ocrx_word' id='word_1_429' title='bbox 2449 1902 2644 1955; x_wconf 86' lang='grc' dir='ltr'>Ἐθυον</span> <span class='ocrx_word' id='word_1_430' title='bbox 2659 1904 2786 1974; x_wconf 78' lang='grc' dir='ltr'>γὰρ,</span> <span class='ocrx_word' id='word_1_431' title='bbox 2805 1901 3025 1972; x_wconf 77' lang='grc' dir='ltr'>βουνούς</span> <span class='ocrx_word' id='word_1_432' title='bbox 3048 1918 3108 1955; x_wconf 89' lang='grc' dir='ltr'><strong>τε</strong></span> <span class='ocrx_word' id='word_1_433' title='bbox 3133 1901 3228 1954; x_wconf 77' lang='grc' dir='ltr'>καὶ</span> <span class='ocrx_word' id='word_1_434' title='bbox 3253 1901 3352 1973; x_wconf 76' lang='grc' dir='ltr'>ὅρη</span> <span class='ocrx_word' id='word_1_435' title='bbox 3379 1901 3662 1972; x_wconf 83' lang='grc' dir='ltr'>καταλαμ-</span> 
     </span>
    </p>
   </div>
   <div class='ocr_carea' id='block_1_62' title="bbox 2081 1991 3662 2064">
    <p class='ocr_par' dir='ltr' id='par_1_62' title="bbox 2081 1991 3662 2064">
     <span class='ocr_line' id='line_1_62' title="bbox 2081 1991 3662 2064; baseline 0.001 -20"><span class='ocrx_word' id='word_1_436' title='bbox 2081 1993 2354 2057; x_wconf 77' lang='grc' dir='ltr'>ϐάνοντες,</span> <span class='ocrx_word' id='word_1_437' title='bbox 2415 1995 2509 2046; x_wconf 76' lang='grc' dir='ltr'><strong>καὶ</strong></span> <span class='ocrx_word' id='word_1_438' title='bbox 2555 1993 2766 2064; x_wconf 86' lang='grc' dir='ltr'>γηῖνοις</span> <span class='ocrx_word' id='word_1_439' title='bbox 2817 1993 3078 2064; x_wconf 77' lang='grc' dir='ltr'>ὑψώμάσι</span> <span class='ocrx_word' id='word_1_440' title='bbox 3123 1993 3183 2046; x_wconf 88' lang='grc' dir='ltr'><strong>τὸ</strong></span> <span class='ocrx_word' id='word_1_441' title='bbox 3216 1993 3324 2046; x_wconf 88' lang='grc' dir='ltr'><strong>τῶν</strong></span> <span class='ocrx_word' id='word_1_442' title='bbox 3369 1991 3662 2063; x_wconf 84' lang='grc' dir='ltr'>δαιμονίων</span> 
     </span>
    </p>
   </div>
   <div class='ocr_carea' id='block_1_63' title="bbox 2081 2082 3661 2160">
    <p class='ocr_par' dir='ltr' id='par_1_63' title="bbox 2081 2082 3661 2160">
     <span class='ocr_line' id='line_1_63' title="bbox 2081 2082 3661 2160; baseline -0.001 -21"><span class='ocrx_word' id='word_1_443' title='bbox 2081 2087 2450 2160; x_wconf 75' lang='grc' dir='ltr'>χαμαιρριφὲς</span> <span class='ocrx_word' id='word_1_444' title='bbox 2495 2086 2911 2158; x_wconf 87' lang='grc' dir='ltr'>θεραπεύοντες.</span> <span class='ocrx_word' id='word_1_445' title='bbox 2956 2082 3090 2140; x_wconf 85' lang='grc' dir='ltr'>Εἶτα</span> <span class='ocrx_word' id='word_1_446' title='bbox 3139 2086 3358 2157; x_wconf 83' lang='grc' dir='ltr'>βωμοὺς</span> <span class='ocrx_word' id='word_1_447' title='bbox 3402 2085 3661 2138; x_wconf 86' lang='grc' dir='ltr'>ὑποκάτω</span> 
     </span>
    </p>
   </div>
   <div class='ocr_carea' id='block_1_64' title="bbox 2079 2176 3658 2250">
    <p class='ocr_par' dir='ltr' id='par_1_64' title="bbox 2079 2176 3658 2250">
     <span class='ocr_line' id='line_1_64' title="bbox 2079 2176 3658 2250; baseline -0.002 -18"><span class='ocrx_word' id='word_1_448' title='bbox 2079 2178 2240 2250; x_wconf 75' lang='grc' dir='ltr'>δρυὸς</span> <span class='ocrx_word' id='word_1_449' title='bbox 2289 2179 2384 2232; x_wconf 79' lang='grc' dir='ltr'><strong>καὶ</strong></span> <span class='ocrx_word' id='word_1_450' title='bbox 2432 2177 2630 2250; x_wconf 86' lang='grc' dir='ltr'>λεύκης</span> <span class='ocrx_word' id='word_1_451' title='bbox 2673 2179 3001 2250; x_wconf 81' lang='grc' dir='ltr'>ἐγείροντες,</span> <span class='ocrx_word' id='word_1_452' title='bbox 3061 2178 3339 2250; x_wconf 85' lang='grc' dir='ltr'>προσῆγον</span> <span class='ocrx_word' id='word_1_453' title='bbox 3392 2176 3658 2243; x_wconf 84' lang='grc' dir='ltr'>σπονδὰς,</span> 
     </span>
    </p>
   </div>
   <div class='ocr_carea' id='block_1_65' title="bbox 2079 2268 3659 2342">
    <p class='ocr_par' dir='ltr' id='par_1_65' title="bbox 2079 2268 3659 2342">
     <span class='ocr_line' id='line_1_65' title="bbox 2079 2268 3659 2342; baseline -0.002 -18"><span class='ocrx_word' id='word_1_454' title='bbox 2079 2271 2337 2341; x_wconf 72' lang='grc' dir='ltr'>νύμφαις,</span> <span class='ocrx_word' id='word_1_455' title='bbox 2375 2269 2518 2341; x_wconf 88' lang='grc' dir='ltr'>τάχα</span> <span class='ocrx_word' id='word_1_456' title='bbox 2550 2288 2652 2323; x_wconf 92' lang='grc' dir='ltr'><strong>που</strong></span> <span class='ocrx_word' id='word_1_457' title='bbox 2681 2275 2801 2335; x_wconf 87' lang='grc' dir='ltr'>ταῖς</span> <span class='ocrx_word' id='word_1_458' title='bbox 2831 2270 3164 2342; x_wconf 84' lang='grc' dir='ltr'>ἁμαδρυάσι,</span> <span class='ocrx_word' id='word_1_459' title='bbox 3204 2271 3344 2324; x_wconf 87' lang='grc' dir='ltr'><strong>κατά</strong></span> <span class='ocrx_word' id='word_1_460' title='bbox 3372 2270 3498 2333; x_wconf 81' lang='grc' dir='ltr'>τοὺς</span> <span class='ocrx_word' id='word_1_461' title='bbox 3539 2268 3659 2322; x_wconf 82' lang='grc' dir='ltr'><strong>Ἐλ-</strong></span> 
     </span>
    </p>
   </div>
   <div class='ocr_carea' id='block_1_66' title="bbox 2079 2360 3659 2434">
    <p class='ocr_par' dir='ltr' id='par_1_66' title="bbox 2079 2360 3659 2434">
     <span class='ocr_line' id='line_1_66' title="bbox 2079 2360 3659 2434; baseline 0.001 -22"><span class='ocrx_word' id='word_1_462' title='bbox 2079 2361 2253 2432; x_wconf 80' lang='grc' dir='ltr'>λήνων</span> <span class='ocrx_word' id='word_1_463' title='bbox 2286 2361 2508 2434; x_wconf 79' lang='grc' dir='ltr'>μύθους,</span> <span class='ocrx_word' id='word_1_464' title='bbox 2535 2362 2700 2434; x_wconf 87' lang='grc' dir='ltr'>τιμάς</span> <span class='ocrx_word' id='word_1_465' title='bbox 2725 2363 3167 2434; x_wconf 83' lang='grc' dir='ltr'>ἁποπὲμποντες.</span> <span class='ocrx_word' id='word_1_466' title='bbox 3193 2363 3331 2416; x_wconf 77' lang='grc' dir='ltr'>Φασὶ</span> <span class='ocrx_word' id='word_1_467' title='bbox 3351 2361 3459 2432; x_wconf 78' lang='grc' dir='ltr'><strong>γάρ</strong></span> <span class='ocrx_word' id='word_1_468' title='bbox 3475 2363 3524 2415; x_wconf 89' lang='grc' dir='ltr'><strong>οί</strong></span> <span class='ocrx_word' id='word_1_469' title='bbox 3551 2360 3659 2414; x_wconf 88' lang='grc' dir='ltr'><strong>τῶν</strong></span> 
     </span>
    </p>
   </div>
   <div class='ocr_carea' id='block_1_67' title="bbox 2089 2451 3658 2524">
    <p class='ocr_par' dir='ltr' id='par_1_67' title="bbox 2089 2451 3658 2524">
     <span class='ocr_line' id='line_1_67' title="bbox 2089 2451 3658 2524; baseline 0.001 -20"><span class='ocrx_word' id='word_1_470' title='bbox 2089 2451 2355 2522; x_wconf 77' lang='grc' dir='ltr'>Ἑλλήνων</span> <span class='ocrx_word' id='word_1_471' title='bbox 2374 2453 2597 2524; x_wconf 80' lang='grc' dir='ltr'>ποιηταὶ</span> <span class='ocrx_word' id='word_1_472' title='bbox 2627 2454 2722 2507; x_wconf 80' lang='grc' dir='ltr'><strong>καὶ</strong></span> <span class='ocrx_word' id='word_1_473' title='bbox 2739 2453 2984 2522; x_wconf 84' lang='grc' dir='ltr'>λογάδες,</span> <span class='ocrx_word' id='word_1_474' title='bbox 3019 2453 3115 2506; x_wconf 75' lang='grc' dir='ltr'>καὶ</span> <span class='ocrx_word' id='word_1_475' title='bbox 3132 2453 3335 2523; x_wconf 80' lang='grc' dir='ltr'>φυτῶν,</span> <span class='ocrx_word' id='word_1_476' title='bbox 3364 2452 3458 2506; x_wconf 76' lang='grc' dir='ltr'>καὶ</span> <span class='ocrx_word' id='word_1_477' title='bbox 3489 2451 3658 2517; x_wconf 80' lang='grc' dir='ltr'>ξύλων</span> 
     </span>
    </p>
   </div>
   <div class='ocr_carea' id='block_1_68' title="bbox 2080 2543 3656 2618">
    <p class='ocr_par' dir='ltr' id='par_1_68' title="bbox 2080 2543 3656 2618">
     <span class='ocr_line' id='line_1_68' title="bbox 2080 2543 3656 2618; baseline 0.003 -24"><span class='ocrx_word' id='word_1_478' title='bbox 2080 2543 2211 2614; x_wconf 82' lang='grc' dir='ltr'>ὲρᾷν</span> <span class='ocrx_word' id='word_1_479' title='bbox 2239 2544 2363 2608; x_wconf 81' lang='grc' dir='ltr'>τοὺς</span> <span class='ocrx_word' id='word_1_480' title='bbox 2387 2545 2728 2618; x_wconf 80' lang='grc' dir='ltr'>ἀκαθάρτους</span> <span class='ocrx_word' id='word_1_481' title='bbox 2745 2546 3022 2617; x_wconf 83' lang='grc' dir='ltr'>δαίμονας,</span> <span class='ocrx_word' id='word_1_482' title='bbox 3041 2546 3078 2600; x_wconf 79' lang='grc' dir='ltr'>ἃ</span> <span class='ocrx_word' id='word_1_483' title='bbox 3107 2545 3327 2617; x_wconf 82' lang='grc' dir='ltr'>νύμφας</span> <span class='ocrx_word' id='word_1_484' title='bbox 3353 2545 3656 2617; x_wconf 76' lang='grc' dir='ltr'>ὠνόμαζον,</span> 
     </span>
    </p>
   </div>
   <div class='ocr_carea' id='block_1_69' title="bbox 2079 2632 3660 2701">
    <p class='ocr_par' dir='ltr' id='par_1_69' title="bbox 2079 2632 3660 2701">
     <span class='ocr_line' id='line_1_69' title="bbox 2079 2632 3660 2701; baseline 0.002 -15"><span class='ocrx_word' id='word_1_485' title='bbox 2079 2634 2220 2686; x_wconf 86' lang='grc' dir='ltr'><strong>κατά</strong></span> <span class='ocrx_word' id='word_1_486' title='bbox 2233 2633 2294 2686; x_wconf 83' lang='grc' dir='ltr'><strong>τὸ</strong></span> <span class='ocrx_word' id='word_1_487' title='bbox 2305 2635 2486 2698; x_wconf 79' lang='grc' dir='ltr'>αὐτοῖς</span> <span class='ocrx_word' id='word_1_488' title='bbox 2506 2637 2606 2688; x_wconf 84' lang='grc' dir='ltr'><strong>ούκ</strong></span> <span class='ocrx_word' id='word_1_489' title='bbox 2631 2632 2728 2689; x_wconf 81' lang='grc' dir='ltr'>οἶδ’</span> <span class='ocrx_word' id='word_1_490' title='bbox 2745 2637 2892 2701; x_wconf 84' lang='grc' dir='ltr'>ὅπως</span> <span class='ocrx_word' id='word_1_491' title='bbox 2905 2637 3116 2691; x_wconf 90' lang='grc' dir='ltr'>δοκοῦν.</span> <span class='ocrx_word' id='word_1_492' title='bbox 3134 2637 3338 2691; x_wconf 86' lang='grc' dir='ltr'>Ἐδόκει</span> <span class='ocrx_word' id='word_1_493' title='bbox 3355 2638 3536 2692; x_wconf 89' lang='grc' dir='ltr'>τοίνυν</span> <span class='ocrx_word' id='word_1_494' title='bbox 3562 2637 3660 2690; x_wconf 79' lang='grc' dir='ltr'>αὑ-</span> 
     </span>
    </p>
   </div>
   <div class='ocr_carea' id='block_1_70' title="bbox 2077 2725 3659 2800">
    <p class='ocr_par' dir='ltr' id='par_1_70' title="bbox 2077 2725 3659 2800">
     <span class='ocr_line' id='line_1_70' title="bbox 2077 2725 3659 2800; baseline 0.005 -25"><span class='ocrx_word' id='word_1_495' title='bbox 2077 2726 2188 2787; x_wconf 86' lang='grc' dir='ltr'>τοῖς</span> <span class='ocrx_word' id='word_1_496' title='bbox 2217 2725 2597 2796; x_wconf 86' lang='grc' dir='ltr'>ἁποδέχεσθαι,</span> <span class='ocrx_word' id='word_1_497' title='bbox 2618 2727 2770 2800; x_wconf 81' lang='grc' dir='ltr'>φησὶ,</span> <span class='ocrx_word' id='word_1_498' title='bbox 2789 2727 2886 2792; x_wconf 82' lang='grc' dir='ltr'>τὰς</span> <span class='ocrx_word' id='word_1_499' title='bbox 2918 2729 3096 2794; x_wconf 84' lang='grc' dir='ltr'>σκιάς,</span> <span class='ocrx_word' id='word_1_500' title='bbox 3117 2728 3213 2783; x_wconf 71' lang='grc' dir='ltr'><strong>καὶ</strong></span> <span class='ocrx_word' id='word_1_501' title='bbox 3246 2727 3354 2783; x_wconf 81' lang='grc' dir='ltr'>ὑπὸ</span> <span class='ocrx_word' id='word_1_502' title='bbox 3373 2731 3483 2792; x_wconf 87' lang='grc' dir='ltr'>τοῖς</span> <span class='ocrx_word' id='word_1_503' title='bbox 3499 2729 3659 2783; x_wconf 82' lang='grc' dir='ltr'>εὐαν-</span> 
     </span>
    </p>
   </div>
   <div class='ocr_carea' id='block_1_71' title="bbox 2079 2817 3659 2892">
    <p class='ocr_par' dir='ltr' id='par_1_71' title="bbox 2079 2817 3659 2892">
     <span class='ocr_line' id='line_1_71' title="bbox 2079 2817 3659 2892; baseline 0.004 -23"><span class='ocrx_word' id='word_1_504' title='bbox 2079 2817 2355 2882; x_wconf 80' lang='grc' dir='ltr'>θεστάτοις</span> <span class='ocrx_word' id='word_1_505' title='bbox 2389 2818 2722 2891; x_wconf 82' lang='grc' dir='ltr'>θρύπτεσθαι</span> <span class='ocrx_word' id='word_1_506' title='bbox 2762 2820 2987 2892; x_wconf 85' lang='grc' dir='ltr'>δρυμοῖς</span> <span class='ocrx_word' id='word_1_507' title='bbox 3007 2837 3021 2850; x_wconf 76' lang='grc' dir='ltr'><strong>ο</strong></span> <span class='ocrx_word' id='word_1_508' title='bbox 3062 2822 3308 2875; x_wconf 74' lang='grc' dir='ltr'>ἐπαινεῖν</span> <span class='ocrx_word' id='word_1_509' title='bbox 3335 2837 3397 2874; x_wconf 90' lang='grc' dir='ltr'><strong>τε</strong></span> <span class='ocrx_word' id='word_1_510' title='bbox 3449 2822 3546 2876; x_wconf 77' lang='grc' dir='ltr'><strong>καὶ</strong></span> <span class='ocrx_word' id='word_1_511' title='bbox 3570 2821 3659 2875; x_wconf 86' lang='grc' dir='ltr'>λέ-</span> 
     </span>
    </p>
   </div>
   <div class='ocr_carea' id='block_1_72' title="bbox 2079 2901 3658 2985">
    <p class='ocr_par' dir='ltr' id='par_1_72' title="bbox 2079 2901 3658 2985">
     <span class='ocr_line' id='line_1_72' title="bbox 2079 2901 3658 2985; baseline 0.003 -22"><span class='ocrx_word' id='word_1_512' title='bbox 2079 2928 2140 2980; x_wconf 91' lang='grc' dir='ltr'><strong>γε</strong></span> <span class='ocrx_word' id='word_1_513' title='bbox 2149 2929 2196 2964; x_wconf 86' lang='grc' dir='ltr'><strong>ιν</strong></span> <span class='ocrx_word' id='word_1_514' title='bbox 2214 2929 2230 2944; x_wconf 78' lang='grc' dir='ltr'><strong>ο</strong></span> <span class='ocrx_word' id='word_1_515' title='bbox 2265 2931 2282 2964; x_wconf 78' lang='grc' dir='ltr'><strong>ι</strong></span> <span class='ocrx_word' id='word_1_516' title='bbox 2297 2913 2416 2966; x_wconf 80' lang='grc' dir='ltr'>’Ὁτι</span> <span class='ocrx_word' id='word_1_517' title='bbox 2439 2901 2604 2967; x_wconf 82' lang='grc' dir='ltr'>καλὸν</span> <span class='ocrx_word' id='word_1_518' title='bbox 2621 2912 2818 2984; x_wconf 80' lang='grc' dir='ltr'>σκέπη.</span> <span class='ocrx_word' id='word_1_519' title='bbox 2834 2932 2852 2965; x_wconf 76' lang='grc' dir='ltr'><strong>ι</strong></span> <span class='ocrx_word' id='word_1_520' title='bbox 2875 2911 3085 2968; x_wconf 85' lang='grc' dir='ltr'>Οὐκοῦν</span> <span class='ocrx_word' id='word_1_521' title='bbox 3103 2913 3128 2963; x_wconf 90' lang='grc' dir='ltr'><strong>ό</strong></span> <span class='ocrx_word' id='word_1_522' title='bbox 3142 2913 3441 2985; x_wconf 76' lang='grc' dir='ltr'>φιλήδονος,</span> <span class='ocrx_word' id='word_1_523' title='bbox 3477 2916 3571 2967; x_wconf 84' lang='grc' dir='ltr'><strong>οὐκ</strong></span> <span class='ocrx_word' id='word_1_524' title='bbox 3590 2913 3658 2968; x_wconf 82' lang='grc' dir='ltr'><strong>ἂν</strong></span> 
     </span>
    </p>
   </div>
   <div class='ocr_carea' id='block_1_73' title="bbox 2076 3002 3659 3080">
    <p class='ocr_par' dir='ltr' id='par_1_73' title="bbox 2076 3002 3659 3080">
     <span class='ocr_line' id='line_1_73' title="bbox 2076 3002 3659 3080; baseline 0.004 -21"><span class='ocrx_word' id='word_1_525' title='bbox 2076 3006 2285 3074; x_wconf 88' lang='grc' dir='ltr'>γένοιτο</span> <span class='ocrx_word' id='word_1_526' title='bbox 2316 3006 2411 3060; x_wconf 78' lang='grc' dir='ltr'><strong>καὶ</strong></span> <span class='ocrx_word' id='word_1_527' title='bbox 2448 3006 2714 3076; x_wconf 81' lang='grc' dir='ltr'>φιλόθεος.</span> <span class='ocrx_word' id='word_1_528' title='bbox 2744 3006 2856 3060; x_wconf 75' lang='grc' dir='ltr'>Καὶ</span> <span class='ocrx_word' id='word_1_529' title='bbox 2887 3009 3228 3080; x_wconf 87' lang='grc' dir='ltr'>μαρτυρήσει</span> <span class='ocrx_word' id='word_1_530' title='bbox 3262 3009 3435 3079; x_wconf 86' lang='grc' dir='ltr'>λέγων</span> <span class='ocrx_word' id='word_1_531' title='bbox 3461 3012 3489 3063; x_wconf 93' lang='grc' dir='ltr'><strong>ό</strong></span> <span class='ocrx_word' id='word_1_532' title='bbox 3515 3002 3659 3064; x_wconf 85' lang='grc' dir='ltr'>Παῦ-</span> 
     </span>
    </p>
   </div>
   <div class='ocr_carea' id='block_1_74' title="bbox 2075 3097 3658 3174">
    <p class='ocr_par' dir='ltr' id='par_1_74' title="bbox 2075 3097 3658 3174">
     <span class='ocr_line' id='line_1_74' title="bbox 2075 3097 3658 3174; baseline 0.004 -23"><span class='ocrx_word' id='word_1_533' title='bbox 2075 3097 2166 3162; x_wconf 88' lang='grc' dir='ltr'><strong>λος</strong></span> <span class='ocrx_word' id='word_1_534' title='bbox 2197 3099 2325 3169; x_wconf 83' lang='grc' dir='ltr'>περί</span> <span class='ocrx_word' id='word_1_535' title='bbox 2357 3116 2542 3163; x_wconf 89' lang='grc' dir='ltr'>τινων,</span> <span class='ocrx_word' id='word_1_536' title='bbox 2575 3100 2659 3152; x_wconf 85' lang='grc' dir='ltr'>ὅτι</span> <span class='ocrx_word' id='word_1_537' title='bbox 2689 3099 2962 3170; x_wconf 83' lang='grc' dir='ltr'>φιλήδονοι</span> <span class='ocrx_word' id='word_1_538' title='bbox 3013 3099 3215 3172; x_wconf 82' lang='grc' dir='ltr'>μᾶλλόν</span> <span class='ocrx_word' id='word_1_539' title='bbox 3254 3103 3414 3168; x_wconf 90' lang='grc' dir='ltr'>είσιν,</span> <span class='ocrx_word' id='word_1_540' title='bbox 3442 3103 3475 3174; x_wconf 84' lang='grc' dir='ltr'>ἢ</span> <span class='ocrx_word' id='word_1_541' title='bbox 3508 3103 3658 3171; x_wconf 77' lang='grc' dir='ltr'>φιλό-</span> 
     </span>
    </p>
   </div>
   <div class='ocr_carea' id='block_1_75' title="bbox 2077 3187 3657 3266">
    <p class='ocr_par' dir='ltr' id='par_1_75' title="bbox 2077 3187 3657 3266">
     <span class='ocr_line' id='line_1_75' title="bbox 2077 3187 3657 3266; baseline 0.002 -23"><span class='ocrx_word' id='word_1_542' title='bbox 2077 3189 2208 3245; x_wconf 88' lang='grc' dir='ltr'>θεοι.</span> <span class='ocrx_word' id='word_1_543' title='bbox 2242 3191 2519 3263; x_wconf 78' lang='grc' dir='ltr'>Μακάριοι</span> <span class='ocrx_word' id='word_1_544' title='bbox 2547 3189 2613 3264; x_wconf 77' lang='grc' dir='ltr'>δὴ</span> <span class='ocrx_word' id='word_1_545' title='bbox 2644 3187 2737 3245; x_wconf 85' lang='grc' dir='ltr'>οὖν</span> <span class='ocrx_word' id='word_1_546' title='bbox 2762 3193 2812 3244; x_wconf 83' lang='grc' dir='ltr'>οἱ</span> <span class='ocrx_word' id='word_1_547' title='bbox 2839 3191 3164 3257; x_wconf 80' lang='grc' dir='ltr'>πενθοῦντες</span> <span class='ocrx_word' id='word_1_548' title='bbox 3189 3192 3304 3258; x_wconf 84' lang='grc' dir='ltr'>νῦν,</span> <span class='ocrx_word' id='word_1_549' title='bbox 3330 3193 3474 3250; x_wconf 87' lang='grc' dir='ltr'>καθά</span> <span class='ocrx_word' id='word_1_550' title='bbox 3495 3211 3657 3266; x_wconf 80' lang='grc' dir='ltr'>φησιν</span> 
     </span>
    </p>
   </div>
   <div class='ocr_carea' id='block_1_76' title="bbox 2075 3284 3657 3359">
    <p class='ocr_par' dir='ltr' id='par_1_76' title="bbox 2075 3284 3657 3359">
     <span class='ocr_line' id='line_1_76' title="bbox 2075 3284 3657 3359; baseline 0.003 -21"><span class='ocrx_word' id='word_1_551' title='bbox 2075 3287 2104 3338; x_wconf 88' lang='grc' dir='ltr'><strong>ὀ</strong></span> <span class='ocrx_word' id='word_1_552' title='bbox 2141 3284 2353 3356; x_wconf 80' lang='grc' dir='ltr'>Σωτὴρ,</span> <span class='ocrx_word' id='word_1_553' title='bbox 2382 3286 2476 3338; x_wconf 80' lang='grc' dir='ltr'>καὶ</span> <span class='ocrx_word' id='word_1_554' title='bbox 2493 3285 2554 3339; x_wconf 82' lang='grc' dir='ltr'><strong>τὸ</strong></span> <span class='ocrx_word' id='word_1_555' title='bbox 2583 3285 2858 3357; x_wconf 85' lang='grc' dir='ltr'>τληπαθὲς</span> <span class='ocrx_word' id='word_1_556' title='bbox 2891 3287 2969 3350; x_wconf 77' lang='grc' dir='ltr'>εἰς</span> <span class='ocrx_word' id='word_1_557' title='bbox 2999 3286 3195 3351; x_wconf 87' lang='grc' dir='ltr'>πόνους</span> <span class='ocrx_word' id='word_1_558' title='bbox 3215 3287 3339 3351; x_wconf 82' lang='grc' dir='ltr'>τοὺς</span> <span class='ocrx_word' id='word_1_559' title='bbox 3359 3288 3657 3359; x_wconf 66' lang='grc' dir='ltr'>ἐπωφελεῖς</span> 
     </span>
    </p>
   </div>
   <div class='ocr_carea' id='block_1_77' title="bbox 2073 3377 3032 3451">
    <p class='ocr_par' dir='ltr' id='par_1_77' title="bbox 2073 3377 3032 3451">
     <span class='ocr_line' id='line_1_77' title="bbox 2073 3377 3032 3451; baseline 0.003 -22"><span class='ocrx_word' id='word_1_560' title='bbox 2073 3380 2260 3449; x_wconf 79' lang='grc' dir='ltr'>τιμᾷν,</span> <span class='ocrx_word' id='word_1_561' title='bbox 2295 3378 2376 3432; x_wconf 85' lang='grc' dir='ltr'><strong>ὅτι</strong></span> <span class='ocrx_word' id='word_1_562' title='bbox 2412 3377 2646 3449; x_wconf 86' lang='grc' dir='ltr'>μάλιστα</span> <span class='ocrx_word' id='word_1_563' title='bbox 2670 3380 2764 3433; x_wconf 69' lang='grc' dir='ltr'><strong>καὶ</strong></span> <span class='ocrx_word' id='word_1_564' title='bbox 2790 3379 3032 3451; x_wconf 80' lang='grc' dir='ltr'>ἀγαπᾷν.</span> 
     </span>
    </p>
   </div>
   <div class='ocr_carea' id='block_1_78' title="bbox 2146 3468 3652 3540">
    <p class='ocr_par' dir='ltr' id='par_1_78' title="bbox 2146 3468 3652 3540">
     <span class='ocr_line' id='line_1_78' title="bbox 2146 3468 3652 3540; baseline 0 -16"><span class='ocrx_word' id='word_1_565' title='bbox 2146 3471 2250 3525; x_wconf 87' lang='grc' dir='ltr'><strong>Διὰ</strong></span> <span class='ocrx_word' id='word_1_566' title='bbox 2278 3469 2456 3525; x_wconf 85' lang='grc' dir='ltr'>τοῦτο</span> <span class='ocrx_word' id='word_1_567' title='bbox 2487 3471 3011 3539; x_wconf 79' lang='grc' dir='ltr'>ὲκπορνεύσουσιν</span> <span class='ocrx_word' id='word_1_568' title='bbox 3041 3471 3101 3525; x_wconf 82' lang='lat' dir='ltr'><strong>al</strong></span> <span class='ocrx_word' id='word_1_569' title='bbox 3129 3468 3449 3539; x_wconf 77' lang='grc' dir='ltr'>θυγατέρες</span> <span class='ocrx_word' id='word_1_570' title='bbox 3467 3468 3652 3540; x_wconf 83' lang='grc' dir='ltr'>ὑμῶν,</span> 
     </span>
    </p>
   </div>
   <div class='ocr_carea' id='block_1_79' title="bbox 2075 3561 3655 3634">
    <p class='ocr_par' dir='ltr' id='par_1_79' title="bbox 2075 3561 3655 3634">
     <span class='ocr_line' id='line_1_79' title="bbox 2075 3561 3655 3634; baseline -0.001 -16"><span class='ocrx_word' id='word_1_571' title='bbox 2075 3565 2173 3619; x_wconf 79' lang='grc' dir='ltr'>καὶ</span> <span class='ocrx_word' id='word_1_572' title='bbox 2205 3566 2264 3618; x_wconf 80' lang='grc' dir='ltr'>αἱ</span> <span class='ocrx_word' id='word_1_573' title='bbox 2297 3565 2526 3634; x_wconf 70' lang='grc' dir='ltr'>νύμφαι</span> <span class='ocrx_word' id='word_1_574' title='bbox 2544 3563 2712 3628; x_wconf 81' lang='grc' dir='ltr'>ὑμῶν</span> <span class='ocrx_word' id='word_1_575' title='bbox 2731 3563 3152 3634; x_wconf 85' lang='grc' dir='ltr'>μοιχεύσουσι.</span> <span class='ocrx_word' id='word_1_576' title='bbox 3181 3563 3290 3618; x_wconf 80' lang='grc' dir='ltr'><strong>Καὶ</strong></span> <span class='ocrx_word' id='word_1_577' title='bbox 3317 3565 3390 3618; x_wconf 86' lang='grc' dir='ltr'>οὺ</span> <span class='ocrx_word' id='word_1_578' title='bbox 3411 3561 3501 3634; x_wconf 79' lang='grc' dir='ltr'>μὴ</span> <span class='ocrx_word' id='word_1_579' title='bbox 3527 3563 3655 3617; x_wconf 80' lang='grc' dir='ltr'>ἐπι-</span> 
     </span>
    </p>
   </div>
   <div class='ocr_carea' id='block_1_80' title="bbox 2074 3653 3655 3727">
    <p class='ocr_par' dir='ltr' id='par_1_80' title="bbox 2074 3653 3655 3727">
     <span class='ocr_line' id='line_1_80' title="bbox 2074 3653 3655 3727; baseline -0.001 -16"><span class='ocrx_word' id='word_1_580' title='bbox 2074 3657 2380 3727; x_wconf 76' lang='grc' dir='ltr'>σκέψομαι</span> <span class='ocrx_word' id='word_1_581' title='bbox 2411 3655 2510 3709; x_wconf 79' lang='grc' dir='ltr'><strong>ἐπὶ</strong></span> <span class='ocrx_word' id='word_1_582' title='bbox 2541 3656 2648 3722; x_wconf 83' lang='grc' dir='ltr'>τὰς</span> <span class='ocrx_word' id='word_1_583' title='bbox 2682 3655 3010 3725; x_wconf 78' lang='grc' dir='ltr'>θυγατέρας</span> <span class='ocrx_word' id='word_1_584' title='bbox 3036 3653 3206 3725; x_wconf 83' lang='grc' dir='ltr'>ὑμῶν</span> <span class='ocrx_word' id='word_1_585' title='bbox 3234 3653 3382 3710; x_wconf 86' lang='grc' dir='ltr'>ὅταν</span> <span class='ocrx_word' id='word_1_586' title='bbox 3403 3655 3655 3723; x_wconf 74' lang='grc' dir='ltr'>πορνεύσ-</span> 
     </span>
    </p>
   </div>
   <div class='ocr_carea' id='block_1_81' title="bbox 2075 3747 3650 3819">
    <p class='ocr_par' dir='ltr' id='par_1_81' title="bbox 2075 3747 3650 3819">
     <span class='ocr_line' id='line_1_81' title="bbox 2075 3747 3650 3819; baseline -0.003 -14"><span class='ocrx_word' id='word_1_587' title='bbox 2075 3765 2248 3812; x_wconf 86' lang='grc' dir='ltr'>σωσι.</span> <span class='ocrx_word' id='word_1_588' title='bbox 2269 3751 2367 3805; x_wconf 75' lang='grc' dir='ltr'><strong>καί</strong></span> <span class='ocrx_word' id='word_1_589' title='bbox 2392 3751 2493 3804; x_wconf 73' lang='grc' dir='ltr'><strong>ἐπὶ</strong></span> <span class='ocrx_word' id='word_1_590' title='bbox 2511 3750 2618 3814; x_wconf 86' lang='grc' dir='ltr'>τὰς</span> <span class='ocrx_word' id='word_1_591' title='bbox 2632 3749 2865 3818; x_wconf 63' lang='grc' dir='ltr'>νύμφας</span> <span class='ocrx_word' id='word_1_592' title='bbox 2895 3747 3053 3819; x_wconf 77' lang='grc' dir='ltr'>ὑμῶν</span> <span class='ocrx_word' id='word_1_593' title='bbox 3084 3747 3230 3802; x_wconf 84' lang='grc' dir='ltr'>ὅταν</span> <span class='ocrx_word' id='word_1_594' title='bbox 3247 3749 3618 3818; x_wconf 79' lang='grc' dir='ltr'>μοιχεύσωσι</span> <span class='ocrx_word' id='word_1_595' title='bbox 3633 3763 3650 3778; x_wconf 77' lang='grc' dir='ltr'><strong>ο</strong></span> 
     </span>
    </p>
   </div>
   <div class='ocr_carea' id='block_1_82' title="bbox 2074 3838 3654 3911">
    <p class='ocr_par' dir='ltr' id='par_1_82' title="bbox 2074 3838 3654 3911">
     <span class='ocr_line' id='line_1_82' title="bbox 2074 3838 3654 3911; baseline -0.002 -15"><span class='ocrx_word' id='word_1_596' title='bbox 2074 3841 2164 3896; x_wconf 81' lang='grc' dir='ltr'>ὅτι</span> <span class='ocrx_word' id='word_1_597' title='bbox 2196 3843 2365 3896; x_wconf 80' lang='grc' dir='ltr'>αὐτοὶ</span> <span class='ocrx_word' id='word_1_598' title='bbox 2391 3844 2544 3911; x_wconf 80' lang='grc' dir='ltr'>μετὰ</span> <span class='ocrx_word' id='word_1_599' title='bbox 2572 3842 2690 3895; x_wconf 85' lang='grc' dir='ltr'><strong>τῶν</strong></span> <span class='ocrx_word' id='word_1_600' title='bbox 2717 3838 2958 3909; x_wconf 78' lang='grc' dir='ltr'>πορνῶν</span> <span class='ocrx_word' id='word_1_601' title='bbox 2992 3840 3508 3910; x_wconf 78' lang='grc' dir='ltr'>συνανεφύροντο,</span> <span class='ocrx_word' id='word_1_602' title='bbox 3555 3839 3654 3894; x_wconf 73' lang='grc' dir='ltr'><strong>καί</strong></span> 
     </span>
    </p>
   </div>
   <div class='ocr_carea' id='block_1_83' title="bbox 2068 3933 3068 4005">
    <p class='ocr_par' dir='ltr' id='par_1_83' title="bbox 2068 3933 3068 4005">
     <span class='ocr_line' id='line_1_83' title="bbox 2068 3933 3068 4005; baseline -0.003 -17"><span class='ocrx_word' id='word_1_603' title='bbox 2068 3934 2221 4005; x_wconf 81' lang='grc' dir='ltr'>μετὰ</span> <span class='ocrx_word' id='word_1_604' title='bbox 2241 3933 2360 4005; x_wconf 79' lang='grc' dir='ltr'><strong>τῶν</strong></span> <span class='ocrx_word' id='word_1_605' title='bbox 2389 3935 2835 4005; x_wconf 70' lang='grc' dir='ltr'>τετελεσμένων</span> <span class='ocrx_word' id='word_1_606' title='bbox 2866 3933 3068 4005; x_wconf 62' lang='grc' dir='ltr'>ἔθυον.</span> 
     </span>
    </p>
   </div>
   <div class='ocr_carea' id='block_1_84' title="bbox 2143 4000 3654 4076">
    <p class='ocr_par' dir='ltr' id='par_1_84' title="bbox 2143 4000 3654 4076">
     <span class='ocr_line' id='line_1_84' title="bbox 2143 4000 3654 4076; baseline -0.001 -18"><span class='ocrx_word' id='word_1_607' title='bbox 2143 4002 2296 4072; x_wconf 69' lang='grc' dir='ltr'>Μςῖο.</span> <span class='ocrx_word' id='word_1_608' title='bbox 2341 4000 2726 4074; x_wconf 68' lang='grc' dir='ltr'>Ἐπειδὴσγᾶρ,</span> <span class='ocrx_word' id='word_1_609' title='bbox 2761 4004 2943 4072; x_wconf 74' lang='grc' dir='ltr'>φησὶν,</span> <span class='ocrx_word' id='word_1_610' title='bbox 2977 4002 3308 4072; x_wconf 83' lang='grc' dir='ltr'>ἀξιάγαστον</span> <span class='ocrx_word' id='word_1_611' title='bbox 3342 4002 3473 4076; x_wconf 83' lang='grc' dir='ltr'>ὑμῖν</span> <span class='ocrx_word' id='word_1_612' title='bbox 3511 4000 3654 4058; x_wconf 83' lang='grc' dir='ltr'>εἶναι</span> 
     </span>
    </p>
   </div>
   <div class='ocr_carea' id='block_1_85' title="bbox 2071 4091 3652 4166">
    <p class='ocr_par' dir='ltr' id='par_1_85' title="bbox 2071 4091 3652 4166">
     <span class='ocr_line' id='line_1_85' title="bbox 2071 4091 3652 4166; baseline -0.002 -17"><span class='ocrx_word' id='word_1_613' title='bbox 2071 4095 2295 4150; x_wconf 86' lang='grc' dir='ltr'>δοκεῖτὸ</span> <span class='ocrx_word' id='word_1_614' title='bbox 2317 4094 2422 4148; x_wconf 84' lang='grc' dir='ltr'><strong>ὑπὸ</strong></span> <span class='ocrx_word' id='word_1_615' title='bbox 2455 4095 2606 4165; x_wconf 81' lang='grc' dir='ltr'>φυτῷ</span> <span class='ocrx_word' id='word_1_616' title='bbox 2639 4091 2979 4165; x_wconf 84' lang='grc' dir='ltr'>θρύπτεσθαι</span> <span class='ocrx_word' id='word_1_617' title='bbox 3001 4093 3096 4146; x_wconf 86' lang='grc' dir='ltr'><strong>καί</strong></span> <span class='ocrx_word' id='word_1_618' title='bbox 3126 4095 3307 4156; x_wconf 86' lang='grc' dir='ltr'>σκιαῖς</span> <span class='ocrx_word' id='word_1_619' title='bbox 3335 4095 3430 4148; x_wconf 76' lang='grc' dir='ltr'>καὶ</span> <span class='ocrx_word' id='word_1_620' title='bbox 3458 4094 3652 4166; x_wconf 78' lang='grc' dir='ltr'>ἡδονὴν</span> 
     </span>
    </p>
   </div>
   <div class='ocr_carea' id='block_1_86' title="bbox 2072 4183 3652 4258">
    <p class='ocr_par' dir='ltr' id='par_1_86' title="bbox 2072 4183 3652 4258">
     <span class='ocr_line' id='line_1_86' title="bbox 2072 4183 3652 4258; baseline 0.001 -18"><span class='ocrx_word' id='word_1_621' title='bbox 2072 4187 2369 4258; x_wconf 85' lang='grc' dir='ltr'>πεποίησθε</span> <span class='ocrx_word' id='word_1_622' title='bbox 2389 4187 2449 4240; x_wconf 82' lang='grc' dir='ltr'>τὸ</span> <span class='ocrx_word' id='word_1_623' title='bbox 2463 4184 2666 4238; x_wconf 85' lang='grc' dir='ltr'>λυποῦν</span> <span class='ocrx_word' id='word_1_624' title='bbox 2681 4184 2804 4256; x_wconf 76' lang='grc' dir='ltr'>ἐμὲ,</span> <span class='ocrx_word' id='word_1_625' title='bbox 2821 4185 2920 4256; x_wconf 87' lang='grc' dir='ltr'><strong>τὴν</strong></span> <span class='ocrx_word' id='word_1_626' title='bbox 2945 4183 3220 4256; x_wconf 75' lang='grc' dir='ltr'>ἐπάρατον</span> <span class='ocrx_word' id='word_1_627' title='bbox 3247 4183 3491 4257; x_wconf 87' lang='grc' dir='ltr'>δηλονότι</span> <span class='ocrx_word' id='word_1_628' title='bbox 3520 4187 3652 4241; x_wconf 76' lang='grc' dir='ltr'>πλάο</span> 
     </span>
    </p>
   </div>
   <div class='ocr_carea' id='block_1_87' title="bbox 2071 4275 3651 4350">
    <p class='ocr_par' dir='ltr' id='par_1_87' title="bbox 2071 4275 3651 4350">
     <span class='ocr_line' id='line_1_87' title="bbox 2071 4275 3651 4350; baseline -0.001 -18"><span class='ocrx_word' id='word_1_629' title='bbox 2071 4279 2300 4350; x_wconf 74' lang='grc' dir='ltr'>νην,κα“ι</span> <span class='ocrx_word' id='word_1_630' title='bbox 2317 4277 2678 4347; x_wconf 85' lang='grc' dir='ltr'>ἀκαθαρσίαν·</span> <span class='ocrx_word' id='word_1_631' title='bbox 2710 4275 2967 4346; x_wconf 81' lang='grc' dir='ltr'>ταύτῃτοι</span> <span class='ocrx_word' id='word_1_632' title='bbox 2990 4276 3349 4347; x_wconf 89' lang='grc' dir='ltr'>πορνεύσουσι</span> <span class='ocrx_word' id='word_1_633' title='bbox 3369 4276 3468 4348; x_wconf 87' lang='grc' dir='ltr'>μὲν</span> <span class='ocrx_word' id='word_1_634' title='bbox 3497 4277 3651 4348; x_wconf 84' lang='grc' dir='ltr'>ὑμῶν</span> 
     </span>
    </p>
   </div>
   <div class='ocr_carea' id='block_1_88' title="bbox 2071 4367 3650 4443">
    <p class='ocr_par' dir='ltr' id='par_1_88' title="bbox 2071 4367 3650 4443">
     <span class='ocr_line' id='line_1_88' title="bbox 2071 4367 3650 4443; baseline -0.003 -17"><span class='ocrx_word' id='word_1_635' title='bbox 2071 4374 2128 4426; x_wconf 83' lang='grc' dir='ltr'>αἱ</span> <span class='ocrx_word' id='word_1_636' title='bbox 2149 4371 2467 4443; x_wconf 83' lang='grc' dir='ltr'>θυγατέρες·</span> <span class='ocrx_word' id='word_1_637' title='bbox 2493 4371 2551 4422; x_wconf 75' lang='lat' dir='ltr'><strong>oti</strong></span> <span class='ocrx_word' id='word_1_638' title='bbox 2577 4369 2633 4422; x_wconf 84' lang='grc' dir='ltr'>δὲ</span> <span class='ocrx_word' id='word_1_639' title='bbox 2648 4367 2709 4422; x_wconf 87' lang='grc' dir='ltr'><strong>νύ</strong></span> <span class='ocrx_word' id='word_1_640' title='bbox 2719 4367 3244 4438; x_wconf 75' lang='grc' dir='ltr'>μφαι,τουτέστιν,αἱ</span> <span class='ocrx_word' id='word_1_641' title='bbox 3259 4367 3367 4421; x_wconf 89' lang='grc' dir='ltr'><strong>τῶν</strong></span> <span class='ocrx_word' id='word_1_642' title='bbox 3392 4367 3524 4421; x_wconf 83' lang='grc' dir='ltr'>υἱῶν</span> <span class='ocrx_word' id='word_1_643' title='bbox 3546 4385 3650 4437; x_wconf 86' lang='grc' dir='ltr'>γα-</span> 
     </span>
    </p>
   </div>
   <div class='ocr_carea' id='block_1_89' title="bbox 2072 4457 3645 4532">
    <p class='ocr_par' dir='ltr' id='par_1_89' title="bbox 2072 4457 3645 4532">
     <span class='ocr_line' id='line_1_89' title="bbox 2072 4457 3645 4532; baseline -0.001 -18"><span class='ocrx_word' id='word_1_644' title='bbox 2072 4462 2253 4532; x_wconf 72' lang='grc' dir='ltr'>μεταὶ.</span> <span class='ocrx_word' id='word_1_645' title='bbox 2284 4459 2756 4532; x_wconf 77' lang='grc' dir='ltr'>μοιχευθησονται.</span> <span class='ocrx_word' id='word_1_646' title='bbox 2785 4458 2906 4513; x_wconf 81' lang='grc' dir='ltr'><strong>Κᾶν</strong></span> <span class='ocrx_word' id='word_1_647' title='bbox 2932 4460 2980 4512; x_wconf 85' lang='grc' dir='ltr'>εἰ</span> <span class='ocrx_word' id='word_1_648' title='bbox 3009 4457 3182 4512; x_wconf 88' lang='grc' dir='ltr'>ταῦτα</span> <span class='ocrx_word' id='word_1_649' title='bbox 3200 4458 3436 4528; x_wconf 88' lang='grc' dir='ltr'>γένοιτο,</span> <span class='ocrx_word' id='word_1_650' title='bbox 3463 4459 3645 4530; x_wconf 75' lang='grc' dir='ltr'>φησὶν,</span> 
     </span>
    </p>
   </div>
   <div class='ocr_carea' id='block_1_90' title="bbox 2068 4549 3646 4624">
    <p class='ocr_par' dir='ltr' id='par_1_90' title="bbox 2068 4549 3646 4624">
     <span class='ocr_line' id='line_1_90' title="bbox 2068 4549 3646 4624; baseline 0.001 -20"><span class='ocrx_word' id='word_1_651' title='bbox 2068 4553 2334 4624; x_wconf 72' lang='grc' dir='ltr'>ἡρεμήσω</span> <span class='ocrx_word' id='word_1_652' title='bbox 2371 4550 2546 4620; x_wconf 83' lang='grc' dir='ltr'>κάγὼ,</span> <span class='ocrx_word' id='word_1_653' title='bbox 2587 4550 2682 4603; x_wconf 82' lang='grc' dir='ltr'>καὶ</span> <span class='ocrx_word' id='word_1_654' title='bbox 2707 4550 2807 4604; x_wconf 88' lang='grc' dir='ltr'><strong>ούκ</strong></span> <span class='ocrx_word' id='word_1_655' title='bbox 2835 4549 3225 4620; x_wconf 71' lang='grc' dir='ltr'>ἐπισκέψομαι.</span> <span class='ocrx_word' id='word_1_656' title='bbox 3270 4551 3455 4606; x_wconf 83' lang='grc' dir='ltr'>Ἐοικε</span> <span class='ocrx_word' id='word_1_657' title='bbox 3481 4551 3536 4604; x_wconf 80' lang='grc' dir='ltr'>δὲ</span> <span class='ocrx_word' id='word_1_658' title='bbox 3559 4551 3646 4606; x_wconf 75' lang='grc' dir='ltr'>διὰ</span> 
     </span>
    </p>
   </div>
   <div class='ocr_carea' id='block_1_91' title="bbox 2066 4642 3644 4714">
    <p class='ocr_par' dir='ltr' id='par_1_91' title="bbox 2066 4642 3644 4714">
     <span class='ocr_line' id='line_1_91' title="bbox 2066 4642 3644 4714; baseline 0 -16"><span class='ocrx_word' id='word_1_659' title='bbox 2066 4645 2273 4698; x_wconf 85' lang='grc' dir='ltr'>τούτων</span> <span class='ocrx_word' id='word_1_660' title='bbox 2297 4644 2368 4696; x_wconf 80' lang='grc' dir='ltr'>τὰ</span> <span class='ocrx_word' id='word_1_661' title='bbox 2383 4647 2447 4697; x_wconf 76' lang='grc' dir='ltr'>ἐκ</span> <span class='ocrx_word' id='word_1_662' title='bbox 2475 4643 2567 4697; x_wconf 86' lang='grc' dir='ltr'><strong>τοῦ</strong></span> <span class='ocrx_word' id='word_1_663' title='bbox 2593 4642 2827 4714; x_wconf 84' lang='grc' dir='ltr'>πολέμου</span> <span class='ocrx_word' id='word_1_664' title='bbox 2854 4642 3349 4713; x_wconf 83' lang='grc' dir='ltr'>προκαταγγέλλειν</span> <span class='ocrx_word' id='word_1_665' title='bbox 3377 4646 3518 4700; x_wconf 86' lang='grc' dir='ltr'><strong>κατά</strong></span> <span class='ocrx_word' id='word_1_666' title='bbox 3537 4645 3644 4698; x_wconf 89' lang='grc' dir='ltr'><strong>τῶν</strong></span> 
     </span>
    </p>
   </div>
   <div class='ocr_carea' id='block_1_92' title="bbox 386 4735 1976 4831">
    <p class='ocr_par' dir='ltr' id='par_1_92' title="bbox 386 4741 1963 4812">
     <span class='ocr_line' id='line_1_92' title="bbox 386 4741 1963 4812; baseline 0.001 -19"><span class='ocrx_word' id='word_1_667' title='bbox 386 4743 570 4796; x_wconf 79' lang='lat' dir='ltr'><strong>vitatis</strong></span> <span class='ocrx_word' id='word_1_668' title='bbox 590 4743 970 4812; x_wconf 84' lang='lat' dir='ltr'><strong>peccatoribus</strong></span> <span class='ocrx_word' id='word_1_669' title='bbox 1003 4753 1259 4796; x_wconf 87' lang='lat' dir='ltr'><strong>eventura</strong></span> <span class='ocrx_word' id='word_1_670' title='bbox 1285 4742 1668 4810; x_wconf 70' lang='lat' dir='ltr'><strong>praenuntiam.</strong></span> <span class='ocrx_word' id='word_1_671' title='bbox 1687 4741 1789 4808; x_wconf 80' lang='lat' dir='ltr'><strong>Qui</strong></span> <span class='ocrx_word' id='word_1_672' title='bbox 1822 4743 1963 4797; x_wconf 86' lang='lat' dir='ltr'><strong>enim</strong></span> 
     </span>
    </p>
   </div>
   <div class='ocr_carea' id='block_1_93' title="bbox 2075 4735 3646 4831">
    <p class='ocr_par' dir='ltr' id='par_1_93' title="bbox 2075 4735 3646 4811">
     <span class='ocr_line' id='line_1_93' title="bbox 2075 4735 3646 4811; baseline -0.001 -19"><span class='ocrx_word' id='word_1_673' title='bbox 2075 4737 2473 4811; x_wconf 78' lang='grc' dir='ltr'>ἡμαρτηκότων</span> <span class='ocrx_word' id='word_1_674' title='bbox 2499 4738 2734 4808; x_wconf 77' lang='grc' dir='ltr'>ἐσόμενα</span> <span class='ocrx_word' id='word_1_675' title='bbox 2768 4735 2962 4807; x_wconf 75' lang='grc' dir='ltr'>βλάϐη,</span> <span class='ocrx_word' id='word_1_676' title='bbox 2993 4737 3088 4790; x_wconf 79' lang='grc' dir='ltr'><strong>καὶ</strong></span> <span class='ocrx_word' id='word_1_677' title='bbox 3117 4737 3189 4790; x_wconf 88' lang='grc' dir='ltr'><strong>τά</strong></span> <span class='ocrx_word' id='word_1_678' title='bbox 3216 4740 3334 4802; x_wconf 89' lang='grc' dir='ltr'>ταῖς</span> <span class='ocrx_word' id='word_1_679' title='bbox 3365 4737 3646 4809; x_wconf 78' lang='grc' dir='ltr'>αίχμαλω·</span> 
     </span>
    </p>
   </div>
   <div class='ocr_carea' id='block_1_94' title="bbox 385 4832 1966 4904">
    <p class='ocr_par' dir='ltr' id='par_1_94' title="bbox 385 4832 1966 4904">
     <span class='ocr_line' id='line_1_94' title="bbox 385 4832 1966 4904; baseline -0.001 -15"><span class='ocrx_word' id='word_1_680' title='bbox 385 4833 553 4889; x_wconf 84' lang='lat' dir='ltr'><strong>semel</strong></span> <span class='ocrx_word' id='word_1_681' title='bbox 619 4832 755 4888; x_wconf 87' lang='lat' dir='ltr'><strong>alios</strong></span> <span class='ocrx_word' id='word_1_682' title='bbox 800 4841 1176 4902; x_wconf 78' lang='lat' dir='ltr'><strong>expugnarunt</strong></span> <span class='ocrx_word' id='word_1_683' title='bbox 1237 4834 1625 4904; x_wconf 84' lang='lat' dir='ltr'><strong>viceruntque,</strong></span> <span class='ocrx_word' id='word_1_684' title='bbox 1676 4833 1729 4886; x_wconf 90' lang='lat' dir='ltr'><strong>in</strong></span> <span class='ocrx_word' id='word_1_685' title='bbox 1779 4844 1966 4900; x_wconf 87' lang='lat' dir='ltr'><strong>captos</strong></span> 
     </span>
    </p>
   </div>
   <div class='ocr_carea' id='block_1_95' title="bbox 385 4924 1969 4996">
    <p class='ocr_par' dir='ltr' id='par_1_95' title="bbox 385 4924 1969 4996">
     <span class='ocr_line' id='line_1_95' title="bbox 385 4924 1969 4996; baseline 0 -17"><span class='ocrx_word' id='word_1_686' title='bbox 385 4924 693 4988; x_wconf 89' lang='lat' dir='ltr'><strong>consulunt,</strong></span> <span class='ocrx_word' id='word_1_687' title='bbox 721 4933 780 4978; x_wconf 89' lang='lat' dir='ltr'><strong>ut</strong></span> <span class='ocrx_word' id='word_1_688' title='bbox 808 4924 975 4992; x_wconf 90' lang='lat' dir='ltr'><strong>lubet,</strong></span> <span class='ocrx_word' id='word_1_689' title='bbox 1010 4924 1117 4996; x_wconf 82' lang='grc'>77</span> <span class='ocrx_word' id='word_1_690' title='bbox 1160 4936 1426 4993; x_wconf 89' lang='lat' dir='ltr'><strong>potestate</strong></span> <span class='ocrx_word' id='word_1_691' title='bbox 1460 4927 1783 4995; x_wconf 87' lang='lat' dir='ltr'><strong>impotenter</strong></span> <span class='ocrx_word' id='word_1_692' title='bbox 1817 4935 1969 4980; x_wconf 85' lang='lat' dir='ltr'><strong>uten-</strong></span> 
     </span>
    </p>
   </div>
   <div class='ocr_carea' id='block_1_96' title="bbox 388 5016 1969 5086">
    <p class='ocr_par' dir='ltr' id='par_1_96' title="bbox 388 5016 1969 5086">
     <span class='ocr_line' id='line_1_96' title="bbox 388 5016 1969 5086; baseline -0.001 -14"><span class='ocrx_word' id='word_1_693' title='bbox 388 5029 488 5085; x_wconf 89' lang='lat' dir='ltr'><strong>tes,</strong></span> <span class='ocrx_word' id='word_1_694' title='bbox 510 5027 565 5072; x_wconf 88' lang='lat' dir='ltr'><strong>et</strong></span> <span class='ocrx_word' id='word_1_695' title='bbox 596 5017 801 5086; x_wconf 90' lang='lat' dir='ltr'><strong>impetu</strong></span> <span class='ocrx_word' id='word_1_696' title='bbox 836 5016 1196 5086; x_wconf 84' lang='lat' dir='ltr'><strong>incastigabili</strong></span> <span class='ocrx_word' id='word_1_697' title='bbox 1243 5017 1460 5086; x_wconf 88' lang='lat' dir='ltr'><strong>quidvis</strong></span> <span class='ocrx_word' id='word_1_698' title='bbox 1491 5016 1708 5071; x_wconf 86' lang='lat' dir='ltr'><strong>tandem</strong></span> <span class='ocrx_word' id='word_1_699' title='bbox 1750 5017 1851 5071; x_wconf 87' lang='lat' dir='ltr'><strong>sibi</strong></span> <span class='ocrx_word' id='word_1_700' title='bbox 1882 5016 1969 5086; x_wconf 87' lang='lat' dir='ltr'><strong>ju-</strong></span> 
     </span>
    </p>
   </div>
   <div class='ocr_carea' id='block_1_97' title="bbox 383 5108 1968 5178">
    <p class='ocr_par' dir='ltr' id='par_1_97' title="bbox 383 5108 1968 5178">
     <span class='ocr_line' id='line_1_97' title="bbox 383 5108 1968 5178; baseline -0.001 -13"><span class='ocrx_word' id='word_1_701' title='bbox 383 5110 620 5165; x_wconf 84' lang='lat' dir='ltr'><strong>cmidum</strong></span> <span class='ocrx_word' id='word_1_702' title='bbox 671 5108 1069 5178; x_wconf 82' lang='lat' dir='ltr'><strong>aggredientes,</strong></span> <span class='ocrx_word' id='word_1_703' title='bbox 1105 5117 1161 5162; x_wconf 89' lang='lat' dir='ltr'><strong>et</strong></span> <span class='ocrx_word' id='word_1_704' title='bbox 1191 5123 1368 5178; x_wconf 90' lang='lat' dir='ltr'><strong>neque</strong></span> <span class='ocrx_word' id='word_1_705' title='bbox 1411 5110 1543 5178; x_wconf 87' lang='lat' dir='ltr'><strong>legis</strong></span> <span class='ocrx_word' id='word_1_706' title='bbox 1575 5112 1833 5165; x_wconf 82' lang='lat' dir='ltr'><strong>rationem</strong></span> <span class='ocrx_word' id='word_1_707' title='bbox 1867 5109 1968 5163; x_wconf 86' lang='lat' dir='ltr'><strong>du-</strong></span> 
     </span>
    </p>
   </div>
   <div class='ocr_carea' id='block_1_98' title="bbox 383 5197 1970 5268">
    <p class='ocr_par' dir='ltr' id='par_1_98' title="bbox 383 5197 1970 5268">
     <span class='ocr_line' id='line_1_98' title="bbox 383 5197 1970 5268; baseline -0.001 -14"><span class='ocrx_word' id='word_1_708' title='bbox 383 5209 588 5263; x_wconf 82' lang='lat' dir='ltr'><strong>centes,</strong></span> <span class='ocrx_word' id='word_1_709' title='bbox 640 5213 816 5268; x_wconf 83' lang='lat' dir='ltr'><strong>neque</strong></span> <span class='ocrx_word' id='word_1_710' title='bbox 868 5197 997 5267; x_wconf 86' lang='lat' dir='ltr'><strong>quid</strong></span> <span class='ocrx_word' id='word_1_711' title='bbox 1046 5208 1473 5252; x_wconf 85' lang='lat' dir='ltr'><strong>consentaneum</strong></span> <span class='ocrx_word' id='word_1_712' title='bbox 1518 5206 1612 5250; x_wconf 89' lang='lat' dir='ltr'><strong>aut</strong></span> <span class='ocrx_word' id='word_1_713' title='bbox 1657 5198 1858 5254; x_wconf 89' lang='lat' dir='ltr'><strong>decens</strong></span> <span class='ocrx_word' id='word_1_714' title='bbox 1897 5199 1970 5254; x_wconf 89' lang='lat' dir='ltr'><strong>sit</strong></span> 
     </span>
    </p>
   </div>
   <div class='ocr_carea' id='block_1_99' title="bbox 385 5290 1965 5362">
    <p class='ocr_par' dir='ltr' id='par_1_99' title="bbox 385 5290 1965 5362">
     <span class='ocr_line' id='line_1_99' title="bbox 385 5290 1965 5362; baseline 0.003 -20"><span class='ocrx_word' id='word_1_715' title='bbox 385 5293 623 5362; x_wconf 86' lang='lat' dir='ltr'><strong>cogitare</strong></span> <span class='ocrx_word' id='word_1_716' title='bbox 655 5294 1020 5357; x_wconf 89' lang='lat' dir='ltr'><strong>sustinentes;</strong></span> <span class='ocrx_word' id='word_1_717' title='bbox 1049 5290 1192 5346; x_wconf 90' lang='lat' dir='ltr'><strong>velut</strong></span> <span class='ocrx_word' id='word_1_718' title='bbox 1219 5291 1452 5345; x_wconf 90' lang='lat' dir='ltr'><strong>indurati</strong></span> <span class='ocrx_word' id='word_1_719' title='bbox 1485 5299 1750 5356; x_wconf 91' lang='lat' dir='ltr'><strong>autem,et</strong></span> <span class='ocrx_word' id='word_1_720' title='bbox 1786 5293 1965 5346; x_wconf 88' lang='lat' dir='ltr'><strong>animo</strong></span> 
     </span>
    </p>
   </div>
   <div class='ocr_carea' id='block_1_100' title="bbox 385 5384 1966 5452">
    <p class='ocr_par' dir='ltr' id='par_1_100' title="bbox 385 5384 1966 5452">
     <span class='ocr_line' id='line_1_100' title="bbox 385 5384 1966 5452; baseline 0.001 -16"><span class='ocrx_word' id='word_1_721' title='bbox 385 5397 645 5451; x_wconf 83' lang='lat' dir='ltr'><strong>perquam</strong></span> <span class='ocrx_word' id='word_1_722' title='bbox 696 5395 892 5450; x_wconf 85' lang='lat' dir='ltr'><strong>truces,</strong></span> <span class='ocrx_word' id='word_1_723' title='bbox 927 5398 1155 5452; x_wconf 84' lang='lat' dir='ltr'><strong>parcere</strong></span> <span class='ocrx_word' id='word_1_724' title='bbox 1194 5384 1407 5438; x_wconf 85' lang='lat' dir='ltr'><strong>miseris</strong></span> <span class='ocrx_word' id='word_1_725' title='bbox 1450 5385 1780 5440; x_wconf 89' lang='lat' dir='ltr'><strong>omnimodis</strong></span> <span class='ocrx_word' id='word_1_726' title='bbox 1812 5384 1966 5438; x_wconf 88' lang='lat' dir='ltr'><strong>dedi-</strong></span> 
     </span>
    </p>
   </div>
   <div class='ocr_carea' id='block_1_101' title="bbox 384 5473 1959 5544">
    <p class='ocr_par' dir='ltr' id='par_1_101' title="bbox 384 5473 1959 5544">
     <span class='ocr_line' id='line_1_101' title="bbox 384 5473 1959 5544; baseline 0.003 -20"><span class='ocrx_word' id='word_1_727' title='bbox 384 5483 641 5542; x_wconf 84' lang='lat' dir='ltr'><strong>gnantur.</strong></span> <span class='ocrx_word' id='word_1_728' title='bbox 689 5473 917 5530; x_wconf 88' lang='lat' dir='ltr'><strong>Liberos</strong></span> <span class='ocrx_word' id='word_1_729' title='bbox 966 5475 1131 5544; x_wconf 82' lang='lat' dir='ltr'><strong>igitur</strong></span> <span class='ocrx_word' id='word_1_730' title='bbox 1169 5475 1415 5529; x_wconf 83' lang='lat' dir='ltr'><strong>hoStibus</strong></span> <span class='ocrx_word' id='word_1_731' title='bbox 1464 5477 1530 5528; x_wconf 88' lang='lat' dir='ltr'><strong>ad</strong></span> <span class='ocrx_word' id='word_1_732' title='bbox 1575 5476 1959 5530; x_wconf 89' lang='lat' dir='ltr'><strong>contumeliam</strong></span> 
     </span>
    </p>
   </div>
   <div class='ocr_carea' id='block_1_102' title="bbox 381 5565 1960 5638">
    <p class='ocr_par' dir='ltr' id='par_1_102' title="bbox 381 5565 1960 5638">
     <span class='ocr_line' id='line_1_102' title="bbox 381 5565 1960 5638; baseline 0.001 -18"><span class='ocrx_word' id='word_1_733' title='bbox 381 5577 438 5620; x_wconf 90' lang='lat' dir='ltr'><strong>et</strong></span> <span class='ocrx_word' id='word_1_734' title='bbox 462 5566 770 5634; x_wconf 85' lang='lat' dir='ltr'><strong>spurcitiem</strong></span> <span class='ocrx_word' id='word_1_735' title='bbox 796 5565 1168 5623; x_wconf 83' lang='lat' dir='ltr'><strong>fornicationis</strong></span> <span class='ocrx_word' id='word_1_736' title='bbox 1205 5568 1509 5637; x_wconf 66' lang='lat' dir='ltr'><strong>expositum</strong></span> <span class='ocrx_word' id='word_1_737' title='bbox 1552 5569 1614 5622; x_wconf 89' lang='lat' dir='ltr'><strong>iri</strong></span> <span class='ocrx_word' id='word_1_738' title='bbox 1643 5567 1846 5638; x_wconf 87' lang='lat' dir='ltr'><strong>liquido</strong></span> <span class='ocrx_word' id='word_1_739' title='bbox 1875 5566 1960 5622; x_wconf 84' lang='lat' dir='ltr'><strong>in-</strong></span> 
     </span>
    </p>
   </div>
   <div class='ocr_carea' id='block_1_103' title="bbox 381 5659 547 5713">
    <p class='ocr_par' dir='ltr' id='par_1_103' title="bbox 381 5659 547 5713">
     <span class='ocr_line' id='line_1_103' title="bbox 381 5659 547 5713; baseline -0.006 -1"><span class='ocrx_word' id='word_1_740' title='bbox 381 5659 547 5713; x_wconf 82' lang='lat' dir='ltr'><strong>dicat.</strong></span> 
     </span>
    </p>
   </div>
   <div class='ocr_carea' id='block_1_104' title="bbox 459 5835 1464 5904">
    <p class='ocr_par' dir='ltr' id='par_1_104' title="bbox 459 5835 1464 5904">
     <span class='ocr_line' id='line_1_104' title="bbox 459 5835 1464 5904; baseline 0.003 -14"><span class='ocrx_word' id='word_1_741' title='bbox 459 5835 501 5870; x_wconf 80' lang='lat'>“</span> <span class='ocrx_word' id='word_1_742' title='bbox 532 5836 568 5890; x_wconf 93' lang='lat' dir='ltr'><strong>ll</strong></span> <span class='ocrx_word' id='word_1_743' title='bbox 599 5835 736 5892; x_wconf 87' lang='lat' dir='ltr'><strong>Tim.</strong></span> <span class='ocrx_word' id='word_1_744' title='bbox 771 5853 830 5892; x_wconf 89' lang='grc' dir='ltr'><strong>ιιι</strong></span> <span class='ocrx_word' id='word_1_745' title='bbox 894 5837 947 5894; x_wconf 67' lang='grc' dir='ltr'>Δ.</span> <span class='ocrx_word' id='word_1_746' title='bbox 1027 5839 1070 5871; x_wconf 77' lang='grc'>¹⁸</span> <span class='ocrx_word' id='word_1_747' title='bbox 1099 5837 1288 5892; x_wconf 81' lang='lat' dir='ltr'><strong>Matth.</strong></span> <span class='ocrx_word' id='word_1_748' title='bbox 1323 5851 1376 5904; x_wconf 88' lang='lat' dir='ltr'><strong>v,</strong></span> <span class='ocrx_word' id='word_1_749' title='bbox 1406 5837 1464 5893; x_wconf 76' lang='grc' dir='ltr'>ὅ.</span> 
     </span>
    </p>
   </div>
   <div class='ocr_carea' id='block_1_105' title="bbox 2074 4825 3642 4899">
    <p class='ocr_par' dir='ltr' id='par_1_105' title="bbox 2074 4825 3642 4899">
     <span class='ocr_line' id='line_1_105' title="bbox 2074 4825 3642 4899; baseline -0.001 -16"><span class='ocrx_word' id='word_1_750' title='bbox 2074 4833 2216 4894; x_wconf 82' lang='grc' dir='ltr'>σίαις</span> <span class='ocrx_word' id='word_1_751' title='bbox 2244 4829 2506 4899; x_wconf 77' lang='grc' dir='ltr'>ἑπόμενα.</span> <span class='ocrx_word' id='word_1_752' title='bbox 2528 4827 2592 4881; x_wconf 88' lang='grc' dir='ltr'><strong>Οἱ</strong></span> <span class='ocrx_word' id='word_1_753' title='bbox 2615 4827 2724 4897; x_wconf 89' lang='grc' dir='ltr'><strong>γάρ</strong></span> <span class='ocrx_word' id='word_1_754' title='bbox 2743 4827 2888 4892; x_wconf 72' lang='grc' dir='ltr'>ἅπαξ</span> <span class='ocrx_word' id='word_1_755' title='bbox 2910 4825 3142 4890; x_wconf 83' lang='grc' dir='ltr'>ἑλόντες,</span> <span class='ocrx_word' id='word_1_756' title='bbox 3163 4826 3260 4879; x_wconf 74' lang='grc' dir='ltr'>καὶ</span> <span class='ocrx_word' id='word_1_757' title='bbox 3278 4827 3642 4897; x_wconf 82' lang='grc' dir='ltr'>νενικηκότες,</span> 
     </span>
    </p>
   </div>
   <div class='ocr_carea' id='block_1_106' title="bbox 2068 4918 3644 4994">
    <p class='ocr_par' dir='ltr' id='par_1_106' title="bbox 2068 4918 3644 4994">
     <span class='ocr_line' id='line_1_106' title="bbox 2068 4918 3644 4994; baseline -0.003 -16"><span class='ocrx_word' id='word_1_758' title='bbox 2068 4924 2397 4994; x_wconf 84' lang='grc' dir='ltr'>πράττουσιν</span> <span class='ocrx_word' id='word_1_759' title='bbox 2419 4923 2499 4985; x_wconf 89' lang='grc' dir='ltr'><strong>είς</strong></span> <span class='ocrx_word' id='word_1_760' title='bbox 2523 4922 2649 4983; x_wconf 82' lang='grc' dir='ltr'>τοὺς</span> <span class='ocrx_word' id='word_1_761' title='bbox 2673 4918 2900 4982; x_wconf 87' lang='grc' dir='ltr'>ἀλόντας</span> <span class='ocrx_word' id='word_1_762' title='bbox 2932 4918 2993 4972; x_wconf 81' lang='grc' dir='ltr'>τὸ</span> <span class='ocrx_word' id='word_1_763' title='bbox 3027 4918 3236 4985; x_wconf 87' lang='grc' dir='ltr'>δοκοῦν,</span> <span class='ocrx_word' id='word_1_764' title='bbox 3265 4920 3532 4990; x_wconf 86' lang='grc' dir='ltr'>ἀχαλίνως</span> <span class='ocrx_word' id='word_1_765' title='bbox 3556 4921 3644 4987; x_wconf 64' lang='lat' dir='ltr'><strong>EE-</strong></span> 
     </span>
    </p>
   </div>
   <div class='ocr_carea' id='block_1_107' title="bbox 2065 5011 3645 5086">
    <p class='ocr_par' dir='ltr' id='par_1_107' title="bbox 2065 5011 3645 5086">
     <span class='ocr_line' id='line_1_107' title="bbox 2065 5011 3645 5086; baseline 0 -18"><span class='ocrx_word' id='word_1_766' title='bbox 2065 5015 2275 5077; x_wconf 88' lang='grc' dir='ltr'>ουσίαις</span> <span class='ocrx_word' id='word_1_767' title='bbox 2289 5012 2585 5086; x_wconf 87' lang='grc' dir='ltr'>χρώμενοι,</span> <span class='ocrx_word' id='word_1_768' title='bbox 2604 5015 2700 5067; x_wconf 78' lang='grc' dir='ltr'>καὶ</span> <span class='ocrx_word' id='word_1_769' title='bbox 2710 5011 3133 5082; x_wconf 86' lang='grc' dir='ltr'>ἀνεπιπλήκτοις</span> <span class='ocrx_word' id='word_1_770' title='bbox 3154 5013 3351 5082; x_wconf 84' lang='grc' dir='ltr'>ὁρμαῖς</span> <span class='ocrx_word' id='word_1_771' title='bbox 3369 5013 3504 5084; x_wconf 80' lang='grc' dir='ltr'>πρὸς</span> <span class='ocrx_word' id='word_1_772' title='bbox 3539 5015 3645 5068; x_wconf 81' lang='grc' dir='ltr'>πᾶν</span> 
     </span>
    </p>
   </div>
   <div class='ocr_carea' id='block_1_108' title="bbox 2064 5103 3644 5176">
    <p class='ocr_par' dir='ltr' id='par_1_108' title="bbox 2064 5103 3644 5176">
     <span class='ocr_line' id='line_1_108' title="bbox 2064 5103 3644 5176; baseline 0 -18"><span class='ocrx_word' id='word_1_773' title='bbox 2064 5105 2241 5159; x_wconf 78' lang='grc' dir='ltr'>ὁτιοῦν</span> <span class='ocrx_word' id='word_1_774' title='bbox 2280 5107 2390 5159; x_wconf 88' lang='grc' dir='ltr'><strong>τῶν</strong></span> <span class='ocrx_word' id='word_1_775' title='bbox 2418 5106 2603 5169; x_wconf 77' lang='grc' dir='ltr'>αὐτοῖς</span> <span class='ocrx_word' id='word_1_776' title='bbox 2652 5104 2775 5159; x_wconf 88' lang='grc' dir='ltr'>καθ’</span> <span class='ocrx_word' id='word_1_777' title='bbox 2810 5104 3003 5175; x_wconf 82' lang='grc' dir='ltr'>ἡδονὴν</span> <span class='ocrx_word' id='word_1_778' title='bbox 3029 5103 3337 5176; x_wconf 74' lang='grc' dir='ltr'>ἐρχόμενοι,</span> <span class='ocrx_word' id='word_1_779' title='bbox 3385 5107 3482 5158; x_wconf 80' lang='grc' dir='ltr'>καὶ</span> <span class='ocrx_word' id='word_1_780' title='bbox 3521 5103 3644 5158; x_wconf 79' lang='grc' dir='ltr'>οὔτε</span> 
     </span>
    </p>
   </div>
   <div class='ocr_carea' id='block_1_109' title="bbox 2065 5192 3644 5266">
    <p class='ocr_par' dir='ltr' id='par_1_109' title="bbox 2065 5192 3644 5266">
     <span class='ocr_line' id='line_1_109' title="bbox 2065 5192 3644 5266; baseline -0.003 -18"><span class='ocrx_word' id='word_1_781' title='bbox 2065 5197 2230 5266; x_wconf 89' lang='grc' dir='ltr'>νόμον</span> <span class='ocrx_word' id='word_1_782' title='bbox 2261 5195 2721 5265; x_wconf 81' lang='grc' dir='ltr'>ὑπολογιζόμενοι,</span> <span class='ocrx_word' id='word_1_783' title='bbox 2741 5192 2865 5246; x_wconf 72' lang='grc' dir='ltr'>οὔτε</span> <span class='ocrx_word' id='word_1_784' title='bbox 2885 5193 2946 5246; x_wconf 75' lang='grc' dir='ltr'>τὸ</span> <span class='ocrx_word' id='word_1_785' title='bbox 2971 5193 3118 5256; x_wconf 80' lang='grc' dir='ltr'>εἰκὸς</span> <span class='ocrx_word' id='word_1_786' title='bbox 3150 5192 3182 5263; x_wconf 82' lang='grc' dir='ltr'>ἢ</span> <span class='ocrx_word' id='word_1_787' title='bbox 3215 5193 3425 5262; x_wconf 84' lang='grc' dir='ltr'>πρέπον</span> <span class='ocrx_word' id='word_1_788' title='bbox 3443 5193 3644 5246; x_wconf 68' lang='grc' dir='ltr'>ἐννοεῖν</span> 
     </span>
    </p>
   </div>
   <div class='ocr_carea' id='block_1_110' title="bbox 2064 5284 3646 5360">
    <p class='ocr_par' dir='ltr' id='par_1_110' title="bbox 2064 5284 3646 5360">
     <span class='ocr_line' id='line_1_110' title="bbox 2064 5284 3646 5360; baseline -0.003 -17"><span class='ocrx_word' id='word_1_789' title='bbox 2064 5288 2398 5360; x_wconf 81' lang='grc' dir='ltr'>ἀνεχόμενοι,</span> <span class='ocrx_word' id='word_1_790' title='bbox 2433 5285 2841 5356; x_wconf 86' lang='grc' dir='ltr'>ἀπεσκληκότες</span> <span class='ocrx_word' id='word_1_791' title='bbox 2887 5285 2942 5338; x_wconf 83' lang='grc' dir='ltr'>δὲ</span> <span class='ocrx_word' id='word_1_792' title='bbox 2979 5284 3187 5357; x_wconf 84' lang='grc' dir='ltr'>ὥσπερ,</span> <span class='ocrx_word' id='word_1_793' title='bbox 3221 5286 3316 5338; x_wconf 75' lang='grc' dir='ltr'><strong>καὶ</strong></span> <span class='ocrx_word' id='word_1_794' title='bbox 3356 5286 3492 5338; x_wconf 81' lang='grc' dir='ltr'>πολὺ</span> <span class='ocrx_word' id='word_1_795' title='bbox 3532 5285 3646 5354; x_wconf 71' lang='grc' dir='ltr'>βλέσ</span> 
     </span>
    </p>
   </div>
   <div class='ocr_carea' id='block_1_111' title="bbox 2067 5374 3644 5450">
    <p class='ocr_par' dir='ltr' id='par_1_111' title="bbox 2067 5374 3644 5450">
     <span class='ocr_line' id='line_1_111' title="bbox 2067 5374 3644 5450; baseline -0.003 -16"><span class='ocrx_word' id='word_1_796' title='bbox 2067 5397 2236 5434; x_wconf 90' lang='grc' dir='ltr'>ποντα</span> <span class='ocrx_word' id='word_1_797' title='bbox 2265 5379 2402 5450; x_wconf 76' lang='grc' dir='ltr'>πρὸς</span> <span class='ocrx_word' id='word_1_798' title='bbox 2425 5380 2698 5450; x_wconf 80' lang='grc' dir='ltr'>ἀνήμερον</span> <span class='ocrx_word' id='word_1_799' title='bbox 2733 5379 2947 5448; x_wconf 73' lang='grc' dir='ltr'>ἔχοντες</span> <span class='ocrx_word' id='word_1_800' title='bbox 2977 5377 3124 5441; x_wconf 84' lang='grc' dir='ltr'>νοῦν,</span> <span class='ocrx_word' id='word_1_801' title='bbox 3150 5375 3406 5447; x_wconf 82' lang='grc' dir='ltr'>οὐδεμιᾶς</span> <span class='ocrx_word' id='word_1_802' title='bbox 3433 5374 3644 5441; x_wconf 78' lang='grc' dir='ltr'>ἀξιοῦσι</span> 
     </span>
    </p>
   </div>
   <div class='ocr_carea' id='block_1_112' title="bbox 2065 5467 3647 5543">
    <p class='ocr_par' dir='ltr' id='par_1_112' title="bbox 2065 5467 3647 5543">
     <span class='ocr_line' id='line_1_112' title="bbox 2065 5467 3647 5543; baseline -0.004 -17"><span class='ocrx_word' id='word_1_803' title='bbox 2065 5471 2279 5543; x_wconf 85' lang='grc' dir='ltr'>φειδοῦς</span> <span class='ocrx_word' id='word_1_804' title='bbox 2299 5473 2424 5536; x_wconf 85' lang='grc' dir='ltr'>τοὺς</span> <span class='ocrx_word' id='word_1_805' title='bbox 2453 5470 2654 5535; x_wconf 80' lang='grc' dir='ltr'>ἀθλίως</span> <span class='ocrx_word' id='word_1_806' title='bbox 2689 5469 3058 5541; x_wconf 88' lang='grc' dir='ltr'>πεπραχότας.</span> <span class='ocrx_word' id='word_1_807' title='bbox 3091 5469 3214 5523; x_wconf 81' lang='grc' dir='ltr'>Ὅτι</span> <span class='ocrx_word' id='word_1_808' title='bbox 3233 5469 3410 5522; x_wconf 75' lang='grc' dir='ltr'>τοίνυν</span> <span class='ocrx_word' id='word_1_809' title='bbox 3432 5467 3647 5539; x_wconf 78' lang='grc' dir='ltr'>προκείο</span> 
     </span>
    </p>
   </div>
   <div class='ocr_carea' id='block_1_113' title="bbox 2066 5559 3644 5635">
    <p class='ocr_par' dir='ltr' id='par_1_113' title="bbox 2066 5559 3644 5635">
     <span class='ocr_line' id='line_1_113' title="bbox 2066 5559 3644 5635; baseline -0.005 -15"><span class='ocrx_word' id='word_1_810' title='bbox 2066 5582 2249 5620; x_wconf 85' lang='grc' dir='ltr'>σονται</span> <span class='ocrx_word' id='word_1_811' title='bbox 2293 5567 2408 5629; x_wconf 87' lang='grc' dir='ltr'>τοῖς</span> <span class='ocrx_word' id='word_1_812' title='bbox 2435 5563 2649 5635; x_wconf 72' lang='grc' dir='ltr'>ἐχθροῖς</span> <span class='ocrx_word' id='word_1_813' title='bbox 2679 5563 2761 5626; x_wconf 89' lang='grc' dir='ltr'>εἰς</span> <span class='ocrx_word' id='word_1_814' title='bbox 2787 5562 2944 5634; x_wconf 76' lang='grc' dir='ltr'>ὓϐριν</span> <span class='ocrx_word' id='word_1_815' title='bbox 2976 5562 3070 5616; x_wconf 75' lang='grc' dir='ltr'><strong>καὶ</strong></span> <span class='ocrx_word' id='word_1_816' title='bbox 3094 5559 3482 5633; x_wconf 77' lang='grc' dir='ltr'>αἰσχρουργίαν</span> <span class='ocrx_word' id='word_1_817' title='bbox 3534 5559 3644 5613; x_wconf 88' lang='grc' dir='ltr'><strong>τῶν</strong></span> 
     </span>
    </p>
   </div>
   <div class='ocr_carea' id='block_1_114' title="bbox 2063 5651 3642 5728">
    <p class='ocr_par' dir='ltr' id='par_1_114' title="bbox 2063 5651 3642 5728">
     <span class='ocr_line' id='line_1_114' title="bbox 2063 5651 3642 5728; baseline -0.004 -14"><span class='ocrx_word' id='word_1_818' title='bbox 2063 5658 2512 5714; x_wconf 86' lang='grc' dir='ltr'>πεποονευκότων</span> <span class='ocrx_word' id='word_1_819' title='bbox 2540 5658 2606 5711; x_wconf 81' lang='grc' dir='ltr'>τὰ</span> <span class='ocrx_word' id='word_1_820' title='bbox 2636 5655 2824 5712; x_wconf 86' lang='grc' dir='ltr'>παιδία</span> <span class='ocrx_word' id='word_1_821' title='bbox 2873 5655 3334 5728; x_wconf 80' lang='grc' dir='ltr'>καταμεμήνυκεν</span> <span class='ocrx_word' id='word_1_822' title='bbox 3372 5651 3642 5724; x_wconf 70' lang='grc' dir='ltr'>ἐναργῶς.</span> 
     </span>
    </p>
   </div>
  </div>
