4046 6376
378 366 481 424 153

1298 364 1852 422 COMMENTARIUS
1892 362 1957 417 IN
1997 362 2223 419 OSEAM
2269 360 2713 417 PROPHETAM.

3527 364 3631 419 154

443 484 505 537 El
530 482 586 535 δέ
617 482 680 552 δη
706 497 790 545 τις
815 481 1008 547 ἕλοιτο,
1043 480 1136 535 καὶ
1156 481 1279 534 καθ’
1310 483 1495 554 ἕτερον
1522 484 1703 553 νοήσει
1728 484 1946 553 τρόπον.

2129 481 2228 547 Qui
2258 480 2414 544 volet,
2440 482 2605 535 etiam
2637 480 2743 534 alio
2774 493 2932 532 sensu
2965 477 3139 531 locum
3176 478 3319 532 lrnnc
3349 477 3628 548 intelliget.

383 572 807 627 Ἐπισκέπτεται
860 573 958 643 μὲν
1008 571 1116 643 γὰρ
1164 573 1192 625 6
1236 572 1341 626 τῶν
1375 574 1510 626 ὅλων
1542 574 1693 637 Θεὸς,
1741 573 1833 636 οὓς
1886 573 1951 627 ἂν

376 665 619 735 βούλοιτο
645 666 811 733 τιμᾷν
867 680 926 716 τε
960 664 1055 717 καὶ
1082 665 1322 735 ἀγαπᾷν.
1364 663 1482 717 Κᾶν
1511 666 1591 729 εἰς
1622 664 1682 717 τὸ
1712 664 1951 735 ῥᾴθυμον

374 760 457 831 ἴδῃ
477 757 1008 828 παρενηνεγμένους,
1028 758 1120 811 καὶ
1148 757 1275 827 δρᾷ»
1305 757 1588 820 ἐθέλοντας
1614 757 1651 811 ἃ
1680 757 1753 828 μὴ
1776 756 1949 827 θέμιῖν

373 852 605 920 ἐπιτιμᾷ
663 848 1013 920 συμμέτρως,
1074 849 1464 920 παλινδρομεῖν
1509 848 1821 903 ἀναπείθων
1860 849 1954 902 ἐπὶ

374 944 433 995 τὸ
491 943 730 1012 ἄμεινον.
793 942 1081 1012 Τοιγάρτοι
1143 943 1307 1013 φησὶν
1358 943 1386 994 6
1432 941 1712 1003 θεσπέσιος
1743 940 1954 1005 Παῦλος

378 1036 493 1095 τοῖς
538 1035 618 1095 είς
646 1032 931 1102 εὐδόκιμον
963 1032 1321 1102 κεκλημένοις
1362 1031 1535 1101 ζωήνο
1574 1051 1592 1083 ι
1620 1035 1683 1086 Εἰ
1711 1032 1954 1086 παιδείαν

382 1123 702 1192 ὑπομένετε,
739 1123 815 1185 ὡς
846 1125 981 1185 υἱοῖς
1024 1123 1153 1192 ὑμῖν
1186 1123 1553 1192 προσφέρεται
1595 1126 1623 1176 6
1662 1123 1815 1186 Θεός.
1859 1122 1955 1186 Τίς

381 1217 485 1285 γάρ
511 1217 657 1267 ἐστιν
689 1213 822 1277 υίὸς,
857 1214 915 1267 ὃν
947 1215 1006 1266 οὐ
1040 1213 1280 1266 παιδεύει
1303 1216 1518 1285 πατήρ;
1547 1233 1565 1264 ι
1615 1215 1673 1266 '0
1699 1215 1755 1268 δέ
1776 1231 1839 1283 γε
1870 1231 1956 1267 σο·-

384 1305 626 1373 φῶτατος
681 1304 1090 1377 Παροιμιαστὴς
1138 1305 1568 1377 διαμαρτύρεται
1608 1307 1701 1359 καί
1763 1322 1950 1376 φησιν·

387 1418 405 1449 ι
439 1401 534 1450 Ὃν
577 1397 688 1468 γὰρ
733 1398 924 1467 ἀγαπᾷ
987 1396 1210 1468 Κύριος,
1254 1398 1531 1451 παιδεύει’
1594 1402 1849 1468 μαστιγοῖ
1896 1398 1954 1451 δὲ

381 1489 556 1542 πάντα
586 1488 723 1548 υἱὸν,
751 1488 809 1541 ὃν
837 1487 1216 1557 παραδέχεται.
1242 1508 1260 1540 ι
1313 1489 1520 1542 Οὐκοῦν
1565 1488 1658 1552 οὓς
1688 1489 1952 1556 παιδεύει,

379 1579 472 1631 καὶ
500 1580 795 1640 ἐποπτείας
823 1578 981 1642 ἀξιοῖ,
1012 1577 1087 1639 ὼς
1125 1578 1363 1646 ἀγαθοὺς
1403 1581 1499 1634 καὶ
1541 1581 1951 1650 ὴγαπημένους.

392 1670 596 1739 Ἐφορᾷ
639 1668 694 1720 δὲ
743 1668 997 1738 οὐδαμῶς
1033 1669 1160 1732 τοὺς
1193 1670 1395 1740 σφόδρα
1424 1670 1952 1741 προσκεκρουκότας,

384 1762 666 1830 μονονουχὶ
698 1760 754 1812 δὲ
790 1760 982 1829 λέγων’
1018 1778 1037 1811 ι
1068 1762 1181 1815 Οὐκ
1205 1758 1320 1814 οἶδα
1352 1763 1517 1831 ὑμᾶς.
1540 1782 1559 1814 ι
1603 1782 1621 1813 ι
1657 1763 1956 1833 Ὀφθαλμοὶ

2054 570 2249 623 Visitat
2301 572 2443 625 enim
2500 573 2870 624 universorum
2925 571 3063 623 Deus
3102 584 3235 638 quos
3281 569 3549 623 honorare
3576 579 3632 623 et

2053 662 2272 729 diligere
2312 663 2558 716 voluerit.
2594 663 2703 716 Etsi
2740 663 2804 715 ad
2850 662 3116 731 ignaviam
3165 662 3405 715 detortos
3437 663 3634 716 viderit

2054 753 2391 824 nefandaque
2441 755 2741 820 molientes,
2774 754 2967 809 leniter
3019 755 3309 823 increpitos
3335 754 3399 807 ad
3429 754 3632 808 saluta-

2056 848 2133 901 ria
2185 848 2366 901 denuo
2410 848 2659 915 impellit.
2697 848 2929 902 Proinde
2975 849 3188 901 divinus
3209 847 3403 901 Paulus
3431 848 3497 901 ad
3538 862 3633 900 eos

2054 938 2142 1009 qui
2172 940 2235 992 ad
2262 940 2423 993 vitam
2454 941 2772 995 laudabilem
2806 941 2981 995 vocati
3012 951 3135 995 sunt
3160 940 3629 1008 :tSidiscipliuam

2054 1032 2352 1095 Sustinetis,
2419 1040 2671 1101 tanquam
2708 1032 2832 1086 [iliis
2866 1036 3014 1086 vobis
3036 1034 3197 1088 ollert
3226 1048 3282 1086 se
3306 1033 3465 1087 Deus.
3500 1030 3631 1098 Quis

2054 1121 2197 1174 enim
2233 1121 2394 1185 ﬁlius,
2419 1138 2579 1191 quem
2634 1140 2737 1177 non
2784 1124 3009 1192 cmrigit
3043 1136 3193 1193 pater
3225 1124 3312 1175 H?
3344 1142 3363 1174 ι
3396 1111 3651 1176 Αιιεδιδέ

2058 1222 2145 1265 tur
2175 1216 2311 1267 idem
2342 1215 2772 1282 sapientissimus
2808 1215 3210 1278 Parmrniastes,
3250 1217 3449 1281 cQuem
3484 1216 3627 1269 enim

2056 1299 2225 1367 diligit
2261 1299 2540 1363 Dominus,
2563 1304 2829 1373 castigat;
2858 1302 3088 1374 ﬂagellat
3117 1316 3291 1357 autem
3329 1321 3541 1357 omnem
3576 1307 3631 1357 li-

2056 1390 2185 1443 lium
2219 1407 2377 1460 quem
2420 1393 2612 1463 recipit
2639 1395 2702 1447 ’⁷.
2732 1414 2750 1444 ι
2786 1395 2965 1460 Quare
3013 1412 3147 1463 quos
3192 1399 3437 1466 castigat,
3464 1398 3627 1451 etiam

2056 1483 2365 1539 visitatione
2412 1496 2470 1539 ut
2493 1487 2663 1542 bonos
2710 1499 2765 1542 et
2793 1489 3018 1544 dilectos
3062 1491 3396 1561 dignatur.A
3435 1493 3631 1561 quibus

2057 1584 2234 1628 autem
2269 1587 2354 1630 est
2399 1577 2653 1646 majorem
2688 1580 2739 1631 in
2778 1582 2993 1635 modum
3034 1580 3287 1647 oll‘ensus,
3333 1597 3424 1636 eos
3457 1583 3632 1637 neuti-

2057 1682 2217 1735 quam
2255 1670 2467 1738 aspicit,
2487 1680 2692 1724 tantmu
2718 1688 2821 1725 non
2850 1673 3054 1734 dicens,
3091 1673 3235 1726 «Non
3266 1675 3389 1727 novi
3418 1675 3623 1727 vos".)

2058 1756 2190 1812 Nam
2222 1770 2278 1812 ut
2306 1762 2565 1831 scriptum
2597 1772 2698 1827 est,
2723 1763 2901 1817 «Oculi
2933 1766 3137 1820 Domini
3160 1781 3319 1834 super
3346 1766 3623 1833 juslos".r

379 1854 488 1923 γὰρ
537 1851 765 1923 Κυρίου,
800 1851 892 1903 ἐπὶ
923 1852 1181 1915 δικαίους,
1213 1872 1230 1903 ι
1261 1830 1405 1905 καθά
1453 1830 1778 1924 γέγραπται.
1817 1830 1953 1907 Ούκ-

2062 1848 2223 1917 Ergo,
2270 1851 2314 1903 si
2350 1854 2715 1921 peccaverint,
2750 1856 2945 1924 inquit,
2983 1873 3085 1911 non
3128 1858 3373 1920 visitabo,
3402 1858 3500 1911 hoc
3526 1868 3629 1922 est,

378 1945 473 1997 οῦν
528 1944 631 1997 κᾶν
680 1944 1081 2015 πλημμελῶσι,
1132 1944 1331 2014 φησὶν,
1398 1946 1498 1998 οὐκ
1547 1946 1953 2015 ἐπισκέψομαι,

382 2034 680 2097 τουτέστιν,
726 2037 785 2087 οὐ
827 2036 1083 2105 φροντιῶ,
1123 2037 1223 2088 οὐκ
1270 2037 1581 2106 ἐπιστρέψω
1621 2038 1757 2109 πρὸς
1788 2040 1954 2109 ἐμαυ-

380 2126 492 2191 τὸν,
524 2127 734 2190 οὺδενὸς
755 2128 938 2191 ἀξίους
958 2126 1258 2199 ἡγήσομαι.
1280 2128 1379 2181 Διὰ
1407 2130 1566 2182 ποίαν
1603 2129 1814 2196 αἰτίαν;
1848 2130 1957 2185 Καὶ

383 2218 491 2290 γὰρ
530 2220 685 2289 ὑμεῖς
710 2220 882 2284 αὐτοὶ,
912 2220 1096 2290 φησὶν,
1128 2222 1175 2273 οἱ
1202 2221 1259 2272 ἐν
1285 2219 1436 2284 τάξει
1462 2221 1735 2291 πατέρων,
1771 2223 1959 2276 τοσοῦ-

380 2328 472 2363 τον
495 2312 841 2381 ἀφεστήκατε
886 2311 980 2364 τοῦ
1008 2311 1183 2364 θέλειν
1227 2313 1485 2382 ἐπιτιμᾷν
1529 2315 1738 2377 ἑαυτοῖς
1776 2331 1834 2367 τε
1864 2316 1958 2369 καὶ

379 2408 493 2466 τοῖς
537 2405 594 2471 ἐξ
634 2403 807 2474 ὑμῶν,
867 2404 969 2457 κᾶν
1017 2405 1067 2457 εἰ
1111 2408 1224 2469 τοῖς
1279 2408 1527 2477 ἐσχάτοις
1585 2408 1958 2478 μεταποιοῖντο

382 2495 736 2566 φαυλότητος,
779 2495 855 2558 ὡς
887 2496 1357 2568 συναναφύρεσθαι
1399 2499 1642 2570 πόρναις.
1692 2497 1958 2551 Συντεθύ-

382 2606 511 2642 κατε
539 2590 646 2660 γὰρ
671 2593 783 2652 τοῖς
805 2589 1231 2661 τετελεσμένοις.
1269 2592 1479 2661 Πόρνας
1503 2592 1558 2644 δέ
1586 2608 1748 2660 φησιν
1778 2591 1959 2654 ἰδικῶς

380 2680 481 2742 τὰς
512 2679 604 2733 τοῦ
636 2681 959 2753 Βεελφεγὼρ
1000 2683 1221 2754 ἱερείας.
1262 2682 1581 2754 Βεελφεγὼρ
1616 2685 1672 2737 δέ
1718 2686 1887 2745 ἐστιν,
1930 2686 1958 2736 ὀ

381 2770 713 2842 καλούμενος
740 2774 1008 2843 Πρίαπος.
1033 2775 1097 2827 Αἱ
1118 2774 1173 2827 δὲ
1193 2775 1254 2827 τὸ
1271 2774 1445 2838 οὕτως
1469 2775 1693 2847 αἰσχρὸν
1716 2775 1956 2844 τιμῶσαι

381 2862 694 2932 βδέλυγμα,
737 2866 931 2936 πόρναι
983 2865 1168 2919 λοιπὸν
1217 2866 1683 2936 ὁμολογουμένως.
1730 2866 1958 2919 Τετελεο

381 2955 611 3022 σμένους
672 2956 729 3008 δὲ
781 2957 1035 3027 ὀνομάζει
1090 2957 1254 3011 πάλιν
1299 2960 1425 3021 τοὺς
1478 2958 1805 3028 ίερομύστας
1860 2958 1955 3012 τοῦ

382 3045 725 3117 Βεελφεγὼρ,
748 3048 939 3119 ἄνδρες
964 3047 1021 3100 δὲ
1051 3042 1192 3118 ἦσαν
1217 3065 1233 3081 ο
1266 3042 1406 3101 εἶναι
1438 3048 1537 3119 μὲν
1564 3050 1619 3101 δέ
1646 3050 1744 3103 οὐκ
1773 3050 1960 3121 ἀνεχό-

2059 1959 2164 1997 ιιοιι
2205 1945 2334 1999 Inibi
2371 1961 2516 1999 cura:
2539 1946 2666 2009 erit,
2706 1963 2811 2000 non
2847 1957 3132 2001 convertar
3159 1950 3223 2001 ad
3264 1965 3378 2013 eos,
3408 1950 3633 2016 vilipen—

2059 2036 2181 2090 dam
2211 2036 2353 2091 illos.
2390 2037 2559 2103 Quam
2599 2041 2667 2091 ob
2715 2040 2971 2092 causam?
3001 2039 3207 2097 Etenim
3261 2056 3354 2094 vos
3398 2041 3516 2109 ipsi,
3552 2042 3632 2091 in-

2058 2128 2196 2197 quit.
2232 2129 2320 2197 qui
2355 2129 2406 2181 in
2436 2144 2662 2182 numero
2695 2141 2749 2183 et
2776 2130 2967 2184 Ordine
2998 2141 3207 2200 patrum
3232 2132 3384 2195 eSIis,
3424 2142 3631 2186 tantum

2058 2226 2210 2279 abest
2239 2236 2295 2279 ut
2325 2225 2633 2294 hujusmodi
2664 2227 2714 2280 in
2750 2227 2900 2280 vobis
2934 2227 3064 2295 ipsis
3093 2226 3386 2294 liberisque
3414 2228 3628 2292 vestris,

2060 2317 2312 2383 quamvis
2355 2323 2605 2368 extreme
2652 2317 2761 2369 sint
2801 2316 3048 2383 improbi,
3076 2315 3470 2384 reprehendere
3501 2316 3633 2369 veli-

2062 2406 2152 2469 tis,
2194 2415 2251 2458 ut
2283 2423 2402 2460 cum
2448 2406 2823 2461 meretricibus
2862 2406 3344 2461 conunisceamini.
3388 2406 3633 2459 lurmola-

2058 2508 2156 2551 stts
2183 2500 2325 2551 enim
2356 2513 2475 2552 cum
2505 2497 2753 2552 initiatis.
2786 2497 3097 2553 Meretrices
3122 2500 3333 2568 proprie
3357 2500 3631 2553 sacriﬁcas

2061 2591 2388 2661 Beelpltegor
2404 2592 2662 2644 nominat.
2686 2590 2783 2645 Est
2807 2600 2983 2645 autem
3014 2590 3341 2661 Beelpltcgor
3363 2594 3452 2660 qui
3487 2610 3627 2646 nuu-

2059 2692 2291 2750 eupatur
2344 2680 2589 2749 Priapus.
2629 2680 2760 2735 Tam
2822 2681 3205 2736 exsecrabilem
3249 2684 3629 2752 turpitudinem

2056 2774 2315 2838 colentes,
2350 2782 2711 2844 congruenter
2748 2776 3063 2829 meretrices
3110 2774 3345 2829 fuerunt.
3388 2775 3629 2828 lnitiatos

2058 2878 2219 2932 porro
2248 2876 2404 2918 vocat
2435 2865 2792 2935 hieromystas
2817 2863 3168 2931 Beelpliegor,
3195 2868 3283 2933 qui
3322 2882 3424 2918 non
3462 2866 3629 2919 susti-

2061 2964 2393 3009 nerentcsse
2415 2955 2558 3025 quod
2600 2966 2787 3019 erant;
2821 2958 2915 3010 sed
2946 2956 3122 3024 potius
3163 2958 3214 3010 in
3252 2957 3460 3035 auitqos
3511 2972 3630 3009 tuu-

2058 3046 2255 3101 liehres
2291 3048 2682 3116 immigrarent,
2701 3048 2881 3102 verbis
2904 3057 2957 3101 et
2984 3048 3221 3103 moribus
3242 3048 3443 3103 nefarie
3462 3051 3633 3103 emol-

386 3160 536 3216 μενοι
574 3141 721 3195 τοῦθ’
750 3142 888 3212 ὅπερ
918 3141 1043 3203 εἰσὶ,
1082 3142 1517 3211 μεταφοιτῶντες
1551 3141 1607 3194 δὲ
1650 3141 1849 3212 μᾶλλον
1877 3146 1953 3207 είς

2063 3138 2161 3205 liti,
2195 3156 2330 3210 quos
2358 3141 2595 3194 nonnulli
2640 3139 2980 3195 ell'etuinatos
3024 3151 3077 3195 et
3109 3142 3295 3195 molles
3324 3143 3627 3211 appellant;

380 3237 635 3308 φρόνημα
692 3233 753 3287 τὸ
809 3233 1186 3305 θηλυπρεπὲς,
1236 3233 1415 3301 λόγοις
1464 3250 1523 3285 τε
1594 3234 1686 3287 καὶ
1735 3235 1957 3306 τρόποις

378 3326 608 3389 ἀνοσίως
662 3324 1108 3395 μαλακιζόμενοι.
1149 3323 1448 3395 Θηλυδρίας
1514 3324 1571 3377 δὲ
1615 3324 1707 3377 καὶ
1749 3325 1959 3396 μαλθά-’

379 3437 559 3482 κωνας
608 3418 733 3479 τοὺς
774 3415 1048 3479 τοιούτους
1098 3413 1435 3469 ἀποκαλοῦσί
1479 3431 1643 3479 τινες,
1697 3416 1746 3467 οἳ
1784 3433 1962 3483 γυναι-

380 3513 557 3575 κείαις
588 3511 888 3578 ὀλολυγαῖς,
914 3510 1008 3563 καὶ
1032 3509 1332 3579 κυμὸάλοις
1356 3506 1648 3578 χρώμενοι,
1680 3507 1961 3578 περιθέον-

377 3606 469 3669 τές
496 3622 647 3666 τινας
676 3604 837 3675 δᾷδας
863 3607 905 3625 "
932 3603 1310 3673 μυσταγωγεῖν
1333 3600 1707 3670 ὑπεκρίνοντο,
1737 3601 1835 3670 τῆς
1864 3600 1959 3653 τοῦ

378 3697 701 3769 Βεελφεγὼρ
734 3694 995 3765 αίσχύνης
1018 3693 1350 3765 πληροῦντες
1382 3693 1449 3745 τὰ
1478 3693 1723 3761 παίγνια.
1760 3692 1956 3745 Ἔθυον

2061 3232 2150 3300 qui
2180 3246 2301 3285 cum
2334 3230 2583 3285 fetuineis
2613 3230 2900 3287 ululatibus
2923 3241 2975 3285 et
3010 3233 3266 3303 cymbalis
3304 3237 3634 3289 circumcur-

2061 3332 2265 3386 santes,
2292 3323 2432 3376 inter
2452 3323 2597 3376 faces
2630 3339 2780 3377 sacra
2806 3325 3001 3379 docere
3017 3325 3362 3389 simulabant,
3387 3328 3631 3395 pudenda

2057 3411 2387 3482 Beelpltcgor
2407 3414 2610 3467 ludicra
2630 3416 2913 3470 obeuntes.
2933 3416 3319 3471 Sacriﬁcabaut
3335 3418 3493 3487 igitur
3511 3435 3632 3475 cum

2056 3506 2306 3570 initiatis,
2339 3507 2531 3576 inquit,
2571 3508 2672 3560 hoc
2702 3516 2807 3571 est,
2844 3508 3037 3562 initiati
3080 3521 3235 3563 erant
3268 3510 3480 3564 illorum
3520 3527 3634 3580 my-

2056 3600 2260 3663 8teriis,
2288 3608 2343 3653 et
2370 3616 2489 3652 cum
2521 3600 2656 3653 adeo
2681 3601 2951 3670 corruptis
2968 3602 3276 3656 hominibus
3301 3602 3635 3672 Beelplu-gnr

2055 3690 2318 3745 sacriﬁcia
2349 3689 2688 3745 factitabant.

379 3795 578 3860 τοίνυν,
631 3792 786 3863 φησι,
844 3788 980 3861 μετὰ
1040 3787 1147 3840 τῶν
1204 3785 1621 3855 τετελεσμένων,
1686 3784 1951 3851 τουτέστι,
2003 3784 2278 3857 μεμύηντο
2321 3784 2391 3838 τά
2434 3784 2680 3849 ἐκείνων,
2712 3784 2805 3839 καὶ
2850 3785 2986 3856 ὁμοῦ
3009 3788 3121 3851 τοῖς
3158 3786 3300 3841 οὕτω
3325 3789 3632 3861 κατεφθαρ-

381 3887 562 3958 μένοις
591 3884 863 3954 προσῆγον
894 3881 1081 3944 θυσίας
1108 3879 1186 3950 τῷ
1214 3878 1554 3949 Βεελφεγὼρ.

448 3979 554 4033 Καὶ
616 3980 649 4030 ό
704 3974 854 4039 λαὸς
922 3976 955 4026 ό
1020 3971 1251 4028 συνιὼν
1321 3972 1731 4025 συνεπλέκετο
1812 3969 1956 4024 ιιετὰ

374 4071 624 4138 πόρνηςο

448 4163 578 4215 MZ'.
606 4158 977 4229 Μετακομίζει
1003 4156 1094 4209 τὸν
1116 4155 1272 4224 λόγον
1302 4156 1395 4208 ἐπὶ
1421 4155 1512 4207 τὸν
1546 4153 1764 4216 Ἰούδαν,
1798 4170 1951 4205 τουτ-

374 4251 516 4314 έστι,
567 4252 679 4311 τοῖς
711 4249 775 4300 ἐκ
824 4246 995 4315 φυλῆς
1053 4244 1227 4298 Ἰούδα
1282 4242 1377 4295 καὶ
1420 4242 1696 4311 Βενιαμὶν,
1733 4241 1782 4293 οἳ
1837 4241 1937 4311 τὴν

386 4340 739 4415 Ἰερουσαλὴμ
785 4338 1061 4400 οἰκοῦντες
1108 4336 1211 4399 ἔτι,
1280 4336 1373 4389 καὶ
1423 4334 1485 4387 τὸ
1542 4334 1681 4387 θεῖον
1741 4333 1955 4403 ἔχοντες

374 4435 761 4503 θυσιαστήριον
806 4430 1174 4501 (συνειστήκει
1211 4428 1320 4497 γὰρ
1349 4429 1377 4480 6
1402 4426 1584 4495 ναὸς),
1614 4425 1683 4479 τὰ
1713 4425 1957 4488 Μωσέως

2134 3969 2245 4039 78
2282 3966 2349 4022 Et
2392 3968 2612 4038 populus
2662 3968 2752 4023 ille
2800 3968 3091 4039 intelligens
3125 3970 3426 4025 adhwrebat
3468 3988 3633 4025 mere-

2062 4061 2198 4113 trici.

2133 4150 2338 4206 XLVII.
2372 4149 2686 4206 Sermonem
2725 4152 2790 4205 ad
2823 4151 3015 4207 Judam
3043 4154 3270 4218 derivat,
3309 4155 3412 4211 hoc
3437 4167 3538 4221 est,
3564 4157 3629 4212 ad

2061 4244 2260 4297 tribum
2294 4241 2429 4295 Jmla
2462 4251 2513 4296 et
2548 4241 2847 4309 Benjamin,
2876 4242 2965 4311 qui
3008 4243 3182 4299 adhuc
3204 4243 3501 4301 Jerusalem
3536 4251 3630 4301 lia-

2058 4332 2325 4395 bitantes,
2373 4344 2426 4387 et
2468 4344 2873 4389 sacrosanctum
2917 4335 3088 4390 altare
3125 4337 3386 4393 habentes
3427 4340 3631 4410 (stabat

2056 4425 2199 4478 enim
2236 4426 2515 4495 templum)
2543 4425 2742 4499 Muysis
2775 4438 3040 4496 pr:ecepta
3067 4444 3308 4494 servare,
3346 4441 3401 4484 et
3426 4433 3627 4487 intelli-

373 4528 686 4597 ἐντάλματα
736 4525 920 4596 τηρεῖν
967 4520 1225 4590 ἔφασκον,
1271 4520 1363 4571 καὶ
1406 4516 1507 4588 τὴν
1548 4516 1635 4569 διὰ
1665 4516 1757 4568 τοῦ
1790 4517 1953 4585 νόμου

2058 4519 2287 4585 gentiam
2310 4517 2439 4587 legis
2462 4520 2660 4572 habere
2688 4534 2748 4573 se
2778 4520 3185 4587 proﬁtebantur.
3219 4520 3417 4576 Verum
3444 4539 3497 4578 et
3528 4527 3625 4596 ipsi

374 4620 592 4674 σύνεσιν
657 4617 822 4687 ἐχειν.
885 4612 1047 4666 Ἀλλά
1101 4611 1197 4665 καὶ
1246 4609 1401 4664 αὐτοὶ
1449 4608 1837 4677 λελατρεύκασι
1882 4609 1948 4679 τῇ

386 4709 677 4779 Ἀστάρτῃ,
728 4703 1159 4776 προσοχθίσματι
1205 4700 1491 4754 Σιδωνίων.
1546 4698 1846 4769 Ἀστάρτην
1894 4697 1951 4750 δὲ

372 4796 514 4853 εἷναί
548 4816 679 4868 φασι
703 4797 802 4868 τὴν
836 4795 967 4867 παρ’
997 4794 1273 4862 Ἕλλησιν,
1309 4792 1408 4845 οὐκ
1431 4787 1527 4844 οἷδ’
1552 4791 1718 4852 ὅπως,
1746 4789 1947 4859 ὀνομα-

372 4892 607 4961 ζομένην
643 4889 979 4959 Ἀφροδίτην.
1014 4887 1251 4955 Ἕστηκε
1291 4884 1347 4936 δὲ
1379 4884 1439 4936 τὸ
1467 4882 1691 4952 ἄγαλμα
1719 4879 1944 4950 γυμνὸν,

370 4985 469 5038 καὶ
496 4984 571 5047 ὡς
600 4984 659 5035 ἐν
686 4982 814 5035 εἴδει
840 4980 1063 5051 πόρνης,
1095 4976 1440 5047 αἰσχημόνως
1462 4972 1811 5044 ἀπογυμνοῦν
1835 4972 1948 5035 τοῖς

372 5077 629 5130 ἁπάντων
688 5071 985 5142 ὀφθαλμοῖς
1024 5069 1115 5122 καὶ
1167 5066 1235 5120 τὰ
1281 5065 1501 5120 ἄποπτα
1542 5064 1637 5117 τοῦ
1696 5061 1948 5132 σώματος

374 5169 537 5238 μέρη.
583 5164 792 5218 Οὐκοῦν
839 5163 899 5216 οὐ
944 5161 1123 5232 μόνος,
1172 5160 1357 5229 φησιν,
1413 5158 1441 5209 6
1486 5153 1723 5226 Ἰσραὴλ,
1771 5152 1949 5206 καίτοι

370 5260 632 5330 πλείστην
681 5260 813 5327 ὅσην
866 5254 1120 5308 ἀϐουλίαν
1169 5249 1493 5319 νενοσηκὼς,
1556 5245 1952 5316 συνανεφύρετο

371 5348 619 5419 πόρναις,
644 5347 739 5400 καὶ
761 5345 899 5415 μετὰ
922 5344 1027 5395 τῶν
1044 5340 1440 5410 τετελεσμένων
1465 5337 1639 5390 ἔθυεν·
1657 5336 1793 5390 ἀλλὰ
1816 5355 1832 5385 ι
1859 5334 1953 5387 καὶ

367 5438 532 5501 αὐτὸς
569 5440 598 5491 ὁ
634 5436 758 5501 λαὸς
791 5438 820 5490 ὁ
861 5433 1079 5497 συνιὼν,
1120 5452 1140 5486 ι
1176 5432 1473 5495 τουτέστιν,
1504 5432 1531 5483 6
1562 5428 1661 5500 τὴν
1689 5431 1751 5481 ὲκ
1785 5427 1949 5497 νόμου

368 5530 588 5585 σύνεσιν
642 5529 721 5582 ἔτι
776 5526 965 5592 σώζειν
997 5524 1439 5596 ὑποκρινόμενος,
1476 5542 1495 5573 ι
1528 5519 1951 5575 συνανεπλέκετο

369 5620 566 5692 πόρνῃ.
596 5639 615 5672 ι
652 5618 1134 5689 Προσκεκυνήκασι
1162 5613 1381 5686 γὰρ,;ῶς
1405 5612 1558 5682 ἔφην,
1578 5608 1947 5683 τῇἈστάρτῃ.

447 5791 495 5822 ¹⁶
529 5790 688 5847 llebr.
718 5807 814 5858 xu,
846 5792 898 5847 7.
978 5792 1018 5824 ¹⁷
1051 5789 1207 5847 Prov.
1239 5805 1319 5855 ιιι,
1356 5789 1439 5844 12.

1522 5788 1563 5821 ⁸⁸
1591 5787 1779 5842 Matth.
1819 5802 1913 5852 \‘ll,
1947 5785 2017 5841 ‘23

2057 4608 2256 4662 divinis
2286 4608 2582 4663 honoribus
2619 4611 2899 4676 Astarten,
2933 4612 3246 4667 scandalum
3279 4613 3626 4671 Sidoniorum

2055 4701 2359 4753 coluerunt.
2391 4701 2643 4756 Astarten
2676 4712 2852 4757 autem
2877 4718 2998 4758 esse
3028 4705 3181 4759 aiunt
3219 4711 3359 4777 apud
3388 4708 3627 4775 Graecos,

2055 4789 2237 4843 nescio
2289 4805 2490 4859 quare,
2535 4791 2867 4860 Aphroditen
2905 4792 3214 4859 (Venerem)
3276 4799 3625 4852 nominatam.

2056 4878 2244 4932 Stabat
2274 4878 2472 4931 nudum
2498 4879 2863 4944 simulacrum,
2882 4880 3049 4935 forma
3078 4885 3265 4951 scorti,
3291 4897 3473 4954 partes
3510 4887 3628 4943 illas

2054 4970 2295 5038 corporis
2322 4972 2388 5024 ab
2414 4980 2633 5039 aspectu
2666 4974 3021 5026 removendus
3049 4975 3271 5028 minime
3311 4986 3480 5031 tectas
3507 4993 3624 5031 om-

2055 5059 2198 5111 nitun
2242 5059 2412 5113 oculis
2472 5061 2696 5129 turpiter
2758 5061 3039 5117 exhibens.
3094 5064 3454 5130 Quamobrem
3522 5081 3625 5119 non

2055 5148 2225 5202 solum
2254 5148 2656 5220 lsrael,inquit,
2698 5154 2944 5218 quamvis
2973 5155 3158 5209 morbo
3199 5158 3448 5210 amentia:
3496 5157 3627 5209 διιε-

2061 5251 2179 5296 ctus
2208 5241 2462 5307 maxime,
2492 5259 2612 5296 cum
2644 5244 3018 5298 meretricibus
3045 5246 3392 5307 miscebatur,
3424 5258 3475 5299 et
3503 5260 3625 5300 eum

2055 5332 2281 5386 initiatis
2324 5335 2697 5400 sacrificabat;
2740 5337 2831 5389 sed
2869 5355 2886 5387 ι
2914 5345 2972 5390 et
3014 5338 3126 5405 ipse
3167 5338 3395 5406 populus
3425 5338 3625 5394 intelli-

2053 5436 2202 5491 gens,
2230 5441 2248 5473 ι
2281 5423 2380 5476 hoc
2408 5433 2509 5484 est,
2543 5424 2633 5491 qui
2668 5426 3006 5491 prudentiam
3044 5426 3269 5495 legalem
3300 5428 3478 5482 adhuc
3515 5444 3627 5498 prce

2055 5532 2112 5566 se
2137 5515 2375 5577 ferebat,
2430 5532 2447 5565 ι
2481 5516 2749 5570 meretrici
2816 5518 3187 5572 :ttllttPrcbal.)
3251 5518 3626 5574 Adoraverum

2053 5606 2222 5671 enim,
2242 5616 2297 5658 ut
2317 5605 2448 5671 dixi,
2474 5606 2746 5662 Astarten.
2785 5607 3036 5663 Salomon
3068 5612 3209 5665 enim
3249 5610 3549 5667 libidinosae.
3572 5620 3629 5666 et

2130 5788 2171 5819 ¹⁹
2206 5784 2346 5840 Ρωι.
2387 5801 2578 5849 xxxiii,
2620 5787 2703 5841 lli.
