4046 6376
469 398 576 455 155

1461 394 1519 448 S.
1558 393 1841 449 CYRILLI
1881 392 2348 448 ALEXANDRINI
2387 394 2712 452 ARCHIEP.

3633 399 3736 455 I56

467 522 763 594 peregrina:
793 520 1003 576 mulieri
1030 527 1243 591 gratum
1273 516 1499 586 faciens,
1523 518 1802 572 delubrum
1835 519 1883 572 ei
1908 491 2038 572 con-

2154 516 2402 587 Σολομὼν
2426 517 2536 589 γὰρ
2567 519 2702 591 αὐτῇ
2733 518 2958 592 τέμενος
2999 519 3350 591 ἀνεδείματο,
3377 518 3638 591 μαχλώσῃ
3673 538 3732 574 τε

467 615 667 669 struxit
686 613 756 667 ὀ.

540 704 700 758 Vnus.
748 703 836 756 45.
869 700 946 754 Tu
969 708 1166 759 autem.
1197 697 1390 763 Israel,
1423 715 1486 752 ne
1523 699 1753 769 ignores,
1782 709 1831 752 et
1874 698 2041 765 .Iuda,

467 813 528 851 ne
551 793 931 863 ingrediamim‘
967 792 1023 845 in
1063 789 1311 861 Galgala,
1347 800 1394 844 et
1423 807 1484 843 ne
1527 791 1821 844 ascendutis
1852 792 1908 843 in
1947 791 2045 844 do-

467 904 612 941 mum
644 884 962 955 iniquitatis,
993 891 1043 937 et
1071 899 1132 936 ne
1152 883 1343 952 juretis
1382 884 1631 936 viventem
1667 881 1970 935 Dominum.

537 1064 768 1122 XLVIII.
793 1065 912 1120 Dixi
943 1065 1053 1135 jam
1089 1063 1267 1130 toties,
1297 1063 1481 1116 decem
1512 1060 1683 1115 tribus
1718 1061 1770 1115 in
1799 1059 2044 1115 Samaria

467 1175 496 1212 a
547 1156 823 1227 prophetis
877 1155 1143 1210 nominari
1185 1153 1382 1218 Israel;
1409 1152 1601 1206 Iudam
1647 1167 1794 1216 vero,
1818 1161 1872 1205 et
1911 1166 2046 1206 non-

465 1265 744 1319 nunquam
778 1247 1080 1316 Benjamin,
1102 1247 1236 1301 duas
1268 1245 1443 1300 tribus
1474 1246 1524 1298 in
1556 1241 2046 1308 JerusalemJudte

469 1350 597 1408 puta
624 1349 675 1392 et
699 1337 997 1407 Beniamin.
1017 1335 1280 1405 Loquitur
1301 1335 1354 1387 in
1385 1349 1624 1404 praesens
1651 1334 1716 1388 de
1759 1334 2042 1400 ambobus,

470 1443 524 1486 et
563 1431 842 1499 utriusque
881 1427 1238 1481 multitudinis
1289 1428 1534 1480 morbum
1593 1426 1854 1494 increpat.
1909 1423 2045 1480 Vide

463 1524 615 1578 enim
640 1521 910 1591 quomodo
941 1518 1192 1573 lsraelem
1227 1527 1284 1572 ut
1310 1532 1568 1588 perquam
1605 1515 1948 1585 insipientem
1992 1525 2048 1570 et

471 1615 672 1671 mentis
699 1614 934 1683 inopem,
965 1620 1021 1666 et
1065 1620 1350 1681 eapropter
1371 1611 1532 1664 etiam
1574 1608 1905 1663 desertorem
1937 1606 2048 1662 fac-

472 1717 586 1762 tutn
633 1707 902 1776 vituperet
931 1723 944 1758 :
969 1705 1233 1774 siquidem
1281 1701 1604 1772 insipientia:
1645 1701 1847 1754 crimen
1888 1715 2046 1769 repu-

475 1801 578 1854 tari
619 1813 828 1866 mquum
877 1807 984 1860 est,
1039 1795 1270 1851 cultibus
1321 1794 1583 1848 idolorum
1643 1792 2048 1861 frequentandis

2145 609 2240 662 καὶ
2263 609 2545 680 ἀλλοφύλῳ
2571 611 2789 679 γυναικὶ
2821 611 2890 664 τά
2918 610 3292 684 κεχαρισμένα
3330 610 3575 680 πληρῶν.

2216 701 2300 755 Σὺ
2322 701 2410 766 δὲ,
2428 701 2688 770 Ἰσραὴλ,
2703 703 2788 772 μὴ
2815 703 3039 771 ἀγνόει,
3059 702 3158 755 καὶ
3175 701 3392 766 Ἰούδα,
3413 701 3500 770 μὴ
3526 703 3734 754 clm-to-

2137 795 2392 862 ρεύεσθε
2449 796 2537 858 εἰς
2587 795 2894 863 Γάλγαλα,
2952 795 3051 848 καὶ
3116 793 3202 863 μὴ
3245 793 3599 847 ἀναϐαίνετε
3648 796 3737 859 εἰς

2145 884 2257 937 τὸν
2303 881 2474 938 οἷκον
2517 881 2628 951 τῆς
2670 883 2926 950 ἀδικίας,
2975 885 3073 938 καί
3121 883 3206 954 μὴ
3251 884 3501 953 ὀμνύετε
3554 882 3736 944 ζῶντα

2145 975 2389 1041 Κύριον.

2209 1066 2359 1120 'MH’.
2385 1066 2563 1137 Ἕφην
2589 1067 2692 1138 ἤδη
2725 1067 3065 1132 πλειστάκις,
3111 1068 3192 1120 ὅτι
3220 1068 3320 1131 τὰς
3356 1067 3455 1138 μὲν
3475 1066 3607 1121 δέκα
3634 1086 3704 1134 φυ
3721 1098 3734 1106 -

2148 1155 2267 1219 λὶς,
2305 1155 2406 1219 τὰς
2438 1158 2495 1209 ὲν
2524 1159 2591 1227 τῇ
2639 1159 2941 1228 Σαμαρείᾳ,
2999 1158 3107 1211 τῶν
3142 1158 3440 1230 προφητῶν
3493 1162 3541 1213 οί
3589 1160 3736 1228 λόγοι

2147 1248 2402 1303 καλοῦσιν
2457 1249 2700 1322 Ἰσραήλ·
2735 1250 2935 1304 Ἰούδαν
2966 1267 3030 1318 γε
3065 1251 3172 1321 μὴν
3213 1251 3308 1304 καὶ
3339 1252 3596 1322 Βενιαμὶν
3626 1252 3735 1306 ἐσθ’

2146 1342 2235 1394 ὅτε
2277 1341 2377 1404 τὰς
2427 1341 2486 1395 ἐν
2536 1344 2649 1404 τοῖς
2690 1341 3080 1412 Ἰεροσολύμοις
3125 1342 3218 1396 δύο
3250 1343 3440 1412 φυλὰς,
3488 1343 3587 1416 τὴν
3640 1345 3735 1398 τοῦ

2160 1432 2350 1497 Ἰούδα,
2386 1433 2549 1504 φημὶ,
2575 1433 2670 1485 καὶ
2716 1433 2811 1486 τοῦ
2845 1433 3120 1504 Βενιαμίν.
3165 1434 3362 1503 Γέγονε
3396 1436 3574 1490 τοίνυν
3607 1438 3734 1509 περὶ

2149 1523 2352 1593 ἀμφοῖν
2390 1525 2468 1586 εἰς
2501 1523 2561 1576 τὸ
2594 1523 2766 1596 παρὸν
2787 1526 2815 1577 ὁ
2842 1524 3018 1593 λόγος,
3048 1525 3143 1578 καὶ
3167 1525 3267 1597 τὴν
3303 1527 3570 1598 ἑκατέρας
3601 1528 3736 1599 πλη·-

2152 1614 2276 1677 θύος
2300 1614 2590 1684 ἀπελέγχει
2617 1615 2788 1668 νόσον.
2819 1615 2928 1668 Θὲα
2955 1616 3063 1686 γὰρ
3084 1618 3232 1680 ὅπως
3257 1621 3612 1685 κατονειδίζει
3641 1622 3733 1675 τὸν

2163 1705 2396 1777 Ἰσραὴλ,
2453 1706 2530 1769 ὡς
2572 1708 2829 1762 ἀσύνετον
2885 1708 3104 1780 κομιδῇ,
3163 1710 3258 1763 καὶ
3309 1711 3730 1784 ὀλιγογνώμονα,

2153 1799 2414 1870 ταύτῃτοι
2449 1799 2711 1867 γεγονότα
2735 1801 2830 1855 καὶ
2870 1801 3201 1872 ἀποστάτην.
3234 1803 3408 1876 Εἴπερ
3446 1807 3730 1870 ἀσυνεσίας

472 1890 755 1952 delectari,
781 1898 836 1942 et
861 1903 889 1941 a
918 1886 1187 1942 charitate
1210 1885 1264 1938 in
1291 1883 1458 1938 Deum
1481 1883 1745 1952 separari.
1773 1881 2048 1950 Signiﬁcat

2155 1885 2407 1954 ἔγκλημα
2451 1887 2610 1938 νοοίτ’
2642 1888 2709 1940 ἂν
2761 1888 3010 1956 εἰκότως,
3053 1889 3117 1943 τὸ
3155 1893 3278 1955 ταῖς
3337 1893 3444 1946 τῶν
3498 1893 3733 1949 εἰδώλων

471 2000 602 2055 ergo
643 1985 744 2038 hoc
782 1981 920 2045 loco,
955 1998 975 2031 ι
1003 1993 1069 2033 ne
1119 1979 1357 2047 ignores,
1382 1993 1401 2027 ι
1437 1989 1505 2029 ne
1543 1975 1620 2029 sis
1664 1973 1865 2038 fatuus,
1917 1988 2050 2028 neve

472 2086 714 2130 extrema
751 2071 1057 2141 insipientia
1093 2067 1301 2138 plenus.
1346 2064 1629 2121 Pudefacit
1669 2065 1864 2120 deinde
1897 2064 2052 2120 habi-

475 2177 649 2220 tantes
675 2162 994 2227 Jerusalem,
1031 2174 1223 2228 nempe
1248 2159 1466 2222 Judam,
1497 2167 1556 2212 ut
1581 2157 1952 2212 simulatorem
1996 2164 2050 2211 et

472 2257 635 2326 impie
663 2256 978 2325 injuriosum
999 2291 1014 2316 ,
1046 2251 1188 2322 quod
1214 2251 1476 2305 ambobus
1505 2251 1750 2316 incedat;
1785 2251 1891 2304 imo
1908 2251 2050 2321 quod

472 2349 735 2404 ambobus
760 2345 1052 2416 poplitibus
1095 2343 1250 2413 juxta
1291 2344 1514 2397 verbum
1544 2343 1818 2412 prophetae
1849 2340 2051 2396 claudi-

473 2449 560 2497 cet
583 2439 650 2492 ".
686 2435 948 2506 Fingebat
979 2437 1125 2489 enint
1153 2433 1392 2488 studium
1421 2443 1474 2490 et
1500 2449 1739 2488 amorem
1773 2432 2049 2503 religionis

471 2551 600 2606 erga
618 2534 806 2596 Deum,
835 2541 890 2588 et
917 2527 1183 2585 sacriﬁcia
1213 2529 1417 2598 legibus
1446 2526 1688 2580 instituta
1710 2523 2046 2588 celebrabat,

475 2629 567 2683 sed
593 2627 903 2694 neutiquam
949 2623 1126 2678 adhuc
1153 2622 1219 2674 ad
1254 2621 1529 2673 daemones
1569 2619 1715 2687 ipsos
1745 2617 2049 2672 adorandos

475 2731 767 2788 properare
808 2714 1108 2778 desinebat,
1143 2711 1256 2782 79
1300 2711 1400 2765 etsi
1441 2710 1492 2763 id
1535 2724 1640 2763 non
1682 2707 1815 2762 adeo
1851 2707 2045 2776 palam,

474 2825 661 2864 verum
697 2805 906 2862 occulte
941 2813 995 2860 et
1031 2803 1282 2858 latenter.
1326 2801 1507 2868 Quare
1545 2800 1736 2856 beatus
1787 2801 2049 2870 propheta

475 2900 728 2957 Ezechiel
761 2898 1044 2969 perfodere
1088 2895 1347 2966 parietem
1384 2894 1569 2962 jussus
1609 2900 1726 2957 est;
1764 2907 1870 2960 quo
1908 2889 2051 2944 facto

473 2994 611 3047 vidit
636 2991 815 3047 omnia
849 2987 991 3043 idola
1017 2985 1180 3040 Israel
1208 2985 1419 3054 depicta
1451 2985 1503 3036 in
1541 2983 1854 3052 parietibus.
1892 2983 1957 3036 Et
1981 2981 2048 3036 ad

477 3088 650 3156 ipsum
699 3084 1070 3137 universorum
1107 3079 1295 3132 Deus:
1341 3093 1360 3127 ι
1389 3074 1620 3140 Vidisti,
1663 3075 1734 3128 ftli
1780 3075 2046 3138 hominis,

2152 1976 2431 2046 λατρείαις
2458 1977 2822 2046 προσκεῖσθαι
2849 1978 3046 2047 φιλεῖν,
3073 1981 3170 2033 καὶ
3197 1981 3299 2051 τῆς
3329 1984 3410 2045 είς
3439 1983 3570 2038 Θεὸν
3601 1985 3736 2054 ἀγά-

2154 2084 2261 2135 πης
2286 2067 3050 2138 ἀπονοσφίζεσθαι.Σημαίνει
3074 2070 3138 2142 δὴ
3171 2066 3265 2123 οὖν
3295 2071 3482 2125 ἐνθάδε
3511 2074 3591 2139 τὸ,
3617 2094 3637 2124 ε
3660 2075 3734 2147 μὴ

2149 2160 2385 2228 ἀγνόει,›
2408 2159 2489 2222 τὸ,
2513 2162 2586 2231 μὴ
2609 2160 2700 2213 ἔσο
2724 2161 2927 2233 μωρὸς,
2949 2163 3082 2234 μηδὲ
3096 2163 3197 2234 τῆς
3228 2167 3307 2228 είς
3328 2165 3480 2236 λῆξιν
3498 2167 3736 2238 ἡκούσης

2149 2251 2438 2316 ἀσυνεσίας
2466 2252 2736 2322 ἔμπλεως.
2783 2253 3068 2324 Ἐντρέπει
3111 2254 3170 2308 δὲ
3203 2255 3364 2310 πάλιν
3409 2257 3505 2310 καὶ
3529 2258 3654 2320 τοὺς
3677 2260 3734 2310 ὲν

2148 2345 2262 2406 τοῖς
2292 2343 2706 2414 Ἰεροσολύμοις,
2738 2345 2985 2398 τουτέστι
3017 2345 3109 2398 τὸν
3148 2347 3366 2411 Ἰούδαν,
3401 2348 3476 2410 ὡς
3511 2347 3735 2418 ὐποκρι-

2149 2434 2271 2504 τὴν,
2307 2436 2401 2488 καὶ
2428 2436 2657 2500 ἀνοσίως
2691 2437 3002 2508 ὑϐρίζοντα,
3051 2438 3142 2492 διά
3171 2456 3235 2508 γε
3268 2439 3389 2494 τοῦθ
3413 2439 3615 2510 βαίνειν
3646 2441 3733 2493 ἐπ’

2150 2526 2337 2595 ἄμφω,
2400 2527 2600 2596 μᾶλλον
2648 2527 2706 2580 δὲ
2767 2528 3026 2598 χωλεύειν
3080 2531 3168 2583 ἐπ’
3221 2532 3562 2604 ἀμφοτέραις
3616 2535 3734 2595 ταῖς

2155 2619 2380 2687 ἰγνύαις,
2411 2619 2550 2673 κατὰ
2585 2619 2684 2684 τὴν
2711 2619 2808 2674 τοῦ
2839 2625 3120 2692 προφήτου
3154 2626 3360 2695 φωνήν.
3411 2625 3733 2678 Ἐπλάττετο

2154 2713 2251 2783 μὲν
2293 2714 2400 2784 γὰρ
2443 2714 2780 2786 ἐπιτηδεύειν
2821 2732 2881 2769 τε
2929 2717 3026 2770 καὶ
3071 2717 3292 2788 ἀγαπᾷν
3331 2717 3431 2789 τὴν
3473 2720 3552 2781 εἰς
3601 2718 3731 2772 Θεὸν

2152 2804 2456 2869 εὐσέϐειαν,
2484 2805 2581 2858 καὶ
2610 2805 2709 2870 τὰς
2741 2807 2884 2860 κατά
2911 2807 3075 2878 νόμον
3103 2809 3293 2872 Θυσίας
3327 2810 3530 2864 ἐτέλει·
3561 2809 3732 2880 ἀπήλ-

2150 2897 2315 2950 λακτο
2366 2898 2422 2951 δὲ
2474 2899 2725 2969 οὐδαμῶς
2764 2899 2859 2953 τοῦ
2903 2899 2999 2953 καὶ
3029 2900 3216 2963 αὐτοῖς
3260 2901 3574 2969 ἐπείγεσθαι
3619 2904 3732 2965 τοῖς

2148 2988 2444 3056 δαιμονίοις
2502 2990 2850 3059 προσκυνεῖν,
2893 2989 2943 3042 εί
2990 2990 3084 3042 καὶ⁵
3131 2989 3207 3059 μὴ
3248 2989 3367 3044 λίαν
3409 2991 3729 3059 ἀναφανδὸν,

2150 3079 2265 3133 ἀλλ’
2307 3075 2400 3132 οὖν
2445 3081 2844 3151 κεκρυμμένως
2883 3081 2977 3135 καὶ
3015 3080 3338 3152 λεληθότως.
3379 3083 3489 3136 Καὶ
3531 3084 3659 3152 γοῦν
3703 3086 3732 3136 ὁ

476 3177 606 3249 quid
634 3178 878 3232 seniores
896 3174 1086 3228 domus
1111 3170 1276 3225 Israel
1307 3168 1508 3223 faciant
1531 3167 1660 3222 hic?
1681 3167 2048 3236 unusquisque

2155 3171 2423 3242 μακάριος
2448 3172 2732 3242 προφήτης
2787 3172 3045 3245 Ἰεζεχιὴλ
3076 3173 3322 3245 ὀρύττειν
3365 3175 3422 3226 ὲν
3461 3175 3538 3245 τῷ
3568 3175 3733 3246 τοίχῳ

477 3284 665 3324 eorum
691 3269 745 3324 in
771 3265 1022 3322 cubicqu
1036 3262 1355 3318 abscondito
1379 3276 1586 3316 eormn.
1612 3259 1746 3326 Quia
1779 3259 2046 3326 dixerunt,

2155 3263 2566 3334 προσετάττετο.
2604 3260 2736 3318 Εἶτα
2767 3265 3021 3320 τεθέαται
3049 3265 3230 3320 πάντα
3265 3267 3334 3319 τά
3360 3266 3550 3320 εἴδωλα
3581 3267 3732 3320 οἴκου

479 3361 779 3430 Dereliquit
805 3358 1084 3424 Dominus,
1107 3371 1212 3410 non
1245 3355 1378 3408 vidit
1413 3353 1670 3407 Dominus
1699 3361 1899 3405 terram
1933 3353 1999 3404 “.
2026 3371 2044 3403 ι

2165 3351 2384 3425 Ἰσραὴλ
2416 3355 2869 3426 διαγεγραμμένα
2912 3356 3006 3410 ἐπὶ
3044 3358 3155 3412 τῶν
3196 3357 3408 3428 τοίχων.
3447 3359 3558 3413 Καὶ
3595 3361 3733 3431 πρὸς

477 3457 569 3510 Ait
621 3455 750 3509 item
798 3451 1079 3522 propheta,
1123 3462 1182 3504 se
1225 3447 1500 3517 aspexisse
1549 3443 1800 3498 mulieres
1838 3458 2048 3514 quoque

2154 3446 2314 3498 αὐτὸν
2336 3448 2365 3500 ό
2404 3447 2513 3501 τῶν
2545 3447 2682 3500 ὅλων
2707 3446 2839 3510 Θεός
2861 3463 2876 3478 ·
2915 3465 2935 3499 ι
2975 3448 3274 3521 Ἑώρακας,
3308 3450 3390 3503 υἱὲ
3420 3450 3742 3522 ἀνθρώπου,

480 3547 728 3601 sedentes
781 3553 834 3597 et
867 3542 1181 3612 plangentes
1237 3537 1565 3597 Thammuz,
1605 3535 1695 3604 qui
1739 3533 2048 3590 Graecorum

2154 3537 2188 3591 ἂ
2207 3538 2256 3590 οί
2281 3538 2637 3609 πρεσϐύτεροι
2657 3539 2805 3592 οῐκου
2834 3539 3050 3610 Ἰσραὴλ
3071 3539 3313 3594 ποιοῦσιν
3339 3534 3441 3594 ὧδε
3464 3558 3480 3608 ;
3507 3541 3732 3604 ἕκαστος

477 3638 656 3708 lingua
690 3645 773 3690 est
794 3635 1019 3688 Adonis.
1037 3630 1288 3700 Perspice
1311 3629 1495 3698 igitur,
1521 3642 1629 3697 quo
1651 3639 1829 3697 pacto,
1857 3642 2050 3695 quam-

476 3732 558 3784 vis
599 3727 840 3783 divinum
871 3725 1128 3793 templum
1167 3718 1532 3775 venerabundi
1572 3720 1805 3784 obirent,
1841 3726 1897 3772 et
1937 3717 2052 3772 cul-

2153 3631 2212 3683 ὲν
2240 3630 2316 3700 τῷ
2349 3630 2659 3700 κοιτῶνιτῷ
2679 3629 2906 3700 κρυπτῷ
2932 3630 3130 3685 αὐτῶν.
3149 3631 3293 3684 Διότι
3314 3627 3500 3685 εἶπανο
3537 3633 3733 3700 Ἐγκα-

2151 3721 2433 3773 ταλέλοιπε
2493 3719 2716 3790 Κύριος,
2779 3720 2880 3772 οὐκ
2933 3722 3107 3791 ἐφορᾷ
3167 3721 3372 3792 Κύριος
3409 3721 3508 3792 τὴν
3556 3721 3724 3790 γῆν.»

479 3832 590 3874 ιιιιη
617 3820 858 3874 divinum
884 3816 1181 3871 secundum
1219 3813 1392 3882 legem
1423 3810 1530 3865 sibi
1563 3811 1842 3880 proprium
1882 3820 1937 3865 et
1967 3824 2048 3880 pe-

2155 3813 2452 3867 Τεθεᾶσθαι
2491 3814 2550 3868 δέ
2590 3829 2755 3884 φησιν
2783 3814 2812 3866 ὁ
2845 3814 3128 3885 προφήτης
3167 3815 3262 3867 καὶ
3297 3817 3558 3884 γυναῖκας
3595 3813 3729 3868 καθ-

476 3911 735 3967 culiarem
773 3923 894 3964 esse
934 3906 1273 3966 simularent,
1318 3903 1669 3958 nihilominus
1715 3901 2053 3957 clandestine

475 3999 995 4058 cultibus'ahsurdis
1022 4005 1080 4052 et
1105 3994 1404 4056 diabolicis,
1437 4004 1491 4048 et
1522 3993 1630 4048 Deo
1658 3993 1846 4046 invisis
1876 4009 1936 4048 se
1973 3996 2054 4048 di-

477 4093 755 4148 videbant.
812 4089 1074 4156 Quocirca
1120 4103 1140 4138 ι
1169 4085 1246 4139 Τυ
1280 4083 1465 4146 Israel,
1497 4102 1516 4135 ι
1550 4083 1642 4152 qui
1697 4083 1920 4138 omnino
1957 4085 2053 4139 de-

476 4184 676 4240 tlexisti
706 4199 720 4238 :
745 4181 927 4236 devia
954 4197 976 4230 ‹
1004 4192 1070 4234 ne
1100 4178 1338 4247 ignores,
1372 4193 1390 4224 ι
1421 4173 1614 4241 inquit.
1648 4172 1703 4227 Id
1723 4174 2053 4238 est,abstine

481 4279 551 4331 ab
597 4272 910 4342 imperitia;
941 4270 1140 4324 desiste
1170 4267 1239 4320 ab
1279 4265 1384 4318 hac
1411 4272 1520 4317 tam
1563 4278 1705 4318 vana
1747 4273 1801 4317 et
1831 4263 2049 4333 profana

479 4369 803 4432 vtuuntate;
844 4363 1071 4418 admitte
1113 4358 1456 4428 prudentiam
1505 4356 1609 4428 legi
1651 4367 1708 4412 et
1756 4356 2049 4426 prophetis,

480 4463 598 4516 sive
633 4457 854 4512 Christo
891 4466 946 4509 et
971 4451 1266 4520 Evangelia
1309 4459 1750 4505 consentaneam.
1786 4467 1804 4499 ι
1834 4447 1898 4500 Et
1916 4445 2049 4500 Juda

2155 3905 2381 3974 ημένας,
2407 3906 2499 3958 καὶ
2521 3903 2824 3976 θρηνούσας
2849 3905 2942 3960 τὸν
2953 3904 3483 3976 Θαμμοὺξζὸςηὲστιν
3508 3905 3731 3967 ’Ἄδωνις

2150 4000 2218 4067 τῇ
2269 3998 2536 4070 Ἑλλήνων
2566 4001 2737 4070 φωνῇ.
2771 3998 2962 4069 Ἀθρει
2995 3999 3060 4069 δὴ
3087 3996 3200 4065 οὖν,
3229 4000 3377 4061 ὅπως
3422 3999 3600 4052 καίτοι
3641 3998 3731 4050 τὸν

2155 4089 2295 4142 θεῖον
2319 4092 2674 4160 περιέποντες
2699 4091 2848 4154 ναὸν,
2873 4091 2966 4144 καὶ
2991 4091 3089 4161 τῆς
3116 4092 3258 4144 κατὰ
3281 4093 3444 4162 νόμον
3476 4091 3731 4160 λατρείας

2155 4182 2568 4250 μεταποιεῖσθαι
2601 4181 3079 4254 προσποιούμενοι,
3111 4182 3410 4254 λεληθότως
3435 4182 3727 4254 κατεμερί-

2145 4271 2306 4336 ’ζοντο
2337 4273 2478 4342 πρὸς
2507 4273 2762 4343 λατρείας
2810 4276 2909 4340 τὰς
2955 4276 3276 4338 ἀλλοκότους
3315 4275 3408 4328 καὶ
3441 4273 3727 4344 δαιμονιώ-

2151 4363 2281 4428 δεις,
2346 4362 2440 4416 καὶ
2492 4364 2612 4434 Θεῷ
2663 4365 3164 4438 κατεστυγημένας.
3215 4365 3444 4420 Οὐκοῦν.
3483 4386 3498 4415 σ
3525 4367 3597 4418 Σὺ
3633 4366 3731 4435 μὲν

2165 4452 2400 4524 Ἰσραὴλ,
2424 4472 2442 4505 ι
2497 4454 2804 4524 ὁλοτρόπως
2849 4455 3216 4521 ὲκκεκλικὼς,
3263 4474 3282 4504 ι
3313 4453 3388 4526 μὴ
3417 4454 3662 4525 μάγνόει,
3705 4473 3722 4504 ι

479 4565 552 4607 ne
597 4547 935 4620 ingredimini
965 4548 1017 4600 in
1044 4543 1286 4614 Galgala,
1324 4551 1381 4597 et
1413 4542 1466 4597 in
1505 4542 1721 4598 domum
1753 4538 2048 4607 iniquitatis

2154 4546 2309 4615 φησὶ,
2335 4546 2612 4598 τουτέστιν
2637 4547 2877 4617 ἀπόσχου
2911 4548 3011 4618 τῆς
3039 4547 3297 4618 ἀμαθίας,
3325 4546 3602 4618 κατάληγε
3633 4546 3731 4617 τῆς

481 4657 552 4697 ne
593 4640 903 4703 ascendite,
951 4647 1006 4692 et
1040 4651 1113 4690 ne
1145 4637 1328 4706 jurate
1375 4635 1642 4689 viventem
1689 4630 1996 4685 Dominum.
2029 4645 2048 4680 ι

2157 4634 2329 4696 οὕτως
2377 4636 2585 4701 εἰκαίας
2628 4638 2724 4691 καὶ
2769 4615 2992 4708 βεϐήλου
3031 4615 3277 4708 γνώμης,
3321 4636 3471 4702 δέξαι
3519 4615 3731 4688 σύνεσιν

481 4731 635 4788 Haud
665 4730 809 4785 enim
850 4729 1105 4783 decorum
1131 4737 1217 4781 est
1241 4742 1340 4796 per
1367 4725 1532 4780 Deum
1573 4723 1776 4792 jurare,
1799 4733 1961 4790 atque
2005 4722 2048 4774 iu

2156 4727 2256 4798 τὴν
2283 4728 2373 4780 διὰ
2389 4728 2552 4799 νόμου
2589 4730 2685 4784 καὶ
2725 4730 3019 4800 προφητῶν
3037 4768 3052 4794 ,
3089 4731 3210 4800 ἦτοι
3251 4729 3352 4800 τὴν
3376 4729 3464 4782 διὰ
3491 4725 3728 4798 Χριστοῦ

482 4828 668 4894 lingua
707 4822 908 4876 habere
949 4819 1220 4874 viventem
1268 4818 1580 4880 Dominum,
1617 4825 1673 4869 et
1709 4813 1927 4868 interim
1965 4812 2048 4866 ad-

2157 4819 2252 4872 καὶ
2291 4819 2671 4890 εὐαγγελικήν.
2715 4841 2734 4873 ι
2757 4821 2866 4875 Καὶ
2898 4821 3090 4887 Ἰούδα,
3126 4821 3201 4892 μὴ
3240 4820 3623 4891 είσπορεύεσθε
3652 4822 3730 4884 εἰς

481 4916 686 4972 dictum
715 4927 834 4968 esse
856 4911 1014 4967 idolis
1046 4921 1102 4967 et
1124 4911 1326 4966 vitulos
1355 4909 1624 4964 inanimes
1653 4905 2048 4960 adorare.Con-

2156 4911 2429 4980 Γάλγαλα,
2452 4912 2543 4964 καὶ
2563 4914 2644 4976 είς
2658 4913 2748 4966 τὸν
2768 4911 2914 4966 οἷκον
2932 4913 3032 4983 τῆς
3057 4912 3269 4975 ἀδικίας
3294 4911 3366 4983 μὴ
3391 4911 3729 4973 ἀναϐαίνετε,

480 5008 659 5064 stituit
688 5007 887 5075 quippe
914 5003 1199 5059 Jeroboam
1225 5018 1392 5057 unum
1425 5002 1477 5055 in
1509 4999 1717 5063 Bethel,
1739 5000 1967 5052 alterum
1998 4998 2048 5052 in

2157 5006 2250 5057 καὶ
2288 5004 2362 5076 μὴ
2399 5005 2624 5074 ὀμνύετε
2656 5004 2832 5068 ζῶντα
2859 5005 3070 5076 Κύριον
3093 5018 3153 5056 οι)
3198 5003 3308 5057 Καὶ
3331 5003 3440 5074 γάρ
3477 5003 3593 5055 ἐστι
3624 5002 3733 5055 τῶν

482 5102 597 5156 Dan
629 5099 695 5152 ³³.
729 5098 844 5152 Non
882 5096 1012 5151 sinit
1034 5096 1194 5165 igitur
1217 5095 1470 5164 pietatem
1492 5107 1622 5162 erga
1651 5092 1818 5147 Deunt
1853 5090 2048 5161 [ingere

2158 5096 2394 5159 ἀτόπων,
2420 5098 2605 5166 ὅρκιον
2639 5099 2740 5167 μὲν
2763 5098 3036 5151 ποιεῖσθαι
3055 5097 3208 5159 Θεὸν,
3240 5096 3333 5151 καὶ
3366 5095 3458 5149 ἐπὶ
3487 5093 3734 5162 γλώττης

482 5209 578 5263 per
611 5189 1100 5262 pronuntiationem
1153 5186 1388 5240 nominis
1418 5184 1652 5247 Domini,
1679 5191 1734 5238 et
1779 5181 2048 5236 nihilomi-

2159 5187 2302 5256 ἔχειν
2345 5187 2436 5239 τὸν
2484 5187 2661 5251 ζῶντα
2702 5186 2944 5258 Κύριον,
2993 5187 3348 5258 προσκεῖσθαι
3407 5185 3466 5238 δὲ
3511 5183 3589 5256 τῷ
3640 5184 3736 5237 καὶ

484 5301 585 5340 nus
615 5285 680 5337 ad
707 5279 1036 5336 idololatrias
1055 5293 1177 5332 cum
1203 5279 1408 5331 ratione
1428 5285 1729 5345 pugnantes
1745 5273 1970 5338 auferri,
1997 5273 2048 5327 in

2159 5277 2396 5339 εἰδώλοις
2424 5278 2518 5330 καὶ
2553 5277 2781 5348 ἀψύχοις
2805 5277 3100 5349 δαμάλεσιν
3146 5278 3358 5331 ἑλέσθαι
3387 5275 3734 5348 προσκυνεῖν.

482 5375 724 5444 Galgala,
763 5383 818 5428 et
864 5373 915 5426 in
949 5371 1167 5426 domum
1202 5369 1501 5438 iniquitatis
1537 5367 1914 5422 ascendentes.
1943 5367 2048 5420 Do-

2172 5368 2428 5422 Ἀπέθετο
2466 5370 2575 5440 γὰρ
2619 5370 2922 5440 Ἰεροϐοάμ,
2954 5371 3053 5441 τὴν
3084 5370 3210 5439 μίαν
3247 5372 3327 5432 εἰς
3368 5368 3569 5437 Βαιθὴλ
3592 5408 3607 5430 ,
3639 5365 3735 5419 καὶ

486 5485 632 5523 ιιιιιιιι
667 5465 969 5535 iniquitatis
1001 5472 1158 5518 vocat
1183 5461 1381 5515 Bethet.
1410 5460 1622 5528 Quare?
1643 5461 1882 5513 redditur
1907 5459 2048 5512 enim

2157 5459 2251 5530 τὴν
2285 5461 2477 5532 ἑτέραν
2511 5463 2591 5524 εἰς
2618 5462 2743 5515 Δάν.
2793 5463 2906 5515 Οὐκ
2936 5464 3001 5532 ὲᾷ
3031 5461 3322 5532 τοιγαροῦν
3347 5457 3733 5528 ὑποκρίνεσθαι

485 5557 670 5612 Bethel
706 5557 899 5611 Domus
937 5555 1053 5610 Dei.
1094 5555 1200 5610 Sed
1227 5555 1416 5609 domus
1455 5552 1578 5607 idoli
1621 5553 1767 5605 facta
1807 5561 1909 5613 est,
1932 5564 2048 5602 cum

2161 5554 2259 5623 μὲν
2285 5553 2381 5624 τὴν
2417 5555 2496 5616 εἰς
2527 5554 2662 5608 Θεὸν
2690 5555 2991 5617 εὐσέϐειαν,
3025 5555 3112 5607 διὰ
3143 5553 3238 5606 τοῦ
3261 5553 3350 5605 τὸν
3383 5551 3587 5619 Κύριον
3615 5548 3732 5600 ὀνο-

485 5649 661 5720 aliqua
691 5649 886 5717 injuria
906 5657 960 5703 et
987 5651 1063 5704 rei
1103 5655 1161 5703 et
1190 5645 1564 5717 cognominis:
1595 5644 1786 5699 domus
1820 5654 2048 5709 namque

2162 5644 2375 5714 μάζειν,
2413 5643 2874 5716 κατακομίζεσθαι
2902 5646 2960 5698 δὲ
3001 5645 3138 5716 πρὸς
3173 5643 3432 5706 ἐκτύπους
3475 5639 3733 5710 ψευδαλα-

556 5829 604 5860 ²⁹
633 5825 696 5882 ιιι
733 5827 864 5898 Reg.
901 5843 974 5893 χι,
1006 5827 1055 5881 5.
1131 5829 1172 5859 ἰ
1210 5829 1270 5882 llI
1298 5827 1431 5896 Reg.
1463 5839 1616 5890 xvm,
1645 5821 1737 5875 21.
1814 5822 1857 5852 ²¹
1883 5820 2048 5877 Ειρρίι

2154 5841 2206 5890 ιι,
2244 5826 2324 5881 ιη..
2401 5827 2445 5857 ’³
2485 5825 2553 5882 ιιι
2592 5823 2723 5897 Reg.
2761 5840 2854 5892 χιι,
2888 5824 2977 5880 29.
