4046 6376
379 277 482 333 {57
1298 273 1851 334 COMMENTARIUS
1891 276 1960 332 IN
1998 276 2229 336 OSEAM
2269 279 2709 338 PROI’HETAM.
3527 290 3631 346 158

369 391 576 462 τρείας,
600 388 988 453 ἀναϐαίνοντας
1036 391 1116 453 είς
1143 389 1415 458 Γάλγαλα,
1451 394 1543 446 καὶ
1587 397 1666 459 εἰς
1689 393 1945 452 τὸν-οἶκοι

2067 399 2160 454 Dei
2191 401 2383 456 domus
2426 403 2551 457 idoli
2586 403 2779 467 evasit,
2825 411 2884 457 ut
2924 403 3054 458 dixi.
3088 402 3271 474 Itaque
3309 405 3502 463 alicubi
3539 424 3636 478 per

367 483 468 552 τῆς
497 481 733 544 ἀδικίας.
768 477 929 535 Οῐκον
960 481 1017 535 δὲ
1051 481 1264 546 ἀδικίας
1307 485 1562 554 ὀνομάζει
1595 488 1693 558 τὴν
1726 489 1945 559 Βαιθήλ.

2058 507 2121 545 os
2165 490 2414 548 Ieremia:
2433 496 2499 549 de
2529 495 2722 564 populo
2748 493 2912 549 Israel
2951 498 3065 551 ait:
3101 514 3120 546 ι
3154 498 3292 563 Quid
3339 477 3553 554 dilecta
3583 502 3634 554 iu

367 571 464 624 Διά
489 571 650 623 ποίαν
679 569 891 636 αἰτίανς
930 569 1347 643 διερμηνεύεται
1376 574 1476 644 μὲν
1518 575 1627 648 γὰρ
1674 579 1708 648 ἡ
1754 579 1945 651 Batti-i3)

2063 582 2225 636 domo
2264 597 2382 637 mea
2431 583 2560 639 fecit
2599 586 3055 642 abominationem
3079 588 3166 641 “‘2
3188 607 3208 640 ι
3243 591 3447 645 Dixerit
3473 608 3635 661 porro

366 657 531 728 οἶκος
561 661 733 721 Θεοῦ,
762 662 901 715 Ἀλλ’
921 659 1068 726 οἶκος
1083 663 1300 718 εἰδώλου
1327 665 1567 734 γέγονεν,
1591 669 1945 740 ἀδικηθέντων

2054 672 2176 740 jure
2209 675 2586 729 universorum
2626 676 2766 731 Deus
2814 694 2978 748 super
3009 681 3076 736 iis
3105 683 3197 752 qui
3241 695 3366 737 sunt
3397 683 3462 737 de
3495 683 3635 735 trilm

363 755 566 826 τρόπον
603 755 746 821 τινὰ,
775 755 869 807 καὶ
898 753 992 807 τοῦ
1034 755 1377 827 πράγματος,
1427 759 1520 812 καὶ
1561 760 1734 826 αὐτῆς
1768 762 1826 816 δὲ
1857 767 1945 834 τῆς

2060 763 2195 818 Iuda
2221 776 2276 819 et
2307 765 2622 836 Benjamin:
2652 787 2669 819 ε
2693 770 3103 842 Appropinquat
3133 774 3264 828 mihi
3296 773 3520 842 populus
3547 773 3636 828 hic

365 848 718 918 ἐπωνυμίαςο
751 842 898 913 οἶκος
925 847 1055 918 γὰρ,
1089 847 1168 910 ώς
1207 848 1364 919 ἔφην,
1406 849 1626 906 εἰδώλου
1666 854 1891 923 γέγονεν
1928 857 1945 908 ἐ

2061 855 2239 921 labiis,
2265 871 2362 911 cor
2397 865 2577 913 autem
2607 875 2795 914 eorum
2824 862 2982 932 longe
2998 874 3082 918 est
3108 879 3137 918 a
3165 881 3250 920 me
3269 867 3334 922 ’⁵.
3364 886 3382 917 ι

363 945 513 1013 οἶκος
544 947 638 1002 τοῦ
675 947 966 1004 Θεοῦ.Καὶ
998 951 1126 1020 γοῦν
1156 951 1258 1022 ἔφη
1291 970 1394 1006 που
1459 949 1548 1006 διὰ
1603 949 1701 1021 τῆς
1746 951 2011 1022 Ἱερεμίου
2051 952 2239 1022 φωνῆς
2287 955 2417 1026 περὶ
2466 955 2566 1018 τῆς
2615 955 2853 1026 πληθύος
2898 958 3009 1012 τῶν
3047 961 3107 1026 ἐξ
3146 962 3395 1033 Ἰσραήλο
3456 963 3557 1015 «Τί
3601 965 3632 1034 ἡ

364 1045 701 1116 ἠγαπημένη
755 1047 815 1098 ἐν
857 1045 935 1117 τῷ
969 1049 1102 1119 οἴκῳ
1154 1065 1254 1119 μου
1307 1047 1530 1119 ἐποίησε
1577 1046 1890 1117 βδέλυγμα;
1919 1064 1937 1096 ι
1981 1045 2117 1116 Φαίη
2158 1046 2204 1099 δ’
2246 1046 2313 1100 ἂν
2383 1047 2610 1111 εἰκότως
2639 1051 2666 1102 6
2693 1048 2801 1102 τῶν
2864 1050 3001 1104 ὅλων
3029 1052 3181 1116 Θεὸς,
3224 1053 3315 1107 ὲπί
3343 1071 3406 1120 γε
3438 1054 3536 1123 τῆς
3575 1056 3633 1120 ἐξ

381 1139 551 1193 Ἰούδα
598 1141 692 1193 καὶ
735 1141 1029 1213 Βενιαμίνο
1089 1161 1106 1193 ι
1145 1142 1387 1212 Ἐγγίζει
1447 1161 1535 1214 μοι
1585 1144 1615 1194 6
1645 1143 1769 1205 λαὸς
1837 1134 1993 1204 οὗτος
2058 1142 2312 1211 χείλεσιν.
2373 1144 2436 1196 Ἦ
2475 1143 2532 1196 δὲ
2591 1145 2784 1214 καρδία
2825 1147 3004 1200 αὐτῶν
3047 1149 3234 1221 πόρρω
3288 1150 3481 1220 ἀπέχει
3539 1152 3633 1204 ἀπ’

369 1233 522 1304 ἐμοῦ.
555 1252 574 1284 ι

438 1327 590 1379 Διότι
628 1325 709 1391 ὡς
735 1325 992 1392 δάμαλις
1038 1329 1481 1397 παροιστρῶσα,
1523 1331 1712 1396 οὕτως
1746 1329 1956 1397 παροί-

367 1434 634 1488 στρησεν
665 1418 925 1486 Ἰσραήλ.
955 1421 1063 1474 Καὶ
1083 1421 1201 1474 νῦν
1221 1422 1472 1491 νεμήσει
1493 1423 1714 1488 αὐτοὺς
1741 1424 1954 1490 Κύριος

363 1513 444 1578 ὡς
480 1512 675 1580 ἀμνὸν
707 1513 1130 1580 ἐνεύρυχώρῳ.

439 1606 573 1660 MB’.
617 1606 804 1675 Σοφῶς
829 1623 911 1669 τις
930 1608 1079 1677 ἡμᾶς
1111 1605 1220 1658 τῶν
1251 1608 1419 1674 ἁγίων
1440 1607 1532 1658 ἐπὶ
1563 1607 1660 1677 τὴν
1690 1607 1783 1660 τοῦ
1813 1623 1949 1677 συμ-

362 1699 621 1770 φέροντος
648 1698 820 1768 Οήραν
841 1699 1188 1767 ἁποκομίζει,
1218 1699 1407 1767 λέγων·
1430 1719 1446 1748 ι
1463 1699 1579 1763 Υἱὲ,
1608 1700 1682 1770 μὴ
1703 1697 1948 1771 ζηλούτω

359 1806 460 1842 σου
490 1792 521 1861 ἡ
556 1791 751 1862 καρδία
783 1792 1162 1862 ἁμαρτωλοὺς,
1196 1792 1312 1845 ἀλλ’
1346 1795 1402 1845 ὲν
1430 1792 1579 1862 φόϐῳ
1606 1794 1812 1864 Κυρίου
1840 1792 1946 1847 rae.

361 1882 491 1951 ὃλην
518 1883 618 1952 τὴν
639 1883 870 1954 ἡμέραν.
906 1903 922 1934 ι
971 1882 1079 1946 Οὓς
1105 1884 1215 1955 γὰρ
1243 1883 1308 1937 ἄν
1336 1900 1421 1946 τις
1450 1882 1796 1952 καταψέξειε,
1834 1881 1950 1944 πῶς

359 1975 428 2026 ἂν
458 1974 632 2026 ἕλοιτο
659 1971 888 2044 ζηλοῦν;
920 1974 1158 2028 τοιοῦτόν
1192 1993 1243 2028 τι
1271 1975 1350 2046 τῷ
1383 1974 1553 2045 Ἰούδᾳ
1583 1975 1748 2044 φησὶν
1783 1976 1810 2028 6
1839 1973 1948 2026 τῶν

361 2062 498 2117 ὅλων
535 2064 688 2128 Θεός.
733 2066 825 2136 Μὴ
866 2067 972 2138 γάρ
999 2082 1080 2118 σοι
1123 2065 1367 2134 γενέσθω
1403 2065 1682 2137 πρόφασις
1710 2067 1789 2130 εἰς
1818 2066 1951 2119 ἀπό-

368 2173 554 2210 στασιν
587 2157 649 2210 τὸ
679 2159 1082 2228 παροιστρῆσαι
1122 2158 1214 2212 τὸν
1255 2159 1493 2231 Ἰσραὴλ,
1536 2159 1631 2212 καὶ
1662 2159 1824 2212 οἱονεὶ
1853 2159 1950 2228 τῆς

359 2250 564 2319 ἀγέλης
626 2251 982 2322 ἀποδραμείν,
1028 2253 1086 2304 ὲν
1129 2251 1228 2323 ἴσῳ
1281 2252 1596 2322 δαμάλεσιν,
1666 2246 1754 2314 αἷς
1791 2253 1949 2322 εἴπερ

357 2340 577 2412 οἱπρος
634 2343 954 2414 ὲνιζήσειεν,
1009 2344 1128 2415 ἦτοι
1177 2343 1488 2416 βούτυπος(
1511 2339 1650 2407 εἶδος
1692 2344 1750 2398 δὲ
1793 2343 1951 2396 τοῦτο

359 2433 609 2504 ἐμπίδος,
649 2433 948 2505 δακνούσης
984 2435 1046 2487 οὐ
1062 2435 1361 2506 φορητῶς),
1396 2436 1662 2506 ἀποφέρει
1692 2436 1791 2506 τῆς
1827 2437 1950 2503 ἀγέ-

361 2523 483 2594 λης,
509 2526 602 2579 καὶ
643 2525 756 2590 ὀξεῖ
784 2525 1046 2596 φέρεσθαι
1073 2527 1260 2597 δρόμῳ
1291 2526 1705 2598 παρασκευάζει
1739 2527 1945 2587 λοιπὸν,

360 2617 592 2689 ὅποιπερ
642 2617 710 2672 ἂν
753 2618 914 2691 τύχῃ.
976 2618 1049 2672 Ἥ
1110 2619 1231 2689 οὐχὶ
1284 2618 1443 2673 τοῦτο
1501 2619 1805 2673 πεπονθότα
1856 2621 1948 2673 τὸν

375 2711 591 2781 Ἰσραὴλ
672 2713 974 2783 εὑρήσομεν
994 2729 1008 2777 ;

373 2803 782 2875 Ἱεροσολύμων,
811 2805 906 2858 καὶ
941 2804 1028 2858 τὸν
1059 2805 1252 2858 ἑαυτοῦ
1296 2805 1518 2856 αἰπόλον
1557 2804 1737 2871 ἀφιεὶς,
1786 2821 1946 2856 τουτ-

359 2896 482 2949 έστι
520 2896 675 2955 Θεὸν,
720 2896 900 2968 δεινὴν
945 2898 1038 2950 καὶ
1073 2896 1347 2966 ἐπάρατον
1373 2895 1664 2967 ἐποιήσατο
1690 2896 1788 2967 τὴν
1815 2898 1945 2951 ἁπό-

363 3002 576 3040 στασιν.
614 2985 703 3056 Μὴ
743 2983 995 3057 ζηλώσῃς
1030 2983 1336 3054 τοιγαροῦν,
1372 2977 1418 3036 ὦ
1469 2983 1659 3045 Ἰούδα,
1695 2983 1852 3052 φησί·
1894 2985 1944 3035 εί

2135 1325 2301 1378 Vsus.
2348 1323 2435 1378 16.
2481 1325 2748 1390 Quoniam
2779 1329 2915 1380 sicut
2959 1346 3111 1382 rum:
3154 1341 3308 1385 castra
3345 1336 3635 1390 concitatus

2057 1426 2133 1470 est
2172 1415 2362 1469 Israel.
2408 1415 2569 1470 Nunc
2607 1428 2782 1486 pusret
2824 1436 2911 1472 eos
2953 1419 3208 1475 Dominus
3253 1434 3308 1477 ut
3347 1441 3536 1494 agnum
3581 1429 3634 1481 in

2054 1510 2308 1575 spatioso.

2123 1598 2310 1653 XLIX.
2331 1599 2617 1668 Sapienter
2638 1601 2856 1670 quidam
2875 1618 2930 1655 sa
2942 1614 3186 1657 ucturum
3216 1607 3282 1658 ad
3306 1621 3634 1678 persequen-

2053 1689 2176 1743 dam
2205 1690 2494 1745 utilitatem
2527 1702 2770 1745 nostram
2807 1709 2902 1748 uos
2943 1695 3181 1760 deducit,
3213 1697 3325 1768 80
3354 1714 3475 1754 cum
3510 1703 3583 1755 ait
3614 1721 3626 1756 :

2058 1803 2076 1833 ι
2119 1782 2246 1847 Fili,
2279 1799 2386 1838 non
2418 1784 2705 1840 tenmletur
2737 1799 2833 1838 cor
2869 1795 3015 1839 tumu
3061 1798 3404 1857 peccatores,
3441 1794 3534 1847 sed
3578 1796 3628 1847 in

2049 1875 2245 1930 timore
2295 1875 2507 1930 Domini
2561 1886 2677 1930 esto
2722 1885 2832 1931 tota
2876 1878 3053 1932 die".
3091 1899 3110 1931 ›
3151 1883 3297 1946 Quos
3334 1885 3477 1937 enim
3510 1887 3632 1955 quis

2051 1966 2372 2034 culpaverit,
2408 1968 2677 2036 quomodo
2707 1968 2905 2023 imitari
2940 1973 3163 2038 cupiat?
3211 1975 3341 2029 Tale
3374 1979 3629 2045 quiddam

2051 2059 2116 2112 ad
2154 2058 2289 2113 Juda
2335 2061 2706 2114 universorum
2745 2060 2885 2115 Deus
2920 2080 2933 2116 :
2972 2061 3048 2117 Ne
3082 2074 3132 2119 te
3163 2067 3226 2118 ad
3272 2067 3627 2124 defectionem

2054 2152 2330 2217 sollicitet,
2363 2152 2562 2222 inquit,
2593 2155 2736 2224 quod
2777 2153 2944 2211 Israel
2989 2167 3160 2212 (nstro
3189 2160 3492 2228 exagitatus
3523 2175 3625 2224 est,

2043 2251 2105 2294 'et
2148 2254 2405 2312 tanquam
2451 2258 2651 2306 vacem,
2697 2244 2895 2312 quibus
2932 2245 3208 2308 tabanum,
3243 2258 3334 2300 aut
3365 2247 3627 2317 βούτυπος

2051 2351 2174 2389 cum
2206 2335 2401 2388 insedit
2433 2337 2664 2404 (species
2694 2345 2777 2390 est
2805 2336 3016 2401 culicis,
3045 2339 3460 2394 intolerabiliter
3483 2358 3628 2396 mor-

2052 2423 2273 2496 llelllIS),
2312 2427 2379 2478 ah
2412 2436 2656 2479 armento
2691 2437 2927 2496 separat,
2960 2437 3120 2497 atque
3145 2431 3211 2484 ad
3239 2431 3468 2486 celerem
3500 2448 3624 2486 cur-

2045 2534 2166 2572 sum
2213 2534 2317 2588 qua
2374 2519 2457 2571 via
2513 2522 2670 2572 datur
2716 2519 2924 2574 incitat.
2970 2525 3052 2575 An
3081 2537 3184 2576 non
3243 2523 3384 2576 istud
3441 2522 3626 2578 lsraeli

2048 2611 2338 2679 contigisse
2363 2611 2610 2664 constat?
2642 2611 2899 2667 Discessit
2927 2612 3069 2667 enim
3104 2613 3507 2686 Hierosolyma,
3543 2629 3617 2680 ct,

1097 2710 1457 2782 Ἀπεφοίτησε
1516 2711 1615 2782 μὲν
1676 2712 1784 2782 γὰρ
1836 2713 1945 2765 τῶν

2050 2713 2264 2773 pastore
2301 2717 2400 2758 suo
2428 2703 2637 2768 relicto,
2671 2704 2774 2759 hoc
2824 2713 2907 2760 est
2948 2704 3086 2772 Deo,
3123 2714 3314 2760 tetram
3350 2722 3414 2762 ac
3476 2711 3624 2761 dote-

2047 2795 2294 2848 standam
2324 2795 2598 2864 apostasin
2644 2795 2964 2865 designavit.
3018 2795 3094 2851 Ne
3137 2797 3302 2867 igitur
3332 2799 3626 2866 :emuleris,

2041 2900 2080 2938 ο
2112 2883 2272 2948 Juda,
2306 2886 2498 2955 inquit.
2533 2886 2795 2953 Quamvis
2837 2889 2981 2942 enim
3029 2889 3204 2942 instar
3243 2905 3422 2945 vacca:
3460 2903 3631 2947 (nstro

2047 2979 2285 3048 percitus
2316 2977 2481 3032 Israel
2515 2979 2580 3031 ad
2613 2978 2708 3032 del
2723 2978 2989 3033 ectioncm
3036 2981 3292 3050 profugit,
3325 2991 3502 3037 tamen
3547 2983 3627 3036 fa-

357 3077 472 3147 γάρ
513 3077 606 3129 καὶ
655 3077 711 3128 ὲν
755 3076 852 3146 ἴσῳ
900 3075 1166 3145 δαμάλεσι
1206 3075 1617 3145 παροιστρήσας
1659 3076 1688 3127 6
1729 3073 1945 3145 Ἰσραὴλ

2050 3071 2203 3126 ciuus
2233 3073 2405 3124 audax
2439 3085 2546 3125 nou
2576 3072 2788 3139 impune
2809 3071 3106 3125 admiserit.
3132 3071 3373 3142 Migrabil
3399 3090 3628 3143 namque

359 3167 534 3238 ᾤχετο
573 3167 710 3238 πρὸς
760 3167 1084 3230 ἀπόστασιν,
1139 3167 1254 3220 ἀλλ’
1299 3167 1399 3218 οὐκ
1434 3167 1670 3236 ἀζήμιον
1704 3166 1854 3218 ἔσται
1886 3165 1947 3218 τὸ

361 3259 668 3330 ἐγχείρημα
691 3259 860 3329 αὐτῷ.
905 3258 1289 3311 ’Λπελεύσεται
1318 3259 1427 3327 γὰρ
1458 3257 1822 3328 αἰχμάλωτος,
1853 3257 1947 3309 καὶ

360 3351 462 3422 τὴν
542 3350 874 3418 ὲνεγκοῦσαν
929 3349 1108 3418 ἀφεὶς,
1164 3348 1262 3419 τὴν
1317 3348 1543 3419 Περσῶν
1597 3347 1690 3399 καὶ
1747 3347 1946 3414 Μήδων

358 3441 750 3512 νεμηῡήσεται.
785 3439 983 3492 Οὐκέτι
1021 3437 1246 3510 θρασὺς,
1277 3438 1371 3489 καὶ
1403 3437 1684 3499 οἱονείπως
1711 3435 1943 3504 ἐξηνιος,

358 3535 452 3586 καὶ
497 3532 835 3603 ἁτιμαγέλης
880 3530 1140 3601 (τοιαύτη
1175 3530 1284 3599 γὰρ
1313 3528 1519 3591 ἁείπως
1549 3528 1704 3581 ἐστὶν
1734 3528 1766 3597 ἡ
1808 3545 1948 3598 παρ-

355 3619 634 3688 οιστρῶτα
714 3618 1007 3691 δάμαλις),
1063 3619 1178 3671 ἀλλ’
1253 3619 1310 3670 ἐν
1367 3618 1465 3688 ίσῳ
1535 3616 1774 3686 γεγονὼς
1834 3621 1945 3681 τοῖς

357 3713 692 3780 ἡπιωτάτοις
738 3713 951 3781 ἀμνοῖς.
989 3711 1256 3764 Ταπεινὺν
1300 3709 1409 3779 γὰρ
1448 3710 1536 3764 ἀεὶ
1565 3711 1658 3763 καὶ
1697 3710 1947 3781 περιδεὲς

356 3804 468 3857 τῶν
517 3804 878 3874 αἰχμαλώτων
923 3803 984 3856 τὸ
1020 3804 1241 3875 χρῆμα,
1288 3803 1382 3856 καὶ
1425 3805 1525 3871 τῆς
1569 3801 1662 3854 τοῦ
1710 3802 1940 3871 πάσχειν

359 3897 545 3961 κακῶς
579 3896 790 3961 ἐλπίδος
821 3897 882 3947 οὐ
921 3895 1162 3966 μακρὰν,
1205 3896 1299 3948 καὶ
1340 3897 1407 3966 τῇ
1455 3894 1564 3948 τῶν
1599 3896 1943 3964 κρατούντων

357 3985 644 4058 πλεονεξίᾳ
684 3985 1120 4056 κατηχοημένον.
1187 3985 1510 4056 Εὐρύχωρον
1555 3986 1612 4038 δὲ
1662 3985 1761 4053 τὴν
1811 3987 1945 4056 Περ-

359 4080 470 4132 σῶν
489 4096 549 4130 τε
606 4079 698 4131 καὶ
717 4078 918 4147 Μήδων
948 4076 1204 4146 ὀνομάζει
1227 4077 1353 4145 γῆν,
1389 4077 1672 4147 μονονουχὶ
1704 4076 1943 4129 τοιοῦτόν

354 4188 410 4224 τι
441 4171 616 4238 λέγων
640 4188 655 4203 ·
705 4171 797 4233 Εἰς
846 4170 1105 4223 πλατεῖαν
1142 4171 1237 4223 καὶ
1274 4170 1651 4240 ἀκατάληκτον
1703 4169 1943 4241 νεμηθή-

357 4280 512 4318 σεται
542 4265 664 4333 γῆν,
700 4263 792 4316 καὶ
835 4262 1036 4324 πολλὰς
1058 4261 1280 4332 ἀμείψει
1311 4263 1624 4334 χωρίαςπού
1658 4262 1748 4314 τὸν
1780 4262 1942 4314 αὐτὸν

356 4355 496 4425 ἔχων
541 4355 628 4407 ἀεὶ
660 4355 952 4416 δεσπότην,
998 4352 1134 4406 ἀλλὰ
1171 4353 1308 4424 πρὸς
1360 4354 1458 4424 τὴν
1508 4352 1602 4406 τοῦ
1652 4352 1940 4423 δεχομένου

2055 3163 2304 3232 captivus
2332 3174 2386 3217 et
2413 3164 2648 3218 extorris
2690 3164 2885 3231 patria,
2933 3163 3222 3218 Persarum
3258 3181 3322 3218 ac
3350 3164 3624 3221 Medorum

2055 3263 2232 3309 terras
2284 3255 2570 3318 habitabit,
2618 3269 2725 3310 non
2776 3256 3008 3325 amplius
3056 3259 3231 3311 audax
3305 3270 3358 3313 et
3409 3259 3628 3315 ell‘renis

2054 3345 2474 3414 quodammodo,
2509 3355 2565 3399 et
2598 3360 2627 3400 a
2659 3360 2821 3418 grege
2854 3363 2913 3402 se
2940 3349 3255 3420 disjungens
3285 3351 3444 3421 (talis
3482 3353 3626 3406 enim

2053 3452 2266 3507 semper
2293 3449 2379 3490 est
2412 3451 2574 3491 vacca
2605 3446 2775 3492 castro
2810 3439 3131 3503 stimulata),
3168 3442 3261 3495 sed
3303 3443 3496 3496 similis
3525 3446 3630 3496 erit

2054 3527 2207 3596 agnis
2233 3528 2707 3582 mansuetissimis.
2739 3528 2965 3597 Semper
2989 3532 3131 3583 enim
3156 3533 3350 3598 captivi
3375 3532 3624 3592 humiles,

2052 3626 2108 3668 et
2129 3616 2451 3678 meticulosi,
2475 3628 2531 3669 et
2565 3615 2632 3670 ab
2660 3618 3126 3672 iueouuuodorum
3155 3624 3623 3688 perpclicndorum

2057 3709 2252 3761 timore
2284 3707 2426 3761 haud
2461 3708 2647 3777 procul
2674 3710 2894 3770 absunt,
2924 3720 2979 3764 et
3005 3711 3346 3765 dominormn
3387 3713 3627 3782 imperiis

2051 3809 2368 3855 onerantur.
2422 3799 2724 3870 Spatiosam
2755 3810 2935 3856 autent
2984 3801 3272 3858 Persarum
3323 3805 3628 3860 ltledorum-
3683 3849 3688 3852 .

2051 3907 2158 3962 que
2211 3893 2486 3962 regionem
2555 3892 2816 3962 appellat,
2867 3897 3250 3963 propemodum
3318 3899 3623 3967 hujusmodi

2050 3984 2326 4054 quidpiam
2355 3985 2539 4039 dicens
2564 4002 2577 4036 :
2601 3985 2659 4039 In
2695 3996 2836 4040 terra
2880 3986 2982 4039 lata
3021 3996 3072 4040 et
3113 3987 3372 4042 immensa
3413 3990 3626 4043 habita-

2049 4077 2148 4139 bit,
2181 4088 2237 4130 et
2269 4077 2468 4130 multas
2490 4077 2738 4146 regiones
2771 4092 2892 4131 cum
2921 4079 3152 4132 dominis
3191 4074 3434 4136 mutabit.
3472 4082 3624 4147 Quod

2049 4167 2362 4238 contingere
2413 4176 2590 4236 potest
2641 4167 2804 4223 etiam
2873 4169 3067 4223 anima:
3127 4185 3245 4237 qua:
3305 4172 3622 4226 charitatem

2049 4275 2175 4332 erga
2202 4261 2375 4316 Deum
2402 4260 2671 4332 neglexit;
2697 4261 3096 4330 circumagetur
3127 4264 3269 4315 enim
3303 4279 3625 4334 quocunque

2059 4356 2276 4410 tandem
2312 4355 2645 4409 daemonibus
2685 4355 2990 4409 collibuerit
3046 4358 3278 4424 captiva,
3329 4359 3523 4413 misera
3571 4371 3626 4412 et

358 4450 839 4517 μετανιστάμενος.
873 4446 1043 4501 Πάθοι
1080 4446 1124 4500 δ’
1153 4446 1220 4499 ἂν
1254 4445 1411 4498 τοῦτο
1446 4445 1579 4498 αὐτὸ
1613 4446 1707 4497 καὶ
1730 4443 1940 4516 ἀνθρώ-

2050 4445 2296 4501 imbellis.
2336 4445 2514 4514 Atque
2558 4445 2782 4515 insuper
2816 4447 2939 4515 jure
2967 4448 3149 4500 audiet
3184 4463 3211 4499 a
3247 4447 3354 4502 Deo
3386 4467 3399 4504 :
3435 4468 3453 4499 (
3490 4451 3622 4503 Eru-

355 4557 461 4592 που
493 4539 661 4610 ψυχὴ,
707 4539 809 4609 τῆς
836 4539 970 4610 πρὸς
999 4539 1090 4592 τὸν
1117 4539 1250 4591 Θεὸν
1278 4538 1500 4608 ἀγάπης
1531 4538 1938 4610 ὀλιγωρήσασα.

355 4634 849 4704 Περιενεχυησεται
878 4632 986 4703 γὰρ
1013 4632 1093 4696 εἰς
1131 4633 1239 4684 πᾶν
1267 4630 1447 4684 ὁτιοῦν
1477 4629 1586 4682 τῶν
1613 4633 1723 4692 τοῖς
1750 4631 1932 4701 δαιμο-

2047 4539 2157 4590 dict
2214 4545 2267 4590 te
2321 4537 2591 4603 apostasia
2643 4546 2771 4603 tua,
2818 4546 2872 4591 et
2923 4539 3122 4590 malitia
3165 4547 3252 4591 tua
3317 4549 3370 4591 te
3435 4541 3624 4593 redar-

2047 4641 2172 4700 guet
2197 4630 2264 4683 ’⁷.
2298 4647 2315 4679 ι

354 4729 488 4792 νίοις
549 4727 944 4797 ἡγαπημὲνων.
1006 4727 1379 4798 Δίχμάλωτος,
1442 4728 1536 4779 καὶ
1600 4725 1770 4796 δειλὴ,
1838 4728 1935 4781 καὶ
2004 4726 2250 4789 ἄναλκις,
2319 4727 2413 4779 καὶ
2461 4725 2524 4796 δὴ
2571 4727 2666 4779 καὶ
2745 4726 2967 4790 δικαίως
3017 4729 3308 4782 ἀκούσεται
3376 4730 3624 4793 λένοντος

353 4820 490 4875 Θεοῦ
511 4839 524 4850 θ
568 4839 588 4872 ‹
617 4819 905 4873 Παιδεύσει
934 4837 992 4872 σε
1022 4820 1054 4890 ἡ
1085 4820 1388 4873 ἀποστασία
1427 4836 1541 4880 σου,
1573 4819 1670 4872 καὶ⁵
1703 4819 1736 4888 ἠ
1765 4821 1933 4873 κακία
1970 4837 2063 4874 σου
2090 4819 2296 4888 ἐλέγξει
2339 4836 2421 4873 σε.
2449 4838 2467 4869 ι

423 4913 692 4980 Μέτοχος
723 4911 985 4965 εἰδώλων
1028 4910 1270 4979 Ἐφραῒμ
1297 4911 1512 4976 ἔθηκεν
1544 4909 1734 4975 ἐαυτῷ
1755 4909 1941 4964 σκάν-

349 5005 530 5068 δαλα,
569 5003 794 5072 ῄρέτιζε
844 5003 1237 5067 Χαναναίους.
1271 5003 1672 5071 Πορνεύοντες
1698 5002 1941 5071 ἐξεπόρ-

349 5113 610 5158 γευσαν.
647 5095 978 5165 ἠγάπησαν
1012 5096 1254 5164 ἀτιμίαι·
1299 5095 1369 5148 ἐκ
1416 5093 1798 5163 φρυάγματος
1838 5097 1944 5148 αὺ-

351 5185 492 5240 τῶν.
517 5185 840 5256 Συστροφὴ
869 5187 1206 5254 πνεύματος
1227 5185 1308 5239 σὺ
1341 5181 1400 5238 εἷ
1418 5185 1487 5238 ἐν
1505 5184 1632 5250 ταῖς
1655 5183 1942 5253 πτέρυξιν

350 5276 568 5346 αὐτῆς,
600 5277 698 5330 καὶ
725 5274 1354 5346 καταισχυνθήσοονται
1391 5275 1460 5328 ἐκ
1483 5271 1945 5341 τῶνουσιαστη-

342 5371 498 5439 plur
521 5369 742 5425 αὐτῶν.

426 5465 507 5517 N'.
543 5464 667 5516 Ἔτι
713 5463 791 5534 τῷ
825 5463 1080 5533 προφήτῃ
1129 5461 1264 5532 πρὸς
1305 5460 1396 5512 τὸν
1440 5457 1641 5512 Ἰούδαν
1687 5457 1716 5509 6
1757 5457 1932 5525 λόγος,

2121 4913 2286 4966 Vens.
2331 4911 2519 4966 17-19.
2566 4911 2834 4977 Particeps
2867 4911 3127 4965 idolorum
3165 4913 3413 4981 l'Ip/trnim
3445 4921 3620 4983 posuit

2048 5005 2147 5058 sibi
2185 5004 2462 5064 scandala,
2488 5014 2535 5056 et
2563 5006 2712 5073 elegit
2747 5003 3098 5060 Chanana’os.
3135 5005 3478 5063 Foruicmiles
3511 5011 3619 5076 [nr-

2050 5097 2212 5149 nicati
2256 5106 2415 5160 sunt,
2461 5105 2511 5150 et
2567 5095 2862 5148 dilexerunt
2903 5097 3244 5165 ignominiam
3298 5117 3361 5152 ex
3409 5102 3620 5168 fremitu

2049 5203 2248 5239 eorum.
2284 5184 2459 5238 Turbo
2491 5187 2707 5253 spiritus
2737 5198 2791 5238 tu
2827 5203 2880 5241 es
2910 5188 2964 5242 t'n
2993 5187 3098 5241 alis
3133 5190 3265 5258 ejus,
3307 5203 3352 5243 et
3393 5191 3619 5260 confun-

2045 5276 2236 5330 dantur
2280 5294 2344 5331 ea:
2383 5277 2640 5330 altaribus
2679 5279 2806 5329 suis.

2111 5455 2172 5509 L.
2215 5457 2405 5510 Adhuc
2427 5458 2687 5526 propheta
2704 5455 2893 5510 Iudam
2917 5457 3227 5526 alloquitur,
3251 5459 3612 5528 siumlamem,

353 5556 833 5627 ὑποπλαττόμενον
893 5558 1015 5624 μὲν,
1063 5557 1140 5618 ὡς
1196 5553 1354 5624 ἔφην,
1397 5553 1460 5606 τὸ
1519 5549 1930 5622 μεταποιεῖσθαι

2050 5557 2089 5602 ιι
2130 5548 2263 5612 disi,
2311 5564 2369 5602 se
2413 5550 2582 5616 legem
2623 5558 2679 5601 ut
2727 5548 2994 5617 propriam
3043 5549 3144 5602 sibi
3194 5563 3476 5618 capessere
3505 5593 3518 5616 ,
3562 5565 3615 5604 et

425 5672 474 5705 “
505 5670 616 5726 Jer.
642 5689 717 5732 κι.
752 5673 838 5727 lii.
916 5673 960 5703 ’⁸
995 5673 1100 5726 ls:i.
1137 5686 1284 5729 sxw,
1326 5669 1406 5722 l5.

723 5767 971 5827 Parnm.
1034 5768 1148 5825 Gn.
1205 5764 1406 5822 LXXI.

1484 5669 1528 5700 ³⁵
1565 5667 1723 5721 Prov.
1755 5682 1908 5734 mu,
1948 5664 2032 5718 I7.
2111 5665 2154 5694 ²⁷
2189 5664 2345 5719 Prov.
2383 5680 2456 5730 τι,
2486 5665 2570 5718 l2.

3145 5758 3177 5816 5
