4046 6376
445 274 551 333 159

1443 270 1504 326 S.
1542 269 1818 327 CYRILLI
1857 268 2328 325 ALEXANDRINI
2365 267 2688 326 ARCHIEP.

3612 281 3714 336 MO

444 392 661 463 pietatis
689 405 816 461 erga
850 390 1017 446 Deum
1054 388 1317 444 rationem
1348 402 1454 442 non
1488 388 1763 458 vulgarem
1799 388 2019 452 ducere,

2125 386 2220 439 τοῦ
2247 385 2436 456 νόμου,
2470 386 2563 439 καὶ
2595 384 2694 454 τὴν
2727 385 2806 448 είς
2849 384 2983 441 Θεὸν
3008 388 3287 443 εὐσέϐειαν
3315 391 3415 445 οὑκ
3444 392 3501 444 ὲν
3533 394 3712 465 μικρῷ

444 495 567 533 cum
601 478 808 533 interea
853 480 991 533 clam
1027 493 1055 529 a
1094 478 1331 532 colendis
1368 478 1672 531 daemonum
1718 477 2025 534 simulacris

444 572 589 626 haud
617 572 958 626 abhorreret.
983 571 1089 641 81
1116 570 1279 639 Ergo,
1312 571 1453 639 quod
1482 571 1829 640 sequebatur,
1868 589 1886 622 ‹
1910 571 2027 625 ido-

441 664 620 718 lorum
675 663 949 734 particeps
1006 664 1181 718 factus
1229 672 1312 716 est
1370 663 1661 732 Ephraim,
1695 682 1715 714 ι
1769 663 1869 717 hoc
1907 672 2021 730 est,

443 754 648 821 Israel;
689 754 770 809 sic
815 754 960 810 enim
1007 754 1320 808 nominatur
1358 769 1387 807 a
1426 754 1567 808 tribu
1613 768 1733 823 quae
1785 755 1924 823 apud
1966 770 2027 810 se

446 862 628 900 rerum
659 847 982 914 potiebatur,
1012 845 1345 911 Jeroboami,
1389 846 1636 915 inquam,
1670 848 1735 901 de
1764 856 1946 902 monte
1972 856 2026 901 et

446 937 590 990 tribu
640 937 898 1006 Ephraitn
938 938 1177 996 oriundi.
1228 939 1295 993 Et
1331 942 1786 1009 quemadmodum
1830 939 2023 996 Iudam

443 1035 603 1081 vocat
650 1042 769 1081 eam
805 1043 925 1097 quae
965 1038 1085 1083 erat
1123 1028 1531 1100 Hierosolymis,
1568 1031 1811 1100 regnanti
1863 1030 2024 1085 tribui

442 1116 856 1186 appellationem
889 1134 1041 1173 suam
1082 1134 1343 1186 servans;
1389 1121 1469 1175 sic
1499 1130 1553 1174 et
1593 1122 1644 1175 in
1693 1121 1863 1175 Israel
1900 1137 2023 1176 cum

442 1209 685 1263 nominat
731 1208 1012 1278 prraim,
1062 1226 1092 1263 a
1146 1211 1311 1277 tribu,
1366 1227 1533 1280 penes
1593 1227 1754 1282 quam
1800 1227 2023 1283 regnum

441 1310 579 1367 erat,
622 1304 886 1356 nominat.
954 1302 1232 1373 Particeps
1301 1303 1467 1374 igitur
1515 1303 1691 1359 factus
1724 1312 1809 1359 est
1853 1303 2025 1358 idolo-

451 1406 568 1444 rum
620 1389 899 1459 Ephraim,
949 1392 1144 1463 inquit.
1217 1393 1476 1449 Adoravit
1522 1394 1667 1449 enim
1738 1393 2025 1465 Egyptio-

439 1493 561 1532 rum
606 1495 827 1546 numen,
885 1481 1141 1536 nimirum
1190 1481 1371 1552 Apim,
1413 1484 1528 1538 sive
1564 1482 1816 1548 vitulum,
1863 1498 2023 1551 quem

440 1571 518 1626 illi
567 1587 664 1640 pro
706 1571 815 1627 Deo
874 1574 1138 1629 colebant.
1189 1573 1314 1629 Fuit
1360 1574 1712 1630 nihilominus
1755 1576 2027 1646 particeps

440 1661 734 1731 impietatis
770 1671 825 1717 et
858 1677 1082 1716 summa:
1111 1663 1398 1718 dementiae
1423 1663 1878 1729 Chananteornm,
1929 1664 2021 1733 qui

2128 480 2399 533 ποιεῖσθαι
2451 480 2615 549 λόγῳ,
2648 478 3031 535 διανενευκότα
3074 482 3132 536 δὲ
3186 483 3485 555 λεληθότως
3519 486 3610 539 ἐπὶ
3653 487 3713 540 τὸ

2128 572 2325 645 χρῆναι
2361 571 2530 640 τιμᾷν
2550 568 2619 622 τὰ
2646 568 2754 620 τῶν
2782 567 3073 638 δαιμονίων
3124 570 3438 640 ἰνδάλματα.
3481 572 3708 635 Οὐκοῦν,

2135 680 2153 711 ‹
2182 660 2396 728 Γέγονε,
2428 678 2446 710 ι
2488 659 2671 729 φησὶν,
2709 658 3156 729 ὁμολογουμένως
3182 681 3200 711 ι
3222 662 3446 733 μέτοχος
3479 663 3710 717 εἰδώλων

2126 752 2392 825 Ἐφραῖμ.
2423 770 2442 802 ι
2502 752 2799 815 τουτέστιν,
2859 753 2887 803 ό
2948 752 3185 824 Ἰσραήλ.
3264 756 3587 826 Ὠνόμασται
3654 757 3711 810 δὲ

2125 843 2299 907 οὕτως
2331 842 2440 895 ἀπὸ
2464 841 2566 912 τῆς
2584 845 2715 912 παρ’
2741 842 2891 913 αὐτῷ
2910 844 3218 916 κρατούσης
3244 847 3437 917 φυλῆςν
3464 849 3604 919 φημὶ
3621 849 3708 919 δὴν

2124 937 2224 1005 τῆς
2266 932 2361 985 τοῦ
2422 931 2719 1003 Ἱεροϐοάμ·
2780 929 2849 1004 ἦν
2900 934 3008 1004 γὰρ
3065 936 3123 1002 ἐξ
3169 936 3330 1008 ὅρους
3390 938 3484 991 καὶ
3538 939 3709 1010 φυλῆς

2140 1024 2403 1095 Ἐφραΐμ.
2455 1025 2565 1077 Καὶ
2598 1024 2784 1096 ὥσπερ
2821 1025 3023 1080 Ἰούδαν
3049 1027 3148 1099 τὴν
3179 1030 3236 1082 ὲν
3263 1031 3375 1094 τοῖς
3416 1030 3707 1101 Ἰεροσολύ-

2129 1132 2251 1186 μοις
2292 1116 2580 1181 ἀποκαλεῖ,
2639 1120 2705 1188 τῇ
2760 1117 3122 1190 ϐασιλευούσῃ
3169 1121 3308 1192 φυλῇ
3365 1121 3465 1193 τὴν
3517 1121 3708 1192 κλῆσιν

2126 1207 2467 1277 τετηρηκὼς,
2496 1207 2669 1271 οὕτως
2691 1210 2786 1262 καὶ
2810 1211 2904 1262 ἐπὶ
2921 1209 3015 1263 τοῦ
3051 1212 3289 1283 Ἰσραὴλ,
3313 1213 3439 1266 ὅταν
3468 1213 3710 1287 ὀνομάζῃ

2124 1298 2217 1351 τὸν
2258 1298 2519 1371 Ἐφραῒμ,
2565 1299 2674 1353 ἀπὸ
2703 1301 2802 1368 τῆς
2830 1300 3218 1372 βασιλευούσης
3257 1304 3427 1373 φυλῆς
3474 1310 3708 1359 ποιεῖται

2124 1388 2222 1459 τὴν
2252 1388 2571 1458 ὀνομασίαν.
2613 1391 2859 1461 Μετέσχε
2897 1391 2961 1462 δὴ
2984 1388 3077 1445 οῦν
3118 1394 3147 1444 ὁ
3176 1392 3414 1465 Ἐφραῒμ
3453 1394 3707 1461 εἰδώλων,

2128 1479 2282 1548 φησί.
2314 1478 2737 1550 Προσκεκύνηκε
2781 1480 2890 1551 γὰρ
2918 1481 2996 1552 τῷ
3038 1483 3350 1548 Αἰγυπτίων
3381 1483 3705 1555 σεϐάσματι,

2130 1572 2297 1635 Ἀπις
2322 1571 2378 1624 δὲ
2407 1567 2494 1642 ἧν,
2524 1572 2642 1642 ἤτοι
2661 1572 2890 1643 δάμαλις
2909 1575 2969 1627 τὸ
2991 1575 3217 1628 ἐκείνων
3243 1575 3427 1640 σέϐας.
3459 1578 3706 1648 Μετέσχε

2125 1664 2182 1717 δὲ
2210 1664 2362 1718 οὐδὲν
2390 1658 2557 1736 ἦττον
2600 1666 2694 1719 καὶ
2720 1666 2823 1735 τῆς
2851 1666 2959 1720 τῶν
2989 1668 3315 1722 Χαναναίων
3356 1670 3707 1741 ἀνοσιότητος

445 1763 553 1806 tam
606 1763 762 1823 turpe
816 1753 1036 1816 idolum,
1067 1752 1401 1826 Beelphegor
1458 1754 1689 1818 scilicet.
1740 1755 1918 1811 colere
1960 1766 2014 1810 et

2123 1758 2212 1810 καὶ
2232 1756 2472 1828 ἀμέτρου
2489 1759 2931 1830 φρενοϐλαϐείας,
2952 1760 3001 1813 οἳ
3023 1760 3083 1813 τὸ
3101 1762 3322 1832 αἰσχρὸν
3347 1761 3521 1826 οὑτως
3549 1762 3704 1816 εἴδω-

441 1845 670 1898 adorare
714 1845 1015 1899 voluerunt.
1053 1844 1249 1899 Verum
1302 1846 1407 1900 hoc
1441 1844 1583 1901 facto
1624 1846 1882 1916 Ephraim
1928 1846 2024 1899 im-

439 1935 619 2003 posuit
660 1933 762 1989 sibi
815 1933 1088 1988 5candala.
1144 1933 1420 2004 Opiterum
1469 1936 1614 1990 enim
1668 1943 1723 1988 et
1777 1934 2021 1988 datorem

438 2026 607 2080 Deum
636 2026 881 2081 violavit.
919 2043 938 2077 ι
973 2025 1147 2096 Elegit
1173 2026 1535 2093 Chananaaos,
1573 2045 1592 2078 ι
1627 2042 1748 2097 pro,
1783 2028 2020 2095 ipsorum

440 2120 861 2175 consuetudines
899 2128 956 2174 et
1006 2120 1140 2173 ritus
1176 2119 1441 2175 electione
1480 2129 1536 2174 et
1589 2120 1886 2173 imitatione
1939 2119 2022 2173 di-

437 2227 572 2283 gnos
603 2212 830 2267 censuit.
865 2211 1033 2266 Erant
1086 2214 1137 2267 hi
1185 2212 1425 2267 conﬁnes
1465 2211 1773 2267 Iudaeorum
1798 2251 1814 2274 ,
1849 2212 2023 2266 homi-

440 2321 538 2360 nes
586 2306 835 2360 scelerati
880 2315 937 2359 et
976 2303 1295 2360 idololatria.
1339 2304 1562 2374 Insuper
1610 2321 1628 2354 ι
1659 2302 2022 2358 Fornicantes

439 2398 689 2452 fornicati
735 2406 882 2457 sunt,
913 2414 932 2448 ι
971 2396 1264 2461 Israelitae,
1319 2396 1440 2450 sine
1499 2395 1701 2461 dubio,
1759 2396 1883 2464 quia
1929 2395 2026 2449 im-

442 2489 718 2544 moderate
751 2498 807 2544 et
831 2489 989 2558 plane
1019 2488 1465 2543 inconvenienter
1494 2486 1874 2551 fornicationi,
1909 2486 2021 2555 spi-

441 2582 624 2637 rituali
676 2582 916 2649 scilicet,
962 2582 1305 2645 studuerunt,
1358 2590 1413 2633 et
1454 2581 1717 2650 sacrilega
1751 2578 2023 2650 apostasia

438 2691 537 2731 sua
599 2676 665 2729 ad
719 2675 1109 2745 turpitudinem
1167 2675 1580 2729 descenderunt.
1642 2690 1660 2722 ι
1708 2672 2026 2727 Dilexerunt

444 2782 574 2821 vero
601 2766 766 2820 etiam
801 2766 1149 2835 ignominiam
1183 2782 1245 2818 ex
1286 2766 1592 2819 fremitibus
1621 2781 1831 2829 eorum,
1869 2783 1887 2817 ι
1919 2764 2023 2818 hoc

438 2864 541 2920 est,
591 2870 657 2910 ex
709 2856 898 2926 grandi
945 2854 1087 2908 fastu
1131 2864 1185 2909 et
1222 2853 1509 2922 iactantia,
1565 2863 1786 2923 propter
1829 2852 2019 2920 Deum,

438 2959 491 3002 et
550 2947 774 3018 gloriam
830 2962 992 3015 quam
1042 2948 1108 3001 ab
1149 2946 1266 3014 ipso
1302 2946 1604 3014 capiebant.
1640 2947 1827 3014 Itaque
1873 2960 2022 3000 com-

439 3038 641 3105 pressis
673 3037 952 3107 spiritibus
979 3036 1225 3104 pristinis
1256 3036 1504 3090 inhonori
1531 3046 1584 3090 et
1607 3034 1827 3103 abiecti,
1857 3036 2019 3090 mise-

2128 1848 2221 1901 λον
2251 1849 2536 1919 περιέπειν
2566 1867 2626 1902 τε
2654 1851 2748 1904 καὶ
2772 1853 3098 1921 προσκυνεῖν
3120 1852 3523 1920 ἐγνώκασι,τδν
3552 1854 3709 1906 Βεελ-

2125 1938 2331 2009 φεγώρ.
2375 1939 2535 1993 Ἀλλὰ
2566 1940 2724 1993 τοῦτο
2752 1940 3025 2009 δεδρακὼς
3068 1942 3096 1994 ὁ
3140 1942 3399 2015 Ἐφραῖμ,
3436 1943 3706 2016 (Ἔθηκεν

2124 2027 2305 2099 ἑαυτῷ
2335 2027 2625 2082 σκάνδαλα.
2641 2048 2659 2081 ι
2685 2029 3103 2101 Προσκέκρουκε
3119 2032 3247 2102 γὰρ,
3267 2033 3344 2102 τῷ
3370 2035 3464 2087 καὶ
3493 2035 3705 2106 ἐπαμύ-

2124 2135 2291 2182 νοντι,
2324 2119 2418 2172 καὶ
2447 2118 2733 2184 διασώζειν
2759 2121 3042 2193 δυναμένῳ
3059 2123 3196 2195 Θεῷ.
3222 2145 3240 2176 t
3263 2126 3510 2197 ᾙρέτισε
3526 2129 3705 2182 Χανα-

2123 2209 2327 2274 ναίους,
2359 2228 2378 2260 ι
2412 2211 2534 2264 ἀντὶ
2564 2211 2683 2274 τοῦ,
2719 2213 2923 2284 Αίρετά
2953 2216 3047 2267 καὶ
3074 2215 3375 2287 ἀξιόληπτα
3411 2218 3706 2290 πεποίηται

2122 2300 2193 2369 τὸι
2239 2302 2561 2356 Χαναναίων
2596 2302 2692 2376 έθη
2719 2321 2733 2334 °
2775 2305 2965 2378 ὅμοροι
3008 2306 3063 2360 δὲ
3100 2302 3245 2362 οῦτοι
3284 2308 3387 2381 τῆς
3437 2311 3706 2365 Ἰουδαίων

2123 2390 2327 2462 χώρας,
2367 2393 2648 2458 δυσσεϐεῖς
2687 2397 2782 2449 καί
2809 2397 3210 2467 εἰδωλολάτραι.
3243 2401 3354 2454 Καὶ
3386 2403 3524 2473 πρός
3548 2419 3612 2471 γε
3637 2402 3702 2474 δὴ

2121 2484 2353 2550 τούτοις,
2387 2505 2405 2536 ι
2432 2487 2796 2557 Πορνεύοντες
2819 2489 3217 2562 ὲξεπόρνευσαν
3245 2512 3264 2545 ι
3290 2495 3339 2546 οἱ
3366 2494 3424 2561 ἐξ
3464 2496 3700 2566 Ἰσραήλ.

2123 2575 2296 2645 Δῆλον
2328 2576 2410 2640 δὲ,
2446 2578 2527 2630 ὅτι
2554 2578 2646 2633 διά
2678 2597 2759 2633 τοι
2793 2580 2852 2633 τὸ
2876 2581 3018 2652 πέρα
3048 2584 3269 2654 μέτρου,
3312 2585 3523 2640 καὶτοῦ
3556 2587 3703 2640 εἰκό-

2122 2686 2231 2732 τως
2255 2669 2511 2723 ἐπέκεινα
2536 2672 2636 2741 τὴν
2664 2671 2859 2743 νοητὴν
2902 2675 3250 2746 ἐπιτηδεῦσαι
3292 2677 3568 2748 πορνείαν,
3611 2680 3706 2733 καὶ

2122 2763 2204 2825 εἰς
2238 2761 2393 2832 λῆξιν
2431 2764 2785 2835 αἰσχρότητος
2833 2765 2931 2833 τῆς
2974 2769 3308 2832 ἀποστασίας
3338 2770 3522 2835 αὑτοῖς
3550 2770 3706 2843 ἔρχε-

2124 2851 2249 2904 σθαι
2272 2852 2343 2905 τά
2370 2854 2539 2924 έγκλή
2549 2871 2712 2924 ματα.
2747 2874 2766 2905 ‹
2790 2856 3142 2928 Ἠγαπήκασι
3162 2860 3219 2912 δὲ
3250 2862 3343 2913 καὶ
3364 2861 3463 2933 τὴν
3479 2862 3704 2932 ἀτιμίαν

2122 2942 2187 2994 ὲκ
2212 2942 2587 3012 φρυαγμάτων
2614 2942 2814 3005 αὐτῶν,
2842 2961 2859 2994 ι
2889 2945 3190 3009 τουτέστιν,
3220 2946 3278 3013 ἐξ
3299 2947 3518 3018 ὑψηλῶν
3536 2949 3704 3020 αὐχη-

2126 3030 2333 3099 μάτων,
2369 3030 2514 3102 ἆπερ
2534 3028 2699 3101 εἶχον,
2736 3032 2830 3085 ἐπὶ
2849 3032 2968 3103 Θεῷ
2995 3035 3087 3086 καὶ
3109 3034 3235 3107 δόξῃ
3263 3037 3329 3106 τῇ
3355 3037 3484 3108 παρ’
3513 3036 3699 3092 αὑτοῦ.

438 3129 638 3183 rabiles
673 3140 727 3183 et
766 3128 1004 3187 omnium
1066 3128 1292 3197 pedibus
1326 3128 1535 3198 protriti
1592 3142 1778 3182 revera
1830 3141 2018 3182 evase-

2123 3121 2330 3175 υὺκοῦν
2377 3123 2561 3193 ἄτιμοι
2609 3123 2701 3176 καὶ
2739 3126 3192 3197 κατερριμμένοι,
3233 3127 3441 3198 οἰκτροὶ
3472 3128 3567 3182 καὶ
3599 3146 3700 3181 πε-

437 3234 581 3279 runt.
621 3220 737 3275 Non
782 3222 925 3275 enim
971 3221 1036 3275 de
1081 3232 1280 3275 czetero
1314 3221 1649 3275 vocabuntur
1693 3220 1884 3285 liberi;
1920 3220 2018 3275 sed

439 3316 620 3384 potius
659 3316 709 3369 in
754 3315 1138 3369 contumeliam
1193 3326 1248 3368 et
1296 3313 1647 3382 ignominiam
1696 3312 1910 3377 vadem,
1965 3321 2020 3365 et

442 3407 543 3462 sub
570 3407 802 3461 dominis
836 3407 1081 3477 tyrannis
1104 3415 1285 3459 erunt.
1326 3404 1524 3459 Verum
1558 3404 1689 3459 licet
1720 3404 1805 3459 bis
1837 3403 2016 3457 omni-

437 3499 540 3553 bus
575 3497 734 3553 simul
775 3498 1126 3552 stolidissima
1161 3496 1447 3552 multitudo
1480 3496 1734 3567 prraim
1775 3497 2017 3564 subjecta

437 3591 529 3652 sit,
575 3600 752 3643 tamen
797 3585 1055 3652 tu,Jutla,
1103 3586 1175 3640 illi
1220 3585 1369 3640 fuisti
1404 3586 1567 3640 veluti
1605 3586 1822 3655 quidam
1863 3586 2019 3639 turbo

438 3681 632 3751 spiritu
690 3680 740 3734 in
815 3679 914 3734 alis
970 3680 1224 3734 volucris.
1283 3677 1493 3733 Norunt
1537 3692 1727 3733 omnes
1784 3677 2019 3732 volatilia

437 3784 597 3829 vento
661 3773 961 3828 vehementi
1027 3785 1088 3824 ea
1147 3770 1489 3840 impellente,
1545 3780 1600 3824 et
1656 3779 1861 3823 tantum
1913 3785 2018 3823 non

436 3876 688 3936 cegente.
719 3864 908 3933 procul
936 3864 1100 3919 dubio
1134 3864 1320 3917 volare
1353 3861 1610 3917 celerius.
1666 3860 1808 3927 Ergo
1845 3859 2019 3927 prola-

432 3972 566 4027 psus
611 3966 694 4012 est
739 3955 925 4021 Israel,
959 3955 1281 4025 deﬂexitque
1321 3955 1385 4009 ad
1421 3953 1720 4023 apostasia.
1773 3952 1851 4005 Tn
1894 3967 2022 4007 vero

438 4047 587 4102 fuisti
626 4048 675 4102 ei
727 4065 746 4097 ι
783 4049 940 4101 turbo
988 4047 1208 4115 spiritus
1248 4048 1299 4099 in
1361 4045 1483 4100 alis.
1522 4063 1541 4097 ι
1577 4043 1887 4111 ρυοιηοᾶοι,
1929 4053 2022 4096 aut

436 4157 544 4209 qua
578 4138 828 4193 ratione?
857 4136 1150 4208 Postquam
1185 4137 1329 4190 enim
1371 4137 1505 4190 vidit
1547 4145 1621 4200 te,
1656 4136 1747 4205 qui
1783 4149 1933 4188 esses
1966 4136 2017 4188 in

432 4229 559 4298 lege
591 4228 895 4292 institutus,
935 4228 1177 4280 divinum
1204 4225 1461 4293 templum
1496 4225 1715 4279 assiduo
1749 4224 2016 4289 trivisses,

436 4338 592 4377 sacra
641 4323 850 4392 legibus
890 4323 1143 4376 mandata
1180 4320 1502 4391 peregisses,
1532 4319 1642 4388 jam
1682 4319 1912 4373 inertem
1956 4333 2020 4371 ac

436 4416 691 4483 supinum
750 4415 1054 4485 iisdemque
1106 4416 1345 4484 peccatis
1395 4412 1693 4481 illigatum,
1750 4410 2016 4464 maturius

2119 3218 2424 3288 πατημένοι
2439 3218 2726 3288 γεγόνασιν
2751 3219 2987 3290 ἀληθῶς,
3005 3220 3113 3273 τῶν
3141 3222 3384 3292 ἀρχαίων
3415 3224 3705 3294 φρυαγμά-

2118 3327 2226 3364 των
2254 3310 2738 3380 ἀπολισθήσαντες’
2774 3313 3131 3381 κεκλήσονται
3170 3314 3278 3384 γὰρ
3298 3314 3575 3387 ἐλεύθεροι
3603 3316 3702 3385 μὲν

2119 3401 2339 3455 οὐκέτι·
2381 3401 2686 3472 βαδιοῦνται
2714 3403 2768 3456 δὲ
2803 3404 3001 3474 μᾶλλον
3032 3406 3111 3469 εἰς
3144 3405 3298 3475 ὓϐριν
3332 3408 3427 3461 καὶ
3458 3409 3702 3477 ἀτιμίαν,

2120 3493 2215 3545 καὶ
2249 3494 2353 3547 ὑπὸ
2374 3497 2590 3566 πικροῖς
2624 3494 2837 3548 ἔσονται
2856 3496 3163 3560 δεσπόταις.
3203 3496 3343 3550 Ἀλλ’
3374 3498 3424 3551 εἰ
3459 3501 3552 3552 καὶ
3582 3499 3704 3552 τού-

2118 3601 2231 3648 τοις
2258 3584 2452 3651 ἅπασι,
2484 3587 2670 3656 φησὶν,
2701 3588 2733 3657 ἡ
2766 3588 3068 3658 ἁνουστάτη
3103 3589 3194 3641 τοῦ
3230 3589 3467 3661 Ἑφραῒμ
3497 3591 3703 3662 ὑπηνέ-

2121 3675 2227 3745 χθη
2263 3676 2491 3747 πληθύς·
2524 3677 2659 3745 ἀλλ’,
2681 3672 2726 3731 ὦ
2768 3678 2954 3732 Ἰούδα.
2984 3680 3047 3732 σὺ
3078 3681 3305 3749 γέγονας
3343 3681 3477 3752 αὐτῇ
3508 3676 3597 3735 οἶά
3619 3699 3702 3746 τις

2122 3763 2433 3835 πνεύματος
2466 3767 2766 3837 συστρορὴ,
2807 3768 2865 3820 έν
2892 3767 3118 3838 πτέρυξι
3148 3768 3417 3825 πετεινοῦ.
3454 3769 3611 3823 Ἐστι
3641 3770 3702 3823 δὲ

2122 3855 2284 3908 παντί
2312 3873 2413 3908 που
2436 3856 2613 3927 δῆλον,
2631 3859 2713 3911 ὅτι
2741 3858 2918 3928 πάντη
2950 3877 3008 3912 τε
3052 3860 3143 3912 καὶ
3168 3859 3384 3924 πάντως
3406 3859 3476 3913 τὰ
3500 3861 3704 3915 διιπτά-

2124 3958 2283 4011 μενα,
2320 3943 2633 4015 πνεύματος
2670 3945 2809 3999 αὑτά
2832 3948 3237 4020 προσωθοῦντος
3275 3949 3471 4019 βιαίου,
3517 3968 3703 4020 μονον-

2126 4036 2244 4104 ουχὶ
2290 4036 2383 4089 καὶ
2428 4035 2937 4104 ὲπαναγκάζοντος,
2997 4040 3262 4110 ὀξυτέραν
3304 4042 3426 4095 τότε
3467 4046 3703 4097 ποιεῖται

2118 4125 2216 4196 τὴν
2244 4129 2459 4198 πτῆσιν.
2489 4128 2698 4181 Οὐκοῦν
2729 4128 2986 4194 ἐξώκειλε
3020 4132 3119 4201 μὲν
3166 4135 3194 4185 ὀ
3250 4135 3461 4206 Ἰσραὴλ
3506 4137 3703 4190 ἀπονε-

2121 4218 2327 4284 νευκὼς
2360 4221 2439 4283 εἰς
2477 4220 2798 4276 ἀπόστασιν.
2831 4224 2901 4276 Σὺ
2920 4224 2976 4277 δὲ
2997 4226 3227 4293 γέγονας
3254 4226 3403 4297 αὐτῷ
3437 4247 3455 4279 ‹
3474 4229 3705 4300 Συστρο-

2124 4312 2198 4381 φὴ
2234 4311 2544 4383 πνεύματος
2578 4315 2636 4367 ἐν
2664 4316 2786 4379 ταῖς
2832 4317 3115 4387 πτέρυξι.»
3156 4318 3299 4382 Πῶς,
3345 4319 3377 4390 ἢ
3418 4320 3539 4373 τίνα
3578 4323 3703 4392 τρό-

2126 4422 2265 4471 πον;
2311 4405 2530 4477 Ἐπειδὴ
2580 4406 2699 4477 γὰρ
2738 4408 2798 4461 σὲ
2846 4408 3098 4462 τεθέαται
3132 4410 3222 4462 τὸν
3259 4411 3335 4481 τῷ
3362 4413 3510 4484 νόμῳ
3549 4413 3704 4467 παιδ-

435 4503 680 4559 descivit.
720 4504 1108 4559 Verumtamen
1151 4503 1204 4557 in
1247 4502 1506 4565 dedecus,
1558 4511 1610 4556 et
1643 4501 1926 4570 pudorem,
1962 4509 2015 4552 et

2123 4496 2506 4568 αγωγούμενον
2529 4538 2543 4562 ,
2570 4498 2661 4552 τὸν
2684 4498 2813 4570 θείῳ
2855 4499 3260 4571 προσιζήσαντα
3302 4502 3434 4572 ναῷ,
3478 4503 3573 4556 καὶ
3600 4502 3703 4566 τάς

432 4595 762 4662 gnominiam
793 4611 946 4651 suam
976 4595 1215 4650 inveniet
1246 4595 1440 4649 altaria
1471 4609 1591 4649 sua.

2123 4590 2263 4643 κατά
2296 4589 2459 4659 νόμον
2497 4589 2758 4644 τελοῦντα
2801 4591 3022 4655 θυσίας,
3059 4592 3437 4662 ῥᾳθυμοῦντα,
3469 4596 3561 4647 καὶ
3588 4596 3703 4656 τοῖς

435 4688 571 4750 ἴσοις
593 4686 1060 4758 πλημμελήμασιν
1086 4686 1417 4757 ἐνεχόμενον,
1479 4686 1737 4757 ὀξυτέραν
1794 4685 2090 4755 ἐποιήσατο
2125 4681 2222 4751 τὴν
2291 4680 2627 4752 ἁποδρομήν.
2701 4681 2845 4752 Πλὴν
2908 4683 2985 4744 εἰς
3059 4682 3317 4752 αἰσχύνην
3382 4684 3699 4755 εὑρήσουσι,

435 4782 528 4836 καὶ
573 4782 843 4852 ἐντροπῆς
889 4782 982 4835 καὶ
1018 4781 1242 4851 ἀτιμίας
1286 4781 1523 4853 πρόξενα
1553 4780 1622 4833 τὰ
1651 4779 2010 4849 θυσιαστήρια
2048 4774 2245 4831 αὐτῶν.

503 4874 614 4944 82
649 4872 832 4941 Itaque
862 4873 1116 4941 quoniam
1156 4875 1245 4942 qui
1275 4875 1522 4928 videmur
1548 4884 1718 4939 stare,
1740 4874 1807 4927 ad
1848 4874 2019 4927 bone-

439 4974 576 5018 statn
615 4964 781 5015 vitam
843 4970 897 5015 et
923 4961 1051 5015 nulli
1088 4961 1495 5032 reprehensioni
1521 4961 1731 5015 amnem
1768 4960 2014 5029 obligati,

437 5068 628 5124 segnes
666 5061 722 5107 et
757 5052 934 5123 ignavi
978 5052 1030 5105 in
1072 5052 1174 5106 hoc
1224 5052 1557 5113 invenimur;
1605 5050 1740 5118 imo,
1763 5050 2017 5103 similiter

438 5156 498 5199 ut
529 5146 640 5211 alii,
691 5144 782 5197 Dei
816 5142 1210 5212 beneplacitutn
1267 5143 1564 5210 aspernati,
1616 5158 1721 5196 non
1754 5142 1924 5196 solum
1958 5142 2012 5194 in

439 5253 538 5292 nos
564 5238 709 5306 ipsos
741 5234 908 5302 iniqui
938 5235 1164 5298 erimus,
1191 5234 1285 5287 sed
1326 5250 1428 5287 una
1466 5233 1747 5288 nobiscum
1784 5233 2009 5303 perditis

436 5333 600 5383 etiam
643 5329 785 5394 aliis,
831 5328 1025 5396 duplex
1076 5327 1839 5396 suppliciumsustinebimus.
1877 5324 2010 5379 Nam

439 5437 560 5475 eum
600 5421 840 5476 seductis
885 5430 940 5474 et
985 5419 1227 5488 improbe
1272 5418 1578 5473 viventibus
1618 5419 1685 5472 ad
1721 5417 2009 5487 imaginem

437 5526 492 5566 et
526 5511 753 5565 formant
792 5512 1007 5566 virtutis
1057 5509 1317 5579 propositi
1364 5523 1484 5563 esse
1527 5508 1874 5567 debebamus,
1914 5522 2007 5560 οε-

440 5603 584 5657 casio
611 5604 847 5657 scandali
884 5603 1008 5656 l'acti
1046 5617 1253 5672 sumus.
1293 5599 1433 5665 Quid
1482 5600 1547 5653 ad
1582 5601 1694 5654 haec
1721 5599 2011 5654 Christus?

445 5714 463 5745 σ
499 5694 599 5761 Qui
639 5694 1087 5753 srandalizaverit
1116 5708 1279 5747 unum
1310 5694 1374 5747 de
1403 5692 1610 5763 pusillis
1646 5693 1787 5758 istis,
1824 5693 1912 5762 qui
1944 5691 2011 5762 ,in

2195 4871 2425 4933 υὺκοῦν,
2448 4871 2576 4924 ὅταν
2604 4869 2652 4920 οἱ
2681 4866 2965 4932 δοκοῦντες
3002 4870 3245 4932 ἑστάναι,
3279 4870 3460 4936 καλῶς
3494 4889 3553 4926 τε
3605 4874 3701 4926 καὶ

2121 4963 2538 5035 ἁνεπιπλήκτως
2563 4961 2869 5031 ὀφείλοντες
2890 4963 3009 5033 ζῇν,
3024 4962 3220 5034 νωθροί
3242 4980 3298 5015 τε
3343 4965 3435 5017 καὶ⁵
3468 4964 3700 5036 ρᾀυμοι

2122 5053 2250 5123 περὶ
2282 5053 2439 5106 τοῦτο
2492 5053 2882 5124 εὑρισκόμεθα·
2920 5053 3122 5123 μᾶλλον
3153 5053 3211 5107 δὲ
3238 5055 3333 5107 καὶ
3361 5055 3420 5110 ἐν
3458 5057 3557 5126 ῐσῳ
3587 5059 3700 5118 τοῖς

2120 5143 2299 5208 ἄλλοις
2326 5145 2537 5199 ἀθετεῖν
2589 5145 2852 5216 ᾑρημένοι
2896 5145 2956 5198 τὸ
3016 5146 3244 5199 ἀνδάνον
3271 5146 3348 5216 τῷ
3397 5147 3535 5217 Θεῷ,
3577 5132 3725 5218 οὐχ).⁵

2124 5233 2316 5303 μόνους
2348 5236 2572 5296 ἑαυτοὺς
2597 5234 2947 5305 ἀδικήσομεν,
3002 5235 3476 5306 προσαπολλύντες
3514 5237 3572 5291 δὲ
3605 5238 3700 5293 καὶ

2121 5325 2362 5395 ἐτέρους,
2393 5325 2586 5395 διπλῆν
2609 5324 2989 5396 ὑπομενοῦμεν
3018 5325 3117 5397 τὴν
3172 5326 3412 5381 κόλασιν.
3442 5327 3571 5380 Δέον
3589 5328 3699 5399 γάρ

2121 5415 2440 5486 προκεῖσθαι
2456 5418 2567 5479 τοῖς
2597 5415 3059 5486 πεπλανημένοις,
3074 5418 3167 5469 καὶ
3190 5417 3289 5488 ζῇν
3306 5418 3404 5471 οὑκ
3425 5408 3707 5473 ἐθέλουσιν

2119 5506 2311 5575 ὀρθῶς,
2341 5509 2419 5570 εἰς
2448 5509 2631 5560 εἰκόνα
2652 5508 2744 5561 καὶ
2767 5507 3114 5562 ὑποτύπωσιν
3145 5509 3365 5578 ἀρετῆς,
3401 5510 3495 5562 καὶ
3530 5527 3698 5564 σκαν-

2119 5597 2276 5649 δάλου
2317 5599 2614 5669 γεγόναμεν
2640 5600 2887 5669 ἀφορμή.
2953 5599 3017 5650 Τί
3043 5596 3137 5653 οὖν
3164 5600 3192 5651 ὁ
3225 5601 3494 5671 Χριστός;
3542 5619 3560 5652 t
3601 5604 3698 5665 '0;

2122 5691 2214 5744 ἐὰν
2232 5691 2557 5764 σκανδαλίσῃ
2580 5692 2674 5744 ἕνα
2691 5690 2798 5743 τῶν
2815 5691 3027 5761 μικρῶν
3056 5690 3261 5745 τούτων
3289 5691 3395 5744 τῶν
3416 5692 3696 5747 πιστευόν-
