4046 6376
370 339 451 395 Ml
1273 337 1825 396 COMMENTARIUS
1861 338 1933 393 IN
1972 337 2202 396 OSEAM
2244 339 2685 396 PROPIIETAM.

3501 346 3603 401 “9.

365 473 458 510 των
516 455 596 518 είς
649 455 773 524 ἐμὲ,
809 458 962 528 φησὶ,
1000 455 1265 527 συμφέρει
1304 455 1475 525 αὐτῷ,
1517 456 1603 508 ἵνα
1638 455 1928 527 κρεμασθῇ

2038 471 2125 509 me
2173 458 2421 520 credunt,
2462 457 2680 526 expedit
2729 456 2776 512 ei
2813 467 2873 511 ut
2921 458 3280 525 suspendatur
3322 461 3458 514 mola
3501 465 3606 515 asi-

365 546 512 616 μύλος
531 545 712 608 ὀνικὸς
747 549 874 615 περὶ
910 547 1000 600 τὸν
1033 546 1301 618 τράχηλον
1333 546 1520 610 αὐτοῦ,
1555 547 1649 600 καὶ
1686 563 1928 599 καταπο-

362 637 534 708 ντισθῇ
559 639 616 689 ἐν
652 637 732 706 τῷ
761 638 988 706 πελάγει
1009 639 1107 708 τῆς
1132 639 1427 709 Θαλάσσης.
1463 658 1481 689 ι

957 773 1210 826 ΚΕΦΛΛ.
1253 774 1328 826 E'.

430 885 754 939 Ἀκούσατε
775 885 984 950 ταῦτα,
1001 889 1052 939 οἱ
1071 885 1264 954 ἱερεῖς,
1289 887 1383 940 καὶ
1400 887 1747 956 προσέχετε,
1767 883 1929 953 οἶκος

369 978 630 1046 Ἰσραὴλ,
687 979 784 1030 καὶ
839 974 1000 1044 οἶκος
1052 979 1158 1032 τοῦ
1203 979 1530 1045 βασιλέως,
1565 979 1926 1045 ὲνωτίζέσθε,

360 1070 496 1124 διότι
518 1068 666 1137 πρὸς
695 1067 852 1137 ὑμᾶς
884 1070 1013 1122 ἐστι
1047 1069 1114 1121 τὸ
1150 1071 1345 1137 κρῖμα,
1375 1069 1465 1124 ὅτι
1510 1071 1688 1140 παγίς
1719 1070 1929 1140 ἐγενή-

361 1168 488 1230 θητε
535 1162 613 1231 τῇ
669 1159 915 1228 σκοπιᾷ,
969 1162 1066 1214 καὶ
1125 1163 1198 1226 ὡς
1236 1163 1484 1218 δίκτυον
1531 1163 1930 1233 ἐκτεταμένον

358 1258 445 1310 ἐπὶ
479 1256 546 1310 τὸ
599 1254 938 1322 ἰταϐίιριον,
973 1253 1004 1307 ὃ
1063 1257 1117 1308 οὶ
1165 1256 1520 1326 ἀγρεύοντες
1548 1256 1662 1325 τὴν
1700 1256 1890 1325 θήραν
1911 1299 1926 1322 ,

359 1347 710 1414 κατέπηξαν.

416 1464 544 1516 ΝΑν.
587 1463 1068 1534 Προκατητιάσατο
1106 1462 1197 1515 τὸν
1227 1461 1448 1520 Ἰούδαν,
1493 1460 1570 1524 ὡς
1622 1461 1929 1531 πνεύματος

359 1555 654 1626 συστροφὴν
681 1556 940 1623 γεγονότα
971 1555 1046 1624 τῷ
1082 1552 1316 1624 Ἰσραὴλ,
1338 1553 1478 1606 κατά
1507 1569 1570 1619 γε
1603 1553 1695 1604 τὸν
1721 1552 1926 1623 ἀρτίως

356 1649 478 1716 ἡμῖν
502 1646 898 1718 προειρημένον
925 1651 1146 1715 τρόπον.
1178 1643 1482 1712 Μεθίστησι
1525 1641 1581 1693 δὲ
1615 1643 1800 1694 λοιπὸν
1839 1641 1930 1694 τὸν

355 1741 443 1808 τῆς
474 1739 810 1807 ὲπιπλήξεως
842 1738 997 1807 λόγον
1029 1739 1122 1790 ἐπὶ
1150 1738 1274 1800 τοὺς
1321 1736 1420 1804 τῆς
1460 1736 1673 1805 ἀπάτης
1706 1735 1799 1788 καὶ
1831 1737 1930 1803 τῆς

2035 548 2180 601 naria
2247 550 2298 601 in
2357 550 2494 601 collo
2527 549 2676 609 eius.
2707 559 2762 604 et
2789 550 3136 620 demergatur
3164 553 3215 604 in
3279 554 3604 621 profundam

2034 641 2197 692 maris
2221 641 2284 690 ’⁸.
2323 659 2338 689 ι

2689 775 2837 833 CAP.
2889 777 2950 830 V.

2105 890 2268 943 VEtts.
2307 891 2358 948 ‘l.
2400 891 2454 944 2.
2503 893 2695 944 Audite
2728 893 2857 954 Iuro,
2895 894 3212 955 sacerdotes,
3245 904 3293 946 et
3329 896 3605 957 attendite,

2031 985 2217 1036 damus
2243 981 2429 1045 Israel,
2460 997 2504 1035 et
2540 984 2725 1036 domus
2758 985 2912 1051 regis,
2943 986 3159 1037 auribus
3185 988 3450 1054 percipile,
3483 991 3605 1057 quia

2031 1074 2099 1123 nd
2151 1089 2238 1125 vos
2293 1083 2366 1125 est
2399 1073 2698 1142 judicium,
2748 1077 2997 1143 quoniam
3045 1075 3261 1145 laqueus
3307 1077 3434 1145 facti
3483 1082 3606 1130 estis

2030 1158 2397 1225 speculationi,
2432 1170 2480 1212 et
2507 1161 2637 1212 sicut
2665 1173 2769 1214 rete
2792 1179 3080 1229 expansum
3113 1181 3266 1232 super
3288 1165 3604 1236 Itabyrium,

2029 1247 2166 1315 quod
2203 1250 2292 1316 qui
2318 1250 2530 1316 capiant
2561 1253 2906 1315 venationem,
2932 1254 3317 1320 depanxerunl.

2103 1445 2188 1500 LI.
2231 1447 2523 1502 Accusavit
2559 1464 2715 1504 antea
2747 1452 2963 1517 .Iudam,
2998 1465 3055 1508 ut
3089 1459 3351 1512 turbinem
3388 1462 3608 1528 spiritus

2032 1536 2237 1590 factum
2272 1536 2481 1604 Israeli,
2508 1540 2663 1608 juxta
2694 1547 2958 1599 rationem
2989 1562 3017 1599 a
3054 1550 3212 1602 nobis
3253 1551 3413 1605 modo
3443 1552 3609 1622 expli-

2031 1639 2230 1684 catam.
2293 1631 2560 1703 Deinceps
2612 1637 2775 1691 verba
2820 1639 3215 1708 objurgationis
3274 1643 3339 1695 ad
3384 1643 3608 1699 fallacia:

2031 1728 2086 1772 et
2135 1721 2469 1791 deceptionis
2518 1726 2848 1792 inventores,
2895 1739 2948 1781 et
2973 1731 3038 1783 ad
3069 1732 3238 1785 morbi
3271 1741 3322 1786 et
3357 1736 3609 1789 amentia:

361 1831 570 1900 πλάνης
617 1829 865 1900 εὑρετὰς,
919 1828 1015 1883 καὶ
1063 1827 1160 1898 τὴν
1197 1827 1300 1896 τῆς
1350 1825 1694 1895 ἀποπληξίας
1747 1825 1931 1885 αὐτοῖς

2038 1809 2194 1877 hujus
2216 1822 2468 1868 auctores
2493 1819 2778 1871 convertit.
2812 1817 2872 1872 Hi
2905 1832 3063 1874 erant
3089 1824 3398 1879 sacerdotes
3423 1841 3609 1880 emen-

356 1921 783 1991 προξενήσαντας
803 1921 975 1972 νόσον.
1001 1913 1156 1972 Οὗτοι
1186 1919 1239 1971 δὲ
1266 1914 1406 1988 ἦσαν
1424 1917 1471 1968 οἱ
1503 1917 1664 1986 ἱερεῖς
1691 1916 1742 1967 οἱ
1767 1914 1928 1983 ψευδο

355 2014 584 2083 ώνυμοι,
634 2013 728 2066 καὶ
755 2013 855 2065 οὐκ
889 2011 947 2076 ἐξ
976 2012 1204 2081 αἵματος
1231 2009 1322 2062 τοῦ
1361 2008 1509 2068 Astii,
1567 2007 1680 2060 ἀλλ’
1713 2007 1928 2076 ὠνητὴν

356 2107 560 2176 ἔχοντες
590 2104 689 2174 τὴν
740 2103 1060 2173 ἱερωσύνην,
1117 2104 1212 2156 καὶ
1247 2103 1524 2172 χρήμασιν
1573 2100 1929 2171 ἐκπριάμενοι

354 2200 410 2250 τὸ
427 2199 536 2251 δεῖν
569 2197 807 2260 εἰδώλοις
838 2197 1163 2266 ἱερουργεῖν.
1199 2195 1513 2264 Γέγραπται
1549 2192 1656 2264 γὰρ
1684 2193 1926 2264 περὶτοῦ

366 2289 662 2360 Ἱεροϐοὰμ,
697 2290 780 2342 ὅτι
807 2307 824 2341 ι
861 2289 920 2342 '0
962 2287 1280 2358 βουλόμενος
1335 2287 1573 2358 ἐπλήρου
1629 2285 1727 2357 τὴν
1771 2288 1930 2356 χεῖρα

355 2382 536 2443 αὑτοῦ,
564 2381 658 2434 καὶ
690 2381 900 2449 ἐγίνετο
930 2381 1107 2450 ἱερεὺς
1137 2377 1246 2432 τῶν
1281 2377 1522 2449 ὑψηλῶν.
1554 2397 1572 2430 ›
1613 2378 1812 2448 Ἔρπει
1865 2378 1928 2449 δὴ

353 2470 441 2525 οὖν
473 2472 695 2534 εἰκότως
725 2473 753 2524 ὁ
785 2471 943 2540 λόγος
973 2471 1060 2522 ἐπ’
1092 2470 1288 2532 αὐτούς
1317 2487 1375 2522 τε
1419 2471 1544 2532 τοὺς
1579 2470 1927 2540 ἱερουργοὺς,

355 2563 444 2616 καὶ
465 2563 556 2615 ἐπὶ
578 2563 668 2615 τὸν
693 2557 842 2616 οἶκον
903 2561 995 2615 τοῦ
1029 2561 1315 2631 βασιλέως,
1354 2559 1928 2631 συμπεριειλημμένου

353 2657 470 2718 ταῖς
491 2655 692 2717 αἰτίαις
725 2653 819 2706 καὶ
842 2652 1008 2707 αὑτοῦ
1044 2650 1139 2705 τοῦ
1194 2651 1430 2722 Ἰσραήλ.
1491 2652 1553 2703 Οἱ
1601 2650 1698 2721 μὲν
1730 2650 1838 2720 γὰρ
1864 2650 1930 2704 τὰ

354 2745 488 2817 πρὸς
534 2746 792 2798 σύστασιν
839 2745 940 2814 τῆς
984 2743 1398 2814 εἰδωλολατρίας
1436 2741 1672 2810 ἔφασκόν
1711 2759 1768 2794 τε
1837 2742 1932 2794 καὶ

354 2838 554 2906 ἔδρων,
621 2836 837 2906 βωμοὺς
884 2835 1236 2899 ἀνιστάντες,
1295 2833 1523 2895 σπονδὰς
1561 2832 1683 2894 ικαὶ
1743 2832 1932 2894 Θυσίας

353 2927 741 2995 προσάγοντες,
772 2926 865 2978 καλ¹
898 2927 998 2994 τὴν
1042 2925 1141 2992 τῆς
1173 2924 1445 2986 ἀπωλείας
1485 2927 1599 2986 τοῖς
1632 2923 1930 2992 ἀπατωμέ-

351 3035 462 3080 νοις
492 3019 911 3087 κατευρὺνοντες
942 3017 1147 3088 τρίϐον.
1176 3016 1409 3086 Εὐρεταὶ
1441 3015 1496 3067 δὲ
1532 3017 1632 3085 τῆς
1688 3015 1928 3084 πλάνης,

352 3111 400 3160 ci
434 3107 693 3177 βασιλεῖς.
717 3109 1006 3178 Τοιγάρτοί
1027 3125 1160 3176 φησι
1187 3107 1321 3176 πρὸς
1346 3107 1563 3169 αὐτοὺς,
1594 3107 1675 3158 ὅτι
1714 3124 1730 3154 ι
1760 3107 1932 3172 Παγὶς

2032 1905 2128 1954 tito
2173 1905 2413 1967 nomine,
2449 1921 2548 1978 nec
2589 1907 2652 1961 de
2694 1911 2956 1978 sanguine
2983 1911 3148 1979 Levi;
3188 1923 3344 1979 et,ut
3389 1931 3610 1985 possent

2030 1994 2190 2049 idolis
2241 1998 2572 2064 sacrilicare,
2624 2006 2994 2058 sacerdotium
3029 2011 3207 2076 pretio
3239 2011 3340 2064 sibi
3387 2027 3611 2081 compa-

2030 2097 2304 2140 raverant.
2341 2089 2612 2159 Scriptum
2642 2103 2725 2146 est
2771 2095 2914 2148 enim
2952 2099 3017 2152 de
3055 2099 3341 2154 Jeroboam
3377 2124 3392 2158 :
3429 2121 3446 2154 ‹
3480 2105 3611 2170 Qui-

2031 2190 2242 2244 cunque
2282 2179 2518 2243 volebat,
2569 2182 2827 2251 implebat
2871 2201 3086 2240 manum
3129 2206 3303 2258 suam,
3341 2203 3394 2245 et
3441 2194 3610 2248 ﬁebat

2030 2270 2291 2324 Sacerdos
2326 2272 2662 2326 excelsorum
2688 2277 2755 2328 ὀ.
2796 2295 2813 2327 ι
2849 2275 2977 2332 Jure
3019 2281 3180 2346 igitur
3218 2297 3397 2337 sermo
3424 2300 3611 2354 proce-

2033 2361 2109 2412 dit
2151 2363 2217 2415 ad
2276 2366 2589 2419 sacerdotes
2650 2367 2797 2436 ipsos
2849 2379 2906 2423 et
2949 2373 3014 2424 ad
3061 2374 3276 2426 domum
3330 2376 3504 2444 regis;
3556 2389 3611 2431 et

2032 2451 2197 2505 Israel
2227 2453 2341 2522 ipse
2375 2456 2533 2509 simul
2575 2472 2882 2514 accusatur.
2913 2463 2990 2515 Illi
3027 2466 3168 2518 enim
3201 2482 3320 2535 qua:
3350 2470 3416 2522 ad
3448 2470 3612 2524 idolo-

2033 2541 2244 2595 latriam
2301 2547 2732 2603 constituendam
2788 2554 3121 2619 pertinerent
3163 2566 3217 2611 et
3258 2559 3511 2613 dicebant
3554 2571 3612 2614 et

2033 2632 2320 2703 faciebant,
2353 2652 2476 2692 aras
2505 2641 2799 2709 erigentes,
2836 2643 3095 2701 libamina
3119 2657 3173 2701 et
3197 2650 3442 2704 victimas
3471 2652 3608 2706 (νηὶ)-

2034 2734 2254 2791 rentes,
2311 2735 2366 2780 et
2420 2729 2736 2798 perditionis
2789 2733 2932 2787 viam
2999 2737 3239 2793 seductis
3297 2740 3608 2795 dilatantcs.

2032 2817 2326 2874 Architecti
2382 2831 2560 2876 autem
2601 2825 2805 2880 erroris
2854 2837 3011 2882 erant
3065 2845 3237 2899 reges.
3277 2831 3506 2888 Proinde
3544 2836 3609 2888 ad

2034 2911 2153 2963 illos
2197 2912 2272 2965 ait
2304 2930 2318 2965 :
2352 2930 2370 2963 ι
2406 2911 2604 2982 Laquei
2660 2914 2786 2968 facti
2838 2917 2971 2972 estis
3015 2923 3387 2989 speculationi.
3423 2943 3442 2974 ι
3477 2926 3610 2995 Spe-

2034 3003 2358 3057 culationetn
2414 3015 2572 3059 vocat
2633 3010 2733 3061 sub
2796 3011 3174 3066 sacerdmibus
3231 3017 3340 3083 (qui
3395 3019 3612 3083 quidem

2036 3106 2194 3148 erant
2243 3097 2354 3149 veri
2410 3099 2765 3168 sacerdotes),
2819 3111 2873 3156 et
2933 3104 3034 3156 sub
3092 3104 3222 3170 ipsis
3281 3107 3615 3176 principibus

353 3199 647 3270 ἐγενήθητε
667 3203 733 3272 τῇ
765 3201 983 3270 σκοπιᾷ.
1008 3221 1026 3251 ι
1063 3199 1301 3252 Σκοπιὰν
1342 3199 1397 3250 δὲ
1430 3199 1575 3266 λέγει
1607 3198 1704 3268 τὴν
1744 3198 1846 3249 ὑπὸ
1875 3214 1932 3264 γε

2042 3187 2496 3254 speculationem,
2564 3205 2661 3244 seu
2725 3208 2912 3247 curam
2979 3196 3180 3263 populi.
3254 3196 3617 3265 Speculantur

353 3291 464 3343 τῶν
499 3291 707 3361 ἱερέων,
733 3290 891 3363 εἴπερ
919 3288 1058 3362 ἦσαν
1091 3293 1258 3355 ὄντως
1289 3293 1474 3362 ἱερεῖς,
1510 3291 1602 3343 καὶ
1636 3291 1725 3342 ὑπ’
1757 3289 1936 3341 αὐτῶν

353 3381 411 3433 δὲ
442 3381 553 3436 τῶν
599 3383 918 3452 ἡγουμένων
974 3383 1487 3454 περισκοπουμένην
1522 3381 1762 3452 πληθύν·
1811 3381 1938 3449 Ἐφ-

351 3473 518 3543 ορῶσι
550 3475 658 3544 γὰρ
687 3475 839 3528 αὐτοὶ
869 3475 928 3528 τὸ
958 3475 1218 3545 ὑπήκοον·
1254 3475 1287 3545 ἢ
1318 3477 1412 3530 καὶ
1436 3473 1746 3545 ἀφορῶνται
1787 3471 1938 3542 παρά

354 3563 462 3617 τῶν
493 3565 598 3618 ὑπὸ
627 3568 804 3637 χεῖρα,
835 3568 931 3620 καὶ
961 3567 1194 3637 ὅποιπερ
1213 3567 1278 3620 ἂν
1309 3571 1419 3629 τοῖς
1449 3567 1708 3639 κρατοῦσι
1742 3566 1935 3629 δόξειε,

352 3657 769 3728 παρατρέπουσι
798 3658 860 3711 τὸ
891 3660 1148 3729 ὑπήκοον*
1176 3659 1367 3714 ἕπεται
1397 3660 1453 3712 δὲ
1481 3662 1592 3722 τοῖς
1635 3659 1741 3711 τῶν
1775 3659 1939 3728 ἡγου-

354 3747 536 3816 μένων
569 3748 836 3821 θελήμασι
868 3751 928 3804 τὸ
955 3751 1382 3822 ὑπεζευγμένον.
1433 3751 1696 3820 Γεγόνατε
1730 3751 1934 3812 τοίνυν,

352 3839 544 3910 φησιν.
567 3840 642 3904 ὡς
663 3845 829 3911 παγὶς
859 3846 924 3915 τῇ
950 3844 1039 3913 ὑφ’
1059 3846 1088 3896 ὑ
1098 3845 1212 3915 μῶν
1239 3845 1682 3914 ὲπισκοπουμένῃ
1713 3841 1933 3912 πληθύῖ,

348 3931 579 4002 nstitui)
602 3933 682 3996 εἱς
710 3935 854 4004 ὑμᾶς
877 3935 1138 4007 ἀφορώσῃ
1180 3937 1362 4006 τυχόν.
1401 3956 1419 3987 ι
1457 3937 1722 4004 Γεγόνατε
1757 3935 1814 3987 δὲ
1843 3937 1936 3987 καὶ

346 4019 430 4083 ὡς
458 4020 670 4076 δίκτυον
687 4025 1044 4096 ἐκτεταμένον
1070 4027 1163 4079 ἐπὶ
1187 4029 1247 4079 τὸ
1290 4027 1604 4098 Ἰταϐύριον.
1637 4046 1655 4076 ι
1690 4028 1851 4096 Ὄρος
1880 4025 1936 4077 δὲ

2043 3280 2185 3332 enim
2217 3281 2341 3349 ipsi,
2375 3291 2428 3336 et
2464 3285 2756 3353 inspiciunt
2797 3288 3082 3353 subditos;
3125 3301 3217 3343 aut
3247 3292 3405 3343 etiam
3444 3293 3615 3361 inspi-

2043 3371 2260 3426 ciuntur
2286 3389 2316 3428 a
2351 3377 2603 3442 subditis,
2645 3389 2696 3430 et
2729 3393 2834 3446 quo
2866 3380 3099 3434 dominis
3133 3383 3305 3436 visum
3339 3383 3522 3448 fuerit,
3553 3403 3620 3439 eo

2044 3464 2288 3519 subditos
2327 3478 2612 3531 avertunt,
2794 3471 2882 3538 qtti
2928 3473 3260 3526 voluntatem
3317 3477 3616 3544 principum

2045 3566 2368 3623 sequuntur.
2398 3559 2597 3613 Fuislis
2629 3562 2815 3630 igitur,
2855 3564 3051 3632 inquit,
3088 3577 3142 3617 ut
3179 3566 3403 3628 laqueus
3435 3567 3621 3620 mulli-

2047 3649 2214 3702 tudini
2269 3666 2428 3717 quam
2477 3654 2869 3721 speculatnini,
2929 3668 3021 3709 aut
3068 3660 3299 3712 fortasse
3348 3676 3466 3727 quae
3528 3676 3620 3714 vos

2045 3741 2375 3808 speculatur,
2432 3761 2449 3792 ι
2482 3754 2534 3796 et
2579 3745 2758 3799 fuistis
2817 3757 2876 3801 ttt
2927 3759 3041 3802 rete
3112 3767 3408 3821 expansum
3461 3768 3622 3821 snpet‘

2047 3834 2376 3903 ltabyrium,
2413 3855 2430 3886 ι
2489 3835 2578 3903 qui
2621 3847 2704 3890 est
2749 3854 2903 3893 mons
2943 3839 3178 3894 Galibeae
3211 3843 3618 3907 nobilissimus,

2046 3925 2282 3980 ferarum
2320 3927 2608 3997 aviumque
2641 3941 2836 3983 venatu
2886 3931 3043 4002 longe
3075 3933 3375 3988 ditissimus
3403 3947 3624 4002 propter

2044 4019 2439 4082 celsitudinem,
2475 4021 2765 4076 arboribus
2796 4039 2858 4078 ac
2907 4024 3192 4078 fruticibus
3241 4029 3620 4084 densissimus.

347 4114 516 4167 τοῦτο
559 4117 1042 4186 περιφανέστατον,
1097 4122 1154 4172 ἐν
1215 4122 1281 4190 τῇ
1339 4119 1597 4190 Γαλιλαίᾳ
1658 4118 1930 4188 κείμενον,
2009 4113 2270 4182 πλείστην
2331 4129 2388 4164 τε
2449 4114 2580 4184 ὅσην
2630 4117 2725 4166 καὶ
2779 4117 3068 4188 ἀμφιλαφῆ
3139 4120 3239 4189 τὴν
3291 4122 3465 4192 ἄγραν
3504 4121 3624 4192 ἕχον

347 4211 563 4282 θηρίων
593 4228 650 4263 τε

703 4211 798 4263 καὶ
850 4214 1090 4282 πτηνῶν,
1122 4214 1208 4266 διά
1242 4216 1302 4267 τὸ
1353 4211 1520 4286 ἧροαί
1554 4233 1613 4267 τε
1651 4215 1808 4285 ὑψοῦ,
1875 4213 1969 4266 καὶ
2007 4209 2475 4264 καταδασύνεσθαι
2510 4211 2715 4283 σφόδρα
2747 4213 2970 4284 δρυμοῖς
2996 4232 3054 4268 τε
3109 4219 3199 4269 καὶ
3231 4219 3478 4289 λόχμαις.

441 4303 588 4372 Ἐγὼ
641 4302 708 4355 δὲ
778 4303 1105 4371 παιδευτὴς
1180 4305 1347 4375 ὑμῶν
1379 4347 1392 4371 ,
1429 4307 1542 4376 ἐγὼ
1592 4308 1785 4376 ἔγνων
1839 4306 1932 4358 τὸν

2122 4302 2504 4372 νειιδ.5.1ι“9ο
2556 4321 2673 4358 vero
2725 4308 2959 4359 eruditur
2997 4320 3180 4376 vester,
3250 4329 3342 4382 ego
3408 4320 3622 4384 cognovi

361 4395 640 4462 ’Eypaty,
669 4393 769 4450 καὶ
810 4395 1058 4462 Ἰσραὴλ
1088 4398 1198 4449 οὐκ
1223 4397 1456 4465 ἀπέστη
1492 4400 1592 4452 ἀπ’
1624 4399 1792 4467 ἐμοῦ.

430 4482 555 4536 NB’.
595 4485 656 4536 Οἱ
679 4484 778 4552 μὲν
803 4481 896 4536 οὖν
926 4486 1113 4555 ἱερεῖς,
1143 4488 1236 4540 καὶ
1281 4488 1385 4558 μὴν
1411 4491 1504 4542 καὶ
1541 4490 1590 4540 οἱ
1614 4489 1671 4555 ἐξ
1704 4491 1934 4560 αἵματος

349 4573 670 4644 βασιλικοῦ,
704 4574 868 4637 λίνον,
907 4579 1004 4628 καὶ
1033 4579 1206 4645 πάγη,
1235 4580 1328 4631 καὶ
1358 4579 1498 4650 θήρα
1528 4584 1784 4649 γεγόνασι
1825 4586 1936 4645 τοῖς

343 4663 523 4726 λαοῖς,
555 4662 753 4735 θυμιᾷν
801 4668 913 4728 τοῖς
971 4666 1222 4738 δαίμοσιν
1273 4671 1676 4736 ἐπιτάττοντες,
1708 4675 1797 4726 καὶ
1832 4676 1935 4746 πρό

341 4771 419 4820 γε
442 4755 548 4806 τῶν
576 4756 751 4808 ἄλλων
781 4756 1016 4827 δρῶντες
1043 4761 1215 4824 αὐτοὶ,
1251 4762 1345 4814 καὶ
1379 4766 1592 4832 φρονεῖν
1617 4766 1936 4820 ἀναπείθον-

338 4863 444 4908 τες
469 4847 506 4899 ii
529 4847 603 4917 μὴ
643 4847 818 4918 Θέμις,
856 4852 950 4904 καὶ
979 4854 1092 4913 τοῖς
1116 4852 1343 4916 ἀνοσίως
1372 4855 1763 4926 ὲξηυρημένοις
1802 4858 1938 4912 πλά-

339 4954 453 5005 νης
519 4939 741 5009 ἐτέρους
799 4943 1239 5012 προσεπάγοντες
1290 4947 1562 5018 τρόπους,
1618 4949 1686 5001 τὰ
1734 4950 1934 5020 ὑψηλὰ,

339 5031 522 5100 φημὶ,
562 5031 653 5083 τὸν
685 5031 1027 5106 Βεελφεγὼρ,
1059 5037 1118 5088 τὸ
1151 5037 1259 5090 τῶν
1314 5040 1579 5094 Σιδωνίων
1624 5042 1898 5111 βδέλυγμα
1919 5084 1934 5108 ,

336 5122 447 5174 τὸν
480 5123 647 5187 Βάαλ,
703 5127 795 5178 τὸν
820 5127 1045 5197 Χαμὼς.
1069 5130 1328 5184 Ἐσεσθαι
1357 5133 1412 5185 δὲ
1445 5135 1622 5186 αὐτῶν
1646 5135 1936 5208 παιδευτὴς

337 5213 541 5276 αὐτὸς,
571 5216 666 5266 καὶ
702 5217 802 5269 οὑκ
832 5219 912 5279 εἰς
944 5223 1182 5289 μακράν,
1229 5223 1661 5291 ἐπαγγέλλεται,
1711 5229 1784 5292 ὡς
1816 5232 1939 5284 ὅσον

333 5303 568 5356 οὐδέπω
624 5307 693 5358 τὰ
751 5307 814 5360 ὲκ
856 5307 1028 5380 Θυμοῦ
1084 5312 1180 5364 καὶ
1231 5313 1402 5384 ὀργῆς
1448 5315 1726 5386 ἐπιθήσων
1771 5322 1934 5375 κακά.

341 5396 514 5476 ἐχει
543 5397 599 5449 δὲ
622 5398 681 5450 τὸ
709 5399 938 5469 ἀτρεκὲς
967 5405 995 5454 ό
1023 5402 1199 5470 λόγος.
1235 5406 1298 5456 Οἱ
1330 5405 1428 5475 μὲν
1451 5406 1558 5477 γὰρ
1586 5409 1643 5474 ἐξ
1667 5410 1814 5463 οἴκου
1842 5413 1934 5466 τοῦ

335 5484 640 5554 βασιλικοῦ
692 5489 888 5552 δειναῖς
929 5495 1022 5545 καὶ
1050 5494 1311 5563 ἀφύκτοις
1343 5499 1686 5568 ὲνισχημένοι
1725 5519 1935 5573 συμφο-

339 5577 502 5645 ραῖς,
525 5579 575 5628 οἱ
607 5578 705 5648 μὲν
733 5579 1034 5646 διολώλασι,
1057 5586 1198 5638 κατά
1223 5602 1286 5654 γε
1319 5588 1415 5658 τὴν
1442 5591 1620 5642 πίστιν
1643 5593 1748 5646 τῶν
1777 5595 1934 5664 ἱερῶν

430 5757 479 5788 ³⁸
521 5757 708 5812 Matth.
748 5775 899 5827 xvtn,
934 5763 984 5815 6.
1065 5766 1108 5796 "
1143 5763 1209 5819 III
1241 5766 1371 5835 Reg.
1416 5782 1533 5831 xm,
1563 5771 1648 5824 55.

2034 4392 2311 4461 ΕμΙιναὶιη,
2344 4407 2391 4448 et
2423 4395 2592 4448 Israel
2623 4413 2723 4449 non
2754 4402 2963 4452 recessit
2989 4420 3019 4454 a
3048 4420 3146 4456 me.

2120 4507 2226 4560 LII.
2252 4507 2572 4564 Sacerdotes
2601 4511 2783 4581 igitur.
2811 4524 2973 4581 atque
3004 4518 3166 4568 etiam
3214 4512 3372 4587 'rcgio
3406 4525 3624 4585 sangui-

2036 4617 2101 4654 ne
2129 4603 2376 4670 prognati
2410 4612 2542 4664 rete,
2578 4614 2631 4657 et
2661 4605 2906 4674 laqueus,
2937 4617 2988 4660 et
3023 4609 3237 4663 venatio
3261 4613 3456 4678 populo
3491 4614 3619 4668 facti

2034 4703 2179 4755 sunt,
2211 4696 2484 4748 itu-ensum
2506 4696 2840 4750 daemonibus
2872 4700 3088 4754 adolere
3117 4702 3397 4768 jnbentes,
3418 4714 3472 4758 et
3497 4716 3623 4760 ante

2043 4785 2177 4839 alios
2206 4786 2378 4854 ipsiet
2401 4784 2679 4851 facientes,
2703 4797 2754 4842 et
2789 4792 2991 4845 sentire
3043 4793 3333 4849 suzudentes
3391 4796 3619 4862 nefaria,

2044 4886 2096 4928 et
2133 4876 2358 4929 aliorum
2385 4878 2544 4946 impia
2569 4879 2779 4933 inventa
2807 4900 2819 4932 :
2851 4885 3084 4949 excelsa,
3112 4887 3345 4955 inquam,
3375 4889 3624 4957 Beelplte-

2047 4981 2161 5033 ger,
2182 4968 2637 5025 abominationem
2662 4973 3026 5040 Siduniorum,
3054 4977 3200 5042 Baal,
3221 4980 3457 5036 Cbamos
3471 4985 3622 5036 novis

2051 5059 2351 5114 rationibus
2378 5063 2706 5116 seductionis
2739 5065 3148 5135 :mtplificantes.
3180 5068 3316 5124 Fore
3336 5082 3515 5124 autem
3563 5090 3621 5126 se

2043 5165 2228 5204 eorum
2257 5155 2607 5220 eruditorem,
2643 5173 2740 5210 nec
2772 5157 2844 5211 ita
2887 5161 3055 5215 multo
3070 5173 3212 5230 post,
3235 5163 3535 5231 pollicetur,
3564 5177 3622 5217 ut

2049 5254 2170 5291 mox
2200 5256 2305 5309 pro
2332 5241 2516 5297 furore
2539 5257 2588 5298 et
2633 5247 2709 5298 ira
2741 5263 2835 5301 sua
2877 5249 3053 5316 pmnis
3088 5265 3181 5303 eos
3212 5262 3614 5318 prosecuturus.

2045 5329 2112 5382 Et
2136 5346 2292 5386 verus
2355 5343 2438 5388 est
2465 5351 2662 5391 sermo.
2692 5337 2828 5392 Nam
2855 5341 2943 5408 qui
2969 5352 3123 5394 erant
3153 5343 3218 5394 de
3259 5344 3416 5396 domo
3451 5348 3620 5413 regia,

2045 5421 2320 5475 atrocibus
2367 5433 2420 5476 et
2452 5425 2849 5482 ineVitabilibus
2875 5431 3030 5484 malis
3061 5433 3360 5498 constricti,
3414 5434 3503 5487 alii
3535 5451 3622 5504 pe-

2043 5511 2269 5578 rierunt,
2307 5514 2454 5581 juxta
2487 5521 2848 5575 narrationem
2911 5533 3220 5576 sanctarum
3266 5524 3619 5591 Litterarum;

2040 5603 2128 5657 alii
2145 5604 2411 5671 abierunt,
2428 5608 2841 5679 Babyloniorum
2877 5613 3255 5686 Medorumque
3288 5617 3619 5688 tyrannidem
