4046 6376
414 388 522 445 145

1418 382 1477 441 S.
1518 382 1792 441 CYRILLI
1824 381 2295 439 ALEXANDRINI
2335 383 2659 440 ARCHIEP.

3572 385 3676 440 ιιι

414 502 695 574 perlaturi.
751 498 927 557 Occisi
980 508 1104 556 sunt
1155 509 1336 556 autem
1387 502 1608 569 misere,
1661 502 1768 557 imo
1814 501 1982 570 juste,

2092 500 2462 574 Γραμμάτων·
2498 501 2547 553 οί
2578 500 2634 553 δὲ
2669 498 2969 569 ἀπῴχοντο,
3003 500 3121 562 ταῖς
3173 498 3528 552 Βαὸυλωνίων
3585 493 3681 553 καὶ

410 592 947 663 pseudosacerdotes,
983 603 1037 647 et
1094 593 1321 661 pecunia
1371 596 1599 664 gradum
1661 595 1804 649 hunc
1867 593 1997 647 adc-

409 685 511 753 pti,
550 683 638 737 alii
671 699 700 736 a
725 681 887 747 Jehu,
915 685 1005 737 alii
1042 698 1072 737 a
1103 683 1273 750 .losia,
1306 685 1396 752 qui
1431 683 1532 739 fuit
1561 701 1630 740 ex
1656 686 1802 740 tribu
1852 684 1992 739 Juda

409 774 525 829 sive
556 774 718 828 David
745 773 810 828 ³ο.
840 775 1014 843 Atque
1058 775 1160 830 hoe
1198 776 1282 828 vir
1323 774 1417 829 Dei
1447 816 1463 842 ,
1492 776 1835 830 sacriﬁcante
1894 776 1994 830 ali-

409 866 625 934 quando
659 865 946 921 Jeroboam
989 875 1044 920 et
1095 877 1272 922 stante
1316 868 1382 922 ad
1437 868 1631 934 altare,
1665 869 1993 923 vaticinatus

408 967 513 1019 est,
543 957 625 1012 his
651 959 829 1013 verbis
857 975 870 1010 :
902 977 922 1010 ι
958 959 1164 1022 Altare.
1186 961 1373 1021 altare.
1403 961 1516 1016 haec
1547 961 1673 1015 dicit
1701 962 1988 1016 Dominus:

408 1045 546 1099 Ecce
586 1048 826 1100 nascitur
861 1048 1000 1103 ﬁlius
1026 1049 1079 1102 in
1115 1049 1276 1102 domo
1332 1051 1518 1115 David,
1563 1048 1738 1105 Josias
1793 1065 1990 1106 nomen

407 1132 545 1201 ejus,
581 1143 634 1188 et
668 1145 829 1204 ponet
879 1150 1042 1206 super
1073 1146 1122 1189 te
1159 1140 1471 1192 sacerdotes
1517 1139 1878 1204 excelsorum,
1911 1154 1992 1194 sa-

409 1224 714 1279 criﬁcantes
735 1241 897 1296 super
923 1235 976 1280 te
1005 1226 1069 1280 ³¹.
1086 1243 1104 1276 ι
1125 1224 1309 1294 Itaque
1331 1227 1688 1282 comminatus
1713 1237 1794 1281 est
1819 1243 1877 1282 se
1906 1243 1992 1282 ca-

407 1317 730 1385 stigaturum
790 1318 843 1371 in
891 1317 1076 1373 furore
1110 1324 1164 1372 el;
1200 1319 1281 1372 ira
1336 1319 1689 1387 speculationi
1738 1318 1987 1387 laqueum

406 1405 598 1470 factos,
617 1409 946 1474 sacerdotes,
983 1411 1222 1478 inquam,
1259 1417 1313 1464 et
1348 1410 1612 1478 sanguine
1666 1411 1817 1480 regio
1864 1425 1990 1479 pro-

405 1509 638 1552 creatos.
664 1498 986 1568 Neutiquam
1029 1515 1156 1554 vero
1186 1501 1553 1555 inaccusatum
1587 1501 1814 1554 dimittit
1864 1516 1986 1554 eum

402 1591 495 1661 qui
522 1591 776 1660 deceptus
800 1601 905 1655 est,
930 1601 1060 1662 puta
1088 1591 1360 1646 lsraelem.
1387 1590 1609 1658 Idcirco,
1637 1593 1859 1662 inquil,r
1888 1608 1992 1664 ego

406 1686 632 1756 cognovi
681 1685 956 1755 Ephraint,
1006 1697 1060 1741 et
1109 1687 1272 1742 Israel
1325 1703 1430 1742 non
1471 1689 1699 1744 recessit
1743 1704 1773 1743 a
1824 1705 1928 1744 me.
1959 1708 1977 1741 ι

404 1776 482 1828 Ac
508 1777 551 1830 si
583 1777 766 1832 dicat:
802 1777 933 1844 Quis
963 1788 1048 1833 est
1077 1779 1180 1833 iste
1232 1780 1320 1849 qui
1360 1781 1499 1834 celat
1547 1797 1634 1836 me
1674 1783 1981 1851 consilium,

2097 593 2298 664 Μήδων
2350 591 2686 658 πλεονεξίαις
2734 590 3172 662 ὑποκεισόμενοι.
3241 589 3679 660 ’Λποτεθνῆκασι

2093 683 2150 737 δὲ
2175 682 2396 746 ἀθλίως.
2450 681 2650 752 μᾶλλον
2684 680 2740 734 δὲ
2785 681 2966 746 ὁσίως,
3001 682 3049 733 οἱ
3103 680 3444 750 ψευδώνυμοί
3485 695 3544 731 τε
3585 679 3679 732 καὶ

2095 773 2371 844 χρήμασιν
2399 772 2582 841 ἱερεῖς,
2605 771 2655 821 οἱ
2690 769 2788 839 μὲν
2817 770 2921 821 ὑπὸ
2958 769 3124 839 Ἰηοῦ,
3147 771 3194 821 οἱ
3226 769 3282 822 δὲ
3307 769 3411 821 ὑπὸ
3447 767 3674 834 Ἰωσίου,

2093 865 2377 933 γεγονότος
2407 865 2471 916 ὲκ
2510 862 2680 932 φυλῆς
2718 861 2908 927 Ἰούδα,
2943 862 3061 932 ἤτοι
3105 860 3290 914 Δαϐίδ.
3319 860 3490 913 Τοῦτο
3523 861 3551 913 6
3579 859 3675 914 ἆν-

2092 955 2310 1025 θρωπος
2338 952 2432 1007 τοῦ
2467 951 2624 1019 Θεοῦ,
2660 952 2880 1016 Ούοντός
2938 970 3069 1005 ποτε
3118 952 3211 1005 τοῦ
3254 952 3537 1024 Ἰεροὸοὰμ
3583 952 3676 1005 καὶ

2091 1047 2453 1117 ἐφεστηκότος
2491 1044 2570 1116 τῷ
2619 1045 3007 1115 Θυσιαστηρίῳ,
3041 1045 3437 1115 προεφήτευσε,
3465 1044 3671 1111 λέγων’

2099 1157 2117 1190 ι
2159 1138 2578 1208 Θυσιαστήριον,
2634 1137 3036 1208 θυσιαστήριον,
3078 1137 3202 1190 τάδε
3244 1136 3389 1206 λέγει
3443 1137 3670 1206 Κύριος·

2104 1231 2235 1285 Ἰδοὺ
2263 1231 2376 1295 υἱὸς
2421 1231 2667 1283 τίκτεται
2702 1232 2760 1282 ἐν
2812 1229 2946 1301 οἴκῳ
3001 1228 3186 1289 Δαϐὶδ,
3250 1228 3458 1291 Ἰωσίας
3505 1229 3675 1298 ὄνομα

2089 1323 2260 1394 αὐτῷ·
2305 1325 2399 1377 καὶ
2434 1323 2585 1376 Ούσει
2637 1322 2730 1374 ἐπὶ
2791 1323 2850 1375 σὲ
2881 1322 3008 1383 τοὺς
3061 1322 3226 1392 ἱερεῖς
3280 1320 3389 1373 τῶν
3433 1319 3674 1390 ὑψηλῶν,

2086 1417 2212 1477 τοὺς
2242 1414 2566 1475 ἐπιθύοντας
2623 1414 2716 1465 ἐπὶ
2749 1413 2851 1465 σοί,
2887 1431 2904 1463 ι
2939 1411 3145 1465 Οὐκοῦν
3173 1409 3506 1480 ἐπηπείλησε
3545 1425 3674 1462 παι-

2086 1506 2298 1559 δεύσειν
2329 1507 2386 1558 ὲν
2424 1504 2580 1575 Θυμῷ
2615 1505 2704 1558 καὶ
2730 1506 2866 1575 ὀργῇ
2900 1503 3024 1566 τοῦς
3047 1506 3110 1574 τῇ
3141 1504 3340 1571 σκοπιᾷ
3363 1502 3542 1570 πάγην
3577 1517 3671 1567 γε-

2086 1598 2331 1667 γονότας,
2375 1597 2554 1669 ἱερέας
2581 1613 2665 1661 τε,
2703 1596 2871 1666 φημὶ,
2904 1596 2999 1648 καὶ
3036 1595 3161 1656 τοὺς
3183 1592 3243 1657 ἐξ
3263 1593 3494 1662 αἵματος
3517 1591 3672 1660 βασι-

2085 1689 2262 1743 λικοῦ.
2322 1689 2732 1742 Ἀκαταιτίατον
2788 1687 2847 1740 δὲ
2905 1683 3156 1754 οὐδαμῶς
3187 1683 3278 1735 τὸν
3327 1681 3674 1752 ἠπατημένον

2083 1782 2252 1853 ἠφίει,
2281 1780 2550 1842 τουτέστι,
2570 1781 2661 1834 τὸν
2676 1779 2905 1850 Ἰσραήλ.
2933 1775 3200 1847 Ταύτῃτοί
3222 1791 3405 1845 φησιν·
3430 1773 3673 1841 ιἘγνων

404 1869 689 1924 continens
710 1871 872 1924 verba
902 1871 952 1925 in
977 1873 1160 1934 corde,
1193 1847 1356 1927 etme
1390 1881 1541 1940 putat
1567 1890 1725 1945 posse
1765 1877 1934 1933 latere
1961 1879 1983 1932 ?

2089 1847 2177 1927 τδν
2239 1872 2501 1945 Ἐφραῒμ,
2549 1872 2643 1926 καὶ
2705 1847 2922 1943 Ἰσραὴλ
2963 1871 3063 1922 οὐκ
3113 1869 3343 1922 ἄπεστιν
3391 1867 3483 1918 ἀπ’
3516 1863 3669 1936 ἐμοῦ.

420 1978 438 2010 ι
463 1959 704 2032 Cognovi
758 1963 900 2015 enim
937 1962 1214 2032 Ephraim,
1245 1983 1264 2015 ι
1301 1965 1494 2035 inquit,
1528 1983 1547 2016 ι
1576 1975 1628 2020 et
1667 1983 1770 2021 non
1812 1983 1985 2024 reces-

403 2052 449 2104 si
498 2053 566 2104 ah
604 2051 802 2118 Israel;
848 2071 866 2103 ι
896 2082 969 2095 -
999 2073 1016 2104 ι
1047 2053 1188 2109 Deus
1211 2055 1352 2108 enim
1393 2057 1830 2126 appmpiuquans
1884 2075 1982 2130 ego

403 2157 546 2207 sum,
573 2152 628 2198 et
653 2159 755 2197 non
812 2143 951 2199 Deus
991 2145 1058 2200 de
1107 2145 1285 2215 longe.
1339 2145 1394 2201 Si
1425 2147 1792 2203 abscondetur
1822 2151 1983 2207 homo

403 2233 457 2288 in
497 2234 744 2298 occultis,
773 2244 828 2290 et
849 2251 946 2305 ego
974 2251 1076 2291 non
1099 2237 1294 2290 videbo
1334 2250 1454 2290 cum
1475 2237 1520 2270 ³²
1549 2238 1573 2292 ?
1602 2257 1618 2290 ι
1647 2238 1711 2294 Et
1735 2241 1929 2296 iterum
1963 2258 1978 2296 :

411 2343 430 2376 ι
456 2321 572 2378 Non
607 2342 636 2377 a
671 2339 755 2379 me
772 2327 1137 2381 abscondetur
1164 2327 1437 2398 quidpiam
1465 2329 1510 2360 ³³
1537 2329 1560 2383 ?
1595 2349 1613 2381 ι

468 2601 758 2679 “Vens.
789 2605 841 2661 4.
865 2607 1004 2672 Quia
1030 2625 1168 2662 nunc
1192 2609 1485 2677 fornicatus
1516 2625 1593 2668 est
1629 2614 1906 2684 Eplu'aim,
1932 2630 1980 2674 et

403 2700 790 2752 contaminatus
844 2709 920 2752 est
974 2699 1164 2764 lsraet’,
1203 2717 1306 2756 non
1343 2705 1594 2758 dederunt
1643 2709 1979 2776 cogitationes

400 2805 546 2850 suas,
579 2797 637 2841 ut
671 2799 997 2842 revertantur
1049 2795 1116 2843 att
1163 2791 1350 2858 Deum,
1383 2797 1507 2864 quia
1565 2800 1782 2867 spiritus
1812 2801 1982 2870 forni-

403 2881 622 2934 cationis
677 2891 750 2934 est
783 2881 837 2934 in
895 2883 1040 2948 ipsis,
1075 2882 1366 2939 Dominum
1396 2904 1512 2942 vero
1567 2907 1670 2944 non
1729 2909 1979 2964 cognove-

404 2982 545 3028 runt.

471 3063 600 3117 Llll.
663 3064 929 3132 Quoniam
982 3067 1126 3120 enim
1192 3081 1350 3124 renes
1398 3080 1452 3125 et
1507 3075 1667 3127 corda
1743 3076 1981 3133 intuetur

2083 1961 2231 2020 Ἴσον
2263 1967 2326 2036 δὴ
2386 1964 2544 2018 τοῦτο
2596 1965 2826 2034 ἐκείνῳο
2859 1961 2953 2024 Τίς
3012 1952 3188 2024 οὗτος,
3235 1960 3262 2012 6
3317 1957 3571 2028 κρύπτων
3603 1973 3672 2027 με

2087 2057 2305 2130 βουλὴν.
2357 2057 2595 2126 συνέχων
2652 2056 2872 2126 ῥήματα
2900 2057 2959 2107 ὲν
2993 2052 3210 2125 καρδίᾳ,
3265 2053 3364 2122 ἐμὲ
3413 2051 3469 2103 δὲ
3502 2051 3672 2102 οἴεται

2084 2151 2382 2222 κρύπτειν;
2426 2151 2678 2220 Ἔγνωκα
2720 2150 2829 2219 γὰρ
2876 2146 2967 2199 τὸν
3030 2143 3299 2213 Ἐφραῒμ,
3362 2144 3531 2212 φησὶ,
3580 2141 3675 2196 καὶ

2081 2243 2182 2294 οὐκ
2246 2241 2528 2310 ἀφέστηκα
2590 2236 2682 2292 τοῦ
2745 2235 2980 2306 Ἰσραήλ.
3015 2233 3192 2297 (Θεὸς
3263 2232 3371 2303 γὰρ
3439 2231 3671 2299 ὲγγίζων

2082 2331 2192 2401 ἐγώ
2229 2331 2492 2400 εἰμι,καὶ
2517 2329 2639 2400 οὐχὶ
2689 2327 2823 2391 Θεὸς
2865 2326 3167 2399 πόρρωθεν.
3214 2325 3274 2377 ΕΞ
3328 2323 3664 2394 κρυϐήσεται

2081 2422 2368 2494 ἄνθρωπος
2398 2422 2456 2476 ὲν
2479 2420 2790 2492 κρυφαίοις,
2807 2419 2902 2473 καὶ
2933 2418 3043 2487 ἐγὼ
3070 2418 3170 2471 οὐκ
3190 2416 3392 2486 ὄψομαι
3421 2414 3617 2480 αύτόν;
3647 2432 3666 2464 ι

2083 2516 2193 2568 Καὶ
2213 2514 2394 2576 πάλιν,
2434 2532 2452 2564 t
2475 2512 2566 2582 Μὴ
2601 2512 2696 2565 ἀπ’
2723 2511 2858 2582 ἐμοῦ
2900 2509 3235 2581 κρυϐήσεταί
3265 2525 3348 2572 τι;
3387 2525 3404 2556 ι

2153 2609 2306 2661 Διότι
2371 2606 2488 2660 νῦν
2558 2605 3001 2673 ἐξεπόρνευσεν
3075 2600 3321 2670 Ἐφραῒμ
3349 2640 3364 2665 ,
3421 2595 3670 2666 ἐμιάνθη

2095 2700 2360 2770 Ἰσραὴλ,
2405 2701 2516 2753 οὐκ
2542 2698 2777 2752 ἔδωκαν
2833 2697 2905 2751 τὰ
2958 2695 3270 2748 διαϐούλια
3324 2689 3523 2745 αὐτῶν
3566 2686 3675 2742 τοῦ

2080 2792 2442 2859 ἐπιστρέψαι
2484 2791 2636 2858 πρὸς
2685 2788 2792 2842 τὸν
2844 2787 2993 2841 Θεὸν
3039 2783 3259 2850 αὐτῶν,
3300 2782 3389 2835 ὅτι
3435 2779 3672 2849 πνεῦμα

2082 2884 2366 2952 πορνείας
2393 2883 2462 2935 ἐν
2487 2881 2689 2945 αὐτοῖς
2715 2881 2846 2933 ἐστι
2870 2921 2883 2943 ,
2918 2879 3025 2932 τὸν
3054 2877 3122 2930 δὲ
3147 2877 3368 2943 Κύριον
3427 2873 3536 2926 οὐκ
3567 2873 3673 2925 ἐπ·-

2080 2977 2374 3046 ἐγνωσαν.

2151 3065 2278 3119 NI".
2297 3063 2516 3135 Ἐπειδὴ
2539 3063 2646 3132 γὰρ
2675 3063 2752 3124 εἰς
2779 3061 3010 3132 νεφροὺς
3035 3060 3138 3130 ὁρᾷ
3154 3058 3248 3111 καὶ
3265 3059 3492 3130 καρδίας
3515 3060 3544 3111 6
3560 3057 3671 3110 τῶν

403 3154 778 3207 universorum
815 3152 958 3208 Deus
1013 3164 1067 3208 et
1099 3171 1320 3224 prorsus
1392 3159 1534 3213 nihil
1565 3162 1746 3216 estilli
1787 3165 1989 3237 inaspe.

2093 3158 2230 3211 ὅλων
2262 3157 2412 3221 Θεὸς,
2437 3157 2678 3210 ἄποπτον
2703 3153 2758 3206 δὲ
2785 3152 2936 3222 αὐτῷ
2969 3150 3248 3212 παντελῶς
3279 3150 3452 3215 οὐδὲν,
3501 3149 3671 3218 ἐγνω-

400 3243 599 3298 ctahile
623 3244 690 3309 ",
717 3246 968 3314 c0gnovit
995 3244 1316 3302 fornicatum
1342 3264 1482 3315 esse,
1517 3263 1571 3306 et
1610 3254 1676 3308 ad
1713 3254 1984 3327 fastigium

405 3336 765 3405 improbitatis
816 3340 1127 3407 pervenisse
1166 3338 1366 3405 Israel,
1412 3343 1528 3396 sive
1568 3343 1846 3414 Ephraim.
1883 3348 1984 3405 Ve-

406 3436 708 3480 rumtamen
752 3442 850 3481 nec
911 3428 976 3481 ad
1023 3438 1280 3497 punctum
1335 3434 1590 3502 temporis
1653 3441 1983 3505 poenitentia:

405 3516 788 3585 cogitationem
829 3519 1021 3573 saltem
1049 3523 1310 3591 suscepit,
1343 3525 1482 3591 quod
1515 3541 1542 3577 a
1584 3529 1776 3594 spiritu
1824 3529 1988 3587 forni-

405 3609 554 3663 cario
592 3618 742 3664 esset
782 3623 1103 3681 occupatus,
1144 3630 1439 3685 verumque
1506 3616 1791 3675 Dontinum
1839 3639 1983 3692 qum-

357 3735 369 3746 .
409 3716 531 3756 rere
565 3701 750 3757 nollet.
789 3703 983 3759 Verum
1045 3716 1127 3761 est
1161 3707 1322 3776 igitur
1353 3712 1494 3777 quod
1551 3713 1627 3765 ait
1685 3713 1933 3770 Salvator
1965 3737 1978 3772 :

411 3809 430 3842 ι
465 3789 632 3846 Nemo
661 3801 840 3860 potest
897 3793 1105 3851 duobus
1160 3797 1396 3852 dominis
1427 3802 1633 3857 servire
1663 3803 1763 3858 ³³.»

478 3963 642 4020 Vens.
673 3965 726 4022 5.
766 3965 831 4019 Et
866 3968 1234 4022 Itumiliabitur
1285 3972 1483 4041 injuria
1513 3973 1688 4030 Israel
1715 3977 1769 4031 in
1795 3979 1983 4048 [aciem

406 4054 541 4123 ejus.
597 4053 662 4107 Et
699 4053 887 4120 Israel,
926 4067 975 4111 et
1006 4057 1269 4126 Ephraim
1305 4063 1719 4132 inﬁrmabuntur
1777 4067 1833 4122 in
1882 4071 1985 4122 ini-

406 4141 691 4208 quitatibus
734 4143 888 4208 suis;
921 4153 971 4197 et
1005 4146 1371 4214 inﬁrmabitur
1417 4166 1622 4221 quoque
1657 4151 1830 4209 Judas
1864 4173 1982 4209 cum

407 4235 503 4284 eis.
879 4235 893 4249 ‘

481 4321 626 4377 LIV.
667 4321 920 4394 Injuriatn
973 4326 1060 4380 hic
1091 4329 1325 4398 appellat
1379 4333 1747 4389 detestandam
1794 4351 1984 4406 super-

411 4414 592 4469 biam:
639 4426 721 4470 est
759 4419 903 4471 enim
951 4419 1246 4488 injuriosus
1278 4424 1564 4493 superbus.
1629 4425 1980 4482 Humiliatunt

2086 3267 2203 3313 κεν,
2241 3250 2323 3301 ὅτι
2355 3247 2697 3317 πεπόρνευκε
2739 3245 2859 3315 μὲν,
2897 3244 2990 3300 καὶ
3041 3245 3117 3306 εἰς
3148 3241 3316 3312 ἄκρον
3342 3236 3444 3314 ἧκε
3473 3238 3675 3309 φαυλό-

2084 3359 2243 3413 τητος
2273 3343 2301 3394 6
2352 3339 2588 3410 Ἰσραὴλ,
2626 3339 2792 3408 ἡγουν
2818 3339 2846 3390 6
2916 3337 3184 3408 Ἐερραῒμ·
3225 3337 3362 3406 πλὴν
3395 3335 3526 3400 οὐδ’,
3551 3335 3675 3388 ὅσον

2086 3433 2284 3496 εἰπεῖν,
2317 3430 2398 3491 εἰς
2455 3427 2581 3481 νοῦν
2630 3429 2726 3479 καὶ
2779 3427 3009 3498 καρδίαν
3065 3427 3170 3479 κᾶν
3225 3425 3353 3494 γοῦν
3379 3427 3437 3478 τὸ
3477 3424 3676 3497 χρῆναι

2091 3523 2375 3593 μετανοεῖν
2416 3519 2744 3582 εἰσεδέξατο,
2802 3519 2891 3571 διά
2941 3535 3005 3586 γε
3055 3518 3115 3570 τὸ
3167 3517 3541 3589 κεκρατῆσθαι
3593 3517 3674 3586 τῷ

2088 3612 2370 3683 πορνεύειν
2391 3610 2553 3664 αὐτὸν
2578 3609 2924 3663 ἁναπείθοντι
2956 3609 3245 3678 πνεύματι,
3266 3609 3359 3660 καὶ
3381 3607 3469 3661 τὸν
3497 3607 3672 3677 ἀληθῆ

2087 3704 2366 3776 Δεσπότην
2404 3703 2478 3774 μὴ
2508 3701 2759 3772 ἐθελῆσαι
2791 3703 2991 3771 ζητεῖν.
3028 3701 3250 3771 Ἀληθὲς
3279 3695 3370 3752 οῦν
3400 3701 3502 3763 ὅτι,
3532 3699 3676 3752 καοὰ

2087 3813 2252 3867 φησιν
2284 3798 2311 3850 6
2333 3795 2546 3866 Σωτὴρ,
2599 3812 2617 3845 ι
2649 3794 2839 3858 Οὐδεὶς
2876 3793 3100 3846 δύναται
3141 3792 3263 3846 δυσὶ
3297 3792 3512 3862 κυρίοις
3549 3791 3664 3844 δου-

2087 3885 2284 3938 λεύειν.
2323 3903 2341 3934 ι

2158 3977 2266 4030 Καὶ
2298 3975 2805 4042 ταπεινωθήσεται
2862 3975 2901 4042 ἡ
2952 3973 3117 4041 ὕϐρις
3145 3973 3254 4027 τοῦ
3303 3973 3550 4043 Ἰσραὴλ
3585 3976 3672 4040 εἰς

2085 4070 2411 4135 πρόσωπον
2485 4064 2691 4118 αὑτοῦ.
2765 4063 2874 4116 Καὶ
2945 4064 3195 4131 Ἰσραὴλ
3267 4065 3366 4117 καὶ
3430 4064 3673 4131 Ἐερραῒμ

2083 4157 2538 4223 ἀσθενιὲσουσιν
2563 4157 2632 4208 ἐν
2656 4155 2781 4220 ταῖς
2808 4153 3066 4220 ἀδικίαις
3093 4153 3311 4211 αὐτῶν·
3356 4156 3453 4208 καὶ
3488 4156 3668 4208 ἀσθε-

2083 4252 2260 4319 νήσει
2288 4251 2384 4302 καὶ
2425 4248 2648 4312 Ἰούδας
2685 4247 2808 4314 μετ’
2831 4245 3047 4299 αὐτῶν.

2154 4340 2275 4392 ΝΔ’.
2306 4337 2502 4406 ’Ὕϐριν
2533 4336 2719 4388 ἐνθάδε
2753 4336 2887 4404 φησὶ
2913 4335 3010 4406 τὴν
3039 4335 3312 4406 ἐπάρατον
3341 4336 3666 4408 ὑπεροψίαν·

2083 4431 2344 4502 ὑϐριστὴς
2391 4431 2498 4498 γὰρ
2549 4429 2576 4480 ὁ
2631 4425 2867 4490 ἀλαζών.
2915 4427 3433 4498 Ταπεινωοήσεσθαι
3490 4428 3669 4481 τοίνυν

410 4523 540 4576 ergo
573 4507 635 4561 iri
665 4512 973 4578 superbiam
1006 4513 1220 4567 Israelis
1281 4516 1473 4585 inquit,
1506 4518 1596 4572 ubi
1653 4519 1740 4574 illa
1792 4537 1982 4590 passus

2089 4525 2221 4596 φησὶ
2248 4523 2345 4594 τὴν
2374 4519 2674 4591 ὑπεροψίαν
2723 4517 2818 4570 τοῦ
2863 4517 3101 4590 Ἰσραὴλ,
3139 4521 3324 4572 ἐκεῖνα
3369 4520 3665 4588 παθόντος,

407 4598 590 4664 fuerit,
623 4609 683 4654 et
721 4602 1093 4667 meritissimo.
1143 4622 1261 4675 qua:
1325 4619 1379 4662 et
1412 4609 1666 4664 humilem
1730 4611 1899 4678 illum,
1937 4623 1991 4667 et

410 4691 794 4757 miserandum,
826 4703 880 4746 et
914 4694 1203 4762 abiectum,
1235 4707 1290 4752 et
1315 4700 1538 4755 materia
1601 4702 1669 4756 de
1722 4703 1832 4760 Deo
1880 4705 1992 4775 glo-

407 4781 582 4835 riandi
627 4783 966 4850 destitutum,
1017 4803 1362 4860 snpernaque
1419 4802 1475 4848 et
1516 4795 1690 4863 patria
1744 4795 1993 4851 libertate

408 4872 696 4940 spoliatum
748 4875 990 4930 reddent.
1023 4874 1078 4929 lu
1131 4878 1320 4933 facient
1375 4896 1536 4950 porro
1583 4883 1702 4953 ejus
1739 4884 1990 4952 iujuriant

408 4977 770 5030 reversuram,
831 4965 1228 5036 intelligendum
1270 4983 1351 5025 est
1395 4988 1556 5027 omne
1609 4989 1779 5044 genus
1827 4976 1980 5043 igno-

407 5054 586 5108 minia:
612 5057 1008 5123 quodammodo
1053 5059 1231 5116 simile
1263 5062 1377 5118 fore
1408 5065 1579 5136 plagis
1611 5067 1664 5119 in
1695 5065 1832 5120 facie
1902 5081 1984 5121 ac-

406 5143 597 5214 ceptis.
636 5146 698 5199 Et
746 5147 821 5199 ait
863 5147 1214 5206 infirmantlos
1276 5154 1437 5208 simul
1489 5172 1609 5210 cum
1640 5155 1774 5210 Juda
1814 5155 1983 5211 Israe—

408 5237 548 5292 litas.
588 5239 722 5294 Nam
771 5241 939 5312 Syria:
991 5255 1045 5298 et
1082 5244 1366 5301 Persarum
1397 5264 1550 5319 reges
1585 5248 1639 5302 in
1680 5248 1979 5302 Samariam

409 5336 678 5391 hostiliter
742 5341 1010 5407 grassati,
1079 5359 1183 5396 non
1239 5344 1485 5398 siverunt
1525 5345 1816 5399 immunem
1863 5358 1983 5399 esse

406 5424 638 5482 Judam:
686 5429 902 5483 Israelis
944 5432 1140 5502 quippe
1209 5434 1432 5490 urbibus
1480 5435 1644 5489 etiam
1694 5437 1981 5490 nonnullas

409 5519 475 5571 ad
520 5520 715 5571 tribum
752 5518 886 5573 .luda
937 5532 989 5576 ct
1049 5523 1323 5592 Beujamin
1370 5527 1698 5594 pertinentes
1766 5528 1982 5581 addide-

411 5619 555 5663 rurt.
607 5611 918 5665 Universam
957 5624 1134 5669 autem
1187 5616 1547 5671 calamitatem
1589 5617 1723 5671 citra
1767 5618 1979 5672 dubita—

481 5725 635 5805 ’_°_IV_
659 5727 786 5787 llos.
811 5728 983 5805 XL“.
1043 5732 1082 5763 ³¹
1117 5732 1181 5786 lll
1222 5732 1350 5805 lleg.
1386 5751 1504 5802 xm,
1531 5737 1587 5790 2.
1663 5737 1706 5769 ³²
1735 5736 1844 5792 Jer.
1875 5752 2028 5803 χχιιι,
2058 5736 2147 5790 9.3,

409 5797 454 5829 ”
488 5797 676 5852 Matth.
715 5811 788 5861 VI,
829 5797 917 5851 ‘24.

2086 4623 2182 4671 καὶ
2210 4616 2416 4686 σφόδρα
2455 4612 2698 4676 δικαίως,
2756 4611 2792 4665 ἃ.
2823 4613 2915 4665 καὶ
2949 4613 3203 4665 ταπεινὸν
3244 4612 3406 4666 αὑτὸν
3446 4613 3668 4683 ἔμελλον

2086 4707 2427 4776 ἀποφαίνειν,
2462 4703 2681 4773 οἰκτρὸν
2721 4704 2813 4756 καὶ
2869 4703 3328 4774 κστερριμμένον,
3361 4705 3455 4758 καὶ
3496 4706 3670 4776 αὐχη-

2089 4799 2272 4870 μάτων
2296 4798 2499 4868 ἔρημον
2523 4795 2630 4848 τῶν
2657 4794 2896 4865 ἐπὶΘεῷ,
2932 4797 3026 4848 καὶ
3045 4797 3213 4865 αὐτῆς
3238 4795 3294 4847 δὲ
3319 4796 3423 4866 τῆς
3452 4797 3664 4850 ἄνωθεν

2088 4893 2180 4944 καὶ
2209 4887 2470 4959 πατρῴας
2499 4889 2683 4950 αὐτοῖς
2733 4887 3046 4957 ἐλευθερίας
3081 4889 3468 4959 ἐστερημένον.
3503 4889 3576 4941 Τδ
3614 4889 3667 4942 δὲ

2087 4984 2168 5044 εἰς
2205 4982 2495 5050 πρόσωπον
2550 4978 2716 5032 αὐτοῦ
2755 4979 2854 5051 τὴν
2911 4979 3070 5050 ὓϐριν
3125 4981 3665 5052 ἀποστραφήσεσϐαι,

2089 5072 2305 5144 νοητέον
2337 5071 2423 5124 διὰ
2447 5071 2509 5123 τὸ
2547 5071 2653 5123 πᾶν
2681 5065 2840 5142 ,εἶδος
2891 5071 3116 5140 ἀτιμίας
3141 5073 3376 5125 ἐοικέναι
3411 5089 3527 5135 πως
3549 5075 3667 5135 ταῖς

2090 5163 2230 5216 κατὰ
2260 5161 2549 5230 πρόσωπον
2606 5159 2861 5230 πληγαῖς.
2917 5161 3265 5232 ἈσΟενήσειν
3322 5162 3377 5216 δὲ
3424 5163 3558 5234 ὁμοῦ
3589 5162 3668 5233 τῷ

2102 5251 2271 5304 Ἰούδα
2302 5251 2434 5320 φησὶ
2463 5249 2586 5312 τοὺς
2637 5249 2698 5313 ἐξ
2750 5250 2986 5321 Ἰσραήλ.
3043 5252 3510 5324 Καταδῃώσαντες
3559 5257 3669 5325 γὰρ

2087 5343 2115 5395 ὃ
2133 5360 2189 5394 τε
2210 5342 2310 5412 τῆς
2340 5341 2538 5412 Συρίας
2567 5341 2657 5394 καὶ
2694 5343 2919 5413 Περσῶν
2947 5345 3182 5414 βασιλεῖς
3210 5348 3307 5418 τὴν
3335 5349 3667 5420 Σαμάρειαν,
3759 5374 3768 5379 -

2087 5435 2186 5488 οὐκ
2217 5433 2440 5502 ἁπλῆγα
2502 5435 2960 5504 συγκεχωρήκασι
2995 5436 3270 5507 διαμεῖναι
3298 5439 3390 5492 τὸν
3432 5439 3631 5493 Ἰούδαν
3651 5481 3665 5502 ,

2087 5527 2416 5598 προσθέντες
2449 5527 2570 5587 ταῖς
2627 5525 2720 5577 τοῦ
2763 5527 2979 5600 Ἰσραὴλ
3025 5530 3212 5584 πόλεσι
3261 5532 3354 5584 καί
3383 5549 3534 5596 τινας
3562 5533 3670 5585 τῶν

2085 5617 2402 5690 ἀνηκουσῶν
2421 5620 2533 5681 τοῖς
2557 5617 2613 5683 ἐξ
2643 5617 2812 5671 Ἰούδα
2829 5620 2922 5672 καὶ
2941 5623 3220 5692 Βενιαμίν.
3240 5624 3361 5676 Ὅτι
3377 5625 3432 5678 δὲ
3452 5626 3668 5693 ἁπάσης

2228 5736 2271 5768 ³³
2294 5735 2406 5791 Jer.
2439 5735 2776 5806 Illi/111,14.
2853 5737 2898 5769 ⁸⁵
2924 5737 3035 5794 Jer.
3065 5739 3248 5810 x1,‘.".0;
3280 5739 3444 5797 Hebr.
3475 5757 3549 5806 IV,
3581 5741 3668 5795 1:2.
