4046 6376
433 415 534 470 HS

1358 421 1896 479 COMMENTARIUS
1935 421 2002 476 IN
2041 421 2273 478 OSEAM
2310 423 2753 481 PROPIlETAM.

3588 430 3686 486 I46

429 534 612 597 αὐτοῖς
645 535 932 606 συμφορᾶς
962 540 1341 610 προμνήστρια
1373 542 1596 610 γέγονεν
1636 541 2005 613 ὁμολογουμέ-

2133 542 2309 597 ionem
2369 545 2690 613 importasse
2723 544 2827 599 illis
2877 544 3205 615 impietatem
3233 555 3286 601 et
3329 546 3580 615 injuriam
3633 553 3688 602 in

428 642 535 688 νως
577 627 610 696 ἡ
657 629 736 690 είς
771 627 904 682 Θεὸν
955 630 1182 686 ἀσέϐειά
1233 650 1292 685 τε
1345 634 1437 688 καὶ¹
1493 633 1671 706 ὕϐρις,
1713 633 2006 704 δεδίδαχεν,

429 717 624 783 εἰπὼν,
658 719 734 792 μὴ
766 721 832 775 ἂν
855 724 1056 794 ἑτέρως
1081 725 1265 791 αὐτοῖς
1310 727 1370 781 τὸ
1421 729 1519 799 τῆς
1557 727 1841 792 ἀσθενείας
1873 745 2014 799 συμ-

430 809 694 879 ϐήσεσθαι
722 812 911 878 πάθος,
942 815 1057 867 ἀλλ’
1083 816 1116 887 ἢ
1149 818 1335 888 μόνον,
1362 819 1444 871 ὅτι
1467 838 1484 870 ι
1516 819 1927 890 ’Λσθενήσουσιν
1953 821 2010 872 ὲν

430 905 555 965 ταῖς
609 903 844 968 ἀδικίαις
907 907 1107 962 αὐτῶν.
1164 927 1183 960 ι
1237 911 1524 981 Χρήσιμοι⁸
1581 908 1674 964 οῦν
1733 911 1842 982 ἀρα
1917 912 2011 966 καὶ

433 994 865 1063 τιμαλφέστατον
911 998 1126 1069 ἀληθῶς
1156 1003 1189 1072 ἡ
1222 1003 1303 1065 είς
1348 1002 1480 1055 Θεὸν
1539 1003 1805 1068 εὐσέϐεια,
1838 1004 1906 1058 δι’
1943 1000 2010 1076 ἧς

436 1081 500 1134 ἂν
533 1083 740 1151 γένοιτο
767 1087 859 1139 καὶ
892 1087 952 1140 τὸ
977 1088 1144 1143 ἐθνῶν
1168 1091 1425 1147 δύνασθαι
1449 1096 1686 1165 κρατεῖν,
1711 1096 1805 1148 καὶ
1834 1095 2013 1149 πάντα

440 1173 642 1242 ἰσχύειν
675 1178 977 1249 κατορθοῦν
1003 1181 1262 1248 εὐκόλως.
1283 1185 1395 1239 Kal.
1415 1187 1696 1258 ἀληθεύων
1717 1187 1956 1257 ἔφασκεν
1985 1191 2014 1240 6

436 1267 648 1338 Σωτὴρ,
680 1269 760 1321 ὅτι
795 1288 812 1321 ι
847 1273 1032 1343 Χωρ“ις
1060 1273 1194 1345 ἐμοῦ
1229 1277 1290 1329 ού
1320 1276 1550 1332 δύνασθε
1583 1279 1762 1332 οὐδέν.
1807 1298 1826 1330 ι
1861 1279 2014 1333 Ψάλ-

435 1359 515 1412 λει
546 1360 602 1414 δέ
653 1379 756 1415 που
809 1365 904 1417 καί
943 1368 972 1419 6
1029 1367 1372 1440 Δαὸὶδ,ὀρθά
1429 1374 1646 1441 φρονεῖν
1702 1372 2009 1443 ᾑρημένος,

440 1467 459 1499 ι
500 1448 674 1518 Ἰσχύς
700 1467 800 1520 μου
824 1453 918 1505 καὶ
947 1453 1176 1526 ὖμνησίς
1203 1475 1304 1527 μου
1325 1458 1353 1510 ὁ
1382 1458 1605 1529 Κύριος.
1634 1478 1653 1510 ι

504 1542 663 1594 Μετὰ
693 1542 1001 1609 προϐάτων
1042 1547 1141 1599 καὶ
1166 1547 1420 1615 μόσχων
1453 1550 1873 1617 πορεύσονται,
1905 1549 2012 1604 τοῦ

434 1629 758 1699 ἐκζητῆσαι
809 1633 917 1687 τὸν
971 1636 1211 1705 Κύριον,
1243 1639 1342 1691 καὶ
1389 1639 1476 1708 μὴ
1504 1639 1762 1707 εὕρωσιν
1790 1641 2015 1693 αὐτόν’

435 1719 523 1773 ὅτι
551 1721 862 1785 ἐξέκλινεν
889 1727 990 1780 ἀπ’
1020 1727 1238 1794 αὐτῶν,
1278 1729 1364 1782 ὅτι
1411 1731 1518 1782 τὸν
1550 1731 1772 1799 Κύριον
1806 1732 2016 1801 ἐγκατ-

435 1812 667 1866 έλιπον·
718 1813 806 1868 ὅτι
835 1817 1015 1870 τέκνα
1038 1819 1325 1887 ἀλλότρια
1349 1821 1763 1889 ἐγεννήθησαν
1786 1820 2012 1888 αὐτοῖς.

2112 633 2278 688 Deum
2318 633 2504 688 docuit
2559 650 2682 689 cum
2722 636 2876 704 dixit,
2931 654 3038 691 non
3087 638 3247 693 aliter
3300 638 3436 707 ipsis
3486 637 3688 692 malum

2112 725 2442 782 inﬁrmitatis
2477 737 2820 791 eventurmn,
2852 730 2953 784 nisi
2985 750 3004 781 ι
3034 731 3156 798 quia
3187 730 3606 786 inﬁrmahuntur
3632 731 3688 786 in

2113 817 2486 886 iniquitatibus
2527 819 2690 872 suis.»
2725 818 2878 876 Utilis
2907 822 3087 891 igitur,
3118 833 3173 876 et
3209 838 3296 876 res
3319 823 3565 890 profecto
3592 823 3692 878 ho-

2112 908 2261 962 noris
2292 907 2603 976 plenissima
2632 911 2806 979 pietas
2830 925 2957 982 erga
2992 911 3182 977 Deum,
3213 912 3368 982 cujus
3392 927 3494 981 ope
3523 913 3687 966 etiam

2112 997 2302 1053 hostes
2329 999 2558 1067 domari,
2598 1011 2651 1054 et
2676 1001 2857 1056 omnia
2892 1001 3006 1056 ﬁeri
3037 1018 3156 1057 cum
3185 1002 3342 1058 laude
3382 1015 3545 1072 atque
3577 1004 3688 1056 vir-

2120 1099 2229 1145 tute
2269 1090 2427 1146 facile
2469 1101 2688 1162 queant.
2716 1107 2780 1146 ac
2824 1107 2985 1148 verus
3017 1103 3102 1148 est
3140 1093 3388 1150 Salvator
3422 1111 3544 1150 cum
3598 1095 3682 1147 di-

2113 1180 2188 1235 cit
2217 1199 2230 1235 :
2261 1199 2279 1233 ι
2321 1181 2450 1236 Sine
2495 1198 2579 1237 me
2612 1182 2744 1237 nihil
2775 1184 3002 1252 poteStis
3028 1183 3206 1238 facere
3241 1187 3340 1240 ³⁸.»
3398 1184 3583 1239 Psallit
3636 1193 3693 1237 et

2116 1264 2285 1321 David
2347 1269 2544 1324 alicubi
2579 1285 2645 1324 ex
2697 1286 2824 1326 vero
2880 1286 3132 1327 sensum
3170 1272 3450 1330 Fortitudo
3473 1284 3526 1328 ct
3577 1273 3692 1329 laus

2115 1371 2234 1412 mea
2276 1358 2534 1416 Dominus
2550 1361 2614 1414 ³⁷.
2631 1381 2650 1412 ›

2183 1533 2294 1604 85
2330 1533 2495 1593 Vens.
2535 1539 2587 1602 (ί,
2624 1539 2676 1594 7.
2709 1539 2842 1595 Cum
2874 1542 3054 1594 ovibus
3108 1551 3161 1595 et
3211 1542 3388 1596 vim-lis
3441 1542 3604 1604 ibunt,
3638 1551 3691 1593 ut

2113 1637 2352 1696 quierant
2402 1629 2704 1696 Dominum,
2727 1643 2775 1686 et
2830 1649 2937 1686 non
2985 1633 3238 1687 invenient
3260 1649 3418 1697 eum;
3461 1633 3692 1686 declina-

2117 1717 2188 1771 vit
2241 1721 2378 1772 enim
2427 1721 2490 1773 ab
2544 1722 2672 1784 illis.
2719 1723 2842 1794 quia
2901 1723 3181 1778 Dominum
3237 1726 3575 1793 reliquerunt,
3639 1734 3690 1779 et

2115 1807 2216 1875 ﬁlii
2243 1809 2405 1863 alieni
2450 1814 2562 1865 nati
2596 1814 2924 1870 sunt.Nunc
2972 1817 3238 1870 devoravit
3264 1832 3349 1869 eos
3395 1815 3600 1886 rubigo,
3643 1825 3691 1871 ct

437 1899 566 1953 Νῦν
591 1903 986 1972 καταράγετιιι
1031 1908 1254 1972 αὐτοὺς
1295 1911 1333 1976 ἡ
1386 1909 1633 1978 ἑρυσίϐη
1660 1951 1673 1972 ,
1739 1909 1838 1963 καὶ
1873 1911 2018 1977 τοὺς
2049 1911 2089 1964 Β
2117 1911 2282 1954 δονιεδ
2327 1903 2526 1956 eorum-

438 1990 703 2058 κλήρους
739 1992 956 2049 αὐτῶν.

508 2083 635 2136 NE'.
677 2085 899 2156 Ἀληθὲς
951 2089 1146 2159 ὁρᾶται
1201 2089 1289 2143 διὰ
1344 2092 1719 2163 πραγμάτων,
1757 2093 1836 2147 ὅτι
1876 2091 2021 2146 καθά

440 2189 605 2242 φησιν
633 2173 968 2240 ὁθεσπέσιος
1021 2178 1256 2245 Παῦλος,
1296 2181 1557 2235 ἀδύνατον
1611 2179 1752 2253 αἷμα
1793 2181 2011 2253 ταύρων

440 2265 537 2318 καὶ
562 2267 779 2337 τράγων
812 2269 1031 2336 ἀφελεῖν
1084 2271 1384 2342 ἁμαρτίας,
1419 2274 1513 2326 καὶ
1551 2272 1696 2326 ἐστιν
1725 2273 2021 2344 ἀπρόσιτος

440 2357 531 2410 διὰ
555 2358 720 2428 νόμου
753 2360 904 2424 Θεὸς.
938 2361 1121 2432 Νὸμον
1161 2363 1216 2416 δέ
1246 2381 1409 2434 φημι,
1442 2365 1538 2434 τὴν
1569 2365 1709 2418 κατά
1733 2365 1899 2436 νόμον
1925 2364 2021 2417 λα-

440 2449 651 2519 τρείαν,
695 2449 792 2520 τὴν
831 2450 898 2503 δι’
953 2453 1200 2521 αἱμάτων
1240 2454 1335 2507 καὶ
1399 2447 1618 2510 θυσιῶν.
1669 2455 1876 2510 Οὐκοῦν
1916 2453 2021 2506 κᾶν

442 2540 770 2610 προσάγοιεν
797 2541 847 2592 οἱ
879 2541 936 2605 ἐξ
981 2541 1194 2612 Ἰσραὴλ
1249 2542 1318 2595 τὰ
1371 2545 1736 2614 νενομισμένα
1770 2544 2017 2616 θύματα,

440 2631 553 2684 τῶν
586 2631 816 2695 ἀνοσίως
872 2634 1055 2698 αὐτοῖς
1105 2635 1486 2705 ὲπταισμένων
1551 2636 1887 2702 ἐξαιτοῦντες
1924 2637 2022 2709 τὴν

443 2728 658 2797 ἄφεσιν,
695 2729 860 2800 ἤγουν
892 2729 990 2798 τὴν
1043 2731 1178 2800 πρὸς
1201 2730 1292 2783 τὸν
1321 2731 1456 2784 Θεὸν
1488 2731 1776 2802 ζητοῦντες
1808 2733 2022 2785 οἰκείω-

446 2837 552 2885 σιν,
586 2821 687 2873 οὐκ
717 2819 782 2873 ἂν
810 2821 1101 2889 ὲφίκοιντο,
1145 2822 1330 2890 φησιν,
1365 2821 1474 2873 οὐδ’
1506 2821 1572 2876 ἂν
1596 2823 1914 2887 ὲξανύσειαν
1961 2825 2024 2876 τὸ

445 2912 722 2982 εὑρίσκειν
775 2911 1032 2968 δύνασθαι
1088 2913 1180 2966 τὸν
1215 2913 1368 2976 Θεὸν,
1405 2913 1520 2967 ἀλλ’
1547 2913 1655 2966 οὐδ’
1695 2913 1761 2967 ἂν
1814 2915 2025 2983 γένοιτο

446 3001 705 3071 προσιτὸς
727 3004 840 3066 τοῖς
860 3001 1004 3055 οῦτω
1034 3003 1552 3072 μεταγινώσκουσιν.
1576 3005 1902 3076 Εὐρίσκεται
1918 3006 2026 3080 γὰρ

445 3094 536 3147 διὰ
568 3095 737 3164 μόνης
785 3095 885 3163 τῆς
927 3097 984 3148 ἐν
1035 3096 1254 3166 Χριστῷ
1284 3096 1449 3166 ζωῆς,
1489 3091 1558 3168 ἧς
1605 3098 1670 3151 ἂν
1698 3100 1867 3150 νοοῖτο
1897 3116 2028 3169 προ-

446 3183 666 3254 εισϐολὴ
692 3183 750 3236 τὸ
792 3184 944 3254 ῥῆμα
981 3186 1078 3254 τῆς
1108 3185 1364 3248 πίστεως,
1393 3187 1489 3240 καὶ
1511 3187 1734 3257 προσέτι
1768 3187 1941 3258 τούτῳ
1968 3188 2028 3241 τὸ

2191 2084 2299 2139 [Ν.
2329 2084 2436 2140 Res
2458 2085 2573 2156 ipsa
2603 2087 2919 2157 comprobat
2953 2089 3094 2156 quod
3125 2088 3342 2142 divinus
3375 2087 3570 2142 l‘aulns
3596 2087 3694 2154 ait,

2121 2176 2437 2247 sanguinem
2483 2187 2758 2230 taurorum
2802 2187 2894 2231 aut
2926 2177 3198 2232 hircorum
3231 2177 3446 2231 abolere
3477 2184 3693 2247 peccata

2122 2285 2226 2324 non
2272 2283 2431 2338 posse
2454 2268 2519 2333 ³⁸,
2553 2279 2607 2323 et
2634 2283 2730 2338 per
2765 2269 2932 2338 legem
2970 2284 3246 2323 accessum
3288 2269 3354 2321 ad
3389 2269 3553 2321 Deum
3587 2282 3693 2321 non

2123 2363 2276 2427 dari,
2323 2362 2492 2431 legem
2526 2371 2704 2415 autem
2751 2364 2872 2416 dico
2919 2362 3121 2416 cultum
3173 2360 3466 2415 secundum
3501 2360 3693 2427 legem,

2122 2467 2219 2522 per
2278 2453 2568 2520 sanguines
2607 2460 2663 2505 et
2714 2450 3004 2505 sacriﬁcia.
3043 2449 3250 2520 Itaque,
3283 2450 3404 2504 licet
3467 2448 3698 2503 olferant

2121 2543 2376 2598 lsraelitte
2414 2543 2616 2597 hostias
2649 2541 2933 2610 legitimas,
2968 2541 3226 2595 scelerate
3271 2539 3534 2594 factorum
3579 2555 3699 2592 suo-

2123 2652 2242 2691 rum
2286 2636 2730 2690 condonationem
2784 2643 3065 2703 petentes,
3101 2634 3215 2689 sive
3265 2632 3697 2701 conjunctiouem

2124 2745 2248 2782 cum
2299 2727 2406 2782 Deo
2444 2739 2499 2782 et
2540 2727 2832 2781 amicitiam
2881 2739 3204 2796 quwrcntes,
3235 2742 3339 2780 non
3386 2741 3504 2780 eam
3547 2739 3697 2778 asse-

2124 2829 2389 2888 quentur,
2420 2820 2620 2889 inquit,
2666 2834 2837 2888 neque
2894 2819 3174 2888 proﬁcient
3229 2818 3296 2870 ad
3339 2816 3506 2871 Deum
3555 2817 3702 2870 inve-

2128 2911 2405 2972 niendnm,
2435 2899 2618 2980 neque
2666 2910 2756 2963 tali
2803 2911 2964 2964 modo
2992 2907 3381 2978 paenitentibus
3405 2906 3584 2960 aditus
3633 2905 3700 2956 ad

2126 3023 2250 3061 eum
2281 3007 2503 3075 patebit.
2546 3004 2648 3058 Per
2692 3004 2863 3058 solam
2912 3002 3111 3073 quippe
3174 3001 3339 3054 vitam
3387 2999 3440 3053 in
3485 2997 3704 3053 Christo

2129 3101 2420 3161 invenitur.
2477 3097 2630 3165 cujus
2699 3095 2932 3166 praevius
2981 3097 3260 3165 ingressus
3291 3091 3476 3147 haberi
3526 3099 3706 3160 potest

2131 3193 2350 3244 verbum
2385 3190 2529 3253 ﬁdei,
2578 3197 2782 3242 etcum
2824 3201 2889 3241 eo
2937 3186 3174 3241 salutare
3213 3184 3504 3254 baptisma,
3555 3181 3706 3236 fami-

449 3277 715 3346 σωτήριον
748 3275 1055 3346 βάπτισμα,
1089 3279 1187 3348 τὴν
1223 3279 1280 3332 ἐν
1335 3279 1608 3350 πνεύματι
1636 3280 1772 3352 πρὸς
1793 3280 1924 3334 Θεὸν
1948 3284 2026 3334 οἰ-

2133 3283 2316 3337 liarem
2351 3298 2473 3336 cum
2508 3285 2614 3335 Deo
2650 3280 3087 3348 coniunctionem
3121 3278 3174 3332 in
3215 3277 3420 3346 Spiritu
3447 3274 3702 3331 eﬂiciens.

448 3367 668 3421 κείωσιν
711 3368 1025 3438 προξενοῦν.
1057 3369 1286 3436 Οὐκοῦν,
1308 3371 1409 3424 ούκ
1441 3370 1506 3425 ἂν
1532 3371 1684 3442 εὖροι
1706 3371 1795 3424 τὸν
1827 3371 2030 3443 Κύριον

448 3454 479 3507 ὁ
534 3455 750 3526 Ἰσραὴλ
791 3457 880 3510 διά
932 3475 995 3528 γε
1051 3461 1149 3529 τῆς
1191 3460 1335 3513 κατά
1379 3461 1543 3528 νόμον
1581 3462 1853 3532 λατρείας.
1909 3464 2030 3516 Ἐκ-

449 3547 668 3600 κέκλικε
696 3547 802 3619 γὰρ
828 3550 921 3602 ἀπ’
946 3550 1144 3615 αὐτῶν,
1170 3552 1250 3604 ὅτι
1281 3552 1375 3605 καὶ
1397 3553 1550 3607 αὐτοὶ
1579 3554 2029 3610 καταλελοίπασιν

450 3637 631 3701 αὑτὸν,
655 3640 1041 3710 ἀποπηδῶντες
1085 3642 1337 3696 τοσοῦτον
1355 3684 1370 3705 ,
1417 3643 1494 3708 ὡς
1524 3643 1617 3698 καὶ
1645 3645 1848 3698 τέκνων
1875 3645 2030 3699 ἀλλο-

451 3727 620 3798 τρίων
670 3729 923 3796 γενέσθαι
981 3733 1238 3804 πατέρες.
1299 3753 1318 3785 ι
1361 3733 1639 3807 Ἀλλότρια
1697 3736 1754 3789 δὲ
1806 3738 1973 3792 τέκνα
2006 3759 2024 3791 ι

453 3818 606 3890 φησὶ,
634 3821 702 3874 τά
726 3815 836 3875 οἷον
863 3825 926 3876 ὲκ
969 3825 1202 3895 μήτρας,
1230 3827 1323 3879 καὶ
1353 3826 1413 3890 ἐξ
1440 3826 1618 3880 αὐτῶν
1651 3827 1758 3880 τῶν
1777 3830 2029 3900 σπαργά-

452 3926 587 3975 νων,
621 3914 741 3975 ταῖς
794 3911 903 3965 τῶν
955 3913 1188 3970 εἰδώλων
1229 3917 1564 3987 ἀνακείμενα
1613 3918 1814 3986 δόξαις,
1860 3937 2031 3990 προσ-

453 4005 698 4074 αγόντων
721 4007 860 4078 τάχα
888 4026 990 4062 που
1019 4013 1130 4073 τοῖς
1154 4009 1450 4080 δαιμονίοις
1471 4012 1536 4066 τὰ
1561 4014 1909 4084 χαριστήρια.
1939 4015 2034 4068 καὶ

451 4099 551 4160 τὰς
580 4100 672 4153 ἐπὶ
697 4104 815 4164 ταῖς
831 4101 984 4154 ὠδῖσι
1013 4102 1221 4171 θυσίας,
1239 4105 1348 4158 τῶν
1365 4105 1842 4179 γεγεν[ν]ηκότων.
1857 4108 2034 4162 Τέκνα

453 4194 631 4247 τοίνυν
658 4194 936 4266 ἀλλότρια,
965 4199 1034 4251 τὰ
1067 4198 1141 4269 μὴ
1169 4200 1226 4252 ἐν
1267 4199 1386 4270 Θεῷ
1411 4218 1425 4231 ο
1456 4200 1490 4270 ἢ
1532 4201 1654 4252 καθ’
1695 4201 1881 4272 ἕτερον
1911 4201 2036 4272 τρό-

454 4303 576 4351 πον,
599 4287 668 4340 τά
698 4288 763 4340 ἐκ
792 4289 1064 4356 γυναικῶν
1119 4290 1442 4360 ἀλλογενῶν.
1487 4293 1884 4363 Ἐπεμίγνυντο
1927 4294 2034 4364 γὰρ

455 4379 873 4448 ἀπερισκέπτως
895 4384 940 4434 οἱ
968 4383 1027 4449 ἐξ
1056 4384 1274 4456 Ἰσραὴλ
1299 4387 1420 4448 ταῖς
1446 4385 1555 4438 τῶν
1576 4384 1748 4438 ἐθνῶν
1769 4385 2037 4458 θυγατρά-

458 4487 562 4533 σιν,
599 4471 1112 4545 εἰδωλολατρούσαις
1155 4477 1256 4541 ἔτι,
1289 4477 1463 4530 καίτοι
1504 4476 1598 4531 τοῦ
1641 4478 1806 4549 νόμου
1853 4478 2036 4547 λέγον⁴

455 4577 547 4623 τος
587 4562 833 4634 ἐναργῶς
862 4565 943 4628 τὸ,
973 4566 1047 4637 μὴ
1075 4565 1183 4619 δεῖν
1231 4567 1598 4621 συνάπτεσθαι
1629 4567 1882 4639 γαμικῶς
1918 4571 2032 4633 τοῖς

455 4652 787 4722 άλλογενέσι.
835 4675 853 4707 ι
885 4657 996 4729 Τὴν
1053 4659 1326 4731 θυγατέρα
1380 4677 1472 4714 σου
1529 4661 1668 4733 γάρ,
1731 4661 1931 4731 φησὶν,
1974 4663 2034 4714 οὐ

454 4745 648 4811 δώσεις
679 4747 757 4818 τῷ
790 4749 892 4820 υίῷ
912 4751 1100 4812 αὑτοῦ,
1157 4753 1251 4806 καὶ
1304 4753 1404 4825 τὴν
1451 4753 1730 4825 θυγατέρα
1772 4753 1939 4807 αὐτοῦ
1973 4755 2032 4806 ού

456 4835 602 4907 λήψῃ
631 4837 709 4908 τῷ
746 4838 847 4910 υἱῷ
880 4857 974 4893 σου
1000 4854 1015 4868 ⁸
1057 4842 1339 4914 ἀποστήσῃ
1375 4843 1484 4914 γάρ
1508 4843 1599 4896 τὸν
1646 4843 1760 4896 υἱόν
1811 4861 1906 4896 σου
1937 4845 2036 4897 ἀπ’

457 4929 614 4999 ἐμοῦ,
632 4932 726 4983 καὶ
743 4933 1029 5002 πορευθεὶς
1045 4933 1330 5007 λατρεύσει
1363 4936 1503 4998 θεοῖς
1529 4936 1756 5004 ἑτέροις.
1772 4955 1790 4987 ι
1820 4936 2038 5008 Ἐπειδὴ

457 5020 630 5073 ταῦτα
650 5022 961 5095 δεδράκασι,
995 5045 1013 5075 ι
1039 5027 1427 5096 Καταφάγεται
1455 5028 1653 5091 αὐτοὺς
1679 5029 1711 5099 ἡ
1737 5029 1989 5100 ὲρυσίὸη.
2017 5049 2035 5080 ι

461 5116 724 5186 Σημαίνει
773 5117 828 5169 δὲ
881 5119 1044 5172 πάλιν
1091 5120 1507 5190 αἰνιγματωδῶς
1564 5121 1652 5174 διὰ
1692 5120 1884 5174 τούτου
1939 5122 2039 5192 τὴν

463 5206 726 5278 ἐσομένην
754 5209 936 5272 αὐτοῖς
976 5209 1215 5264 κάκωσίν
1264 5229 1323 5264 τε
1377 5212 1471 5264 καὶ
1505 5211 1705 5282 βλάϐην
1726 5213 1792 5264 ἐκ
1819 5213 1919 5282 τῆς
1946 5211 2040 5264 τοῦ

463 5293 703 5366 πολέμου
734 5297 1059 5368 προσϐολῆς,
1085 5300 1186 5352 οὐκ
1215 5302 1483 5365 ἀνικάνως
1513 5303 1742 5372 ἐχούσης
1777 5303 2042 5373 ὲρυσίὸης

462 5385 619 5449 δίκην
673 5389 930 5456 ἀφανίσαι
980 5390 1166 5455 δεινῶς
1215 5394 1409 5457 αύτούς
1452 5412 1510 5446 τε
1573 5395 1668 5448 καὶ
1721 5395 1790 5448 τὰ
1829 5395 2037 5448 αὐτῶν·

462 5477 624 5530 τοῦτο
653 5479 760 5550 γὰρ
799 5482 846 5533 οἱ
899 5481 1109 5553 κλῆροι.
1143 5484 1264 5537 ’Ὁτι
1307 5485 1363 5537 δὲ
1399 5487 1472 5556 μὴ
1502 5489 1582 5550 είς
1609 5486 1900 5556 ὑπέρθεσιν
1950 5486 2045 5538 καὶ

464 5575 756 5646 ἀνακωχὴν
788 5577 817 5628 6
861 5577 1115 5647 πόλεμος,
1165 5578 1280 5631 ἀλλ’
1325 5578 1488 5640 εὐθὺς
1536 5579 1627 5631 καὶ
1694 5577 2002 5639 καταπόδας
2026 5615 2041 5641 ,

467 5666 958 5739 πεπληροφόρηκεν
992 5668 1181 5722 εἰπών’
1249 5689 1266 5722 ι
1298 5669 1410 5722 Νῦν
1442 5670 1819 5739 καταφάγεται
1849 5669 2047 5730 αὐτοὺς

541 5854 585 5888 ³⁵
616 5850 772 5912 Ξοίιιι.
803 5870 889 5923 xv,
925 5855 976 5908 5.
1060 5857 1098 5886 ³³
1136 5856 1254 5910 l’sal
1309 5873 1473 5919 (mu,
1514 5857 1592 5909 ll.

2131 3375 2310 3442 Quare
2349 3374 2511 3429 Israel
2562 3373 2843 3426 Dominqu
2891 3386 2986 3440 per
3018 3369 3152 3438 legis
3191 3367 3548 3424 ca‘remonias
3599 3380 3705 3420 non

2133 3469 2408 3525 inveniet:
2442 3466 2731 3520 declinavit
2774 3465 2916 3518 enim
2951 3463 3020 3517 ab
3046 3462 3194 3533 ipsis,
3238 3460 3494 3530 quoniam
3533 3467 3586 3514 et
3609 3459 3707 3528 ipsi

2131 3559 2527 3629 dereliquerunt
2555 3572 2701 3620 eum,
2743 3571 2912 3625 usque
2937 3556 3070 3609 adeo
3110 3554 3438 3614 resilientes,
3465 3561 3524 3604 ut
3553 3560 3607 3604 et
3645 3549 3706 3602 ﬁ-

2132 3650 2325 3705 liorum
2371 3649 2669 3703 alienorum
2709 3655 2892 3716 patres
2940 3645 3149 3699 ﬁerent.
3205 3665 3223 3695 c
3266 3644 3480 3697 Alienos
3513 3641 3654 3696 ﬁlios
3685 3658 3705 3691 ι

2132 3741 2396 3805 nominat,
2421 3741 2510 3809 qui
2555 3739 2708 3808 quasi
2748 3754 2813 3790 ex
2867 3746 3022 3790 utero
3068 3735 3217 3790 etab
3253 3734 3383 3804 ipsis
3433 3731 3713 3786 cunabulis

2132 3831 2302 3887 cultui
2350 3831 2610 3887 idolorum
2665 3828 2864 3884 addicti
2922 3838 3082 3894 sunt,
3137 3826 3448 3897 parentibus
3489 3825 3710 3879 forsitan

2132 3938 2226 3978 eos
2283 3923 2613 3977 daemonibus
2659 3937 2754 3992 pro
2808 3936 3031 3975 munere
3083 3919 3411 3988 gratiarum.
3445 3918 3584 3972 etin
3619 3930 3712 3969 sa-

2139 4013 2400 4068 erilicium
2441 4029 2537 4083 pro
2565 4012 2702 4066 felici
2751 4022 2905 4082 partu
2933 4010 3153 4064 obteuto
3199 4006 3579 4069 oll'erentibus;
3617 4010 3713 4055 aut

2135 4103 2330 4168 aliter,
2371 4105 2460 4172 qui
2518 4104 2625 4156 nati
2693 4112 2819 4157 sunt
2879 4117 2942 4154 ex
3003 4097 3314 4152 mulieribus
3370 4094 3706 4165 alienigenis.

2133 4196 2283 4250 Citra
2332 4195 2497 4248 ullmn
2542 4195 2738 4264 quippe
2777 4192 3035 4262 pudorem
3082 4191 3173 4260 qui
3213 4189 3278 4242 de
3318 4187 3477 4242 lsrael
3530 4194 3711 4246 erant,

2137 4307 2257 4347 cum
2323 4292 2560 4361 gentium
2627 4289 2838 4342 ﬁliabus
2893 4288 3190 4342 etiamnum
3226 4282 3368 4336 idola
3411 4279 3715 4333 colentibus

2137 4395 2363 4446 corpora
2412 4378 2762 4447 copulabant,
2796 4375 3007 4430 tametsi
3039 4375 3120 4428 lex
3151 4371 3456 4441 huiusmodi
3501 4369 3716 4438 nuptias

2137 4487 2392 4541 expresse
2418 4481 2646 4525 vetaret.
2683 4470 2773 4523 Ait
2802 4469 2944 4522 enim
2974 4485 2987 4519 :
3024 4486 3041 4518 ‹
3077 4465 3269 4519 Filiam
3304 4473 3449 4516 tuam
3487 4476 3591 4514 non
3620 4460 3718 4511 da-

2140 4564 2224 4618 bis
2275 4564 2384 4618 lilio
2419 4563 2555 4630 ejus,
2584 4573 2636 4616 et
2675 4562 2834 4615 ﬁliam
2869 4563 2985 4632 ejus
3013 4577 3117 4615 non
3154 4557 3386 4626 accipies
3431 4554 3538 4607 lilio
3582 4563 3713 4605 tuo:

2142 4664 2348 4708 avertet
2368 4656 2510 4707 enim
2556 4654 2720 4706 tilium
2777 4665 2924 4706 tuum
2961 4668 2990 4706 a
3023 4667 3108 4705 me
3132 4693 3147 4717 ,
3183 4661 3238 4704 et
3272 4648 3468 4702 vadens
3520 4645 3720 4699 serviet

2141 4748 2244 4800 diis
2280 4747 2468 4800 alienis
2498 4746 2564 4798 ⁵³.
2591 4767 2606 4798 ι
2637 4746 2902 4811 Quoniam
2932 4754 3112 4798 autem
3141 4743 3255 4796 haec
3282 4740 3549 4802 fecerunt,
3574 4755 3592 4787 ι
3632 4737 3722 4788 de—

2139 4839 2353 4893 vorabit
2387 4854 2478 4892 eos
2511 4839 2752 4908 rubigo.»
2798 4837 2899 4890 Per
2925 4837 3063 4904 quod
3090 4844 3148 4887 ut
3172 4835 3224 4887 in
3248 4832 3533 4902 aenigmate
3560 4829 3722 4896 signi-

2143 4933 2288 4994 licat,
2322 4948 2480 5000 quam
2533 4929 2875 4984 alllictionem
2917 4930 3284 4995 damnumque
3330 4920 3558 4977 subituri
3611 4919 3721 4971 sint

2142 5040 2207 5078 ex
2243 5025 2598 5094 impressione
2656 5023 2862 5086 hostili,
2909 5021 3065 5089 cujus
3112 5034 3215 5071 non
3267 5016 3443 5068 miuor
3484 5012 3568 5066 vis
3617 5009 3722 5065 erit

2147 5133 2308 5185 quam
2355 5117 2614 5186 rubiginis
2644 5116 2709 5168 ad
2745 5116 2914 5181 ipsos,
2944 5123 2998 5168 et
3047 5128 3165 5180 quae
3215 5111 3453 5178 ipsorum
3476 5115 3604 5160 sunt
3627 5105 3723 5159 mi-

2148 5225 2267 5263 sere
2293 5208 2645 5278 disperdenda
2673 5225 2686 5260 :
2721 5208 2821 5260 hoc
2855 5208 2995 5260 enim
3027 5214 3152 5258 sunt
3188 5202 3340 5263 cleri,
3373 5201 3484 5254 sive
3509 5210 3706 5253 sortes.

2150 5302 2300 5368 Quod
2345 5317 2468 5354 vero
2511 5301 2710 5355 belhun
2755 5300 2890 5353 citra
2946 5295 3484 5366 procrastinationem
3536 5299 3590 5345 et
3636 5292 3721 5344 in-

2149 5394 2336 5448 dncias
2383 5393 2435 5447 in
2481 5393 2706 5462 vestigio
2757 5394 2858 5456 sit,
2911 5398 3060 5443 certo
3108 5385 3334 5448 astruit,
3377 5398 3496 5437 cum
3551 5383 3713 5436 dicit:

2154 5503 2172 5536 ι
2209 5483 2359 5537 Nunc
2396 5482 2642 5537 comedet
2671 5496 2764 5534 eos
2805 5480 3010 5549 rubigo.
3041 5496 3058 5528 ι
3121 5475 3345 5529 Perinde
3375 5489 3437 5527 ac
3465 5472 3507 5526 si
3533 5472 3675 5526 dicat
3702 5487 3720 5526 :

2159 5575 2332 5630 Verba
2361 5590 2476 5630 tuea
2535 5573 2772 5627 tristium
2817 5569 3148 5640 experientia
3205 5573 3518 5634 sequentur.
3555 5575 3723 5631 prope

2151 5675 2275 5720 sunt
2307 5662 2442 5732 jam,
2464 5671 2520 5719 et
2559 5671 2684 5718 ante
2720 5660 2864 5718 lores
2906 5671 3176 5714 aerumnae.
3201 5655 3314 5728 86
3347 5653 3588 5711 Restabit
3622 5652 3724 5721 igi-

1675 5856 1717 5886 ³⁸
1753 5852 1913 5909 llebr.
1944 5867 2019 5918 lx,
2060 5849 2142 5903 l2.
2222 5850 2263 5881 ³9
2303 5849 2450 5902 Deut.
2489 5860 2581 5908 vtt,
2624 5843 2677 5909 5,
2708 5844 2760 5898 4.
