4110 6368
393 433 495 488 H7

1373 437 1432 494 S.
1472 437 1742 492 CYRILLI
1783 437 2256 496 ALEXANDlllNl
2295 441 2613 498 ARCHIEP.

3534 436 3637 493 MS

389 563 476 607 tur
521 552 683 606 Demn
734 552 1064 618 laedentibus,
1089 565 1149 607 ut
1186 569 1330 616 eum,
1362 556 1608 625 quamvis
1655 566 1956 626 qurereutes

2064 563 2090 630 ἡ
2127 561 2374 631 ἐρυσίῦη.
2417 581 2435 612 ι
2469 563 2690 630 Ὅμοιον
2714 561 2788 623 ὡς
2819 561 2866 612 εἰ
2889 557 3036 627 λέγοι
3062 574 3074 586 ·
3108 555 3352 610 Κατὸπιν
3384 555 3505 626 ἥξει
3532 554 3640 608 τῶν

389 642 631 695 invenire
661 654 950 709 nequeant,
983 644 1218 713 ﬁantque
1248 645 1546 700 alienorum
1588 647 1820 701 ﬁliorum
1862 664 1958 717 pa-

389 744 524 799 tres,
576 735 678 789 hoc
727 744 832 798 est,
866 754 968 790 non
1023 739 1257 792 habeant
1310 739 1518 794 nobiles
1561 749 1615 793 et
1673 757 1959 810 germanos

389 824 619 891 fructus,
645 843 779 896 quos
803 828 975 884 virtus
1027 839 1078 884 et
1105 831 1459 885 sanctimonia
1489 831 1612 886 vitae
1642 832 1958 902 proferunt;

387 926 611 984 pereant
675 925 855 970 autem
911 921 1111 988 potius,
1157 929 1217 974 ut
1277 921 1521 990 rubigine
1572 923 1800 992 quadam
1859 938 1956 978 sua

388 1007 623 1075 ipsorum
660 1008 1006 1068 improbitate
1050 1023 1104 1066 et
1133 1013 1350 1066 miseria
1379 1011 1610 1068 confecti
1654 1023 1813 1083 atque
1837 1031 1960 1070 cou-

388 1100 609 1168 sumpti.
664 1100 728 1153 Et
759 1102 1112 1158 nihilominus
1134 1105 1345 1159 donatae
1385 1121 1413 1158 a
1441 1107 1549 1160 Deo
1580 1117 1754 1161 sortes
1805 1107 1957 1161 dam-

389 1203 456 1241 na
509 1188 797 1257 accipiant,
833 1191 898 1244 de
938 1191 1133 1260 quibus
1157 1203 1212 1247 et
1259 1195 1472 1248 divinus
1526 1196 1686 1249 David
1741 1197 1956 1249 univer-

387 1297 568 1335 sorum
615 1282 877 1337 Salvatori
906 1284 1015 1340 Deo
1045 1288 1224 1340 cauit:
1263 1305 1280 1336 ι
1316 1289 1372 1339 ln
1426 1285 1679 1341 manibus
1719 1288 1824 1341 tuis
1854 1301 1963 1340 sor-

391 1383 469 1427 tes
508 1389 638 1427 mea.-
659 1376 724 1426 ⁸ο.
765 1395 782 1427 ι
829 1377 1019 1432 Omnis
1070 1381 1266 1448 quippe
1321 1395 1439 1431 sors
1493 1391 1548 1432 et
1595 1383 1770 1433 omnis
1837 1395 1961 1448 pars

390 1475 572 1520 nostra
615 1468 662 1519 in
709 1478 971 1537 potestate
1009 1471 1098 1525 Dei
1135 1481 1233 1535 est,
1266 1481 1319 1526 et
1360 1471 1472 1539 ipse
1499 1481 1576 1524 est
1604 1472 1693 1539 qui
1727 1485 1957 1525 coronas

387 1557 678 1610 distribuit.

2064 651 2236 718 λόγων
2272 651 2378 705 τῶν
2429 652 2665 723 ἀνιαρῶν
2706 653 2740 720 ή
2792 653 2954 721 πεῖρα
2987 667 3000 679 ·
3052 649 3218 717 ἐγγὺς
3276 647 3375 718 ἤδη
3420 647 3511 699 καὶ
3550 645 3642 698 ἐπὶ

2068 743 2260 814 θήραις
2290 746 2322 815 ἡ
2356 744 2632 814 συμφορά.
2683 742 2976 813 Περιέσται
3008 738 3072 810 δὴ
3118 735 3213 792 οὖν
3263 740 3378 800 τοῖς
3410 735 3641 788 λυποῦσι

2066 835 2220 899 Θεὸν,
2265 837 2327 888 τὸ
2387 837 2523 906 μήτε
2571 835 2848 905 εὑρίσκειν
2913 833 3078 885 αὑτὸν
3125 829 3406 891 δύνασθαι,
3459 826 3564 880 κᾶν
3593 827 3641 879 εί

2065 925 2270 979 ἕλοιντο
2316 925 2518 997 ζητεῖι,
2561 924 2814 993 γενέσθαι
2855 925 2913 978 δὲ
2966 923 3060 977 καὶ
3105 922 3314 974 τέκνων
3346 917 3642 988 ἀλλοτρίων

2063 1008 2342 1088 πατέρας,
2394 1018 2710 1082 τουτέστιν,
2764 1017 2864 1069 οὐκ
2916 1017 3154 1084 εὐγενεῖς
3222 1013 3314 1066 καὶ
3386 1007 3642 1078 γνησίους

2065 1109 2209 1178 ἔχειν
2248 1109 2490 1179 καρποὺς
2515 1099 2688 1178 (οὗτοι
2706 1107 2752 1159 δ’
2781 1105 2845 1160 ἂν
2875 1101 2986 1159 εἶεν
3023 1106 3070 1157 oi
3113 1104 3172 1167 ἐξ
3202 1100 3404 1173 ἀρετῆς
3429 1116 3489 1151 τε
3549 1097 3643 1148 καὶ

2063 1200 2220 1267 ἁγίας
2248 1196 2411 1268 ζωῆς)
2438 1214 2450 1225 ·
2484 1197 2854 1251 ἀπολέσθαιδέ
2883 1195 3104 1267 μᾶλλον,
3129 1192 3381 1261 καθάπερ
3411 1187 3638 1260 ἐρυσίϐῃ

2066 1291 2173 1344 τινὶ
2217 1294 2282 1360 τῇ
2343 1289 2492 1359 σφῶν
2520 1290 2698 1343 αὐτῶν
2757 1287 3255 1360 περιθραυομένους
3326 1282 3492 1353 κακίᾳ
3547 1281 3641 1332 καὶ

2067 1382 2478 1454 ἀθλιότητι,καὶ
2505 1381 2727 1452 προσέτι
2754 1379 3069 1442 τούτοιςκαὶ
3091 1379 3285 1440 αὐτοὺς
3315 1372 3639 1445 ζημιοῦσθαι

2065 1473 2190 1535 τοὺς
2236 1471 2386 1542 παρὰ
2426 1471 2559 1523 Θεοῦ
2593 1471 2848 1542 κλήρους.
2879 1470 3014 1541 Περὶ
3068 1462 3142 1522 ὧν
3178 1468 3272 1520 καὶ
3303 1469 3330 1518 ὁ
3359 1463 3640 1524 θεσπέσιος

2063 1565 2253 1632 ψάλλει
2306 1564 2491 1626 Δαϐἰδ,
2547 1563 2684 1634 πρὸς
2714 1563 2806 1614 τὸν
2844 1561 2952 1614 τῶν
2998 1563 3134 1615 ὅλων
3189 1559 3416 1628 Σωτῆρα
3467 1553 3637 1608 Θεόν’

393 1670 411 1702 ι
449 1651 535 1703 Ἐν
562 1652 678 1713 ταῖς
720 1651 873 1720 χερσί
931 1669 1022 1704 σου
1077 1653 1127 1704 οἱ
1187 1654 1378 1725 κλῆροί
1414 1672 1536 1724 μου.
1574 1674 1592 1706 ι
1651 1655 1832 1716 ’Ἅπας
1881 1655 1989 1726 γὰρ
2027 1657 2183 1726 ἡμῶν
2219 1657 2440 1728 κλῆρος,
2505 1658 2599 1709 καὶ
2628 1659 2776 1710 πᾶσα
2811 1657 2966 1726 μερὶς
3000 1656 3057 1706 ἐν
3092 1651 3309 1721 ἐξουσίᾳ
3347 1646 3502 1712 Θεοῦ,
3547 1645 3643 1699 καὶ

386 1744 547 1807 αὐτός
579 1746 723 1797 ἐστιν
745 1746 772 1797 ὁ
804 1747 912 1797 τῶν
937 1746 1213 1815 στεφάνων
1247 1747 1552 1817 διανομεύς.

459 1836 620 1890 Vsus.
651 1836 704 1897 8,
747 1837 799 1891 9.
834 1835 1074 1906 Claugite
1107 1838 1230 1891 tuba
1265 1855 1419 1906 super
1449 1839 1624 1900 colles,
1655 1847 1837 1891 sonate
1867 1854 1957 1891 su-

2132 1837 2475 1889 Σαλπίσατε
2491 1833 2776 1902 σάλπιγγι
2790 1832 2887 1885 ἐπὶ
2905 1831 3038 1895 τοὺς
3063 1828 3348 1894 βουνοὺς,
3371 1828 3643 1898 ήχήσατε

385 1941 478 1994 per
521 1925 753 1990 excelsis,
815 1928 1095 1994 pra-dicate
1146 1927 1199 1979 in
1245 1929 1396 1980 domo
1447 1925 1541 1989 ὢν,
1603 1927 1776 1980 Mente
1821 1929 1957 1980 exci-

387 2017 466 2068 dit
508 2015 807 2085 Benjamin,
840 2017 1087 2087 Epitraim
1123 2019 1174 2070 in
1202 2018 1574 2072 desolationem
1631 2019 1803 2087 factus
1859 2028 1954 2071 est.

387 2107 456 2160 In
509 2108 688 2161 diebus
744 2111 1082 2177 correptionis
1122 2110 1173 2160 in
1237 2111 1469 2163 tribubus
1509 2109 1683 2163 Israel
1755 2111 1957 2164 ostendi

388 2200 587 2267 ﬁdelia.

461 2290 592 2344 LVI.
627 2290 807 2347 Planis
852 2293 1031 2347 verbis
1067 2293 1266 2347 dictum
1313 2305 1395 2348 est
1425 2309 1608 2362 supra,
1664 2296 1957 2350 detestabi-

389 2383 491 2436 lem
539 2381 824 2437 Jeroboam
854 2398 974 2437 eum
1003 2384 1183 2439 vitulis
1217 2387 1396 2440 aureis
1440 2387 1604 2440 etiam
1646 2387 1781 2441 alios
1808 2402 1961 2456 quos-

388 2473 510 2526 dam
565 2474 877 2528 idololatriae
925 2475 1271 2544 pestiferique
1338 2480 1540 2532 erroris
1596 2481 1781 2533 modos
1819 2481 1958 2548 apud

387 2565 659 2620 lsraelitas
697 2567 1080 2624 introduxisse.
1132 2569 1540 2638 Superstitiosis
1579 2572 1720 2624 enim
1768 2572 1961 2626 ritibus

387 2658 618 2712 (ἷΙΙίιιιιοε
675 2670 728 2713 et
798 2659 1128 2730 Beelphegor
1175 2661 1227 2714 in
1307 2662 1577 2716 montibus
1628 2672 1682 2716 et
1733 2663 1961 2718 collibus

388 2752 489 2804 sub
524 2765 748 2819 quercu,
779 2761 832 2806 et
861 2752 1078 2821 populo,
1117 2761 1172 2806 et
1225 2753 1418 2806 arbore
1451 2753 1702 2807 umbrosa
1737 2769 1959 2808 venera-

387 2841 604 2895 bantur.
641 2841 968 2895 Visebantur
1005 2851 1206 2905 autem,
1248 2853 1307 2896 ut
1336 2845 1479 2907 dixi,
1509 2844 1668 2898 etiam
1698 2845 1750 2898 in
1776 2845 1962 2901 Bethel

387 2943 443 2985 et
481 2933 590 2986 Dan
625 2933 777 2985 vituli
812 2933 982 2986 aurei.
1021 2932 1088 2986 Et
1131 2933 1245 2988 haec
1278 2936 1496 3002 quidem
1543 2933 1760 2989 lsraelis
1803 2936 1963 2990 sedu-

388 3025 497 3078 ctio
540 3023 657 3078 fuit.
686 3023 853 3078 Judas
887 3034 1086 3090 autem,
1113 3023 1226 3079 sive
1273 3025 1574 3096 Benjamin,
1613 3027 1963 3082 nihilominus

389 3116 595 3170 seducti
634 3125 780 3179 sunt,
803 3125 854 3169 et
882 3116 1160 3180 Astarten,
1180 3107 1561 3171 oll‘einliculttni
1617 3118 1960 3173 Sidoniorum

2057 1928 2291 1981 ἐπὶτῶν
2324 1925 2598 1996 ὑψηλῶν,
2631 1924 2926 1992 κηρύξατε
2945 1923 3014 1976 ἐν
3036 1921 3117 1987 τῷ
3135 1923 3279 1987 οἴκῳ
3300 1925 3405 1976 ’Ὧν-
3432 1939 3445 1952 ·
3483 1923 3642 1987 Ἐξὲ-

2059 2037 2174 2086 an;
2197 2019 2494 2087 Βενιαμὶν,
2524 2017 2770 2086 Ἐεσραῒμ
2791 2009 2876 2082 εὶς
2893 2015 3236 2084 ἀφανισμὸν
3261 2013 3514 2084 ἐγένετο.
3547 2016 3644 2069 Ἑν

2059 2109 2304 2176 ἡμέραις
2350 2107 2604 2176 ἐλέγχου
2651 2107 2722 2161 ἐν
2765 2105 2894 2171 ταῖς
2946 2102 3169 2173 φυλαῖς
3228 2102 3335 2157 τοῦ
3396 2104 3642 2174 Ἰσραὴλ

2062 2200 2261 2264 ἔδειξα
2308 2199 2514 2253 πιστά.

2130 2293 2271 2359 NQ".
2303 2291 2632 2362 Προείρηται
2668 2289 2875 2359 σαφῶς,
2909 2290 2990 2342 ὅτι
3044 2290 3180 2360 πρὸς
3212 2293 3330 2353 ταῖς
3378 2290 3642 2361 δαμάλεσι

2060 2387 2177 2448 ταῖς
2207 2389 2432 2456 χρυσαῖς
2463 2386 2557 2438 καὶ
2613 2387 2833 2456 ἐτέρους
2869 2387 2981 2447 τοῖς
3017 2384 3076 2448 ἐξ
3117 2385 3335 2455 Ἰσραὴλ
3363 2386 3643 2440 εἰδωλολαο

2060 2479 2217 2548 τρίας
2256 2479 2475 2548 ὀλέθρου
2506 2496 2564 2530 τε
2596 2478 2691 2530 καὶ
2747 2477 2954 2547 πλάνης
2990 2479 3336 2546 εἰσκεκόμικε
3360 2479 3593 2549 τρόπους
3614 2482 3642 2532 ὁ

2063 2572 2336 2640 ἐπάρατος
2369 2568 2669 2639 Ἱεροϐοάμ.
2710 2569 3072 2638 Ἐθρήσκευον
3099 2570 3209 2639 γὰρ
3259 2572 3316 2622 ἐν
3349 2569 3499 2640 ὄρεσι
3546 2569 3640 2622 καὶ

2065 2664 2269 2731 βουνοῖς
2296 2663 2386 2714 τὸν
2409 2659 2636 2731 Χαμὼς,
2664 2661 2756 2713 τὸν
2791 2660 3134 2730 Βεελφεγὼρ,
3172 2662 3428 2714 ὑποκάτω
3461 2661 3636 2732 δρυὸς,

2064 2754 2156 2805 καὶ
2191 2753 2410 2823 λεύκης,
2451 2753 2543 2805 καὶ
2598 2751 2815 2822 δένδρου
2849 2754 3250 2816 συσκιάζοντος·
3290 2748 3431 2822 ἦσαν
3461 2752 3534 2813 δὲ,
3566 2752 3642 2815 ὡς

2063 2846 2217 2915 ἔφην,
2249 2846 2341 2896 καὶ
2369 2847 2425 2896 ἐν
2451 2843 2651 2914 Βαιθὴλ
2684 2846 2778 2896 καὶ
2812 2849 2866 2896 ἐν
2893 2844 2998 2897 Δάν
3046 2846 3100 2896 αἱ
3132 2847 3329 2914 χρυσαῖ
3358 2844 3637 2914 δαμάλεις.

2076 2938 2213 2990 Ἀλλ’
2239 2938 2332 3007 ἥδε
2359 2937 2456 3007 μὲν
2481 2935 2573 2988 τοῦ
2617 2935 2885 3006 Ἰσραὴλὴ
2929 2934 3210 3003 πλάνησις.
3240 2935 3295 2986 ’0
3325 2934 3381 2987 δέ
3417 2951 3478 3002 γε
3507 2933 3640 2986 Ἰού-

2062 3031 2177 3095 δας,
2215 3031 2382 3100 ἤγουν
2407 3029 2435 3079 ὁ
2465 3027 2747 3096 Βενιαμὶν,
2781 3027 2932 3078 οὐδὲν
2962 3022 3123 3096 ἦττον
3155 3025 3516 3096 πεπλάνηντο,
3547 3025 3641 3077 καί

2064 3119 2458 3190 λελατρεύκασι
2491 3119 2589 3188 μὲν
2618 3121 2684 3188 τῇ
2723 3116 2990 3187 Ἀστάρτῃ
3026 3115 3453 3186 προσοχθίσματι
3481 3114 3641 3168 Σιδω-

389 3206 688 3262 coluerunt.
722 3205 1003 3276 Supplices
1031 3206 1229 3260 fiebant
1265 3217 1521 3276 praeterea
1558 3209 1676 3274 soli,
1703 3213 1845 3278 quod
1875 3224 1959 3263 no-

2068 3215 2215 3265 νίων.
2258 3210 2638 3282 [Ιροσεκύνουν
2675 3210 2732 3262 δέ
2762 3209 2856 3263 καὶ
2887 3209 2964 3279 τῷ
3011 3209 3165 3279 ἡλίῳ,
3199 3209 3293 3260 καὶ
3324 3207 3482 3260 τοῦτο
3511 3209 3640 3276 ἡμῖν

389 3299 472 3355 bis
500 3300 658 3354 etiam
685 3314 777 3367 per
806 3298 1141 3352 Ezccltieletu
1172 3299 1410 3366 liquebit.
1454 3298 1649 3352 Ductus
1679 3310 1763 3352 est
1797 3301 1959 3362 eui-rs,

391 3401 449 3446 ut
473 3393 661 3447 scribit
685 3397 818 3460 ipse,
850 3392 1273 3461 Hierosolymam
1305 3393 1353 3444 iu
1393 3393 1594 3446 visione.
1620 3395 1731 3447 Dei.
1767 3395 1967 3448 Deinde

392 3482 526 3536 vidit
556 3482 923 3551 seductiouem
970 3481 1270 3533 incolarum
1320 3482 1455 3550 ejus.
1487 3503 1503 3531 ι
1543 3483 1658 3534 Vidi
1693 3483 1856 3544 enim,
1883 3485 1963 3536 in-

389 3574 528 3643 quit,
589 3574 740 3641 quasi
795 3573 979 3643 viginti
1037 3573 1274 3640 quinque
1333 3575 1497 3627 viros.
1539 3573 1702 3628 Darsa
1778 3589 1963 3630 eorum

391 3678 576 3722 contra
606 3667 858 3736 templum
901 3666 1131 3731 Domini,
1163 3676 1218 3720 et
1251 3667 1418 3720 iacies
1439 3682 1620 3721 eorum
1659 3675 1868 3727 contra,
1913 3675 1966 3720 et

391 3759 476 3811 isti
499 3759 794 3812 adorabant
819 3758 983 3812 solem
1004 3760 1070 3812 ad
1099 3759 1362 3811 orientem
1394 3757 1493 3810 “.i
1523 3757 1815 3811 Considera
1834 3773 1965 3825 ergo

389 3852 656 3917 quomodo
689 3863 892 3918 pestem
919 3859 973 3905 et
999 3849 1221 3904 exitium
1253 3849 1402 3903 varie
1427 3850 1527 3904 sibi
1558 3850 1962 3917 comparabant,

390 3941 572 3996 multis
621 3943 793 3996 modis
845 3941 1010 3996 Deum
1065 3942 1397 3997 ollendentes
1447 3949 1503 3996 et
1541 3941 1832 3994 irrit-antes.
1864 3939 1964 3992 Vo-

392 4035 562 4088 Ientes
607 4034 765 4100 igitur
793 4034 955 4086 etiam
1006 4034 1057 4087 in
1105 4034 1402 4103 propinqua
1434 4035 1835 4100 exspectatione
1868 4045 1961 4098 po-

389 4128 524 4180 sitos
555 4134 766 4179 vastare
807 4124 1130 4189 Samariam,
1167 4135 1348 4178 etnon
1379 4138 1568 4192 parum
1632 4123 1960 4176 conturbare

391 4217 729 4281 Jerusalem,
778 4217 1064 4286 Assyrios,
1115 4218 1353 4284 inquam,
1405 4225 1459 4268 et
1500 4213 1714 4277 Persas,
1772 4223 1826 4265 et
1860 4212 1960 4265 Da-

391 4324 692 4370 mascenos,
726 4307 890 4378 Syros
943 4309 1106 4378 puta(
1134 4311 1446 4360 invaserunt
1469 4307 1609 4361 enim
1640 4305 1797 4359 ambo
1849 4305 1962 4358 suis

391 4399 741 4466 temporibus,
795 4398 928 4451 alias
976 4398 1078 4450 alia
1132 4398 1379 4451 decausa
1437 4397 1500 4449 ad
1551 4396 1651 4450 hoc
1707 4393 1958 4463 incitati)

391 4488 460 4540 ob
499 4503 702 4540 moram
728 4498 783 4542 et
820 4490 1222 4541 etinctationem
1255 4486 1570 4554 irruptionis
1597 4494 1803 4538 tantum
1854 4500 1957 4536 non

2069 3304 2294 3375 ἐναργὲς
2342 3305 2496 3356 ἔσται
2558 3302 2721 3355 πάλιν
2760 3301 2847 3354 διὰ
2889 3301 3073 3370 φωνῆς
3122 3299 3402 3370 Ἰεζεχιήλ.
3462 3297 3638 3368 Ἥχθη

2069 3398 2167 3465 μὲν
2197 3397 2324 3467 γὰρ,
2349 3395 2423 3458 ὥς
2443 3411 2606 3464 φησιν
2645 3393 2828 3456 αὐτὸς,
2853 3395 2932 3454 εἰς
2975 3392 3342 3461 Ἱεροσόλυμα,
3374 3391 3430 3442 ὲν
3452 3389 3641 3461 ὁράσει

2066 3488 2220 3541 Θεοῦ.
2249 3483 2379 3539 Εἶτα
2409 3486 2662 3538 τεθέαται
2715 3484 2815 3553 τὴν
2874 3482 2983 3535 τῶν
3027 3484 3377 3534 ἐνοικούντων
3408 3481 3637 3552 πλάνην.

2072 3598 2089 3628 ι
2125 3575 2278 3632 Εἶδον
2311 3577 2439 3648 γὰρ,
2471 3577 2654 3646 φησὶν,
2691 3575 2766 3637 ὡς
2793 3574 2964 3626 εἴκοσι
2993 3574 3086 3626 καὶ
3120 3574 3278 3626 πέντε
3317 3573 3516 3644 ἄνδρας
3537 3613 3551 3636 ,
3572 3570 3641 3625 τὰ

2065 3668 2286 3720 ὀπίσθια
2316 3667 2494 3719 αὐτῶν
2527 3665 2662 3735 πρὸς
2695 3665 2785 3718 τὸν
2825 3663 2950 3716 ναὸν
2976 3663 3206 3733 Κυρίου,
3234 3664 3327 3717 καὶ
3360 3664 3429 3718 τὰ
3469 3664 3639 3734 πρόσ-

2067 3773 2192 3809 ωπα
2228 3754 2408 3807 αὐτῶν
2442 3753 2722 3819 ἀπέναντι,
2768 3754 2861 3807 καὶ
2926 3746 3069 3806 οὗτοι
3103 3754 3471 3823 προσεκύνουν
3499 3753 3640 3807 κατὰ

2066 3847 2330 3910 ἀνατολὰς
2359 3847 2436 3916 τῷ
2457 3846 2610 3917 ἡλίῳ.
2652 3866 2669 3898 ι
2712 3847 2904 3916 Ἀθρει
2938 3848 3001 3918 δὴ
3025 3844 3116 3901 οὖν
3145 3849 3293 3910 ὅπως
3325 3847 3641 3918 ἐμερίζοντο

2065 3941 2162 4008 τὴν
2187 3939 2482 4002 ἀπώλειαν,
2502 3939 2643 3992 κατὰ
2665 3938 2891 4001 πολλοὺς
2925 3939 3357 4010 προσκρούοντες
3385 3941 3636 4009 τρόπους,

2066 4035 2158 4087 καὶ
2187 4031 2478 4093 λυποῦντες
2501 4031 2653 4084 Θεόν.
2691 4032 2896 4084 Οὐκοῦν
2921 4034 3032 4094 τοῖς
3049 4030 3352 4102 καταδῃοῦν
3376 4031 3637 4096 ἐθέλουσι,

2064 4128 2156 4181 καὶ
2189 4127 2311 4178 ὅσον
2361 4125 2572 4177 οὐδέπω
2620 4124 3106 4194 προσδοκωμένοις,
3139 4123 3236 4194 τὴν
3292 4124 3638 4193 Σαμάρειαν,

2064 4216 2157 4268 καὶ
2190 4215 2437 4284 θορυϐεῖν
2463 4215 2523 4266 ού
2557 4215 2792 4285 μετρίως
2836 4213 3086 4284 μέλλουσι
3124 4213 3220 4283 τὴν
3262 4212 3636 4284 Ἰερουσαλὴμ,

2075 4309 2379 4379 Ἀσσυρίοις
2406 4326 2462 4360 τε
2503 4307 2665 4378 φημὶ,
2696 4308 2790 4359 καὶ
2833 4307 3099 4376 Πέρσαις,
3128 4305 3222 4357 καὶ
3260 4307 3371 4366 τοῖς
3405 4303 3511 4357 ἀπὸ
3535 4308 3639 4355 Δα-

2067 4399 2298 4470 μασκοῦ,
2332 4400 2472 4468 φημὶ
2498 4397 2583 4466 δὴ,
2617 4399 2730 4460 τοῖς
2763 4395 2953 4467 Σύροις
2986 4395 3188 4466 (ἔθεντο
3208 4395 3315 4468 γὰρ
3340 4394 3638 4464 ἀμφότεροι

2063 4489 2205 4542 κατά
2231 4490 2476 4558 καιροὺς,
2509 4487 2655 4540 ἄλλοι
2685 4503 2744 4538 τε
2793 4487 2966 4549 ἄλλως
3015 4487 3093 4548 εἰς
3122 4485 3278 4538 τοῦτο
3325 4484 3641 4556 παραθηγὸ-

387 4579 654 4647 objurgat,
681 4586 733 4628 et
761 4577 928 4630 ordiri
953 4576 1406 4646 bellumjubebat,
1446 4575 1959 4643 circumclangentes

2069 4587 2260 4648 μενοι),
2288 4578 2568 4648 μονονουχὶ
2600 4578 2694 4631 καὶ
2732 4576 2950 4645 ἐγκαλεί
2992 4575 3092 4646 τῆς
3134 4575 3320 4645 ἐφόδου
3372 4576 3471 4646 τὴν
3513 4575 3640 4646 μέλ-

388 4668 640 4728 buccina,
670 4676 1046 4732 terror-umque
1084 4665 1348 4731 primitias
1403 4663 1672 4718 tuentibus
1715 4666 1966 4718 seducto-

390 4774 507 4811 ruui
563 4758 903 4810 incutientes.
936 4757 1044 4827 87
1093 4757 1352 4822 Quoniam
1406 4755 1548 4808 enim
1592 4769 1685 4809 eos
1741 4764 1797 4810 et
1843 4770 1963 4810 sor-

389 4859 468 4901 tes
519 4848 756 4917 ipsorum
796 4847 983 4916 rubigo
1017 4849 1335 4902 devoratura
1369 4848 1744 4918 est(diximus
1784 4858 1961 4901 autem

388 4954 487 4992 nos
563 4937 860 5005 rubiginem
923 4939 1099 4991 vocari
1166 4939 1344 4994 clades
1402 4940 1524 4993 belli
1571 4948 1624 4992 et
1675 4938 1962 4993 desolatio-

386 5044 506 5082 nem
537 5029 587 5096 ),
619 5028 816 5081 docens
851 5027 1048 5079 malum
1085 5028 1200 5081 'hoc
1233 5042 1354 5082 esse
1386 5044 1548 5097 supra
1605 5035 1785 5096 caput,
1833 5027 1949 5079 bre-

387 5122 544 5186 vique
576 5128 916 5182 eventurum,
953 5119 1076 5170 tuba
1115 5133 1310 5173 canere
1343 5119 1728 5173 convenienter
1780 5119 1960 5173 admo-

385 5217 511 5264 dum
583 5212 758 5282 iussit,
804 5220 859 5264 et
917 5220 1040 5264 ante
1101 5210 1204 5263 alia
1252 5225 1414 5280 super
1461 5210 1592 5265 locis
1651 5209 1956 5272 idolorum;

385 5313 562 5356 autut
590 5305 984 5371 quamprimum
1037 5302 1400 5357 iucendendos
1437 5312 1494 5357 et
1523 5304 1831 5370 diruendos,
1868 5313 1961 5357 aut

385 5397 510 5461 quia
555 5396 650 5463 ipsi
693 5394 1130 5448 commoditatem
1177 5393 1418 5448 bellicam
1468 5393 1750 5459 haberent,
1778 5404 1832 5448 et
1876 5395 1957 5448 in-

385 5488 451 5539 de
481 5487 728 5540 seductos
780 5486 1129 5540 infestissime
1166 5501 1473 5555 oppugnare
1499 5485 1704 5540 liceret.
1732 5486 1954 5554 Quando

387 5578 571 5645 itaque
613 5579 744 5631 dicit
777 5581 1079 5632 cauendum
1124 5581 1246 5632 tuba
1277 5594 1435 5648 super
1479 5578 1666 5642 colles,
1704 5590 1758 5632 et
1789 5595 1954 5648 super

385 5670 616 5729 excelsa,
652 5680 704 5723 et
747 5671 798 5722 iu
847 5671 1005 5722 domo
1034 5670 1130 5733 ὢν,
1180 5671 1438 5724 idolorum
1501 5673 1616 5726 loca
1666 5673 1947 5745 intelliges.

458 5848 503 5879 ‘°
543 5847 682 5902 l'sal.
723 5864 847 5910 xxx,
895 5848 972 5901 lti.
1057 5850 1095 5879 “
1125 5850 1320 5904 Ezech.
1359 5866 1471 5916 rm,
1508 5851 1586 5905 ιθ.

2062 4669 2216 4738 λησιν
2245 4683 2258 4696 ⁸
2291 4666 2634 4737 ἀπάρχεσθαι
2657 4666 2714 4718 δέ
2743 4667 2842 4737 ἤδη
2876 4664 2970 4719 τοῦ
3001 4665 3235 4737 πολέμου
3265 4668 3599 4737 προστέταχε
3622 4707 3637 4731 ,

2062 4758 2456 4828 περιηχοῦντας
2482 4760 2600 4821 ταῖς
2627 4758 2904 4827 σάλπιγξι,
2941 4761 3036 4811 καὶ
3063 4758 3162 4822 τὰς
3187 4757 3294 4810 τῶν
3327 4759 3638 4828 δειγμάτων

2061 4851 2313 4921 ἀπαρχὰς
2361 4853 2481 4912 ταῖς
2533 4849 2642 4903 τῶν
2690 4851 3057 4922 πλανωμένων
3111 4853 3353 4916 ἐνιέντας
3418 4852 3638 4922 ψυχαῖς.

2072 4944 2286 5014 Ἐπειδὴ
2321 4943 2448 5014 γὰρ,
2478 4944 2602 5014 ἔφη,
2635 4944 2729 4998 νῦν
2761 4945 3135 5012 καταφάγεται
3166 4947 3360 5008 αὐτοὺς
3392 4949 3424 5014 ἡ
3454 4948 3640 5016 ἐρυσί-

2069 5034 2134 5102 ϐη
2170 5035 2263 5087 καὶ
2312 5035 2438 5095 τοὺς
2496 5035 2727 5103 κλήρους
2771 5034 2948 5086 αὐτῶν
3001 5034 3300 5104 (ἐλέγομεν
3331 5033 3387 5085 δὲ
3441 5037 3636 5104 ἡμεῖς,

2062 5125 2324 5196 ἐρυσίϐην
2367 5125 2681 5195 ὠνομάσθαι
2731 5124 2827 5195 τὴν
2859 5127 2923 5177 ἐκ
2972 5124 3065 5177 τοῦ
3101 5125 3340 5195 πολέμου
3397 5124 3640 5176 κάκωσιν

2063 5217 2155 5269 καὶ
2181 5217 2272 5269 τὸν
2307 5217 2655 5287 ἀφανισμὸν),
2674 5217 2937 5270 διδάσκων
2969 5221 3051 5271 ὅτι
3076 5217 3297 5286 γέγονεν
3317 5215 3409 5269 ἐπὶ
3426 5215 3637 5286 θύραις,

2063 5308 2398 5376 συμϐήσεται
2455 5307 2533 5372 δέ,
2582 5308 2676 5360 καὶ
2718 5309 2818 5360 οὐκ
2848 5309 2928 5370 είς
2983 5308 3218 5378 μακρὰν,
3275 5306 3553 5371 σαλπίζειν
3579 5301 3639 5358 εὖ

2069 5401 2213 5469 μάλα
2247 5399 2605 5471 προστέταχε,
2640 5400 2733 5452 καὶ
2764 5401 2870 5469 πρό
2895 5417 2960 5468 γε
2996 5399 3105 5454 τῶν
3133 5399 3306 5453 ἄλλων
3363 5398 3456 5452 ἐπὶ
3515 5399 3642 5459 τοὺς

2061 5494 2169 5545 τῶν
2193 5493 2427 5545 εἰδώλων
2455 5493 2653 5556 τόπους
2681 5510 2691 5520 ·
2715 5493 2745 5562 ῆ
2775 5493 2851 5556 ὡς
2876 5494 2998 5546 ὅσον
3023 5492 3228 5546 οὐδέπω
3255 5490 3642 5562 καταπρησθῆ-

2062 5584 2248 5637 σεσθαι
2302 5585 2591 5655 μέλλοντας
2652 5586 2746 5637 καὶ
2811 5584 3292 5655 σεισθησομένους,
3344 5585 3507 5654 ἤγουν
3558 5584 3641 5634 ὅτι

2060 5675 2344 5743 γεγόνασιν
2396 5676 2546 5727 αὐτοὶ
2599 5675 2692 5728 τοῦ
2751 5675 2985 5746 πολέμου
3040 5675 3310 5745 πρόφασις
3381 5674 3474 5725 καὶ
3542 5671 3641 5742 τῆς
