4110 6368
371 498 473 554 N9

1286 500 1832 561 COMMENTARIUS
1872 503 1937 559 IN
1975 500 2205 557 OSEAM
2244 500 2684 556 PROPHETAM.

3522 496 3630 555 150

371 616 666 676 ἀνηκέστου
703 618 988 689 συμφορᾶς
1018 622 1126 682 τοῖς
1159 622 1405 692 πεπλανη
1416 625 1616 693 μένοις.
1652 627 1821 678 Ὅταν
1853 620 1938 678 οῦν

2049 623 2336 677 Sciendum
2381 640 2507 678 vero
2567 623 2699 677 alios
2749 622 3096 691 interpretes,
3126 621 3266 691 quod
3316 622 3506 675 attinet
3558 623 3625 675 ad

369 705 501 778 λέγῃ
532 707 592 760 τὸ
623 708 816 779 χρῆναι
847 710 1128 774 σαλπίζειν
1158 713 1252 765 ἐπὶ
1295 715 1418 777 τοὺς
1451 717 1692 784 βουνοὺς,
1727 718 1818 769 καὶ
1851 719 1942 770 ἐπὶ

367 799 435 853 τὰ
483 801 683 871 ὑψηλὰ,
728 803 820 855 καὶ
858 803 916 855 ἐν
969 803 1046 874 τῷ
1075 805 1206 876 οἴκῳ
1241 807 1354 869 Ὢν,
1401 809 1527 870 τοὺς
1559 809 1666 862 τῶν
1712 810 1942 862 εἰδώλων

367 892 583 960 νοήσεις
606 892 819 956 τόπους.
860 894 1055 948 Ἶστέον
1079 895 1154 960 δὲ,
1200 898 1280 949 ὅτι
1316 902 1430 961 τοῖς
1466 899 1642 964 ἄλλοις
1676 901 1943 970 ἑρμηνευ-

367 984 487 1045 ταῖς
520 984 599 1042 εἰς
632 983 711 1047 τὸ,
748 984 868 1038 «Ἐν
896 984 972 1054 τῷ
1005 985 1136 1057 οἴκῳ
1172 989 1317 1049 Ὢν,›
1355 990 1415 1040 οὐ
1455 991 1857 1062 συνηνέχθησαν
1892 993 1941 1044 οἱ

382 1074 806 1144 Ἐϐδομήκοντα.
848 1080 912 1131 Οἱ
946 1080 1044 1149 μὲν
1095 1081 1202 1149 γὰρ
1255 1084 1537 1154 εἰρήκασιν
1569 1099 1582 1112 ·
1618 1103 1636 1135 ‹
1670 1085 1765 1148 Εἰς
1794 1079 1944 1137 οἶκον

373 1163 696 1232 ἀνωφελοῦς,
724 1187 742 1217 ι
783 1169 1078 1235 τουτέστιν,
1109 1172 1325 1225 εἰδώλου
1358 1175 1578 1236 παντός’
1609 1177 1658 1227 οἱ
1689 1175 1768 1238 δὲ,
1807 1194 1826 1226 ‹
1852 1176 1943 1230 Ἐν

372 1255 448 1326 τῷ
479 1258 610 1328 οἴκῳ
638 1259 762 1312 ’³Ων.
811 1282 828 1311 ι
874 1262 1184 1332 Οίησὸμεθα
1212 1264 1276 1334 δὴ
1307 1261 1420 1331 οῦν,
1452 1269 1627 1318 ἐκεῖνο
1657 1266 1941 1336 βούλεσθαι

371 1348 484 1400 νυνὶ
507 1350 595 1401 τὸν
622 1354 954 1422 προφητικὸν
980 1355 1111 1424 ἡμῖν
1137 1355 1486 1428 ὑποσημῆναι
1515 1358 1692 1426 λόγον,
1721 1360 1802 1411 ὅτι
1835 1359 1942 1430 χρὴ

371 1439 650 1504 σαλπίζειν
696 1443 913 1508 αὐτοὺς,
945 1447 1044 1499 οὐκ
1080 1447 1171 1500 ἐπὶ
1199 1448 1392 1518 μόνους
1425 1451 1552 1513 τοὺς
1587 1451 1808 1520 βουνοὺς
1847 1451 1942 1503 κα)⁸

366 1529 434 1582 τὰ
465 1531 662 1602 ὑψηλὰ,
698 1534 992 1599 τουτέστιν,
1036 1538 1095 1590 οὐ
1148 1539 1291 1591 κατὰ
1321 1541 1488 1612 μόνης
1530 1542 1630 1611 τῆς
1662 1541 1943 1594 εἰδωλολα-

364 1621 523 1690 τρίας
547 1624 641 1677 τοῦ
682 1627 924 1696 Ἰσραὴλ,
978 1629 1095 1698 ἦτοι
1147 1630 1255 1682 τῶν
1299 1632 1428 1685 δέκα
1491 1634 1673 1702 φυλῶν
1719 1634 1827 1687 τῶν
1884 1636 1941 1687 ἐν

366 1713 667 1786 Σαμαρείᾳ,
701 1717 836 1770 ἀλλά
862 1720 954 1772 καὶ
989 1721 1126 1773 κατὰ
1154 1721 1357 1791 ταύτης
1391 1724 1486 1793 τῆς
1541 1723 1710 1794 οὔσης
1745 1727 1802 1778 ἐν
1829 1728 1942 1789 τοῖς

379 1801 769 1874 Ἰεροσολύμοις
793 1807 946 1877 παρά
995 1825 1053 1859 τε
1089 1809 1164 1878 τῷ
1203 1810 1372 1880 ’ἰούδα
1419 1814 1513 1864 καὶ
1551 1811 1628 1881 τῷ
1659 1812 1937 1883 Βενιαμίν.

371 1892 746 1964 Προσεκύνουν
775 1898 905 1969 γὰρ,
941 1900 1014 1963 ὡς
1044 1901 1198 1970 ἔφην,
1229 1900 1305 1972 τῷ
1331 1901 1464 1973 ἡλίῳ
1494 1905 1616 1972 (Ὢν
1656 1904 1713 1956 δέ
1740 1905 1885 1958 ἐστιν
1911 1907 1939 1958 ό

365 1984 516 2053 ἥλιος
533 1987 570 2057 ).
592 1987 723 2040 Θεὸν
763 1990 1077 2060 ῥιπτοῦντες
1115 1992 1365 2055 κατόπιν,
1404 1995 1496 2046 καὶ
1526 1996 1936 2067 ἀποστρεφόμε-

367 2093 448 2130 νοι
473 2080 540 2130 τὰ
574 2079 760 2132 αὐτοῦ.
789 2081 959 2134 Τοῦτο
1013 2084 1120 2153 γὰρ
1170 2081 1320 2154 οἶμαι
1360 2087 1573 2156 δηλοῦν,
1605 2087 1664 2140 τὸ
1701 2089 1844 2157 ἔχειν
1872 2091 1941 2142 τὰ

368 2169 589 2223 ὀπίσθια
623 2172 758 2244 πρὸς
786 2174 876 2227 τὸν
899 2176 1023 2228 ναὸν
1056 2176 1280 2247 Κυρίου,
1311 2179 1403 2231 καὶ
1440 2178 1508 2230 τὰ
1528 2179 1793 2246 πρόσωπα
1840 2182 1940 2234 αὐ-

366 2258 476 2311 τῶν
505 2261 785 2328 ἀπέναντι,
818 2264 973 2334 δῆλον
1005 2267 1059 2319 δὲ
1095 2269 1175 2320 ὅτι
1228 2267 1322 2319 τοῦ
1363 2268 1530 2338 ἡλίου.
1563 2271 1727 2322 Ὅταν
1762 2270 1941 2324 τοίνυν

368 2351 607 2422 ἀκούσῃς
648 2355 728 2418 τὸ,
789 2374 807 2406 ι
839 2354 1024 2427 Ἐντῷ
1053 2360 1185 2429 οἴκῳ
1226 2361 1357 2425 Ὢν,
1401 2381 1417 2412 ι
1478 2357 1625 2415 οἷκον
1654 2363 1686 2433 ἢ
1717 2363 1942 2435 τέμενος

366 2443 580 2511 νοήσεις
624 2444 745 2497 Θεοῦ
776 2447 1126 2518 ψευδωνύμου
1160 2451 1359 2514 παντὸς
1395 2452 1491 2505 καὶ
1546 2455 1938 2526 πεποιημένου,

367 2533 485 2602 ἦτοι
507 2534 601 2586 τοῦ
633 2536 802 2605 ἡλίου.
849 2541 1082 2592 Ἄτοπον
1127 2542 1183 2594 δὲ
1239 2543 1408 2610 οὐδὲν,
1448 2547 1479 2614 ἢ
1513 2545 1774 2599 ἀπίθανον
1801 2543 1941 2601 εἷναί

365 2641 442 2694 τῳ
479 2626 678 2687 δόξειεν
713 2628 800 2692 ἂν,
831 2626 976 2684 οἷκον
1010 2633 1160 2701 ἡλίου
1189 2635 1311 2697 τοὺς
1342 2635 1476 2706 ἡλίῳ
1501 2637 1940 2707 προσκυνοῦντας

363 2718 597 2770 νοεῖσθαί
655 2737 715 2772 τε
765 2720 857 2774 καὶ
895 2723 1275 2792 ὀνομάζεσθαι,
1332 2727 1581 2800 καθάπερ
1610 2729 1802 2799 ἀμέλει
1847 2732 1940 2784 καὶ

362 2803 508 2871 οἶκος
539 2810 672 2863 Θεοῦ
696 2814 938 2882 νοηθεῖεν
967 2815 1031 2868 ἂν
1057 2820 1103 2868 οἱ
1134 2818 1201 2869 τὰ
1243 2819 1405 2870 αὑτοῦ
1439 2821 1790 2889 φρονοῦντες,
1847 2823 1941 2875 καὶ

362 2900 513 2970 αὺτῷ
540 2901 599 2954 τὺ
627 2903 787 2967 σέϐας
821 2907 1166 2971 ἀνάπτοντες.
1225 2909 1288 2962 Εἰ
1317 2909 1373 2962 δὲ
1427 2910 1686 2980 βούλοιτό,
1723 2930 1809 2976 τις
1844 2915 1939 2967 καὶ

363 2990 460 3060 τὴν
484 2990 716 3060 δάμαλιν
751 2993 849 3063 τὴν
900 2997 1107 3066 χρυσῆν
1144 2997 1240 3048 Ὧν
1281 2997 1680 3064 ὀνομάζεσθαι,
1721 3001 1938 3072 φορέσει

363 3081 457 3132 καὶ
481 3080 653 3145 οὕτως
677 3091 738 3135 τό
775 3083 998 3138 πιθανὸν
1027 3087 1055 3138 ὁ
1091 3086 1267 3154 λόγος.
1315 3089 1372 3140 '0
1413 3089 1512 3158 μὲν
1542 3091 1650 3160 γὰρ
1683 3091 1940 3162 θεομισὴς

374 3171 654 3243 Ἰεροὸοάμ
687 3173 820 3244 πρὸς
870 3174 930 3226 τὸ
963 3177 1070 3229 τῶν
1112 3178 1422 3244 Αἰγυπτίων
1459 3180 1642 3243 σέϐας,
1692 3183 1832 3251 φημὶ
1878 3182 1938 3253 δὴ

2045 713 2172 766 illud
2210 713 2290 766 «in
2315 713 2471 767 domo
2505 712 2631 776 ὣν,›
2674 727 2777 765 non
2803 713 3088 766 convenire
3115 727 3233 767 cum
3254 711 3626 780 Septuaginta.

2043 803 2176 856 Nam
2215 803 2287 856 illi
2326 803 2714 856 transtulerunt
2738 822 2756 853 ι
2803 802 2856 856 in
2892 802 3107 855 domum
3169 801 3398 866 inutilis,
3437 820 3455 851 ι
3519 801 3621 854 hoc

2043 905 2145 959 εει,
2204 897 2379 950 omnis
2432 895 2580 948 idoli.
2633 895 2734 948 Ast
2787 894 2866 957 hi,
2898 912 2914 944 ι
2947 893 2998 946 in
3049 894 3206 948 domo
3236 891 3333 945 ὢν.
3368 911 3385 939 ι
3445 893 3626 958 Quare

2043 985 2474 1040 existimabimus
2517 983 2643 1036 illud
2708 997 2854 1036 nunc
2906 982 3275 1052 propheticum
3320 995 3627 1034 sermonem

2043 1076 2178 1131 velle
2234 1084 2480 1144 oportere
2533 1075 2654 1128 illos
2711 1087 2927 1138 canere,
2961 1088 3065 1128 non
3096 1087 3259 1142 super
3287 1072 3450 1127 colles
3512 1083 3628 1124 tan-

2046 1175 2155 1220 tum
2184 1175 2239 1220 et
2285 1181 2448 1234 super
2483 1165 2717 1228 excelsa,
2754 1164 2857 1218 hoc
2906 1175 3007 1231 est,
3047 1180 3151 1218 non
3203 1175 3390 1218 contra
3453 1164 3624 1218 solam

2001 1267 2005 1275 '
2046 1258 2401 1312 idolulatriam
2443 1257 2676 1322 lsraelis,
2714 1261 2826 1314 sive
2877 1260 3060 1313 decem
3114 1258 3349 1313 tribuum
3404 1259 3462 1310 in
3520 1257 3618 1310 Sa-

2045 1353 2215 1404 maria
2241 1392 2256 1416 ,
2286 1350 2378 1405 sed
2412 1362 2601 1404 contra
2655 1366 2773 1405 eam
2805 1365 3019 1420 quoque
3073 1365 3195 1419 quae
3225 1360 3342 1402 erat
3377 1347 3626 1402 Hieroso-

2043 1441 2203 1512 lymis
2254 1442 2391 1510 apud
2421 1440 2615 1496 Judam
2655 1449 2709 1495 et
2737 1441 3015 1511 Beniamin
3044 1460 3057 1495 :
3093 1441 3394 1495 adorabant
3426 1441 3624 1510 quippe

2043 1535 2232 1599 solem,
2271 1544 2330 1588 ut
2365 1535 2474 1588 dixi
2502 1533 2611 1605 (ὢν
2634 1545 2810 1589 autem
2853 1543 2935 1588 est
2970 1533 3045 1588 sol
3079 1535 3134 1603 ),
3170 1533 3338 1587 Deum
3369 1541 3490 1602 post
3519 1540 3624 1585 ter-

2043 1642 2166 1696 gum
2202 1625 2566 1696 projicicntes,
2604 1635 2656 1682 et
2686 1641 2840 1680 sacra
2877 1625 2989 1694 ejus
3027 1634 3363 1679 aversantes.
3396 1621 3505 1676 lloc
3545 1621 3620 1676 si-

2043 1720 2258 1787 quidem
2327 1721 2518 1790 opinor
2569 1719 2875 1789 significare
2959 1717 3102 1785 quod
3171 1714 3470 1784 posteriora
3524 1727 3620 1766 sua

2042 1813 2388 1867 obverterent
2434 1810 2629 1880 templo
2664 1811 2898 1876 Domini,
2923 1820 2978 1864 et
3026 1809 3195 1865 facies
3241 1823 3368 1862 suas
3400 1815 3621 1869 contra,

2043 1905 2184 1958 haud
2207 1904 2390 1970 dubie,
2426 1913 2609 1957 contra
2641 1901 2978 1956 solem.Cum
2997 1901 3158 1971 igitur
3189 1900 3364 1963 audis,
3391 1916 3408 1947 ι
3437 1900 3488 1950 in
3522 1899 3620 1952 do-

2047 2009 2133 2048 mo
2189 1994 2286 2061 ὢν,
2320 2013 2338 2046 ι
2387 1994 2566 2047 fanum
2607 2001 2695 2046 aut
2732 1993 2814 2046 dei
2862 1993 3073 2061 penitus
3121 1991 3242 2044 falsi
3289 1999 3343 2044 et
3374 1989 3500 2051 ficti,
3529 1995 3622 2042 aut

2044 2087 2174 2141 solis
2224 2086 2478 2155 intellige.
2553 2084 2698 2137 Nihil
2747 2099 2907 2152 porro
2963 2083 3254 2136 absurdum
3302 2090 3394 2134 ant
3448 2081 3622 2135 incre—

2043 2179 2205 2233 dibile
2241 2178 2468 2246 cuipiam
2520 2177 2780 2241 videatur,
2848 2177 3065 2229 domum
3118 2175 3247 2229 solis
3296 2172 3517 2241 intelligi
3566 2180 3620 2225 et

2042 2272 2300 2340 appellari
2350 2270 2415 2324 iis
2465 2270 2552 2336 qui
2580 2270 2746 2322 solem
2791 2269 3039 2331 adorant,
3079 2265 3532 2336 quemadmodum
3568 2273 3622 2316 et

2043 2362 2258 2414 domum
2296 2359 2387 2413 Dei
2449 2357 2527 2410 fas
2558 2368 2641 2411 est
2683 2357 2985 2425 intelligere
3040 2369 3132 2409 eos
3175 2355 3264 2423 qui
3324 2369 3442 2422 qua:
3494 2360 3622 2405 sunt

2046 2454 2188 2507 illius
2238 2455 2486 2522 sapiunt,
2516 2455 2829 2520 cultumque
2872 2465 2936 2504 ac
2993 2447 3393 2502 venerationem
3441 2444 3618 2498 eidem

2043 2546 2381 2615 impendunt.
2418 2544 2570 2612 Quod
2626 2545 2668 2598 si
2711 2543 2794 2597 cui
2872 2540 3124 2612 placebit,
3174 2538 3335 2592 etiam
3391 2536 3618 2589 vitulum

2041 2649 2263 2687 aureum
2313 2633 2387 2687 ὢν
2438 2635 2638 2699 vocari,
2693 2645 2748 2687 et
2798 2633 2877 2687 sic
2934 2628 3230 2700 probabilis
3270 2627 3376 2683 erit
3421 2625 3614 2679 oratio.

2041 2726 2152 2779 Dee
2199 2727 2341 2779 enim
2384 2727 2590 2780 invisus
2647 2725 2936 2779 Jcrohoam
2984 2724 3056 2776 ad
3091 2719 3395 2788 exemplum
3452 2716 3620 2787 ,Εεν-

2041 2819 2136 2887 ptii
2156 2819 2410 2881 numinis,
2434 2819 2562 2887 Apis
2591 2818 2858 2879 videlicet,
2879 2814 3070 2868 vitulos
3106 2811 3363 2867 conflavit
3395 2851 3408 2864 .
3433 2808 3618 2863 Hono—

2043 2918 2230 2963 rarunt
2260 2919 2438 2964 autem
2461 2908 2698 2980 Egyptii
2723 2909 2901 2976 Apim,
2931 2906 3068 2958 inme
3099 2904 3261 2956 ﬁlium
3289 2909 3611 2956 asserentes.

2041 2997 2302 3064 Quocirca
2321 2999 2525 3054 etlunae
2545 2999 2830 3068 imaginem
2855 2996 3062 3066 signum
3093 2993 3332 3048 referens
3363 2992 3412 3044 in
3441 2990 3620 3044 fronte

2044 3073 2296 3153 habebat,
2331 3101 2385 3144 et
2424 3091 2577 3158 quasi
2642 3089 2775 3144 solis
2826 3097 3070 3156 nepotem
3133 3084 3425 3138 credebant
3475 3096 3616 3145 esse,

2042 3182 2205 3250 quod.
2238 3190 2294 3234 ut
2334 3181 2432 3249 ipsi
2483 3182 2763 3250 putabant,
2798 3194 2824 3230 a
2871 3178 2982 3232 sole
3021 3177 3147 3229 luna
3202 3175 3616 3228 illuminaretur.

363 3262 455 3314 τὸν
488 3264 674 3326 Ἀπιν,
706 3268 806 3328 τὰς
852 3267 1112 3337 δαμάλεις
1152 3269 1453 3338 εἰργάζετο.
1503 3271 1839 3342 Τετιμήκασι
1882 3274 1938 3324 δὲ

2044 3272 2404 3339 Quamobrem
2455 3283 2510 3325 ut
2536 3272 2673 3325 luna:
2702 3271 2919 3338 quidem
2953 3270 3142 3335 filium,
3174 3269 3304 3321 solis
3344 3282 3469 3320 vero
3501 3275 3620 3318 tan-

360 3354 452 3406 τὸν
487 3356 652 3408 Ἀπιν
671 3357 978 3424 Αἰγύπτιοι,
1007 3359 1234 3431 σελήνης
1265 3362 1362 3431 μὲν
1385 3361 1572 3414 τέκνον
1603 3360 1738 3416 εἶναι
1760 3364 1942 3433 λέγον-

362 3463 454 3509 τες
493 3448 790 3519 (τοιγάρτοι
841 3451 935 3502 καὶ⁹
990 3450 1266 3520 μηνοειδὲς
1295 3452 1386 3503 ἐπὶ
1415 3451 1666 3522 μετώπου
1693 3449 1804 3523 εἶχε
1842 3472 1938 3523 ση-

367 3540 562 3610 μεῖον).
604 3541 822 3608 ἔκγονον
848 3542 904 3595 δὲ
938 3542 1128 3614 ὥσπερ
1168 3543 1319 3615 ἡλίου
1381 3546 1729 3609 πιστεύοντες
1777 3545 1938 3613 εἶναι,

363 3629 452 3684 διὰ
479 3633 558 3694 τὸ,
593 3633 796 3702 κατάγε
819 3635 877 3686 τὸ
898 3636 1078 3698 αὐτοῖς
1097 3635 1306 3701 δοκοῦν,
1325 3637 1383 3703 ἐξ
1415 3637 1562 3707 ἡλίου
1593 3639 1690 3708 τὴν
1714 3637 1941 3708 σελήνην

367 3725 715 3790 φωτίζεσθαι.
745 3726 952 3780 Οὐκοῦν
986 3727 1060 3791 ὡς
1088 3729 1314 3800 σελήνης
1343 3730 1437 3799 μὲν
1461 3730 1670 3793 τέκνον,
1713 3731 1863 3800 ἡλίου
1884 3730 1940 3782 δὲ

364 3815 586 3883 ἔκγονον
607 3818 808 3887 ἐτίμων
838 3819 929 3871 τὸν
961 3821 1146 3872 Ἂπιν.
1186 3821 1515 3890 Ἀπεκόμιζε
1543 3821 1599 3873 δὲ
1627 3822 1822 3884 αὐτοὺς
1862 3821 1942 3883 εἰς

359 3907 520 3961 τοῦτο
542 3909 604 3979 δὴ
636 3910 839 3980 πλάνης
875 3911 967 3963 καὶ
995 3910 1268 3979 λογισμῶν
1287 3911 1601 3981 ἀθλιότητος
1643 3913 1670 3964 ό
1701 3911 1943 3982 πολυμή-

362 4016 527 4068 χανος
580 3999 814 4069 δράκων,
845 4001 1124 4054 τουτέστιν
1157 4003 1184 4052 ὁ
1215 4001 1477 4064 Σατανᾶς.
1527 4001 1819 4063 Σαλπίζειν
1849 3997 1942 4053 οῦν

360 4087 470 4157 ἄρα
505 4088 871 4158 προστέταχεν
899 4089 988 4140 ἐπὶ
1020 4089 1145 4150 τοὺς
1195 4088 1435 4157 βουνοὺς,
1479 4090 1571 4141 καὶ
1618 4088 1685 4141 τὰ
1724 4089 1899 4159 ὑψηλά
1924 4129 1940 4153 ,

365 4179 460 4230 καὶ
489 4180 544 4230 ἐν
574 4179 652 4249 τῷ
680 4181 812 4249 οἴκῳ
838 4181 955 4243 Ὤν,
975 4181 1219 4232 τουτέστι
1245 4181 1341 4248 τῆς
1367 4180 1650 4249 δαμάλεως
1675 4180 1776 4250 τῆς
1805 4199 1940 4251 χρυ-

363 4269 484 4335 σῆς.
521 4271 655 4322 Ποῖα
679 4271 733 4322 δὲ
765 4266 832 4340 ἦν
863 4271 970 4340 ἄρα
1011 4270 1081 4322 τὰ
1121 4271 1320 4338 ἀμφοῖν
1361 4268 1712 4338 ἐγκλήματα,
1769 4272 1860 4322 καὶ
1913 4271 1942 4322 ὁ

359 4361 456 4414 τοῦ
496 4363 690 4432 χρῆναι
744 4362 1067 4426 κολάζεσθαι
1117 4363 1294 4430 λόγος,
1342 4362 1660 4431 καθίστησιν
1688 4364 1934 4434 ἐναργὲς,

356 4455 641 4524 ἐπιφέρων
677 4453 859 4516 εὐθύς·
916 4473 933 4504 ι
994 4455 1213 4523 Ἐξέστη
1244 4453 1519 4523 Βενιαμὶν,
1558 4474 1575 4504 ι
1628 4455 1749 4506 ἀντὶ
1807 4455 1936 4520 τοῦ,

355 4546 482 4599 Τῶν
516 4546 658 4598 ἰδίων
691 4546 1087 4614 ὲκπεφοίτηκεν
1121 4545 1257 4596 ἐθῶν
1282 4585 1294 4608 ,
1341 4546 1506 4615 ἡγουν
1529 4585 1542 4606 ,
1575 4545 1673 4614 τῆς
1704 4545 1933 4614 ἀρίστης

2045 3379 2206 3432 quam
2260 3373 2506 3432 nepotem
2552 3363 2849 3416 honoribus
2904 3361 3060 3429 Apim
3127 3360 3615 3428 prosequebantur.

2043 3453 2100 3506 In
2137 3453 2279 3507 hanc
2318 3454 2519 3507 erroris
2559 3453 2981 3521 Opinionnmque
3014 3451 3282 3505 I‘niscrjam
3329 3449 3615 3502 multorum

2042 3545 2381 3600 machinator
2427 3544 2612 3610 draco,
2641 3555 2765 3612 puta
2799 3544 3050 3606 Satanas,
3097 3558 3191 3595 eos
3237 3529 3494 3593 abduxith
3529 3538 3619 3592 Ju-

2043 3638 2133 3690 bet
2177 3651 2306 3704 ergo
2342 3651 2540 3691 canere
2567 3637 2692 3689 tuha
2721 3650 2882 3704 super
2927 3634 3092 3688 colles
3122 3643 3176 3688 et
3204 3632 3438 3696 excelsa,
3473 3643 3527 3684 et
3555 3631 3612 3684 in

2043 3728 2202 3782 domo
2227 3728 2323 3791 ὢν,
2354 3729 2468 3799 88
2506 3730 2604 3782 hoc
2641 3737 2745 3792 est,
2784 3727 2935 3781 vituli
2969 3726 3139 3780 aurei.
3179 3723 3384 3779 Deinde
3431 3724 3616 3777 statim

2044 3835 2163 3888 quae
2209 3821 2314 3874 sint
2345 3823 2625 3895 amborum
2687 3819 2892 3873 scelera
2939 3827 2993 3872 et
3034 3819 3169 3872 ratio
3216 3831 3390 3886 pinnae
3439 3815 3614 3869 mani-

2043 3911 2224 3965 festat.
2262 3931 2280 3962 ‹
2313 3911 2487 3966 Mente
2521 3909 3052 3979 exceditBenjamin,
3083 3928 3101 3961 ι
3135 3924 3250 3979 pro,
3284 3922 3461 3961 mores
3491 3921 3617 3960 suos

2044 4004 2303 4070 deseruit,
2330 4019 2427 4058 seu
2453 4005 2666 4072 optimae
2695 4003 2907 4056 vivendi
2943 4017 3145 4058 norma:
3173 3999 3460 4062 valedixit;
3489 4013 3616 4053 vere

2043 4096 2185 4150 enim
2228 4095 2327 4148 hoc
2367 4096 2531 4149 verbo
2566 4097 2619 4150 in
2670 4095 2869 4150 malum
2900 4093 3126 4149 mutatio
3153 4091 3374 4161 intelligi
3413 4097 3613 4159 potest.

2047 4204 2066 4235 «
2098 4185 2162 4238 Ει
2193 4185 2443 4254 Ephraim
2482 4187 2754 4241 desolatus
2786 4195 2886 4241 est.
2923 4204 2939 4236 ι
2983 4184 3361 4239 Verumtamen
3398 4197 3500 4235 non
3542 4182 3613 4234 ita

2046 4279 2158 4330 haec
2206 4293 2438 4346 semper,
2471 4279 2663 4347 inquit.
2703 4297 2720 4328 ι
2749 4278 2802 4331 lu
2850 4278 3039 4330 diebus
3071 4275 3215 4330 enim
3257 4272 3615 4342 correptionis

2044 4370 2249 4436 peccati
2292 4371 2569 4425 amborum
2613 4372 2822 4426 ostendi
2876 4371 3074 4435 fidelia,
3109 4387 3128 4420 ι
3167 4368 3353 4421 firmos
3376 4377 3429 4421 et
3458 4381 3616 4421 veros

2042 4464 2419 4518 demonstrans
2448 4479 2723 4518 sermones
2767 4479 2934 4518 meos.
2963 4463 3315 4532 Contigerunt
3343 4461 3487 4516 enim
3511 4459 3615 4513 illis

2042 4569 2161 4621 quae
2193 4553 2304 4621 jam
2349 4555 2590 4623 praedixi,
2623 4553 2865 4622 nihilque
2908 4554 3194 4607 verborum
3226 4566 3468 4606 meorqu
3522 4565 3616 4603 eos

354 4635 637 4690 ἀπώλισθε
666 4638 878 4708 φρενός.
909 4637 1079 4688 Τοῦτο
1111 4637 1218 4705 γὰρ
1249 4636 1460 4706 ἀληθῶς
1501 4637 1532 4706 ἡ
1566 4637 1820 4700 ἔκστασις
1849 4639 1938 4690 ἐπὶ

2047 4645 2252 4699 fefellit.
2288 4645 2358 4699 Ut
2398 4647 2539 4699 enim
2571 4662 2597 4699 a
2625 4648 2865 4700 moribus
2906 4645 3142 4714 antiquis
3175 4654 3536 4708 recesserunt,
3562 4651 3616 4694 et

357 4729 540 4798 φαῦλα
585 4733 778 4783 νοοῖτο.
841 4749 860 4780 ι
902 4729 1310 4799 Κατηφάνισται
1371 4729 1426 4782 δὲ
1471 4731 1564 4781 καὶ
1626 4731 1879 4801 Ἐφραϊμ.
1914 4751 1930 4781 ι

355 4822 503 4892 Πλὴν
536 4823 634 4892 οὐχ
658 4821 798 4874 οὕτω
824 4821 997 4874 ταῦτα
1037 4819 1124 4873 διὰ
1161 4820 1363 4882 παντός
1396 4837 1559 4889 φησιν
1580 4837 1594 4850 θ
1629 4841 1645 4870 ι
1693 4822 1784 4875 Ἐν
1830 4822 1938 4893 γὰρ

354 4915 591 4984 ἡμέραις
645 4914 866 4984 ἐλέγχου
921 4917 1020 4984 τῆς
1076 4913 1278 4982 ἀμφοῖν
1332 4911 1712 4982 πλημμελείας
1762 4914 1938 4979 ἔδειξα

2044 4737 2238 4791 bonam
2280 4747 2513 4790 mentem
2554 4739 2876 4801 amiserunt,
2904 4738 3069 4791 etiam
3121 4737 3342 4804 regione
3377 4750 3474 4788 sua
3504 4733 3615 4802 pul-

2044 4827 2088 4878 si
2125 4835 2269 4890 sunt,
2308 4837 2362 4880 et
2402 4827 2655 4881 similiter
2685 4827 2949 4882 charitate
2982 4826 3074 4882 Dei
3119 4835 3174 4880 et
3218 4825 3362 4880 omni
3396 4839 3615 4893 prospe-

2045 4920 2203 4972 ritate
2242 4920 2581 4974 exciderunt.

351 5005 545 5064 πιστὰ,
575 5024 593 5054 ι
622 5006 869 5074 βεϐαίους
921 5004 1014 5057 καὶ
1049 5004 1268 5074 ἀληθεῖς
1287 5005 1416 5066 τοὺς
1483 5007 1650 5074 ἐμοὺς
1711 5008 1996 5080 ἀποφήνας
2036 5012 2244 5080 λόγους.
2280 5013 2601 5085 Συμϐέϐηκε
2632 5013 2740 5084 γὰρ
2771 5015 2950 5077 αὐτοῖς
2971 5056 2984 5080 ,
3014 5015 3155 5085 ἆπερ
3195 5015 3295 5086 ἥδη
3323 5015 3578 5084 προεῖπον
3598 5049 3612 5074 ,
3690 5027 3695 5031 ”

349 5101 445 5152 καὶ
480 5100 632 5152 οὐδὲν
681 5100 988 5168 διέψευσται
1032 5101 1137 5152 τῶν
1185 5101 1351 5170 ἐμῶν.
1390 5101 1608 5171 Ἐπειδὴ
1652 5103 1762 5173 γὰρ
1827 5105 1912 5171 ὲξέ

1827 5109 2121 5178 ἐξέστησαν
2175 5109 2285 5162 τῶν
2349 5111 2594 5181 ἀρχαίων
2659 5110 2819 5176 ἐθῶν,
2843 5113 2934 5164 καὶ
2999 5111 3190 5182 φρενὸς
3231 5111 3335 5174 ἔξω
3384 5109 3614 5176 γεγόναο

355 5209 442 5244 σιν
471 5193 698 5262 ἀγαθῆς,
730 5193 1044 5263 ἐξώσθησαν
1097 5196 1188 5248 καὶ
1231 5196 1397 5265 αὐτῆς
1435 5195 1532 5266 τῆς
1583 5199 1792 5252 ἑαυτῶν
1852 5200 2054 5273 χώρας,
2109 5205 2203 5257 καὶ
2257 5207 2722 5260 ἀποπεπτώκασιν
2770 5207 2970 5278 ὁμοίως
2995 5209 3093 5278 τῆς
3122 5210 3200 5270 εἰς
3229 5206 3359 5259 Θεὸν
3394 5205 3614 5273 ἀγάπης

355 5289 450 5340 καὶ
480 5289 662 5358 πάσης
704 5290 1021 5360 εὐημερίας.

431 5378 660 5446 "Edam:
693 5378 748 5430 δὲ
775 5380 868 5431 καὶ
901 5381 1102 5450 ἑτέρως
1145 5384 1254 5444 τοῖς
1285 5382 1754 5452 καταλιμπάνουσι
1781 5384 1935 5448 Θεὸν,

353 5469 418 5519 τὸ
448 5468 759 5531 ἐξίστασθαι
799 5471 909 5523 δεῖν
941 5472 1038 5524 καὶ
1084 5473 1297 5542 ἀγαθῆς
1330 5475 1544 5546 ἁπάσης
1584 5477 1810 5542 ἐννοίας,
1845 5480 1938 5531 καὶ

356 5557 466 5626 μὴν
492 5560 583 5610 καὶ
607 5559 769 5628 ἔργου
793 5562 993 5626 παντὸς
1017 5563 1107 5616 τοῦ
1142 5565 1520 5636 τετραμμένου
1546 5567 1679 5637 πρὸς
1713 5569 1934 5638 ἀρετήν.

353 5649 673 5704 Βαδιοῦνται
728 5652 783 5705 δὲ
838 5654 973 5724 πρὸς
1013 5656 1317 5727 ἀφανισμὸν
1364 5658 1672 5728 ἐλέγχοντος
1722 5678 1781 5713 τε
1848 5663 1940 5715 καὶ

353 5741 721 5811 ἐπιτιμῶντος
773 5745 908 5798 Θεοῦ
935 5787 949 5807 .
985 5749 1076 5800 καὶ
1134 5749 1234 5817 τῆς
1281 5749 1556 5820 ῥᾳθυμίας
1589 5752 1934 5818 ἐξαιτοῦντος

351 5830 530 5894 δίκας.
562 5835 846 5906 Χρήσιμον
876 5835 967 5891 οῦν
1015 5839 1121 5910 ἄρα
1145 5881 1158 5904 ,
1196 5841 1289 5893 καὶ
1322 5842 1618 5909 ἀναγκαῖον
1653 5846 1731 5906 εἰς
1766 5843 1934 5914 ζωὴν,

353 5920 422 5972 τὸ
474 5919 612 5977 εἶναι
653 5926 787 5996 μετὰ
832 5929 998 5995 Θεοῦ,
1055 5931 1287 6007 μὸᾋονδὲ
1344 5933 1460 6002 οὶχὶ
1505 5934 1563 5986 τὸ
1601 5935 1654 5988 ὲν
1689 5935 1934 6005 Ψαλμοῖς

2106 5384 2372 5455 Sequetur
2418 5397 2595 5442 autem
2637 5388 2832 5457 alioqui
2871 5389 3035 5442 Deum
3082 5388 3514 5456 derelinquentes
3545 5391 3613 5446 ab

2036 5478 2182 5529 omni
2223 5477 2359 5530 bona
2391 5480 2714 5548 cogitatione
2737 5481 3015 5543 discessio,
3049 5489 3209 5548 atque
3235 5482 3369 5536 adeo
3409 5485 3476 5537 ab
3501 5497 3614 5538 om-

2036 5567 2089 5618 ni
2119 5582 2280 5636 opere
2313 5569 2379 5621 ad
2406 5570 2661 5622 virtutem
2705 5572 3027 5638 pertinente.
3065 5573 3128 5625 Et
3164 5574 3456 5641 precedent
3510 5575 3613 5629 hu-

2030 5657 2265 5728 justnodi
2305 5660 2366 5712 ad
2396 5661 2782 5717 desolationem
2807 5703 2820 5726 ,
2865 5664 3191 5734 corripiente
3218 5675 3272 5718 et
3304 5665 3616 5736 increpante

2011 5755 2173 5819 Deo,
2221 5765 2273 5810 et
2324 5757 2547 5826 ignavia:
2616 5774 2806 5828 pinnas
2859 5772 3207 5831 exposcente.
3262 5762 3620 5818 Conducibile-

2045 5846 2206 5915 igitur
2239 5857 2294 5903 et
2338 5851 2704 5904 necessarium
2765 5861 2845 5906 est
2878 5853 2946 5906 ad
2974 5853 3159 5917 vitam,
3190 5867 3309 5908 esse
3335 5869 3454 5908 cum
3484 5854 3612 5915 Deo,

2045 5947 2096 5993 et
2129 5949 2330 5995 tantum
2376 5957 2479 5997 non
2518 5942 2644 5998 illud
2676 5960 2740 5998 ex
2779 5943 3009 6002 Psalmis
3054 5947 3320 6002 clamare:
3365 5965 3383 5996 ε
3416 5945 3614 6001 Adhae-
