4110 6368
459 475 556 530 151

1451 470 1509 527 S.
1545 468 1821 526 CYRILLI
1860 463 2332 520 ΑιΕΧΑΝοῐιιΜ
2375 467 2690 524 ΑΙὶϐΙΙΙΕΡ.

3615 481 3712 536 I32

458 594 527 644 sit
591 592 768 644 anima
835 605 950 643 mea
1014 599 1137 658 post
1185 600 1234 643 te
1260 589 1373 643 “.r
1417 587 1691 658 Suscipiet
1759 586 1928 648 enim,
1983 594 2031 638 et

2139 588 2315 640 ἐκεῖνο
2348 586 2496 659 βοᾷν,
2539 606 2556 638 ι
2600 588 2933 660 Ἔκκολλήθη
2964 592 2995 659 ή
3027 589 3172 660 ψυχή
3211 609 3310 661 μου
3345 593 3521 646 όπίσω
3550 612 3662 649 σου.
3689 617 3706 646 ο

459 691 703 748 prompte
744 679 1092 748 opitulahitnr
1123 679 1344 733 dextera
1385 677 1786 746 Omnipotentis
1839 690 1870 731 e
1929 689 2032 743 qua

459 786 616 825 nemo
663 769 928 840 rapiet“,
964 781 1018 824 ut
1066 769 1313 824 Salvator
1344 779 1586 824 testatur.

533 945 694 999 Vens.
727 945 812 999 IO.
847 943 998 997 Facti
1031 955 1153 998 sunt
1200 943 1456 1010 principes
1491 941 1636 994 Juda
1679 942 1816 994 velut
1860 951 2032 994 trans-

458 1050 700 1103 panenles
741 1039 991 1091 terminos
1013 1077 1030 1104 ,
1066 1051 1221 1106 super
1253 1051 1339 1089 eos
1365 1035 1632 1103 effundam
1657 1034 1789 1086 sicut
1841 1049 2032 1102 aquam

458 1130 708 1193 impetum
757 1144 947 1183 meum.
1221 1129 1231 1140 ’

527 1216 683 1272 LVII.
754 1216 867 1271 Hoc
907 1225 995 1271 est
1047 1213 1337 1287 (quamvis
1385 1213 1488 1269 sub
1531 1211 1847 1283 involucro)
1887 1211 2031 1280 quod

455 1308 686 1374 dicebat,
720 1327 738 1360 ι
769 1309 981 1364 excedit
1021 1315 1199 1363 mente
1229 1306 1532 1377 Benjamin.
1571 1324 1589 1357 ›
1623 1303 1842 1358 Similes
1886 1302 2029 1356 enim

457 1401 692 1464 fuerunt,
725 1400 917 1470 inquit,
981 1399 1240 1454 terminos
1299 1395 1775 1460 transferentibus,
1805 1403 1860 1448 et
1898 1393 2028 1446 olim

454 1495 672 1548 deﬁnita
709 1492 1010 1562 transgredi
1070 1490 1394 1546 volentibus.
1430 1489 1530 1555 Qui
1580 1489 1724 1542 enim
1777 1487 1874 1541 soli
1919 1485 2031 1538 Deo

451 1585 850 1650 convenientia,
888 1584 1244 1653 ipsiquejure
1300 1583 1510 1647 dicata,
1551 1580 1896 1643 charitatetn,
1947 1579 2028 1630 in-

452 1693 636 1748 quam,
694 1678 991 1741 honorem,
1021 1675 1392 1730 adorationem
1432 1673 1553 1728 aliis
1597 1673 1860 1738 tribuunt,
1903 1670 2030 1738 quia

452 1768 592 1822 forte
624 1767 813 1830 solem,
835 1777 926 1820 aut
951 1767 1153 1831 lunam,
1179 1775 1233 1820 et
1261 1774 1405 1821 astra
1434 1765 1684 1835 precibus
1710 1763 2026 1827 sollicitant,

453 1858 583 1912 nihil
611 1873 796 1912 revera
825 1858 1030 1912 faciunt
1054 1858 1198 1911 aliud
1252 1873 1413 1928 quam
1445 1857 1590 1927 quod
1639 1856 1862 1909 omnino
1915 1863 2026 1908 ter-

2149 679 2523 750 Ἀντιλήψεται
2551 680 2659 749 γὰρ
2691 682 2809 733 τότε
2840 682 2934 734 καὶ
2963 684 3319 753 ἐπικουρήσει
3355 685 3650 756 προθύμως
3679 689 3712 757 ἡ

2135 768 2286 834 δεξιά
2323 769 2415 822 τοῦ
2449 770 2625 822 πάντα
2659 770 2932 838 ἰσχύοντος
2953 810 2968 830 ,
3017 772 3111 840 ἀφ’
3151 766 3219 842 ἦς
3253 773 3430 836 οὐδεὶς
3474 775 3712 845 ἁρπάσει

2137 859 2278 913 κατά
2301 860 2399 930 τὴν
2433 859 2526 912 τοῦ
2549 861 2798 932 ἃοτῆρος
2827 862 3030 933 φωνήν.

2219 951 2530 1020 Ἐγένοντο
2560 955 2612 1005 οἱ
2639 952 2928 1020 ἄρχοντες
2955 953 3152 1009 Ἰούδα
3179 955 3260 1020 ὠς
3305 955 3715 1024 μετατιθέντες

2135 1045 2282 1112 ὅρια,
2317 1044 2408 1097 ἀπ’
2453 1044 2672 1110 αὐτοὺς
2701 1044 2888 1112 ἐκχεῶ
2915 1046 2994 1112 ὠς
3024 1045 3177 1115 ὕδωρ
3209 1046 3278 1102 τὸ
3316 1047 3552 1118 ὅρμημὰ
3572 1066 3711 1118 μου.

2197 1219 2306 1273 ΝΖ.
2324 1218 2492 1272 Τοῦτό
2509 1221 2654 1272 ἐστιν
2672 1220 3083 1289 αἰνιγματωδῶς
3096 1221 3177 1274 τὸυ
3196 1220 3417 1292 Ἐξέστη
3437 1222 3712 1292 Βενιαμίν.

2135 1311 2398 1378 Γεγόνασι
2420 1310 2529 1380 γὰρ
2563 1313 2620 1364 ὲν
2655 1310 2773 1372 ἴσω,
2804 1312 2959 1381 φησὶ,
3001 1315 3114 1375 τοῖς
3171 1297 3532 1384 μετατιθεῖσιν
3568 1316 3712 1386 ὅρια.

2134 1405 2228 1455 καὶ
2259 1403 2608 1473 ὑπερϐαίνειν
2647 1402 2887 1456 ἐθέλουσι
2931 1403 3002 1458 τὰ
3053 1405 3223 1459 πάλαι
3249 1406 3603 1478 διωρισμένα.
3653 1408 3716 1460 Ui

2133 1493 2241 1564 γὰρ
2270 1494 2338 1547 τὰ
2373 1495 2519 1563 μόνῳ
2553 1495 2834 1566 πρέποντα
2887 1495 2965 1566 τῷ
2995 1496 3136 1567 Θεῷ,
3176 1499 3269 1551 καὶ
3313 1499 3463 1568 αὐτῷ
3493 1500 3718 1563 δικαίως

2133 1584 2558 1655 ἀνατεθειμένα,
2599 1585 2698 1655 τὴν
2740 1586 2962 1656 ἀγάπην
2986 1586 3043 1639 δὲ
3076 1587 3242 1655 λέγω,
3272 1588 3373 1660 τὴν
3403 1589 3587 1660 τιμὴν,
3618 1591 3718 1662 τὴν

2133 1675 2499 1745 προσκύνησιν
2557 1675 2909 1744 μεθιστάντες
2949 1679 3030 1740 εἰς
3080 1679 3322 1749 ἑτέρους,
3378 1679 3466 1734 διά
3511 1698 3576 1744 γε
3620 1681 3714 1734 τοῦ

2133 1768 2457 1835 προσκυνεῖν
2506 1766 2639 1838 ἡλίῳ
2672 1767 2832 1838 τυχὸν
2852 1808 2865 1832 ,
2897 1769 3066 1839 ἤγουν
3102 1769 3299 1843 σελήνῃ
3327 1771 3421 1824 καὶ
3463 1771 3714 1842 ἄστροις,

2134 1855 2305 1927 δρῷεν
2358 1857 2424 1910 ἂν
2463 1857 2648 1928 ἕτερον
2673 1859 2846 1920 οὐδὲν,
2880 1859 3020 1912 κατά
3062 1877 3124 1927 γε
3167 1861 3229 1913 τὸ
3280 1861 3455 1925 εἰκὸς,
3484 1862 3517 1933 ἢ
3547 1864 3716 1934 ὁτιδὴ

457 1948 634 2003 minos
667 1957 897 2003 mutant.
921 1947 1114 2003 Judatn
1147 1957 1346 2011 autem,
1366 1948 1481 2002 sive
1506 1946 1783 2016 Beniamin
1810 1945 2031 2015 gloriam

2141 1949 2359 2012 πάντως
2394 1949 2710 2019 μεθιστᾶσιν
2743 1951 2886 2020 ὅρια.
2923 1949 3048 2005 ’Ότι
3074 1951 3129 2004 δὲ
3168 1951 3266 2022 τὴν
3291 1953 3604 2020 πρέπουσαν
3640 1932 3718 2024 τῷ

455 2039 564 2094 Deo
615 2040 848 2095 debitam
915 2041 1058 2104 soli,
1097 2050 1150 2094 et
1187 2041 1362 2107 Iunge,
1395 2049 1450 2094 et
1513 2040 1676 2094 astris
1728 2039 2032 2104 dicavisse,

452 2146 519 2186 ex
551 2146 617 2186 eo
645 2131 814 2187 claret
862 2131 1003 2201 quod
1037 2133 1102 2185 ad
1142 2131 1430 2186 Jeremiam
1472 2132 1791 2200 pmphetam
1815 2131 1890 2183 ait
1932 2131 2036 2183 Do-

455 2225 668 2278 minus:
700 2243 718 2276 ι
744 2227 825 2278 An
851 2240 954 2278 non
973 2224 1121 2278 vides
1145 2224 1272 2293 quid
1298 2223 1380 2278 isti
1420 2222 1620 2277 iaciunt
1647 2221 1699 2275 in
1731 2221 2036 2276 civitatibus

451 2314 586 2370 Juda
619 2327 673 2371 et
719 2318 770 2372 in
825 2318 928 2372 viis
970 2316 1312 2371 Jerusalem?
1359 2314 1478 2369 Filii
1529 2329 1718 2370 eorum
1778 2313 2035 2383 colligunt

454 2410 620 2481 ligna,
675 2419 729 2464 et
761 2419 941 2481 patres
969 2425 1157 2466 eorum
1193 2409 1526 2463 succendunt
1574 2407 1774 2477 ignem,
1808 2415 1862 2460 et
1917 2421 2036 2460 mu-

453 2502 611 2556 lieres
653 2516 840 2558 eorum
874 2503 1226 2557 commiscent
1275 2500 1658 2568 similaginem,
1717 2509 1775 2553 ut
1835 2498 2036 2553 faciant

453 2593 726 2663 placentas
771 2595 972 2648 militia:
999 2595 1158 2659 cmli;
1191 2602 1240 2646 et
1280 2593 1586 2646 libaret-unt
1627 2591 1881 2645 libamina
1929 2589 2034 2644 diis

452 2687 664 2752 alienis,
702 2699 759 2741 ut
793 2688 860 2741 ad
912 2687 1245 2740 iracundiam
1309 2692 1602 2754 provocent
1655 2700 1740 2736 me
1769 2683 1870 2734 ⁸⁸.»
1902 2681 2034 2736 Ter-

453 2779 627 2832 minos
657 2779 837 2847 itaque
881 2787 1160 2833 moverunt
1191 2777 1458 2846 principes
1492 2775 1665 2830 tribus
1714 2774 1827 2846 89
1871 2773 2030 2836 Jnda,

452 2870 552 2924 hoc
595 2881 698 2933 est,
729 2885 978 2939 suprema
1037 2878 1091 2924 et
1130 2869 1272 2938 regia
1317 2867 1760 2922 circumﬂuentes
1817 2866 1984 2936 gloria
2013 2905 2029 2932 ,

449 2978 584 3031 quos
615 2963 805 3032 vulgus
843 2971 1088 3016 errantes
1138 2971 1195 3014 ut
1238 2959 1569 3030 exemplaria
1626 2959 1776 3028 sequi
1837 2973 2034 3013 conve-

451 3056 651 3112 niebat.
698 3057 891 3110 Verum
925 3075 943 3107 ι
1004 3055 1176 3109 instar
1221 3069 1376 3124 aqua:
1434 3068 1556 3106 cum
1609 3053 1808 3120 impetu
1850 3048 2032 3106 ell‘usae

450 3150 722 3205 cll‘undam
770 3152 820 3202 in
863 3163 956 3202 eos
1013 3149 1291 3216 impetum,
1334 3161 1428 3200 seu
1493 3145 1730 3199 furorem
1781 3159 2025 3200 meum.»

451 3244 797 3298 Calamitates
844 3240 1111 3308 siquidem
1141 3255 1170 3292 a
1212 3238 1322 3293 Deo
1373 3238 1511 3292 irato
1572 3237 1835 3306 imposita:
1875 3253 2030 3307 pror-
2058 3275 2100 3332 C

451 3349 543 3388 sus
587 3349 686 3388 nec
718 3333 846 3386 ferri
899 3331 1242 3400 tolerarique,
1284 3343 1382 3381 nec
1417 3325 1598 3397 repelli
1633 3336 1861 3397 queunt,
1891 3341 2029 3395 quo-

451 3429 610 3482 modo
645 3426 900 3480 nimirum
938 3440 1036 3478 nec
1074 3439 1210 3492 aqua
1262 3421 1427 3476 multa
1464 3420 1694 3474 ubertim
1737 3418 1904 3474 ell’usa
1940 3435 2027 3474 re-

452 3518 633 3586 primi.

525 3695 685 3746 VEItS.
735 3693 790 3744 ll
822 3735 834 3754 ,
886 3692 970 3744 1‘2.
1019 3692 1284 3758 Oppressit
1345 3689 1597 3759 Ep/traim
1666 3689 2030 3742 adversarium

449 3803 625 3847 suum,
658 3798 703 3837 et
733 3785 1053 3836 conca/cavit
1085 3783 1372 3852 judicium,
1410 3783 1532 3850 quia
1559 3782 1712 3850 cmpit
1744 3780 1888 3833 abire
1917 3789 2031 3846 post

447 3875 698 3930 vanant
747 3893 840 3943 ego
880 3877 1032 3942 quasi
1088 3874 1420 3927 conturbatio
1467 3872 1742 3941 Ephraim,
1789 3884 1834 3924 et
1880 3873 2031 3940 quasi

447 3970 694 4024 stimulus
722 3969 903 4020 domui
935 3965 1101 4020 Iuda.

520 4149 700 4205 ιΝΙΙΙ.
732 4152 973 4217 Quonam
1029 4149 1184 4200 modo
1216 4145 1492 4214 Benjamin
1533 4155 1712 4198 mente
1765 4144 2031 4196 alienatus

447 4247 535 4304 sit,
568 4244 709 4297 haud
742 4244 972 4294 obscure
1001 4239 1317 4292 declaravit.
1362 4237 1502 4290 Dixit
1533 4238 1676 4290 enim
1717 4235 1886 4290 iactos
1912 4250 2032 4290 esse

455 4337 724 4406 principes
757 4335 919 4396 Juda,
965 4345 1021 4385 ut
1058 4333 1152 4401 qui
1185 4332 1444 4385 terminos
1473 4329 1822 4384 transferunt.
1887 4328 2031 4396 Quo-

450 4429 608 4482 modo
639 4437 817 4481 autem
864 4437 917 4478 et
967 4423 1226 4494 Ephraim
1269 4423 1658 4477 desolationem
1710 4437 1904 4491 passus
1937 4421 2029 4488 sit,

449 4518 702 4585 deinceps
716 4518 937 4587 exponit
965 4516 1236 4570 etaddim
1257 4513 1536 4583 Oppressit
1556 4512 1815 4582 Ephraim
1839 4513 2032 4567 adver-

2137 2040 2256 2107 Θεῷ
2287 2040 2466 2104 δόξαν,
2497 2041 2651 2111 ἡλίῳ,
2672 2042 2765 2094 καὶ
2800 2042 3026 2114 σελήνῃ,
3060 2043 3157 2096 καὶ
3191 2043 3412 2113 ἄστροις
3441 2044 3720 2099 ἀνατέθει-

2136 2151 2229 2184 κεν
2257 2134 2284 2185 6
2327 2132 2546 2196 Ἰούδας,
2576 2134 2743 2203 ἤγουν
2781 2134 2810 2186 6
2843 2135 3123 2205 Βενιαμὶν,
3178 2135 3365 2204 σαφῶς
3413 2135 3478 2190 ἂν
3511 2139 3704 2201 νοοῖτο,

2138 2223 2272 2294 πρὸς
2315 2222 2402 2276 τὸν
2434 2225 2715 2294 προφήτην
2755 2224 3027 2294 Ἰερεμίαν
3063 2226 3318 2294 λέγοντος
3366 2227 3502 2281 Θεοῦ
3532 2243 3547 2257 °
3588 2247 3604 2280 ι
3646 2229 3718 2283 Ἦ

2134 2317 2231 2385 οὐχ
2257 2316 2388 2386 ὁρᾷς
2417 2317 2444 2369 ὃ
2474 2333 2523 2368 τι
2553 2311 2698 2370 οὗτοι
2723 2317 2964 2370 ποιοῦσιν
3013 2320 3070 2371 ἐν
3095 2322 3217 2382 ταῖς
3259 2319 3480 2373 πόλεσιν
3527 2319 3718 2387 Ἰούδα,

2135 2408 2229 2459 καὶ
2258 2409 2314 2461 ἐν
2339 2409 2457 2470 ταῖς
2480 2407 2619 2471 ὁδοῖς
2660 2409 3044 2480 Ἰερουσαλήμ;
3085 2411 3148 2463 Οἱ
3181 2411 3286 2463 υἱοὶ
3318 2410 3497 2465 αὐτῶν
3532 2410 3720 2464 συλλέ-

2134 2515 2289 2566 γουσι
2317 2496 2447 2564 ξύλα
2464 2537 2480 2562 ,
2499 2500 2593 2552 καὶ
2614 2499 2661 2552 οἱ
2690 2499 2924 2571 πατέρες
2948 2500 3125 2554 αὐτῶν
3149 2502 3362 2554 καίουσι
3383 2502 3514 2574 πῦρ,
3539 2503 3630 2556 καὶ
3664 2503 3718 2556 αἱ

2134 2593 2390 2658 γυναῖκες
2413 2589 2592 2644 αὐτῶν
2630 2593 2875 2663 τρίϐουσι
2902 2595 3073 2658 σταὶς,
3097 2594 3190 2647 τοῦ
3213 2596 3434 2667 ποιῆσαι
3470 2596 3720 2666 χαυῶνας

2134 2686 2200 2755 τῇ
2271 2686 2503 2756 στρατιᾷ
2552 2685 2648 2738 τοῦ
2708 2686 2962 2758 οὐρανοῦ,
3018 2688 3110 2741 καὶ
3174 2688 3434 2743 ἔσπεισαν
3489 2690 3721 2754 σπονδὰς

2136 2773 2276 2838 θεοῖς
2331 2773 2665 2845 ἀλλοτρίοις,
2714 2776 2801 2828 ἵνα
2842 2777 3222 2847 παροργίσωσί
3267 2795 3354 2848 με.
3389 2797 3408 2828 ι
3445 2778 3608 2848 "Opta
3655 2777 3719 2847 δὴ

2132 2863 2225 2922 οὖν
2259 2867 2708 2937 μετατεθείκασιν
2749 2869 2796 2921 oi
2847 2868 2906 2935 ἐξ
2946 2867 3118 2922 Ἰούδα
3169 2868 3342 2938 φυλῆς
3391 2868 3718 2939 ἡγούμενοι,

2133 2958 2431 3023 τουτέστιν,
2487 2961 2537 3012 ot
2587 2959 2684 3030 τὴν
2714 2961 2973 3015 ἀνωτάτω
3045 2961 3134 3014 καὶ
3177 2960 3421 3030 βασιλίδα
3472 2962 3720 3033 περικεί-

2137 3068 2286 3120 μενοι
2310 3051 2488 3118 δόξαν,
2515 3045 2596 3115 οἷς
2624 3047 2692 3124 ἦν
2735 3052 2884 3116 εἰκὸς
2931 3053 3345 3106 κατακολουθεῖν
3375 3053 3590 3107 ἑλέσθαι
3624 3071 3720 3107 πε-

2134 3144 2503 3215 πλανημένοις
2528 3145 2628 3214 τὴν
2676 3145 2936 3213 ἀγελαίαν
2985 3144 3214 3214 πληθύν.
3255 3144 3394 3198 Ἀλλ’
3426 3164 3444 3196 ι
3487 3144 3718 3208 Ὕδατος

2133 3234 2288 3305 δίκην
2347 3233 2756 3305 ραγδαιοτάτου,
2818 3234 3002 3305 φησιν,
3063 3235 3149 3287 ἐπ’
3192 3234 3388 3296 αὐτοὺς
3433 3235 3610 3305 ἐκχεῶ
3656 3236 3717 3287 τὸ

2135 3325 2366 3396 ὅρμημά
2420 3343 2543 3397 μου.
2574 3345 2594 3378 ι
2649 3325 2916 3378 Δύσοιστα
2961 3326 3106 3396 γὰρ,
3151 3326 3244 3378 καὶ
3299 3326 3584 3395 ἀφόρητα,
3621 3327 3719 3378 καὶ

2136 3417 2585 3486 ἀνανταγώνιστα
2614 3417 2896 3481 παντελῶς
2924 3417 2993 3470 τὰ
3027 3421 3092 3470 ἐκ
3122 3417 3271 3482 Θείας
3303 3416 3494 3488 ὀργῆς.
3532 3416 3718 3470 Καθά-

2136 3524 2244 3578 περ
2284 3507 2478 3577 ἀμέλει
2533 3509 2626 3560 καὶ
2681 3508 2872 3578 χρῆμα
2922 3507 3253 3578 δυσάντητον
3301 3508 3334 3577 ἡ
3382 3505 3551 3578 πολλὴ
3618 3505 3716 3559 καὶ

2135 3598 2461 3669 ἀμφιλαφὴς
2487 3599 2595 3651 τῶν
2620 3598 2826 3652 ὑδάτων
2858 3598 3019 3669 φορά.

2207 3690 2781 3744 Κατεδυνάστευσεν
2819 3690 3068 3760 Ἑφραῒμ
3109 3689 3216 3744 τὸν
3256 3688 3566 3744 ἀντίδικον
3602 3690 3712 3743 αὐ-

2135 3781 2261 3847 τοῦ,
2294 3783 2392 3836 καὶ
2439 3782 2819 3850 κατεπάτησε
2858 3782 2924 3836 τὸ
2958 3781 3141 3852 κρῖμα
3163 3824 3178 3848 ,
3210 3781 3299 3835 ὅτι
3339 3781 3563 3850 ἤρξατο
3603 3795 3712 3834 που

2126 3876 2409 3942 ρεύεσθαι
2460 3876 2652 3928 ὀπίσω
2700 3874 2819 3927 τῶν
2859 3875 3146 3944 ματα-ἔων.
3187 3873 3297 3928 Καὶ
3340 3873 3454 3942 ἐγὼ
3497 3872 3714 3942 ἔσομαι

2134 3969 2214 4034 ὡς
2253 3967 2484 4038 ταραχὴ
2515 3966 2595 4032 τῷ
2643 3968 2911 4037 Ἑρμείῳ,
2954 3968 3051 4022 καί
3081 3967 3162 4035 ὠς
3185 3967 3434 4035 κέντρον
3464 3963 3543 4031 τῷ
3571 3967 3715 4030 οἴκῳ

2148 4061 2360 4114 Ἰούδα.

2204 4152 2336 4205 NII'.
2361 4151 2496 4204 Τίνα
2525 4151 2622 4222 μὲν
2646 4151 2846 4221 τρόπον
2876 4151 3064 4220 ἐξέστη
3095 4151 3372 4222 Βενιαμὶν,
3396 4150 3712 4219 ἀποδέδειχε

2136 4242 2342 4312 σαφῶς.
2395 4243 2539 4309 Ἔφη
2578 4242 2687 4311 γὰρ
2712 4281 2726 4304 ,
2777 4243 2859 4296 ὅτι
2913 4242 3198 4309 γεγόνασιν
3233 4242 3500 4312 ἄρχοντες
3542 4241 3714 4295 Ἰούδα

2133 4334 2208 4397 ὡς
2239 4331 2615 4396 μετατιθέντες
2643 4333 2785 4402 ὅρια.
2810 4332 2936 4395 Πῶς
2963 4332 3020 4385 δὲ
3051 4333 3148 4386 καὶ
3181 4331 3420 4403 Ἐφραῒμ
3453 4333 3532 4396 είς
3571 4333 3714 4401 ἀφα-

2134 4425 2324 4495 νισμὸν
2348 4425 2561 4492 ἐγένετο
2579 4465 2593 4485 ,
2629 4423 2974 4495 διερμηνεύει
2997 4423 3182 4486 πάλιν,
3209 4422 3450 4476 ἐπειπών
3475 4440 3487 4452 ·
3516 4443 3535 4476 ι
3557 4419 3703 4476 Κατ-

2137 4518 2523 4572 εδυνάστευσεν
2561 4516 2800 4588 Ἐφραῖμ
2857 4517 2951 4570 τὸν
2989 4516 3276 4570 .ἀντίδικον
3304 4515 3491 4570 αὐτοῦ.
3545 4534 3566 4570 ι
3603 4517 3714 4569 Καὶ

446 4610 650 4662 sarium
683 4625 861 4662 suum.
896 4627 914 4660 ι
951 4608 1016 4661 Et
1046 4607 1298 4662 videntur
1323 4607 1466 4660 velut
1500 4619 1619 4659 cum
1643 4603 1950 4659 urbanitate
1969 4601 2031 4657 ad

2143 4607 2289 4662 δοκεῖ
2315 4624 2434 4670 πως
2461 4609 2519 4660 ὲν
2548 4605 2669 4676 ἠθει
2708 4603 3038 4675 πεποιῆσθαι
3081 4604 3200 4657 νυνὶ
3240 4602 3377 4675 πρὸς
3397 4602 3546 4674 ἡμᾶς
3573 4603 3600 4655 ὁ
3627 4602 3715 4654 λό-

447 4718 546 4756 nos
580 4702 743 4755 verba
781 4700 918 4753 ﬁeri.
953 4699 1212 4765 Quamam
1264 4698 1429 4768 igitur
1457 4697 1736 4751 accusatio
1763 4699 1832 4750 sit
1860 4695 2030 4750 tribus

451 4794 726 4861 Ephraim,
751 4802 843 4845 aut
873 4793 941 4846 de
968 4807 1074 4861 quo
1113 4789 1427 4845 adversario
1453 4789 1695 4843 divinum
1746 4786 2026 4842 oraculum

446 4882 697 4951 loquatur
778 4895 939 4950 quem
994 4879 1327 4950 Oppresserit
1380 4877 1670 4946 Eplrraim,
1734 4877 2030 4945 eXplanare

445 4983 704 5042 quatitum
738 4974 790 5027 in
839 4987 924 5027 me
956 4982 1039 5027 est
1070 4972 1331 5027 conabor.
1363 4969 1616 5024 'l‘ribules
1644 4969 1789 5025 enim
1811 4967 1948 5022 Iuda
1974 4978 2030 5023 et

446 5066 725 5134 Beniamin
762 5065 1149 5120 reverebantur
1179 5063 1514 5133 aliquantum
1550 5061 1699 5130 leges
1740 5059 2024 5126 Mosaicas,

445 5169 497 5210 et
524 5157 701 5212 adhuc
723 5172 910 5212 earum
939 5157 1203 5212 rationem
1237 5154 1529 5218 ducebant,
1553 5154 1864 5222 dabantque
1910 5161 2029 5203 stu-

447 5250 596 5302 diose
644 5264 862 5317 operam
902 5247 1146 5316 justitize.
1182 5245 1297 5301 Non
1333 5245 1477 5301 enim
1513 5257 1701 5299 omnes
1724 5241 2028 5296 declinave-

447 5342 735 5406 runt;sed
759 5351 918 5397 erant
964 5356 1068 5397 non
1123 5339 1278 5410 pauci
1336 5339 1642 5407 transfugas
1683 5335 2025 5405 deplorantes

447 5448 512 5486 ac
540 5432 917 5500 lamentantes,
940 5441 994 5486 et
1039 5431 1280 5486 dolorem
1325 5429 1507 5482 animo
1544 5442 1649 5480 non
1700 5425 2026 5480 mediocrem

446 5524 846 5592 concipientes,
909 5539 1028 5577 cum
1081 5522 1301 5591 quidam
1357 5519 1613 5590 despecto
1657 5516 2029 5572 universitatis

451 5617 559 5670 Duo
596 5632 775 5671 mores
838 5617 1202 5671 idololatricos
1260 5613 1596 5668 inveherent.
1641 5610 1777 5665 llinc
1837 5609 2028 5664 beatus

447 5709 716 5774 Ezechiel,
752 5710 944 5763 missos
977 5709 1051 5763 ait
1084 5717 1272 5763 contra
1311 5705 1609 5760 Jerusalem
1647 5719 1771 5760 cum
1817 5700 2026 5758 securi-

518 5847 563 5876 “
592 5847 733 5903 Psal.
775 5864 908 5909 tht,
941 5849 991 5900 θ.
1072 5845 1114 5877 ⁵⁵
1147 5844 1298 5901 Joan.
1336 5860 1386 5908 χ,
1422 5842 1512 5899 ‘28.

2133 4714 2250 4766 γος.
2301 4697 2459 4750 Ποῖον
2509 4692 2602 4750 οὖν
2647 4695 2756 4767 ἄρα
2785 4695 2847 4748 τὸ
2892 4695 3278 4766 κατηγόρημα,
3323 4693 3384 4747 τὸ
3431 4695 3497 4747 ὲκ
3543 4691 3715 4762 φυλῆς

2149 4789 2420 4861 Ἐςρραῖμ,
2453 4789 2485 4860 ἢ
2527 4791 2678 4842 ποῖον
2712 4789 2982 4842 ἀντίδικον
3023 4787 3085 4840 τὸ
3127 4786 3271 4840 θεῖον
3303 4787 3435 4857 ἡμῖν
3497 4801 3716 4855 χρησμ-

2132 4881 2326 4950 ῴδημά
2357 4898 2512 4952 φησι,
2541 4880 2600 4933 ὃν
2629 4879 3119 4933 ητεδυνάστευσεν
3139 4879 3167 4931 6
3211 4876 3470 4949 Ἐφραῒμ,
3491 4876 3717 4928 διειπεῖν

2133 4973 2208 5036 ὡς
2235 4972 2313 5025 ἔνι
2344 4972 2696 5043 πειράσομαι.
2730 4972 2794 5025 Οί
2825 4972 2922 5041 μὲν
2961 4970 3068 5043 γὰρ
3098 4973 3162 5025 ὲκ
3191 4971 3366 5041 φυλῆς
3410 4969 3581 5024 Ἰούδα
3625 4971 3718 5023 καὶ

2136 5064 2416 5134 Βενιαμὶν,
2448 5064 2581 5118 αίδώ
2608 5081 2732 5118 τινα
2759 5064 2854 5118 καὶ
2887 5063 3046 5133 λόγον
3088 5063 3170 5117 ἔτι
3207 5062 3317 5118 τῶν
3338 5063 3426 5117 διὰ
3472 5062 3718 5126 Μωσέως

2139 5155 2424 5211 ἐποιοῦντο
2475 5156 2694 5227 νόμων,
2749 5155 3073 5228 ὲπετήδευόν
3114 5172 3174 5208 τε
3215 5154 3316 5224 τὴν
3347 5153 3714 5222 δικαιοσύνην.

2136 5245 2212 5300 Οὐ
2251 5247 2358 5317 γὰρ
2395 5246 2597 5307 πάντες
2622 5245 3027 5310 ὲκκεκλίκασιν,
3065 5244 3181 5298 ἀλλ’
3212 5239 3354 5316 ἦσαν
3393 5244 3494 5298 οὐκ
3528 5243 3718 5312 εὐαρί-

2136 5337 2332 5409 θμητοι
2383 5337 2660 5401 κλαίοντες
2687 5355 2745 5392 τε
2777 5339 2872 5391 καὶ
2903 5337 3288 5408 ὀλοφυρόμενοι
3317 5336 3414 5407 τὴν
3435 5335 3545 5391 τῶν
3581 5335 3717 5388 πλα-

2137 5429 2396 5498 νωμένων
2425 5430 2754 5495 ἀπόστασιν,
2782 5431 2878 5482 καὶ
2897 5429 3341 5499 δυσχεραίνοντες
3369 5429 3429 5482 οὐ
3454 5427 3714 5498 μετρίως,

2139 5519 2262 5571 ἐπεί
2284 5537 2366 5572 τοι
2395 5519 2485 5573 τὸν
2513 5521 2621 5571 τῶν
2657 5519 2793 5572 ὅλων
2815 5517 3171 5590 ἀτιμάζοντες
3200 5519 3488 5586 Θεὸν,τοὺς
3518 5521 3615 5589 τῆς
3640 5520 3720 5571 εί-

2135 5607 2496 5680 δωλολατρίας
2535 5610 2677 5676 τινες
2711 5611 3038 5681 ἐπετήδευον
3065 5611 3320 5682 τρόπους.
3353 5609 3466 5662 Καὶ
3512 5609 3644 5676 γοῦν
3688 5611 3719 5663 6

2141 5703 2410 5776 μακάριός
2463 5721 2594 5775 φησι
2653 5705 2937 5776 προφήτης
2978 5701 3270 5775 Ἰεζεχιήλο
3302 5701 3719 5758 ’Δπεστέλλοντο

1592 5843 1635 5873 ³⁵
1673 5841 1775 5896 ler.
1804 5853 1898 5905 ιιι,
1935 5838 2017 5904 17,
2052 5837 2130 5892 I8.
