4110 6368
400 445 506 505 153

1319 449 1869 508 COMMENTANUS
1906 450 1973 507 IN
2012 450 2247 508 OSEAM
2290 453 2745 509 l‘iiOPllETAM.

3566 453 3668 509 iiii

403 568 501 638 μέν
531 582 675 628 τινες
712 565 851 619 κατά
882 567 982 635 τῆς
1024 568 1399 638 Ἰερουσαλὴμ,
1448 570 1699 635 πελέκεις
1729 572 1982 642 ἠρμένοι,

2087 575 2223 639 bus;
2258 576 2472 629 audisse
2504 586 2680 628 autem
2722 575 2886 627 Deum
2920 577 3067 627 clare
3103 574 3397 637 dicentem,
3443 576 3667 640 pra'cin-

399 658 597 727 ἤκουόν
621 674 683 709 τε
713 656 903 725 σαφῶς
934 656 1071 709 Θεοῦ
1119 657 1389 726 λέγοντος,
1421 659 1650 713 ἕπεσθαι
1687 663 1784 732 μὲν
1822 661 1976 733 δεῖ[ν]

401 750 479 820 τῷ
504 750 594 802 τὸν
618 748 824 819 ποδήρη
847 746 1211 819 διεζωσμὲνῳ,
1234 748 1576 817 φείδεσθαιδὲ
1594 753 1869 822 μηδενός.ι
1895 750 1983 807 Εἷ-

400 842 489 895 δον
518 840 648 912 γάρ,
690 841 841 910 φησι,
884 842 977 894 καὶ
1020 841 1127 894 ἰδοὺ
1169 841 1226 907 ἒξ
1254 841 1444 912 ἄνδρες
1488 844 1718 913 ἤρχοντο
1752 846 1838 898 διὰ
1876 849 1978 914 τῆς

405 932 584 1003 πύλης
606 932 704 1001 τῆς
731 932 1036 1002 βλεπούσης
1062 933 1197 1002 πρὸς
1216 933 1439 1005 βορρᾶν,
1463 936 1556 988 καὶ
1578 936 1793 1007 ἑκάστῳ
1816 937 1983 1002 πέλυξ

405 1025 465 1076 ὲν
516 1026 580 1095 τῇ
628 1026 771 1094 χειρὶ
802 1024 993 1088 αὑτοῦ,
1043 1025 1138 1077 καὶ
1182 1020 1304 1077 εἷπε
1359 1025 1439 1094 τῷ
1485 1028 1660 1097 ἀνδρὶ,
1716 1029 1870 1099 φησί,
1906 1030 1984 1099 τῷ

407 1114 698 1186 ἑζωσμὲνῳ
724 1116 815 1168 τὸν
867 1116 1076 1187 ποδήρη
1100 1132 1114 1146 ·
1147 1115 1330 1170 Δίελθε
1364 1117 1536 1189 μέσην
1577 1118 1677 1190 τὴν
1711 1120 1983 1191 Ἰερουσασο

406 1205 535 1275 λὴμ,
565 1206 659 1258 καὶ
682 1205 769 1269 δὺς
792 1206 852 1258 τὸ
885 1209 1111 1277 σημεῖον
1152 1207 1247 1260 ἑπὶ
1270 1208 1340 1262 τά
1370 1209 1597 1279 μέτωπα
1629 1208 1739 1263 τῶν
1773 1211 1984 1282 ἀνδρῶν

406 1299 932 1364 καταστεναζόντων,
988 1300 1083 1353 καὶ
1139 1300 1600 1372 κατοδυνωμένων
1645 1304 1738 1357 ἑπὶ
1781 1305 1984 1368 πάσαις

404 1393 523 1453 ταῖς
556 1390 789 1453 ἀδικίαις
834 1394 955 1453 ταῖς
992 1393 1306 1463 γινομέναις
1359 1395 1417 1448 ἑν
1468 1394 1618 1466 μέσῳ
1649 1396 1840 1468 αὐτῆς.
1874 1399 1985 1452 Καὶ

401 1483 611 1545 τούτοις
636 1480 789 1535 εῗπεν
815 1483 1104 1548 ἀκούοντός
1151 1502 1279 1555 μου·
1316 1487 1620 1557 Πορεύεσθε
1650 1490 1729 1553 είς
1756 1490 1856 1560 τὴν
1888 1490 1984 1543 πό-

402 1572 485 1624 λιν
517 1574 692 1626 ὀπίσω
723 1575 908 1640 αὐτοῦ,
932 1577 1027 1629 καὶ
1057 1576 1311 1645 κόπτετε,
1344 1579 1439 1632 καὶ
1472 1580 1546 1650 μὴ
1575 1580 1821 1649 φείδεσθε
1846 1597 1858 1609 ·
1890 1582 1984 1635 καὶ

402 1666 796 1738 πρεσϐύτερον,
854 1668 948 1721 καὶ
994 1669 1276 1723 νεανίσκον
1302 1712 1317 1735 ,
1354 1673 1543 1742 νήπια,
1588 1673 1684 1725 καὶ
1720 1676 1985 1741 γυναῖκας

401 1759 758 1812 ἀποκτείνατε
812 1761 893 1824 εἰς
935 1760 1233 1830 ἑξάλειψιν.
1286 1763 1408 1817 Ἐπὶ
1441 1764 1499 1817 δὲ
1541 1764 1749 1828 πάντας
1779 1766 1981 1833 ἑφόῦς

402 1850 520 1902 ἐστι
568 1850 627 1903 τὸ
680 1853 906 1919 σημεῖον
960 1852 1034 1921 μὴ
1066 1852 1343 1923 ἑγγίσητε.
1385 1874 1403 1907 ι
1452 1855 1694 1918 Ἀκούεις
1727 1858 1809 1909 ὅτι
1851 1875 1984 1910 κατ--

2085 680 2226 720 etum
2259 667 2309 719 in
2353 676 2502 721 veste
2533 666 2682 719 talari
2726 673 3102 733 sequerentur,
3140 676 3530 734 parcerentque
3574 683 3667 719 ne-

2086 760 2238 813 mini.
2276 760 2448 828 lnquit
2497 759 2683 813 enim:
2725 776 2744 809 ι
2779 757 2919 822 Vidi,
2949 768 3002 813 et
3042 774 3169 812 ecce
3201 774 3293 812 sex
3337 759 3441 812 viri
3481 759 3668 811 venie—

2088 852 2215 906 bant
2240 867 2336 920 per
2359 860 2566 919 portam
2598 851 2969 919 respicientem
3008 852 3071 902 ad
3107 851 3507 917 aquilonem,et
3546 849 3669 900 ιιιιί-

2086 946 2279 1012 cuique
2316 943 2529 997 securis
2575 944 2626 995 in
2676 958 2835 995 manu
2877 958 2993 996 sua.
3039 942 3101 995 Et
3132 941 3266 994 dixit
3320 941 3436 995 viro
3475 942 3671 993 vestito

2085 1034 2285 1087 vestitu
2321 1033 2514 1087 talari:
2554 1031 2748 1087 Transi
2782 1047 2876 1101 per
2906 1032 3137 1085 mediam
3164 1030 3488 1092 Jerusalem,
3523 1040 3576 1083 et
3602 1031 3667 1081 da

2084 1124 2297 1192 signum
2334 1138 2499 1191 super
2533 1120 2739 1175 frontes
2774 1122 3009 1174 virorum
3039 1121 3372 1190 gementium
3397 1130 3450 1173 et
3480 1120 3671 1173 dolen-

2088 1214 2217 1268 tiutn
2243 1228 2405 1283 super
2435 1214 2647 1268 cunctis
2677 1212 3049 1280 iniquitatibus
3078 1227 3196 1279 qua:
3230 1212 3366 1264 fiunt
3407 1211 3459 1264 in
3493 1209 3671 1262 tnediu

2084 1322 2295 1361 eorum.
2330 1306 2397 1363 Et
2423 1306 2560 1360 dixit
2590 1305 2717 1370 illis,
2748 1305 2998 1358 audiente
3037 1317 3162 1357 me:
3200 1302 3275 1357 Ite
3303 1303 3356 1356 in
3397 1302 3671 1356 civitatem

2085 1410 2207 1472 post
2252 1417 2397 1463 eum,
2426 1408 2479 1453 et
2518 1400 2806 1467 percutite,
2837 1406 2890 1452 et
2912 1412 3015 1449 non
3066 1396 3325 1466 parcatis,
3358 1405 3413 1448 et
3458 1409 3669 1455 senem,

2085 1502 2140 1545 et
2181 1491 2450 1557 iuvenem,
2489 1500 2544 1544 et
2590 1488 2847 1552 infantes,
2878 1498 2932 1541 et
2977 1488 3232 1541 mulieres
3278 1484 3568 1540 interficite
3604 1486 3671 1537 ad

2086 1584 2445 1649 deletionem;
2493 1597 2659 1650 super
2707 1595 2898 1635 onmes
2941 1589 3144 1641 autem,
3194 1592 3358 1645 super
3405 1592 3540 1645 quos
3590 1585 3673 1628 est

2084 1676 2320 1740 sianum,
2351 1690 2416 1727 ne
2439 1671 2880 1743 appropinqttetis
2912 1670 2978 1723 “.
3020 1688 3037 1720 ι
3079 1668 3252 1722 Audis
3280 1670 3521 1736 signatos
3550 1681 3675 1719 esse

2086 1768 2369 1836 quosdam,
2393 1773 2449 1816 ut
2478 1762 2547 1817 ab
2580 1762 2803 1825 ultione,
2838 1769 2893 1814 et
2930 1760 3030 1823 ira,
3056 1770 3111 1813 et
3139 1775 3167 1812 a
3194 1758 3348 1825 culpa
3380 1758 3672 1816 immunes,

2088 1858 2210 1925 qttia
2258 1856 2505 1909 videlicet
2554 1865 2699 1907 recte
2752 1867 2963 1921 sapere,
3008 1862 3170 1918 atque
3222 1850 3385 1903 etiam
3425 1863 3489 1900 ex
3540 1846 3673 1914 legi-

400 1938 759 2007 εσημαίνοντό
786 1957 931 2003 τινες
957 1941 1032 2002 ὡς
1061 1940 1164 2005 ἔξω
1187 1941 1360 2011 δίκης,
1387 1944 1480 1996 καὶ
1503 1942 1693 2012 θυμοῦ,
1717 1946 1812 1998 καὶ
1841 1946 1982 1999 άπά-

2090 1949 2188 2003 bus
2236 1948 2431 2010 vivere,
2460 1955 2514 2000 et
2563 1944 2827 2014 justitiam
2866 1941 3198 2010 colere,”
3239 1950 3293 1992 et
3329 1938 3673 1991 dilectionem

404 2046 505 2096 σης
546 2030 697 2094 ὄντες
740 2032 940 2113 αἰτίας,
973 2032 1059 2087 διά
1083 2051 1166 2088 τοι
1193 2035 1256 2088 τὺ
1287 2034 1501 2088 ἑλέσθαι
1530 2040 1748 2107 φρονεῖν
1776 2040 1983 2107 ὀρθῶς,

401 2124 497 2175 καὶ
530 2124 637 2194 μὴν
680 2127 772 2177 καὶ
808 2124 957 2194 βιοῦν
1000 2126 1242 2197 ἐννόμως
1264 2170 1277 2190 ,
1312 2129 1405 2182 καὶ
1441 2127 1793 2201 δικαιοσύνης
1821 2131 1988 2184 άπτε-

407 2212 568 2277 σθαι,
600 2213 693 2267 καί⁸
724 2215 825 2282 τῆς
860 2215 941 2278 εἰς
978 2216 1110 2268 Θεὸν
1132 2218 1356 2288 ἀγάπης
1384 2219 1804 2291 άνεπιπλήκτως
1834 2223 1983 2292 ὲρᾷν.

414 2305 503 2357 Ἐν
520 2304 577 2357 δέ
592 2322 656 2373 γε
677 2308 741 2376 τῇ
766 2306 1050 2379 Σαμαρείᾳ
1072 2308 1380 2381 όλοτρόπως
1398 2310 1683 2375 ἐξώκειλεν
1699 2313 1727 2365 ὁ
1750 2312 1985 2385 Ἰσραὴλ,

403 2398 536 2461 οὐδ’,
567 2398 690 2450 ὅσον
715 2399 912 2464 εἰπεῖν,
943 2398 1043 2452 κᾶν
1070 2399 1200 2467 γοῦν
1229 2403 1448 2472 μνήμης
1467 2403 1608 2473 τάχα
1634 2421 1736 2456 που
1762 2404 1828 2457 τὰ
1854 2406 1987 2458 Μω-

403 2490 540 2551 σέως
567 2486 767 2554 ἀξιῶν,
798 2491 1109 2561 μαχομένην
1134 2493 1189 2545 δὲ
1218 2492 1409 2564 ὥσπερ
1446 2494 1542 2547 καὶ
1579 2498 1660 2558 εἰς
1706 2495 1853 2549 ἅπαν
1891 2497 1988 2550 ai)-

400 2583 512 2642 τοῖς
540 2582 999 2651 ἀντιτεταγμένην
1022 2583 1314 2655 ἐπετήδευε
1342 2583 1510 2656 ζωὴν,
1563 2586 1640 2650 ὡς
1670 2589 1763 2641 καὶ
1791 2588 1987 2661 ἐχθρὸν

401 2672 649 2742 ἡγεῖσθαι
684 2672 776 2726 τὸν
823 2673 918 2727 τοῦ
973 2673 1108 2727 Θεοῦ
1148 2675 1309 2745 νόμον
1336 2692 1349 2705 ’
1381 2677 1503 2730 ὅσον
1534 2678 1659 2747 ἥκει
1686 2679 1889 2745 εἰπεῖν,
1912 2680 1988 2741 ὡς

404 2763 538 2833 μηδὲ
564 2763 761 2818 εἰδέναι
789 2764 963 2818 θέλειν
990 2766 1175 2831 αὑτὸν,
1201 2767 1490 2837 ἀτιμάζειν
1514 2768 1571 2822 δὲ
1597 2769 1690 2823 τὸν
1710 2772 1987 2841 παιδαγω-

399 2854 515 2922 γὸν,
546 2853 720 2907 καίτοι
771 2855 965 2919 σώζειν
1008 2857 1206 2921 εἰδότα,
1232 2859 1329 2910 καὶ
1375 2859 1735 2930 ἀποκομίζειν
1754 2856 1812 2915 εὗ
1843 2863 1987 2931 μάλα

398 2948 691 3018 δυνάμενον
748 2950 829 3013 είς
872 2949 1002 3019 εύθῆ
1054 2968 1113 3003 τε
1170 2950 1266 3004 καὶ
1312 2952 1746 3007 ἀκατάσκωπτον
1817 2954 1984 3026 ζωήν.

404 3042 579 3096 Τοῦτο
631 3043 834 3103 τοίνυν,
887 3042 963 3104 ὡς
998 3041 1195 3103 ἔοικεν,
1235 3044 1263 3095 ὁ
1309 3044 1649 3114 προφητικὸς
1691 3045 1987 3099 αἰνίττεται

397 3129 573 3200 λόγος.
609 3132 908 3201 Πεποίηται
939 3132 996 3185 δὲ
1053 3134 1169 3201 μετ’
1196 3133 1392 3203 ῆθους,
1432 3134 1507 3196 ὡς
1556 3134 1713 3205 ἔφην.
1746 3154 1763 3185 ι
1806 3137 1985 3189 Κατε-

401 3222 727 3276 δυνάστευσε
787 3224 928 3293 γάρ,
975 3224 1172 3292 φησιν,
1219 3226 1248 3277 ὁ
1289 3224 1529 3295 Ἐφραῒμ
1576 3226 1667 3279 τὸν
1717 3227 1984 3281 ἀντίδικον

400 3314 586 3381 αὐτοῦ,
623 3333 641 3365 ι
685 3315 805 3369 ἀντὶ
832 3314 946 3375 τοῦ,
975 3314 1147 3383 Νίκην
1176 3316 1581 3385 ἑκτοπωτάτην,
1627 3318 1721 3370 καὶ
1753 3317 1975 3390 ὀλέθρου

399 3407 658 3475 πρόξενον
684 3407 967 3477 νενίκηκεν
1003 3408 1031 3458 ό
1074 3405 1349 3476 Ἐφραῒμ,
1381 3407 1876 3462 κατεδυνάστευσεν
1908 3410 1984 3474 ὡς

399 3500 530 3551 ἴδιον
586 3498 815 3569 ἐχθρὸν,
856 3498 1134 3561 τουτέστι,
1178 3498 1431 3564 νενίκηκε
1495 3499 1729 3566 γενικῶς
1786 3501 1846 3553 ὃν
1884 3519 1985 3572 με·

402 3586 601 3658 μίσηκε
624 3588 807 3657 νόμον.
841 3585 1059 3657 Ἐπειδὴ
1088 3586 1146 3639 δέ
1177 3588 1323 3640 ἑστιν
1341 3587 1583 3660 ἀμυδρὸς
1605 3591 1633 3642 ὁ
1667 3589 1844 3659 λόγος,
1873 3592 1988 3645 ἑτέ-

400 3696 510 3749 ρως
536 3677 663 3731 αὐτὸ
694 3678 989 3749 διατρανοῖ,
1023 3678 1195 3747 λέγων
1218 3696 1229 3708 ·
1267 3698 1285 3730 ι
1312 3680 1676 3752 Κατεπάτησε
1732 3686 1927 3754 κρῖμα,
1957 3704 1976 3735 ι

396 3768 695 3830 τουτέστιν,
728 3769 789 3821 ού
830 3768 1194 3838 πεφρόντικεν
1222 3767 1359 3830 ὅλως
1389 3768 1488 3837 τῆς
1518 3770 1577 3821 ἑν
1607 3771 1755 3842 νόμω
1788 3771 1985 3825 δικαιο-

400 3858 586 3928 σύνης.
645 3859 755 3911 Ἀεὶ
784 3858 891 3929 γάρ
932 3876 1049 3922 πως
1078 3858 1140 3911 τὸ
1168 3860 1673 3929 καταπατούμενον,
1700 3863 1759 3914 ἐν
1790 3861 1985 3933 ἀτιμίᾳ

397 3954 618 4018 νοεῖται,
659 3951 752 4003 καὶ
791 3950 1001 4013 οὐδενὸς
1046 3949 1192 4014 ἄξιον
1225 3951 1619 4021 καταφωρᾶται
1655 3950 1837 4019 λόγου.
1874 3952 1983 4005 Καὶ

396 4044 527 4112 γοῦν
566 4044 595 4096 ό
630 4042 829 4111 Κύριος
888 4040 1043 4112 ἡμῶν
1084 4040 1296 4112 Ἰησοῦς
1343 4041 1601 4113 Χριστὸς,
1658 4060 1676 4093 ι
1714 4042 1893 4096 Καλὸν
1922 4044 1983 4096 τὸ

396 4136 551 4199 ἃλας,
611 4134 808 4204 φησίν·
849 4135 942 4186 ἑὰν
976 4132 1033 4185 δὲ
1071 4132 1132 4185 τὸ
1171 4132 1303 4197 ἆλας
1348 4132 1626 4204 μωρανθῇ,
1647 4134 1704 4186 ἑν
1727 4134 1832 4187 τίνι
1866 4134 1983 4188 άλι-

399 4227 689 4298 σθήσεταις
724 4227 815 4288 Εἰς
847 4224 998 4279 οὐδὲν
1025 4223 1314 4295 ῖσχύειὲτι,
1336 4226 1383 4277 εί
1418 4226 1491 4295 μὴ
1516 4224 1823 4297 [βε]6ληθὲν
1853 4226 1979 4293 ἔξω,

403 4317 836 4372 καταπατεῖσθαι
883 4315 987 4368 ὑπὸ
1029 4314 1135 4368 τῶν
1189 4314 1515 4384 ἀνθρώπων.
1557 4336 1574 4367 ι
1607 4316 1777 4370 Ὅταν
1802 4316 1983 4371 τοίνυν

397 4413 570 4482 κρῖμα
602 4409 757 4481 λέγῃ,
782 4410 996 4478 νοήσεις
1020 4408 1111 4460 τὸν
1134 4408 1316 4477 νόμον.
1339 4406 1494 4461 Οὕτω
1523 4409 1616 4461 καὶ
1634 4411 1662 4462 ὁ
1696 4407 1983 4473 θεσπέσιος

397 4500 562 4554 Δαεὶδ
584 4499 864 4569 ὀνομάζων
898 4498 1081 4561 αὐτὸν,
1116 4499 1389 4565 άναφωνεί
1418 4498 1553 4570 πρὸς
1584 4498 1750 4552 Θεόν·
1788 4518 1806 4550 ι
1846 4501 1981 4571 Κρῖο

2086 2055 2212 2109 erga
2264 2040 2426 2091 Deum
2472 2038 2739 2091 sinceram
2788 2035 2987 2088 habere
3033 2033 3332 2085 voluerunt.
3386 2030 3439 2083 In
3479 2030 3673 2083 Sama-

2088 2133 2166 2185 ria
2200 2146 2328 2185 veru
2358 2128 2685 2182 omnimodis
2724 2126 2776 2180 in
2804 2124 3067 2179 offensam
3095 2123 3322 2177 incurrit
3349 2121 3532 2181 Israel.
3562 2119 3674 2173 for-

2090 2223 2247 2276 tassis
2293 2234 2390 2273 nec
2420 2219 2669 2288 dignatus
2712 2212 3021 2269 meminisse
3053 2212 3305 2271 Mosaica,
3334 2210 3479 2263 velut
3517 2223 3674 2273 repu-

2087 2323 2360 2383 gnantem,
2390 2320 2446 2367 et
2478 2312 2727 2364 universe
2749 2309 2855 2362 illis
2904 2308 3282 2361 adversantem
3343 2314 3676 2371 persequens

2092 2407 2277 2469 vitam,
2311 2414 2366 2458 ut
2405 2405 2586 2458 'etiam
2626 2404 2715 2456 Dei
2772 2402 2946 2471 legem
2980 2399 3253 2453 inimicam
3301 2395 3669 2449 arbitraretur

2088 2497 2508 2565 quo-.lauunodo,
2546 2505 2599 2548 et
2629 2510 2747 2547 eam
2798 2507 2897 2547 nee
2946 2506 3107 2545 nosse
3138 2489 3319 2553 vellet,
3359 2494 3672 2557 sperneret-

2086 2603 2192 2657 que
2230 2588 2606 2657 predagngum,
2643 2585 2892 2655 quamvis
2949 2598 3203 2644 servare,
3240 2589 3295 2635 et
3349 2580 3415 2633 ad
3465 2588 3667 2631 rectam

2089 2677 2329 2746 nullique
2346 2677 2627 2730 calumnia:
2657 2675 2943 2729 obnoxiam
2976 2674 3140 2726 vitam
3168 2672 3368 2739 optime
3402 2671 3674 2723 adducere

2088 2778 2293 2838 posset.
2331 2769 2444 2823 Hoc
2478 2768 2662 2835 igitur,
2689 2777 2747 2821 ut
2779 2768 3011 2831 videtur,
3036 2764 3345 2834 prophetica
3382 2763 3547 2815 verba
3590 2759 3674 2813 in-

2087 2862 2324 2916 sinuant.
2358 2858 2567 2912 llabent
2595 2870 2773 2913 autem
2807 2858 3174 2921 festivitatem,
3207 2873 3300 2910 seu
3329 2856 3581 2918 ironiam,
3616 2864 3673 2907 ut

2088 2954 2221 3008 dixi.
2284 2954 2376 3007 Ait
2415 2954 2581 3018 enim,
2614 2972 2631 3005 ι
2658 2953 2929 3023 oppressit
2984 2950 3241 3019 Ephraim
3294 2948 3672 3001 adversarium

2078 3059 2272 3108 suum,
2306 3063 2325 3095 ι
2364 3059 2480 3112 pro,
2518 3043 2741 3095 victoria
2799 3040 3134 3108 turpissima,
3162 3048 3218 3091 et
3264 3037 3490 3090 exitiosa
3547 3034 3677 3087 sit-it

2087 3137 2366 3207 Ephraitn.
2418 3134 2698 3205 Oppressit
2738 3141 2795 3188 ut
2830 3134 3039 3188 hostem
3078 3148 3257 3196 suum,
3288 3130 3389 3182 hoc
3423 3126 3677 3191 esl,vicit

2089 3243 2348 3298 generose
2384 3227 2551 3296 legem
2582 3243 2741 3295 quam
2773 3226 2981 3279 oderat.
3030 3223 3161 3290 Quia
3207 3238 3334 3275 vero
3365 3221 3540 3275 oratio
3597 3232 3676 3271 te-

2087 3319 2228 3371 etior
2260 3327 2364 3379 est,
2402 3318 2555 3370 aliter
2592 3317 2761 3385 ipsam
2790 3315 3047 3377 declarat,
3074 3314 3261 3368 dicens
3290 3330 3302 3365 :
3340 3334 3355 3360 ι
3381 3310 3673 3365 Concule

2085 3411 2163 3464 vit
2184 3409 2469 3478 judicium,
2504 3428 2522 3460 ι
2564 3409 2665 3462 hoc
2693 3417 2799 3472 est,
2855 3405 3121 3473 justitiam
3152 3404 3264 3472 lege
3296 3411 3668 3471 prtescrtptam

2089 3503 2237 3555 nullo
2270 3503 2427 3555 modo
2458 3501 2700 3566 curavit;
2725 3514 2938 3567 semper
2971 3497 3116 3551 enim
3149 3496 3288 3565 quod
3321 3494 3672 3548 conculcatur

2086 3593 2412 3662 despicabile
2464 3593 2829 3661 cognoscitur,
2862 3590 3119 3655 nullaque
3167 3587 3527 3641 :cstimatione
3582 3585 3668 3639 di-

2087 3700 2248 3753 gnum
2293 3682 2734 3749 deprehenditur.
2769 3679 2951 3747 Quare
2994 3679 3253 3731 Dominus
3302 3686 3486 3730 noster
3517 3672 3673 3729 Jcsus

2084 3772 2353 3837 Christus,
2374 3792 2392 3823 ι
2425 3772 2626 3824 Bonum
2645 3771 2839 3835 estsal,
2860 3790 2878 3821 ι
2904 3769 3074 3836 inquit
3100 3786 3115 3835 ;
3150 3786 3168 3819 ι
3195 3768 3236 3819 si
3261 3777 3440 3820 autem
3454 3765 3531 3820 sal
3549 3782 3674 3820 eva-

2087 3864 2286 3927 ltuerit,
2317 3863 2367 3914 in
2400 3876 2507 3929 quo
2539 3860 2803 3914 salietttr?
2834 3859 2912 3912 Ad
2938 3860 3161 3912 nihilum
3201 3857 3341 3910 valet
3374 3855 3535 3919 ultra,
3566 3853 3671 3908 nisi

2086 3962 2145 4008 ut
2171 3955 2416 4007 mittatur
2441 3952 2609 4017 foras,
2635 3962 2690 4007 et
2721 3952 3071 4006 conculcetur
3096 3953 3163 4003 ab
3192 3949 3503 4004 hominibus
3532 3948 3602 4000 ".
3645 3963 3667 3998 ι

2084 4047 2253 4117 Igitur
2285 4061 2381 4114 per
2405 4045 2667 4115 judicium
2722 4043 2959 4112 intellige
3003 4044 3193 4109 legem.
3229 4041 3304 4095 lta
3368 4052 3422 4095 et
3456 4042 3673 4094 divinus

2088 4136 2278 4203 David,
2314 4150 2432 4189 eam
2465 4133 2772 4195 nominans.
2802 4133 2968 4187 Deum
2998 4128 3232 4187 aﬂatur:
3269 4149 3289 4183 ι
3324 4130 3594 4186 Judieinm
3620 4140 3675 4184 et

2077 4228 2342 4300 justitiam
2370 4228 2422 4281 in
2443 4226 2609 4281 Jacob
2664 4236 2716 4277 tu
2744 4226 2918 4280 fecisti
2943 4224 3085 4278 “"’.
3113 4244 3132 4276 ι
3158 4224 3248 4277 Dei
3272 4226 3414 4278 enim
3447 4233 3531 4278 est
3563 4225 3672 4289 lex,

2084 4321 2281 4376 dictata
2307 4334 2403 4389 per
2422 4317 2658 4385 angelos.
2689 4314 2888 4369 Verum
2908 4317 3184 4370 enimvero
3205 4330 3324 4384 quae
3354 4330 3517 4368 causa
3547 4313 3663 4368 fue-

2087 4414 2179 4478 rit,
2217 4414 2386 4481 legent
2442 4428 2538 4481 pro
2589 4411 2742 4465 hoste
2770 4410 3024 4475 ducendi,
3057 4420 3113 4462 et
3141 4407 3403 4477 judicium
3441 4407 3671 4461 concula

2084 4504 2271 4567 candi,
2309 4518 2433 4558 mox
2464 4503 2720 4569 deinceps
2753 4500 2987 4552 ostendit
3012 4499 3096 4552 his
3124 4498 3324 4562 verbis,
3357 4514 3374 4546 ι
3407 4498 3531 4564 quia
3556 4512 3673 4551 ca:-

400 4610 477 4663 μα
521 4594 613 4645 καὶ
651 4590 997 4659 δικαιοσύνην
1033 4592 1090 4643 ἑν
1126 4591 1321 4643 Ἰακὼϐ
1360 4591 1423 4643 σὺ
1474 4591 1756 4661 ἐποίησας.
1798 4610 1816 4642 ι
1844 4590 1979 4644 Θεοῦ

2088 4596 2165 4662 pit
2201 4595 2353 4647 abire
2386 4602 2506 4663 post
2533 4608 2694 4645 vana.
2720 4610 2738 4641 ι
2776 4590 3109 4658 Principium
3166 4589 3323 4655 hujus
3367 4587 3563 4653 :norbi,
3593 4588 3673 4640 itt-

397 4686 506 4755 γὰρ
538 4687 567 4737 ὁ
598 4685 780 4754 νόμος,
806 4684 896 4735 καί
925 4683 972 4735 εἰ
1017 4682 1258 4736 λαλεῖται
1298 4683 1365 4736 δι’
1398 4682 1665 4751 ἀγγέλων.
1713 4682 1873 4737 Ἀλλά
1900 4684 1984 4747 τίς

399 4779 432 4847 ή
460 4775 729 4847 πρόψασις
771 4774 887 4837 τοῦ,
922 4775 1014 4826 καὶ
1053 4774 1244 4843 ἐχθρὸν
1296 4773 1601 4843 ἡγήσασθαι
1645 4773 1737 4826 τὸν
1778 4774 1940 4842 νόμον
1964 4813 1979 4839 ,

399 4868 493 4919 καὶ
528 4864 913 4934 καταπατῆσαι
944 4866 1003 4917 τὸ
1035 4867 1228 4936 κρῖμα,
1256 4864 1538 4935 παρέδειξε
1588 4865 1770 4928 πάλιν,
1819 4865 1983 4929 εὐθὺς

394 4957 583 5023 εἰπὼν,
608 4977 625 5008 ι
642 4958 761 5011 Ὀτι
788 4957 991 5027 ἤρξατο
1021 4955 1653 5026 πορεύεσθαιόπίσωτὼν
1676 4956 1975 5026 ματαίων.»

407 5049 574 5119 Ἀρχὴ
600 5048 701 5117 τῆς
730 5047 941 5100 τοιᾶσδε
968 5046 1148 5106 νόσου,
1178 5048 1332 5113 φησι,
1383 5047 1445 5098 τὸ
1474 5049 1639 5116 τιμᾷν
1666 5046 1885 5099 ἑλέσθαι
1913 5045 1983 5099 τὰ

400 5142 623 5209 μάταια,
655 5140 750 5191 καὶ
781 5138 1205 5192 κατακολουθεῖν
1239 5136 1499 5201 εἰδώλοις.
1545 5138 1849 5207 Ἀμήχανον
1879 5138 1986 5209 γὰρ

396 5234 454 5283 ἐν
486 5230 669 5301 ταυτῷ
696 5230 789 5283 καὶ
816 5230 934 5300 Θεῷ
962 5230 1222 5284 δύνασθαι
1285 5229 1725 5291 κατακολουθεῖν,
1756 5232 1985 5293 καὶτοῖς

396 5325 677 5392 πονηροῖς,
717 5323 811 5376 καὶ
854 5322 1186 5392 ἀκαθάρτοις
1244 5322 1538 5386 πνεύμασι.
1574 5321 1674 5373 Διά
1706 5320 1864 5373 τοῦτο
1890 5320 1984 5373 καὶ

398 5415 423 5466 ό
454 5414 738 5477 θεσπέσιος
774 5413 976 5482 γράφει
1028 5412 1236 5475 Παῦλος
1256 5430 1270 5442 ·
1314 5433 1332 5464 ι
1373 5414 1445 5465 Οὐ
1475 5411 1701 5464 δύνασθε
1725 5412 1984 5481 ποτήριον

394 5504 489 5555 τοῦ
548 5505 753 5570 Κυρίου
799 5503 994 5566 πίνειν,
1042 5505 1135 5557 καὶ
1184 5505 1441 5574 ποτήριον
1488 5502 1803 5571 δαιμονίων.
1853 5522 1871 5554 ι
1902 5502 1977 5555 Oti

395 5594 625 5647 δύνασθε
671 5595 949 5666 τραπέζης
974 5596 1179 5666 Κυρίου
1233 5595 1500 5665 μετέχειν,
1547 5595 1643 5647 καὶ
1695 5594 1977 5663 τραπέζης

396 5686 707 5757 δαιμονίων.
739 5688 1085 5758 Μονότροπος
1115 5689 1221 5759 γάρ
1245 5688 1273 5739 ὁ
1298 5684 1572 5755 θεοφιλὴς,
1600 5684 1969 5756 ἀλλοπρόσαλ-

469 5885 735 5941 "Eu-ch.
770 5902 842 5950 l.\,
878 5886 991 5940 2-6.
1074 5886 1111 5916 ³⁷
1159 5884 1345 5941 Matth.
1386 5901 1435 5949 v,
1481 5885 1559 5939 15.

1638 5884 1753 5916 ³⁸³⁵⁸
1787 5884 1929 5940 Ρειιι.
1966 5898 2149 5948 ϊωίιι,
2182 5883 2231 5937 ι.

2088 4687 2227 4755 quit,
2257 4686 2471 4740 dedisse
2500 4700 2557 4739 se
2580 4684 2737 4738 vanis
2770 4681 3124 4743 honoraudis,
3171 4690 3225 4735 et
3271 4688 3514 4733 secutum
3551 4695 3674 4733 esse

2091 4779 2249 4831 idola.
2281 4776 2422 4831 Fieri
2451 4776 2722 4831 enimnon
2753 4782 2932 4842 potest
2984 4783 3041 4825 ut
3072 4772 3124 4825 iu
3155 4770 3341 4825 eodem
3392 4780 3446 4824 et
3501 4768 3669 4824 Deum

2087 4880 2142 4923 et
2173 4886 2402 4938 nequam
2438 4878 2601 4938 atque
2627 4866 2935 4920 innnundos
2966 4864 3192 4933 spiritus
3226 4864 3494 4933 sequaris.
3528 4863 3673 4929 Quu-

2086 4961 2233 5015 circa
2267 4970 2321 5014 et
2368 4959 2583 5013 divinus
2611 4956 2848 5010 Paulus:
2883 4974 2901 5005 ι
2930 4953 3045 5008 Non
3085 4954 3325 5023 potestis,
3367 4955 3556 5022 inquit,
3592 4953 3671 5005 bi-

2090 5054 2215 5107 bere
2246 5051 2469 5105 calicem
2525 5049 2731 5104 Domini
2774 5057 2830 5102 et
2871 5048 3093 5101 calicem
3136 5047 3521 5100 daemoniorum
3544 5046 3611 5099 ³⁸.
3646 5065 3665 5095 ι

2095 5144 2333 5196 Moribus
2358 5142 2554 5211 quippe
2576 5139 2863 5193 uniformis
2890 5149 2974 5193 est
3001 5138 3091 5208 qui
3125 5137 3300 5207 diligit
3324 5138 3490 5191 Deum
3517 5154 3531 5201 ;
3562 5152 3670 5189 um.

2098 5234 2275 5286 labilis
2324 5242 2523 5296 autem,
2553 5240 2608 5284 et
2662 5227 2949 5292 fluctuans,
2977 5238 3032 5281 et
3062 5238 3293 5297 utroque
3326 5241 3540 5281 versum
3589 5227 3669 5279 ire

2086 5339 2284 5391 gnarus
2317 5326 2628 5385 subversor,
2652 5330 2706 5374 et
2743 5320 2899 5375 facile
2933 5320 3133 5375 vadens
3156 5336 3261 5388 quo
3307 5335 3428 5373 sors
3458 5319 3665 5373 tulerit.

2091 5433 2110 5465 ι
2138 5421 2324 5481 Itaque
2358 5411 2485 5467 facti
2516 5422 2661 5476 sunt,
2698 5411 2898 5480 inquit,
2936 5411 3212 5479 principes
3239 5408 3374 5465 Juda
3406 5420 3464 5463 ιιι
3490 5418 3669 5463 trans-

2083 5513 2344 5576 ponentes
2402 5505 2680 5558 terminos.
2704 5501 2987 5571 Oppressit
3012 5517 3139 5555 vero
3174 5512 3229 5556 et
3264 5500 3520 5570 Epitraim
3572 5502 3669 5553 ad-

2079 5597 2376 5651 versarium
2405 5605 2655 5660 suum,et
2681 5594 3023 5649 conculcavit
3042 5594 3321 5661 judicium.
3345 5593 3449 5648 Ero
3476 5601 3661 5645 autem

2079 5690 2133 5744 in
2158 5698 2429 5758 posterum
2456 5688 2611 5756 quasi
2638 5687 2984 5743 conturbatio
3010 5686 3286 5755 Ephraitn,
3305 5695 3359 5740 et
3380 5682 3535 5756 quasi
3568 5683 3666 5737 sti-

2313 5883 2357 5915 "
2384 5882 2400 5937 Ι
2428 5884 2551 5938 Cor.
2582 5900 2633 5948 κ,
2670 5884 2757 5938 9.0.
