4110 6368
443 457 550 514 155

1437 459 1494 516 S.
1538 459 1808 515 CYRlLLl
1849 460 2323 518 ALEXANDRINI
2357 461 2674 518 ARCHIEP.

3596 458 3699 515 l56

442 570 618 624 trulus
653 569 716 624 Ju
741 571 809 625 la.
848 592 866 624 ι
908 571 1082 640 Quod,
1119 574 1247 641 quid
1289 575 1361 629 sit
1421 590 1645 630 necesse
1678 585 1761 630 est
1807 593 2016 630 accura-

2131 578 2222 641 λος
2257 580 2313 632 δὲ
2340 580 2432 632 καὶ
2459 576 2875 646 σεσαλευμένος,
2893 575 2985 628 καὶ
3008 575 3094 628 ἐπ’
3115 574 3282 645 ἄμφω
3305 573 3504 644 βαίνειν
3527 573 3700 640 εἰδὼς,

443 659 550 712 tius
576 659 912 729 indagemus.
975 662 1076 714 Alii
1115 663 1279 730 igitur
1313 664 1638 733 interpretes
1671 682 1767 734 pro
1791 683 1807 715 ι
1838 668 2020 719 turha-

447 752 540 809 tio,
571 768 588 800 ι
623 763 882 805 contestor
917 754 1284 820 reddiderunt,
1320 765 1375 810 et
1403 770 1499 823 pro
1531 775 1548 807 ι
1579 757 1844 818 stimulus,
1870 777 1888 808 ι
1925 774 2016 824 pu-

445 841 612 895 tredo.
642 842 746 911 91
776 844 844 896 At
887 843 1237 915 Septuaginta
1278 846 1632 901 turbationem
1669 856 1722 902 et
1752 849 2019 900 stimulum

446 934 812 986 nominarunt.
831 934 1166 991 Conturbato
1193 937 1338 990 enim
1365 953 1467 992 non
1503 938 1712 992 modice
1742 938 2017 1008 Ephraim,

449 1025 560 1078 sive
591 1026 771 1079 decem
805 1029 1048 1082 tribubus
1075 1041 1292 1098 propter
1320 1029 1514 1084 bellum
1556 1031 1750 1098 partim
1787 1047 1814 1082 a
1855 1031 2020 1084 [initi-

447 1117 550 1170 mis
581 1116 752 1186 Syris,
781 1121 973 1185 partim
1013 1135 1042 1172 a
1076 1119 1257 1175 Persis
1283 1130 1336 1174 et
1359 1121 1598 1191 Assyriis
1625 1122 1905 1190 ingruens,
1931 1123 2023 1174 do-

446 1209 592 1264 lebat
629 1210 886 1277 graviter,
924 1227 1026 1265 nec
1059 1219 1248 1279 parum
1291 1211 1616 1267 formidabat
1669 1212 1835 1267 Judas
1864 1231 1878 1278 ;
1910 1217 2023 1269 sive

445 1301 625 1368 potius
653 1301 832 1355 animo
862 1302 1126 1356 :estuabat
1150 1304 1516 1369 vehementer,
1547 1304 1686 1371 quod
1713 1303 2020 1371 propediem

446 1393 615 1461 paria,
635 1403 725 1446 aut
758 1393 912 1463 longe
937 1395 1202 1449 deteriora
1229 1396 1368 1449 mala
1396 1395 1446 1449 in
1471 1395 1777 1450 cervicibus
1803 1395 1902 1448 sibi
1937 1395 2022 1449 {u-

448 1493 562 1534 tura
584 1484 867 1537 divinaret.
889 1483 1300 1554 Ingravescente
1322 1487 1466 1540 enim
1498 1485 1732 1548 bello,et
1765 1485 2023 1542 Samaria!

444 1573 638 1642 oppida
691 1585 933 1643 urgente,
970 1590 1190 1630 necesse
1219 1585 1337 1630 erat
1366 1577 1551 1643 utique
1583 1575 1831 1643 ﬁnitima,
1861 1576 2019 1640 Jnda,

446 1665 690 1734 inquam,
723 1676 777 1718 et
811 1667 1105 1735 Benjamin,
1131 1668 1288 1722 simul
1320 1670 1514 1737 perire.
1547 1670 1903 1735 Quamobrem
1937 1672 2022 1726 hic

447 1758 684 1826 turbatio
716 1759 837 1812 belli
864 1760 1112 1813 hostilem
1141 1761 1716 1824 adventum,stimulus
1741 1772 1920 1815 autem
1955 1777 2022 1815 ex

446 1851 666 1904 tristitia
696 1861 752 1906 et
807 1867 1042 1907 nitet-ore
1076 1853 1376 1910 cruciatum
1411 1853 1732 1911 subindicat.
1765 1869 1793 1905 a
1827 1853 2021 1921 quibus

2122 671 2150 722 6
2193 668 2508 736 ἀνασφαλὴς
2531 707 2546 731 ,
2586 667 2678 719 καὶ
2710 667 2795 735 ἐφ’
2825 667 2960 736 ὅπερ
2993 664 3057 717 ἂν
3094 681 3245 734 τυχοι
3280 661 3507 733 βαδίζων
3545 663 3702 715 εὐκό-

2122 759 2249 823 λως.
2297 758 2528 822 Οὐκοῦν,
2594 778 2610 808 ι
2646 757 2906 826 Γεγόνασι
2943 757 3042 825 μὲν
3085 756 3135 807 οἱ
3189 754 3446 826 ἄρχοντες
3509 755 3701 818 Ἰούδα,

2123 851 2308 921 φησὶν,
2338 850 2414 913 ὡς
2437 848 2816 919 μετατιθέντες
2844 847 2988 919 ὅρια.
3017 845 3497 899 Κατεδυνάστευσε
3521 845 3576 898 δὲ
3611 847 3702 898 καὶ

2121 942 2151 994 6
2191 940 2431 1012 Ἐφραῖμ
2476 941 2568 993 τὸν
2613 939 2882 992 ἀντίδικον
2908 939 3094 1002 αὐτοῦ,
3143 937 3489 1007 κατεπάτησε
3527 937 3583 989 δὲ
3609 937 3702 990 καὶ

2121 1034 2330 1103 κρῖμα’
2389 1031 2583 1100 ἔσομαι
2613 1031 2669 1084 δὲ
2714 1031 2897 1084 λοιπὸν
2940 1031 3015 1094 ὡς
3060 1029 3272 1100 ταραχὴ
3321 1028 3400 1099 τῷ
3441 1026 3699 1098 Ἐφραῒμ,

2123 1124 2216 1176 καὶ
2235 1123 2310 1186 ὡς
2330 1122 2550 1194 κέντρον
2570 1121 2646 1193 τῷ
2675 1121 2861 1174 Ἰούδα.
2877 1141 2894 1171 ι
2921 1120 3032 1174 Καὶ
3051 1121 3102 1174 τί
3122 1120 3187 1191 δὴ
3208 1120 3364 1174 τοῦτο
3386 1122 3523 1182 ἐστι,
3547 1117 3706 1170 πολυ-

2123 1210 2459 1278 πραγμονεῖν
2485 1209 2802 1276 ἀναγκαῖον.
2833 1211 2895 1260 Οἱ
2939 1208 3038 1278 μὲν
3077 1203 3172 1261 οὖν
3197 1209 3376 1276 ἕτεροι
3399 1207 3507 1260 τῶν
3538 1209 3706 1278 ἑρμη-

2123 1300 2346 1362 νευτῶν,
2371 1301 2490 1353 ἀντὶ
2522 1300 2616 1352 τοῦ
2663 1319 2682 1351 ι
2723 1300 2956 1372 ταραχὴ,
2990 1318 3009 1351 ι
3032 1301 3320 1370 ,ϐρωστὴρ
3376 1301 3661 1370 εἰρήκασιν
3687 1315 3701 1328 ο

2123 1393 2242 1444 ἀντι
2266 1393 2322 1444 δὲ
2352 1412 2370 1442 ι
2398 1391 2490 1444 τοῦ
2526 1392 2771 1463 κέντρου,
2806 1392 3024 1462 »σῆψις
3050 1394 3102 1445 ὀί
3129 1391 3185 1445 δέ
3218 1409 3279 1460 γε
3303 1392 3706 1462 Ἐὃδομήκοντα

2123 1482 2413 1552 ταραχὴν,
2430 1483 2542 1545 καὶ,
2560 1481 2810 1551 κέντρον
2824 1484 3134 1554 ὠνόμασαν.
3157 1484 3566 1554 Θορυϐουμένου
3591 1481 3702 1553 γὰρ

2123 1577 2183 1627 οὐ
2209 1573 2440 1644 μετρίως
2475 1573 2570 1627 τοῦ
2601 1574 2856 1644 Ἐφραῒμ,
2884 1575 3002 1646 ἦτοι
3041 1574 3150 1628 τῶν
3183 1575 3316 1628 δέκα
3347 1573 3554 1644 φυλῶν,
3598 1573 3704 1626 ὑπὸ

2122 1664 2214 1717 τοῦ
2255 1665 2706 1736 κατασκήψαντος
2753 1669 2934 1731 αὐτοῖς
2965 1667 3227 1738 πολέμου,
3264 1668 3424 1721 τοῦτο
3466 1669 3564 1738 μὲν
3598 1666 3703 1720 ὑπὸ

2122 1758 2360 1826 γείτονος
2405 1758 2495 1811 τοῦ
2530 1759 2679 1829 παρὰ
2701 1759 2906 1831 Σύρων,
2947 1762 3109 1832 φημὶ,
3150 1761 3310 1813 τοῦτο
3349 1760 3406 1813 δὲ
3462 1760 3568 1813 ὑπὸ
3606 1758 3701 1812 τοῦ

2123 1849 2390 1920 Περσικοῦ
2411 1851 2503 1904 καὶ
2520 1853 2584 1902 ὲκ
2597 1851 2694 1919 τῆς
2715 1852 2822 1905 τῶν
2854 1852 3152 1921 Ἀσσυρίων
3169 1853 3394 1922 ἥκοντος
3419 1851 3622 1921 χώρας,
3641 1852 3700 1904 ὲν

444 1945 697 1998 tutissimi
730 1954 889 1998 erunt
929 1959 1121 2020 sapere
1155 1945 1395 1996 volentes
1449 1960 1568 2012 quae
1599 1942 1798 1997 Christi
1860 1953 2016 1996 sunt:

2126 1943 2339 2007 ὀδύναις
2362 1939 2453 2014 ἦν,
2487 1943 2578 1996 καὶ
2605 1944 2705 1996 οὐκ
2735 1945 2792 1995 ὲν
2825 1943 3114 2015 μέτρ[ί]οις
3149 1944 3398 2014 δείμασιν
3421 1945 3449 1996 6
3479 1943 3700 2007 Ἰούδας,

444 2049 540 2105 per
591 2051 748 2104 quem
782 2047 837 2089 et
892 2052 1010 2088 rum
1070 2053 1178 2106 quo
1238 2038 1344 2089 Deo
1393 2045 1448 2090 et
1500 2033 1648 2088 Patri
1673 2034 1841 2103 gloria
1893 2049 2014 2087 cum

441 2138 630 2180 sancto
663 2128 866 2197 Spiritu
902 2127 952 2181 in
979 2145 1192 2181 onmem
1219 2129 1600 2182 mternitatem.
1639 2131 1834 2180 Amen.

2125 2034 2325 2104 μᾶλλον
2353 2034 2408 2087 δὲ
2441 2035 2533 2088 καί
2566 2037 2623 2086 ὲν
2665 2035 2874 2106 ἀγωνίᾳ
2925 2035 3114 2106 πολλῇ.
3151 2035 3526 2106 Προσεδόκησε
3570 2035 3699 2105 γὰρ,

2123 2123 2217 2177 καὶ
2240 2124 2339 2177 οὐκ
2373 2125 2453 2186 εἰς
2477 2124 2714 2195 μακρὰν,
2749 2127 2858 2187 τοῖς
2884 2123 3019 2187 ἴσοις
3041 2125 3220 2195 τυχὸν,
3247 2125 3278 2194 ἢ
3307 2125 3439 2178 πολὺ
3464 2125 3702 2195 χείρονος

440 2220 702 2274 ὲναλῶναι
736 2225 954 2283 κακοῖς⁶
984 2221 1356 2288 ὲπιϐρίθοντος
1384 2221 1490 2293 γὰρ
1513 2219 1608 2274 τοῦ
1672 2221 1931 2291 πολέμου,
1957 2220 2050 2272 καὶ
2121 2221 2243 2282 ταῖς
2292 2220 2433 2271 κατά
2463 2218 2560 2289 τὴν
2602 2219 2918 2290 Σαμάρειαν
2967 2219 3190 2272 πόλεσιν
3247 2221 3700 2290 ἐπισκήπτοντος,

442 2318 590 2370 πᾶσά
633 2334 748 2378 πως
794 2314 1108 2388 ἀνάγκηῆν
1167 2317 1566 2371 συνδιόλλυσθαι
1599 2317 1698 2380 τὰς
1758 2318 2013 2388 ὁμόρους,
2051 2316 2150 2379 τὰς
2199 2315 2307 2368 τῶν
2369 2315 2426 2379 ἐξ
2464 2315 2654 2380 Ἰούδα,
2697 2317 2861 2386 φημὶ,
2917 2319 3013 2370 καὶ
3078 2317 3356 2387 Βενιαμίν.
3418 2316 3624 2370 Οὐκοῦν
3664 2317 3699 2386 ἠ

443 2408 541 2477 μὲν
571 2410 782 2478 ταραχὴ
816 2410 908 2462 τοῦ
940 2410 1178 2480 πολέμου
1203 2409 1300 2479 τὴν
1365 2410 1574 2479 ἔφοδον,
1613 2409 1673 2462 τὸ
1736 2408 1793 2462 δὲ
1822 2409 2044 2478 κέντρον
2118 2411 2176 2461 ὲν
2215 2406 2426 2470 τούτοις
2455 2407 2554 2476 τὴν
2601 2409 2666 2459 ὲκ
2699 2408 2876 2477 λύπης
2908 2425 2967 2461 τε
3033 2409 3130 2462 καί
3176 2407 3480 2476 δυσθυμίας
3509 2407 3701 2480 ὀδύνην

440 2501 711 2571 ὑποδηλοῖ,
775 2494 848 2554 ὧν
891 2501 995 2566 ἔξω
1030 2520 1130 2554 που
1164 2502 1378 2564 πάντως
1427 2497 1536 2554 εἷεν
1593 2501 1658 2554 ἂν
1705 2502 1755 2554 οἰ
1793 2503 2010 2572 φρονεῖν
2046 2499 2320 2563 ἐθέλοντες
2385 2499 2452 2552 τὰ
2517 2499 2754 2570 Χριστοῦ
2780 2515 2793 2529 ·
2822 2499 2889 2552 δι’
2919 2491 2980 2552 οὗ
3015 2499 3107 2552 καί
3136 2499 3255 2571 μεθ’
3281 2494 3340 2551 οἶ)
3369 2497 3444 2568 τῷ
3468 2497 3587 2570 Θεῷ
3608 2479 3702 2551 καθ’

441 2593 614 2666 Πατρὶ
650 2595 684 2664 ἠ
724 2594 852 2659 δέξα
891 2595 985 2646 συν
1027 2596 1165 2664 ἀγίῳ
1199 2596 1475 2666 Πνεύματι
1513 2597 1591 2658 εἰς
1619 2595 1745 2658 τοὺς
1793 2595 1995 2657 αἰῶνας
2033 2594 2138 2646 τῶν
2161 2592 2391 2647 αἰώνων.
2439 2593 2633 2664 Ἀμήν.

692 2746 1097 2837 TOMUS
1173 2751 1762 2852 QUARTUS-

509 2894 671 2950 Vzns.
708 2897 794 2949 15.
836 2897 900 2949 Et
940 2898 1066 2950 vidit
1103 2897 1355 2961 Epiri-aint
1381 2900 1614 2951 morbum
1647 2917 1821 2964 suum,
1845 2911 1890 2954 et
1913 2899 2016 2953 Ju-

437 2987 534 3040 ἄιε
565 2987 794 3040 dolerent
833 3005 1007 3049 suum,
1027 3000 1073 3040 et
1112 2990 1242 3042 abiit
1278 2991 1532 3060 Epitraim
1569 2993 1637 3045 ad
1673 2994 1936 3062 Assyrios,
1967 3006 2014 3050 et

2384 2742 2766 2827 ΤΟΜΟΣ
2842 2741 3437 2827 ΤΕΤΑΡΤΟΣ.

2184 2897 2296 2950 Καὶ
2332 2894 2492 2951 εἶδεν
2526 2897 2769 2966 Ἐφραῖμ
2795 2897 2905 2965 τὴν
2934 2898 3125 2951 νόσον
3156 2898 3363 2962 αὑτοῦ,
3408 2897 3506 2951 καί
3552 2897 3700 2952 Ἰού-

2113 2989 2224 3056 δας
2251 2990 2364 3058 τὴν
2416 2989 2644 3056 ὀδύνην
2675 2991 2888 3054 αὐτοῦ,
2941 2991 3039 3043 καί
3103 2990 3397 3056 ἐπορεύθη
3453 2989 3701 3057 Ἐφραῒμ

438 3080 576 3132 misit
602 3079 796 3147 legatos
827 3081 895 3132 ad
922 3097 1085 3147 regem
1111 3080 1293 3134 Iarim.
1315 3096 1360 3134 et
1392 3085 1476 3134 hic
1509 3101 1614 3137 non
1635 3087 1802 3152 potuit
1826 3104 2014 3142 sanare

2119 3081 2266 3149 πρὸς
2306 3083 2688 3151 Ἀσσυρίους,
2737 3082 2835 3134 καὶ
2883 3081 3202 3135 ἀπέστειλε
3248 3082 3524 3149 πρέσϐεις
3553 3079 3699 3147 πρὸς

437 3186 544 3235 vos,
577 3180 623 3224 et
655 3186 759 3222 non
795 3169 950 3238 faciet
981 3186 1186 3224 cessare
1207 3189 1237 3224 a
1271 3173 1414 3226 vobis
1439 3172 1694 3230 dolorem.

508 3471 644 3528 LIX.
704 3471 1058 3543 Posteaquam
1108 3473 1282 3529 factus
1341 3483 1425 3529 est
1469 3475 1613 3532 Deus
1674 3479 2016 3534 conturbatio

436 3564 727 3633 Ephraim,
777 3575 833 3620 et
872 3575 1128 3636 tanquam
1181 3566 1432 3623 stimulus
1483 3571 1665 3624 domui
1694 3568 1852 3635 Juda,
1883 3573 2017 3627 vidit

438 3659 688 3713 morbum
717 3673 897 3722 suum,
930 3659 1044 3712 sive
1074 3660 1492 3715 imbecillitatem
1540 3670 1596 3717 et
1643 3663 2014 3719 inﬁrmitatem

437 3767 588 3806 suam
616 3750 872 3820 Ephraim
908 3769 921 3805 :
953 3751 1084 3822 quin
1113 3761 1168 3806 et
1201 3750 1368 3806 ludas
1397 3753 1639 3808 dolorem
1677 3771 1840 3810 suum
1868 3773 1881 3809 :
1911 3772 2015 3810 una

436 3841 579 3896 enim
611 3857 734 3896 cum
795 3841 1038 3896 Samaria
1085 3843 1217 3898 lines
1245 3843 1523 3914 Benjamin
1558 3846 1817 3901 incursati
1867 3856 2012 3902 sunt.

437 3933 646 3988 Deinde
675 3935 743 3987 ob
779 3933 880 3988 hoc
914 3935 1117 3988 fractus
1172 3936 1548 4003 desperatione
1577 3936 1852 4005 Epliraim.
1917 3951 2017 3991 nec

437 4026 579 4096 potis
615 4027 831 4080 casibus
856 4027 972 4080 istis
1003 4027 1196 4081 robore
1217 4044 1314 4080 suo
1343 4029 1630 4091 obsistere,
1667 4044 1766 4082 nee
1795 4029 2016 4085 bellicas

439 4119 616 4173 clades
648 4118 879 4184 amoliri,
915 4119 1088 4174 denuo
1114 4121 1534 4188 omnipotentem
1564 4118 1730 4172 Deum
1769 4118 2014 4185 oﬂ'etidit,

437 4226 537 4267 nec
565 4213 615 4267 in
645 4212 774 4281 ipsis
792 4211 1037 4282 ﬂagellis,
1068 4221 1126 4266 ut
1180 4213 1248 4264 ita
1291 4213 1490 4275 dicam,
1519 4212 1813 4266 utilitatem
1861 4227 2014 4266 suam

437 4305 719 4373 cognovit;
787 4315 838 4358 et
896 4320 1014 4359 cum
1066 4306 1371 4360 advenisset
1421 4315 1633 4372 tempus
1688 4319 1793 4373 quo
1839 4305 2017 4374 potius

436 4397 678 4451 converti
717 4399 781 4450 ad
818 4397 984 4452 Deum
1021 4399 1316 4459 debuisset,
1345 4408 1472 4450 tunc
1505 4398 1742 4452 Inaxime
1797 4398 1847 4451 ei
1899 4411 2016 4472 mp-

2111 3176 2381 3239 ,ϐασιλέα
2417 3174 2654 3244 ’[αρεὶμ,
2685 3173 2781 3227 καί
2843 3169 3024 3238 οὗτος
3055 3175 3165 3227 οὐκ
3198 3173 3508 3240 ἠδυνάσθη
3538 3172 3699 3226 ἰάσα-

2117 3270 2257 3321 σθαι
2284 3266 2460 3337 ὑμᾶς,
2491 3267 2589 3321 καὶ
2633 3269 2704 3321 οὺ
2737 3265 2822 3336 μὴ
2867 3265 3178 3334 διαπαύσῃ
3229 3267 3298 3331 ἐξ
3341 3266 3507 3336 ὑμῶν·
3563 3265 3699 3318 6613-

2117 3375 2256 3425 νην.

2187 3473 2303 3528 ΝΘ.
2328 3471 2463 3526 Θεοῦ
2491 3472 2773 3541 γεγο·.ότος
2812 3471 2890 3535 ὡς
2917 3471 3162 3542 ταραχῆς
3194 3470 3272 3542 τῷ
3312 3469 3569 3542 Ἐφραῒμ,
3605 3471 3700 3524 καὶ

2121 3565 2226 3639 μὴν
2250 3566 2342 3619 καί
2362 3565 2437 3625 ὡς
2465 3564 2692 3634 κέντρου
2722 3561 2951 3633 τῷξοίκῳ
2984 3562 3172 3626 Ἰούδα,
3201 3561 3450 3616 τεθέαται
3471 3561 3566 3632 μὲν
3592 3560 3691 3630 τὴν

2117 3660 2312 3714 ἑαυτοῦ
2355 3659 2530 3720 νόσον,
2561 3657 2752 3728 ἧτοιτὸ
2769 3655 2959 3710 ἆναλκι
2990 3656 3083 3710 καὶ
3101 3655 3350 3718 ἀσθενὲς,
3369 3657 3396 3708 6
3425 3653 3694 3723 Ἐφραϊμο

2118 3756 2211 3810 καὶ
2245 3755 2349 3827 μὴν
2383 3756 2478 3808 καί
2515 3753 2714 3816 Ἰούδας
2762 3753 2859 3821 τὴν
2893 3749 3087 3820 ὀδύνην
3135 3749 3333 3803 αὐτοῦ·
3366 3748 3699 3821 συγκατεδῃ-

2116 3849 2242 3903 οῦτο
2268 3849 2395 3918 γὰρ,
2424 3848 2498 3910 ὡς
2525 3847 2681 3917 έφην,
2717 3847 2830 3908 τοῖς
2854 3845 2910 3896 ὲν
2940 3843 3224 3913 Σαμαρείᾳ
3256 3841 3435 3895 καὶτὰ
3461 3842 3584 3913 ὅρια
3606 3840 3697 3894 τοῦ

2119 3939 2402 4007 Βενιαμίν.
2461 3935 2593 3989 Εἶτα
2623 3935 2758 4004 πρὸς
2808 3933 2966 3987 τοῦτο
3006 3931 3324 4003 ἀπειρηκὼς
3357 3935 3385 3986 6
3439 3930 3696 4004 Ἐφραῒμ,

2117 4031 2211 4083 καὶ
2249 4030 2407 4092 ἰδίαις
2437 4028 2728 4097 δυνάμεσιν
2752 4025 3137 4094 ἀντιφέρεσθαι
3159 4028 3270 4087 τοῖς
3297 4023 3700 4094 συμϐεϐηκόσιν

2116 4124 2218 4176 ούκ
2247 4122 2404 4192 ἔχων,
2444 4119 2566 4174 οὔτε
2601 4119 2704 4190 μὴν
2747 4117 3102 4173 ἀποσείεσθαι
3144 4117 3211 4171 τὰ
3245 4118 3309 4169 ὲκ
3337 4116 3430 4170 τοῦ
3462 4115 3698 4186 πολέμου

2119 4218 2291 4288 βλάϐη
2346 4217 2664 4286 δυνάμενος,
2724 4213 3132 4284 προσκέκρουκε
3184 4210 3345 4264 πάλιν
3388 4207 3467 4278 τῷ
3524 4208 3702 4263 πάντα

2122 4309 2360 4381 ἰσχύοντι
2391 4307 2532 4378 Θεῷ.
2568 4307 2689 4360 οὐδὲ
2723 4307 2780 4358 ὲν
2819 4307 3032 4369 αὐταῖς,
3069 4304 3134 4357 ἵν’
3169 4301 3340 4365 οὕτως
3369 4302 3528 4364 εἴπω,
3583 4303 3702 4364 ταῖς

2122 4399 2374 4470 μάστιξιν
2422 4393 2752 4465 ὲννενοηκὼς
2784 4394 2844 4446 τὸ
2881 4391 3184 4461 συμφέρον.
3229 4386 3612 4456 Ἐνεστηκότος
3643 4385 3702 4438 δὲ

433 4485 645 4541 lestiam
679 4489 955 4555 exhibere,
980 4497 1036 4543 et
1069 4487 1388 4542 insolentius
1415 4488 1483 4542 ab
1507 4502 1571 4541 eo
1594 4487 1872 4542 discedere
1905 4503 2012 4542 non

2119 4491 2211 4546 τοῦ
2265 4490 2484 4559 καιροῦ,
2519 4487 2645 4541 καθ’
2676 4487 2734 4540 ὃν
2769 4486 2875 4539 ἔδει
2930 4485 3130 4556 μᾶλλον
3165 4480 3518 4552 ἐπιστρέφειν
3565 4479 3702 4550 πρὸς

437 4580 718 4633 dubitavit.
782 4579 898 4633 Non
931 4581 1072 4634 enim
1141 4579 1425 4646 ignorabat
1458 4579 1636 4634 onmis
1673 4579 1860 4648 glorite
1904 4594 2016 4635 sua}.

435 4681 813 4734 auctorem,ac
842 4679 1072 4725 tutorem
1114 4672 1276 4724 Deum
1302 4685 1444 4733 esse,
1478 4672 1567 4739 qui
1600 4672 1742 4726 vires
1777 4674 1843 4727 ad
1870 4672 2017 4727 fran-

436 4761 640 4826 gendos
669 4762 1010 4814 adversarios
1032 4776 1245 4828 semper
1274 4761 1516 4829 largitur.
1554 4760 1658 4816 Sed
1696 4761 1826 4815 nihil
1850 4762 2017 4830 pluri-

435 4852 536 4906 bus
569 4868 700 4920 opns
728 4862 829 4914 est,
857 4869 978 4908 cum
1031 4861 1203 4908 exstet
1231 4852 1316 4906 illa
1347 4868 1444 4906 vox
1478 4851 1676 4923 Moysis
1722 4853 2016 4922 sapientis-

435 4942 558 4998 simi
600 4961 614 4998 :
653 4961 671 4994 ι
706 4942 962 4997 Dominus
1015 4954 1300 4997 conterens
1326 4943 1459 4997 bella
1486 4958 1501 5008 ;
1529 4941 1785 4996 Dominus
1821 4958 2015 4997 nomen

434 5036 663 5104 ejus“,i
694 5037 984 5105 doceatque
1015 5037 1152 5090 idem
1181 5037 1464 5105 perspicue
1519 5035 1660 5104 quod
1711 5051 1806 5104 per
1840 5037 2015 5104 ipsum

435 5138 490 5184 et
519 5129 572 5183 in
608 5128 722 5197 ipso
753 5145 771 5178 ι
801 5143 938 5181 unus
966 5137 1321 5198 persequetur
1353 5127 1517 5190 mille,
1539 5135 1595 5180 et
1621 5127 1728 5179 duo
1753 5126 2018 5194 lugabunt

437 5221 620 5275 decem
653 5219 818 5274 millia
851 5219 918 5272 δ’.
951 5238 968 5270 ι
1008 5219 1209 5272 Deinde
1255 5234 1376 5272 cuzn
1412 5220 1478 5270 ab
1507 5218 1623 5283 ipso
1649 5227 1705 5272 et
1735 5219 1850 5271 solo
1880 5234 2015 5273 con-

437 5322 652 5367 suetum
683 5311 942 5366 auxilium
978 5311 1174 5364 iterum
1222 5321 1424 5380 petere,
1451 5309 1558 5379 92
1585 5319 1635 5363 et
1669 5311 1921 5379 precibus
1949 5313 2016 5366 ad

437 5403 862 5457 succurrendum
893 5402 994 5456 sibi
1027 5403 1352 5456 salvatorem
1390 5403 1684 5458 sollicitare
1707 5413 2008 5472 oporteret,

438 5496 554 5549 dira
594 5495 645 5548 in
677 5505 842 5563 caput
864 5510 1019 5548 suum
1053 5495 1341 5548 meditatus
1366 5504 1466 5548 est.
1496 5493 1658 5548 Missa
1688 5497 1830 5550 enim
1867 5495 2012 5564 lega-

440 5586 587 5641 tione
614 5587 680 5640 ad
740 5588 943 5641 alienos
975 5597 1029 5640 et
1075 5586 1279 5653 hostes,
1325 5599 1418 5640 eos
1451 5586 1728 5654 suppetias
1781 5587 2009 5653 rogavit.

444 5697 462 5731 ι
492 5677 690 5735 Factus
713 5690 796 5734 est
819 5680 960 5734 enim
994 5679 1246 5749 Ephraim
1273 5691 1333 5733 ut
1361 5678 1606 5733 columba
1642 5678 1922 5749 insipiens,
1959 5687 2012 5733 ct

512 5853 557 5886 "
595 5852 800 5920 Judilh,
843 5872 950 5924 tm,
985 5858 1035 5912 5.
1110 5857 1154 5890 ⁵²
1185 5855 1336 5910 Deut.
1372 5873 1540 5922 xxxii,
1578 5859 1660 5912 50.

2111 4582 2206 4635 τὸν
2251 4579 2405 4642 Θεὸν,
2454 4578 2574 4631 τότε
2621 4576 2686 4645 δὴ
2740 4573 2977 4640 μάλιστα
3033 4572 3225 4624 λυπεῖν
3275 4566 3570 4638 ᾑρημένος,
3608 4565 3702 4617 καὶ

2112 4672 2388 4742 ἀπεφοίτα
2425 4668 2780 4740 ἀγριώτερον.
2812 4665 2926 4719 Ούκ
2957 4663 3140 4734 ἠγνόει
3172 4661 3268 4732 μὲν
3300 4659 3409 4729 γὰρ
3437 4659 3528 4712 τὸν
3566 4657 3703 4712 ἀπά-

2115 4781 2214 4834 σης
2236 4764 2419 4825 αὐτοῖς
2443 4760 2694 4822 εὐκλείας
2729 4759 2821 4811 καὶ
2865 4755 3121 4827 χορηγὸν,
3160 4752 3255 4805 καὶ
3287 4752 3580 4822 πρύτανιν,
3611 4749 3702 4802 τὸν

2113 4856 2208 4909 τοῦ
2240 4854 2507 4908 δύνασθαι
2541 4854 2762 4922 κρατεῖν
2791 4851 2898 4902 τῶν
2936 4844 3351 4916 ἀνθεστηκότων
3383 4843 3470 4896 ἀεὶ
3502 4841 3703 4910 δοτῆρα

2113 4946 2265 5000 Θεὸν.
2324 4945 2463 4998 Ἀλλ’
2511 4943 2724 5006 ούδενδς
2761 4943 2912 5012 ἠξίου
2964 4940 3026 4992 τὸ
3066 4939 3254 5009 χρῆμα
3304 4934 3484 5004 λόγου,
3525 4932 3702 4986 καίτοι

2113 5039 2206 5092 τοῦ
2236 5038 2510 5106 πανσόφου
2533 5035 2957 5106 διακεκραγότος
2977 5032 3222 5093 Μωσέως
3243 5046 3256 5061 ·
3289 5048 3308 5081 ι
3341 5027 3546 5098 Κύριος
3579 5044 3701 5079 συν-

2113 5131 2315 5201 τρίϐων
2341 5129 2632 5200 πολέμους,
2657 5126 2861 5196 Κύριος
2885 5125 3059 5194 ὄνομα
3105 5121 3276 5192 αὐτῷ,
3313 5141 3331 5172 ι
3361 5118 3700 5181 διδάσκοντος

2115 5240 2175 5274 τε
2210 5220 2416 5289 σαφῶς,
2441 5221 2529 5273 ὅτε
2551 5221 2616 5272 δι’
2644 5217 2810 5270 αὑτοῦ
2842 5233 2900 5269 τε
2975 5215 3071 5268 καὶ
3103 5216 3161 5266 ὲν
3195 5211 3342 5283 αὑτῷ
3379 5231 3396 5262 ι
3442 5209 3702 5274 Διώξεται

2118 5313 2200 5380 εἷς
2231 5315 2453 5387 χιλίους,
2488 5314 2583 5366 καὶ
2598 5311 2690 5364 δύο
2717 5309 3145 5381 μετακινήσουσι
3178 5305 3464 5377 μυριάδας.
3497 5321 3517 5355 ι
3545 5297 3700 5366 Εἶτα,

2120 5411 2235 5463 δέον
2265 5409 2396 5480 παρ’
2419 5408 2582 5460 αὐτοῦ
2619 5405 2682 5476 δὴ
2718 5404 2811 5457 καὶ
2838 5404 3002 5472 μόνον
3024 5400 3123 5472 τὴν
3148 5398 3352 5470 συνήθη
3388 5396 3550 5449 πάλιν
3585 5398 3699 5449 ὲπι-

2121 5502 2344 5572 κουρίαν
2372 5502 2562 5564 αἰτεῖν,
2598 5498 2692 5551 καὶ
2721 5496 2893 5558 λιταῖς
2946 5492 3259 5546 ἀναπείθειν
3289 5489 3492 5561 ἀμῦναί
3527 5488 3577 5541 οἱ
3611 5486 3701 5540 τὸν

2123 5593 2383 5658 σώζοντα,
2413 5589 2588 5661 πικρὰ
2617 5588 2758 5642 κατὰ
2782 5588 2883 5657 τῆς
2929 5586 3065 5648 ἰδίας
3107 5583 3403 5636 ἐσκέπτετο
3435 5578 3699 5647 κεφαλῆς.

2133 5678 2525 5750 Ἐπρεσϐεύετο
2581 5675 2690 5748 γὰρ
2723 5676 2859 5747 πρὸς
2912 5672 3260 5743 ἀλλοφύλους,
3310 5675 3402 5724 καὶ
3442 5668 3539 5739 τὴν
3571 5668 3700 5738 παρ’
