4110 6368
335 434 434 489 157

1255 423 1800 482 COMMENTARIUS
1835 424 1900 479 IN
1939 423 2168 480 OSEA)!
2213 423 2651 480 PliOPllETAM.

3474 431 3580 489 158

327 555 538 628 ἐχθρῶν
603 552 940 624 συμμαχίαν.
1001 569 1019 602 ι
1081 549 1328 617 Ἐγένετο
1366 549 1475 619 γὰρ
1535 546 1776 618 Ἐψραῒμ
1826 546 1900 610 ὡς

2010 563 2100 602 cor
2122 564 2226 601 nou
2250 547 2786 620 habensﬁlgyptum
2825 551 3202 616 invocanat,et
3233 555 3300 607 ad
3334 554 3584 627 Assyrios

329 642 627 718 περιστερὰ
678 642 860 705 ἄνους,
926 640 1023 692 ούκ
1088 638 1286 708 ἔχουσα
1322 637 1571 708 καρδίαν.
1631 635 1906 703 Αἴγυπτον

327 737 668 802 ἐπεκαλεῖτο,
705 736 801 788 καὶ
834 733 914 794 εἰς
965 729 1282 801 Ἀσσυρίους
1319 727 1610 798 ἐπορεύετο
1634 743 1650 758 ο
1677 746 1696 778 ι
1728 725 1905 794 ἀπηλ-

326 830 526 900 λάχθαι
543 827 655 881 τῶν
689 822 1082 896 ἐπηρτημένων
1103 820 1270 892 ῷοντυ
1293 818 1498 873 κακῶν.
1523 818 1634 872 Καὶ
1655 817 1719 889 δὴ
1751 817 1905 886 βασι-

324 919 581 982 λεύοντος
606 919 664 971 ἐν
705 920 770 987 τῇ
814 912 1099 984 Σαμαρείᾳ
1126 911 1223 964 τοῦ
1254 909 1504 980 Μαναῒμ,
1537 907 1704 980 ἀνέϐη
1731 907 1908 970 Φύλας

328 1011 585 1082 βασιλεὺς
624 1008 921 1078 Ἀσσυρίων
971 1006 1065 1058 ἐπὶ
1093 1003 1184 1056 τὸν
1234 1001 1472 1073 Ἰσραήλ.
1507 996 1635 1053 Εἶτα
1663 1000 1906 1070 χρήμασι

329 1107 427 1159 καὶ
447 1101 761 1176 πρεσϐείαις
787 1097 1067 1152 ἀνέπειθον
1095 1093 1428 1164 ἀποσχέσθαι
1450 1094 1547 1162 τῆς
1573 1091 1698 1160 γῆς.
1725 1086 1909 1141 Τοιοῦο

328 1196 394 1251 τό
423 1199 539 1249 ἐστι
565 1193 646 1255 τὸ,
675 1212 694 1245 ι
740 1188 1041 1262 Ἐπορεύθη
1085 1185 1326 1257 Ἐφραῒμ
1349 1185 1483 1256 πρὸς
1519 1185 1854 1254 Ἀσσυρίους.
1881 1201 1900 1234 ι

332 1289 508 1343 Φακεὲ
539 1287 596 1340 δὲ
618 1285 780 1339 πάλιν
802 1325 816 1349 ,
851 1285 879 1336 ὁ
909 1281 1000 1334 τοῦ
1031 1278 1333 1349 Ῥομελίου,
1372 1277 1625 1347 βασιλεὺς
1665 1276 1904 1347 Ἰσραὴλ,

332 1376 726 1451 κατεμισθοῦτό
783 1391 912 1428 ποτε
950 1373 1039 1426 τὸν
1073 1369 1341 1432 Ῥαασὼν,
1401 1368 1629 1439 βασιλέα
1683 1369 1905 1439 Συρίας,

331 1472 427 1526 καὶ
475 1470 827 1538 πεπολέμηκε
853 1464 930 1536 τῷ
975 1464 1143 1535 Ἰούδᾳ
1174 1463 1400 1524 καὶτοῖς
1428 1462 1493 1514 ὲκ
1523 1459 1696 1530 φυλῆς
1722 1462 1908 1513 Βενια-

333 1565 447 1633 μὶν,
483 1558 856 1630 βασιλεύοντος
895 1553 1103 1624 ’Ἀχατζ
1146 1551 1238 1605 τοῦ
1283 1550 1522 1620 Ἰωάθαμ
1559 1549 1698 1613 υἱοῦ,
1733 1549 1790 1613 ὃς
1815 1549 1904 1602 δε-

329 1654 454 1716 διὼς
483 1654 583 1723 τὴν
608 1650 815 1718 ἔφοδον,
857 1645 1175 1715 πρεσϐείαις
1198 1642 1290 1697 καὶ
1317 1643 1591 1712 χρήμασιν
1625 1640 1906 1694 ἀναπείθει

327 1747 420 1799 τὸν
461 1742 744 1814 Ἀσσύριον
791 1735 1224 1807 Θεγλαφαλασὰρ
1253 1733 1533 1802 ἐπαμῦναι
1560 1733 1727 1803 αὐτῷ.
1766 1732 1823 1786 '0
1849 1733 1905 1785 δὲ

326 1839 426 1910 τὴν
462 1834 751 1907 Δαμασκὸν
776 1829 1118 1901 κατακράτος
1147 1826 1307 1889 ἐλὼν,
1344 1831 1409 1878 ὲκ
1437 1825 1602 1895 μέσου
1637 1825 1730 1876 καὶ
1745 1823 1904 1876 αὐτὸν

327 1926 778 1984 ἐποίειῬαασών.
816 1922 955 1976 Ἀλλ’
985 1922 1034 1974 εξ
1063 1920 1160 1973 καὶ
1187 1918 1542 1990 πεπόρευται,
1580 1916 1733 1986 φησι,
1769 1915 1907 1986 πρὸς

338 2023 656 2092 Ἀσσυρίους
690 2019 718 2071 ὁ
751 2013 1008 2085 Ἐφραῖμ,
1040 2012 1134 2064 καὶ
1173 2010 1452 2081 χρήμασιν
1483 2007 1776 2079 ἐξεπρίατο
1810 2006 1906 2058 καὶ

324 2114 499 2174 λιταῖς
528 2112 628 2181 τῆς
666 2108 854 2176 ἐερὸδου
882 2106 979 2175 τὴν
1021 2102 1316 2172 ἀνάϐλησιν
1338 2117 1353 2132 ο
1402 2100 1505 2153 κᾶν
1539 2100 1587 2151 εἰ
1621 2097 1904 2152 ἀπέστειλε

327 2203 589 2274 πρέσϐεις
627 2203 760 2270 πρὸς
799 2198 1026 2269 βασιλέα
1061 2195 1292 2266 Ἰαρεὶμ,
1331 2192 1628 2254 τουτέστιν,
1671 2190 1904 2254 ἔκδικον,

326 2298 448 2367 ῆτοι
478 2293 766 2362 ἐκδικητὴν
787 2290 965 2361 (τοῦτο
995 2288 1102 2358 γὰρ
1133 2287 1192 2340 τὸ
1229 2286 1437 2358 Ἰαρεὶμ
1460 2283 1759 2354 σημαίνει),
1789 2283 1905 2336 ἀλλ’

328 2384 388 2436 οὐ
419 2383 735 2451 νενικήκασι
762 2381 861 2449 τὴν
896 2377 1044 2430 Θείαν
1072 2375 1261 2448 ὀργὴν,
1288 2373 1408 2426 οὔτε
1436 2372 1540 2444 μὴν
1563 2373 1905 2443 περιέσονται

328 2471 487 2535 Θεοῦ,
503 2472 600 2540 τῆς
623 2468 766 2522 οὕτω
791 2467 970 2537 δεινῆς
994 2464 1329 2528 ἀποστασίας
1352 2463 1690 2528 ἐξαιτοῦντος
1718 2462 1901 2525 δίκας.

328 2562 404 2615 Οὐ
448 2561 556 2631 γὰρ
587 2561 795 2629 ἴσχυσε,
852 2558 1034 2629 φησιν,
1071 2559 1099 2609 ὁ
1122 2557 1398 2627 χρήμασιν
1435 2554 1906 2624 ἀναπεπεισμένος

327 2649 610 2720 ¹ἠρεμῆσαι
639 2647 837 2718 βραχὺ,
873 2645 990 2699 ἀλλ’
1020 2643 1142 2697 οὐδὲ
1167 2643 1353 2713 ἕτερός
1385 2659 1467 2706 τις
1505 2641 1616 2695 τῶν
1647 2641 1906 2712 μεμισοοο

329 2742 646 2813 φορηκότων
680 2738 933 2794 ἰάσασθαι
967 2738 1131 2808 ὑμᾶς.
1179 2734 1529 2789 Πεπαύσεται
1557 2733 1616 2786 δὲ
1648 2733 1898 2803 οὐδαμῶς

326 2831 429 2900 τῆς
462 2829 650 2899 ὀδύνης
670 2829 731 2883 τὸ
756 2829 1000 2899 κέντρον.
1024 2825 1311 2881 Πάνδεινον
1337 2821 1430 2879 οὖν
1454 2825 1579 2894 ἄρα,
1603 2825 1665 2877 τὸ
1692 2825 1767 2896 μὴ
1802 2823 1907 2877 σώ-

328 2921 519 2988 ζεσθαι
544 2923 742 2993 μᾶλλον
768 2920 1056 2990 ἐπιθυμεῖν
1078 2917 1164 2971 διὰ
1189 2917 1286 2988 τῆς
1304 2916 1510 2971 ἄνωθεν
1534 2914 1870 2988 ἡμερότητος
1889 2957 1905 2983 ,

327 3018 694 3088 ἐπιθαρῥῆσαι
719 3015 776 3068 δὲ
806 3015 924 3077 ταῖς
948 3012 1006 3079 ἐξ
1029 3011 1330 3084 ἀνθρώπων
1366 3008 1717 3080 ἐπικουρίαις
1735 3024 1748 3037 ·
1785 3008 1909 3062 καί⁴

325 3127 409 3164 τοι
437 3107 667 3178 βοῶντος
693 3105 786 3160 τοῦ
821 3104 958 3158 Πνεύ
969 3121 1133 3175 ματος
1157 3102 1244 3156 διὰ
1281 3101 1375 3172 μὲν
1398 3100 1583 3171 φωνῆς
1596 3099 1690 3152 τοῦ
1727 3115 1908 3168 μακα-

328 3202 450 3273 ρίου
505 3199 708 3253 Δαϐίδ’
755 3216 774 3248 ι
824 3195 1050 3265 Ἀγαθὸν
1097 3193 1413 3247 πεποιθέναι
1467 3194 1558 3244 ἐπὶ
1598 3189 1824 3260 Κύριον,
1872 3189 1906 3261 ἣ

324 3291 645 3344 πεποιθέναι
681 3288 766 3342 ἐπ’
797 3287 1104 3359 ἄνθρωπον.
1149 3284 1374 3354 Ἀγαθὸν
1397 3284 1637 3348 ἐλπίζειν
1667 3284 1758 3336 ἐπὶ
1792 3282 1908 3336 Κύ-

326 3401 466 3456 μον,
494 3383 526 3453 ἢ
559 3380 798 3446 ἐλπίζειν
834 3381 917 3433 ἐπ’
967 3378 1266 3450 ἄρχοντας’
1309 3396 1328 3429 ι
1353 3376 1445 3430 διά
1483 3376 1539 3428 δὲ
1575 3375 1671 3429 τοῦ
1699 3377 1908 3446 προφή-

321 3462 426 3530 του
451 3475 611 3528 πάλιν
627 3472 912 3544 Ἰερεμίουο
952 3491 971 3523 ι
993 3470 1428 3541 Ἐπικατάρατος
1455 3471 1483 3521 ὁ
1512 3467 1820 3539 ἄνθρωπος,
1849 3468 1910 3532 ὃς

324 3567 427 3637 τὴν
447 3565 638 3620 ἐλπίδα
670 3565 784 3635 ἔχει
814 3565 951 3632 πρὸς
979 3562 1282 3634 ἄνθρωπον,
1307 3562 1401 3614 καὶ
1423 3560 1670 3632 στηρίσει
1697 3561 1908 3630 σάρκας

327 3655 618 3727 βραχίονος
652 3651 815 3707 αὑτοῦ
846 3651 932 3704 ἐπ’
973 3652 1158 3718 αὐτὸν,
1185 3651 1280 3704 καὶ
1311 3650 1418 3704 ἀπὸ
1446 3650 1653 3720 Κυρίου
1691 3651 1902 3721 ἀποστῇ

325 3749 363 3816 ἠ
396 3745 592 3816 καρδία
633 3742 820 3808 αὐτοῦ,
867 3743 962 3795 καὶ
1000 3740 1150 3794 ἔσται
1184 3741 1260 3804 ὠς
1290 3742 1322 3810 ἠ
1356 3739 1730 3810 ἀγριομυρίκη
1776 3741 1809 3810 ἡ
1850 3741 1908 3792 ἐν

324 3842 399 3909 τῇ
441 3839 654 3909 ἐρήμῳ,
683 3839 719 3908 ἢ
751 3837 853 3890 οὐκ
909 3835 1098 3906 ὄψεται
1142 3836 1267 3888 ὅταν
1311 3832 1441 3905 έλθῃ
1472 3833 1539 3886 τὰ
1569 3833 1768 3900 ἀγαθά.
1801 3833 1910 3886 Καὶ

326 3928 690 3998 εὐλογημένος
714 3929 742 3980 ὁ
763 3925 1068 3998 ἄνθρωπος,
1099 3924 1157 3988 ὃς
1189 3923 1451 3976 πέποιθεν
1478 3923 1568 3976 ἐπὶ
1595 3921 1671 3992 τῷ
1699 3921 1908 3993 Κυρίῳ,

325 4019 427 4074 καὶ
465 4018 616 4072 ἔσται
663 4018 866 4088 Κύριος
909 4019 1062 4080 ἐλπὶς
1093 4015 1278 4070 αὑτοῦ.
1313 4016 1420 4069 Καὶ
1470 4014 1624 4068 ἔσται
1654 4013 1728 4078 ὼς
1758 4013 1913 4078 ξύλον

326 4108 590 4179 εύθηνοῦν
613 4109 744 4180 παρ’
767 4108 938 4174 ὕδατι,
969 4109 1061 4160 καὶ
1081 4107 1172 4160 ἐπὶ
1197 4105 1398 4176 ἰκμάδα
1427 4104 1610 4174 βάλλει
1638 4103 1795 4176 ῥίζας
1819 4105 1915 4157 αὐ-

2011 641 2214 704 ibat”,
2247 659 2266 691 ι
2313 650 2458 694 ratus
2519 655 2576 694 se
2632 642 3060 709 impendentibus
3087 645 3240 699 malis
3297 646 3582 700 liberatum

2009 733 2098 788 iri.
2125 732 2299 785 Etiam
2332 741 2587 798 regnante
2616 731 2866 797 Manai-n,
2894 731 3089 788 Phulas
3121 749 3212 788 rex
3238 736 3582 804 Assyriorum

2008 833 2195 878 contra
2227 823 2474 878 lsraelem
2501 825 2851 878 ascendit“:
2884 825 2968 879 cui
3003 825 3193 895 legatis
3229 836 3283 879 et
3334 828 3584 894 pecuniis

2008 926 2300 987 persuasus
2329 925 2410 969 est
2445 917 2686 980 reditus;
2730 921 2830 970 hoc
2864 925 2968 980 est,
3013 936 3032 968 ‹
3066 919 3198 971 abiit
3226 918 3478 986 Ephnaim
3513 919 3580 972 ad

2005 1006 2279 1077 Assyrios.
2309 1025 2328 1056 ι
2370 1004 2570 1057 Deinde
2604 1003 2832 1066 Phacee,
2861 1003 3001 1057 ﬁlius
3045 1005 3317 1064 Romelim.
3355 1022 3444 1059 rex
3507 1005 3580 1060 ls-

2009 1095 2142 1164 rael,
2174 1095 2346 1165 pretio
2375 1094 2630 1148 conduxit
2670 1093 2958 1162 aliquando
2992 1092 3158 1147 Rasin
3180 1111 3356 1164 regem
3389 1096 3581 1165 Syriae,

2007 1188 2439 1260 oppugna'vitque
2465 1185 2656 1241 Judam
2682 1197 2736 1240 et
2768 1188 2988 1241 tribules
3007 1187 3304 1255 Beniamin,
3325 1197 3586 1259 regnante

2006 1283 2212 1347 Achaz,
2245 1281 2353 1334 ﬁlio
2395 1279 2647 1334 Joatbam
2676 1300 2689 1335 :
2726 1281 2814 1348 qui
2843 1280 3202 1333 incursionem
3248 1281 3464 1342 timens,
3493 1295 3586 1347 per

2007 1373 2212 1443 legatos
2264 1382 2543 1427 numerata
2607 1371 2834 1439 pecunia
2863 1370 3348 1440 Theglatphalasar
3381 1373 3446 1424 ad
3478 1369 3584 1423 sibi

2006 1462 2375 1530 opitulandum
2403 1463 2612 1530 impulit
2640 1463 2708 1517 ⁸⁵.
2741 1463 2840 1530 Qui
2891 1462 3153 1518 Damasco
3196 1463 3364 1518 armis
3404 1475 3588 1534 capta,

2007 1551 2172 1606 Rasin
2195 1569 2225 1606 e
2250 1548 2430 1606 medio
2460 1553 2694 1607 sustulit.
2727 1551 2831 1607 Sed
2865 1555 3110 1622 quamvis
3133 1555 3353 1619 abierit,
3380 1557 3580 1625 inquit,

2007 1643 2074 1696 ad
2113 1644 2359 1714 Assyrios
2393 1643 2670 1712 Ephraim,
2710 1645 3048 1714 pecuniaque
3080 1655 3132 1699 et
3165 1646 3416 1714 precibus
3453 1647 3584 1700 dila-

2008 1736 2207 1788 tionem
2233 1735 2543 1803 irruptionis
2576 1737 2791 1799 emerit,
2812 1737 3020 1790 tametsi
3046 1736 3250 1807 legatos
3276 1738 3483 1792 miserit
3515 1740 3584 1794 ad

2010 1824 2391 1896 regemlarim,
2426 1828 2525 1880 hoc
2551 1838 2653 1892 est,
2685 1825 3025 1881 defensorem
3062 1828 3176 1881 sive
3208 1826 3433 1882 ultorem
3457 1826 3586 1899 (hoc

2007 1917 2151 1972 enim
2179 1917 2336 1971 larim
2364 1918 2568 1985 sonat),
2592 1927 2773 1972 tamen
2805 1919 3042 1971 divinam
3075 1919 3210 1972 iram
3239 1934 3342 1972 non
3368 1919 3586 1973 domue-

2009 2019 2154 2075 runt,
2186 2026 2362 2079 neque
2392 2008 2503 2063 Deo
2530 2009 2915 2078 pnevalebunt,
2952 2009 3109 2076 hujus
3152 2010 3286 2063 adeo
3318 2019 3470 2064 tetrae
3498 2010 3587 2065 de-

2006 2095 2257 2150 fectionis
2287 2112 2476 2164 pcenas
2514 2098 2771 2168 exigenti.
2805 2097 2919 2151 Non
2954 2100 3096 2153 enim
3157 2101 3356 2168 patuit,
3383 2101 3582 2168 inquit,

2007 2190 2229 2259 pecunia
2253 2206 2542 2260 persuasus
2570 2191 2782 2245 ellicere
2845 2200 2902 2244 ut
2940 2192 3153 2260 paulum
3203 2193 3580 2261 quiesceretis,

2008 2296 2107 2336 nec
2129 2282 2267 2335 alius
2296 2283 2542 2336 mercule
2571 2281 2868 2336 cunductus
2900 2299 3096 2337 sanare
3130 2300 3246 2338 vos.
3295 2285 3581 2353 l‘mnquam

2007 2384 2186 2428 autem
2243 2375 2446 2429 doloris
2504 2374 2754 2430 stimulus
2803 2377 3057 2430 cessabit.
3090 2375 3186 2429 Est
3219 2377 3383 2446 igitur
3415 2377 3587 2446 pessi-

2007 2481 2177 2530 mum,
2209 2482 2313 2519 non
2339 2467 2512 2537 magis
2543 2482 2739 2537 cupere
2767 2469 2960 2522 salvari
2987 2483 3082 2538 per
3105 2482 3397 2538 supernam
3426 2483 3582 2521 man-

2007 2559 2372 2626 suetudinem,
2397 2562 2488 2614 sed
2521 2561 2771 2615 humanis
2799 2563 2989 2630 opibus
3023 2562 3208 2626 ﬁdere,
3244 2577 3365 2616 cum
3402 2577 3496 2630 per
3523 2577 3585 2616 os

2006 2652 2147 2706 beati
2183 2652 2344 2707 David
2372 2652 2604 2723 Spiritus
2637 2654 2864 2708 clamet:
2898 2674 2916 2706 ‹
2946 2655 3147 2708 Bonum
3177 2663 3259 2708 est
3311 2652 3586 2707 conﬁdere

2007 2745 2060 2799 in
2093 2743 2338 2810 Domino,
2386 2761 2548 2815 quam
2591 2747 2864 2801 conﬁdere
2912 2747 2963 2799 in
2990 2746 3228 2800 homine.
3277 2746 3480 2798 Bonum
3506 2754 3587 2796 νει

2007 2850 2228 2904 sperare
2259 2837 2308 2890 in
2341 2835 2588 2900 Domino,
2617 2852 2773 2906 quam
2812 2839 2866 2891 in
2897 2837 3229 2906 principibus
3257 2837 3323 2888 ".
3354 2854 3376 2889 ι
3403 2834 3468 2888 Ει
3495 2849 3589 2902 per

2006 2927 2296 2982 Jercmiam
2330 2945 2344 2983 :
2378 2947 2396 2980 ι
2423 2928 2740 2983 Maledictus
2773 2930 2934 2983 homo
2988 2930 3077 2998 qui
3110 2944 3257 2995 spem
3312 2942 3462 2982 suam
3494 2940 3588 2995 po-

2010 3020 2090 3074 nit
2143 3019 2195 3074 in
2257 3021 2495 3085 homine,
2521 3031 2574 3075 et
2607 3021 2838 3074 ﬁrmabit
2866 3037 3082 3074 carnem
3134 3019 3341 3074 brachii
3369 3019 3450 3071 sui
3488 3032 3585 3070 su-

2011 3126 2105 3180 per
2149 3125 2296 3177 eum,
2326 3121 2380 3167 et
2415 3129 2443 3166 a
2476 3113 2703 3167 Domino
2756 3113 2983 3167 recessit
3048 3127 3143 3166 cor
3197 3111 3333 3180 ejus.
3366 3111 3432 3164 Et
3485 3109 3591 3163 crit

2011 3205 2164 3272 quasi
2188 3203 2666 3274 silveStrismyrica
2700 3220 2819 3274 quae
2847 3215 2929 3259 est
2963 3205 3015 3258 in
3045 3205 3260 3259 deserto
3295 3219 3311 3269 ;
3371 3217 3477 3256 non
3513 3204 3590 3252 vi-

2013 3291 2160 3346 debit
2200 3308 2322 3348 cum
2348 3295 2594 3348 venerint
2624 3293 3123 3348 bona.Benedictus
3155 3295 3315 3346 homo
3339 3293 3431 3362 qui
3461 3306 3592 3344 con-

2013 3379 2131 3434 ﬁdit
2159 3381 2214 3434 in
2243 3383 2484 3447 Domino,
2511 3384 2683 3438 eterit
2705 3383 2963 3438 Dominus
3001 3383 3194 3437 ﬁducia
3226 3381 3363 3449 ejus,
3397 3391 3452 3435 et
3483 3381 3590 3434 erit

2013 3472 2164 3541 quasi
2199 3472 2398 3541 lignum
2434 3475 2715 3529 abundans
2763 3473 2913 3543 juxta
2961 3489 3150 3544 aquas,
3183 3482 3236 3528 ct
3288 3487 3452 3542 super
3483 3472 3590 3525 hu-

2013 3578 2220 3618 morem
2249 3566 2426 3620 mittet
2461 3567 2670 3622 radices
2692 3583 2840 3629 suas,
2874 3577 2928 3620 et
2963 3583 3067 3620 non
3105 3565 3317 3619 timebit
3341 3579 3463 3617 cum
3492 3577 3589 3615 ve-

2013 3656 2360 3722 neritaastus,
2394 3668 2447 3712 et
2478 3658 2532 3711 in
2585 3673 2650 3714 eo
2684 3659 2821 3712 rami
2891 3657 3174 3719 frondosi;
3229 3655 3282 3708 in
3319 3669 3455 3708 anno
3485 3653 3566 3708 sic

2015 3747 2191 3800 citatis
2217 3762 2320 3801 non
2336 3749 2563 3814 timebit,
2581 3758 2634 3802 et
2659 3765 2762 3805 non
2790 3750 2996 3803 desinet
3027 3747 3229 3802 faciens
3248 3745 3589 3800 fructum‘7.»

2015 3833 2206 3890 Melius
2231 3837 2389 3906 igitur
2421 3839 2487 3892 ad
2514 3839 2678 3892 Deum
2705 3854 2765 3892 se
2799 3837 3109 3908 adiungere,
3144 3847 3197 3891 et
3221 3835 3352 3890 illud
3373 3835 3595 3904 sapiens

2017 3925 2216 3980 dictum
2249 3943 2371 3982 cum
2397 3929 2532 3984 bona
2557 3932 2886 3985 conscientia
2918 3946 3176 3999 usurpare
3205 3946 3218 3983 :
3253 3949 3271 3981 ι
3302 3927 3450 3981 Tuus
3472 3940 3590 3980 sum

2018 4031 2141 4086 ego,
2170 4018 2314 4072 salva
2347 4036 2449 4086 me,
2475 4022 2728 4091 quoniam
2772 4021 3186 4088 justilicatioues
3239 4029 3358 4072 tuas
3403 4017 3594 4084 exqui-

2021 4107 2120 4161 sivi
2145 4109 2210 4163 ⁵³.
2245 4129 2264 4161 ι

322 4204 448 4269 τοῦ,
499 4205 590 4258 καὶ
617 4205 676 4258 ού
709 4203 785 4275 μὴ
827 4203 1038 4274 φοϐηθῇ
1089 4203 1216 4256 ὅταν
1246 4200 1374 4273 ἔλθῃ
1403 4199 1609 4270 καῦμα.
1663 4200 1775 4252 Καὶ
1817 4199 1904 4252 ἐπ’
1945 4201 2092 4272 αὐτῷ
2161 4205 2384 4276 στελέχη
2408 4206 2640 4279 ἀλσώδη,
2677 4210 2736 4262 ἐν
2799 4208 3028 4279 ἐνιαυτῷ
3061 4205 3318 4278 ἀϐροχίας
3337 4204 3398 4257 οὐ
3427 4201 3597 4274 φοϐη-

326 4303 580 4373 θήσεται,
615 4299 711 4353 καὶ
734 4299 794 4354 οὐ
826 4298 1088 4368 διαλείψει
1117 4296 1306 4351 ποιοῦν
1332 4295 1562 4368 καρπόν.
1594 4314 1612 4346 ι
1653 4294 1910 4365 ’Ἀμεινον
1947 4291 2042 4350 οὖν
2091 4299 2220 4369 ἄρα,
2295 4302 2775 4373 προσοικειοῦσθαι
2801 4303 2939 4374 Θεῷ,
2973 4303 3065 4356 καὶ
3129 4301 3190 4353 τὸ
3220 4299 3384 4368 σοφὸν
3417 4299 3597 4351 ἐκεῖνο

325 4395 512 4463 λέγειν
559 4394 619 4459 ἐξ
651 4393 863 4464 ἀγαθῆς
891 4394 1128 4456 διανοίας
1155 4408 1168 4422 ·
1207 4409 1226 4443 ι
1275 4391 1375 4454 Σὸς
1404 4394 1519 4460 εἰμι
1551 4389 1683 4458 ἐγὼ,
1741 4390 1914 4444 σῶσόν
1957 4410 2046 4463 με,
2078 4396 2159 4448 ὃτι
2179 4398 2248 4451 τὰ
2276 4397 2624 4468 δικαιώματά
2651 4417 2744 4452 σου
2781 4399 3105 4470 ὲξεζήτησα.
3148 4415 3166 4448 ι

401 4489 559 4542 Διότι
588 4486 701 4556 ἐγώ
727 4489 843 4550 εἰμι
870 4485 950 4550 ὡς
988 4484 1221 4551 πάνθηρ
1278 4481 1358 4548 τῷ
1418 4482 1682 4550 Ἐφραῒμ,
1712 4481 1809 4534 καὶ
1840 4482 1907 4547 ὡς

2090 4487 2582 4557 93Vsns.l4,15.
2605 4491 2743 4556 Quia
2770 4507 2860 4557 ego
2877 4489 3293 4559 quasipamhcra
3317 4486 3593 4556 Epitraim,

326 4581 490 4637 λέων
515 4579 596 4644 τῷ
639 4580 784 4643 οἴκῳ
827 4577 1042 4641 Ἰούδα,
1077 4578 1175 4630 καὶ
1209 4575 1323 4644 ἐγὼ
1353 4573 1644 4643 ἀρπῶμαι,
1679 4573 1778 4626 καὶ
1809 4587 1914 4626 πο-

321 4674 641 4744 ρεύσομαι,
670 4671 768 4725 καὶ
791 4671 1082 4740 λήψομαι,
1108 4668 1208 4722 καὶ
1233 4670 1344 4721 οὐκ
1383 4666 1552 4719 ἔσται
1581 4668 1613 4718 ὁ
1648 4663 1914 4730 ἐξαιρού-

320 4781 533 4836 μενος.
571 4764 968 4832 Πορεύσομαι,
991 4761 1090 4815 καὶ
1123 4758 1466 4827 ἐπιστρέψω
1494 4760 1580 4823 εἰς
1601 4757 1707 4811 τὸν
1725 4757 1914 4810 τόπον

319 4874 470 4928 μου,
506 4855 615 4920 ἓως
643 4851 713 4910 οὗ
743 4851 1140 4924 ἀφανισθῶσι.

410 4949 461 4967 -ν

332 5042 440 5112 μὲν
469 5040 621 5093 οὐδὲν
660 5042 708 5093 οἱ
751 5038 830 5109 τῷ
875 5037 1118 5109 Ἐφραῖμ
1159 5035 1552 5105 ἐπαμύνοντες,

330 5133 610 5187 παύσεται
633 5132 689 5184 δὲ
719 5131 785 5184 τὰ
813 5133 911 5202 τῆς
939 5131 1128 5199 ὀδύνης
1171 5130 1374 5191 αὐτοῖς.
1403 5146 1420 5177 ι
1461 5126 1600 5195 Ἐγὼ
1641 5127 1749 5195 γάρ
1784 5127 1919 5194 εἰμι,

406 4949 482 5004 Ξ’.
545 4947 782 5017 Ἐναργῆ
813 4947 1102 5015 καθίστησι
1153 4945 1252 5013 τὴν
1284 4942 1461 4995 αἰτίαν
1512 4941 1578 4995 δι’
1602 4943 1667 5013 ἣν
1703 4939 1918 5008 ὤνησαν

1616 5034 1676 5086 ού
1732 5033 1918 5086 διαπεα

2017 4585 2066 4629 et
2098 4579 2250 4646 quasi
2276 4578 2354 4631 leo
2378 4581 2556 4631 domui
2586 4580 2755 4645 Juda,
2788 4588 2836 4631 et
2866 4595 2956 4648 ego
2984 4577 3206 4645 rapiant,
3229 4584 3278 4628 et
3316 4577 3526 4636 vadum,
3549 4581 3597 4624 et

2021 4667 2225 4733 tollam,
2255 4676 2303 4720 et
2334 4685 2436 4722 non
2463 4670 2560 4723 erit
2598 4670 2687 4739 qui
2723 4677 2895 4721 eruat.
2934 4666 3052 4731 Ibo,
3083 4675 3129 4718 et
3163 4673 3390 4718 revertar
3425 4663 3475 4714 iu
3511 4661 3597 4712 lo-

2019 4776 2137 4813 cum
2167 4776 2360 4826 meum,
2389 4763 2552 4815 donec
2581 4762 2900 4830 dispeream.

2089 4936 2202 4990 LX.
2241 4936 2578 4992 Manifestam
2624 4937 2781 4993 all‘ert
2823 4936 3082 4990 rationem
3147 4949 3315 5006 quare
3347 4932 3601 5003 Ephraim

2020 5029 2276 5083 auxilium
2311 5028 2547 5084 ferentes
2579 5030 2710 5083 nihil
2763 5028 3148 5098 promoverint,
3179 5039 3232 5080 et
3273 5041 3378 5078 non
3411 5039 3594 5078 cessa-

2026 5133 2177 5174 turus
2202 5122 2274 5176 sit
2304 5122 2370 5175 ab
2393 5123 2472 5176 eis
2497 5121 2652 5176 dolor
2686 5137 2895 5175 eorum.
2932 5141 2950 5172 ‹
2979 5119 3086 5189 Ego
3119 5120 3262 5172 enim
3289 5133 3430 5178 sum,
3460 5135 3478 5167 ι
3517 5115 3604 5167 iu-

332 5225 509 5294 φησὶ.
575 5224 650 5287 ὼς
703 5223 919 5292 πάνθηρ
1097 5219 1356 5291 Ἐφραῒμ,
1395 5219 1488 5273 καὶ
1542 5219 1619 5280 ὡς
1675 5217 1811 5269 λέων
1844 5215 1907 5285 τιξ

2024 5214 2140 5281 quit
2177 5214 2386 5277 lsraeli,
2430 5234 2447 5264 ι
2483 5225 2542 5268 ιιι
2581 5215 2860 5285 panthera,
2889 5223 2942 5267 et
2967 5225 3024 5266 ut
3071 5216 3152 5264 leo
3180 5209 3360 5263 donmi
3391 5205 3546 5261 Juda.
3580 5225 3598 5255 ι

327 5319 474 5387 οἴκῳ
521 5316 711 5369 Ἰούδα.
755 5335 772 5366 ι
810 5315 1080 5385 Πρόδηλον
1116 5309 1230 5378 οὖν,
1257 5314 1336 5365 ὃτι
1361 5311 1494 5364 Θεοῦ
1529 5308 1907 5379 παραλύοντος

2025 5305 2218 5374 Liquet
2253 5322 2403 5376 ergo,
2426 5309 2532 5362 Deo
2566 5309 2819 5377 perdente
2849 5309 3111 5360 neminem
3150 5303 3265 5355 fore
3291 5301 3379 5369 qui
3412 5299 3602 5354 salvet.

333 5414 367 5465 ὁ
396 5410 585 5463 σώσων
605 5407 832 5471 ούδείς.‹
867 5407 976 5477 Τὴν
1003 5406 1110 5478 γὰρ
1138 5410 1295 5477 χεῖρα
1320 5406 1413 5474 τὴν
1435 5402 1664 5472 ὑψηλὴν,
1690 5401 1772 5463 τίς
1790 5401 1907 5452 ἁποι

2034 5419 2051 5450 ‹
2075 5399 2282 5454 Manum
2315 5401 2459 5456 enim
2491 5400 2755 5455 excelsam
2785 5401 2906 5468 quis
2940 5397 3211 5451 avertet”
3234 5395 3256 5447 ?
3279 5414 3298 5445 ›
3353 5403 3412 5446 ιιι
3465 5393 3595 5446 scri-

337 5503 607 5573 στρέψεις
637 5501 810 5554 »κατὰ
830 5501 888 5554 τὸ
917 5498 1451 5570 γεγραμμένον.”οτι
1471 5496 1525 5549 δὲ
1548 5497 1641 5549 καὶ
1663 5493 1904 5565 ἡμερότη

2031 5501 2181 5558 ptum
2205 5499 2306 5545 est.
2331 5490 2634 5560 Contigisse
2661 5501 2837 5544 autem
2857 5490 2961 5543 illis
2992 5504 3110 5559 quae
3128 5487 3486 5555 contigerunt,
3514 5482 3608 5536 de-

333 5612 431 5658 τος
453 5594 673 5664 ἁπάσης
696 5593 1060 5666 ἐξῃρημένης,
1087 5591 1154 5644 τὰ
1185 5591 1271 5643 ἐπ’
1298 5590 1481 5650 αὐτοῖς
1514 5586 1768 5655 γενέσθαι
1788 5601 1907 5654 συμ·

2032 5583 2192 5637 sertis
2240 5583 2307 5638 ab
2352 5583 2497 5638 omni
2542 5585 2822 5638 clementia
2856 5581 2991 5647 Dei,
3027 5580 3126 5636 sub
3151 5578 3476 5637 velamento,
3514 5575 3588 5627 im

420 5782 464 5813 ⁵³
499 5781 654 5841 Osee,
693 5797 789 5841 vn,
814 5781 898 5833 llr.
972 5779 1016 5810 δέ
1057 5777 1120 5829 ιν
1155 5778 1282 5846 Reg.
1319 5790 1404 5839 xv,
1444 5773 1521 5826 l9.
1601 5772 1644 5804 ⁵⁵
1688 5767 1750 5824 ιν
1786 5769 1907 5839 Reg.

2010 5774 2054 5835 'i,
2096 5770 2144 5824 7.
2222 5771 2265 5802 ⁵
2308 5767 2450 5826 Psal.
2477 5785 2643 5834 cxvn,
2670 5767 2793 5833 8,9.
2870 5767 2914 5799 ⁸⁷
2942 5765 3031 5820 Jer
3083 5779 3212 5828 xm,
3244 5760 3356 5817 5-8.
3388 5759 3435 5792 "
3463 5755 3607 5814 Psal.

343 5871 410 5908 cx
474 5869 554 5918 ιΙΙ,
594 5851 678 5905 .36.
755 5854 798 5883 ⁵⁹
832 5855 930 5904 lsa.
969 5865 1075 5911 λιν,
1101 5848 1188 5901 ‘27.
