4110 6368
499 384 602 439 159

1486 386 1545 439 S.
1585 383 1854 440 CYRILLI
1894 383 2366 440 ALEXANDRINI
2403 383 2727 440 ARCHIEP.

3656 381 3757 436 100

501 515 681 570 petum
744 513 898 552 suum
953 498 1280 553 terribilibus
1330 499 1826 571 robustissimisque
1885 503 2074 557 helluis

2202 501 2427 573 ῖέσηκεν,
2461 500 2738 571 ύπέφηνεν
2776 499 3216 569 αἰνιγματωδῶς,
3247 498 3361 558 τοῖς
3408 495 3490 548 ὅτι
3524 493 3760 564 μάλιστα

501 605 822 658 Comparans
849 589 1193 660 signiﬁcavit.
1230 589 1498 646 Panthera
1530 593 1674 647 enim
1702 595 2076 651 incitatissimo

501 697 661 734 cursu
704 681 876 735 fertur
903 683 956 735 in
993 697 1131 750 quos
1156 683 1290 746 vult,
1328 685 1570 754 adeoque
1613 685 1714 741 levi
1747 689 1880 757 pede
1928 689 2073 756 salit,

502 782 562 826 ut
585 775 669 825 vix
705 773 988 843 vestigium
1019 774 1138 842 ejus
1166 786 1439 842 cernatur,
1456 792 1629 844 neque
1662 779 1826 835 ullum
1864 782 2074 853 signum

503 863 652 918 humi
689 864 974 934 relinquat.
1007 867 1100 920 Ast
1131 866 1212 920 leo
1240 872 1574 923 tremendum
1615 872 1829 940 quidem
1859 883 1912 927 et
1948 875 2077 929 hor-

505 956 745 1009 risonmn
804 958 856 1010 in
903 958 1178 1014 montibus
1225 961 1400 1028 rngit.
1463 964 1680 1017 tonitrui
1732 965 1938 1032 instar,
1983 985 2080 1020 au-

505 1047 819 1117 dientesque
857 1049 1098 1118 percellit
1143 1052 1563 1120 quodammodo.
1598 1056 1886 1112 Aitenim:
1925 1076 1944 1109 ι
1971 1059 2080 1113 Leo

506 1137 701 1205 rugiet,
734 1147 788 1193 et
830 1139 950 1207 quis
985 1155 1088 1194 non
1142 1141 1456 1197 timebit“?
1479 1164 1498 1197 ο
1536 1146 1649 1202 Nec
1686 1147 1802 1216 ejus
1832 1165 2080 1206 accessus

505 1227 702 1293 arceri,
743 1237 797 1282 et
842 1230 924 1283 vis
954 1229 1258 1286 invadentis
1305 1232 1591 1291 difficulter
1637 1239 1820 1307 repelli
1877 1251 2075 1310 potest.

506 1317 660 1383 Quod
705 1320 1045 1390 corripuerit,
1083 1322 1226 1378 illico
1267 1327 1465 1394 perdit,
1489 1343 1590 1383 nec
1635 1331 1920 1400 quisquam
1965 1332 2083 1400 ejus

507 1411 778 1476 unguibus
817 1413 1138 1483 implicitum
1169 1417 1402 1472 auferat.
1443 1419 1767 1476 Pantheram
1799 1439 1958 1492 porro
1992 1439 2085 1480 ee-

509 1498 722 1557 leritate
745 1503 922 1559 valere
947 1516 1004 1560 et
1024 1507 1208 1563 volare
1239 1513 1619 1578 prepetnodum
1644 1515 1818 1581 praeda
1849 1516 2080 1584 direpta;

509 1590 718 1644 leonem
761 1594 984 1648 bestiam
1020 1612 1140 1652 esse
1173 1600 1426 1665 validam,
1462 1602 1899 1670 imper-territam,
1931 1607 2086 1676 cujus

507 1697 766 1740 occursus
797 1688 1148 1756 periculosus,
1179 1691 1291 1760 ipse
1329 1694 1564 1749 Ostendit
1609 1711 1730 1750 cum
1761 1696 2039 1768 subjungit
2067 1717 2081 1753 :

515 1792 533 1825 ι
567 1774 631 1828 Ει
658 1791 758 1845 ego
805 1781 1032 1847 rapiam,
1067 1792 1119 1836 el
1160 1785 1371 1850 vadum,
1402 1797 1454 1840 et
1483 1786 1662 1841 tollam
1687 1805 1700 1852 ;
1730 1797 1785 1842 el.
1836 1803 1940 1842 non
1984 1791 2088 1845 erit

510 1865 602 1933 qui
638 1879 812 1926 eruat.
845 1889 864 1921 ι
897 1871 1011 1926 Hoc
1039 1875 1182 1927 enim
1219 1875 1433 1930 leonum
1469 1879 1644 1933 robori
1695 1883 1979 1938 convenit:
2004 1894 2088 1937 ast

513 1957 663 2024 illud,
697 1977 716 2009 ι
744 1959 991 2029 Rapiam,
1027 1973 1081 2018 et
1115 1967 1326 2028 vadato,
1353 1979 1407 2022 et
1454 1970 1633 2024 tollam
1661 1990 1680 2022 ι
1713 1975 1973 2040 panthera
2006 1975 2091 2029 fa-

513 2050 608 2110 cit,
651 2060 707 2103 ut
733 2051 868 2105 dixi.
902 2053 1055 2118 Quod
1085 2065 1264 2110 autem
1301 2057 1558 2114 Dominus
1600 2077 1694 2116 eos
1720 2080 1748 2116 a
1777 2065 1973 2132 quibus
2005 2065 2090 2120 of-

511 2137 696 2196 fensus
730 2153 813 2197 est
841 2146 1152 2202 deserturus
1205 2150 1297 2212 sit,
1331 2161 1386 2203 et
1419 2151 1673 2207 auxilium
1703 2170 1838 2223 pene
1877 2157 2094 2210 subtra-

515 2242 726 2296 cmrus,
748 2234 1186 2293 etbenevolentia
1222 2254 1318 2294 sua
1352 2256 1445 2296 eos
1479 2244 1806 2310 privaturus,
1837 2245 2094 2302 indicavit

517 2323 622 2376 illis
652 2324 849 2391 verbis,
879 2346 897 2378 ι
923 2327 1112 2392 lho,et
1143 2343 1384 2386 revertar
1410 2334 1462 2386 in
1498 2334 1672 2388 locum
1705 2339 2094 2403 meum,donec

516 2415 845 2484 dispereant.
877 2437 896 2470 ι
932 2419 1087 2475 Nullo
1121 2423 1333 2490 quidem
1373 2425 1534 2481 modo
1577 2427 1834 2484 divinitas
1864 2430 1981 2485 loco
2007 2432 2094 2486 in-

516 2504 752 2560 cluditur
779 2525 841 2564 ac
859 2510 1134 2567 delinitur.
1162 2511 1268 2568 Sed
1297 2517 1489 2571 adesse
1523 2519 1846 2586 quibusdam
1875 2523 2094 2588 dicitur,

516 2610 639 2648 eum
670 2613 764 2653 eos
798 2603 971 2669 gratia
998 2613 1053 2658 et
1081 2603 1266 2662 favore
1294 2624 1391 2661 suo
1422 2611 1622 2664 donat:
1661 2612 1856 2667 abesse
1884 2630 2095 2668 rursum

518 2687 586 2741 ah
613 2688 681 2744 iis
713 2692 804 2758 qui
844 2707 1224 2761 peccaverunt,
1248 2702 1462 2768 quando
1499 2718 1592 2757 eos
1623 2715 1928 2771 aversatur,
1966 2707 2099 2761 leni-

520 2789 793 2850 utcmque
824 2799 976 2838 suam
1012 2787 1140 2856 ipsis
1174 2791 1409 2846 tribuere
1434 2793 1650 2850 desinit.
1682 2795 1756 2850 De
1799 2795 1909 2851 Deo
1951 2799 2098 2853 enim

522 2889 673 2927 more
702 2875 936 2930 lnnnano
974 2876 1251 2947 loquitur;
1279 2883 1372 2936 sed
1406 2897 1467 2937 ea
1507 2895 1664 2954 prout
1707 2887 1779 2940 illi
1811 2897 2100 2943 consenta-

523 2983 684 3021 neum
715 2980 800 3025 est
825 2970 1198 3043 intelligimus.

597 3141 662 3196 Et
720 3145 986 3215 requirent
1041 3148 1230 3218 faciem
1290 3165 1458 3204 meam
1519 3167 1638 3206 cum
1686 3153 1880 3222 fuerint
1938 3157 2104 3210 tribuo

522 3233 638 3290 lati.

596 3325 733 3383 LXI.
766 3328 1095 3399 lmpotenter
1119 3333 1185 3387 ad
1221 3332 1424 3387 nefaria
1454 3335 1870 3401 declinantibus,
1897 3346 1952 3392 et
1988 3339 2106 3393 sine

525 3421 632 3476 L'ne
662 3435 886 3490 peccare
899 3423 1071 3478 solitis
1105 3441 1208 3479 non
1237 3437 1458 3488 temere.
1484 3430 1577 3482 sed
1607 3430 1675 3484 ad
1703 3431 1987 3486 utilitatem
2014 3448 2106 3500 po-

529 3514 656 3575 tius,
688 3526 742 3568 et
771 3524 1028 3586 tanquam
1064 3519 1388 3572 medicinam
1420 3535 1448 3571 a
1489 3521 1595 3576 Deo
1623 3537 1992 3591 smpenumero
2025 3525 2109 3578 in-

527 3604 808 3659 connnoda
849 3605 1154 3676 importari,
1185 3609 1375 3662 iterum
1405 3609 1516 3682 94
1541 3612 1719 3667 docet.
1756 3612 2108 3684 Contempto-

529 3709 615 3749 res
643 3698 784 3750 enim
814 3697 1009 3753 divinae
1044 3702 1471 3755 mansuetudinis
1509 3712 1564 3756 et
1596 3703 1910 3773 ignorantes
1936 3721 1994 3761 se
2042 3707 2110 3760 atl

531 3784 901 3853 paenitentiam
949 3796 1058 3842 tam
1091 3789 1392 3846 incredibili
1423 3791 1704 3848 tolerantia
1750 3795 1991 3861 invitari,
2029 3798 2112 3851 in-

529 3874 856 3932 ﬂammatam
892 3879 1012 3949 ejus
1046 3881 1181 3934 iram
1236 3899 1340 3937 non
1390 3883 1646 3952 effugient
1693 3886 1801 3941 ullo
1852 3889 2110 3955 modo";

531 3969 776 4037 quinimo
811 3972 1139 4028 calamitatis
1183 3975 1478 4030 acerbitate
1525 3977 1683 4031 fracti
1724 3993 1790 4032 ac
1825 3979 2112 4046 debilitati,

533 4062 660 4128 quid
690 4061 788 4116 sibi
835 4065 1101 4118 conducat
1130 4065 1464 4136 intelligent:
1501 4078 1556 4122 et
1591 4068 1788 4136 quibus
1823 4070 1952 4124 nihil
1983 4086 2114 4140 pro-

535 4152 638 4207 fuit
665 4155 1094 4225 heniguitas,eos
1120 4159 1186 4214 ad
1222 4160 1467 4213 notitiam
1502 4160 1748 4215 utilitatis
1778 4177 1889 4216 sua:
1915 4178 2116 4218 terum-

537 4263 727 4299 narum
757 4247 1014 4316 supplicia
1048 4250 1330 4305 inducunt.
1363 4252 1829 4318 Quemadmodum
1863 4256 2006 4308 enim
2032 4256 2116 4308 af-

536 4336 707 4392 fectus
741 4355 1024 4408 corporum
1058 4342 1430 4409 graviores,et
1462 4343 1671 4397 lenibus
1703 4344 2119 4402 medicamentis

537 4444 642 4481 non
680 4430 952 4497 cedentes,
988 4431 1097 4501 igni
1125 4431 1376 4500 ferroque
1413 4432 1724 4502 frequenter
1752 4445 2115 4501 superantur:

2175 594 2365 656 δεινοῖς
2415 593 2508 645 καὶ
2553 591 2956 661 ἀλκιμωτάτοις
3001 586 3212 659 θηρίοις
3263 587 3364 657 τὴν
3406 585 3616 639 οἰκείαν
3666 587 3758 654 ὁρ-

2179 684 2286 756 μὴν
2315 683 2683 755 παρεικάζων.
2739 683 2798 736 Ὀ
2831 683 2926 753 μὲν
2959 681 3068 750 γὰρ
3103 677 3321 749 πάνθηρ
3353 676 3597 746 ὀξυτάτῳ
3637 677 3758 729 λίαν

2177 779 2298 831 καθ’
2320 774 2395 832 ὧν
2421 778 2487 832 ἂν
2513 777 2686 831 ἕλοιτο
2718 776 2942 845 φέρεται
2977 774 3181 845 δρόμῳ,
3219 771 3476 840 ἐλαφροῖς
3501 769 3558 823 δὲ
3587 769 3760 833 οὕτως

2178 870 2327 941 ᾄττει
2360 870 2533 934 ποσὶν,
2561 870 2636 932 ὡς
2654 869 2787 940 μηδὲ
2819 869 2987 938 ἰχνοις
3018 864 3248 936 ὁρᾶσθαι
3271 863 3415 933 τάχα
3449 879 3576 924 που,
3613 862 3748 932 μήτε

2181 963 2288 1034 μὴν
2314 960 2736 1033 ὲνσημαίνεσθαί
2764 977 2815 1014 τι
2844 961 2911 1030 τῇ
2949 960 3043 1028 γῇ.
3085 955 3144 1010 '0
3193 956 3249 1008 δὲ
3286 954 3423 1007 λέων
3473 953 3756 1025 ἐρεύγεται

2183 1054 2282 1125 μὲν
2322 1055 2379 1106 ὲν
2420 1057 2534 1115 τοῖς
2571 1052 2724 1122 ὃρεσι
2763 1050 2953 1114 δεινὸν,
3000 1049 3095 1104 καὶ
3135 1047 3431 1118 διαὸριθὲς,
3471 1046 3566 1099 καὶ
3602 1045 3756 1114 βρον-

2179 1147 2245 1216 τῇ
2285 1144 2682 1216 παραπλήσιον,
2736 1144 2830 1197 καὶ
2897 1141 3298 1210 καταπλήττειν
3351 1133 3462 1192 οἷόν
3506 1153 3566 1190 τε
3615 1136 3743 1198 τοὺς

2179 1234 2578 1304 ἀκροωμένους.
2605 1233 2755 1286 Λέων
2789 1233 2926 1303 γὰρ,
2975 1233 3160 1304 φησὶν,
3210 1229 3514 1301 ὲρεύξεται,
3543 1228 3638 1280 καὶ
3675 1225 3760 1288 τίς

2179 1326 2242 1380 οὐ
2285 1325 2682 1396 φοϐηθήσεταιο
2720 1344 2736 1375 ι
2775 1325 2986 1394 ἄμαχον
3035 1323 3091 1376 δὲ
3134 1321 3319 1391 ἔφοδον
3343 1319 3476 1390 ἔχει,
3507 1319 3601 1372 καὶ
3635 1317 3763 1385 σφό-

2181 1418 2282 1489 δρα
2308 1416 2632 1486 δυσάντητον
2658 1416 2755 1484 τὴν
2792 1415 2991 1485 ὁρμήν.
3019 1413 3081 1466 Εἰ
3111 1411 3168 1465 δὲ
3214 1410 3280 1481 δή
3318 1427 3369 1462 τι
3399 1409 3573 1470 λάϐοι,
3601 1406 3759 1460 τοῦτο

2181 1509 2430 1563 διόλωλεν
2489 1508 2669 1572 εὐθὺς,
2726 1507 2818 1561 καὶ
2869 1507 2970 1559 οὐκ
3029 1505 3094 1558 ἂν
3145 1500 3380 1569 ὲξέλοιτό
3433 1517 3518 1562 τις
3560 1498 3762 1550 τὸένει-

2183 1597 2527 1670 λημ[μ]ένον.
2554 1596 2677 1648 Ὅτι
2716 1595 2772 1647 δὲ
2818 1594 3003 1664 θηρίον
3037 1592 3131 1658 ὀξὺ
3173 1595 3202 1646 ὁ
3255 1589 3491 1659 πάνθηρ,
3523 1586 3763 1655 ἀφίπτα-

2183 1709 2274 1744 ται
2302 1691 2359 1744 δὲ
2391 1689 2601 1760 ὥσπερ,
2631 1687 2692 1741 τὸ
2727 1687 2982 1756 ὲπιτυχδν
3022 1683 3275 1755 ἀρπάσας
3301 1697 3314 1712 ·
3360 1680 3665 1752 ἄθραυστον
3705 1676 3765 1729 δὲ

2186 1785 2397 1854 χρῆμα,
2424 1782 2517 1835 καί¹
2550 1779 2723 1843 ἀδεὲς,
2755 1779 2850 1832 καὶ
2879 1777 3210 1846 δυσάντητον
3236 1777 3265 1828 ό
3295 1773 3431 1826 λέων
3469 1771 3634 1833 ἐστὶν,
3667 1769 3766 1822 αὑ-

2189 1876 2280 1938 τὸς
2311 1873 2625 1946 παρέδειξεν
2675 1870 2943 1924 ἐπειπών·
2984 1888 3003 1920 ι
3043 1869 3150 1922 Καὶ
3181 1865 3292 1936 ἐγὼ
3333 1865 3615 1935 ἀρπῶμαι,
3671 1861 3767 1915 καὶ

2191 1966 2550 2037 πορεύσομαι,
2583 1967 2676 2016 καὶ
2703 1963 2968 2032 λήψομαι,
2996 1961 3088 2014 καὶ
3120 1960 3220 2013 οὐκ
3253 1959 3404 2012 ἔσται
3447 1954 3769 2025 ἐξαιρούμε-

2191 2077 2300 2123 νος.
2315 2079 2332 2111 ι
2354 2057 2727 2130 Ἀρμόςειγάρ
2738 2055 2895 2108 τοῦτο
2917 2057 2984 2124 τῇ
3001 2053 3231 2106 λεόντων
3252 2050 3411 2119 ἀλκῇ·
3430 2048 3492 2100 τὺ
3513 2047 3590 2111 δὲ,
3605 2065 3622 2097 t
3645 2045 3770 2115 ’Δρ-

2193 2152 2408 2223 πῶμαι.
2451 2152 2545 2204 καὶ
2570 2148 2928 2221 πορεύσομαι,
2971 2165 2987 2195 ο
3010 2145 3260 2215 δράσειεν
3295 2141 3359 2194 ἂν
3383 2142 3411 2192 ό
3441 2136 3675 2207 πάνθηρ,
3693 2135 3770 2195 ὡς

2193 2241 2350 2311 ἔφην.
2381 2240 2506 2292 Ὀτι
2551 2238 2608 2290 δὲ
2649 2238 2742 2291 καὶ
2783 2235 3140 2305 ἀποφοιτήσει
3183 2231 3291 2284 τῶν
3334 2227 3715 2296 λελυπηκότων
3741 2225 3770 2276 ὁ

2194 2335 2418 2405 Κύριος,
2447 2332 2539 2385 καὶ
2567 2329 2846 2401 μονονουχὶ
2883 2327 3131 2380 συστελεῖ
3156 2326 3257 2396 τὴν
3295 2321 3635 2394 ἐπικουρίαν,
3676 2317 3772 2372 καὶ

2195 2423 2558 2492 ἀποστερήσει
2577 2420 2636 2472 τὸ
2655 2418 2901 2489 εὐμενὲς,
2930 2417 3359 2487 διαμεμήνυκεν,
3382 2415 3572 2468 εἰπών’
3611 2431 3628 2462 ι
3669 2412 3774 2463 Πο-

2200 2514 2483 2585 ρεύσομαι,
2515 2515 2609 2565 καὶ
2639 2511 2952 2582 ἐπιστρέψω
2987 2512 3068 2573 εἰς
3096 2510 3188 2562 τὸν
3227 2507 3392 2559 τόπον
3427 2523 3549 2576 μου,
3576 2504 3680 2566 ἕως
3709 2495 3771 2554 οὗ

2197 2603 2558 2674 ἀφανισθῶσι.
2584 2624 2601 2653 ι
2635 2603 2797 2671 Τόπῳ
2828 2602 2924 2672 μὲν
2948 2601 3057 2671 γὰρ
3086 2597 3468 2670 ἀπεριόριστον
3496 2591 3773 2653 παντελῶς

2197 2698 2258 2750 τὸ
2281 2697 2433 2750 Θεῖόν
2467 2697 2614 2748 ἐστι’
2644 2696 2896 2766 παρεῖναι
2929 2692 2986 2746 δὲ
3016 2691 3236 2759 λέγεταί
3267 2705 3430 2752 τισιν,
3463 2688 3592 2740 ὅταν
3619 2682 3776 2754 χαρί-

2199 2790 2358 2858 ζηται
2393 2789 2490 2858 τὴν
2513 2786 2798 2856 εὐμένειαν
2821 2802 2834 2812 ·
2868 2785 3084 2836 ἀπεῖναι
3122 2780 3178 2833 δὲ
3208 2774 3275 2832 αὖ
3307 2777 3413 2830 τῶν
3455 2771 3775 2847 ἡμαρτηκό-

2198 2899 2324 2946 των,
2367 2882 2493 2934 ὃταν
2523 2879 2720 2942 αὐτοὺς
2751 2875 3183 2946 ἀποστρέφηται,
3234 2871 3329 2924 καὶ
3357 2869 3638 2937 ἀνακόπτῃ
3676 2866 3777 2934 τὴν

2200 2972 2534 3044 ἡμερότητα.
2579 2969 2836 3024 Λαλεῖται
2881 2969 2978 3037 μὲν
3019 2965 3128 3036 γάρ
3164 2961 3520 3034 ἀνθρωπίνως
3552 2957 3621 3011 τὰ
3650 2955 3778 3023 περὶ

2201 3063 2357 3124 Θεοῦ,
2382 3061 2580 3116 νοεῖταί
2607 3078 2670 3129 γε
2710 3061 2836 3130 μὴν,
2867 3059 2942 3122 ὡς
2967 3057 3033 3112 ἂν
3063 3054 3212 3125 αὐτῷ
3248 3053 3468 3123 πρέποι.

2131 3185 2175 3246 c
2277 3156 2388 3209 Kal
2417 3152 2843 3222 ἐπιζητήσουσι
2879 3151 2944 3205 τὸ
2973 3147 3302 3218 πρόσωπόν
3333 3162 3452 3214 μου
3483 3141 3629 3195 ὅταν
3657 3143 3784 3194 θλι-

2206 3245 2412 3300 ΰῶσιν.
2739 3297 2742 3301 .

2277 3338 2398 3391 EA’.
2457 3336 2576 3390 ’Ότι
2619 3334 2692 3404 μὴ
2733 3332 2858 3402 είκῆ
2887 3333 3000 3394 τοῖς
3052 3329 3305 3400 ἀχάλινον
3343 3326 3558 3395 ἔχουσιν
3593 3322 3684 3376 ἐπὶ
3718 3320 3788 3373 τὲ

2208 3431 2404 3501 αἰσχίω
2447 3429 2544 3498 τὴν
2581 3427 2772 3498 ῥοπὴν,
2829 3425 2922 3478 καὶ
2966 3425 3080 3485 τοῖς
3127 3419 3525 3488 ἀκαταλήκτως
3570 3413 3790 3467 εἰωθόσι

2210 3521 2551 3594 πλημμελεῖν
2579 3518 2903 3588 ἐπιφέρεται
2925 3514 3183 3576 πολλάκις
3207 3511 3358 3584 παρά
3374 3507 3508 3562 Θεοῦ
3528 3507 3596 3561 τά
3617 3504 3788 3569 δεινὰ,

2211 3615 2347 3686 πρὸς
2382 3613 2647 3684 ὠφελείας
2679 3611 2736 3664 δὲ
2768 3608 2987 3680 μᾶλλον,
3014 3607 3109 3659 καὶ
3137 3606 3212 3668 ὡς
3239 3606 3295 3656 ὲν
3327 3605 3556 3671 ἰάματος
3577 3598 3790 3669 τρόπῳ,

2211 3709 2452 3764 διδάσκει
2487 3705 2669 3759 πάλιν.
2696 3704 2758 3756 Ol
2790 3700 2900 3771 γὰρ
2938 3699 3039 3768 τῆς
3087 3695 3235 3759 θείας
3266 3692 3605 3765 ἡμερότητος
3631 3705 3795 3741 κατα-

2214 3798 2501 3872 φρονηταὶ,
2538 3797 2634 3850 καὶ
2661 3791 2994 3864 ἠγνοηκότες
3017 3792 3098 3843 ότι
3124 3786 3282 3841 καλεῖ
3315 3785 3452 3856 πρὸς
3509 3781 3795 3853 μετάγνω-

2217 3911 2300 3947 σιν
2332 3892 2391 3945 τὸ
2420 3891 2518 3961 τῆς
2549 3886 2900 3954 ἀνεξικακίας
2931 3881 3184 3954 μέγεθος,
3207 3878 3315 3932 τῶν
3343 3877 3403 3942 ἐξ
3432 3876 3601 3946 όργῆς
3637 3889 3798 3940 κινη-

2220 3986 2404 4056 μάτων
2462 3982 2523 4036 ού
2587 3976 2928 4052 περιέσονταί
2972 3974 3137 4028 ποθεν
3181 3990 3195 4002 ο
3233 3968 3694 4056 περιθραυόμενοι
3739 3963 3801 4015 δὲ

2222 4055 2420 4148 μᾶλλον
2464 4077 2531 4145 τῇ
2572 4073 2670 4144 τῆς
2723 4069 3011 4138 συμφορᾶς
3059 4064 3368 4164 ἀγριότητι,
3417 4059 3479 4164 τό
3519 4055 3804 4164 συμφέρον

2219 4167 2640 4238 ὲπιγινὼσκουσι
2658 4181 2670 4193 '
2702 4164 2797 4216 καὶ
2817 4162 2910 4227 οὒς
2930 4160 3083 4214 οὐδὲν
3107 4159 3316 4227 ὤνησεν
3336 4155 3370 4225 ἡ
3397 4149 3801 4220 φιλανθρωπία,

2220 4263 2357 4334 πρὸς
2394 4261 2494 4331 τὴν
2522 4258 2615 4312 τοῦ
2653 4256 3024 4326 συμφέροντος
3053 4251 3320 4322 ἀποφέρει
3341 4245 3543 4316 γνῶσιν
3574 4241 3636 4295 τὸ
3665 4256 3805 4294 κατ-

2221 4350 2546 4418 αικίζεσθαι.
2593 4347 2694 4403 Ὃν
2740 4348 2847 4417 γὰρ
2906 4345 3106 4416 τρόπον
3149 4343 3217 4394 τὰ
3272 4342 3330 4394 ὲν
3377 4341 3489 4402 τοῖς
3549 4335 3804 4405 σώμασιν

2223 4445 2572 4518 ἀγριαίνοντα
2602 4441 2713 4494 τῶν
2737 4438 2942 4495 παθῶν.
2969 4437 3064 4490 καὶ
3088 4437 3188 4489 ὅσα
3219 4433 3294 4504 μὴ
3320 4434 3432 4494 τοῖς
3455 4430 3638 4500 ἡπίοις
3663 4427 3810 4518 εἴκει

535 4521 749 4583 emlem,
779 4521 991 4590 opinor,
1029 4524 1188 4577 modo
1213 4539 1278 4579 ac
1313 4524 1522 4578 ratione
1556 4525 1837 4584 animabus
1867 4525 2099 4581 humani:

2229 4517 2559 4607 φαρμάκοις,
2593 4531 2725 4603 πυρὶ
2745 4531 2836 4583 καὶ
2863 4528 3064 4600 σιδήρῳ
3093 4526 3311 4578 νικᾶται
3337 4521 3597 4581 πολλάκις
3620 4535 3634 4549 ο
3662 4517 3811 4570 κατὰ

536 4608 760 4665 affectus
801 4627 895 4666 seu
935 4615 1062 4667 vitia
1104 4615 1475 4683 contingentia
1520 4616 1623 4670 nisi
1664 4617 1884 4672 mitibus
1931 4619 2115 4675 verbis

537 4703 752 4767 cedant,
773 4714 825 4756 et
859 4707 1105 4772 prudenti
1141 4708 1554 4763 ratiocinatione
1576 4710 1882 4776 vincantur,
1911 4711 2113 4766 labori-

541 4798 660 4857 hns,
683 4806 738 4849 et
772 4796 1018 4867 ﬂagellis,
1044 4811 1098 4854 et
1132 4802 1290 4856 smvis
1321 4802 1722 4857 calamitatibus
1751 4804 2113 4873 depelluntur.

539 4885 910 4943 'l‘rihnlatione
949 4892 1114 4957 igitur
1155 4896 1352 4960 pressi,
1386 4904 1497 4947 tmn
1531 4896 1616 4948 vix
1657 4896 1891 4961 tandem,
1923 4899 2118 4969 inquit,

546 4996 564 5030 ι
589 4977 780 5034 faciem
825 4997 1000 5037 meam
1035 4985 1330 5053 requirent.
1358 5005 1377 5038 ι
1413 4986 1547 5040 Cum
1583 4987 1728 5041 enim
1768 4989 1904 5042 bona
1937 4991 1988 5044 in
2029 5007 2121 5059 po-

544 5080 736 5126 testate
775 5086 919 5140 sunt,
949 5077 1190 5130 homines
1230 5079 1599 5146 imprudentes
1639 5081 1768 5148 ipsis
1811 5083 2005 5150 gaudia
2037 5084 2122 5137 la-

542 5165 772 5219 cientem
806 5183 912 5220 non
943 5169 1172 5221 multmn
1200 5171 1497 5223 curant.At
1524 5171 1569 5224 si
1597 5171 2125 5240 optatissimisexua-

545 5272 689 5319 mur,
717 5266 826 5312 tum
865 5275 994 5314 vero
1027 5261 1204 5316 acrius
1238 5277 1302 5317 ea
1336 5263 1724 5328 desiderantes,
1752 5278 1972 5319 sensum
2007 5279 2122 5319 mo-

548 5348 720 5405 lestia:
771 5353 1140 5409 incredibilem
1214 5363 1268 5410 et
1323 5356 1766 5411 inconsolabilem
1819 5358 2120 5414 haurimus.

554 5443 732 5497 ιϐιιιη
761 5446 942 5516 itaque
989 5449 1226 5504 tribulati
1277 5448 1496 5514 fuerint,
1529 5459 1656 5505 tunc
1713 5449 1905 5505 faciem
1953 5467 2127 5506 meam

553 5538 845 5605 requirent.
885 5560 901 5591 ι

2230 4629 2322 4682 τὸν
2349 4624 2484 4690 ἴσον,
2521 4622 2694 4695 οἶμαι,
2721 4621 2919 4694 τρόπον
2949 4636 3007 4673 τε
3053 4618 3146 4672 καὶ
3177 4615 3359 4684 λόγον,
3391 4613 3486 4667 καὶ
3510 4611 3578 4664 τὰ
3599 4613 3658 4665 ὲν
3682 4608 3810 4672 ταῖς

2231 4717 2598 4790 ἀνθρωπίναις
2647 4715 2847 4785 ψυχαῖς
2911 4707 3373 4779 ὲπισυμόαίνοντα
3411 4702 3604 4801 πάθης
3631 4702 3679 4754 εἰ
3729 4699 3810 4801 pi)

2233 4812 2488 4880 χρηστοῖς
2536 4806 2748 4860 ὑπείκει
2779 4803 2978 4872 λόγοις.
3023 4799 3159 4870 μηδὲ
3201 4793 3448 4866 λογισμῷ
3481 4794 3697 4847 νικᾶται
3727 4793 3815 4859 τῷ

2237 4903 2507 4974 σώφρονι,
2562 4899 2708 4968 πόνῳ
2756 4896 2850 4949 καὶ
2899 4893 3126 4964 μάστιγι
3181 4891 3277 4942 καὶ
3319 4890 3440 4949 ταῖς
3488 4883 3818 4993 ἀνηκέστοις

2238 4992 2626 5067 παραχωροῦσι
2658 4990 3003 5060 συμφοραῖς.
3063 4981 3514 5052 Ἐκτεθλιμμένοι
3571 4977 3636 5048 δὴ
3692 4977 3818 5067 ούν,

2228 5063 2347 5140 τότε
2375 5063 2439 5154 δὴ
2465 5081 2637 5149 μόλις,
2664 5081 2818 5150 φησὶ,
2865 5098 2883 5128 t
2913 5077 2988 5129 Τὸ
3018 5075 3152 5145 ἐμὸν
3193 5071 3592 5140 ὲπιζητήσουσι
3638 5063 3822 5135 πρόσ-

2227 5191 2395 5230 ωπον.
2427 5195 2445 5226 ι
2507 5174 2789 5235 Κειμένων
2824 5169 2934 5240 γὰρ
2961 5172 3018 5222 ὲν
3064 5166 3284 5236 ἐξουσίᾳ
3324 5162 3434 5216 τῶν
3468 5158 3713 5228 ἀγαθῶν,
3746 5157 3817 5209 οὺ

2230 5267 2400 5338 πολλὴ
2437 5267 2548 5327 τοῖς
2599 5262 2876 5324 ἀσυνέτοις
2905 5261 2938 5329 ἡ
2968 5257 3063 5311 τοῦ
3096 5251 3588 5324 κατευφραίνοντος
3619 5243 3824 5338 αἴσθη-

2234 5377 2336 5422 σις.
2457 5357 2513 5408 δὲ
2537 5355 2602 5424 δὴ
2621 5354 2726 5406 τῶν
2749 5351 2922 5413 οὕτως
2955 5347 3355 5402 εὖκταιοτάτων
3387 5336 3824 5410 ἀποστερεῖσθαι

2240 5449 2544 5520 συμϐαίνοι,
2584 5447 2705 5499 τότε
2755 5443 2819 5514 δὴ
2876 5442 3110 5512 μάλιστα
3159 5436 3508 5509 δριμυτέραις
3547 5430 3631 5484 ἐπ’

2235 5517 2354 5604 ταίς
2395 5538 2712 5608 ἐπιθυμίαις
2753 5533 3046 5607 ἐρχόμεθα.
3097 5527 3466 5600 Εἰσδεχόμεθα
3503 5523 3560 5576 δὲ
3615 5517 3826 5588 πολλὴν

559 5630 654 5683 καὶ
691 5631 1095 5699 ἀνταγὼνιστον
1124 5632 1218 5685 τοῦ
1276 5631 1575 5695 λυποῦντος
1637 5633 1735 5702 τὴν
1779 5631 2053 5704 αἴσθησιν.
2097 5635 2262 5690 «Ὅτε
2292 5635 2470 5688 τοίνυν
2527 5629 2772 5692 θλιϐῶσι,
2842 5626 2963 5679 τότε
3011 5624 3072 5677 τὸ
3122 5621 3254 5693 ἐμὸν
3309 5618 3601 5690 ζητήσουσι
3651 5609 3801 5680 πρός

555 5739 725 5774 ωπον.
760 5739 776 5771 3

628 5815 672 5844 ⁵ο
708 5813 890 5879 .\nto=,
918 5827 998 5879 ιιι,
1030 5815 1081 5869 8.
1160 5815 1197 5844 ’τ’
1235 5813 1389 5867 Rom.
1425 5815 1538 5878 “,5
1567 5829 1686 5882 5'th-
