4110 6368
342 314 434 371 ΞΖΗ

1262 304 1820 362 COMMENTARIUS
1859 306 1928 360 IN
1969 305 2201 362 OSEAM
2244 306 2685 362 PROI’IIETAM.

3516 307 3619 363 16'!

412 422 596 474 Ἔοικε
616 420 671 474 δὲ
707 423 739 479 6,
770 421 924 488 λόγος
951 422 1277 492 εὐαφόρμως
1305 424 1604 493 ἀναφοιτᾷν
1627 423 1722 474 ἐπὶ
1745 423 1806 474 τὸ
1831 420 1925 474 τοῦ

2109 421 2331 475 Videtur
2360 437 2539 476 sermo
2562 421 2940 491 percommode
2972 418 3037 472 ad
3060 418 3261 473 Christi
3295 420 3612 490 mysterium

338 512 574 585 Χριστοῦ
608 515 926 583 μυστήριον,
962 514 1057 567 καὶ
1089 514 1187 583 τὴν
1226 513 1479 567 διἀὑτοῦ
1520 513 1790 585 λύτρωσίν
1858 531 1921 567 τε

338 607 433 659 καὶ
468 603 603 675 πρὸς
628 604 763 657 Θεὸν
792 605 1130 676 ἐπιστροφὴν
1159 600 1218 659 εῦ
1247 606 1393 677 μάλα
1439 605 1809 676 παραδηλοῦν.
1851 605 1925 657 Τὸ

339 696 446 765 γὰρ
469 695 800 765 ζητούμενον
820 696 912 748 τοῦ
940 696 1077 749 Θεοῦ
1097 698 1409 767 πρόσωπον,
1444 697 1606 761 αὐτὸς
1633 696 1699 750 ἂν
1728 698 1922 755 νοοῖτο.

338 788 433 842 καὶ
479 786 686 859 σφόδρα
725 788 973 852 εἰκότως,
1008 790 1037 841 6
1065 789 1214 855 Υἱὸς,
1251 807 1269 841 ι
1310 790 1408 852 ’⁸ος
1430 790 1577 842 ἐστιν
1608 788 1793 851 εἰκὼν,
1832 788 1927 842 καὶ

336 877 705 947 ἀπαύγασμα,
762 878 856 930 καὶ
916 883 1206 950 χαρακτὴρ
1263 880 1361 949 τῆς
1418 879 1771 942 ὑποστάσεως
1830 878 1925 932 τοῦ

340 971 582 1042 Πατρός.
645 990 663 1022 ι
710 971 1007 1041 Πρόσωπον
1053 968 1146 1025 οὖν
1190 972 1252 1025 τὸ
1296 972 1495 1043 ἀληθὲς
1532 972 1625 1027 τοῦ
1666 972 1801 1026 Θεοῦ
1832 973 1927 1025 καὶ

348 1061 587 1131 Πατρός,
616 1063 644 1113 ό
681 1060 807 1125 Υἱὸς
831 1101 846 1125 ,
880 1062 1038 1133 εἴπερ
1086 1064 1142 1116 ὲν
1174 1063 1322 1133 αὐτῷ
1357 1062 1720 1133 γινώσκεται,
1759 1082 1777 1115 ι
1817 1063 1927 1117 Καὶ

347 1153 608 1222 ἑωρακὼς
638 1154 820 1218 αὑτὸν,
850 1153 1061 1224 ἑώρακε
1088 1154 1179 1208 τὸν
1211 1156 1448 1226 Πατέρα.
1484 1175 1503 1208 ι
1548 1157 1737 1220 Οὕτως
1766 1156 1927 1209 αὐτὸν

347 1245 597 1315 ὀνομάζει
625 1249 654 1299 ὁ
683 1246 967 1311 θεσπέσιος
1017 1248 1289 1317 Μελῳδὸς,
1345 1250 1481 1319 πρὸς
1532 1249 1622 1303 τὸν
1660 1248 1768 1301 τῶν
1792 1249 1928 1301 ὃλων

347 1337 480 1391 θεὸν
512 1338 910 1409 ἀνακεκραγώς
969 1355 1029 1391 τε
1075 1339 1167 1391 καὶ
1198 1339 1399 1409 λέγων·
1458 1358 1477 1391 ι
1520 1341 1593 1392 Τὸ
1636 1340 1926 1411 πρόσωπόν

346 1444 441 1480 σου
468 1428 731 1497 ἐπίφανον
777 1431 868 1482 ἐπὶ
902 1430 994 1483 τὸν
1026 1431 1211 1484 δοῦλόν
1247 1448 1362 1486 σου.
1407 1450 1424 1483 ι
1460 1433 1571 1485 Καὶ
1608 1432 1714 1503 μὴν
1736 1431 1830 1484 καὶ
1852 1431 1930 1494 ώς

344 1520 411 1573 ἐκ
431 1519 726 1592 προσώπου
768 1520 878 1573 τῶν
906 1524 1385 1587 πεπιστευκότων,
1428 1524 1522 1577 καὶ
1556 1522 1928 1595 μεμορφωμέ-

342 1633 452 1669 νων
484 1616 587 1685 ἠδη
609 1615 746 1686 πρὸς
768 1615 859 1669 τὸν
889 1617 1015 1669 Υἱὸν
1035 1617 1123 1671 διὰ
1146 1617 1484 1687 Πνεύματος,
1519 1635 1537 1667 ι
1584 1615 1928 1685 Ἐσημειώθη

343 1706 432 1774 ἐφ’
466 1706 614 1776 ἡμᾶς
638 1706 700 1759 τὸ
735 1707 851 1775 φῶς
886 1706 981 1760 τοῦ
1020 1708 1316 1777 προσώπου
1356 1726 1473 1773 σου,
1520 1708 1716 1778 Κύριε.
1762 1724 1781 1757 ι
1843 1707 1929 1769 Ὡς

343 1798 456 1869 γάρ
486 1815 649 1867 φησιν
678 1800 706 1851 ὀ
737 1800 1046 1871 προφήτης,
1074 1817 1091 1850 ι
1126 1798 1247 1863 Φῶς
1279 1798 1572 1871 προσώπου
1596 1798 1772 1870 ἡμῶν,
1802 1799 1933 1869 Χρι-
1963 1803 2006 1858 Β

346 1891 473 1955 στός
500 1890 723 1962 Κύριος.
761 1911 781 1945 ι

930 2029 1181 2082 ΚΕΦΑΛ.
1240 2031 1330 2096 εῖν.

429 2137 765 2205 Ὀρθριοῦσι
813 2139 962 2207 πρός
1006 2157 1103 2209 με.
1158 2142 1443 2209 λέγοντες
1469 2157 1483 2171 ⁶
1523 2140 1932 2211 Πορευθῶμεν,

346 2228 445 2281 καὶ
474 2230 931 2299 ἐπιστρέψωμεν
975 2232 1135 2299 πρὸς
1160 2235 1380 2298 Κύριον
1406 2234 1510 2286 τὸν
1554 2234 1700 2287 Θεὸν
1738 2234 1929 2301 ἡμῶν,

349 2318 438 2372 ὅτι
465 2319 648 2385 αὐτὸς
682 2319 975 2387 ἥρπακεν,
1007 2321 1107 2373 καὶ
1163 2322 1392 2375 ἰάσεται
1438 2321 1618 2392 ἡμᾶς,
1659 2323 1928 2389 πατάξω,

348 2410 443 2464 καί
486 2410 747 2479 μοτώσει
786 2409 946 2479 ἡμᾶς
970 2427 983 2441 ·
1018 2412 1254 2481 ὑγιάσει
1293 2412 1450 2482 ἡμᾶς
1482 2416 1633 2483 μετὰ
1658 2414 1768 2468 δύο
1800 2416 1935 2484 ἠμέ-

342 2519 455 2571 ρας
474 2519 485 2529 ·
514 2501 584 2553 ἐν
600 2501 790 2570 ἡμέρᾳ
814 2502 886 2571 τῇ
906 2503 1075 2573 τρίτῃ
1103 2503 1659 2572 ἐξαναστησόμεθα,
1701 2508 1797 2559 καὶ
1837 2506 1932 2576 ζη-

346 2594 573 2663 σόμεθα
598 2594 857 2647 ἐνώπιον
918 2596 1127 2658 αὐτοῦ,
1178 2596 1276 2648 καὶ
1314 2598 1661 2666 γνωσόμεθα
1683 2613 1694 2624 ·
1721 2599 1932 2663 Διώξο-

340 2703 460 2755 μεν
488 2686 593 2739 τοῦ
636 2684 858 2755 γνῶναι
886 2686 995 2739 τὸν
1021 2688 1265 2754 Κύριον.
1308 2689 1404 2755 Ὠς
1441 2688 1655 2757 ὄρθρον
1695 2689 1934 2760 ἕτοιμον

345 2773 684 2843 εὑρήσομεν
722 2773 929 2838 αὑτὸν,
962 2774 1061 2828 καὶ
1088 2775 1221 2843 ἣξει
1252 2777 1332 2843 ὡς
1356 2779 1530 2842 ὑετὸς
1565 2779 1712 2848 ἡμῖν
1755 2780 1931 2848 πρώτ.

339 2884 458 2936 μος
477 2885 575 2922 και
604 2867 822 2936 ὅψιμος

416 2983 535 3036 EB’.
576 2984 673 3036 To'
704 3002 721 3035 ι
749 2983 1059 3054 ὀρθριοῦσιν
1084 3002 1103 3036 ι
1161 2984 1220 3036 ὲν
1274 2983 1486 3045 τούτοις
1535 2984 1932 3055 ὑποσημαίνειν

346 3072 545 3137 ἔοικεν,
598 3075 678 3127 ὅτι
731 3074 985 3145 καθάπερ
1041 3074 1102 3139 ἐξ
1156 3073 1325 3128 ὕπνου
1371 3075 1783 3149 διεγηγερμένοι
1830 3078 1932 3147 τῆς

344 3166 575 3237 ἐνούσης
598 3166 856 3230 ἀϐουλίας
889 3168 1095 3232 αὐτοῖς,
1134 3168 1228 3220 καὶ
1262 3168 1542 3231 οἰονείπως
1582 3170 1695 3221 ἀπὸ
1742 3168 1934 3232 νυκτὸς

345 3262 442 3314 καὶ
464 3261 689 3323 σκότους
718 3260 1070 3330 ἐνηνεγμένοι
1098 3259 1283 3311 λοιπὸν
1307 3261 1386 3322 εἰς
1416 3260 1531 3328 φώς
1562 3261 1654 3312 καὶ
1699 3261 1933 3331 ἡμέραν,

347 3352 734 3422 προτροπάδην
773 3351 1024 3415 ἀλλήλοις
1061 3352 1518 3420 ἑπιφωνήσουσιν,
1555 3352 1635 3404 ὅτι
1670 3354 1936 3423 προσήκει

345 3443 532 3497 λοιπὸν
563 3444 911 3514 ἐπιστρέφειν
954 3442 1090 3513 πρὸς
1132 3443 1358 3514 Κύριον.
1399 3442 1690 3513 Ἀνάνηψις
1720 3443 1774 3495 δὲ
1797 3442 1933 3515 αῦτη

344 3534 456 3587 τῶν
489 3537 570 3597 εἰς
599 3536 817 3602 ἀπάτην
847 3533 1256 3603 ὠλισθηκότων,
1288 3534 1384 3585 καὶ
1412 3534 1532 3594 ταῖς
1568 3533 1674 3584 τῶν
1704 3532 1936 3586 εἰδώλων

346 3626 624 3696 λατρείαις
661 3625 1114 3698 ὲνειλημ[μ]ἐνων
1134 3667 1145 3679 .
1176 3625 1409 3695 Νήψεως
1433 3624 1541 3696 γὰρ
1572 3625 1670 3695 ἤδη
1698 3626 1927 3695 καρπὸς,

346 3718 411 3772 τὸ
443 3719 639 3789 ἀχλύος
677 3719 774 3788 μὲν
814 3718 919 3784 ἔξω
970 3717 1223 3785 γενέσθαι
1260 3719 1463 3787 ζητεῖν,
1506 3717 1607 3785 τῆς
1643 3717 1933 3786 δαιμονιώ-

347 3810 470 3873 δους
502 3808 744 3879 δηλονότι
769 3826 782 3839 ’
814 3808 954 3877 φωτὶ
983 3808 1039 3860 δὲ
1063 3806 1252 3878 ὥσπερ
1291 3806 1368 3876 τῷ
1396 3806 1523 3876 θείῳ
1551 3807 1735 3859 λοιπὸν
1768 3808 1935 3877 ἐκμε-

341 3900 758 3975 ρ-ιεστωμένους,
787 3899 933 3971 ὀρθῷ
967 3900 1206 3970 διᾴττειν
1239 3898 1425 3969 σκοπῷ
1466 3899 1604 3970 πρὸς
1642 3899 1934 3968 ἐπίγνωσιν

343 3994 441 4047 τοῦ
472 3993 632 4063 φύσει
663 4010 725 4045 τε
772 3992 865 4045 καὶ
892 3991 1109 4062 άληθῶς
1130 3990 1267 4044 Θεοῦ
1306 3991 1401 4045 καὶ
1431 3992 1732 4052 Δεσπότου,
1758 3992 1934 4045 καίτοι

344 4088 514 4142 πάλαι
551 4086 962 4156 διακειμένους,
1022 4087 1103 4138 ὅτι
1144 4085 1257 4138 θεοὶ
1301 4085 1396 4138 καὶ
1435 4084 1613 4156 κύριοι
1654 4084 1794 4138 κατά
1842 4085 1934 4138 τὸν

345 4181 552 4247 κόσμον
600 4182 738 4232 εἰσιν
769 4196 783 4208 ·
819 4180 894 4243 ὡς
944 4179 1025 4241 εἰς
1050 4177 1209 4229 τοῦτο
1232 4175 1552 4230 καθικέσθαι
1588 4174 1930 4238 δυσϐουλίας,

346 4272 489 4325 ὥστε
518 4272 611 4325 καὶ
641 4270 721 4340 τῷ
752 4268 896 4341 ξύλῳ
944 4270 1143 4338 λέγειν·
1203 4286 1222 4319 ι
1254 4269 1444 4337 Πατήρ
1479 4284 1580 4338 μου
1623 4262 1675 4320 εἴ
1705 4264 1767 4319 σύ
1790 4283 1806 4301 ο
1839 4267 1933 4320 καὶ

343 4362 423 4433 τῷ
452 4362 605 4432 λίθῳ,
640 4363 713 4415 Σὺ
750 4360 1085 4431 ἑγγέννησάς
1126 4376 1249 4429 με.)
1307 4357 1589 4428 Ἐπιμένει
1627 4358 1683 4410 δὲ
1716 4358 1744 4409 6
1772 4356 1927 4425 λόγος

340 4457 410 4525 τῇ
459 4454 658 4523 τροπῇ.
729 4452 839 4504 Θέα
888 4452 997 4521 γάρ
1051 4451 1202 4513 ὅπως
1249 4447 1499 4517 καθάπερ
1551 4448 1643 4499 ἐπὶ
1692 4446 1924 4511 λέοντος,

343 4549 514 4617 ἤγουν
545 4546 731 4614 ἑτέρου
762 4544 978 4614 θηρίου,
1010 4542 1142 4611 φασί
1188 4541 1267 4604 τὺ,
1309 4560 1326 4592 ι
1348 4538 1517 4602 Αὐτὸς
1550 4540 1790 4610 ἥρπασε,
1834 4540 1929 4591 καὶ

345 4639 557 4692 ἰάσεται
618 4636 785 4706 ἡμᾶς.
816 4654 834 4687 ι
890 4633 1107 4704 Ἐπειδὴ
1154 4633 1261 4703 γὰρ
1323 4631 1553 4700 ἔφασκε,
1621 4631 1767 4682 «Καὶ
1816 4628 1931 4697 ἐγὼ

339 4730 539 4799 ἔσομαι
562 4729 637 4792 ὡς
660 4726 877 4797 πάνθηρ
900 4726 977 4796 τῷ
1018 4726 1274 4796 Ἐφραῖμ,
1306 4723 1401 4775 καὶ
1433 4722 1507 4785 ώς
1537 4722 1671 4774 λέων
1696 4721 1772 4792 τῷ
1797 4721 1930 4791 οἴκῳ

355 4821 548 4884 Ἰούδα,
584 4821 679 4873 καὶ
708 4819 820 4887 ἐγὼ
863 4818 1149 4889 ἀρπῶμαι,
1178 4817 1270 4869 καὶ
1303 4815 1662 4886 πορεύσομαι,
1702 4814 1793 4866 καὶ
1830 4814 1929 4866 οὐκ

340 4910 495 4965 ἔσται
538 4912 567 4964 6
607 4910 1011 4982 ἐξαιρούμενος,
1036 4929 1053 4959 ι
1093 4909 1429 4979 τετηρήκασι
1475 4910 1575 4977 τῆς
1616 4907 1929 4977 μεταφορᾶς

338 5004 402 5057 τὸ
426 5003 634 5073 σχῆμα,
663 5004 756 5055 καί
792 5002 1075 5070 φασιν,ὅτι
1107 5000 1434 5072 θεραπεύσει
1456 5000 1672 5061 πάντως
1700 4999 1727 5050 6
1758 4998 1927 5068 ἀρπά-

341 5108 461 5165 σας.
501 5093 710 5163 Ὠσπερ
738 5092 848 5162 γάρ
896 5091 1203 5159 λελύπηκεν
1246 5092 1279 5159 ή
1333 5088 1492 5160 ὀργὴ,
1538 5090 1925 5158 κατευφραίνει

337 5201 442 5237 που
471 5184 688 5247 πάντως
716 5186 844 5246 τοὺς
884 5182 1222 5245 πεπονθότας
1254 5181 1323 5234 τὰ
1353 5182 1419 5234 ὲκ
1459 5181 1557 5250 τῆς
1586 5181 1928 5250 ἡμερότητος

2030 514 2227 579 redire,
2258 523 2313 566 et
2344 514 2769 581 redemptionem
2813 527 2906 581 per
2929 511 3105 576 illum,
3134 520 3297 580 atque
3340 510 3408 565 ad
3444 509 3612 565 Deum

2028 605 2440 657 conversionem
2468 616 2633 673 prope
2667 602 2956 656 admodum
2986 600 3316 672 signiﬁcare.
3350 599 3486 654 Nam
3535 599 3614 653 l‘a-

2027 697 2139 752 cies
2165 695 2256 749 Dei
2294 710 2415 766 quae
2452 696 2780 765 requiretur,
2811 695 2925 763 ipse
2962 692 3132 748 Filius
3172 693 3613 749 commodissime

2028 787 2255 858 intelligi
2282 797 2467 856 queat,
2506 804 2525 839 t
2556 786 2647 857 qui
2683 795 2767 841 est
2817 788 3017 856 imago,
3047 795 3102 841 et
3144 785 3421 857 splendor,
3459 794 3512 840 ct
3553 785 3615 839 li-

2028 896 2158 945 gura
2189 880 2507 934 substantia:
2539 879 2712 933 Patris
2734 880 2800 935 ⁶².
2830 898 2849 930 ι
2884 879 3022 934 Vera
3047 879 3212 948 igitur
3246 878 3415 933 facies
3446 878 3538 931 Dei
3561 888 3615 931 et

2029 971 2226 1037 Patris,
2252 972 2426 1026 Filius
2452 990 2466 1025 :
2494 971 2761 1041 siquidem
2790 971 2842 1023 in
2882 986 2947 1024 eo
2974 972 3340 1040 cognoscitur.
3384 988 3402 1021 ι
3436 980 3490 1024 et
3522 970 3613 1038 qui

2028 1064 2161 1117 vidit
2196 1065 2395 1134 ipsum,
2428 1064 2562 1118 vidit
2586 1074 2641 1118 et
2674 1063 2885 1117 Patrem
2905 1062 2972 1115 ⁸³.
3005 1081 3024 1113 ›
3055 1062 3171 1129 Quo
3207 1063 3423 1116 nomine
3453 1072 3505 1114 et
3536 1063 3617 1114 di-

2028 1156 2184 1208 vinus
2232 1154 2434 1209 Cantor
2483 1168 2605 1206 eum
2652 1151 2906 1220 appellat,
2939 1153 3006 1205 ad
3038 1152 3409 1206 universorum
3448 1151 3613 1206 Deum

2030 1242 2294 1305 clamans,
2324 1252 2378 1297 et
2427 1243 2648 1296 dicens:
2682 1258 2700 1291 ι
2728 1240 2944 1293 Faciem
2986 1249 3132 1294 tuam
3169 1240 3413 1294 illumiua
3454 1255 3617 1307 super

2029 1350 2244 1389 servum
2303 1344 2452 1388 tuum
2480 1334 2544 1386 ⁸⁸.
2574 1354 2592 1387 ι
2628 1332 2767 1400 Quin
2807 1333 2968 1386 etiam
3000 1342 3057 1385 ut
3092 1348 3158 1386 ex
3200 1347 3428 1401 persona
3483 1332 3613 1386 tide-

2030 1427 2184 1489 lium,
2222 1436 2399 1496 et.per
2430 1426 2693 1495 Spiritum
2718 1425 2831 1495 jam
2871 1425 2935 1478 ad
2970 1424 3163 1478 Filium
3202 1423 3613 1478 transformata-

2032 1535 2171 1583 rum,
2209 1536 2227 1568 ι
2253 1518 2535 1587 Signatum
2564 1519 2891 1587 est,'inquit,
2922 1533 3085 1587 super
3112 1531 3209 1569 nos
3232 1515 3410 1569 lumen
3437 1516 3616 1569 vultus

2033 1608 2130 1673 lui,
2168 1608 2481 1669 Domine”.
2512 1628 2529 1661 ι
2586 1608 2656 1662 Ut.
2698 1610 2840 1663 cuitu
2894 1609 2971 1661 ait
3009 1606 3267 1677 propheta
3301 1623 3317 1660 :
3365 1624 3385 1657 ι
3410 1606 3614 1661 Lumen

2032 1698 2188 1754 faciei
2219 1708 2416 1754 nostra:
2445 1699 2697 1754 Christus
2731 1698 2992 1753 Dominus
3016 1698 3082 1752 ".
3112 1715 3132 1749 ι

2686 2006 2838 2063 CAP.
2878 2005 2964 2062 VI.

2105 2141 2270 2197 Vsus.
2319 2141 2437 2196 1-5.
2474 2140 2816 2195 Μαηῖεηὺιιηι
2852 2143 2921 2195 ad
2967 2158 3049 2195 me
3088 2141 3357 2196 dicentes:
3388 2141 3611 2202 Eamus,

2032 2246 2080 2289 et
2114 2246 2441 2289 revertamur
2463 2239 2530 2287 ad
2565 2235 2846 2287 Dominum
2877 2234 3040 2289 Deum
3065 2244 3323 2299 nostrum,
3347 2238 3471 2305 quia
3507 2238 3616 2305 ipse

2034 2329 2229 2393 rapuit,
2256 2336 2306 2381 et
2360 2326 2564 2380 sanabit
2615 2344 2728 2389 nos,
2766 2328 3035 2395 percutiet,
3076 2338 3122 2381 et
3173 2330 3324 2396 quasi
3373 2329 3615 2396 penicillo

2033 2420 2328 2474 vulnerario
2362 2420 2530 2472 indito
2557 2420 2761 2471 curabit
2792 2436 2922 2483 nos;
2960 2421 3167 2472 sanabit
3212 2437 3303 2472 nos
3332 2429 3446 2487 post
3482 2423 3615 2473 duos

2034 2513 2176 2575 dies;
2208 2511 2261 2564 in
2291 2512 2375 2564 die
2397 2511 2554 2563 tertia
2586 2527 2936 2579 resttrgemtts,
2963 2521 3010 2564 et
3039 2512 3265 2565 vivemus
3295 2511 3403 2582 95
3438 2529 3612 2564 coram

2032 2618 2113 2664 eo,
2162 2610 2213 2655 et
2262 2617 2647 2669 cognoscemus.
2700 2598 3100 2668 Persequetnur,
3142 2612 3200 2655 ut
3244 2620 3615 2670 cognoscamus

2035 2690 2338 2744 Dominum.
2375 2691 2540 2757 Quasi
2572 2707 2723 2744 mane
2757 2704 3003 2759 paratum
3041 2694 3358 2746 inveniemus
3400 2711 3539 2758 eum,
3569 2708 3616 2749 et

2034 2784 2195 2836 veniet
2222 2793 2274 2835 ut
2299 2783 2473 2851 pluvia
2498 2781 2642 2836 nobis
2675 2783 2975 2851 tempestiva
3010 2792 3058 2837 et
3077 2786 3305 2838 serotina
3333 2794 3507 2840 terrw.

2106 2979 2263 3034 LXII.
2304 3000 2321 3030 ι
2366 2981 2521 3035 Mane
2552 2991 2882 3051 consurgent
2926 3001 2946 3034 ι
2986 2981 3089 3035 hoc
3129 2985 3248 3035 loco
3286 2982 3494 3036 videtur
3539 2983 3615 3036 si-

2035 3069 2313 3136 guiliCare,
2356 3069 2520 3121 semel
2555 3085 2582 3120 a
2628 3084 2818 3122 somno
2877 3070 3159 3124 dementiae
3207 3086 3307 3140 qua
3372 3082 3618 3126 leuentur

1962 3150 2005 3208 C
2038 3161 2321 3223 excitatos,
2357 3170 2409 3211 et
2435 3159 2585 3227 quasi
2612 3175 2640 3212 e
2664 3169 2822 3214 nocte
2848 3170 3010 3229 atque
3034 3162 3270 3216 tenebris
3314 3163 3381 3218 de
3422 3177 3618 3219 θεειοιο

2040 3253 2092 3305 iu
2116 3252 2286 3306 lucem
2326 3262 2378 3304 et
2414 3252 2554 3305 dieu‘.
2589 3254 2880 3323 ingressos,
2913 3255 3051 3310 inter
3075 3271 3134 3310 se
3167 3256 3497 3310 cohortando
3522 3274 3615 3313 ac-

2038 3343 2370 3398 elamaturos
2438 3345 2631 3399 decere
2666 3346 2717 3398 in
2765 3355 3041 3414 posterum
3079 3351 3274 3403 reverti
3322 3354 3388 3405 ad
3441 3352 3616 3406 Domi-

2039 3452 2185 3490 num.
2218 3436 2312 3491 Est
2341 3449 2519 3491 autem
2550 3437 2661 3491 hcce
2705 3438 3071 3505 resipiscentia
3111 3444 3451 3497 seductorum
3501 3447 3617 3499 ido-

2038 3528 2320 3596 lorumque
2344 3529 2575 3582 cultibus
2610 3530 2992 3584 iurolntorutn.
3031 3531 3437 3602 Resipiseeutize
3470 3539 3614 3591 enim

2037 3619 2265 3685 fructus,
2294 3635 2537 3691 (paterere
2570 3635 2599 3674 e
2647 3622 2881 3675 tenebris
2919 3611 3153 3689 absolvi,
3192 3625 3490 3687 (liabolieis.
3529 3629 3612 3681 iu-

2037 3726 2224 3781 quatn,
2258 3728 2321 3765 ac
2366 3712 2623 3782 deinceps
2675 3714 2817 3765 velut
2864 3713 3045 3767 divino
3095 3715 3296 3770 lumine
3358 3720 3613 3787 repletos,

2039 3815 2187 3858 recto
2208 3819 2370 3872 scepo
2395 3805 2459 3856 ad
2490 3815 2734 3859 naturam
2766 3818 2819 3860 et
2842 3822 2964 3861 rere
2998 3806 3087 3861 Dei
3117 3824 3180 3861 ac
3221 3808 3426 3863 Domini
3461 3811 3613 3880 agni-

2038 3895 2236 3948 tionem
2275 3910 2586 3964 properare,
2636 3894 2763 3949 licet
2804 3897 3008 3965 pridem
3049 3901 3337 3964 senserint,
3384 3901 3514 3955 deos
3552 3916 3616 3956 ac

2035 3986 2283 4041 dominos
2324 3987 2376 4039 iu
2410 3988 2608 4039 mundo
2637 4002 2774 4041 esse.
2802 3985 2957 4041 Unde
2988 4004 3052 4042 eo
3078 3989 3320 4044 stultitia.-
3355 4007 3616 4061 pervene-

1990 4126 1993 4127 ν
2037 4087 2181 4143 runt,
2211 4089 2268 4132 ut
2291 4081 2455 4132 etiam
2489 4079 2632 4149 ligno
2668 4078 2951 4134 dicerent:
2988 4099 3007 4132 ι
3047 4080 3206 4135 Pater
3231 4098 3380 4135 meus
3410 4099 3469 4138 es
3507 4095 3559 4137 ttt
3596 4105 3609 4139 :

2034 4181 2089 4227 et
2121 4170 2319 4240 lapidi:
2355 4170 2432 4223 Tu
2458 4187 2542 4225 me
2575 4171 2806 4240 genuisti
2835 4171 2895 4224 ⁸⁷.
2931 4190 2950 4222 ι
2997 4171 3176 4226 Manet
3214 4183 3391 4227 autem
3436 4190 3616 4227 sermo

2037 4265 2295 4333 tropicus.
2357 4262 2491 4317 Vide
2532 4264 2674 4317 enim
2723 4265 2991 4332 quomodo
3051 4272 3305 4333 tauquam
3354 4267 3421 4319 de
3463 4265 3616 4321 leone

2034 4363 2126 4409 aut
2153 4353 2255 4407 alia
2290 4352 2400 4407 fera
2428 4353 2636 4416 dicunt,
2678 4371 2696 4403 ι
2724 4353 2841 4421 lpse
2878 4353 3073 4421 rapuit,
3101 4364 3154 4407 et
3179 4354 3388 4408 sanabit
3431 4370 3547 4410 nos.
3590 4376 3608 4406 ι

2034 4446 2321 4516 Postquam
2375 4446 2519 4499 enim
2560 4445 2714 4507 dixit,
2764 4463 2783 4496 ι
2839 4446 2905 4500 Et
2956 4459 3056 4512 ego
3110 4459 3205 4498 ero
3254 4454 3311 4499 ut
3357 4448 3613 4513 panthera

2033 4537 2315 4607 Ephraim,
2349 4546 2403 4590 et
2446 4547 2505 4589 ut
2536 4536 2619 4589 leo
2657 4538 2835 4590 domui
2864 4535 3030 4602 Juda;
3076 4546 3131 4591 et
3164 4553 3263 4608 ego
3299 4539 3526 4606 rapiam,
3563 4552 3615 4593 et

2032 4629 2249 4693 vadam,
2289 4635 2344 4681 et
2390 4642 2497 4680 nou
2526 4627 2765 4695 erit.qui
2815 4636 2990 4690 eruat,
3048 4645 3068 4678 ›
3114 4636 3334 4679 sontant
3387 4626 3614 4696 ﬁguram

2035 4720 2364 4788 metaphora:
2416 4717 2676 4786 aiuntque
2706 4714 2817 4770 ;Ο.ι
2844 4717 2970 4770 ιιίιιο
3011 4718 3224 4770 sanabit
3269 4717 3359 4785 qui
3416 4720 3611 4787 rapuit.

2034 4812 2188 4867 Sicut
2219 4812 2361 4865 enim
2391 4812 2468 4865 ira
2498 4809 2857 4871 contristavit,
2889 4809 2968 4861 sic
3004 4810 3139 4862 bona
3190 4822 3254 4861 ex
3299 4822 3614 4863 mansuetu-

2034 4904 2158 4958 dine
2188 4902 2460 4970 itupertila
2490 4899 2718 4954 alllictos
2753 4916 2976 4969 prorsus
3005 4900 3401 4955 exhilarabunt.
3441 4900 3613 4954 Sinml

2033 5004 2088 5049 et
2111 4994 2239 5048 illttd
2271 4992 2651 5062 intelligemus,
2679 4990 2785 5044 Deo
2814 4991 3075 5059 quosdam
3105 4999 3402 5058 premente,
3422 5001 3611 5043 contra

2034 5086 2129 5141 uiti
2173 5085 2441 5139 neminem
2469 5098 2655 5152 posse;
2700 5083 2793 5136 sed
2835 5082 3155 5135 miserorum
3203 5081 3363 5135 rebus
3404 5081 3519 5150 ipso
3558 5092 3611 5133 et

2036 5178 2153 5233 solo
2185 5179 2249 5231 ad
2279 5176 2671 5230 restitutionem
2703 5189 2837 5243 Opus
2866 5188 3007 5228 esse.

336 5280 536 5348 ἀγαθά,
615 5280 782 5348 ὐμοῦ
842 5280 899 5332 δὲ
954 5280 1175 5332 κάκεῖνο
1249 5279 1578 5349 συνήσομεν,
1642 5278 1723 5330 ὅτι
1791 5276 1925 5329 Θεοῦ
1966 5274 2258 5338 κακοῦντὸι,
2327 5290 2498 5337 τινας,
2555 5272 2801 5343 ὀνήσειεν
2837 5271 2902 5323 ἂν
2940 5268 3148 5333 οὐδείς·
3178 5269 3348 5322 δέοιτο
3377 5268 3421 5323 δ’
3450 5269 3514 5322 ἂν
3541 5268 3608 5323 τὰ

335 5375 449 5428 τῶν
487 5373 832 5428 πεπονθότων
859 5370 1025 5425 αὐτοῦ
1064 5389 1122 5425 τε
1152 5370 1249 5423 καὶ
1278 5370 1439 5439 μόνου
1471 5371 1604 5440 πρὸς
1634 5370 2025 5440 ἐπανόρθωσιν.

412 5467 474 5519 Ei
506 5466 562 5518 δὲ
592 5464 698 5535 χρὴ
733 5465 824 5517 καὶ
861 5466 945 5532 ἐφ’
976 5465 1223 5526 ἅπαντας
1258 5461 1465 5515 ἁπλοῦν
1488 5463 1613 5525 τοὺς
1648 5462 1807 5526 ὄντας
1836 5462 1931 5513 ἐπὶ

339 5559 437 5631 τῆς
476 5558 580 5628 γῆς
616 5560 716 5628 τῆς
750 5558 1087 5629 προφητείας
1137 5555 1237 5625 τὴν
1280 5555 1530 5624 δύναμιν,
1579 5556 1756 5607 ἐκεῖνο
1801 5573 1927 5609 συν·

411 5738 457 5768 ⁸⁸
483 5736 645 5795 llebr.
676 5754 716 5804 I,
748 5738 803 5794 '5.
882 5738 927 5771 ⁸³
951 5734 1108 5793 Joan.
1144 5751 1257 5801 xw,
1282 5735 1335 5793 9.

1414 5736 1626 5809 “‘Psal.
1651 5751 1841 5801 cxvut,
1867 5736 1990 5791 155.

2109 5461 2260 5528 Quod
2286 5463 2332 5515 si
2363 5458 2656 5531 prophetia:
2680 5473 2761 5513 VIS
2793 5458 2856 5510 ad
2894 5472 3082 5511 omnes
3126 5456 3381 5511 mortales
3421 5468 3605 5513 exten-

2033 5555 2204 5609 deuda
2246 5564 2349 5617 est,
2390 5554 2533 5607 hunc
2576 5566 2792 5606 sensum
2830 5550 3123 5604 elicicmus.
3159 5550 3355 5619 Rapuit
3384 5551 3434 5604 in
3461 5553 3606 5621 priu-

2067 5738 2111 5769 “
2141 5734 2284 5792 Psal.
2318 5747 2394 5801 ιν,
2428 5733 2480 5787 7.
2524 5733 2570 5765 “
2601 5732 2804 5790 Thren.
2830 5748 2907 5799 tv,
2936 5731 3026 5785 ‘20.
3102 5732 3145 5762 °’
3178 5729 3289 5785 Jcr.
3326 5745 3385 5795 ιι,
3419 5728 3509 5782 27.
