4110 6368
497 283 601 342 I63

1483 279 1542 335 s.
1583 273 1862 334 CYRlLLl
1899 262 2374 326 ALEXANDRINI
2408 261 2730 319 ARCHIEP.
2769 247 2776 255 '

3653 257 3757 314 164

493 405 634 470 Cipio
667 400 903 456 hominis
938 409 1185 455 naturam
1220 401 1389 457 Adam
1423 417 1440 455 :
1469 400 1652 455 statim
1671 398 1868 468 quippe
1901 393 2067 448 male-

2188 388 2396 458 εισομεν.
2433 385 2685 453 ’Ἡρπασε
2731 383 2828 452 μὲν
2869 381 2977 453 γὰρ
3015 381 3079 435 ἐν
3109 380 3306 452 ἀρχαῖς
3329 377 3426 449 τὴν
3471 375 3757 448 ἀνθρώπου

497 496 645 548 dicto
687 492 978 546 obnoxiam
1027 493 1277 560 reddidit,
1321 492 1591 560 mortique
1639 501 1692 545 et
1742 488 2073 558 corruptioui

494 583 744 652 subjecit.
783 583 1056 638 Percussit
1091 584 1256 654 igitur
1286 585 1400 650 ira;
1449 589 1542 638 sed
1573 583 1742 653 gratia
1775 581 1920 634 velut
1942 581 2076 634 lina-

497 687 680 730 mento
717 675 770 728 in
824 675 1017 729 vulnus
1057 675 1311 745 imposito
1367 675 1600 732 curavit.
1660 673 1886 728 Sanavit
1932 678 2075 726 enim

496 767 772 833 Christus;
807 767 871 818 ad
899 768 1226 834 agnitionem
1258 782 1396 820 vera:
1431 767 1652 820 visionis
1677 766 1874 819 divina:
1912 779 2076 818 voca-

497 858 606 924 vit;
641 874 738 928 per
782 858 1043 928 Spiritum
1087 860 1150 914 ad
1207 861 1580 913 mandatorum
1643 858 2076 914 observationem

497 951 870 1017 conﬁrmavit;
914 952 1100 1005 beatos
1144 952 1338 1006 iterum
1399 951 1559 1018 fecit;
1604 951 1938 1021 corruptioni
1982 966 2080 1004 ex-

498 1045 650 1108 emit,
679 1053 732 1096 et
765 1043 1040 1097 veteribus
1082 1043 1307 1110 morbis,
1335 1053 1556 1114 peccato
1572 1044 1778 1098 scilicet
1805 1058 1866 1097 ac
1883 1043 2082 1112 passio-

507 1131 690 1198 nibus,
724 1131 991 1186 liberavit.
1023 1131 1329 1187 Eveneruut
1376 1144 1553 1188 autem
1608 1134 1724 1189 haec
1766 1132 2081 1189 mortalibus

502 1239 608 1279 nou
645 1233 706 1278 ut
745 1224 920 1293 primo
953 1226 1207 1291 maxime,
1246 1235 1338 1279 aut
1389 1225 1623 1280 secundo
1675 1235 1938 1296 tempore,
1987 1226 2082 1280 sed

503 1325 562 1368 ut
591 1315 643 1369 in
674 1315 854 1376 tertio,
896 1317 996 1368 hoc
1017 1324 1120 1379 est,
1158 1315 1211 1369 in
1245 1316 1435 1370 ultimo
1467 1331 1532 1370 ac
1573 1331 1844 1384 supremo.
1890 1316 2082 1372 Omnia

503 1406 768 1476 siquidem
801 1415 1039 1475 tempora
1074 1406 1246 1461 tribus
1274 1408 1527 1477 gradibus
1566 1407 1678 1478 96
1719 1407 2080 1473 continentur,

502 1501 700 1568 primo,
734 1500 932 1565 medio,
967 1499 1177 1563 ultimo,
1207 1515 1314 1569 quo
1344 1499 1500 1554 nobis
1529 1499 1778 1555 Christus
1812 1503 2080 1571 apparuit.

503 1591 708 1646 Idcirco
741 1595 886 1646 velut
916 1607 980 1645 ex
1011 1593 1214 1646 medica
1249 1593 1586 1661 experientia
1611 1594 1794 1648 dicunt
1822 1612 1836 1648 :
1867 1594 2085 1648 Curatio

505 1685 659 1739 nobis
706 1695 826 1754 post
868 1685 984 1741 dies
1028 1686 1162 1740 duos
1199 1686 1434 1750 eveniet,
1479 1687 1797 1756 prophetico
1834 1701 2086 1741 sermone

2177 478 2339 549 φύσιν
2366 480 2394 531 6
2445 477 2639 546 Ἀδάμ·
2673 475 2945 547 ἐπάρατον
2969 474 3078 544 γὰρ
3106 473 3384 542 ἀπέφηνεν
3419 469 3601 532 εὐθὺς,
3630 469 3762 520 ὑπο-

2176 571 2289 634 θεὶς
2341 569 2555 637 Θανάτῳ
2604 566 2698 620 καὶ
2761 566 2957 637 φθορᾷ.
3003 563 3214 618 Οὐκοῦν
3253 560 3484 631 έπληξεν
3532 558 3760 631 ἡὸργὴ,

2177 660 2290 714 ἀλλ’
2346 659 2622 730 ὲμότωσεν
2671 658 2704 726 ἡ
2765 656 2942 726 χάρις.
3001 654 3214 707 Ἰάσατο
3269 651 3380 722 γὰρ
3433 651 3461 703 6
3504 649 3760 721 Χριστὸς,

2178 751 2452 820 κέκληκεν
2498 750 2635 820 πρὸς
2690 749 2989 816 ἐπίγνωσιν
3039 747 3139 816 τῆς
3195 742 3429 814 ἀληθοῦς
3484 741 3762 804 θεοπτίας,

2178 843 2428 912 ἑδραίους
2487 841 2736 910 ἀπέφηνε
2788 837 2875 891 διὰ
2911 837 3004 890 τοῦ
3049 836 3365 906 ΙΙνεύματος
3413 835 3493 896 εἰς
3535 833 3763 902 τήρησιν

2179 935 2428 996 ἐντολῶν,
2462 932 2735 1003 ζηλωτοὺς
2778 930 3027 995 ἀπέδειξε
3080 927 3240 981 πάλιν
3279 925 3372 979 καὶ
3403 924 3608 994 φθορᾶς
3637 924 3764 976 ἐπέ-

2179 1044 2334 1081 κεινα
2391 1025 2579 1089 τιθεὶς,
2633 1023 2728 1076 καὶ
2778 1022 2886 1074 τῶν
2945 1018 3187 1091 ἀρχαίων
3243 1017 3390 1087 ἡμᾶς
3451 1013 3762 1078 ἀπαλλάξας

2180 1117 2667 1192 ἀρρωστημάτων,
2719 1113 2993 1186 ἁμαρτίας
3047 1112 3134 1181 δὴ,
3175 1108 3339 1177 λέγω,
3393 1108 3486 1160 καὶ
3554 1105 3760 1159 παθῶν.

2182 1216 2255 1267 Συ
2266 1211 2511 1283 μϐέὸηκε
2539 1210 2595 1262 δὲ
2624 1208 2693 1262 τὰ
2721 1207 2897 1260 τοιάδε
2930 1207 3042 1267 τοῖς
3076 1202 3169 1255 ἐπὶ
3194 1201 3295 1270 τῆς
3331 1199 3454 1268 γῆς,
3484 1198 3582 1267 οὐχ
3607 1197 3683 1258 ὡς
3708 1197 3766 1248 ὲν

2184 1304 2388 1376 πρώτῳ
2416 1302 2638 1373 μᾶλλον,
2671 1300 2839 1369 ἤγουν
2868 1300 2924 1350 ὲν
2957 1294 3194 1363 δευτέρῳ
3225 1291 3424 1362 καιρῷ,
3460 1289 3574 1343 ἀλλ’
3606 1289 3682 1350 ὡς
3709 1289 3766 1340 ὲν

2183 1397 2376 1468 τρίτῳ,
2405 1393 2672 1457 τουτέστι,
2707 1390 2785 1460 τῷ
2812 1387 3008 1457 λοίσθῳ
3064 1386 3158 1438 καὶ
3213 1382 3523 1452 τελευταίῳ.
3571 1379 3767 1450 Χρόνοι

2189 1489 2286 1560 μὲν
2326 1488 2435 1557 γὰρ
2479 1487 2528 1538 oi.
2578 1483 2777 1544 πάντες
2839 1475 3201 1551 ἀριθμοῦνται
3247 1477 3412 1547 τρεῖς,
3469 1472 3681 1544 πρῶτός
3705 1487 3766 1522 τε

2187 1579 2280 1632 καὶ
2318 1579 2502 1649 μέσος,
2540 1575 2634 1630 καὶ
2663 1574 2990 1634 τελευταῖος,
3029 1568 3149 1622 καθ’
3189 1567 3246 1620 ὃν
3283 1568 3415 1636 ἡμῖν
3443 1564 3708 1634 έπέφανεν
3739 1565 3768 1615 6

2188 1669 2444 1739 Χριστός.
2469 1667 2512 1718 Τ
2517 1663 2736 1736 αύτῃτοί
2762 1678 2947 1731 φασιν,
2977 1661 3058 1713 ὅτι
3083 1657 3152 1711 τά
3182 1656 3283 1727 τῆς
3322 1653 3608 1726 μοτώσεως
3637 1654 3767 1722 ἡμῖν

506 1791 671 1830 unum
701 1777 840 1831 diem
875 1793 971 1847 pro
1009 1786 1252 1846 tempore
1283 1778 1437 1833 nobis
1471 1779 1742 1834 metiente.
1791 1777 1960 1841 Tunc,
2000 1779 2080 1832 in-

2188 1759 2438 1831 καθάπερ
2474 1758 2532 1824 ἐξ
2567 1755 2815 1827 ἰατρικῆς
2842 1747 3312 1847 ἐμπειρίας-ἔσται
3339 1744 3481 1845 μετά
3516 1745 3607 1797 δύο
3631 1743 3770 1843 ἡμέῖ

505 1869 646 1937 quit,
677 1885 697 1918 ι
743 1865 1157 1937 Persequemttr,
1192 1878 1254 1922 ut
1283 1883 1670 1940 cognoscamus
1714 1869 2022 1924 Dominum.
2060 1887 2078 1920 ι

505 1957 916 2030 Persequemur.
947 1976 1060 2030 pro,
1094 1963 1449 2029 studebimus,
1481 1964 1648 2016 aiunt.
1667 1961 1817 2016 Tunc
1843 1971 1898 2017 et
1932 1982 1950 2014 ‹
1985 1962 2088 2015 Βιθ-

508 2066 819 2119 surgemus,
851 2061 905 2105 et
945 2052 1189 2105 vivemus
1223 2066 1408 2106 coram
1437 2053 1543 2107 illo.
1579 2072 1598 2105 ι
1642 2052 2088 2108 Cousurreximns

509 2142 652 2196 enim
687 2158 806 2196 cum
839 2141 1058 2196 Christo
1091 2142 1168 2207 ‘3;
1195 2154 1246 2196 et
1278 2145 1530 2212 quoniam
1555 2160 1693 2201 unus
1723 2161 1819 2215 pro
1841 2147 2088 2201 omnibus

509 2244 753 2288 mortuus
785 2243 889 2298 est,
947 2234 1065 2304 ejus
1109 2234 1274 2289 vitam
1321 2235 1552 2290 vivimus
1601 2236 1669 2301 ⁸⁸,
1720 2251 1827 2291 non
1863 2235 1972 2305 jam
2021 2237 2088 2291 ab

508 2326 683 2381 oculis
723 2324 816 2380 Dei
863 2334 1086 2396 propter
1125 2328 1612 2396 transgressionem
1653 2328 1868 2395 remoti,
1913 2341 2090 2398 neque

511 2433 768 2490 tanquam
806 2428 927 2489 post
957 2430 1168 2489 tergum
1195 2429 1418 2488 propter
1442 2429 1718 2489 peccatqu
1737 2418 1960 2487 abiecti;
1993 2422 2086 2476 sed

509 2514 576 2568 ad
623 2523 968 2582 conspectum
1011 2511 1080 2566 de
1129 2520 1329 2566 caetero
1363 2513 1606 2575 admissi,
1639 2521 1693 2568 et
1733 2513 1979 2569 ﬁduciam
2032 2515 2085 2569 in

510 2605 629 2673 ipso
648 2613 870 2674 propter
891 2603 1159 2674 justitiam
1187 2603 1239 2656 in
1263 2602 1476 2658 Christo
1507 2603 1788 2659 habentes.
1821 2603 1885 2658 Et
1905 2618 1999 2674 per
2027 2604 2089 2657 il-

511 2697 619 2750 lum
645 2698 806 2750 etiam
851 2697 1022 2764 ipsum
1067 2692 1285 2749 Patrem
1326 2710 1422 2750 nos
1449 2695 1785 2766 cognovisse,
1815 2707 1869 2750 et
1896 2695 2088 2750 Filium

513 2786 679 2841 nostri
706 2784 934 2840 similem
967 2783 1190 2848 factum,
1223 2783 1611 2852 plenitudinem
1641 2783 1795 2838 nobis
1833 2798 1951 2838 esse
1975 2791 2093 2838 orn-

511 2879 597 2931 nis
618 2877 740 2932 boui
766 2875 1113 2941 conﬁtentur,
1137 2875 1400 2939 dicentes,
1436 2892 1454 2926 ι
1478 2873 1642 2941 Quasi
1669 2890 1826 2930 mane
1842 2885 2089 2944 paratum

512 2969 847 3022 inveniemus
886 2981 1030 3030 eum,
1072 2984 1091 3018 ι
1135 2965 1234 3018 hoc
1277 2973 1384 3028 est,
1425 2972 1488 3018 ut
1518 2965 1697 3020 lumcu
1733 2968 2004 3029 exoriens,
2036 2977 2093 3020 ut

2191 1865 2310 1918 ρας,
2382 1845 2595 1916 ἡμέραν
2676 1844 2807 1913 ἡμῖν
2877 1843 2955 1902 εἰς
3010 1837 3201 1909 καιρὸν
3272 1835 3368 1888 τοῦ
3431 1833 3767 1906 προφητικοῦ

2191 1938 2513 2010 μετροῦντος
2545 1937 2724 2003 λόγου.
2760 1934 2915 1998 Τότε,
2962 1930 3116 2000 φησὶ,
3153 1947 3173 1981 ι
3199 1926 3495 1997 Διῶξομεν,
3515 1926 3608 1978 τοῦ
3635 1926 3770 1978 εἰδέ-

2187 2047 2276 2082 ναι
2304 2029 2392 2080 τὸν
2418 2025 2675 2097 Κύριον.»
2705 2024 2798 2088 Τὸ,
2821 2022 3113 2092 Διώξομεν,
3132 2021 3252 2073 ἀντὶ
3268 2019 3360 2072 τοῦ
3389 2017 3768 2086 Σπουδάσομεν

2189 2121 2364 2190 φασί.
2413 2119 2546 2172 Τότε
2600 2117 2695 2170 καὶ
2745 2113 3180 2185 ἀναστησόμεθα,
3221 2111 3312 2164 καὶ
3358 2107 3634 2180 ζησόμεθα
3684 2108 3769 2160 ὲν-

2188 2213 2358 2266 ώπιον
2398 2210 2584 2264 αὑτοῦ.
2619 2206 3074 2278 Συνεγηγέρμεθα
3117 2205 3224 2276 γὰρ
3247 2203 3323 2274 τῷ
3363 2200 3622 2273 Χριστῷ·
3674 2201 3769 2253 καὶ

2190 2303 2381 2374 ἐπειδὴ
2414 2297 2492 2365 εἷς
2541 2301 2684 2372 ὑπὲρ
2707 2303 2928 2354 πάντων
2960 2296 3224 2360 ἀπέθανε,
3271 2295 3367 2367 τὴν
3396 2293 3560 2347 αὐτοῦ
3587 2292 3768 2362 ζῶμεν

2191 2396 2356 2466 ζωὴν,
2389 2395 2488 2447 οὐκ
2530 2395 2588 2460 ἐξ
2629 2391 2924 2464 ὀφθαλμῶν
2964 2391 3045 2443 ἔτι
3085 2390 3324 2460 κείμενοι
3359 2387 3515 2452 Θεοῦ,
3550 2387 3638 2441 διὰ
3671 2386 3770 2456 τὴν

2193 2492 2544 2565 παράϐασινο
2586 2490 2710 2544 οὔτε
2763 2491 2869 2562 μὴν
2907 2490 2981 2554 ὡς
3023 2487 3344 2562 ἐρριμμένοι
3388 2487 3639 2550 κατόπιν,
3681 2485 3772 2538 διὰ

2190 2583 2287 2655 τὴν
2322 2583 2626 2654 ἁμαρτίαν·
2665 2581 2779 2635 ἀλλ’
2803 2584 2860 2635 ὲν
2893 2580 3010 2650 ὕψει
3050 2579 3234 2633 λοιπὸν
3273 2576 3642 2650 ἐνηνεγμένοι,
3675 2575 3770 2628 καὶ

2191 2676 2502 2748 παρρησίαν
2553 2675 2767 2746 ἔχοντες
2799 2674 2927 2746 παρ’
2969 2673 3138 2744 αὐτῷ,
3175 2671 3263 2726 διὰ
3312 2672 3408 2744 τὴν
3454 2673 3511 2725 ὲν
3548 2668 3769 2742 Χριστῷ

2189 2768 2555 2838 δικαιοσύνην.
2585 2767 2692 2820 Καὶ
2715 2768 2797 2820 ὃτι
2826 2767 2894 2818 δι’
2923 2765 3110 2830 αὐτοῦ,
3139 2751 3234 2820 κῖιι
3264 2765 3425 2818 αὐτὸν
3449 2762 3768 2832 ἐγνώκαμεν

2189 2861 2280 2913 τὸν
2312 2860 2551 2930 Πατέρα,
2581 2859 2665 2912 ὅτι
2696 2858 2752 2912 δὲ
2785 2858 3065 2929 πλήρωσις
3100 2861 3233 2928 ἡμῖν
3264 2861 3380 2910 ἐστι
3411 2856 3611 2918 παντὸς
3633 2857 3771 2922 ἀγα-

2193 2951 2283 3003 θοῦ
2313 2950 2433 3002 καθ’
2465 2952 2612 3021 ἡμᾶς
2641 2948 2879 3018 γεγονὼς
2899 2956 2927 3004 ό
2956 2951 3104 3016 Υἱὸς,
3126 2949 3452 3020 ὁμολογοῦσι
3480 2948 3730 3013 λέγοντες
3750 2961 3766 2976 ο

511 3059 700 3122 solem,
735 3067 796 3111 ut
833 3056 1170 3126 splendorem
1196 3055 1396 3125 fugatis
1440 3057 1697 3111 tenebris.
1749 3056 1864 3112 Erit
1906 3067 2082 3112 autem

2198 3061 2216 3093 ι
2252 3044 2340 3106 Ὠς
2369 3042 2565 3114 ὄρθρον
2607 3043 2820 3112 ἕτοιμον
2863 3045 3167 3115 εὑρήσομεν
3202 3042 3382 3108 αὑτὸν,
3414 3061 3432 3093 ι
3471 3041 3768 3104 τουτέστιν,

511 3150 668 3204 nobis
706 3167 724 3199 (
772 3157 829 3200 ut
857 3146 1205 3213 tempestivus
1235 3155 1289 3199 et
1320 3147 1590 3200 serotinus
1622 3147 1816 3201 imber.
1860 3165 1881 3200 ι
1925 3146 2085 3215 Rigat

511 3239 655 3293 enim
692 3251 788 3291 nos
830 3236 922 3304 qui
954 3235 1111 3289 ﬁdem
1155 3237 1513 3306 suscepimus,
1551 3245 1605 3291 et
1645 3237 1933 3292 adventum
1978 3238 2094 3306 ejus

515 3332 617 3386 rite
651 3329 1006 3399 cognovimus
1050 3327 1249 3398 duplici
1285 3329 1468 3394 modo,
1521 3338 1580 3382 ut
1622 3330 1834 3398 opinor.
1872 3329 2093 3386 Revelat

515 3435 751 3490 namque
774 3419 826 3474 in
873 3419 1067 3489 spiritu
1104 3428 1348 3474 veterum
1387 3429 1443 3474 et
1480 3420 1752 3487 legalium,
1791 3433 1845 3476 et
1876 3421 2094 3492 insuper

514 3513 953 3583 propheticarum
987 3512 1359 3566 doctrinarum
1404 3514 1670 3568 notitiam.
1734 3513 1803 3567 Et
1847 3515 1982 3581 haec,
2031 3523 2094 3569 ut

514 3615 668 3673 puto,
704 3613 790 3658 est
837 3611 1184 3673 temporanea
1216 3603 1431 3673 pluvia:
1460 3605 1544 3659 cui
1574 3603 1970 3674 quodammodo
2001 3621 2090 3661 se-

516 3695 750 3749 rotinam
799 3693 1024 3757 addidit,
1071 3695 1398 3764 evangelicae
1443 3695 1742 3766 disciplina:
1795 3697 2084 3767 intelligen-

517 3789 646 3842 tiam
692 3796 746 3841 et
775 3786 1188 3857 apostolicarum
1221 3787 1660 3855 praedicationum
1692 3789 2089 3856 optatissimum

513 3879 856 3935 beneﬁcium.
887 3876 1038 3932 Facti
1074 3894 1260 3933 sumus
1297 3889 1496 3945 autem,
1543 3890 1600 3934 ut
1641 3891 1723 3936 est
1773 3883 1911 3951 apud
1967 3898 2092 3952 pro-

514 3970 760 4038 phetam,
789 3987 807 4018 ι
849 3979 990 4022 terra
1016 3967 1219 4036 cupita.
1260 3986 1281 4020 ι
1318 3970 1396 4024 Ac
1427 3969 1655 4025 fortasse
1681 3973 1746 4024 de
1769 3971 1925 4024 nobis
1951 3972 2088 4039 psal-

516 4061 576 4117 lit
607 4062 799 4116 beatus
832 4059 999 4114 David
1038 4079 1051 4114 :
1096 4078 1115 4112 ι
1158 4060 1403 4115 Visitasti
1447 4071 1666 4127 terram,
1720 4071 1775 4116 et
1806 4063 2087 4116 inebriasti

513 4171 656 4223 eam,
694 4155 1054 4224 multiplicasti
1081 4153 1408 4223 locupletare
1436 4169 1552 4208 eam
1577 4155 1643 4208 ⁷ο.
1679 4173 1698 4206 ι
1729 4153 2089 4219 Quamobrem

514 4247 660 4302 dedit
711 4246 943 4301 fructum
995 4260 1183 4310 suum,
1235 4245 1624 4309 centesimum,
1671 4246 2088 4316 sexagesimum,

513 4337 848 4395 tricesimum
888 4339 955 4402 ⁷⁸,
982 4338 1136 4407 juxta
1167 4351 1352 4391 vocem
1381 4336 1700 4390 Salvatoris.

517 4434 815 4504 πλουτῆσαι
855 4431 1047 4502 αὑτήν.
1074 4449 1094 4483 ι
1165 4431 1276 4484 Καὶ
1325 4429 1457 4499 γοῦν
1501 4429 1702 4482 δέδωκε
1751 4428 1842 4482 τὸν
1881 4430 2092 4502 καρπὸν

513 4530 607 4584 τοῦ
632 4531 884 4601 Σωτῆρος
910 4528 1117 4598 φωνήν.
1383 4529 1388 4536 ⁷

585 4619 750 4673 Vens.
779 4619 831 4672 5.
862 4617 1002 4682 Quid
1033 4617 1124 4669 tibi
1155 4616 1372 4684 faciam,
1407 4613 1702 4683 Ephraim?
1733 4617 1857 4685 quid
1888 4618 1980 4671 tibi
2002 4617 2090 4684 fa-

513 4713 671 4774 ciam,
706 4708 891 4762 Iuda?
924 4705 1291 4760 Misericordia
1337 4719 1510 4762 autem
1554 4721 1670 4760 mea
1721 4709 1871 4776 quasi
1929 4707 2089 4762 nubes

514 4802 802 4864 matutina,
826 4810 873 4852 et
896 4799 1050 4869 quasi
1087 4815 1170 4854 ros
1199 4800 1487 4852 matutinus
1513 4802 1888 4868 pertransienr.

587 4893 767 4949 LXIII.
799 4893 915 4948 Non
945 4903 1071 4947 sunt
1110 4895 1275 4948 verba
1314 4894 1610 4948 dubitantis
1658 4911 1673 4946 :
1729 4907 1901 4962 neque
1945 4893 2086 4946 enim

517 4989 802 5061 ignorabat
830 4985 972 5040 Deus
999 4986 1126 5054 quid
1150 4985 1461 5040 errantibus
1493 4987 1787 5056 expediret,
1829 5000 2003 5054 neque
2028 4985 2090 5038 il-

519 5079 626 5133 lum
684 5078 857 5130 virtus
910 5073 1113 5129 defecit
1169 5075 1236 5127 ad
1282 5077 1583 5143 praestanda
1636 5089 1755 5143 qua:
1807 5074 2090 5129 diabolicis

521 5169 725 5240 laqueis
775 5167 1002 5221 irrctitis
1056 5165 1316 5236 prodesse
1368 5176 1622 5236 possent;
1685 5166 1812 5234 quin
1871 5173 2094 5219 accusat

514 5278 609 5318 eos
652 5261 830 5331 potius
860 5259 1028 5328 quod,
1069 5273 1191 5312 cum
1245 5258 1312 5312 ad
1376 5258 1712 5312 curationem
1776 5257 1909 5310 nihil
1968 5257 2098 5326 ipsis

515 5355 747 5419 deesset,
782 5363 956 5405 tamen
1003 5352 1204 5419 impettt
1249 5349 1554 5404 voluntario
1588 5352 1654 5404 ad
1707 5350 1888 5405 illicita
1941 5351 2098 5405 facti-

518 5449 677 5500 tauda
719 5442 1055 5499 deﬁexerint.
1084 5441 1315 5496 Perinde
1371 5442 1514 5496 enim
1556 5453 1635 5496 est
1684 5441 1914 5498 fortasse
1953 5461 2016 5499 ac
2051 5445 2096 5500 si

518 5539 664 5591 dicat
689 5553 704 5590 :
733 5535 896 5602 Cujus
932 5531 1276 5602 indulgentiae
1303 5541 1357 5586 et
1397 5531 1581 5585 auxilii
1612 5535 1799 5588 modus
1825 5537 2098 5605 cxi-cgita-

2190 3137 2265 3199 ῶς
2291 3137 2406 3206 φῶς
2433 3137 2671 3208 ἀνίσχον,
2707 3139 2783 3200 ὼς
2816 3139 2987 3208 ἣλιον,
3033 3139 3106 3202 ὡς
3155 3139 3350 3210 αὐγὴν,
3379 3139 3771 3209 παρῳχηκότος

2191 3229 2284 3281 τοῦ
2319 3228 2564 3290 σκότους,
2601 3231 2794 3281 Ἔσται
2825 3229 2882 3282 δὲ
2923 3232 3057 3300 ἡμῖν
3094 3249 3110 3280 ι
3145 3232 3232 3294 Ὠς
3264 3230 3512 3301 πρὼῖμός
3561 3247 3618 3284 τε
3677 3233 3770 3283 καὶ

2190 3323 2384 3393 ὄψιμος
2421 3324 2592 3386 ὑετός.
2625 3343 2642 3374 ι
2676 3322 2946 3390 Κατάρδει
2974 3323 3081 3394 γὰρ
3116 3325 3260 3394 ἡμᾶς
3295 3323 3420 3387 τοὺς
3463 3323 3560 3394 τὴν
3587 3323 3770 3375 πίστιν

2192 3416 2653 3486 εἰσδεδεγμένους,
2694 3417 2786 3468 καὶ
2825 3417 3205 3484 ἐπεγνωκότας
3237 3415 3412 3485 ὀρθῶς
3441 3417 3540 3487 τὴν
3575 3415 3772 3483 ἐπιφά-

2191 3525 2337 3562 νειαν
2367 3509 2554 3575 αὑτοῦ,
2585 3509 2728 3562 κατὰ
2749 3508 2946 3572 διττὸν,
2977 3503 3152 3580 οἶμαι,
3200 3511 3420 3579 τρόπον.
3472 3509 3772 3562 Ἀποκαλὺ-

2197 3619 2320 3654 πτει
2353 3602 2451 3672 μὲν
2477 3601 2585 3674 γὰρ
2610 3602 2668 3654 ὲν
2691 3602 2962 3673 πνεύματι
2995 3602 3104 3656 τῶν
3133 3604 3374 3674 ἀρχαίων
3393 3620 3452 3656 τε
3502 3605 3596 3656 καὶ
3616 3621 3772 3673 νομι-

2198 3693 2311 3746 κῶν
2343 3694 2437 3746 καὶ⁹
2465 3693 2601 3764 πρὸς
2631 3694 2842 3758 τούτοις
2887 3695 2967 3748 ἔτι
3000 3695 3352 3767 προφητικῶν
3389 3695 3770 3765 παιδευμάτων

2196 3787 2297 3856 τὴν
2340 3785 2561 3854 γνῶσιν.
2612 3786 2722 3839 Καὶ
2764 3787 2944 3851 τοῦτο,
2995 3784 3171 3857 οἶμαι,
3231 3789 3379 3840 ἐστὶν
3433 3790 3462 3840 6
3521 3788 3770 3860 πρώῑμος

2201 3875 2374 3938 ὑετὸς.
2404 3875 2639 3946 Ὄψιμον
2675 3877 2730 3929 δὲ
2771 3876 2960 3948 ὥσπερ
2992 3876 3172 3950 [πρὸς]
3207 3880 3400 3951 ἐκείνῳ
3425 3879 3609 3932 δίδωσι
3659 3881 3770 3933 τῶν

2193 3968 2563 4037 εὐαγγελικῶν
2604 3971 2986 4040 παιδευμάτων
3014 3971 3112 4042 τὴν
3155 3973 3358 4042 νόησιν,
3409 3975 3503 4026 καὶ
3534 3976 3771 4027 ἀποστο-

2193 4062 2358 4114 λικῶν
2393 4065 2762 4134 κηρυγμάτων
2792 4063 2888 4134 τὴν
2915 4066 3236 4135 τριπόθητον
3253 4066 3431 4137 χάριν.
3463 4066 3770 4138 Γεγόναμεν

2194 4154 2272 4218 δὲ,
2303 4155 2378 4217 ὡς
2411 4158 2439 4208 6
2471 4157 2756 4227 προφήτης
2806 4161 2958 4228 φησι,
3014 4177 3032 4208 ι
3057 4159 3130 4226 Γῆ
3173 4158 3394 4230 θελητή·
3428 4179 3444 4211 ι
3491 4162 3586 4213 καὶ
3627 4160 3770 4231 τάχα

2198 4250 2329 4319 περὶ
2365 4252 2397 4318 ἡ
2409 4250 2523 4320 μῶν
2549 4251 2741 4319 ψάλλει
2767 4251 2940 4318 λέγων
2967 4255 2994 4304 6
3029 4255 3295 4324 μακάριος
3331 4254 3526 4306 Δα6ἱδ’
3565 4274 3583 4304 ι
3639 4255 3770 4308 Ἐπ-

2198 4341 2413 4411 εσκέψω
2445 4343 2541 4411 τὴν
2563 4343 2684 4412 γῆν,
2719 4343 2811 4395 καὶ
2842 4341 3112 4413 ἑμέθυσας
3133 4346 3323 4416 αὑτήν·
3345 4345 3648 4416 ὲπλήθυνας
3673 4345 3766 4400 τοῦ

2167 4432 2338 4502 αὐτῆς
2366 4434 2580 4498 ἑκατὸν,
2626 4435 2908 4507 ἐξήκοντα,
2962 4438 3056 4490 καὶ
3131 4437 3445 4509 τριάκοντα,
3495 4440 3635 4492 κατὰ
3669 4440 3768 4510 τὴν

2124 4619 2168 4674 D
2268 4613 2327 4664 Τι’
2349 4626 2445 4663 σοι
2476 4611 2727 4677 ποιήσω,
2760 4615 3006 4680 Ἕρραΐμ
3024 4633 3041 4678 ;
3069 4619 3124 4666 τί
3150 4633 3246 4669 σοι
3276 4621 3528 4682 ποιήσω,
3547 4624 3770 4690 Ἰούδιι;

2202 4704 2270 4757 Τὸ
2299 4704 2364 4756 δὲ
2386 4704 2557 4768 ἔλεός
2577 4722 2697 4772 μου
2718 4705 2796 4769 ὡς
2816 4705 3039 4774 νεφέλη
3063 4710 3308 4777 πρωϊνὴ,
3337 4712 3433 4764 καὶ
3451 4714 3529 4778 ὡς
3551 4715 3770 4785 δρόσος

2195 4795 2436 4864 ὀρθρινὴ
2469 4797 2860 4864 πορευομένη.

2265 4888 2383 4942 ΞΓ’.
2417 4888 2530 4940 Οὐκ
2557 4889 2902 4959 ἡπορηκότος
2941 4891 2970 4942 6
3004 4892 3177 4960 λόγος·
3209 4896 3270 4947 οὐ
3299 4896 3408 4966 γὰρ
3448 4899 3514 4952 ἂν
3536 4901 3771 4973 ἠγνόησε

2195 4979 2329 5044 Θεὸς
2366 4981 2426 5033 τὸ
2471 4982 2585 5042 τοῖς
2632 4981 3007 5051 πλανωμένοις
3051 4986 3348 5057 χρήσιμονο
3401 4991 3517 5045 ἀλλ’
3558 4995 3666 5046 οὐδ’
3705 4996 3772 5050 ἂν

2195 5073 2425 5142 ἠτόνησε
2484 5070 2618 5142 πρὸς
2662 5073 2997 5142 κατόρθωσιν
3029 5077 3137 5129 τῶν
3183 5079 3412 5146 ὠφελεῖν
3450 5088 3772 5154 πεφυκότων

2196 5163 2322 5226 τοὺς
2357 5163 2468 5224 τοῖς
2493 5161 2816 5225 διαϐολικοῖς
2848 5165 3135 5229 ἐναλόντας
3159 5167 3392 5240 βρόχοις.
3431 5172 3770 5230 Ἐπαιτιᾶται

2195 5256 2252 5308 δὲ
2290 5255 2514 5325 μᾶλλον,
2543 5256 2921 5320 ἐκλελοιπότος
2955 5257 3053 5328 μὲν
3083 5261 3268 5325 αὐτοῖς
3295 5263 3402 5315 τῶν
3442 5265 3577 5336 πρὸς
3607 5267 3771 5338 θερα-

2197 5347 2357 5398 πείαν
2385 5345 2628 5409 οὐδενὸς,
2660 5346 2987 5412 ὲθελουσίοις
3027 5350 3084 5403 δὲ
3132 5353 3335 5421 μᾶλλον
3385 5356 3775 5423 ἐκκεκλικὸτας

2195 5441 2391 5509 ὁρμαῖς
2422 5439 2516 5490 ἐπὶ
2543 5438 2603 5490 τὸ
2629 5439 2760 5508 δρᾷν
2792 5440 2827 5492 ἃ
2868 5443 2940 5512 μὴ
2984 5442 3159 5513 θέμις.
3209 5447 3435 5516 ’Ὅμοιον
3469 5451 3578 5519 γάρ
3611 5451 3686 5512 ὡς
3725 5453 3772 5504 ει

2197 5533 2291 5585 καὶ
2331 5530 2478 5599 λέγοι
2537 5531 2720 5599 τυχόνσ
2758 5533 2914 5598 Ποίος
2950 5535 3056 5606 ἄρα
3086 5539 3298 5605 φειδοῦς
3333 5542 3424 5593 καὶ
3455 5543 3773 5614 ἐπικουρίας

590 5713 1071 5782 “Coloss.m,l.
1148 5713 1412 5768 διιιιῖυια.
1447 5711 1614 5779 v.15.
1692 5709 2192 5781 "Psal.t.xtv,10.
2269 5673 2518 5770 τέιιυιιιι.
2577 5731 2692 5782 xm,
2726 5715 2780 5770 8.
