4110 6368
370 277 477 333 165

1297 274 1851 333 COMMENTARIUS
1886 275 1953 332 IN
1993 273 2218 332 OSEAM
2244 275 2700 333 ,PROPIlETAM.

3524 281 3626 336 466

358 389 460 441 οὐκ
501 384 799 456 ἐξηύρηται
833 387 1074 459 τρόπος;
1109 385 1204 439 καὶ
1236 385 1290 438 τί
1323 386 1440 456 μετ’
1481 387 1666 440 ἐκεῖνα
1697 388 1943 458 ποιήσω;

2052 397 2132 441 tus
2163 403 2268 442 non
2312 389 2428 442 est?
2471 398 2523 441 et
2568 390 2694 456 quid
2743 397 2862 455 post
2911 401 3024 442 utne
3067 386 3305 442 faciam?
3359 399 3627 459 quomodo

357 475 671 548 ἀποκρούσῃ
697 476 753 529 δὲ
783 478 931 540 ὅπως
963 478 1064 548 τὴν
1097 477 1441 547 ἁρῤωστίαν;
1486 477 1519 548 ἢ
1551 479 1727 540 ποίοις
1755 478 1941 531 λοιπὸν

355 569 668 642 ἀγιασθήσῃ
702 570 1044 639 φαρμάκοις;
1092 570 1248 638 Ἐξῆν
1277 567 1375 638 μὲν
1403 569 1512 640 γὰρ
1539 570 1666 640 ὑμῖν
1692 569 1766 632 ὡς
1795 571 1945 638 νεφέ-

357 660 454 732 λης
481 658 966 729 καταπιαινούσης,
1013 659 1108 712 καὶ
1151 659 1356 729 σφόδρα
1394 658 1684 722 πλουσίως,
1726 661 1820 712 καὶ
1869 659 1944 723 ὡς

358 753 733 824 καταρδούσης
763 753 956 824 δρόσου
994 753 1094 823 τῆς
1138 752 1366 822 ἑωθινῆς
1417 752 1743 822 μεταλαχεῖν
1786 752 1942 805 δύνα-

359 843 504 906 σθαι,
545 845 640 895 καὶ
681 840 840 894 τοῦτο
873 841 1226 912 ἀμφιλαφῶς,
1288 842 1386 910 τῆς
1426 841 1566 911 ὲμῆς
1607 841 1944 912 ἡμερότητος

358 934 455 986 καὶ
521 932 856 1004 ἀσυγκρίτου
925 933 1369 1003 φιλανθρωπίας³
1451 934 1565 986 ἀλλ’
1616 933 1828 996 οὐδενὸς
1882 934 1944 986 τὸ

359 1027 570 1096 χρῆμα,
592 1028 745 1097 φησὶ,
779 1024 1055 1094 ἠξιώσατε
1082 1025 1242 1096 λόγου
1267 1043 1281 1056 ·
1314 1025 1445 1098 παρ’
1468 1025 1618 1078 οὐδὲν
1642 1025 1943 1097 πεποίησθε

356 1117 458 1189 τὴν
488 1115 627 1169 οὕτω
659 1118 863 1189 σεπτὴν
892 1117 986 1170 xui.
1008 1116 1337 1170 πολύευκτον
1371 1118 1556 1188 χάριν.

442 1210 726 1279 Ἀρμόσειε
757 1208 801 1262 δ’
835 1209 899 1262 ἂν
929 1209 1008 1262 ὅτι
1039 1208 1272 1279 μάλιστα
1295 1210 1361 1279 τῇ
1390 1208 1478 1261 διὰ
1506 1207 1742 1279 Χριστοῦ
1767 1207 1946 1279 δωρεᾷ

360 1300 459 1371 τῆς
488 1301 822 1372 προφητείας
841 1304 874 1372 ἡ
899 1300 1145 1370 δύναμις.
1169 1300 1342 1364 Αὐτὸς
1366 1299 1474 1370 γάρ
1501 1303 1648 1353 ἐστιν
1679 1303 1711 1371 ἡ
1742 1302 1945 1370 κατάρ-

359 1391 520 1444 δουσα
556 1391 777 1461 νεφέλη,
831 1395 863 1463 ὴ
893 1391 1332 1446 καταπιαίνουσα
1379 1393 1601 1464 δρόσος·
1630 1391 1826 1462 ἑωθινὴ
1864 1391 1941 1457 δὲ,

359 1483 440 1536 ὅτι
488 1483 629 1554 μετὰ
666 1483 835 1537 νύκτα
878 1484 1079 1555 τρόπον
1124 1483 1248 1538 τινὰ
1296 1483 1396 1555 τὴν
1427 1484 1502 1548 ὡς
1542 1486 1600 1537 ὲν
1644 1483 1803 1552 άχλύῖ
1850 1484 1943 1536 καὶ

361 1575 538 1644 σκότῳ
576 1577 875 1647 νοουμένην
927 1575 1237 1646 διαϐολικῷ.
1299 1575 1792 1646 Καταπεφοίτηκεν
1849 1571 1944 1629 οὖν

357 1667 670 1738 οὐρανόθεν.
712 1668 959 1736 ’Λφῖκται
994 1666 1102 1737 γὰρ
1147 1664 1355 1720 ἄνωθεν
1404 1667 1497 1719 καὶ
1543 1668 1692 1736 παρὰ
1727 1664 1941 1736 Πατρδς

2046 481 2290 534 morbum
2321 480 2661 549 proﬂigahis?
2699 479 2807 550 97
2861 489 2953 534 aut
2995 481 3190 549 quibus
3244 483 3292 535 in
3351 495 3625 552 posterum

2045 571 2453 624 medicamentis
2500 575 2783 624 sanitatem
2830 572 3092 640 recipies?
3135 572 3268 627 Cum
3314 576 3456 627 enim
3492 576 3628 629 leni-

2046 671 2207 715 tatem
2238 672 2291 716 et
2317 663 2790 732 incomparabilem
2828 665 3214 733 benignitatem
3246 680 3414 718 meam
3449 676 3507 720 ut
3531 684 3628 720 nn-

2043 758 2164 812 bem
2233 756 2696 810 abundantissime
2757 756 3282 826 piugnei’acientem,
3333 769 3388 811 «ιι
3423 770 3480 812 ut
3545 777 3625 814 ro-

2045 863 2159 903 rem
2189 852 2508 901 matutinum
2551 850 2768 916 copiose
2806 840 3119 918 irrigan'tem
3153 854 3412 918 consequi
3444 866 3629 920 posse-

2044 940 2135 1006 tis,
2163 954 2273 992 rem
2302 948 2506 990 tantam
2545 938 2696 991 nihili
2729 937 2969 998 fecistis;
3026 938 3255 1006 gratiam
3287 938 3421 993 adeo
3465 956 3628 994 vene-

2044 1033 2268 1086 raudam
2301 1039 2356 1087 et
2401 1030 2651 1084 onmibus
2703 1029 2840 1084 votis
2886 1030 3242 1098 exoptandum
3298 1031 3626 1102 contempsi-

2044 1122 2163 1178 stis.

2114 1211 2392 1281 Praecipue
2427 1220 2605 1264 autem
2633 1211 2685 1263 in
2717 1211 3060 1265 donationem
3093 1225 3189 1279 per
3222 1212 3496 1267 Christum
3529 1213 3631 1267 hoc

2044 1304 2361 1359 vaticinium
2391 1303 2696 1372 quadrahit.
2731 1303 2857 1356 iith
2886 1312 2968 1356 est
3004 1318 3236 1371 namque
3264 1303 3494 1374 irrigans
3526 1320 3628 1358 nu-

2043 1391 2594 1463 bes,pingueiaciens
2638 1407 2759 1456 ros;
2821 1401 2876 1445 et
2936 1392 3253 1454 matutinus,
3295 1394 3418 1460 quia
3475 1394 3628 1462 quasi

2046 1495 2166 1556 post
2194 1495 2429 1547 noctem,
2470 1499 2587 1552 qum
2619 1485 2669 1537 in
2712 1484 2942 1554 caligine
2987 1495 3042 1538 et
3083 1485 3319 1539 tenebris
3352 1486 3631 1540 diabolicis

2045 1576 2384 1646 intelligitur.
2430 1575 2720 1630 Descendit
2763 1576 2926 1644 igitur
2973 1576 3040 1629 de
3095 1577 3252 1630 caalo.
3299 1575 3455 1630 Venit
3488 1577 3628 1630 enim

2046 1670 2278 1736 tleSuper
2303 1679 2356 1722 et
2379 1687 2405 1719 a
2438 1668 2594 1721 Patre
2629 1668 2692 1719 ad
2724 1683 2821 1720 nos
2849 1667 3102 1722 Verbum.
3134 1687 3151 1717 ι
3179 1668 3572 1730 Pertransiens,
3604 1687 3622 1718 ι

359 1733 496 1831 πρὸς
544 1761 693 1830 ἡμᾶς
747 1733 797 1811 ὁ*
832 1733 1025 1827 Λόγος.
1071 1733 1507 1829 ιΠορευομένη»
1561 1733 1637 1820 δὲ,
1679 1757 1759 1810 ὅτι
1797 1733 1941 1809 κατὰ

2052 1760 2175 1830 quia
2208 1774 2304 1827 per
2325 1774 2540 1812 omnem
2581 1759 2669 1826 qui
2707 1758 2806 1811 sub
2834 1758 2970 1813 cwlo
3005 1769 3084 1812 est
3139 1761 3393 1813 mundum
3439 1774 3631 1828 perva-

359 1854 539 1924 πάσης
572 1851 788 1922 ἔρχεται
815 1849 916 1921 τῆς
953 1851 1044 1903 ὑπ’
1088 1849 1336 1920 οὐρανόν.
1382 1850 1565 1904 Πλατὺ
1599 1850 1710 1921 γὰρ
1735 1849 1854 1901 λίαν
1882 1848 1942 1900 τὸ

361 1944 627 2015 σωτήριον
668 1943 949 2014 κήρυγμα,
1014 1941 1107 1994 καὶ
1160 1941 1380 2011 ἁπάσης
1425 1941 1522 2011 τῆς
1578 1941 1668 1994 ὑπ’
1715 1939 1943 2011 οὐρανὸν

363 2034 645 2106 μονονουχὶ
676 2033 1070 2104 κατευρύνεται
1098 2051 1110 2063 ·
1146 2035 1325 2088 καίτοι
1349 2034 1441 2087 τοῦ
1459 2035 1623 2103 νόμου
1653 2032 1942 2086 συνεσταλ-

364 2128 526 2199 μένου
552 2127 750 2198 τρόπον
779 2125 923 2189 τινὰ,
958 2127 1053 2178 καὶ
1089 2126 1256 2196 μόνην
1291 2126 1389 2196 τὴν
1425 2125 1689 2178 Ἰουδαίων
1716 2140 1944 2194 περιπο-

359 2216 577 2280 λοῦντος
611 2215 814 2287 χώραν.
868 2233 886 2266 ι
910 2213 1156 2278 Γνωστὺς
1199 2215 1296 2284 μὲν
1324 2213 1431 2284 γὰρ
1456 2210 1522 2284 ἦν
1552 2216 1608 2267 ὲν
1646 2214 1876 2286 Ἰουδαία
1915 2215 1943 2265 ὁ

361 2310 511 2373 Θεὸς,
539 2328 557 2360 ι
606 2309 748 2363 κατά
776 2307 876 2379 τὴν
903 2305 996 2360 τοῦ
1030 2307 1336 2371 Ψάλλοντος
1376 2310 1578 2378 φωνήν.
1604 2308 1847 2376 Ἔγνωκε
1888 2306 1944 2360 δὲ

363 2404 397 2475 ή
447 2400 707 2472 σύμπασα
749 2399 842 2452 τὸν
894 2402 1002 2451 τῶν
1059 2397 1197 2451 ὅλων
1233 2398 1463 2470 Σωτῆρα
1502 2398 1595 2451 καί
1625 2396 1942 2468 Λυτρωτὴν,

362 2493 603 2547 τουτέστι
633 2493 886 2564 Χριστόν.

430 2585 535 2638 Διὰ
594 2583 772 2638 τοῦτο
833 2581 1160 2652 ἁπεθέρισα
1211 2581 1353 2647 τοὺς
1396 2579 1710 2649 προφήτας
1753 2577 1942 2650 ὑμῶν,

361 2676 681 2732 ἀπέκτεινα
712 2675 935 2742 αὐτοὺς
961 2676 1032 2728 ἐν
1059 2674 1279 2744 ῥήματι
1306 2675 1604 2742 στόματός
1625 2690 1766 2742 μου.

432 2770 546 2823 ΞΔ’.
579 2769 796 2832 Φειδοῦς
821 2769 916 2822 καὶ
943 2769 1163 2838 ἀγάπης
1187 2769 1284 2838 τῆς
1313 2769 1391 2830 εἰς
1427 2767 1624 2828 αὐτοὺς
1647 2763 1943 2830 ἀπόδειξις,

364 2863 399 2932 ἡ
423 2861 534 2915 τῶν
556 2860 880 2915 πλανώντων
908 2861 1204 2932 ἀναίρεσις.
1230 2859 1488 2926 Γεγόνασι
1524 2856 1620 2927 μὲν
1642 2855 1745 2927 γὰρ
1759 2855 1946 2925 ψευδο-

365 2954 639 3024 προφῆται
688 2953 828 3006 κατὰ
870 2954 1094 3024 καιροὺς
1140 2952 1232 3004 ἐπὶ
1275 2950 1365 3004 τὸν
1421 2949 1656 3020 Ἰσραὴλ,
1701 2952 1812 3011 τοῖς
1852 2946 1944 3000 τοῦ

365 3045 514 3100 Βάαλ
547 3045 798 3115 τεμένεσι
839 3043 1314 3116 προσεδρεύοντες,
1352 3043 1446 3094 καὶ
1478 3040 1808 3102 πλανῶντες,
1849 3039 1943 3092 καὶ

378 3134 742 3206 πλανώμενοι,
768 3137 909 3187 κατὰ
935 3133 995 3186 τὸ
1024 3135 1430 3204 γεγραμμένον.
1455 3131 1601 3202 Πλὴν
1648 3131 1945 3202 ἀνῄρηνται

365 3227 506 3281 κατὰ
536 3226 780 3296 καιροὺς,
825 3225 1294 3296 προηγορευκότος
1338 3225 1431 3277 καὶ
1460 3223 1615 3276 τοῦτο
1656 3222 1812 3284 Θεοῦ,
1856 3223 1952 3275 καὶ

363 3319 516 3370 ὁσίαν
551 3316 637 3368 ἐπ’
677 3317 858 3376 αὐτοῖς
902 3314 1279 3380 ἐξενεγκόντος
1311 3313 1408 3382 τὴν
1439 3311 1639 3381 ψῆφον.
1676 3312 1814 3374 Τοὺς
1852 3310 1950 3381 μὲν

366 3409 475 3479 γὰρ
539 3408 746 3460 ἀνεῖλεν
811 3406 989 3458 Ἠλιοῦ
1047 3405 1197 3476 παρὰ
1248 3404 1306 3456 τὸ
1358 3404 1503 3458 Βάαλ
1548 3403 1947 3474 θυσιαστήριον,

365 3498 846 3567 είκαιομυθοῦντὰς
897 3515 958 3549 τε
1012 3497 1105 3550 καὶ
1166 3497 1460 3566 λέγοντας·
1543 3515 1562 3547 ι
1617 3497 1950 3550 Ἐπάκουσον

370 3591 526 3660 ἡμῶν
545 3592 574 3643 ὁ
597 3589 762 3653 Βάαλ,
790 3589 1096 3642 ἐπάκουσον
1118 3587 1276 3658 ήμῶν
1301 3605 1314 3618 ·
1342 3607 1360 3638 ι
1389 3588 1515 3651 τοὺς
1541 3587 1598 3640 δὲ
1629 3587 1951 3640 ἀπέκτεινεν

383 3684 545 3752 Ἰηοῦ,
588 3682 646 3736 ὃν
681 3681 906 3754 κέκρικε
945 3679 1166 3749 βασιλέα
1192 3679 1288 3732 ἐπὶ
1326 3679 1413 3732 τὸν
1457 3679 1672 3751 Ἰσραὴλ
1709 3681 1736 3732 ὁ
1776 3680 1952 3750 μακὰ-

376 3791 491 3844 ριος
534 3774 818 3845 προφήτης
869 3772 1140 3825 Ἑλισσαιὲ
1187 3772 1253 3824 δι’
1297 3772 1414 3834 ἑνὸς
1462 3771 1573 3824 τῶν
1626 3773 1948 3843 παιδαρίων,

369 3865 505 3918 Θεοῦ
530 3867 624 3919 καὶ
655 3865 812 3919 τοῦτο
844 3865 1099 3934 γενέσθαι
1121 3866 1565 3936 προστάττοντος.
1604 3866 1698 3928 Ὃς
1717 3865 1840 3917 ἐπεί
1870 3882 1953 3918 τοι

373 3958 680 4029 κέχρισται.
715 3956 850 4009 Θεοῦ
873 3960 981 4020 τοῖς
1012 3957 1288 4010 πλανῶσιν
1318 3957 1759 4028 ὲπιμηνίσαντος,
1800 3957 1952 4028 πρῶ-

368 4066 460 4102 τον
495 4047 594 4119 μὲν
622 4047 799 4100 ἀνεῖλε
827 4046 917 4099 τὸν
947 4045 1172 4115 Ἀχαὰ6,
1199 4047 1284 4099 ἐπ’
1308 4044 1454 4115 αὐτῷ
1479 4044 1534 4098 δὲ
1566 4043 1664 4115 τὴν
1699 4042 1952 4108 Ἰεζάϐελ,

369 4137 491 4194 εἶτα
524 4140 651 4203 τοὺς
682 4140 832 4202 υἱοὺς
860 4137 1047 4201 αὐτοῦ,
1069 4139 1194 4201 τοὺς
1229 4141 1285 4190 ὲν
1315 4139 1412 4209 ὅλῃ
1441 4135 1741 4207 Σαμαρείᾳ.
1779 4136 1954 4206 Προσ-

371 4234 738 4306 ποιησάμενος
772 4232 829 4284 δὲ
862 4231 922 4284 τὸ
952 4229 1237 4301 βούλεσθαι
1285 4230 1379 4281 καὶ
1409 4227 1677 4280 ἐπιτελεῖν
1702 4226 1780 4296 τῷ
1809 4226 1956 4281 Βάαλ

371 4328 607 4396 ἑορτὴν,
660 4326 868 4387 πάντας
913 4321 1238 4392 συνεκόμισε
1289 4320 1417 4382 τοὺς
1469 4318 1953 4389 ψευδοπροφήτας,

1973 3081 2018 3142 C

2045 1854 2138 1908 sit.
2175 1852 2344 1908 Valde
2378 1852 2522 1906 enim
2572 1852 2679 1906 late
2717 1850 2908 1905 ditl'usa
2953 1850 3250 1906 Salvatoris
3297 1853 3628 1919 prretlicatiu,

2045 1958 2250 2014 perque
2285 1944 2561 1997 universas
2584 1943 2731 1997 orbis
2759 1942 3062 2010 provincias
3090 1953 3292 1996 tantum
3329 1959 3433 1996 non
3461 1944 3631 1998 instar

2045 2037 2304 2107 germinis
2330 2037 2548 2090 dilatata
2595 2050 2657 2089 ac
2693 2045 2983 2105 propagata
3031 2045 3132 2100 est,
3167 2051 3288 2089 cum
3340 2035 3447 2102 lex,
3475 2035 3629 2105 quasi

2045 2138 2345 2193 contracta,
2395 2129 2562 2182 solam
2610 2127 2914 2182 Juda-orum
2968 2129 3298 2196 provinciam
3351 2131 3628 2200 complexa

2048 2222 2139 2276 sit.
2169 2242 2186 2273 ι
2217 2220 2388 2275 Notus
2411 2221 2552 2274 enim
2581 2221 2631 2273 in
2666 2219 2847 2274 Jndaaa
2901 2220 3038 2273 Deus
3066 2220 3134 2282 ⁷⁸,
3173 2238 3190 2269 ι
3239 2219 3394 2290 juxta
3443 2236 3628 2276 vocem

2045 2315 2364 2370 Psalmistte.
2415 2311 2582 2366 Totus
2617 2321 2802 2365 contra
2850 2321 3115 2365 terrarum
3162 2311 3308 2366 orbis
3349 2313 3628 2367 universo-

2049 2424 2164 2463 rum
2224 2405 2510 2461 Domiuum
2562 2403 3032 2474 Salvatoremqne,
3077 2404 3178 2458 hoc
3211 2415 3295 2458 est
3330 2405 3628 2469 Christum,

2047 2498 2318 2567 cognovit.

2117 2591 2284 2646 νεεδ.
2337 2589 2388 2643 5.
2433 2585 2717 2654 Pmpterea
2762 2586 3024 2639 demessai
3080 2586 3360 2654 prophetas
3411 2596 3629 2652 vestros,

2047 2683 2214 2738 occidi
2239 2697 2324 2735 eos
2351 2680 2403 2733 in
2439 2681 2588 2732 verba
2624 2679 2734 2731 oris
2769 2677 2891 2729 mei.

2117 2771 2303 2828 LXIV.
2329 2769 2674 2838 Indulgentia:
2705 2777 2757 2822 et
2792 2768 3074 2822 charitatis
3114 2768 3164 2820 in
3219 2768 3363 2836 ipsos
3409 2768 3631 2822 demou-

2049 2867 2261 2930 Slratio,
2313 2863 2682 2919 seducentium
2730 2861 3053 2916 interfectio.
3106 2859 3443 2924 Exstiterunt
3483 2862 3629 2915 enim

2049 2958 2335 3027 aliquando
2372 2955 2853 3027 pseudopropheta:
2892 2955 2944 3008 iu
2992 2953 3180 3020 Israel,
3222 2954 3459 3008 delubris
3503 2953 3630 3006 Baat

2051 3050 2371 3109 assidentes,
2435 3045 2756 3100 seduceutes
2792 3053 2846 3098 et
2873 3044 3079 3098 seducti
3144 3043 3211 3108 ⁷³,
3260 3052 3318 3097 ut
3361 3044 3623 3114 scriptum

2053 3152 2153 3195 est.
2193 3138 2576 3192 Verumtamen
2624 3137 2817 3190 deinde
2859 3135 3055 3189 sublati
3089 3144 3217 3188 sunt
3244 3150 3273 3188 e
3305 3136 3500 3201 medio,
3532 3151 3628 3202 po-

2051 3239 2263 3298 stquam
2321 3237 2376 3281 et
2418 3227 2518 3281 hoc
2565 3227 2703 3280 Deus
2767 3227 3050 3294 przcdixit,
3104 3235 3158 3278 et
3197 3224 3398 3293 justam
3444 3229 3494 3279 in
3538 3242 3632 3280 eos

2054 3318 2379 3374 sententiam
2419 3317 2560 3370 tulit.
2604 3316 2754 3369 Alios
2788 3316 2933 3368 enim
2975 3316 3172 3369 occidit
3203 3315 3347 3370 Elias
3375 3315 3525 3381 juxta
3549 3319 3631 3368 al-

2057 3421 2168 3462 tare
2190 3407 2345 3471 Baal,
2371 3409 2548 3461 inania
2582 3407 2904 3474 garrientes,
2940 3407 3286 3474 dicentesque
3317 3423 3332 3461 :
3376 3425 3394 3456 ι
3429 3405 3630 3460 Exaudi

2057 3515 2172 3564 nos,
2204 3498 2350 3561 Baal,
2379 3499 2570 3551 exaudi
2604 3513 2703 3551 nos
2741 3496 2820 3562 7";
2862 3515 2880 3548 ι
2931 3496 3066 3551 alios
3095 3495 3228 3550 Jehu
3257 3513 3414 3564 quem
3447 3499 3633 3551 beatus

2054 3592 2319 3661 propheta
2348 3590 2557 3644 Eliseus
2593 3605 2687 3656 per
2721 3587 2993 3643 servulum
3037 3603 3199 3656 super
3249 3586 3412 3641 lsrael
3453 3603 3633 3657 regem

2057 3684 2208 3736 unxit
2233 3683 2302 3748 ⁷⁵,
2342 3683 2448 3736 Deo
2477 3692 2532 3734 et
2562 3683 2663 3734 hoc
2698 3681 3018 3749 imperante.
3059 3679 3160 3745 Qui
3190 3678 3281 3732 ubi
3307 3688 3500 3732 unctus
3526 3692 3633 3743 est,

2059 3774 2166 3828 Deo
2195 3774 2580 3843 iutpostoribus
2611 3774 2770 3834 irato,
2822 3772 3052 3842 primum
3085 3772 3300 3840 quidem
3336 3773 3453 3826 neci
3489 3773 3636 3826 dedit

2054 3866 2262 3930 Achab,
2315 3875 2434 3933 post
2469 3865 2644 3934 ipsum
2689 3861 2926 3930 Iezabel,
2975 3864 3168 3917 deinde
3201 3863 3342 3917 tilios
3391 3863 3507 3932 ejus
3541 3878 3640 3931 per

2059 3964 2223 4007 totam
2258 3950 2582 4007 Samariam.
2619 3951 2683 4005 Et
2715 3951 2977 4006 simulans
3000 3951 3135 4005 velle
3176 3967 3234 4006 se
3267 3951 3394 4005 Baal
3440 3951 3636 4006 festum

2058 4060 2238 4116 agere,
2275 4060 2465 4100 omnes
2527 4044 3024 4114 pseudoprOphetas
3066 4046 3434 4113 congregavit,
3471 4045 3642 4097 sacri-

2058 4139 2346 4207 ﬁciumque
2395 4145 2695 4207 praetexens
2723 4175 2738 4201 ,
2771 4137 2822 4188 iu
2859 4137 3018 4191 domo
3043 4135 3326 4189 conclusos
3377 4134 3442 4187 ad
3473 4150 3636 4189 unum

2060 4232 2308 4300 peremit.
2342 4229 2588 4283 Detraxit
2619 4228 2744 4284 item
2781 4228 2907 4281 Baal
2943 4229 3139 4298 ipsum,
3166 4237 3220 4282 et
3264 4237 3473 4281 statuas
3521 4228 3639 4296 (ἠως

2061 4322 2289 4389 exussit,
2320 4331 2379 4376 ut
2414 4320 2608 4376 litteris
2631 4322 2941 4375 mandatum
2968 4329 3070 4374 est.
3101 4319 3443 4389 Indulgentiae
3479 4319 3642 4390 igitur

371 4421 468 4473 καὶ
503 4418 652 4471 θύειν
685 4415 1139 4486 ὑποκρινάμενος,
1193 4411 1638 4481 συνειλεγμένους
1688 4412 1765 4474 εἰς
1805 4407 1948 4463 οἷκον

2061 4425 2116 4472 et
2147 4415 2454 4480 cbaritatis,
2482 4423 2538 4468 ut
2566 4413 2700 4475 dixi,
2739 4412 2852 4483 98
2880 4428 3007 4480 erga
3052 4411 3303 4466 lsraelem
3353 4427 3642 4482 argumen-

369 4508 688 4577 ἀπέσφαξεν
739 4507 862 4560 καθ’
894 4506 1013 4560 ἕνα.
1059 4505 1390 4558 Κατέσπασε
1443 4503 1499 4556 δὲ
1534 4503 1627 4555 καὶ
1666 4503 1830 4555 αὑτὸν
1862 4502 1954 4555 τὸν

373 4599 543 4662 Βάαλ,
591 4597 684 4650 καὶ
739 4597 836 4658 τὰς
881 4594 1080 4666 στήλας
1108 4593 1271 4646 αὐτοῦ
1315 4593 1618 4662 ἐνέπρησε·
1653 4592 1963 4663 γέγραπται

369 4691 480 4762 γὰρ
510 4689 630 4744 ὡδί.
684 4688 895 4742 Οὐκοῦν
923 4689 1007 4740 ὅτι
1036 4686 1268 4755 φειδοῦς,
1297 4687 1388 4739 καὶ
1423 4685 1661 4756 ἀγάπης,
1697 4685 1772 4748 ὡς
1801 4684 1960 4754 ἔφην,

369 4783 472 4851 τῆς
516 4782 598 4844 εἷς
637 4798 700 4849 γε
746 4780 836 4833 τὸν
877 4779 1092 4851 Ἰσραὴλ
1135 4777 1408 4844 ἀπόδειξις
1446 4773 1514 4847 ἦν
1555 4779 1588 4848 ἡ
1624 4777 1734 4830 τῶν
1770 4777 1962 4846 ψευδο-

2063 4519 2172 4560 tum
2204 4507 2564 4560 certissimum
2605 4519 2728 4558 esse
2773 4505 3372 4574 pseudoprophetaruut
3416 4503 3639 4563 (aedem,

2061 4598 2244 4652 docuit
2273 4598 2356 4650 his
2391 4596 2572 4650 verbis
2603 4615 2615 4648 :
2659 4613 2675 4646 ι
2721 4593 3009 4664 Propterea
3036 4595 3306 4649 detuessui
3350 4597 3644 4664 prophetas

2066 4699 2296 4743 vestros.
2335 4705 2353 4738 ι
2399 4687 2656 4756 Apposite
2696 4706 2714 4737 ι
2770 4686 3060 4749 demessui,
3118 4705 3138 4737 ι
3193 4687 3391 4754 inquit;
3450 4702 3644 4755 magno

2066 4779 2211 4834 enim
2246 4794 2490 4842 nmnero,
2524 4780 2695 4832 instar
2736 4779 3006 4848 spicarum
3039 4778 3270 4832 demessi
3311 4779 3644 4833 ceciderunt.

372 4871 670 4942 προφητῶν
721 4871 1022 4940 ἀναίρεσις,
1066 4869 1322 4935 ἐδίδαξεν,
1382 4868 1552 4922 εἰπών
1582 4885 1594 4897 °
1624 4869 1763 4921 «Διὰ
1803 4868 1960 4922 τοῦτο
2000 4869 2302 4940 ἀπεθέρισα
2362 4872 2488 4934 τοὺς
2533 4871 2820 4943 προφήτας
2850 4870 3025 4941 ὑμῶν.
3060 4889 3079 4923 ι
3121 4867 3194 4924 Εὖ
3219 4871 3274 4924 δὲ
3307 4869 3371 4942 δὴ
3402 4870 3523 4923 λίαν
3555 4871 3646 4924 καὶ

372 4965 458 5028 τὸ,
489 4984 506 5015 ‹
536 4963 857 5033 ἁπεθέρισα,
887 4981 904 5014 ι
937 4963 1090 5031 φησί.
1122 4961 1450 5015 Πεπτὼκασι
1484 4963 1592 5034 γάρ
1625 4962 1767 5014 κατὰ
1799 4963 2029 5033 πληθὺν,
2060 4963 2346 5034 ἀσταχύων
2374 4963 2528 5034 δίκην
2561 4961 2862 5034 ἀμώμενοι.

447 5055 559 5110 Καὶ
602 5054 666 5107 τὸ
706 5051 882 5121 κρῖμα
923 5069 1045 5122 μου
1076 5053 1156 5116 ὡς
1197 5052 1324 5120 φῶς
1366 5052 1767 5116 ἐξελεύσεται,
1812 5052 1961 5105 διότι

375 5151 550 5213 ἕλεος
593 5147 784 5210 θέλω,
830 5146 868 5212 ἣ
913 5147 1153 5210 θυσίαν,
1196 5144 1295 5198 καὶ
1324 5145 1651 5213 ἐπίγνωσιν
1699 5143 1879 5212 Θεοῦ,
1919 5144 1959 5214 ἢ

375 5238 862 5306 ὁλοκαυτώματα.

449 5332 569 5386 ΞΕ.
611 5331 840 5400 Ἕτερον
898 5329 1030 5398 ἡμῖν
1075 5325 1289 5395 φειδοῦς
1337 5327 1432 5380 καὶ
1475 5325 1696 5394 ἀγάπης
1738 5327 1838 5394 τῆς
1881 5325 1963 5388 εἰς

376 5423 576 5486 αὐτοὺς
609 5423 884 5492 ἐξηγεῖται
934 5421 1155 5490 τρόπον,
1194 5419 1273 5484 ὃς,
1320 5419 1476 5490 εἴπερ
1503 5419 1778 5470 τετέλεστο
1820 5416 1962 5469 κατὰ

376 5516 440 5570 τὺ
478 5513 629 5584 αύτῷ
668 5511 880 5576 δοκοῦν,
934 5513 1172 5566 σέσωστο
1233 5511 1453 5581 σύμπας
1496 5513 1524 5564 ὁ
1578 5509 1814 5580 Ἰσραὴλ,
1869 5511 1963 5562 καὶ

2146 5053 2302 5107 Vens.
2330 5053 2382 5108 6.
2426 5053 2777 5120 Etjudicium
2811 5070 2981 5107 meum
3011 5055 3164 5124 quasi
3207 5053 3302 5106 lux
3332 5054 3642 5124 egredietur,

2067 5147 2190 5216 quia
2219 5146 2630 5198 misericordiam
2657 5146 2792 5210 volo,
2821 5155 2870 5198 et
2900 5162 3004 5199 non
3031 5146 3370 5216 sacriﬁcium,
3403 5156 3449 5199 et
3478 5145 3646 5199 scien-

2071 5236 2196 5288 tiam
2224 5237 2316 5290 Dei
2347 5239 2515 5306 magis
2547 5254 2703 5307 quam
2727 5237 3052 5292 holocausta.

2143 5327 2302 5381 LXV.
2338 5329 2513 5381 Alium
2543 5330 2890 5399 indulgentia:
2925 5331 3318 5398 charitatisqne
3348 5345 3474 5399 erga
3527 5329 3644 5384 illos

2071 5423 2286 5472 modum
2321 5430 2565 5483 enarrat,
2606 5422 2697 5488 qui
2732 5423 2798 5484 si,
2835 5429 2892 5474 ut
2922 5421 3035 5488 ipse
3086 5421 3318 5484 volebat,
3367 5426 3432 5474 ad
3487 5424 3643 5474 linem

2071 5513 2362 5580 perductus
2389 5509 2547 5576 foret,
2583 5512 2866 5566 universus
2905 5512 3067 5566 Israel
3103 5524 3156 5567 et
3201 5512 3370 5567 Judas
3402 5526 3649 5570 servatus

450 5697 498 5729 ⁷³
541 5695 688 5751 Ps‘al.
721 5709 884 5764 Luv,
910 5694 965 5748 ἲ.
1040 5693 1086 5725 ⁷³
1123 5691 1311 5748 Matth.
1356 5708 1504 5758 χειν,
1543 5691 1624 5744 l-l.
1658 5690 1700 5723 τί
1730 5687 1792 5743 lii
1832 5687 1945 5752 Reg

2052 5701 2154 5741 rut.
2195 5684 2284 5741 26.
2363 5685 2500 5740 "IV
2552 5684 2682 5755 Reg.
2722 5703 2797 5752 Ix,
2852 5689 2902 5742 1.
