4110 6368
489 264 593 322 167

1485 267 1542 323 S.
1585 268 1856 326 CYRILLI
1896 267 2371 325 ALEXANDRINI
2407 267 2731 324 ARCIIIEP.

3663 273 3757 328 168

484 397 656 440 esset.
694 381 808 438 Non
840 382 983 439 enim
1014 385 1387 440 tantummodo
1422 386 1809 442 sceleratorum
1844 388 2073 458 prophe-

2189 388 2410 453 Ἰούδας.
2437 389 2513 441 Οὐ
2536 387 2645 460 γὰρ
2671 388 2831 458 μόνον
2863 387 2962 460 τὴν
2991 388 3101 442 τῶν
3129 389 3360 443 ἀνοσίων
3387 389 3758 464 ψευδοπροφηο

484 488 662 532 tarum
695 475 1094 532 multitudinem
1120 477 1442 544 detotondit,
1477 478 1637 548 digna
1669 480 1722 533 in
1756 478 1878 534 illos
1901 489 2075 533 morte

483 568 814 634 constituta;
851 568 945 623 sed
978 568 1142 624 etiam
1174 571 1511 640 temporibus
1540 573 1656 626 suis
1677 573 1854 640 ipsum
1879 571 2072 627 Filium

484 663 635 716 misit
671 661 812 717 Deus
844 671 898 716 et
933 661 1116 728 Pater,
1155 663 1247 732 qui
1293 666 1561 734 sanguine
1605 665 1900 721 Israelitico
1945 680 2073 734 pro-

481 763 701 822 gnatus,
734 770 844 825 pra:
871 754 995 810 aliis
1038 755 1234 809 bonam
1277 756 1395 824 ejus
1439 757 1775 812 voluntatem
1808 757 2076 827 pateface-

483 853 589 908 ret,
618 843 993 916 judiciumque
1042 847 1366 903 declararet.
1412 847 1649 903 Proinde
1697 850 1911 903 dicebat
1944 847 2074 902 illud

483 949 666 1002 peros
691 937 1010 992 Davidicum
1048 959 1061 993 :
1105 957 1123 990 ι
1162 938 1274 1008 Ego
1308 941 1637 995 constitutus
1683 957 1802 995 sum
1865 956 1954 994 rex
2007 941 2075 993 ab

481 1042 548 1082 eo
583 1043 745 1092 super
795 1029 928 1085 Sion
976 1040 1212 1084 montem
1261 1041 1507 1087 sanctmn
1564 1032 1705 1100 ejus,
1747 1032 2076 1086 annuntians

484 1131 810 1190 praeceptum
861 1122 1072 1177 Domini
1120 1124 1189 1177 ⁷⁸.
1243 1141 1263 1174 ι
1317 1124 1383 1177 Ει
1430 1140 1527 1194 per
1572 1127 1830 1193 seipsum,
1883 1125 2076 1179 similis

483 1211 655 1267 nostri
675 1211 871 1275 factus,
903 1212 954 1267 id
968 1222 1070 1277 est.
1096 1213 1258 1268 homo
1315 1232 1333 1264 ι
1355 1212 1401 1267 Α
1442 1214 1648 1283 mcipso
1664 1231 1768 1268 non
1787 1214 1978 1284 loquor
1995 1215 2075 1282 '7;

483 1304 578 1358 sed
613 1304 705 1374 qui
741 1305 887 1359 misit
918 1320 1003 1358 me
1031 1303 1216 1368 Pater,
1267 1305 1384 1374 ipse
1429 1307 1702 1360 mandavit
1757 1308 1885 1360 mihi
1946 1307 2075 1375 qttid

484 1395 682 1457 dicunt,
709 1396 914 1465 etquid
942 1395 1132 1466 loquar
1164 1397 1230 1450 ⁷⁸.
1272 1416 1291 1448 ι
1330 1397 1506 1466 lnquit
1533 1412 1683 1468 ergo,
1716 1415 1734 1448 ι
1769 1398 2078 1468 egredietur

477 1486 740 1556 judicium
772 1504 946 1541 meum
977 1499 1035 1541 ut
1069 1490 1183 1552 lux,
1220 1509 1238 1543 ι
1276 1491 1379 1546 hoc
1417 1503 1521 1556 est,
1549 1508 1654 1546 ιιοιι
1698 1491 2077 1562 amigmatihus

484 1580 806 1634 obumbrata
839 1581 1087 1635 voluntas
1121 1598 1261 1646 mea,
1294 1585 1386 1639 sed
1430 1585 1571 1638 nude
1618 1595 1672 1639 et
1716 1596 1904 1654 aperte
1955 1601 2076 1640 om-

483 1673 634 1725 nium
668 1672 941 1727 mentibus
990 1674 1295 1729 inhaerebit.
1345 1673 1483 1730 Olim
1530 1686 1710 1730 autem
1754 1685 2075 1746 praascntem

2179 480 2290 533 τῶν
2309 479 2570 552 ἀπέκειρε
2595 479 2824 550 πληθὺν,
2849 479 2940 534 τὸν
2966 481 3148 543 αὐτοῖς
3171 481 3450 552 πρέποντα
3473 482 3763 552 καθορίσας

2181 571 2434 637 θάνατον,
2482 555 2620 625 ἀλλά
2653 572 2748 625 καλ⁸
2790 571 2954 626 αὐτὸν
2995 572 3138 626 κατὰ
3171 573 3395 644 καιροὺς
3431 572 3645 644 έπεμψε
3681 575 3766 628 τὸν

2180 661 2310 715 Υίδν
2351 665 2380 716 6
2415 662 2549 726 Θεὸς
2589 663 2683 716 καὶ
2735 663 2946 735 Πατὴρ,
3004 665 3374 736 σαφηνιοῦντα
3424 666 3520 721 καὶ
3556 667 3662 738 τιρό
3706 685 3764 736 γε

2177 753 2286 806 τῶν
2319 753 2495 807 ἄλλων
2523 756 2637 816 τοῖς
2665 753 2726 819 ἑξ
2757 755 2992 826 αἵματος
3035 756 3254 829 Ἰσραὴλ
3280 760 3341 809 τὸ
3363 756 3566 826 ἀγαθὸν
3605 759 3765 811 αὐτοῦ

2179 843 2412 914 θέλημα,
2459 847 2553 898 καὶ
2604 847 2832 917 ἐναργὲς
2881 847 3323 920 καθιστῶνταιτὺ
3361 852 3536 921 κρῖμα
3581 849 3762 905 αὐτοῦ.

2179 937 2470 1009 Τοιγάρτοι
2493 938 2803 1007 καιὲφασκε
2842 939 2912 992 τὰ
2949 939 3080 1013 [διὰ]
3125 941 3223 1013 μὲν
3257 943 3438 1013 φωνῆς
3463 942 3762 996 τοῦΔαϐίδο

2185 1045 2204 1078 ι
2254 1029 2396 1097 Ἐγὼ
2417 1028 2472 1082 δὲ
2507 1030 2849 1100 κατεστάθην
2889 1032 3142 1101 βασιλεὺς
3169 1031 3262 1084 ὑπ’
3289 1033 3479 1098 αὐτοῦ,
3510 1035 3603 1087 ἐπὶ
3632 1035 3765 1089 Σιὼν

2179 1118 2305 1190 δρος
2333 1120 2393 1174 τὸ
2415 1121 2572 1190 ἀγιον
2598 1121 2788 1184 αὑτοῦ,
2825 1122 3156 1191 διαγγέλλων
3183 1125 3243 1178 τὸ
3290 1127 3619 1197 πρόσταγμα
3656 1129 3767 1180 Κυο

2183 1211 2319 1282 ρίου.
2347 1231 2365 1264 ι
2427 1213 2601 1276 Αὐτὸς
2631 1213 2688 1267 δὲ
2733 1215 2801 1267 δι’
2854 1215 3049 1268 ἑαυτοῦ
3098 1217 3387 1287 γενόμενος
3431 1218 3552 1270 καθ’
3597 1219 3764 1288 ἡμᾶς,

2177 1305 2483 1370 τουτέστιν,
2519 1305 2807 1378 ἄνθρωπος
2832 1347 2845 1372 ,
2892 1327 2910 1357 ι
2935 1308 3056 1361 Ἀπ’
3078 1309 3317 1376 ἐμαυτοῦ
3348 1311 3408 1362 οὐ
3445 1310 3590 1363 λαλῶ
3611 1327 3623 1339 ο
3653 1309 3766 1364 ἀλλ’

2177 1397 2207 1450 ὀ
2260 1397 2484 1467 πέμψας
2533 1415 2600 1469 με
2643 1398 2852 1469 Πατὴρ,
2900 1399 3065 1463 αὐτός
3111 1417 3202 1470 μοι
3250 1402 3469 1473 ἐντολὴν
3505 1401 3676 1456 ἔδωκε
3717 1401 3768 1454 τί

2180 1489 2354 1552 εἴπω,
2409 1488 2504 1542 καὶ
2561 1489 2615 1541 τί
2659 1487 2895 1558 λαλήσω.
2927 1507 2945 1540 ›
2980 1519 3054 1534 -ς
3087 1509 3104 1540 ι
3137 1489 3507 1557 Ἑξελεύσεται
3553 1492 3616 1564 δὴ
3676 1489 3766 1546 οῦν

2178 1579 2239 1632 τὸ
2295 1579 2472 1650 κρῖμά
2532 1596 2668 1650 μου,
2715 1580 2918 1649 φησὶν,
2950 1581 3028 1642 ὡς
3067 1580 3244 1650 eam,»
3291 1582 3597 1649 τουτέστιν,
3657 1584 3766 1637 Οὐκ

2183 1673 2474 1744 αἰνίγμασι
2499 1671 2967 1743 κατεσκιασμένον
3013 1673 3076 1726 τὸ
3119 1671 3330 1743 θέλημα
3360 1673 3421 1726 τὸ
3449 1673 3600 1745 ὲμδν,
3631 1674 3765 1728 ἀλλὰ

486 1762 894 1818 Euunanuelctn
948 1766 1202 1820 seductos
1246 1781 1351 1820 non
1405 1765 1471 1821 ad
1527 1765 1725 1837 legales
1787 1768 2073 1838 religiones

2181 1761 2408 1832 γυμνῶς
2481 1761 2576 1815 καὶ
2641 1761 2939 1831 ἀκρύπτως
2989 1763 3112 1826 ταῖς
3174 1762 3431 1817 ἀπάντων
3498 1764 3765 1828 διανοίαις

485 1865 906 1922 revocaturum;
956 1871 1056 1912 nec
1095 1872 1214 1928 qua:
1247 1858 1298 1911 in
1339 1857 1524 1927 ﬁguris
1557 1861 1736 1914 adhuc
1771 1869 1824 1915 et
1870 1859 2074 1915 umbris

486 1947 875 2018 contingebant
904 1949 1171 2004 honorare
1205 1967 1523 2015 suasurum;
1559 1952 1737 2022 p0tius
1778 1962 1956 2006 autem
2003 1950 2071 2005 ad

483 2039 816 2108 aequitatem,
849 2039 1253 2109 benignitatem,
1284 2043 1739 2110 misericordiam,
1776 2054 1831 2098 et
1879 2044 1946 2099 ad
1983 2059 2074 2098 ve-

484 2146 600 2185 ram
637 2131 968 2201 minimcque
1012 2132 1248 2188 fucatam
1294 2134 1387 2189 Dei
1431 2135 1764 2206 agnitionem
1813 2136 2075 2191 deductu-

484 2237 629 2289 rum,
666 2237 887 2293 scopum
925 2225 1090 2289 hunc,
1126 2226 1369 2294 inquam,
1415 2227 1604 2296 judicii
1653 2227 1872 2297 planum
1923 2227 2072 2293 facit,

484 2324 542 2370 ct
569 2316 662 2382 ait,
704 2335 723 2368 ι
758 2315 894 2383 Quia
938 2319 1365 2374 misericordiam
1413 2321 1557 2386 volo,
1602 2332 1656 2376 et
1714 2336 1818 2376 non
1861 2321 2074 2378 sacrifi-

483 2409 651 2476 cium,
687 2421 742 2466 et
770 2413 1052 2466 scientiam
1089 2413 1182 2468 Dei
1229 2415 1403 2484 magis
1445 2429 1608 2485 quam
1665 2413 2000 2470 holocausta.
2049 2433 2069 2467 ι

484 2500 623 2566 Quid
663 2501 807 2556 enim
841 2503 1054 2558 dicebat
1090 2503 1382 2558 Salvator?
1431 2521 1450 2555 ι
1505 2503 1697 2560 Omnia
1736 2504 1896 2575 igitur
1925 2519 2074 2572 qua:-

484 2607 696 2663 cunque
726 2593 887 2647 vultis
915 2603 972 2647 ut
1018 2593 1221 2648 faciant
1268 2596 1423 2650 vobis
1469 2595 1734 2664 homines,
1779 2597 1965 2651 eadem
2021 2605 2078 2652 et

482 2697 582 2737 vos
613 2683 718 2738 illis
741 2683 904 2739 facile
931 2685 1182 2740 similiter
1214 2687 1280 2740 ⁷⁹.
1343 2705 1362 2738 ι
1402 2684 1574 2740 Tenet
1616 2697 1793 2738 autem
1837 2700 1943 2740 non
1983 2702 2076 2756 po-

485 2786 720 2831 stremas
750 2777 891 2846 apud
935 2777 1126 2841 Deum,
1168 2776 1259 2847 qui
1301 2776 1620 2831 charitatem
1676 2785 1916 2831 exercet.
1957 2795 1975 2828 ι
2016 2776 2074 2831 1η

484 2869 610 2932 hoc,
649 2868 849 2937 inquit,
876 2879 1206 2938 cognoscent
1236 2882 1448 2930 omnes,
1497 2867 1638 2937 quod
1675 2867 1921 2936 discipuli
1967 2869 2074 2923 mei

485 2959 639 3026 estis,
673 2960 716 3012 si
767 2958 1113 3014 dilectionem
1163 2959 1467 3015 habueritis
1507 2959 1573 3014 ad
1636 2960 1866 3015 invicem
1921 2960 1988 3015 ⁸⁸.
2049 2978 2069 3013 ι

483 3045 604 3102 Jam
653 3047 803 3101 illum
853 3049 918 3102 ad
955 3063 1012 3102 se
1051 3049 1362 3102 adeuntium
1413 3049 1625 3104 animos
1669 3049 1735 3104 ad
1785 3051 2070 3105 scientiam

2178 1851 2513 1919 ἐγκείσεται.
2547 1851 2670 1904 Ὅτι
2699 1851 2757 1904 δὲ
2785 1851 3088 1922 ἀφιγμένος
3131 1851 3274 1906 κατὰ
3306 1855 3532 1925 καιροὺς
3560 1857 3588 1909 6
3636 1857 3764 1926 Ἐμ-

2179 1941 2443 2012 μανουὴλ,
2492 1941 2593 1994 οὐκ
2639 1942 2735 1994 ἐπὶ
2783 1942 3016 2013 νομικὴν
3068 1943 3306 2012 μετοίσει
3343 1944 3600 2015 λατρείαν
3644 1948 3769 2012 τοὺς

2175 2033 2649 2104 πεπλανημένους,
2710 2033 2834 2088 οὔτε
2883 2035 2990 2105 μὴν
3047 2035 3119 2089 τὰ
3173 2038 3232 2090 ἐν
3285 2035 3475 2104 τύποις
3533 2038 3613 2091 ἔτι
3674 2039 3768 2094 καὶ

2177 2129 2360 2190 σκιαῖς
2415 2122 2701 2180 ἀναπείσει
2751 2129 2938 2199 τιμᾷν,
2990 2129 3288 2198 ἀποκομιεῖ
3336 2129 3393 2183 δὲ
3448 2131 3646 2202 μᾶλλον
3689 2134 3768 2196 είς

2176 2219 2502 2282 ἐπιείκειαν,
2548 2220 2643 2272 καὶ
2675 2221 3043 2290 χρηστότητα,
3087 2221 3182 2274 καὶ
3211 2221 3635 2292 εὐσπλαγχνίαν,
3676 2225 3767 2278 καὶ

2175 2309 2256 2370 είς
2298 2307 2521 2379 ἀγάπην
2560 2308 2660 2380 τὴν
2703 2309 2844 2380 πρὸς
2879 2309 3162 2381 ἀλλήλους,
3195 2313 3288 2365 καὶ
3325 2314 3404 2375 εἰς
3445 2312 3618 2382 ἀληθῆ
3675 2315 3768 2367 καὶ

2174 2400 2613 2471 ἀπαραλόγιστον
2648 2402 2947 2470 ἐπίγνωσιν
2993 2403 3085 2456 τοῦ
3131 2403 3290 2466 Θεοῦ,
3327 2405 3472 2474 σαφῆ
3508 2422 3602 2457 του
3645 2406 3765 2477 κρί-

2183 2509 2355 2563 ματος
2387 2492 2642 2546 ἀποτελεῖ
2682 2492 2774 2545 τὸν
2801 2494 3026 2554 σκοπὸν,
3063 2494 3157 2548 καί
3196 2511 3383 2566 φησιν,
3422 2515 3440 2546 ι
3463 2497 3585 2548 Ὅτι
3619 2496 3767 2560 ἔλεος

2181 2585 2350 2646 Θέλω,
2385 2585 2481 2638 καὶ
2509 2584 2569 2637 οὐ
2602 2585 2794 2639 θυσίαν
2842 2587 2937 2638 καὶ
2973 2587 3268 2654 ἐπίγνωσιν
3297 2587 3452 2649 Θεοῦ,
3483 2588 3514 2658 ἦ
3554 2588 3770 2641 ὁλοκαυ-

2175 2677 2424 2748 τώματα.
2453 2697 2470 2729 ι
2523 2676 2588 2729 Τί
2633 2677 2742 2749 γάρ
2773 2677 3012 2747 ἔφασκεν
3057 2679 3085 2729 ὁ
3119 2680 3349 2751 Σωτήρς
3400 2681 3623 2733 «Πάντα
3675 2677 3768 2733 οὖν

2175 2770 2275 2823 ὃσα
2302 2769 2396 2823 ὲάν
2431 2769 2624 2842 θέλητε
2659 2771 2744 2824 ἵνα
2778 2769 3008 2824 ποιῶσιν
3052 2770 3180 2842 ὑμῖν
3211 2772 3260 2823 οί
3291 2771 3591 2841 ἄνθρωποι,
3628 2771 3769 2824 οὕτω

2175 2863 2272 2916 καὶ
2295 2865 2453 2934 ὑμεῖς
2478 2867 2682 2917 ποιεῖτε
2709 2864 2894 2927 αὐτοῖς
2931 2863 3152 2934 ὁμοίοις.
3183 2881 3202 2915 ι
3230 2865 3434 2935 Χρῆμα
3457 2863 3512 2916 δὲ
3549 2864 3630 2917 ὅτι
3665 2863 3768 2929 μά-

2174 2954 2331 3008 λιστα
2357 2954 2509 3027 παρά
2540 2954 2660 3026 Θεῷ
2687 2955 2868 3026 τίμιον
2899 2955 2999 3026 τὴν
3021 2957 3242 3024 ἀγάπην
3280 2956 3610 3018 ἐπιδεικνὺς,
3637 2972 3660 3009 ι
3679 2956 3768 3008 Ἐν

2174 3045 2350 3118 τούτῳ
2395 3050 2694 3115 γνώσονται
2747 3046 2970 3109 πάντες,
3023 3049 3180 3117 φησὶ,
3220 3049 3302 3101 ὅτι
3355 3047 3480 3117 ἐμοὶ
3530 3047 3768 3118 μαθηταί

483 3140 599 3195 veri
631 3140 723 3195 Dei
751 3140 1026 3207 eduxisse,
1072 3156 1180 3210 quo
1235 3151 1393 3211 pacto
1440 3141 1674 3196 dubitari
1723 3141 1930 3210 potest?
1971 3141 2071 3196 Se-

2177 3115 2331 3200 ὲστε,
2357 3138 2454 3192 ὲάν
2489 3139 2714 3207 ἀγάπην
2745 3139 2908 3211 ἔχητε
2935 3139 3016 3202 εἰς
3038 3115 3336 3210 ἀλλήλους.
3360 3115 3399 3189 »ἡ
3419 3115 3542 3193 Ὅτι
3575 3139 3632 3193 δὲ
3659 3115 3770 3193 τῶν

483 3232 662 3303 ipsum
696 3233 840 3287 enim
877 3233 1033 3288 nobis
1071 3248 1170 3303 pro
1203 3233 1435 3303 imagine
1474 3233 1746 3289 Genitoris
1773 3234 2074 3304 proposuit,

484 3339 608 3377 cum
644 3323 784 3378 dixit
811 3322 1057 3394 Philippo
1087 3339 1344 3394 germano
1375 3324 1638 3395 discipulo
1665 3344 1677 3378 :
1709 3343 1728 3376 ι
1771 3323 1886 3378 Νοιι
1943 3341 2078 3380 cre-

486 3417 571 3471 dis
621 3417 747 3486 quia
784 3431 884 3488 ego
923 3417 977 3471 in
1011 3415 1195 3481 Patre,
1225 3415 1338 3486 99
1367 3426 1423 3470 et
1447 3415 1608 3470 Pater
1643 3417 1694 3471 in
1725 3432 1811 3472 me
1844 3417 1962 3474 est?
1982 3418 2075 3487 qui

484 3509 622 3564 vidit
656 3524 760 3572 me,
787 3509 920 3562 vidit
951 3518 1007 3564 et
1037 3508 1252 3564 Patrem
1282 3508 1350 3562 ⁸ί.
1381 3508 1490 3579 Ego
1520 3519 1574 3561 et
1597 3509 1762 3564 Pater
1787 3525 1950 3563 untun
1985 3525 2078 3564 su-

484 3618 605 3657 mus
655 3604 722 3656 δ’.
781 3620 799 3654 ι
832 3601 986 3668 Quod
1015 3601 1060 3656 si
1094 3602 1215 3671 quis
1243 3610 1298 3656 et
1331 3602 1506 3672 ipsum
1559 3601 1755 3657 Filium
1805 3601 2076 3657 afﬁrmare

485 3695 718 3749 voluerit
745 3694 920 3748 Patris
961 3693 1393 3748 misericordiam
1423 3709 1566 3757 esse,
1616 3695 1763 3749 omni
1806 3695 2076 3748 sacriﬁcio

487 3798 540 3840 et
579 3786 901 3839 holocausto
951 3784 1212 3854 majorem
1253 3792 1400 3838 recte
1448 3782 1754 3837 aliirmahit.
1793 3782 1884 3837 Sic
1929 3783 2071 3837 euitat

485 3892 515 3931 ε’.
549 3876 727 3930 divina
756 3874 1037 3942 Scriptura
1067 3882 1290 3928 vocatus
1319 3883 1426 3926 est.
1458 3873 1579 3942 ipse
1603 3873 1747 3926 enim
1783 3872 1978 3925 alicubi
2007 3873 2076 3927 de

486 3967 604 4036 ipso
634 3967 777 4021 Deus
807 3975 862 4018 et
891 3964 1052 4018 Pater
1082 3965 1239 4020 nobis
1270 3963 1398 4018 dicit
1430 3981 1445 4020 :
1477 3981 1496 4014 ι
1527 3964 1935 4032 Appropinquat
1964 3963 2073 4017 cito

479 4059 688 4129 justitia
725 4072 865 4124 mea,
905 4067 961 4110 et
988 4055 1359 4111 misericordia
1407 4071 1524 4109 mea
1559 4063 1616 4109 ut
1653 4055 1917 4110 reveletur
1942 4054 2008 4109 ⁸³,
2046 4073 2066 4108 ι

486 4151 555 4205 Ει
590 4150 858 4220 Propheta
893 4149 959 4206 ad
1006 4150 1156 4204 illum
1191 4166 1205 4202 :
1255 4169 1274 4201 ι
1326 4151 1562 4204 Ostende
1616 4150 1792 4212 nobis,
1824 4149 2070 4214 Domine,

484 4243 913 4298 misericordiam
939 4252 1109 4309 tuam,
1127 4251 1183 4296 et
1198 4241 1433 4298 salutare
1461 4253 1610 4296 tuum
1624 4243 1689 4296 da
1710 4243 1866 4298 nobis
1886 4241 2031 4297 ⁸⁵⁸⁸⁸.
2045 4260 2064 4295 ι

490 4332 628 4389 Vere
653 4335 797 4390 enim
827 4335 1202 4389 misericordia
1235 4351 1264 4389 a
1294 4334 1457 4390 Patre
1482 4343 1565 4389 est
1589 4335 1862 4396 Christus,
1885 4343 2072 4404 utpote

2177 3231 2512 3303 προσιόντων
2534 3231 2625 3285 τὸν
2667 3231 2792 3286 νοῦν
2821 3230 3112 3302 ἀνεκόμιζε
3160 3231 3298 3302 πρὸς
3333 3231 3631 3300 ἐπίγνωσιν
3672 3232 3769 3286 τοῦ

2177 3324 2319 3378 κατά
2360 3323 2618 3396 ἀλήθειαν
2669 3324 2822 3387 ὄντος
2856 3323 3016 3388 Θεοῦ,
3068 3324 3184 3388 πῶς
3224 3325 3291 3378 ἂν
3325 3327 3421 3378 καὶ
3471 3326 3766 3380 ἐνδοιάσειέ

2174 3434 2289 3483 τις;
2330 3417 2557 3470 Ἑαυτὸν
2580 3417 2688 3490 γὰρ
2710 3419 2842 3489 ἡμῖν
2873 3419 2954 3482 είς
2978 3417 3162 3470 εἰκόνα
3206 3418 3299 3471 τοῦ
3331 3417 3771 3492 γεγενῘν]ηκότος

2176 3509 2494 3582 παρετίθει,
2561 3508 2735 3579 λέγων
2783 3509 2861 3580 τῷ
2920 3511 3135 3581 γνησίῳ
3193 3509 3408 3582 μαθητῇ
3470 3511 3770 3581 (Φίλιππος

2174 3597 2330 3666 οὗτος
2360 3599 2451 3674 ἦν)
2478 3619 2493 3635 ο
2527 3621 2546 3653 ‹
2570 3602 2646 3656 Οὐ
2667 3601 2968 3666 πιστεύεις,
3001 3603 3082 3655 ὅτι
3105 3603 3213 3671 ἐγὼ
3237 3604 3294 3656 ὲν
3319 3602 3396 3673 τῷ
3420 3603 3613 3674 Πατρὶ.
3630 3604 3724 3656 καὶ
3743 3605 3771 3656 6

2174 3696 2368 3767 Πατὴρ
2431 3697 2490 3748 ἐν
2545 3694 2666 3765 ἐμοί
2734 3695 2912 3755 ὲστινς
2974 3696 3003 3747 6
3057 3695 3319 3765 ἐωρακως
3385 3694 3504 3764 ἐμὲ,
3553 3694 3768 3766 ἑώρακε

2173 3789 2265 3842 τὸν
2292 3787 2527 3859 Πατέρα.
2566 3785 2706 3856 Ἐγὼ
2745 3788 2840 3840 καὶ
2870 3787 2897 3838 ὁ
2928 3786 3118 3858 Πατὴρ
3143 3787 3201 3840 ἓν
3243 3788 3430 3857 ἐσμεν.
3460 3804 3478 3837 ι
3515 3785 3578 3839 Ei
3611 3787 3666 3840 δὲ
3701 3787 3765 3857 δή

2173 3899 2258 3944 τις
2285 3880 2460 3934 ἕλοιτο
2494 3880 2589 3934 καὶ
2626 3880 2790 3933 αὐτὸν
2821 3877 2960 3932 εἶναι
2994 3879 3176 3947 λέγειν
3208 3879 3300 3932 τὸν
3337 3879 3464 3933 Υίὸν
3514 3879 3576 3932 τὸ
3617 3879 3767 3943 ἔλεος

2172 3973 2268 4026 τοῦ
2305 3971 2539 4044 Πατρδς,
2569 3971 2632 4024 τὺ
2669 3970 2810 4042 ὑπὲρ
2837 3970 3028 4026 θυσίαν
3057 3973 3151 4024 καὶ
3183 3971 3567 4041 όλοκαύτωμα,
3638 3987 3766 4024 συν-

2172 4066 2293 4135 ήσει
2333 4064 2537 4127 καλῶς.
2607 4063 2884 4134 Κέκληται
2945 4063 3055 4135 γὰρ
3125 4061 3299 4126 οὕτως
3356 4065 3509 4136 παρά
3567 4079 3633 4131 γε
3695 4065 3764 4133 τῇ

2173 4158 2517 4229 θεοπνεύστῳ
2558 4158 2774 4230 Γραφῇ.
2819 4157 2990 4220 Αὐτὸς
3047 4156 3147 4226 μὲν
3182 4157 3289 4228 γάρ
3333 4156 3435 4227 ἔφη
3481 4173 3584 4208 που
3634 4156 3766 4226 περὶ

2172 4248 2340 4305 αὐτοῦ
2375 4249 2513 4320 πρὸς
2543 4251 2691 4319 ἡμᾶς
2716 4251 2744 4302 δ
2773 4249 2906 4313 Θεὸς
2930 4249 3022 4302 καὶ
3055 4249 3265 4320 Πατήρ·
3303 4267 3320 4300 ι
3357 4248 3598 4316 Ἑγγίζει
3625 4249 3762 4317 ταχῦ

2172 4341 2206 4410 ἡ
2236 4339 2550 4408 δικαιοσύνη
2608 4355 2709 4407 μου
2743 4337 2838 4391 καὶ
2862 4337 2921 4390 τὸ
2947 4337 3095 4400 ἔλεός
3123 4355 3222 4408 μου
3253 4336 3760 4406 ἀποκαλυφθῆναι.»

484 4427 578 4496 qui
611 4427 746 4482 tollit
781 4439 1021 4498 peccata,
1080 4437 1136 4484 et
1183 4429 1412 4482 crimina
1445 4427 1692 4491 dimittit,
1755 4437 1811 4482 et
1840 4427 1943 4481 [ide
1977 4426 2066 4497 ju-

2176 4429 2237 4481 Oi
2264 4426 2323 4480 δέ
2352 4443 2417 4514 γε
2442 4426 2722 4496 προφῆται
2766 4425 2904 4497 πρὸς
2947 4427 3140 4480 αὐτόν’
3188 4446 3208 4479 ι
3236 4426 3418 4494 Δεῖξον
3455 4430 3612 4498 ἡμῖν,
3645 4425 3764 4479 Κύ-

485 4519 706 4587 stilicat,
740 4530 795 4574 et
829 4521 1070 4590 perditos
1104 4521 1158 4575 in
1190 4519 1479 4589 pristinum
1507 4517 1697 4573 salutis
1735 4526 1938 4572 statum
1984 4531 2069 4570 re-

485 4613 680 4678 stituit,
716 4621 770 4667 et
797 4629 826 4668 a
853 4622 1029 4668 morte
1058 4613 1288 4669 invictos
1323 4612 1519 4676 reddit,
1547 4621 1600 4667 et
1631 4611 1886 4682 quidnam
1913 4624 2070 4679 egre-

485 4711 655 4776 gium,
681 4715 736 4760 et
762 4706 814 4760 in
838 4706 1027 4774 primis
1055 4705 1322 4765 laudabile
1348 4705 1506 4761 nobis
1532 4720 1638 4760 non
1670 4702 1867 4758 donat?
1889 4701 2070 4768 Quare

485 4796 678 4852 tuelior
711 4805 793 4851 est.
827 4797 1095 4853 sacrificio
1124 4807 1180 4853 et
1222 4797 1550 4853 holocaustis
1587 4796 1812 4852 scientia
1851 4795 1966 4859 Dei,
2011 4803 2070 4848 ttt

486 4890 540 4944 in
569 4888 786 4944 Christo
816 4888 1078 4958 perfecta.
1133 4889 1499 4961 Cognovimus
1544 4891 1690 4944 enim
1744 4904 1841 4958 per
1891 4887 2065 4956 ipsum

483 4993 538 5038 et
573 4983 624 5036 iu
657 4984 775 5052 ipso
803 4981 1116 5047 Patrem,et
1137 4983 1522 5051 iustiﬁcatione
1547 4982 1599 5036 in
1631 4981 1733 5036 [ide
1755 4979 2064 5051 locupletati

484 5091 690 5130 SUIIIIIS.

2177 4537 2280 4592 ριε,
2308 4508 2377 4573 το
2402 4519 2553 4582 ἔλεός
2592 4535 2706 4584 του,
2743 4519 2838 4572 καὶ
2864 4518 2926 4571 τὸ
2953 4519 3218 4590 σωτήριόν
3249 4536 3342 4572 σου
3374 4519 3519 4590 δῴης
3557 4521 3707 4589 ἡμῖν.
3737 4537 3756 4569 ι

2176 4612 2366 4676 Ἔλεος
2396 4611 2506 4682 γὰρ
2537 4608 2754 4681 ἀληθῶς
2781 4609 2843 4662 τὸ
2876 4611 3027 4680 παρά
3061 4611 3276 4682 Πατρδς
3322 4613 3350 4664 6
3379 4612 3634 4682 Χριστὸς,
3686 4612 3765 4672 ὡς

2172 4703 2424 4775 ἀφαιρῶν
2480 4701 2790 4773 ἁμαρτίας,
2839 4701 2916 4764 ὡς
2978 4702 3150 4766 ἀνιεὶς
3213 4703 3609 4774 ἐγκλημάτων,
3669 4704 3766 4754 καὶ

2172 4793 2402 4850 δικαιῶν
2431 4796 2499 4864 τῇ
2529 4794 2735 4858 πίστει,
2767 4791 2861 4845 καὶ
2896 4791 3196 4856 ἀνασώζων
3235 4794 3362 4858 τοὺς
3389 4793 3760 4854 ἀπολωλότας,

2172 4889 2269 4941 καὶ
2307 4887 2538 4941 θανάτου
2565 4883 2880 4956 κρείττονας
2911 4885 3248 4952 ἀποφαίνων,
3291 4885 3385 4938 καὶ
3425 4885 3479 4936 τί
3503 4885 3610 4954 γὰρ
3641 4885 3766 4951 οὐχὶ

2172 4979 2282 5032 τῶν
2310 4977 2608 5045 παγκάλων
2632 4975 2977 5050 δωρούμενος
3001 4996 3015 5043 ;
3043 4977 3254 5032 Οὐκοῦν
3278 4980 3518 5050 ἀμείνων
3546 4979 3762 5040 θυσίας,

2174 5074 2270 5126 καὶ
2314 5071 2782 5141 ὁλοκαυτωμάτων
2814 5072 2847 5142 ἡ
2887 5070 3022 5124 Θεοῦ
3053 5071 3278 5140 γνῶσις,
3320 5073 3398 5136 ὠς
3441 5073 3499 5126 ὲν
3539 5070 3767 5140 Χριστῷ

483 5168 805 5240 τελουμένη.
867 5165 1216 5237 Ἐγνώκαμεν
1256 5165 1366 5237 γὰρ
1409 5165 1474 5218 δι’
1517 5163 1686 5218 αὑτοῦ
1735 5181 1792 5218 τε
1844 5164 1940 5218 καὶ
1997 5164 2056 5218 ἐν
2131 5164 2281 5236 αὐτῷ
2328 5161 2419 5216 τὸν
2478 5161 2732 5232 Πατέρα,
2791 5161 2885 5214 καὶ
2969 5160 3070 5233 τῆν
3130 5163 3189 5215 ὲν
3240 5162 3423 5215 πίστει
3478 5162 3768 5217 δικαίωσιν

484 5274 551 5309 πε
561 5257 964 5330 πλουτήκαμεν.

557 5371 724 5427 Vens.
769 5373 821 5426 7.
857 5372 968 5442 Ipsi
1007 5383 1182 5428 autem
1213 5381 1335 5427 sunt
1385 5385 1439 5426 ut
1494 5374 1648 5426 homo
1708 5374 2067 5428 orwvaricars

485 5477 876 5521 testamentum.

557 5697 604 5731 τε
639 5693 778 5748 l‘sal.
802 5709 860 5755 ιι,
894 5693 949 5747 6.
1026 5692 1246 5748 "Joan.
1279 5707 1390 5756 xw,
1425 5691 1513 5746 i0.
1587 5691 1631 5721 ⁷⁸
1665 5689 1822 5746 Joan.
1858 5650 2064 5752 τηνεί).

486 5766 651 5836 9,10.
729 5764 772 5794 ⁸²
801 5764 959 5820 Jcau.
990 5780 1042 5832 κ,
1072 5765 1160 5818 50.
1244 5765 1289 5796 ⁸³
1327 5769 1428 5820 Isa.
1463 5779 1570 5830 Lt‘t,
1605 5763 1654 5814 1.

2157 5693 2201 5727 ⁷9
2235 5693 2427 5746 Matth.
2467 5707 2564 5755 vtl,
2602 5690 2684 5745 12.
2763 5691 2808 5722 ⁷⁵⁰
2841 5689 3001 5745 Juan.
3031 5707 3150 5756 xm,
3179 5691 3270 5746 55.

1733 5762 1851 5794 ⁸³·δδ
1884 5761 2030 5817 Paul.
2065 5777 2249 5830 Lxxw,
2275 5763 2326 5815 8.

2247 5367 2427 5422 Αὐτοὶ
2464 5366 2531 5420 δέ
2563 5369 2720 5420 εἰσιν
2760 5367 2841 5430 ὡς
2873 5366 3184 5434 ἄνθρωπος
3214 5368 3596 5436 παραϐαίνων
3635 5369 3769 5423 δια-

2179 5462 2392 5531 θήκην.

3375 5691 3416 5720 ⁸⁸
3453 5703 3610 5745 Joau.
3649 5706 3768 5756 xw,
