4110 6368
397 407 502 464 169

462 528 596 594 Ξςι.
641 524 985 595 Πανταχόθεν
1031 526 1183 596 ἡμᾶς
1218 525 1700 598 πολυπραγμονεῖν
1736 521 1794 580 εὖ
1829 526 1976 596 μάλα
2010 535 2052 585 Α

393 623 454 674 τὸ
481 619 678 688 ἀληθὲς
707 619 1125 686 σπουδάζοντας,
1180 620 1275 673 καὶ
1306 619 1401 672 νῦν
1437 622 1612 674 εἰπεῖν
1648 622 1971 688 ἀναγκαῖον,

395 715 470 776 ὡς
495 711 666 784 ήκαθ*
682 710 966 782 Ἑϐραίους
978 711 1188 774 ἕκδοσις
1205 712 1324 765 ἀντὶ
1345 712 1459 774 τοῦ,
1493 732 1511 764 ι
1538 711 1614 776 ὡς
1631 712 1935 784 ἄνθρωπος,
1951 733 1968 764 ι

391 808 471 869 ὡς
505 805 678 876 Ἀδὰμ
715 805 903 876 εἴρηκε
954 804 1309 875 παραϐαίνων
1351 805 1641 878 διαθήκην,
1689 807 1776 860 ἵνα
1805 809 1974 859 νοοῖτο

393 899 574 952 τοιάδε
619 915 702 961 τις
748 897 855 951 τῶν
893 898 953 964 ἐξ
993 898 1208 970 Ἰσραὴλ
1241 902 1274 970 ἡ
1305 899 1638 971 παράϐασις,
1684 901 1843 953 ὁποία
1881 900 1966 968 γέ-

394 1006 552 1057 γονεν
576 990 634 1042 ἐν
660 989 852 1060 Ἀδάμ.
881 990 1060 1044 Μετδν
1088 991 1196 1062 γὰρ
1217 992 1410 1062 ἐκείνῳ
1441 994 1533 1044 καὶ
1560 992 1659 1063 τὴν
1685 992 1820 1063 πρὸς
1840 991 1972 1044 Θεὸν

390 1083 667 1136 οἰκείωσιν
695 1083 860 1153 ἔχειν,
898 1083 993 1136 καὶ
1017 1085 1072 1136 ἐν
1098 1084 1376 1156 ἀφθαρσίᾳ
1403 1085 1690 1149 διατελεῖν,
1727 1085 1820 1138 καὶ
1852 1087 1970 1148 ταῖς

396 1173 488 1227 τοῦ
522 1175 853 1246 παραδείσου
883 1179 1120 1246 τρυφαῖς
1150 1176 1566 1248 ἐναϐρύνεσθαι,
1619 1177 1969 1248 κατημέλησε

395 1267 494 1334 τῆς
541 1266 687 1330 θείας
727 1267 970 1338 ἐντολῆς,
1021 1265 1139 1321 εἶτα
1185 1268 1457 1322 διόλλυται
1506 1269 1599 1322 ἐπὶ
1638 1267 1708 1320 τὰ
1751 1268 1969 1338 αἰσχίω,

395 1364 504 1418 τῶν
530 1361 772 1432 ἀρχαίων
798 1362 1075 1432 ἀδοκήτως
1093 1362 1478 1432 ἐστερημένος,
1507 1361 1664 1414 Οὕτω
1697 1362 1791 1414 καὶ
1816 1362 1971 1415 αὐτοὶ

393 1455 558 1526 (φημὶ
593 1455 647 1507 at
677 1453 742 1524 δὴ
774 1454 957 1520 πάλιν,
990 1454 1038 1505 οἱ
1067 1453 1126 1519 ἐξ
1163 1452 1395 1525 Ἰσραὴλ)
1429 1454 1630 1525 εὐμενῆ
1679 1455 1772 1507 καὶ⁸
1818 1453 1970 1522 φίλον

388 1549 480 1600 τὸν
512 1547 619 1599 τῶν
665 1547 802 1599 ὅλων
848 1545 1063 1614 ἔχοντες
1097 1545 1249 1610 Θεὸν,
1282 1544 1543 1608 σώζοντα,
1571 1545 1663 1597 καὶ
1701 1562 1972 1615 προεστη-

391 1639 545 1698 κότα,
583 1639 676 1690 καὶ
711 1637 1034 1707 προτιθέντα
1076 1637 1137 1689 τὸ
1180 1636 1327 1700 ἕλεος
1381 1637 1587 1701 αὐτοῖς,
1634 1637 1708 1700 ῶς
1743 1636 1972 1707 νεφέλην

389 1731 658 1802 πρωῖνὴν,
694 1731 789 1782 καὶ
819 1730 894 1792 ὡς
921 1730 1112 1800 δρόσον
1147 1727 1406 1800 ὀρθρινὴν
1453 1729 1848 1798 πορευομένην,
1886 1729 1972 1793 ἐξ·

391 1825 595 1891 ἀγοντα
623 1823 797 1876 δὲκαὶ
830 1822 905 1885 ὡς
934 1822 1049 1891 φῶς
1086 1821 1148 1874 τὸ
1174 1821 1347 1892 κρίμα
1380 1820 1569 1884 αὐτοῦ,
1607 1819 1701 1874 καὶ
1734 1823 1800 1891 τῇ
1830 1820 1973 1874 κατὰ

389 1918 556 1987 νόμον
598 1915 970 1984 στεφανοῦντα
1002 1914 1247 1985 λατρεία,
1282 1913 1515 1986 ρᾁυμθι
1543 1914 1799 1982 γεγόνασι
1843 1915 1969 1984 περὶ

391 2008 454 2063 ’.ὀ
479 2010 661 2077 σφισιν
689 2009 874 2070 αὐτοῖς
901 2009 1220 2075 ἀναγκαῖον,
1255 2007 1350 2060 καὶ
1382 2006 1652 2076 χρήσιμον
1675 2006 1753 2068 εἰς
1775 2005 1972 2075 εὑημε-

393 2099 516 2171 ίίαν
564 2098 661 2151 καὶ
699 2097 877 2164 δόξαν,
931 2099 1024 2151 καὶ
1059 2097 1577 2166 καταπεφρονήκασι
1609 2096 1704 2149 τοῦ
1752 2097 1970 2150 πάντων

392 2189 722 2262 ιρατοῦντος
757 2189 916 2242 Θεοῦο
965 2189 1144 2242 καίτοι
1182 2189 1435 2256 λέγοντος
1466 2187 1710 2259 ἐναργῶς
1749 2187 1837 2240 διὰ
1874 2187 1966 2240 τοῦ

391 2281 670 2351 τανσόφου
711 2282 978 2346 Μωσέως,
1011 2298 1032 2330 ‹
1067 2281 1139 2333 Οὐ
1182 2282 1427 2351 ποιήσεις
1473 2279 1685 2350 σεαυτῷ
1728 2279 1965 2342 εἴδωλον,

388 2375 509 2429 (ὑδὲ
547 2374 751 2438 παντὸς
786 2374 1060 2445 ὁμοίωμα,
1093 2374 1194 2426 ὅσα
1225 2375 1282 2426 ἐν
1320 2372 1399 2444 τῷ
1444 2372 1659 2444 οὐρανῷ
1694 2371 1826 2432 ἄνω,
1874 2371 1968 2424 καὶ

390 2469 493 2523 ξ’σα
519 2470 576 2535 ἐν
604 2471 670 2540 τῇ
698 2470 767 2538 γῇ
805 2469 980 2530 κάτω,
1013 2467 1108 2520 καὶ
1137 2467 1236 2518 ὅσα
1267 2467 1324 2518 ἐν
1356 2468 1467 2527 τοῖς
1495 2464 1680 2518 ὕδασιν
1709 2465 1967 2517 ὑποκάτω

387 2561 488 2631 τῆς
512 2562 632 2631 γῆς.
661 2580 679 2612 ›
726 2561 838 2612 Καὶ
864 2558 1054 2612 πάλινο
1093 2581 1110 2608 ι
1145 2559 1257 2611 Οὐκ
1285 2557 1498 2610 ἔσονταί
1528 2574 1609 2610 σοι
1645 2556 1757 2609 θεοὶ
1788 2556 1965 2626 ἕτεροι

386 2652 529 2724 πλὴν
573 2651 726 2723 ἐμοῦ.
763 2671 780 2703 ι
830 2650 1046 2722 Ἐπειδὴ
1088 2650 1144 2704 δὲ
1193 2652 1250 2702 ἐν
1286 2650 1386 2721 ἴσῳ
1431 2649 1509 2720 τῷ
1548 2647 1770 2721 πρώτῳ,
1809 2666 1966 2701 τουτ-

384 2748 527 2806 έστι,
574 2744 651 2814 τῷ
705 2743 899 2815 Ἀδάμ,
955 2741 1298 2814 παρώλισθον
1346 2743 1426 2805 εἰς
1468 2741 1828 2804 ἀποστασίαν,
1868 2743 1964 2794 καὶ

384 2839 541 2892 αὐτοὶ
575 2837 639 2908 δὴ
674 2837 889 2900 πάντως
923 2836 1028 2900 ἔξω
1076 2833 1370 2888 πεσοῦνται
1416 2835 1510 2888 τοῦ
1541 2834 1962 2907 κατευφραίνειν

383 2930 617 2993 εἰδότος·
653 2929 1076 3000 παραϐεϐήκασι
1111 2927 1221 3000 γὰρ
1251 2926 1536 2998 διαθήκην.

457 3023 519 3076 Εἰ
540 3023 596 3075 δὲ
625 3021 689 3092 δὴ
723 3023 894 3074 νοοῖτο
926 3019 1352 3090 μυστικώτερον,
1382 3019 1456 3082 ὼς
1491 3019 1584 3071 ἐπὶ
1614 3017 1874 3088 Χριστοῦ,
1903 3017 1962 3070 τὸ

381 3113 786 3190 χρησμῴδημα,
829 3113 993 3166 πάλιν
1037 3114 1214 3166 ἐκεῖνο
1265 3111 1521 3182 ἐροῦμεν,
1574 3111 1793 3180 ἐμφανῆ
1853 3110 1961 3162 τῶν

1322 404 1872 462 COMMENTARIUS
1908 405 1976 460 ΙΝ
2010 405 2245 461 OSEAM
2286 406 2730 463 PllOl’llETAM.

3556 415 3658 469 1Ἱῦ

2152 527 2334 583 LXVI.
2381 528 2754 600 Undecunque
2801 543 2900 584 nos
2943 531 3148 602 optimo
3192 529 3422 585 consilio
3468 545 3656 586 verum

2079 622 2388 693 diligentius
2429 623 2686 694 indagare
2739 631 3024 691 conantes,
3056 639 3201 678 nunc
3245 639 3458 694 quoque
3501 627 3658 682 lateri

2075 725 2310 783 oportet,
2347 716 2638 770 editionem
2665 714 3016 771 Hebraaorum
3058 731 3158 786 pro
3211 735 3229 768 ι
3290 726 3346 771 ιιι
3395 718 3580 786 homo,
3635 738 3654 771 ι

2077 809 2298 874 habere,
2329 829 2348 860 ι
2390 820 2447 865 ιιι
2475 809 2645 863 Adam
2693 809 3095 879 transgrediens
3129 821 3392 880 paetum:
3436 829 3454 861 ι
3492 820 3550 864 ιιι
3577 821 3658 862 ta-

2076 902 2140 956 lis
2200 903 2567 956 lsraelitarnm
2629 903 2991 971 transgressio
3049 903 3416 971 intelligatur,
3483 903 3652 970 qualis

2072 997 2264 1050 Adami
2312 996 2431 1051 fuit.
2474 995 2606 1051 Nam
2645 1013 2767 1052 cum
2797 997 2870 1051 illi
2906 997 3094 1052 liceret
3126 1012 3246 1050 cum
3283 996 3391 1051 Deo
3435 996 3646 1064 conjun-

2073 1099 2219 1144 ctum
2271 1091 2737 1162 immortalemque
2805 1093 2988 1147 vivere
3039 1101 3094 1148 et
3145 1090 3384 1158 paradisi
3449 1089 3654 1144 deliciis

2074 1180 2355 1240 illustrari.
2390 1183 2626 1235 divinum
2677 1183 2986 1235 mandatum
3039 1182 3271 1251 neglexit
3300 1199 3316 1237 :
3348 1181 3540 1234 deinde
3590 1194 3657 1234 an

2075 1271 2371 1341 indigniora
2427 1274 2726 1340 pessumiit,
2760 1274 3033 1343 primams
3067 1271 3363 1326 honoribus
3387 1282 3441 1325 et
3480 1269 3629 1324 excel

2075 1359 2252 1416 lentiis
2303 1373 2496 1431 prmtcr
2542 1364 3002 1432 exspectationem
3053 1363 3331 1430 spoliatus.
3391 1361 3647 1416 Similite-

2073 1465 2125 1506 el
2157 1455 2256 1524 ipsi
2289 1456 2564 1522 Israelitte,
2599 1457 2842 1525 inquam,
2873 1456 3162 1526 benignum
3195 1464 3250 1508 et
3278 1454 3509 1508 amicum
3537 1468 3627 1506 unt

2074 1563 2352 1602 versorum
2383 1549 2545 1602 Deum
2585 1550 2864 1613 habentes,
2914 1559 3246 1604 servatorem
3289 1556 3343 1603 et
3399 1556 3652 1609 tutorem,

2074 1650 2129 1693 et
2180 1641 2270 1707 qui
2315 1649 2669 1709 proposuerat
2712 1640 2792 1694 eis
2848 1639 3302 1701 misericordiam,
3349 1645 3406 1691 et
3455 1637 3654 1690 nubem

2077 1730 2416 1796 ntatntinant,
2448 1740 2500 1783 et
2535 1743 2589 1784 ut
2615 1746 2792 1786 rorem
2819 1731 3139 1784 matutinum
3161 1735 3652 1798 pertranseuntetn,

2073 1831 2128 1873 et
2160 1822 2476 1877 educentem
2505 1823 2769 1893 judicium
2803 1840 2958 1878 suum
2995 1824 3148 1893 quasi
3179 1823 3375 1883 lucem,
3413 1831 3466 1873 et
3498 1820 3652 1874 latria

2075 1913 2375 1967 secundum
2403 1902 2576 1984 legem
2605 1931 2699 1970 eos
2724 1918 3188 1980 cohonestantem,
3225 1915 3278 1969 in
3309 1915 3524 1984 negotio
3552 1912 3654 1968 sibi

2072 2007 2403 2073 necessario,
2435 2017 2487 2063 et
2521 2008 2588 2063 ad
2619 2007 2828 2063 felicem
2874 2017 3075 2063 statum
3125 2017 3179 2062 et
3229 2007 3456 2077 gloriam
3510 2004 3652 2069 utili,

2072 2099 2329 2154 socordes
2353 2111 2661 2168 evaserunt,
2690 2110 2745 2156 et
2787 2102 3208 2170 omnipotentem
3254 2100 3419 2154 Deum
3473 2098 3654 2154 ﬂocci-

2070 2192 2395 2259 penderunt,
2453 2209 2765 2264 quanquam
2811 2193 3218 2264 sapientissimo
3267 2191 3448 2262 Moyse
3489 2191 3652 2246 claris

2071 2283 2250 2338 verbis
2279 2285 2494 2339 dicente
2528 2303 2541 2338 :
2581 2303 2600 2336 ι
2633 2284 2747 2339 Non
2781 2283 2947 2341 facies
2987 2285 3080 2339 tibi
3115 2285 3337 2348 idolum,
3375 2295 3474 2338 nec
3501 2284 3651 2338 simi-

2070 2373 2348 2430 litudinem
2401 2376 2582 2441 ullius,
2620 2392 2953 2446 quaecunque
3007 2377 3056 2431 in
3111 2377 3250 2432 ccelo
3301 2393 3539 2442 sursum,
3597 2385 3649 2431 et

2069 2483 2406 2538 quaecunque
2433 2470 2484 2523 in
2513 2479 2652 2524 terra
2685 2472 2934 2524 deorsum
2957 2470 3024 2522 εδ.
3062 2489 3080 2521 ι
3112 2469 3391 2523 Etiterttm
3425 2487 3439 2524 :
3477 2487 3496 2520 ι
3529 2470 3644 2522 Non

2068 2561 2330 2615 erunttibi
2364 2562 2435 2615 dii
2466 2562 2553 2616 alii
2589 2571 2785 2631 [ιι-αξιοι·
2843 2577 2927 2616 me
2976 2563 3043 2616 ⁸⁷.
3079 2581 3098 2614 ι
3153 2560 3418 2628 Quoniam
3468 2569 3646 2614 autem

2067 2666 2220 2720 atque
2255 2662 2314 2705 ut
2341 2654 2569 2721 primus,
2597 2655 2698 2708 hoc
2735 2663 2839 2719 est,
2875 2653 3045 2708 Adam
3091 2652 3142 2706 in
3197 2652 3520 2720 apostasiam
3567 2650 3649 2704 in-

2068 2741 2335 2807 ciderunt,
2367 2744 2464 2811 ipsi
2497 2759 2711 2813 quoque
2745 2745 2966 2799 omnino
3012 2746 3079 2797 ab
3112 2759 3178 2798 eo
3225 2743 3314 2812 qui
3371 2741 3649 2795 lzetilicare

2069 2835 2218 2888 novit
2243 2835 2620 2891 destituentur.
2648 2837 2994 2907 Transgressi
3028 2848 3154 2892 sunt
3180 2838 3322 2892 enim
3355 2845 3647 2890 testamen-

2070 2938 2203 2981 tum.

2141 3023 2298 3092 100
2342 3021 2493 3090 Quod
2547 3024 2592 3078 si
2644 3024 2922 3078 oraculum
2983 3040 3414 3095 μυστικωτερον,
3465 3029 3524 3076 ut
3579 3021 3647 3075 de

2066 3113 2302 3180 Christo,
2332 3116 2678 3184 intelligatur,
2711 3132 2920 3171 rursum
2944 3116 3006 3170 ad
3032 3115 3356 3171 sententiam
3379 3114 3643 3168 dictorum

380 3209 691 3281 λεγομένων
720 3206 1078 3269 καθιστάντες
1110 3205 1201 3258 τὸν
1235 3204 1384 3257 νοῦψ
1425 3203 1710 3273 Ἔπεμψεν
1745 3204 1810 3256 ἐκ
1847 3202 1957 3255 τῶν

2064 3209 2407 3276 aperiendam
2443 3211 2570 3264 illud
2603 3213 2845 3266 dicemus
2869 3229 2887 3266 :
2919 3210 3065 3265 Misit
3106 3211 3174 3265 de
3204 3209 3343 3265 caelo
3398 3209 3538 3263 Deus
3593 3217 3647 3263 et

381 3302 629 3373 ιύρανῶν
691 3302 722 3353 ὁ
767 3299 902 3363 Θεὸς
953 3299 1047 3352 καὶ
1097 3297 1287 3368 Πατὴρ
1344 3297 1436 3349 τὸν
1483 3294 1609 3347 Υἱὸν
1661 3292 1962 3362 φωτιοῦντα

379 3396 508 3458 ⁸τοὺς·
531 3393 590 3460 ἐξ
616 3389 852 3463 Ἰσραὴλ,
885 3389 1235 3460 mitigatis.pr
1266 3387 1676 3457 καταστήσοντα
1698 3384 1758 3436 τὸ
1785 3384 1876 3456 κρῖ
1884 3402 1959 3452 μα

381 3480 696 3551 ε.ὐτοῦ,’καὶ
721 3485 806 3536 ἵνα
842 3481 1143 3550 καταλῆξαι
1177 3480 1276 3548 μὲν
1311 3477 1584 3549 ἀναπείσῃ
1633 3475 1831 3529 θυσιῶν
1863 3477 1960 3547 ἁρ-

380 3577 572 3647 λαίων,
616 3575 710 3628 καὶ
735 3573 1202 3642 ὁλοκαυτωμάτων
1229 3570 1337 3623 τῶν
1369 3570 1509 3622 κατὰ
1538 3571 1728 3640 νόμονο
1760 3567 1958 3638 ἐλεήσῃ

379 3670 437 3724 Et
468 3669 688 3740 μᾶλλον,
718 3665 945 3720 δικαιῶν
976 3667 1038 3736 τῇ
1069 3665 1272 3727 πίστει,
1313 3663 1405 3716 καὶ
1432 3661 1640 3734 καλέσῃ
1671 3661 1807 3732 πρὸς
1835 3660 1957 3712 ἐπί-

378 3779 581 3832 γνωσιν
636 3760 728 3814 τοῦ
773 3759 917 3812 κατὰ
969 3757 1230 3826 ἀλήθειαν
1275 3755 1424 3816 ὄντος
1463 3752 1622 3807 Θεοῦ.
1661 3754 1741 3804 Δι’
1791 3750 1956 3804 αὑτοῦ

377 3856 490 3927 γὰρ
545 3855 638 3908 καὶ
666 3854 723 3906 ἐν
749 3851 898 3922 αὐτῷ
930 3848 1234 3919 τεθεάμεθα
1265 3847 1354 3900 τὸν
1407 3845 1645 3915 Πατέρα,
1683 3845 1776 3897 καὶ
1803 3845 1959 3914 ἐσχή·

376 3965 558 4018 καμεν
589 3947 685 4018 τὴν
716 3943 1104 4017 προσαγωγὴν,
1128 3941 1203 4006 ὥς
1237 3957 1340 3993 που
1380 3940 1474 3993 καὶ
1517 3939 1758 4010 Γράμμα
1791 3937 1956 4008 φησιν

377 4041 542 4112 Ιερόν.
577 4037 738 4092 Ἀλλὰ
773 4037 1060 4107 γεγόνασιν
1091 4037 1140 4088 οἱ
1170 4034 1229 4100 ἐξ
1257 4031 1468 4104 Ἰσραὴλ
1506 4048 1525 4081 ι
1566 4030 1640 4093 ὡς
1673 4029 1957 4102 ἄνθρωπος

373 4133 732 4205 παραϐαίνων
763 4132 1050 4204 διαθήκην.
1088 4151 1106 4182 ι
1152 4131 1264 4184 Καὶ
1289 4129 1341 4182 τί
1367 4130 1431 4200 δὴ
1460 4127 1618 4183 τοῦτό
1647 4129 1815 4192 ἐστιν,
1844 4125 1956 4197 ἐρῶ

373 4228 721 4292 πάλιν,ὃπως
748 4227 814 4280 ἂν
837 4226 1099 4295 δύνωμαι.
1122 4223 1244 4276 Ὅτι
1272 4222 1362 4290 ὑφ’
1390 4221 1578 4292 ἐτέρου
1603 4218 1955 4292 γραφομένην

374 4319 731 4391 παραϐαίνων
776 4319 1066 4389 διαθήκην,
1095 4317 1127 4387 ἢ
1161 4317 1219 4369 οὐ
1252 4315 1532 4386 πρόσεισιν
1562 4313 1723 4376 αὐτὸς
1748 4313 1824 4383 τῷ
1861 4314 1954 4365 ὲκ-

369 4412 660 4481 νεμηθέντι
690 4411 878 4483 κλήρῳ
895 4410 1046 4480 παρὰ
1071 4409 1163 4463 τοῦ
1188 4408 1533 4480 γεγραφότος
1569 4408 1759 4478 αὑτήν*
1785 4408 1951 4478 ἤγουν

367 4504 592 4577 ἑτέρους
621 4503 730 4556 τῶν
757 4500 1223 4574 ἐγγεγραμμένων
1246 4500 1353 4552 τῶν
1376 4501 1558 4562 αὐτοῖς
1581 4497 1951 4568 ὀφειλομένων

2024 3310 2032 3317 ·
2063 3299 2224 3354 Pater
2255 3300 2475 3367 Filium,
2510 3302 2936 3356 illuminaturum
2971 3303 3108 3358 ﬁlios
3147 3302 3311 3358 Israel
3339 3313 3393 3356 et
3419 3301 3644 3356 manife-

2062 3399 2332 3444 staturum
2385 3391 2648 3461 judicium
2700 3393 2838 3462 ejus,
2883 3402 2937 3446 et
2987 3403 3046 3446 ttt
3091 3393 3312 3463 antiqua
3374 3391 3639 3446 sacrificia

2062 3494 2225 3550 atque
2275 3483 2583 3539 holocausta
2650 3484 2836 3555 legalia
2892 3485 3142 3553 abrogari
3183 3493 3416 3551 curaret,
3472 3489 3642 3556 magis

2063 3588 2242 3628 autem
2276 3575 2701 3630 misericordiam
2750 3586 3018 3645 erogaret,
3069 3577 3173 3631 lide
3213 3577 3539 3644 jttstilicans,
3588 3592 3644 3633 et

2061 3669 2128 3720 ad
2158 3668 2486 3736 agnitionem
2521 3668 2631 3722 veri
2659 3667 2750 3723 Dei
2778 3679 3012 3724 vocaret.
3047 3667 3153 3722 Per
3182 3671 3358 3738 ipsum
3399 3672 3562 3734 enim,
3588 3679 3643 3725 et

2061 3761 2118 3828 in~
2135 3764 2250 3829 ipso
2269 3761 2498 3814 vidimus
2519 3759 2753 3826 Patrem,
2776 3771 2832 3814 et
2853 3775 3130 3816 accessum
3155 3762 3335 3833 adepti
3363 3778 3550 3818 sumus
3570 3764 3636 3822 ⁸⁸,

2059 3862 2119 3906 ιιι
2143 3852 2337 3906 alicubi
2373 3863 2456 3907 est
2501 3854 2554 3908 in
2586 3854 2754 3908 sacris
2789 3854 3030 3915 Litteris.
3066 3853 3332 3910 Caeterum
3383 3853 3639 3911 lsraclitze

2060 3944 2186 4000 facti
2223 3955 2348 3999 sunt
2376 3965 2395 3996 ι
2428 3957 2485 4000 ιιι
2527 3946 2687 4000 homo
2725 3947 3086 4018 praevaricans
3136 3957 3543 4002 testamentum.
3613 3968 3632 3999 ο

2061 4039 2174 4094 lloc
2209 4039 2338 4108 quid
2375 4040 2465 4105 sit,
2504 4039 2678 4093 dicam
2725 4049 2785 4093 ut
2831 4048 3038 4108 potero.
3087 4039 3170 4095 Ab
3224 4040 3330 4096 alio
3375 4043 3636 4110 scriptum

2063 4142 2444 4187 testamentum
2472 4132 2908 4202 transgrediens;
2939 4144 3031 4187 aut
3057 4133 3124 4187 ad
3150 4133 3492 4189 distributam
3519 4151 3638 4188 sor-

2062 4235 2167 4279 Ietn
2200 4240 2228 4278 a
2258 4225 2534 4280 conditore
2571 4226 2877 4280 testamenti
2921 4241 3026 4280 non
3063 4227 3305 4292 accedit,
3358 4236 3450 4281 aut
3505 4228 3640 4282 alios

2057 4327 2206 4370 certe
2241 4323 2561 4370 testamento
2594 4316 2905 4385 inscriptos,
2957 4317 3154 4371 debitis
3195 4317 3432 4386 ipsorum
3483 4315 3639 4370 bonis

2058 4405 2290 4459 fraudat.
2330 4405 2458 4460 Tale
2504 4407 2756 4476 quiddam
2792 4407 3182 4462 commiserunt
3222 4406 3416 4472 Judaai,
3480 4409 3638 4476 idque

2058 4498 2110 4551 itt
2138 4498 2373 4553 Christo.
2408 4499 2506 4566 Qui
2535 4499 2783 4552 tandem?
2820 4499 2957 4553 Deus
2994 4499 3136 4552 enim
3187 4509 3240 4553 et
3286 4499 3448 4555 Pater
3498 4502 3639 4554 velut.

368 4598 686 4666 ἀποστερεῖ.
725 4594 980 4648 Τοιοῦτόν
1020 4611 1073 4646 τι
1123 4592 1471 4663 πεπράκασιν
1528 4593 1832 4667 Ἰουδαῖοιη
1859 4593 1952 4644 καὶ

2064 4591 2390 4660 Splendidam
2439 4592 2728 4660 quamdam
2772 4600 2828 4647 el.
2884 4592 3213 4660 peculiarem
3265 4592 3635 4647 hazreditalem

366 4688 530 4741 τοῦτο
557 4686 650 4739 ἐπὶ⁹
685 4684 927 4756 Χριστῷ.
962 4685 1108 4750 Πῶς,
1154 4684 1187 4754 ἢ
1216 4686 1337 4738 τίνα
1370 4685 1600 4756 τρόπον;
1643 4686 1670 4736 ὁ
1706 4684 1807 4755 μὲν
1845 4684 1952 4753 γὰρ

363 4781 502 4844 Θεὸς
550 4780 646 4834 καὶ
679 4779 872 4850 Πατήρ
905 4777 1107 4850 κλῆρον
1151 4776 1341 4848 ῶσπερ
1392 4776 1515 4830 τινὰ
1569 4776 1825 4848 λαμπρὸν
1859 4777 1954 4829 καὶ

364 4873 647 4943 ἐξαίρετον
676 4873 776 4943 τὴν
821 4873 960 4924 κατὰ
994 4871 1086 4925 τοῦ
1115 4870 1300 4935 ἔθνους
1343 4869 1638 4941 ἡγεμονίαν
1667 4870 1950 4942 ἐχαρίζετο

362 4961 444 5032 τῷ
479 4961 611 5032 Υἱῷ.
639 4962 983 5032 Διακέκραγε
1012 4961 1121 5033 γὰρ
1141 5002 1155 5026 ,
1189 4962 1265 5025 ὡς
1295 4961 1452 5031 ἔφην,
1492 4978 1510 5011 ι
1557 4959 1698 5029 Ἐγὼ
1731 4961 1788 5013 δὲ
1819 4978 1950 5013 κατ-

363 5056 602 5126 εστάθην
632 5055 889 5125 βασιλεὺς
918 5057 1008 5109 ὑπ’
1035 5055 1221 5120 αὑτοῦ,
1268 5057 1359 5108 ἐπὶ
1387 5054 1521 5108 Σιὼν
1547 5055 1673 5126 δρός
1700 5055 1760 5106 τὸ
1790 5055 1946 5122 ἅγιον

361 5148 567 5203 αὐτοῦ’
603 5168 622 5201 ι
657 5148 752 5201 καὶ
777 5147 975 5202 δέδωκε
1015 5149 1090 5220 τῷ
1128 5148 1239 5217 mp
1271 5149 1362 5200 τὸν
1402 5147 1590 5219 νοητὸν
1623 5145 1943 5217 ἀμπελῶνα,

356 5240 630 5305 τουτέστι,
682 5241 772 5294 τὸν
831 5241 1117 5312 Ἰσραήλ.ι
1164 5241 1220 5293 ’0
1251 5240 1360 5312 γὰρ
1415 5238 1678 5310 ἀμπελὼν
1737 5237 1945 5307 Κυρίου

357 5331 625 5386 Σαϐϐαὼο
648 5371 663 5397 ,
707 5353 727 5386 ι
765 5334 907 5386 κατὰ
938 5335 1000 5386 τὸ
1033 5314 1440 5404 γεγραμμένον,
1474 5351 1491 5382 ι
1526 5331 1810 5400 ἄνθρωπος
1849 5330 1942 5381 τοῦ

372 5426 570 5492 Ἰούδα,
628 5427 907 5497 νεόφυτον,
939 5428 1321 5497 ἠγαπημένον.
1365 5445 1384 5478 ι
1435 5425 1598 5490 Ἀλλ’,
1648 5423 1720 5487 ῶς
1779 5439 1945 5493 φησιν

355 5520 388 5572 ὁ
425 5519 694 5590 μακάριος
744 5519 1137 5590 εὐαγγελιστὴς
1177 5517 1458 5587 Ἰωάννης·
1517 5536 1534 5568 ι
1570 5517 1663 5578 Εἰς
1711 5516 1780 5569 τὰ
1837 5514 1942 5566 ἴδια

353 5606 511 5682 ἦλθε,
547 5615 638 5666 καὶ
667 5614 716 5665 οἱ
762 5613 883 5667 ἴδιοι
931 5612 1092 5665 αὑτὸν
1124 5612 1184 5665 οὐ
1216 5610 1543 5684 παρέλαϐον.
1578 5631 1596 5663 ι
1645 5609 1941 5680 Ἐκϐεϐλή-

955 5799 998 5830 ⁸⁷
1032 5799 1160 5852 illiti.
1183 5799 1236 5854 5.

426 5796 473 5827 ⁸⁸
495 5796 662 5853 Exod.
700 5815 791 5860 xx,
825 5799 876 5853 4.
955 5799 998 5830 ⁸⁷
1032 5799 1236 5854 ἱ1ιὶ(1.5.
1314 5799 1358 5830 ³³
1398 5797 1595 5868 Ephcs.
1640 5813 1698 5863 tt,
1733 5797 1816 5852 l8.

365 5882 482 5931 xxx,
520 5868 604 5920 58.

599 5962 870 6022 Ριιτιιοι.
922 5962 1036 6021 Gn.
1086 5961 1281 6018 LXXI.

1892 5796 1937 5828 9°
1973 5794 2119 5850 Psal.
2153 5808 2217 5862 tt,
2249 5791 2298 5846 6.

2055 4683 2416 4752 principatum
2445 4683 2620 4752 gentis
2653 4683 2703 4737 ei
2739 4684 2980 4738 donavit.
3009 4682 3346 4738 Exclamavit
3376 4687 3540 4748 cnim,
3581 4696 3640 4740 ιιι

2053 4776 2163 4828 dixi
2194 4792 2210 4828 :
2249 4793 2268 4825 ι
2309 4774 2421 4845 Ego
2451 4783 2628 4830 autem
2663 4775 2992 4831 constitutus
3024 4792 3142 4832 sum
3177 4793 3268 4831 rex
3295 4779 3362 4831 ab
3389 4794 3452 4832 eo
3476 4794 3639 4847 super

2053 4870 2180 4924 Sion
2213 4879 2446 4925 montem
2479 4877 2728 4924 sanctum
2756 4870 2871 4938 ejus
2897 4869 2962 4935 "’,
3017 4888 3035 4920 ι
3087 4869 3342 4939 deditque
3378 4868 3517 4924 Filio
3561 4872 3641 4924 vi-

2054 4976 2234 5024 neam,
2269 4974 2389 5030 quae
2436 4969 2616 5014 mente
2667 4961 2985 5030 percipitur,
3043 4961 3146 5015 hoc
3198 4968 3318 5026 cst,’
3357 4959 3634 5013 lsraelcm.

2060 5073 2079 5105 ι
2122 5052 2284 5106 Vinea
2318 5052 2460 5107 enim
2491 5052 2700 5107 Domini
2739 5052 3004 5117 Sabaoth,
3054 5071 3072 5104 ι
3121 5061 3181 5106 ut
3211 5051 3471 5120 scriptum
3529 5062 3634 5112 est,

2060 5164 2079 5197 ι
2122 5147 2281 5200 homo
2313 5143 2473 5210 Juda,
2514 5145 2721 5200 novella
2761 5145 3046 5214 plantatio,
3085 5144 3281 5199 dilecta
3321 5143 3386 5197 νο.
3437 5161 3454 5193 ι
3503 5141 3633 5203 Sed,

2055 5245 2113 5290 ιιι
2143 5245 2226 5290 est
2269 5237 2407 5305 apud
2458 5236 2675 5301 beatum
2721 5236 3108 5302 evangelistam
3155 5233 3443 5299 Joannem,
3501 5252 3518 5283 ι
3579 5234 3633 5285 ln

2053 5330 2266 5400 propria
2306 5328 2470 5393 venit,
2498 5340 2551 5383 et
2585 5329 2665 5384 sui
2694 5343 2816 5382 cum
2845 5345 2948 5383 non
2979 5337 3298 5395 receperunt
3339 5325 3406 5378 θί.
3467 5344 3486 5376 ι
3533 5325 3636 5377 Ex—

2055 5429 2133 5473 tra
2168 5431 2377 5486 portam
2420 5418 2563 5471 enim
2602 5417 2880 5487 ejecerunt
2922 5432 3070 5480 cum,
3120 5424 3176 5470 et
3221 5423 3394 5468 morte
3438 5415 3633 5467 multa-

2052 5523 2200 5577 runt,
2225 5513 2463 5566 dicentes
2490 5530 2502 5565 :
2546 5529 2565 5562 ι
2598 5509 2696 5565 llic
2723 5522 2805 5565 est
2839 5511 3045 5578 haeres;
3096 5511 3294 5572 venite,
3316 5510 3629 5562 occidamns

2049 5621 2194 5673 eum,
2225 5613 2279 5658 et
2309 5605 2628 5659 habebimus
2658 5604 3025 5659 btercditatem
3057 5603 3172 5672 ejus
3202 5603 3267 5655 θ’.
3294 5622 3312 5653 ι
3335 5602 3627 5656 Considera

3352 5787 3396 5818 θ’
3428 5783 3622 5838 Matth.

2376 5793 2421 5824 9°
2455 5789 2559 5846 lsa.
2603 5805 2654 5854 v,
2699 5790 2745 5844 l.
2823 5788 2865 5822 9‘
2894 5787 3052 5845 Joan.
3088 5805 3125 5853 ι,
3161 5788 3248 5842 ll.

3231 5952 3264 6012 6
