4110 6368
495 360 592 416 ΠΙ

1474 356 1547 414 5.
1583 349 1863 415 οῖῖιιιιιι
1901 353 2374 413 ALEXANDRINI
2413 356 2735 417 ARCHIEP.

3667 357 3774 414 ΠΖ

493 480 659 550 igitur
681 475 1135 549 quemadmodum
1153 475 1288 532 facti
1303 474 1443 540 sint,
1473 493 1493 526 ι
1525 484 1583 530 ut
1625 476 1787 531 homo
1820 485 2082 547 transgre-

2189 495 2311 531 κασι
2347 477 2456 549 γὰρ
2498 475 2604 541 ἔξω
2645 476 2745 547 τῆς
2791 477 2992 548 πύλης,
3040 474 3134 528 καὶ
3179 473 3397 544 Θανάτῳ
3444 471 3769 545 παρέδοσαν,

491 572 648 625 dicns
683 577 1089 624 testamentum.
1136 586 1154 619 ι
1205 566 1520 638 Cognovisti
1569 568 1870 624 haeredem?
1921 570 2082 640 igitur

492 660 865 716 hazreditatem
893 659 967 712 illi
1002 658 1318 739 attributam
1352 659 1535 714 redde.
1574 657 1925 731 Transgressi
1957 671 2082 716 sunt

491 766 620 822 ergo
687 760 1066 818 testamentum
1121 750 1321 816 Patris,
1362 762 1623 822 quantum
1687 752 1741 807 in
1803 753 1933 824 ipsis
1981 753 2082 810 fuit

491 844 761 900 haeredem
794 843 1232 900 exhaeredantes.
1265 845 1370 899 Sed
1401 859 1576 914 neque
1611 845 1711 914 ipsi
1741 846 1807 900 ad
1851 847 2078 916 gratiam

489 945 857 1000 accesserunt,
886 933 1106 1005 quando
1152 950 1468 992 concessam
1501 936 1602 991 sibi
1650 953 1678 990 a
1719 936 1831 992 Deo
1876 947 2078 992 sortem

490 1043 598 1083 non
629 1027 982 1082 admiserunt.
1036 1027 1127 1081 Ait
1180 1028 1324 1082 enim
1376 1043 1474 1098 per
1506 1029 1822 1098 prophetam
1873 1027 2015 1084 Deus
2063 1049 2077 1085 :

498 1139 518 1173 ι
550 1118 690 1175 Ecce
716 1119 832 1174 dies
865 1120 1109 1187 venient,
1146 1119 1279 1174 dicit
1311 1119 1594 1186 Dominus,
1624 1129 1677 1175 et
1691 1123 2080 1177 consummabo

492 1226 656 1282 super
694 1210 877 1274 Israel,
925 1221 978 1265 et
1018 1226 1182 1280 super
1232 1210 1453 1266 domum
1509 1209 1645 1267 Juda
1695 1221 2078 1267 testamentum

492 1318 715 1367 novum,
750 1318 854 1358 non
898 1304 1191 1358 secundum
1225 1312 1608 1360 testamentum
1649 1305 1792 1374 quod
1838 1306 2078 1375 disposui

490 1397 736 1466 patribus
783 1408 970 1450 eorum
1008 1394 1060 1449 in
1094 1397 1183 1451 die
1229 1398 1283 1450 in
1327 1411 1432 1467 qua
1487 1398 1813 1466 apprehendi
1861 1414 2077 1453 manum

491 1503 704 1552 eorum,
730 1497 790 1541 ut
819 1489 1101 1544 educerem
1131 1503 1225 1543 eos
1259 1489 1325 1543 de
1349 1499 1491 1543 terra
1517 1486 1734 1560 [Egypli
1765 1490 1831 1544 ’3.
1872 1509 1892 1540 ι
1927 1490 2078 1555 Quod

492 1579 537 1635 si
573 1595 696 1634 cum
729 1579 910 1649 priOre
938 1587 1265 1634 testamento
1302 1593 1498 1634 novum
1549 1580 1881 1645 conferatur,
1924 1582 2080 1651 longe

491 1670 728 1724 maxima
777 1669 1170 1740 promissorum
1205 1670 1469 1725 bonorum
1527 1670 1829 1726 dill'erentia
1872 1673 2079 1741 perspi-

491 1762 683 1817 cietur.
725 1761 836 1816 lllic
877 1761 1023 1816 enim
1067 1762 1531 1825 Amorrlimorum,
1569 1761 1976 1832 Gergeszeorum
2024 1771 2078 1817 et

2183 571 2452 639 λέγοντες,
2503 590 2521 622 ι
2557 566 2727 633 Οὗτός
2772 571 2919 626 ἐστιν
2969 571 2997 623 ὁ
3031 567 3390 641 κληρονόμος,
3437 567 3593 620 δεῦτε
3636 568 3772 621 ἀπο-

2182 663 2481 734 κτείνωμεν
2529 663 2712 726 αὑτὸν,
2754 663 2850 716 καὶ
2900 661 3118 732 σχῶμεν
3162 661 3262 732 τὴν
3307 661 3699 732 κληρονομίαν.
3747 681 3766 712 ι

2186 753 2378 825 Ἀθρει
2410 754 2474 824 δὴ
2499 750 2593 807 οὖν
2621 754 2768 816 ὅπως
2796 752 3082 822 γεγόνασιν
3109 771 3127 803 ι
3155 751 3230 814 ὡς
3277 751 3564 821 ἄνθρωπος
3594 769 3772 823 παρα-

2181 845 2383 900 ϐαίνων
2411 846 2698 916 διαθήκην.
2738 865 2756 896 ι
2793 845 3068 913 Ἐπέγνως
3095 843 3186 896 τὸν
3215 841 3589 912 κληρονόμον;
3625 843 3769 895 Οὐκ-

2184 936 2281 990 οῦν
2305 933 2504 1001 ἀπόδος
2527 938 2618 990 τὸν
2644 936 3012 1007 ὲκνεμηθέντα
3035 935 3236 1006 κλῆρον
3255 932 3425 1004 αὐτῷ.
3450 932 3772 1004 Παραϐεϐή-

2181 1043 2310 1080 κασι
2339 1026 2518 1082 τοίνυν
2572 1025 2667 1097 τὴν
2709 1024 2977 1096 διαθήκην
3011 1016 3107 1077 τοῦ
3152 1023 3386 1095 Πατρδς,
3428 1023 3494 1075 τὸ
3527 1023 3652 1075 ὅσον
3685 1024 3769 1091 ἐφ’

2181 1113 2416 1182 ἑαυτοῖς,
2474 1117 2904 1187 ἀποστεροῦντες
2939 1115 3030 1168 τὸν
3083 1111 3441 1186 κληρονόμον,
3484 1107 3601 1167 ἀλλ’
3649 1114 3768 1167 οὐδὲ

2181 1212 2336 1264 αὐτοὶ
2376 1210 2683 1281 προσῆλθον
2714 1212 2779 1280 τῇ
2809 1209 3016 1279 χάριτι,
3051 1208 3112 1260 οὑ
3145 1210 3526 1279 προσήκαντες
3553 1205 3645 1260 τὸν
3680 1207 3766 1259 δο-

2191 1302 2354 1357 θέντα
2390 1300 2577 1365 αύτοῖς
2613 1300 2766 1372 παρά
2795 1299 2889 1354 τοῦ
2921 1299 3056 1353 Θεοῦ
3089 1299 3313 1371 κλῆρον.
3350 1300 3494 1370 Ἔφη
3530 1292 3628 1370 μὲν
3661 1297 3772 1368 γάρ

2179 1389 2267 1447 διὰ
2317 1393 2412 1446 τοῦ
2468 1393 2748 1464 προφήτου
2792 1391 2958 1455 Θεός·
3013 1410 3031 1442 ι
3083 1392 3212 1444 Ἰδοὺ
3252 1389 3458 1463 ἡμέραι
3500 1391 3768 1462 ἔρχονται,

2179 1483 2564 1556 λέγειῐζύριος,
2590 1486 2685 1538 καὶ
2705 1483 3009 1537 συντελέσω
3031 1484 3122 1536 ἐπὶ
3145 1483 3236 1536 τὸν
3258 1480 3405 1536 οἷκον
3432 1483 3649 1554 Ἰσραὴλ
3679 1481 3772 1534 καὶ

2179 1579 2272 1630 ἐπὶ
2319 1578 2412 1630 τὸν
2453 1573 2600 1630 οἷκον
2639 1577 2806 1630 ’ἰούδα
2844 1578 3109 1648 διαθήκην
3143 1575 3366 1644 καινήν,
3395 1577 3456 1629 ού
3499 1575 3639 1629 κατά
3670 1573 3772 1646 τήν

2179 1668 2441 1740 διαθήκην
2470 1670 2535 1740 ἣν
2565 1668 2826 1740 διεθέμην
2855 1673 2965 1732 τοῖς
2996 1669 3270 1739 πατράσιν
3292 1665 3473 1722 αὐτῶν
3499 1669 3558 1721 ἐν
3588 1667 3770 1738 ἡμέρᾳ.

2180 1760 2577 1831 ἐπιλαϐομένου
2605 1777 2707 1829 μου
2739 1761 2839 1831 τῆς
2871 1760 3056 1831 χειρὸς
3104 1759 3306 1822 αὐτῶν,
3339 1759 3632 1827 ἐξαγαγεῖν
3669 1757 3770 1810 αὑ-

490 1852 797 1917 Evaeorum,
836 1853 990 1923 101
1025 1863 1079 1907 et
1105 1844 1473 1908 ilebusazorum
1505 1862 1648 1908 terra
1693 1855 1824 1923 ipsis
1848 1853 2081 1924 promis-

2189 1848 2312 1914 τοὺς
2337 1854 2401 1904 ὲκ
2434 1852 2536 1922 γῆς
2565 1844 2864 1920 Αίγύπτου.
2906 1871 2924 1902 ι
2975 1847 3038 1905 Εἰ
3065 1851 3123 1904 δὲ
3156 1852 3221 1922 δή
3260 1849 3610 1920 δοκιμάζοιτο
3636 1849 3770 1921 πρὸς

491 1961 550 1999 sa
583 1953 699 2001 est.
751 1943 960 2000 Novum
1013 1954 1194 1999 autem
1245 1952 1653 2010 testamentum,
1692 1945 1793 1998 hoc
1834 1954 1938 2008 est,
1983 1959 2079 2012 per

491 2038 766 2092 Christum
805 2045 994 2092 sancta
1028 2046 1084 2090 et
1114 2037 1384 2104 instituta,
1417 2053 1513 2108 per
1543 2038 1703 2092 ﬁdem
1738 2038 1803 2090 ad
1834 2037 2078 2106 adeptio-

492 2147 615 2185 nem
644 2131 909 2196 llliorum,
953 2129 1020 2184 ad
1058 2129 1546 2199 incorruptionem,
1580 2130 1646 2183 ad
1679 2130 1842 2182 vitam
1876 2129 2076 2198 sempi-

492 2232 727 2288 ternam,
777 2223 844 2276 ad
904 2222 1339 2276 communionem
1384 2221 1476 2276 Dei
1531 2236 1626 2291 per
1669 2220 1956 2290 Spiritum,
2009 2220 2075 2274 ad

491 2330 718 2385 regnum
747 2314 1009 2370 caelorum
1058 2314 1346 2370 vocabant.
1391 2313 1590 2368 Verum
1635 2311 1707 2367 illi
1748 2325 1948 2368 sortem
1985 2329 2082 2382 per

492 2404 691 2459 Filium
725 2419 752 2458 a
778 2402 888 2458 Deo
912 2411 967 2458 et
1000 2401 1164 2458 Patre
1203 2403 1334 2472 ipsis
1371 2403 1625 2457 tributam
1661 2403 1862 2458 habere
1896 2402 2082 2458 nolue-

491 2505 639 2548 runt.
669 2493 978 2549 Secundum
1003 2500 1302 2563 utrumque
1329 2492 1494 2562 igitur
1521 2494 1870 2546 irritaverant
1891 2489 2080 2558 Deum,

492 2597 548 2641 et
576 2586 1038 2657 transgredientes
1062 2592 1470 2648 testamentum,
1495 2594 1556 2639 'et
1589 2584 1882 2650 lueredem,
1915 2591 1973 2637 ut
1999 2583 2083 2638 di-

492 2681 708 2744 cebam,
733 2687 995 2750 quantum
1025 2679 1077 2733 in
1107 2678 1238 2746 ipsis
1261 2679 1378 2743 fuit,
1402 2679 1526 2732 data
1564 2679 1612 2731 ei
1656 2693 1685 2731 a
1721 2676 1878 2733 Patre
1913 2678 2084 2733 haere-

494 2771 664 2825 ditate
692 2769 1046 2840 expellentes,
1087 2770 1298 2840 ipsique
1343 2785 1373 2824 a
1431 2771 1538 2824 Deo
1587 2769 1692 2824 sibi
1755 2769 1808 2824 in
1862 2769 2083 2827 Christo

497 2862 712 2916 donatis
741 2862 1080 2916 excidentes.

2183 1941 2282 2012 τὴν
2312 1940 2537 2013 πρώτην
2570 1943 2604 2012 ή
2635 1942 2749 2007 νέα,
2788 1943 3013 2013 πλείστη
3037 1960 3121 2006 τις
3150 1941 3251 2013 ὅση
3280 1942 3389 1995 τῶν
3425 1941 3771 2013 ἐπηγγελμέ-

2185 2050 2290 2086 νων
2325 2035 2358 2103 ή
2389 2033 2622 2106 διαφορὰ
2661 2034 3009 2105 νοηθήσεται.
3048 2033 3196 2088 Ἑκεί
3241 2035 3342 2105 μέν
3389 2035 3500 2106 γὰρ
3529 2034 3627 2104 τὴν
3660 2033 3773 2086 τῶν

2197 2119 2562 2196 Ἀμορραίων,
2613 2125 2710 2180 καὶ
2751 2126 3117 2196 Γεργεσαίων,
3168 2127 3260 2179 καὶ
3308 2124 3522 2179 Εὐαίων
3562 2126 3767 2186 αὐτοῖς,

2183 2217 2278 2269 καὶ
2302 2217 2409 2288 μὴν
2438 2218 2534 2270 καὶ
2575 2218 2916 2272 Ἰεϐουσαίων
2942 2217 3249 2290 ὲπήγγελτο
3281 2215 3386 2283 γῆν
3406 2233 3422 2246 '
3449 2215 3482 2288 ή
3510 2217 3566 2270 δὲ
3592 2217 3771 2288 Καινὴ

2183 2307 2451 2381 Διαθήκη,
2478 2311 2750 2376 τουτέστι,
2789 2311 2858 2364 τά
2886 2310 2977 2364 διὰ
3000 2309 3239 2384 Χριστοῦ
3276 2311 3648 2381 θεσπίσματα,
3682 2309 3772 2364 διὰ

2187 2400 2428 2466 πίστεως
2457 2401 2686 2457 ὲκάλουν
2711 2406 2791 2468 εἰς
2819 2397 3092 2458 υἱοθεσίαν
3124 2403 3284 2471 Θεοῦ,
3317 2406 3399 2467 εἰς
3437 2400 3771 2473 ἀφθαρσίαν,

2188 2495 2269 2557 είς
2304 2493 2588 2564 ἀμήρυτον
2625 2494 2793 2565 ζωὴν,
2827 2495 2907 2558 είς
2934 2493 3154 2566 μέθεξιν
3181 2494 3341 2560 Θεοῦ,
3372 2496 3472 2567 τὴν
3499 2495 3588 2548 διὰ
3610 2492 3774 2546 Πνεύ-

2191 2602 2387 2656 ματος,
2428 2585 2510 2650 είς
2542 2583 2819 2656 βασιλείαν
2862 2588 3127 2658 οὐρανῶν.
3166 2587 3305 2642 Ἀλλ’
3352 2588 3452 2640 οῦκ
3498 2583 3773 2657 ἠθέλησαν

2187 2677 2332 2748 ἔχειν
2356 2677 2448 2731 τὸν
2472 2679 2846 2749 ὲκνεμηθέντα
2878 2678 3080 2751 κλῆρον
3114 2679 3296 2744 αὐτοῖς
3335 2678 3404 2732 δι’
3436 2678 3592 2742 Υίοῦ,
3619 2678 3772 2748 παρά

2184 2769 2279 2822 τοῦ
2308 2770 2443 2824 θεοῦ
2467 2773 2560 2826 καὶ
2586 2773 2820 2843 Πατρός.
2855 2773 2990 2826 Κατ’
3017 2772 3186 2844 ἄμφω
3203 2773 3268 2845 δὴ
3298 2768 3391 2826 οὖν
3421 2771 3770 2842 λελυπήκασι

2187 2863 2620 2935 παραϐαίνοντες
2653 2866 2754 2937 τὴν
2799 2865 3087 2938 διαθήκην,
3135 2868 3232 2920 καὶ
3269 2866 3362 2918 τὸν
3408 2864 3776 2936 κληρονόμον,

495 2955 571 3018 ὼς
599 2952 838 3026 ἔφην,τὺ
861 2953 986 3007 ὅσον
1015 2955 1100 3024 ἐφ’
1128 2955 1338 3019 ἑαυτοῖς
1363 2954 1458 3010 τοῦ
1497 2955 1741 3020 δοθέντος
1797 2955 1946 3027 αὐτῷ
2001 2955 2154 3028 παρά
2190 2958 2286 3010 τοῦ
2341 2957 2557 3029 Πατρὸς
2621 2955 2924 3024 ἐξώσαντες
2973 2957 3199 3030 κλήρου,
3251 2954 3668 3021 ἐκπεπτωκότες
3715 2955 3774 3010 δδ

497 3049 593 3102 καὶ
622 3048 774 3102 αὐτοὶ
827 3047 936 3101 τῶν
981 3047 1133 3118 παρὰ
1173 3047 1307 3100 Θεοῦ
1347 3047 1736 3119 δεδωρημένων
1767 3049 1948 3113 αὐτοῖς
1986 3050 2044 3102 ὲν
2076 3049 2317 3121 Χριστῷ.

589 3140 750 3197 Vens.
781 3141 836 3196 8.
887 3140 970 3196 Ibi
1012 3143 1318 3210 contempsit
1360 3159 1441 3195 me
1489 3141 1721 3206 Galaad,
1763 3144 1948 3198 civitas
1974 3161 2088 3215 qua:
2117 3150 2160 3208 C

501 3248 754 3306 operatur
781 3251 940 3297 vana,
992 3233 1311 3288 conturbans
1344 3251 1562 3302 aquam,
1595 3249 1642 3288 et
1689 3234 1948 3303 fortitudo
1996 3244 2088 3289 tua

501 3329 599 3381 viri
626 3327 836 3390 pirataz.

573 3418 783 3476 LXVI].
821 3415 1147 3491 Regreditur
1178 3418 1245 3474 ad
1279 3420 1581 3474 enarranda
1610 3419 1840 3483 scelera,
1868 3429 2090 3489 propter

502 3527 622 3582 quae
676 3513 814 3581 apud
865 3527 959 3566 eos
1011 3511 1239 3566 scelesta
1289 3510 1882 3580 pseudOprophetarum
1935 3512 2088 3566 turba

499 3605 621 3674 jure
665 3603 926 3659 trucidata
984 3612 1088 3657 est.
1133 3601 1207 3657 lbi
1249 3602 1418 3668 enim,
1477 3603 1649 3672 inquit
1683 3604 1811 3674 (hoc
1844 3613 1948 3668 est,
2000 3604 2090 3658 illo

504 3709 770 3767 tempore,
805 3711 913 3766 quo
955 3696 1247 3751 declinavit
1276 3693 1466 3761 Israel,
1513 3707 1570 3750 et
1616 3697 1668 3748 in
1717 3710 1838 3750 enm
1888 3703 2087 3750 statum

505 3792 744 3853 devenit.
783 3799 846 3846 ut
891 3791 1056 3845 etiam
1107 3789 1381 3843 daemones
1419 3789 1651 3842 adorare
1700 3801 1805 3841 non
1843 3785 2091 3840 reformi-

504 3884 678 3946 daret,
718 3883 822 3936 hoc
846 3883 989 3936 enim
1012 3881 1115 3935 sibi
1145 3879 1260 3932 vult
1285 3879 1435 3943 illud,
1475 3894 1495 3930 ι
1528 3879 1623 3943 ibi,
1661 3897 1680 3930 ι
1717 3879 1760 3934 si
1795 3875 2088 3932 secundum

506 3988 620 4027 rem
645 3981 702 4028 et
734 3972 1027 4034 actionem,
1052 3986 1157 4024 non
1190 3971 1485 4026 secundum
1517 3972 1691 4024 locum
1721 3970 1898 4039 potius
1931 3968 2091 4022 intel-

504 4067 749 4136 ligatur),
782 4064 1133 4118 vehementer
1154 4064 1479 4131 contempsit
1506 4079 1592 4117 me
1624 4062 1849 4117 Galaad.
1877 4060 2088 4116 Nomen

503 4156 656 4211 urbis
681 4163 766 4210 est
807 4166 958 4210 trans
996 4152 1316 4220 Iordanem,
1347 4168 1468 4224 qua:
1509 4153 1665 4224 juxta
1713 4154 2088 4224 praescriptum

503 4249 709 4322 Moysis
741 4248 906 4303 cessit
941 4244 1146 4300 Levitis
1179 4244 1248 4300 ".
1284 4245 1418 4301 Erat
1457 4245 1641 4315 itaque
1670 4249 2012 4300 sacerdotum
2036 4254 2091 4300 et

507 4339 822 4396 Levitarum
875 4339 1089 4393 civitas.
1130 4337 1238 4392 Sed
1269 4337 1362 4407 qui
1411 4336 1548 4391 alios
1587 4339 1656 4391 ab
1699 4351 1889 4392 errore
1927 4337 2087 4391 debe-

504 4435 638 4490 bant
669 4443 937 4496 avertere,
970 4441 1025 4485 et
1051 4430 1116 4483 ad
1151 4429 1437 4485 veritatem
1467 4429 1946 4500 cognitionemque
1977 4430 2087 4484 uti-

2278 3143 2432 3201 Ἐκεῖ
2449 3148 2870 3217 κατεφρόνησέ
2900 3165 3019 3218 μου
3050 3142 3321 3210 Γαλαὰδ,
3346 3146 3524 3210 πόλις
3548 3143 3778 3214 ἐργαζο-

2188 3233 2343 3304 μένη
2373 3235 2631 3312 μάταια,
2650 3236 3048 3305 ταράσσουσα
3067 3236 3242 3305 ὕδωρ,
3262 3235 3360 3288 καί
3380 3235 3418 3302 ἠ
3449 3234 3629 3304 ἰσχύς
3656 3249 3776 3290 σου

2191 3324 2413 3395 ἀνδρὸς
2447 3328 2748 3396 πειρατοῦ.

2262 3421 2378 3477 ΞΖ’.
2419 3423 2696 3478 Ἐπάνεισι
2725 3421 2886 3476 πάλιν
2917 3422 2946 3474 ὁ
2979 3421 3144 3489 λόγος¹
3163 3421 3243 3485 είς
3277 3420 3554 3490 ἀφήγησιν
3578 3417 3778 3489 ἐγκλη-

2197 3517 2403 3588 μάτων,
2451 3516 2535 3584 ἐφ’
2575 3510 2656 3579 οἷς
2688 3512 2913 3576 εἰκότως
2963 3510 3233 3584 ἀνῄρηται
3273 3510 3380 3563 τῶν
3429 3509 3564 3579 παρ’
3593 3509 3779 3570 αὐτοῖς

2191 3606 2655 3678 ψευδοπροφητῶν
2703 3607 2736 3676 ἡ
2767 3605 2958 3659 ἀνοσία
3000 3604 3230 3673 πληθύς.
3271 3602 3419 3655 Ἐκεῖ
3453 3601 3583 3671 γὰρ,
3619 3601 3778 3670 φησι,

2191 3700 2464 3764 τουτέστι,
2502 3699 2622 3753 κατ’
2659 3696 2837 3752 έκεῖνο
2863 3697 2958 3750 τοῦ
2990 3697 3208 3768 καιροῦ,
3235 3695 3356 3750 καθ’
3383 3694 3442 3748 ὃν
3469 3693 3721 3748 κέκλικεν
3748 3695 3779 3745 ό

2205 3789 2442 3862 Ἰσραὴλ,
2475 3792 2571 3844 καὶ
2599 3793 2657 3843 έν
2693 3793 2760 3861 τῇ
2785 3787 2966 3860 τοιᾷδε
2996 3788 3329 3843 καταστάσει
3359 3787 3601 3857 γέγονεν,
3636 3786 3776 3840 ὥστε

2191 3883 2286 3937 καὶ
2333 3878 2550 3936 ἑλέσθαι
2597 3881 2896 3953 δαιμονίοις
2938 3882 3266 3953 προσκυνεῖν
3310 3879 3489 3950 (τοῦτο
3516 3880 3626 3950 γάρ
3660 3879 3777 3931 ἐστι

2189 3975 2271 4041 τὸ,
2305 3997 2324 4028 ι
2363 3977 2500 4038 ἐκεῖ,
2534 3994 2552 4027 ι
2615 3973 3020 4047 πραγματικῶς
3060 3970 3370 4043 νοούμενον,
3421 3972 3516 4025 καὶ
3559 3970 3682 4041 οὐχὶ
3713 3970 3778 4042 δὴ

2196 4067 2396 4140 μᾶλλον
2444 4067 2740 4136 τοπικῶς),
2775 4065 2983 4136 σφόδρα
3045 4080 3146 4134 μου
3195 4061 3687 4132 καταπεφρόνηκεν
3740 4063 3776 4132 ή

2191 4157 2420 4212 Γαλαάδ,
2466 4157 2627 4220 Πόλις
2653 4156 2709 4209 δὲ
2738 4151 2877 4225 αῦτη
2927 4155 3024 4225 μία
3063 4153 3173 4208 τῶν
3210 4153 3478 4224 Ἰορδάνου
3509 4153 3775 4223 ναμάτων

2192 4249 2480 4312 ἐπέκεινα,
2527 4250 2562 4320 ή
2607 4248 2701 4300 καί
2745 4245 3112 4316 ὲκνεμηθεῖσα
3161 4247 3274 4308 τοῖς
3317 4244 3591 4306 Λευΐταις,
3637 4243 3781 4296 κατὰ

2190 4341 2280 4393 τδν
2326 4339 2573 4404 Μωσέως
2627 4339 2808 4410 νόμον.
2866 4333 2977 4390 Ἦν
3009 4333 3102 4390 οῦν
3161 4335 3350 4408 ἱερέων
3399 4335 3494 4388 καὶ
3539 4334 3780 4389 Λευῖτῶν

2192 4433 2367 4497 πόλις.
2409 4433 2551 4485 Ἀλλ’
2599 4433 2647 4484 οἱ
2676 4432 2802 4494 τοὺς
2835 4431 3026 4494 ἄλλους
3069 4428 3376 4498 ὀφείλοντες
3419 4426 3781 4499 ἀποκομίζειν

507 4526 640 4580 lium
673 4524 916 4590 erudire,
952 4540 972 4574 ι
1004 4521 1144 4577 labia
1175 4522 1322 4576 enim
1349 4523 1650 4578 sacerdotis
1676 4523 1985 4578 custodient
2009 4523 2085 4592 ju-

2193 4527 2292 4596 τῆς
2325 4525 2554 4596 πλάνης,
2603 4525 2700 4578 καὶ
2727 4525 3096 4592 παιδαγωγεῖν
3127 4523 3207 4586 είς
3247 4521 3530 4592 ἀλήθειαν,
3568 4520 3663 4573 καὶ
3698 4521 3782 4584 είς

507 4619 729 4684 dicium,
771 4625 828 4671 et
866 4615 1040 4685 legem
1089 4613 1372 4683 requirent
1418 4626 1485 4668 ex
1537 4629 1635 4669 ore
1681 4614 1796 4684 ejus
1818 4615 1892 4681 ’⁵,
1923 4632 1943 4667 ι
1985 4614 2089 4684 ipsi

510 4711 654 4766 idola
691 4709 1112 4764 introduxerunt
1148 4715 1206 4762 et
1237 4721 1378 4762 vana
1407 4706 1654 4762 fabricati
1700 4716 1845 4764 sunt.
1883 4727 1903 4761 ί
1944 4705 2088 4779 Ope-

457 4834 466 4845 -
510 4802 616 4858 rati
653 4809 782 4856 sunt
824 4799 967 4854 enim
1015 4812 1178 4862 vana,
1220 4815 1240 4850 ι
1274 4798 1381 4853 hoc
1411 4809 1517 4863 est,
1547 4800 1712 4855 idola.
1753 4819 1771 4851 ι
1806 4799 2088 4855 Turbave-

510 4902 642 4948 runt
677 4891 848 4946 etiam
883 4906 1076 4960 aquam
1103 4934 1117 4958 ,
1160 4910 1179 4944 ι
1226 4891 1280 4946 id
1321 4902 1406 4946 est
1432 4929 1448 4953 ,
1495 4891 1830 4947 confusionis
1872 4892 2090 4948 occasio

508 4982 757 5054 populari
790 4981 1121 5037 multitudini
1155 4981 1395 5036 luerunt.
1431 4981 1546 5037 Mos
1569 4984 1711 5037 enim
1742 5000 1912 5039 sacrae
1941 4981 2090 5039 Scri-

509 5083 685 5145 ptura:
707 5082 810 5138 est.
831 5073 1171 5129 innumeram
1196 5071 1478 5127 hominum
1509 5074 1908 5130 multitudinem
1938 5091 2090 5145 aquae

512 5169 843 5236 assimilare,
881 5168 1010 5223 inde
1043 5183 1166 5224 cum
1201 5179 1390 5224 essent
1423 5167 1882 5238 frequentissime
1910 5168 2089 5240 Baby-

509 5261 600 5316 lon
625 5271 680 5316 et
707 5260 903 5316 Ninive
929 5259 1908 5331 «sicut.piscina,sinquituaquarum
1937 5275 2090 5331 aqua:

514 5352 631 5422 ejus
656 5351 728 5408 “.
764 5369 784 5402 ι
828 5352 983 5419 Quod
1026 5351 1168 5408 idem
1204 5360 1290 5407 est
1340 5367 1404 5406 ac
1445 5352 1489 5405 si
1523 5351 1748 5416 diceret,
1783 5359 1839 5407 ut
1876 5352 2088 5423 piscina

512 5447 673 5514 plena
698 5454 784 5500 est
815 5445 994 5516 aquis,
1028 5445 1102 5500 ita
1145 5443 1436 5499 multitudo
1462 5445 1600 5514 ejus.
1634 5444 1738 5498 Ant
1771 5444 1877 5498 alio
1908 5443 2088 5508 modo,

514 5538 866 5592 turbaverant
890 5552 1111 5608 aquam,
1128 5538 1281 5606 quasi
1313 5537 1581 5592 turbidam
1608 5548 1663 5592 et
1686 5550 1966 5592 caenosam
1991 5535 2089 5589 do-

513 5629 744 5688 Ctrinam
791 5645 851 5685 se
883 5629 1328 5686 convenientibus
1356 5639 1742 5700 proponentes,
1777 5640 1833 5683 et
1877 5630 2089 5699 simpli-

583 5810 630 5842 ’³
666 5808 862 5865 Jerem.
898 5823 1052 5876 χχιι,
1075 5807 1167 5874 51,
1205 5806 1300 5862 '52.

1394 5806 1442 5838 ’δ
1497 5805 1654 5859 Νιιιιι.
1693 5805 1983 5872 xxxtt,29.
2058 5806 2107 5838 "
2149 5806 2380 5862 Malach.
2452 5821 2513 5869 ιι,
2563 5803 2617 5871 '7,

2195 4616 2293 4688 τὴν
2314 4615 2408 4669 τοῦ
2435 4617 2809 4687 συμφέροντος
2831 4616 2930 4685 τὴν
2950 4615 3152 4683 γνῶσιν
3167 4614 3214 4686 (ι
3236 4613 3404 4684 Χείλη
3427 4614 3535 4684 γάρ
3565 4612 3778 4684 ἱερέως,

2197 4709 2355 4780 φησι,
2390 4706 2684 4778 φυλάξεται
2717 4707 2920 4779 κρίσιν,
2952 4706 3045 4760 καὶ
3074 4706 3238 4777 νόμον
3270 4705 3668 4776 ὲκζητήσουσιν
3711 4705 3779 4768 ὲκ

2197 4802 2462 4872 στόματος
2493 4799 2750 4869 αὐτοῦι),
2784 4799 3076 4868 γεγόνασιν
3106 4798 3261 4851 αὐτοὶ
3289 4797 3397 4850 τῶν
3423 4797 3659 4850 εἰδώλων
3690 4797 3782 4850 εύ-

2198 4895 2372 4963 ρεταὶ,
2402 4894 2497 4946 καὶ
2523 4892 2632 4946 τῶν
2669 4892 2914 4962 ματαίων
2946 4892 2994 4943 οἱ
3021 4889 3360 4960 τεχνουργοί.
3397 4908 3414 4939 ι
3446 4889 3782 4961 Είργάζοντο

2198 4985 2306 5056 γὰρ
2337 4986 2564 5055 μάταια,
2609 5004 2628 5037 ι
2661 4983 2931 5046 τουτέστι,
2958 4980 3027 5034 τά
3064 4980 3280 5035 εἴδωλα.
3324 4999 3343 5031 ι
3368 4979 3697 5050 Ἐτάραττον
3721 4979 3783 5033 δὲ

2198 5079 2292 5131 καὶ
2331 5076 2496 5148 ὕδωρ,
2537 5096 2555 5128 ι
2588 5075 2859 5138 τουτέστι,
2899 5073 3215 5144 συγχύσεως
3240 5071 3464 5144 ἀφορμὴ
3503 5074 3616 5134 τοῖς
3645 5073 3782 5139 ἀγε-

2198 5171 2371 5232 λαίοις
2417 5168 2724 5238 γεγόνασιν.
2752 5167 2947 5221 ’Ὑδατι
3003 5165 3111 5237 γὰρ
3149 5164 3508 5237 παρεικάζειν
3555 5161 3676 5226 ἔθος
3712 5165 3780 5232 τῇ

2199 5263 2335 5332 ἀγίᾳ
2364 5262 2556 5332 Γραερῇ
2596 5259 2695 5330 τὴν
2725 5259 3033 5330 ἀμέτρητον
3067 5256 3177 5309 τῶν
3212 5253 3515 5326 ἀνθρώπων
3549 5252 3780 5323 πληθύν.

2198 5353 2312 5407 Καὶ
2338 5352 2470 5421 γοῦν
2500 5350 2941 5422 πολυανδρούσης
2972 5349 3111 5417 ἄγαν
3136 5347 3234 5418 τῆς
3268 5344 3647 5407 Βαϐυλωνίων,
3688 5343 3786 5395 καὶ

2194 5445 2408 5507 Νινευῖ,
2454 5445 2608 5517 φησὶ,
2672 5461 2690 5494 t
2743 5445 2818 5506 ὡς
2870 5441 3227 5512 κολυμϐήθρα
3277 5438 3467 5501 ὓδατος
3504 5436 3573 5490 τὰ
3615 5434 3785 5488 ῦδατα

2200 5538 2396 5607 αὐτῆς,
2433 5556 2452 5586 ι
2499 5537 2620 5590 ἀντὶ
2652 5534 2768 5598 τοῦ,
2802 5535 2879 5597 ὡς
2908 5532 3267 5605 κολυμϐήθρα
3302 5530 3516 5602 πλήρης
3550 5528 3784 5588 ὑδάτων,

2193 5629 2336 5683 οὕτω
2367 5629 2429 5682 τὸ
2483 5629 2684 5700 πλῆθος
2738 5628 2925 5696 αὑτῆς.
2977 5625 3070 5689 Ἣ,
3128 5624 3251 5679 καθ’
3307 5622 3496 5695 ’έτερον
3553 5619 3785 5692 τρόπον,

2691 5804 2738 5836 ’⁸
2769 5801 2984 5857 Nahum
3021 5817 3084 5866 ιι,
3116 5801 3171 5855 8.
