4110 6368
479 361 581 419 I75

1397 363 1950 421 COMMENTARIUS
1990 367 2054 419 IN
2097 366 2331 423 OSEAM
2374 367 2814 424 PHOPHETAM.

3628 374 3732 428 174

477 482 773 552 ἐτάραττον
833 479 997 551 ῦδωρ,
1065 482 1440 553 τεθολωμένην
1504 482 1692 552 ὥσπερ
1762 484 1885 537 τινὰ
1958 486 2050 536 καὶ

2155 486 2294 539 cium
2326 494 2539 539 mentes
2584 486 2967 539 incrassantes.
3012 486 3287 540 Ducebant
3316 488 3459 547 enim
3503 490 3734 545 adorare

475 574 658 641 ἰλιώὸη
707 571 1055 625 διδασκαλίαν
1101 575 1213 637 τοῖς
1260 572 1547 646 προσιοῦσι
1597 575 1909 645 προθέντες,
1960 577 2053 629 καὶ

480 665 560 717 τὸν
592 664 701 715 τῶν
744 664 1146 734 ἁκεραιοτέρων
1195 666 1525 733 παχύνοντες
1560 666 1704 722 νοῦν.
1749 666 2053 720 Ἐδίδασκον

480 760 580 828 γὰρ
613 755 809 808 εἴδωλα
835 759 1184 826 προσκυνεῖν.
1218 758 1329 810 Καὶ
1370 756 1502 824 γοῦν
1539 758 1628 811 διὰ
1675 758 1861 828 φωνῆς
1895 757 2054 822 Ἰεζε-

474 847 597 918 χιὴλ
622 848 811 919 ᾐτιᾶτο
859 848 1022 900 πάλιν
1052 849 1250 911 αὐτοὺς
1278 851 1306 902 ὁ
1340 849 1446 901 τῶν
1469 849 1609 902 ὅλων
1646 850 1779 913 Θεὸς
1798 891 1811 913 ,
1843 850 1937 903 καὶ
1978 850 2053 913 ὡς

475 938 613 1009 πρὸς
645 938 853 1007 κριοὺς,
890 939 985 990 καὶ
1032 940 1129 1010 τῆς
1162 941 1366 1011 ἀγέλης
1413 940 1731 1013 καθηγητὰς
1769 943 2054 1016 προσεφώ-

476 1044 575 1089 νει,
612 1027 781 1095 λέγων
804 1043 816 1056 ·
864 1045 884 1078 ‹
918 1029 1030 1081 Καὶ
1062 1030 1221 1099 ὑμεῖς
1254 1031 1523 1102 πρόϐατα,
1565 1033 1690 1086 τάδε
1737 1032 1884 1100 λέγει
1935 1034 2053 1087 Κύ-

478 1137 615 1190 ριος·
662 1120 790 1173 Ἰδοὺ
847 1121 959 1189 ἐγὼ
1003 1123 1264 1194 διακρίνω
1315 1125 1586 1195 ἀναμέσον
1635 1127 1909 1196 προϐάτου
1960 1129 2054 1180 καὶ

475 1212 772 1281 προϐάτου,
811 1214 906 1265 καὶ
948 1213 1138 1283 κριῶν,
1181 1215 1276 1268 καὶ
1307 1216 1549 1287 τράγων.
1572 1218 1697 1271 -Καί
1728 1218 1825 1287 οὐχ
1873 1219 2053 1271 ἰκανὸν

472 1305 622 1374 ὑμῖν,
652 1305 732 1357 ὅτι
774 1304 873 1376 τὴν
903 1306 1075 1377 καλὴν
1107 1308 1279 1378 νομὴν
1328 1309 1609 1380 ἐνέμεσθε.
1649 1312 1759 1364 Καὶ
1789 1311 1858 1364 τὰ
1887 1313 2052 1364 κατά-

471 1396 634 1449 λοιπα
660 1398 761 1467 τῆς
784 1401 957 1468 νομῆς
984 1404 1343 1454 κατεπατεῖτε
1377 1406 1487 1466 τοῖς
1515 1403 1645 1456 ποσὶ
1673 1404 1702 1457 ὑ
1712 1404 1849 1474 μῶν,
1875 1405 1966 1457 καὶ
1994 1404 2053 1456 τὸ

472 1485 816 1557 καθεστηκὸς
847 1486 993 1558 ὕδωρ
1031 1487 1267 1551 ἐπίνετε,
1300 1490 1396 1542 καὶ
1437 1490 1499 1543 τὸ
1528 1490 1713 1544 λοιπὸν
1756 1495 1869 1555 τοῖς
1897 1494 2053 1545 ποσὶν

469 1577 627 1647 ὑμῶν
650 1579 1002 1649 ἐταράσσετε,
1033 1582 1127 1633 καὶ
1155 1580 1224 1633 τὰ
1250 1581 1499 1652 πρόϐατά
1521 1600 1622 1653 μου
1652 1583 1719 1636 τὰ
1753 1586 1896 1655 πατή
1907 1601 2053 1653 ματα

470 1669 580 1721 τῶν
616 1668 792 1721 ποδῶν
833 1668 987 1739 ὑμῶν
1058 1669 1349 1740 ἐνέμοντο,
1409 1672 1504 1723 καὶ
1547 1670 1608 1723 τὸ
1646 1672 2053 1740 τεταραγμένον

473 1761 619 1833 ὕδωρ
645 1762 749 1814 ὑπὸ
784 1761 890 1815 τῶν
922 1761 1098 1815 ποδῶν
1128 1762 1283 1831 ὑμῶν
1316 1762 1914 1833 ἐπινον.ιΝομομαθεῖς
1942 1763 2051 1834 γάρ

2156 573 2316 627 idola.
2344 573 2522 640 Quare
2552 590 2647 643 per
2677 574 3014 628 Ezechielem
3040 576 3415 632 universorum
3447 578 3586 635 Deus
3611 598 3729 635 rur-

2155 680 2275 719 sum
2304 676 2398 718 eos
2429 676 2649 720 accusat
2691 675 2747 720 et
2776 664 2942 721 veluti
2984 667 3209 734 arietes,
3236 677 3292 721 et
3337 670 3518 739 gregis
3563 671 3733 727 duces

2156 757 2299 811 hunc
2322 757 2372 810 in
2412 759 2626 812 modum
2655 773 2749 813 eos
2769 758 3059 827 compellat
3087 776 3101 812 :
3137 779 3155 812 ι
3197 761 3264 814 Ει
3292 776 3385 815 vos
3418 777 3547 816 oves
3574 780 3730 828 meae,

2157 849 2271 903 Iuno
2298 848 2429 902 dicit
2460 848 2721 903 Dominus
2747 869 2761 904 :
2796 850 2934 904 Ecce
2961 865 3059 920 ego
3081 851 3390 921 dijudicabo
3412 853 3553 907 inter
3578 871 3733 910 ovem

2153 949 2209 991 et
2231 954 2408 1002 ovem,
2429 941 2632 995 arietes
2654 942 2811 1011 102
2837 951 2891 995 et
2919 942 3119 997 hircos.
3164 944 3227 997 Et
3256 960 3358 998 non
3396 948 3529 1002 satis
3558 950 3734 1015 vobis,

2154 1031 2281 1099 quia
2308 1032 2508 1085 bonum
2539 1042 2751 1100 pastum
2787 1035 3115 1103 pascebatis.
3150 1035 3217 1090 Et
3262 1036 3514 1107 reliquias
3548 1051 3736 1107 pastus

2154 1122 2325 1174 vestri
2357 1122 2765 1177 conculcabatis
2794 1123 3025 1192 pedibus
3057 1126 3277 1190 vestris,
3312 1139 3365 1182 et
3391 1131 3733 1195 purissimam

2156 1226 2352 1277 aquam
2385 1211 2678 1277 bibebatis,
2711 1223 2767 1267 et
2797 1214 3063 1283 reliquum
3103 1218 3303 1269 vestris
3351 1218 3579 1287 pedibus
3620 1230 3736 1274 tur-

2155 1301 2405 1368 babatis;
2434 1313 2487 1357 et
2505 1318 2634 1358 oves
2662 1318 2795 1359 meae
2819 1308 3265 1362 conculcamenta
3300 1310 3493 1377 pedum
3525 1326 3738 1366 vestro-

2156 1411 2274 1448 rum
2310 1396 2698 1463 pascebantur,
2748 1406 2804 1452 et
2862 1401 3135 1454 turbatam
3200 1415 3395 1468 aquam
3435 1417 3463 1455 a
3506 1404 3738 1471 pedibus

2153 1488 2357 1540 vestris
2384 1486 2644 1541 bibebant
2676 1488 2741 1543 ⁸⁷.
2780 1507 2799 1541 ι
2837 1487 3063 1544 Oriundi
3096 1492 3240 1545 enim
3268 1494 3334 1546 de
3377 1492 3540 1549 domo
3580 1496 3735 1560 Levi,

2155 1592 2277 1629 cum
2318 1588 2504 1631 essent
2538 1577 2856 1647 legisperiti,
2901 1579 3271 1649 haberentque
3300 1581 3447 1635 velut
3488 1583 3740 1652 pulcher-

2158 1664 2292 1716 rima
2330 1680 2551 1733 pascua,
2589 1675 2915 1737 tenuemque
2946 1680 2998 1722 et
3033 1670 3356 1738 pellucidam
3388 1688 3583 1738 aquam
3614 1690 3741 1728 eru-

2156 1756 2415 1810 ditionem
2475 1757 2788 1825 Mosaicam,
2841 1775 2964 1829 qua:
3008 1763 3073 1816 ad
3125 1763 3499 1819 deducendum
3549 1781 3642 1821 eos
3680 1768 3736 1822 iu

471 1856 623 1918 ὅντες
655 1858 703 1908 oi
731 1856 788 1922 ἐξ
816 1856 1046 1925 αἵματος
1088 1856 1239 1918 Λευῒ,
1274 1857 1369 1909 καί
1414 1855 1705 1926 καλλίστην
1750 1855 1940 1926 ὥσπερ
1971 1875 2050 1909 νο-

2157 1848 2294 1901 viam
2319 1848 2569 1903 veritatis
2595 1850 2889 1915 suﬂiceret,
2913 1853 3309 1909 conculcabant
3340 1858 3739 1924 quodammodo

476 1948 602 2019 μὴν,
651 1948 848 2001 λεπτόν
888 1966 948 2000 τε
997 1948 1090 2001 καὶ
1138 1948 1329 2011 διειόἐς
1374 1948 1588 2017 ἔχοντες
1622 1947 1799 2019 ὕδωρ,
1834 1949 1934 2018 τὴν
1966 1949 2053 2002 διὰ

472 2038 715 2101 Μωσέως
746 2037 1026 2091 παίδευσιν
1079 2039 1181 2091 οὐκ
1226 2036 1497 2100 ἀνικάνως
1536 2036 1763 2106 ἔχουσαν
1798 2038 2054 2108 ποδηγεῖν

471 2132 553 2193 εἰς
586 2129 863 2201 ἀλήθειαν,
917 2129 1256 2183 κατεπάτουν
1304 2129 1502 2199 τρόπον
1546 2127 1669 2182 τινὰ
1711 2129 1811 2201 τὴν
1857 2130 2048 2200 νομὴν,

473 2222 866 2289 συνετάραττον
919 2221 977 2273 δέ
1022 2220 1118 2274 καὶ
1164 2221 1226 2273 τὸ
1273 2219 1438 2290 ὕδωρ,
1470 2219 1702 2290 παχεῖάν
1746 2236 1895 2285 τινα,
1961 2220 2055 2272 καὶ

476 2312 680 2384 ἰλιώδη,
730 2313 825 2366 καὶ
859 2310 1096 2382 γεώδους
1140 2311 1481 2383 ἀκαθαρσίας
1528 2310 1779 2382 ἔμπλεων
1824 2329 2055 2383 παρατι-

468 2404 1067 2470 θέντεςδιδασκαλίαν,
1097 2408 1213 2468 τοῖς
1240 2407 1298 2457 ἐν
1336 2404 1487 2469 τάξει
1512 2404 1800 2476 προϐάτων
1828 2404 2049 2458 ἀκολου-

470 2497 653 2550 θοῦσιν
682 2498 869 2560 αὐτοῖς
898 2497 974 2561 ὡς
1011 2499 1202 2567 κριοῖς.
1244 2492 1633 2564 Ἐγκαλοῦνται
1662 2494 1842 2548 τοίνυν
1868 2496 1916 2546 οἰ
1950 2496 2049 2563 τῆς

472 2589 682 2643 Γαλαὰδ
755 2590 968 2642 πολῖται
1047 2590 1144 2642 καὶ
1203 2589 1512 2659 οἰκήτορες,
1560 2586 1636 2650 ὡς
1692 2586 2048 2665 ταράττοντες

2158 1955 2383 2009 pascua,
2435 1952 2489 1995 et
2538 1955 2735 2010 aquam
2796 1944 3217 2011 conturbabant,
3267 1962 3508 2001 crassam
3549 1963 3742 2017 quam-

2158 2032 2283 2085 dam
2320 2042 2375 2086 et
2404 2032 2676 2097 limosam,
2724 2040 2782 2089 et
2830 2043 3057 2089 terrena:
3106 2035 3256 2091 fazcis
3283 2038 3496 2106 plenam
3540 2042 3741 2094 doctri-

2160 2138 2287 2177 nam
2338 2126 2682 2192 exhibentes,
2738 2125 2884 2195 ipsos
2923 2136 3178 2197 tanquam
3229 2128 3608 2186 oves’arictes
3650 2147 3740 2187 se-

2156 2220 2473 2289 quentibus.
2504 2218 2925 2291 Redarguuntur
2953 2221 3138 2291 itaque
3169 2222 3316 2302 cives
3344 2234 3399 2278 et
3420 2223 3611 2277 incolae
3634 2224 3741 2278 Ga-

2162 2312 2285 2368 laad
2331 2321 2391 2367 ut
2436 2314 2718 2368 turbantes
2762 2330 3000 2384 aquam;
3044 2327 3099 2371 et
3145 2317 3642 2386 reprehenduntur,
3676 2326 3737 2369 ut

2159 2403 2535 2458 fortitudinem
2566 2421 2661 2460 seu
2707 2405 2874 2460 robur
2903 2405 3168 2462 habentes
3193 2407 3299 2461 viri
3334 2409 3545 2477 piratze.
3585 2408 3739 2475 Quod

2154 2511 2262 2565 quo
2297 2506 2455 2565 pacto
2498 2498 2653 2552 nobis
2697 2498 3110 2569 intelligendum
3141 2500 3232 2567 sit,
3265 2502 3546 2570 sequentia
3574 2502 3743 2555 inter-
3771 2536 3779 2545 .

2153 2598 2429 2656 pretantes
2463 2589 2877 2644 declarabimus.

472 2682 637 2755 ὕδωρ,
673 2682 985 2754 ἐλέγχονται
1034 2681 1092 2733 δὲ
1140 2680 1233 2733 καὶ
1288 2680 1364 2743 ὡς
1410 2680 1563 2748 ἰσχὺν
1607 2678 1823 2749 ἔχοντες
1854 2677 2049 2749 ἀνδρὸς
2089 2678 2369 2751 πειρατοῦ.
2420 2679 2543 2743 Πῶς
2582 2680 2626 2733 δ’
2650 2679 2716 2733 ἂν
2772 2680 2869 2733 καὶ
2903 2680 3061 2734 τοῦτο
3080 2682 3227 2754 ἡμᾶς
3250 2682 3488 2737 συνιέναι
3516 2681 3736 2755 πρέποι,

475 2778 644 2849 σαφὲς
673 2776 1111 2846 καταστήσομεν,
1148 2773 1216 2826 τά
1242 2771 1439 2840 ἐφεξῆς
1469 2770 1887 2841 ἑρμηνεύοντες.

544 2871 853 2940 Ἕκρυψαν
888 2869 1061 2938 ἱερεῖς
1105 2866 1273 2932 ὁδὸν,
1314 2866 1661 2934 ἐφόνευσαν
1698 2866 1934 2932 Σίκιμα,
1963 2864 2052 2915 ὅτι

470 2967 728 3035 ἀνομίαν
766 2964 1067 3031 ἐποίησαν
1106 2962 1176 3015 ἐν
1206 2959 1289 3026 τῷ
1334 2960 1479 3031 οἴκῳ
1510 2959 1617 3012 τοῦ
1658 2956 1915 3025 Ἰσραήλ.
1949 2953 2050 3010 Εἷ-

469 3059 580 3112 δον
604 3056 866 3127 φρικώδη
896 3055 1041 3118 ἐκεῖ,
1061 3054 1349 3122 πορνείαν
1376 3052 1482 3107 τοῦ
1514 3050 1777 3121 Ἐφραῒμ,
1800 3048 2048 3120 ἐμιάνθη

483 3147 722 3216 Ἰσραὴλ
747 3147 847 3200 καὶ
888 3145 1101 3199 Ἰούδα.

539 3240 664 3293 Ell’.
706 3238 976 3309 Ἰστοριῶν
1004 3236 1115 3290 ἔσθ’
1147 3237 1237 3290 ὅτε
1281 3236 1444 3290 τινῶν
1481 3238 1509 3289 ὁ
1558 3234 1665 3288 τῶν
1711 3232 1882 3303 ἁγίων
1922 3250 2050 3305 προ⁹

472 3331 659 3403 φητῶν
698 3328 1061 3398 διαμέμνηται
1100 3326 1287 3395 λόγος,
1321 3326 1386 3389 ἃς
1414 3325 1577 3396 εἴπερ
1602 3342 1685 3387 τις
1714 3323 1888 3376 ’ἐλοιτο
1924 3340 2053 3377 σιω-

476 3426 605 3493 πᾷν,
648 3422 756 3475 οὐδ’
785 3421 852 3476 ἂν
900 3420 1117 3474 δύναιτο
1148 3418 1470 3491 διατρανοῦν
1498 3419 1605 3472 τῶν
1631 3416 1936 3489 εἰρημένων
1963 3415 2055 3468 τὸν

472 3514 618 3570 νοῦν.
664 3516 784 3586 Χρὴ
832 3512 1120 3584 τοιγαροῦν
1160 3514 1320 3565 ὄκνου
1388 3510 1488 3581 μὲν
1546 3506 1687 3563 εἷναι
1738 3509 2053 3579 κρείττονας

475 3610 603 3671 τοὺς
630 3607 700 3661 τὰ
732 3607 910 3660 τοιάδε
953 3602 1139 3675 σάφῶς
1178 3602 1556 3675 διερμηνεύειν
1582 3600 1885 3663 ἐθέλοντας,
1914 3616 2052 3651 παν-

472 3699 698 3770 ταχόθεν
740 3699 796 3751 δέ
844 3701 956 3761 τοῖς
996 3696 1370 3769 ἀκροωμένοις
1407 3694 1468 3747 τὸ
1498 3692 1689 3747 τελοῦν
1742 3693 1821 3755 εἰς
1869 3691 2053 3762 ὄνησιν

469 3788 863 3860 ἐξεργάζεσθαι
899 3786 1092 3856 φιλεῖν.
1125 3786 1395 3859 Ταύτῃτοι
1434 3785 1528 3838 καὶ
1554 3783 1649 3837 νῦν
1677 3783 1770 3837 ἐπί
1794 3800 1847 3835 τι
1874 3781 2052 3835 τοιοῦ-

468 3898 564 3935 τον
585 3882 809 3952 ἥξομεν.
835 3880 1033 3951 Σίκιμα
1052 3879 1228 3933 τοίνυν
1256 3877 1481 3946 πολίχνη
1511 3876 1596 3940 τίς
1628 3877 1776 3929 ἐστιν
1797 3873 2053 3928 ἐπέκεινα

468 3973 577 4027 τῶν
612 3974 875 4044 Ἰορδάνου
929 3973 1188 4042 ναμάτων
1224 3988 1285 4023 τε
1329 3972 1423 4023 καὶ
1466 3970 1665 4039 ὅμορος
1707 3969 1774 4037 τῇ
1820 3965 2051 4027 Γαλαὰδ,

470 4067 538 4135 ἢν
566 4068 681 4129 τοῖς
729 4065 787 4131 ἐξ
826 4064 1058 4134 αἵματος
1086 4061 1181 4114 τοῦ
1231 4060 1365 4114 Aeni
1410 4059 1650 4113 δεδόσθαι
1696 4057 2049 4130 προείπομεν,

466 4157 816 4227 διανέμοντος
841 4156 941 4225 τῆς
963 4153 1297 4222 ἐπαγγελίας
1318 4152 1415 4223 τὴν
1434 4153 1536 4223 γῆν
1552 4149 1727 4223 Ἰησοῦ
1748 4148 1841 4202 τοῦ
1869 4147 2048 4217 Ναυῆ.

469 4248 796 4319 Συμϐέϐηκε
843 4248 1044 4309 τοίνυν,
1090 4247 1284 4316 ἑορτῆς
1316 4243 1482 4315 οὔσης
1533 4243 1716 4312 ἁγίας,
1764 4242 1864 4311 τῆς
1910 4240 2051 4292 κατὰ

469 4342 635 4413 νόμον
690 4340 1089 4409 σκηνοπηγίας,
1128 4338 1290 4408 φημἰ,
1338 4338 1427 4390 ὅτε
1467 4336 1676 4397 πάντας
1705 4330 2049 4402 πανταχόθεν

467 4434 783 4490 ἀναϐαίνειν
817 4429 884 4503 ἦν
923 4432 1043 4494 ἔθος
1087 4432 1167 4494 εἰς
1208 4429 1590 4500 Ἱεροσόλυμα,
1638 4427 1728 4480 καὶ
1760 4425 1919 4479 τοῦτο
1954 4424 2048 4477 τοῦ

2232 2862 2398 2918 Vens.
2423 2863 2478 2928 9,
2512 2862 2596 2916 l0.
2632 2862 3028 2919 Absconderunt
3052 2865 3349 2921 sacerdotes
3384 2869 3544 2937 viam,
3573 2872 3737 2927 inter-

2156 2956 2390 3024 fecerunt
2422 2953 2677 3016 Sichima,
2706 2955 2835 3023 quia
2865 2955 3198 3025 iniquitatem
3227 2957 3463 3026 fecerunt
3498 2961 3553 3013 in
3584 2963 3739 3017 domo

2156 3046 2349 3103 Israel.
2390 3044 2513 3099 Vidi
2565 3046 2841 3100 horribilia
2878 3047 2969 3112 ibi,
3007 3048 3409 3116 fornicationem
3442 3049 3694 3121 Ephroim
3718 3071 3738 3109 :

2078 3169 2121 3227 ο
2160 3136 2554 3188 contaminatus
2580 3144 2660 3188 est
2699 3132 2895 3201 Israel,
2923 3146 2970 3190 et
2993 3135 3190 3192 ludas.

2229 3225 2457 3282 LXVIII.
2516 3226 2915 3297 Nonnunquam
2959 3229 3309 3286 historiarum
3375 3235 3737 3303 quarumdam

2157 3316 2409 3371 meminit
2438 3317 2789 3387 propheticus
2819 3335 3020 3386 sermo,
3052 3336 3186 3388 quas
3217 3322 3262 3376 si
3301 3325 3425 3393 quis
3458 3328 3740 3395 praeterire

2156 3409 2411 3476 voluerit,
2456 3414 2749 3467 verborum
2800 3416 3198 3483 propositorqu
3237 3421 3562 3475 sententiam
3606 3440 3740 3478 enu-

2156 3501 2334 3556 cleare
2365 3518 2472 3556 non
2516 3505 2706 3572 possit.
2736 3504 3002 3570 Quocirca
3038 3508 3162 3561 talia
3196 3524 3469 3579 exponere
3510 3515 3737 3583 cupien-

2159 3604 2262 3660 tes,
2294 3596 2580 3663 segnitiem
2615 3597 2684 3650 ab
2728 3612 2788 3652 se
2828 3610 3116 3654 amoveant
3142 3611 3376 3670 Oportet,
3416 3613 3470 3657 et
3510 3608 3655 3675 quod
3686 3610 3737 3661 in

2158 3701 2271 3741 rem
2314 3687 2648 3742 audientium
2695 3690 2789 3754 sit,
2827 3691 2968 3745 unde
3009 3691 3149 3748 unde
3195 3693 3378 3749 labore
3406 3710 3505 3751 suo
3540 3713 3741 3769 reprae-

2155 3787 2394 3833 sentent.
2426 3777 2569 3835 Hinc
2595 3789 2649 3836 et
2689 3784 2851 3836 modo
2881 3783 2947 3837 ad
2980 3783 3081 3839 tale
3110 3785 3367 3853 quiddam
3397 3787 3735 3846 delabemur.

2157 3870 2399 3927 Sichima
2436 3873 2601 3942 igitur
2640 3876 2958 3944 oppidulum
3013 3885 3099 3932 est
3130 3886 3280 3933 trans
3313 3878 3512 3935 ﬂuenta
3542 3880 3738 3937 Jorda-

2156 3964 2240 4018 nis
2271 3965 2337 4028 ⁸⁸,
2376 3966 2635 4030 vicinum,
2681 3978 2735 4021 et
2772 3968 2985 4023 confine
3024 3969 3247 4035 Galaad,
3279 3988 3441 4041 quam
3473 3974 3601 4029 Levi
3641 3992 3737 4043 pu-

2156 4057 2318 4111 steris
2361 4058 2691 4127 assignatam
2733 4075 2895 4131 supra
2944 4062 3200 4129 diximus,
3250 4062 3375 4118 Jesu
3432 4064 3544 4121 lilio
3589 4066 3738 4122 Nave

2158 4159 2360 4204 terram
2429 4153 2808 4219 promissionis
2863 4153 3244 4222 dispertiente.
3315 4155 3559 4227 Contigit
3605 4173 3738 4229 ergo

2154 4259 2277 4298 eum
2317 4243 2434 4299 dies
2463 4254 2685 4300 sanctus
2714 4255 2770 4299 et
2799 4245 2967 4300 festus
3012 4257 3267 4317 ageretur
3297 4264 3363 4302 ex
3406 4250 3738 4306 auctoritate

2155 4334 2308 4407 legis,
2355 4335 2712 4406 Scenopegia,
2736 4338 2978 4407 inquam,
3006 4339 3221 4406 quando
3251 4354 3318 4394 ex
3353 4356 3509 4397 more
3530 4357 3724 4398 omnes

2156 4429 2519 4497 undequaque
2591 4427 3020 4500 Hierosolymam
3098 4431 3213 4498 lege
3290 4431 3371 4487 sic
3446 4435 3738 4489 mandante

469 4528 634 4599 νόμου
684 4525 971 4597 τηρεῖσθαι
1020 4524 1448 4595 προστάττοντος
1471 4561 1485 4582 ,
1515 4519 1624 4574 τῶν
1666 4519 1775 4572 ἀπὸ
1807 4518 2049 4588 Σικίμων

2156 4519 2544 4582 ascendebant,
2585 4520 2847 4588 quosdam
2891 4521 2957 4575 de
3008 4519 3309 4578 Sichimitis
3350 4532 3445 4577 aut.
3480 4541 3738 4594 compun-

467 4622 642 4686 τινάς,
678 4620 711 4691 ἢ
745 4616 1203 4687 κατανυχθέντας,
1235 4614 1329 4668 καί
1364 4616 1459 4668 ἐπὶ
1481 4615 1549 4684 τῇ
1585 4610 1847 4683 πλανήσει
1878 4628 2048 4681 μετα-

465 4713 856 4781 γινώσκοντας,
887 4711 1053 4780 ῆγουν
1088 4709 1183 4762 καὶ
1212 4709 1291 4770 εἰς
1313 4705 1474 4776 νῆψιν
1504 4704 1874 4775 κεκλημένους
1897 4702 2049 4771 παρὰ

466 4804 627 4868 Θεοῦ,
677 4802 865 4858 λοιπὸν
907 4802 1163 4871 ἐθελῆσαι
1202 4802 1315 4863 τοῖς
1362 4798 1524 4862 θείοις
1556 4799 1803 4851 ὑπείκειν
1842 4798 2045 4868 νόμοις,

464 4900 561 4952 καὶ
591 4897 862 4965 ἀναϐῆναι
911 4895 1096 4965 ζητεῖν
1137 4894 1216 4955 εἰς
1253 4890 1628 4962 Ἰεροσόλυμα,
1664 4889 1951 4960 βούλεσθαί
1988 4906 2048 4940 τε

465 4989 655 5052 θυσίας
688 4986 1009 5059 προσάγειν,
1040 4990 1135 5038 καὶ
1163 4983 1262 5054 τὴν
1296 4982 1440 5036 κατὰ
1464 4982 1663 5051 νόμους
1692 4981 1885 5052 ἑορτὴν
1905 4983 2044 5034 ἀπο-

463 5083 747 5153 περαίνειν
805 5080 938 5131 ἐκεῖ.
984 5077 1158 5130 Τοῦτο
1196 5075 1253 5128 δέ
1300 5070 1369 5145 ἦν
1410 5073 1553 5144 ἀρχή
1591 5090 1674 5135 τις
1710 5072 1898 5141 ὥσπερ
1928 5073 2047 5123 ἐπι-

466 5175 728 5243 στροφῆς,
758 5170 852 5223 κα“ι
873 5168 968 5222 τοῦ
1005 5165 1343 5236 καταλήγειν
1367 5163 1461 5216 τοῦ
1488 5161 1845 5233 προσκεῖσθαι
1868 5161 2045 5214 θέλειν

460 5268 584 5328 ταῖς
633 5264 742 5316 τῶν
794 5260 1031 5315 εἰδώλων
1065 5257 1360 5331 λατρείαις,
1407 5257 1525 5309 Ἵνα
1557 5254 1667 5325 γὰρ
1717 5254 1792 5325 μὴ
1844 5254 2045 5307 θυσιῶν

462 5357 628 5410 ’ἐνεκά
655 5372 715 5408 τε
762 5355 856 5407 καὶ
888 5352 1091 5423 ἑορτῶν
1121 5350 1229 5404 τῶν
1275 5352 1418 5404 κατὰ
1454 5349 1619 5418 νόμον
1673 5347 2043 5402 ἀναϐαίνωσιν

459 5451 529 5504 ἐκ
570 5451 668 5519 τῆς
706 5446 1023 5517 Σαμαρείας
1068 5445 1148 5507 εἰς
1198 5442 1543 5514 Ἰεροσόλυμα
1589 5439 1697 5494 τῶν
1727 5439 1787 5503 ἐξ
1827 5440 2046 5511 Ἰσραήλ

460 5555 625 5601 τινες,
654 5537 925 5599 τουτέστι,
973 5534 1079 5587 τῶν
1109 5533 1240 5587 δέκα
1282 5532 1484 5601 φυλῶν,
1526 5526 1648 5583 εἶτα
1690 5529 1830 5583 κατὰ
1868 5530 2042 5600 βραχὺ

462 5631 784 5711 μεταθοῖντο
820 5630 953 5698 πρὸς
980 5626 1040 5679 τὸ
1069 5627 1126 5677 ἐν
1156 5626 1373 5696 ἀρχαῖς,
1402 5624 1495 5677 καὶ
1531 5622 1634 5675 ὑπό
1657 5639 1721 5691 γε
1742 5624 1840 5693 τὴν
1873 5621 2043 5677 Ἰούδα

535 5814 579 5845 ’⁷
612 5812 807 5866 [εἰει-(ιι.
844 5825 1029 5875 xxxiv,
1084 5806 1264 5861 l7-l9.
1342 5806 1385 5838 ⁸³
1415 5803 1590 5862 Judir.
1619 5803 1805 5870 tx,26.

2156 4620 2299 4677 ctos,
2346 4620 2401 4666 et
2444 4628 2606 4681 super
2653 4613 2967 4667 seductionc
3014 4629 3109 4667 sua
3153 4616 3502 4683 pmnitentes,
3546 4626 3637 4671 aut
3668 4617 3738 4672 ad

2156 4721 2343 4760 sanam
2376 4718 2610 4759 mentem
2644 4722 2672 4758 a
2712 4705 2822 4759 Deo
2846 4718 3068 4763 vocatos
3104 4712 3331 4776 posthac
3366 4710 3506 4765 velle
3533 4712 3735 4767 divinis

2156 4796 2367 4866 legibus
2446 4797 2726 4865 obsequi,
2797 4797 3214 4868 desiderareque
3293 4801 3728 4874 Hierosolymam

2158 4891 2477 4954 ascendere,
2505 4900 2556 4944 et
2585 4889 2921 4955 sacriﬁcare,
2954 4889 3263 4959 festumque
3302 4907 3331 4946 a
3369 4893 3486 4963 lege
3521 4896 3738 4949 manda-

2158 4991 2273 5036 tum
2322 4982 2492 5036 obire.
2542 4983 2719 5049 Atque
2761 4982 2865 5036 hoc
2912 4984 3285 5038 conversionis
3311 4994 3365 5039 et
3411 4987 3738 5041 cessationis

2155 5089 2185 5126 a
2216 5073 2361 5127 cultu
2396 5073 2687 5137 idolorum,
2718 5074 2803 5127 cui
2837 5088 2894 5127 se
2944 5075 3295 5141 devoverant,
3340 5074 3482 5129 velut
3537 5078 3740 5145 princi-

2154 5163 2300 5231 pium
2334 5173 2471 5221 erat.
2524 5164 2602 5220 Ne
2648 5166 2791 5221 enim
2835 5167 3227 5221 sacriliciorum
3282 5176 3334 5221 et
3378 5167 3499 5222 festi
3545 5183 3733 5231 causa,

2156 5265 2212 5308 ut
2244 5255 2329 5310 lex
2363 5257 2735 5325 praecipiebat,
2773 5258 2928 5328 103
2957 5274 2987 5313 e
3012 5258 3260 5313 Samaria
3304 5258 3737 5330 Hierosolymam

2151 5356 2401 5416 peterent
2428 5363 2495 5401 ex
2528 5347 2727 5401 lsraele
2756 5350 2999 5416 quidam,
3046 5350 3145 5403 hoc
3181 5359 3288 5414 est,
3316 5364 3385 5402 ex
3424 5351 3609 5404 decem
3640 5350 3732 5403 tri-

2152 5440 2347 5507 bubus,
2392 5456 2457 5495 ac
2484 5441 2681 5495 deinde
2708 5443 2969 5511 paulatim
3002 5444 3069 5496 ad
3101 5457 3283 5496 mores
3320 5442 3572 5511 antiquos
3612 5442 3734 5497 reli-

2152 5533 2475 5603 gionemque
2510 5535 2774 5600 redirent,
2813 5544 2868 5588 et
2896 5536 2995 5589 sub
3038 5549 3206 5603 regno
3236 5532 3374 5589 Juda
3409 5545 3611 5601 essent,
3639 5550 3735 5596 ex-

2152 5624 2411 5695 cogitavit
2469 5625 2622 5682 iuitio
2665 5626 2864 5681 vitulos
2914 5640 3112 5681 aureos
3170 5624 3487 5693 Jeroboam,
3534 5627 3736 5696 quibus
