4110 6368
427 341 530 397 175

1411 339 1471 394 S.
1511 335 1788 394 CYRILIJ
1829 337 2298 397 ALEXANDRINI
2339 339 2662 396 ARCHIEP.

3587 341 3686 397 176

423 464 665 518 sancitas
718 459 930 532 legibus
969 459 1318 514 acrimonias
1366 460 1627 514 adbibere
1661 461 1843 531 jussit,
1885 462 1982 533 glo‘

2105 463 2346 530 γένοιντο
2380 462 2680 532 βασιλείαν,
2715 461 3008 533 ἐπενόησεν
3048 463 3104 515 ἐν
3140 461 3333 534 ἀρχαῖς
3368 461 3466 525 τὰς
3503 462 3681 533 δαμά-

421 554 556 607 riam
591 552 703 607 Deo
729 553 1056 607 destinatam
1091 552 1206 604 suis
1227 551 1462 607 inventis
1487 554 1651 608 miser
1675 556 1994 622 decernens,

421 655 476 698 ut
512 645 614 700 sibi
644 659 866 715 regnum
896 659 1051 697 suum
1087 651 1204 696 tuto
1235 645 1556 712 possideret,
1590 656 1643 701 et
1692 647 1832 700 Deus
1871 663 1997 716 pro-

421 736 552 805 priis
595 735 741 790 velut
773 735 1138 789 fraudaretur.
1178 736 1320 807 Ergo
1366 739 1663 792 ascendere
1699 739 2000 810 Hierosoly-

420 843 560 882 mam
590 827 907 882 Sichimitas
942 828 1230 884 nonnullos
1261 845 1568 900 aggressos,
1606 831 1770 885 vicini
1812 848 1843 887 e
1886 832 1997 888 Ga-

419 919 538 975 laad
569 921 618 974 id
649 918 829 974 facere
869 921 1262 989 prohibebant;
1293 939 1624 991 quanquam,
1664 935 1722 978 ut
1769 926 1906 989 dixi,
1933 927 1998 981 de

419 1012 564 1065 tribu
593 1011 722 1065 Levi
763 1021 966 1075 essent,
996 1027 1024 1066 a
1070 1013 1190 1083 lege
1235 1014 1302 1067 ad
1344 1016 1613 1070 sacriﬁcia
1657 1019 1893 1070 curanda
1948 1028 1999 1071 et

418 1103 709 1159 factitanda
741 1105 1046 1158 constituti.
1076 1105 1342 1172 Quoniam
1391 1116 1573 1161 autem
1630 1112 1997 1177 operabantur

415 1210 552 1249 vana
581 1195 724 1266 (cum
753 1195 987 1250 artiﬁcio
1014 1196 1159 1250 enim
1203 1197 1344 1252 idola
1374 1198 1812 1271 fabricabantur)
1840 1202 1993 1270 quasi

417 1299 507 1339 ars
554 1285 715 1354 paulo
749 1294 872 1353 post
926 1285 976 1338 in
1013 1284 1242 1338 nihilum
1292 1286 1423 1356 ipsis
1455 1302 1706 1341 recasura
1750 1288 1912 1354 foret,
1947 1290 1992 1343 si

415 1379 485 1430 de
523 1387 722 1430 caetero
755 1376 918 1430 Israel
963 1376 1226 1430 idolorum
1259 1379 1463 1432 cultmn
1509 1389 1875 1444 aversaretur,
1914 1381 1993 1434 ira

414 1469 902 1524 exacerbabautur.
940 1468 1002 1521 Et
1035 1469 1161 1538 quia
1195 1472 1376 1524 verbis
1417 1487 1524 1527 non
1575 1474 1990 1542 persuadebunt,

415 1561 482 1613 ad
531 1560 693 1628 impia
731 1557 956 1613 consil-ia
996 1569 1052 1612 et
1091 1558 1232 1613 facta
1281 1560 1702 1618 descendebant.
1748 1564 1994 1618 Colloca-

414 1651 712 1706 banteuim
755 1649 1019 1719 quosdam
1052 1650 1106 1703 in
1145 1651 1325 1707 medio
1355 1654 1569 1720 itinere,
1597 1656 1686 1723 qui
1721 1655 1991 1710 latronum

414 1758 564 1798 more
619 1750 1000 1812 grassarentur
1033 1784 1047 1806 ,
1089 1753 1144 1796 ct
1190 1744 1507 1801 Sichimitas
1555 1746 1989 1819 Hierosolymam

413 1837 544 1907 ipsis
589 1839 772 1892 invitis
802 1841 1096 1896 ascendere
1139 1841 1490 1896 instituentes
1535 1851 1858 1897 mactarent.
1886 1842 1986 1909 Qui
2021 1821 2064 1876 Β

412 1938 590 1982 autem
625 1929 795 1985 salvis
842 1933 1163 2002 corporibus
1193 1949 1378 1988 eorum
1427 1948 1622 1988 manus
1649 1932 1985 2002 effugissent,

411 2022 656 2077 destituti
685 2024 791 2094 his,
820 2040 940 2093 quae
971 2026 1035 2080 ad
1064 2021 1392 2080 sacriﬁcium
1439 2027 1820 2095 apportabant,
1853 2025 1991 2079 dilIi—

411 2115 587 2168 culter
618 2116 670 2169 in
705 2099 937 2185 patriam
967 2117 1239 2172 redibant.
1271 2117 1643 2186 Reprehendit
1672 2117 1838 2187 igitur
1865 2119 1987 2171 uni-

413 2222 698 2262 versorum
729 2208 868 2264 Deus
894 2208 1230 2275 Galaaditas,
1267 2211 1407 2278 quod
1441 2224 1563 2264 cum
1592 2219 1648 2264 ut
1673 2208 1896 2274 Levitae,
1936 2219 1992 2262 et

409 2299 798 2366 sacerdotium,
828 2309 881 2356 et
912 2301 1034 2356 aliis
1063 2301 1338 2373 praeeundi
1385 2301 1619 2357 oﬁicium
1665 2302 1870 2370 sortiti,
1900 2316 1987 2356 sco

409 2392 589 2447 ductis
646 2394 790 2448 viam
858 2395 1074 2464 pietatis
1137 2394 1486 2465 conspicuam
1535 2411 1598 2450 ac
1641 2394 1985 2450 manifestam

411 2483 640 2537 reddere
668 2485 954 2551 deberent,
989 2485 1092 2555 ipsi
1123 2495 1316 2540 contra
1341 2499 1460 2538 eam
1493 2485 1850 2552 occultarent,
1881 2500 1986 2540 non

405 2575 648 2631 sinentcs
689 2587 835 2631 recte
868 2593 1059 2648 sapere
1088 2587 1180 2632 aut
1219 2588 1414 2648 suopte
1446 2579 1695 2643 consilio,
1721 2588 1815 2633 aut
1839 2589 1988 2633 certe

406 2682 644 2736 superna
675 2671 847 2738 gratia
891 2682 1270 2740 compunctos,
1327 2675 1395 2726 ad
1444 2689 1584 2726 onus
1633 2672 1986 2728 daemoniacae

404 2757 745 2826 deceptionis
771 2759 1034 2830 deinceps
1065 2763 1476 2817 excutiendum.
1501 2763 1760 2832 Aitergo,
1799 2781 1818 2814 ι
1857 2767 1981 2817 abs-

413 2850 718 2904 conderant
801 2852 1116 2906 sacerdotes
1164 2853 1307 2906 viam
1363 2854 1598 2908 Domini.
1641 2872 1660 2905 ›
1700 2854 1813 2909 Hoc
1855 2855 1982 2908 item

403 2949 510 3006 est,
550 2940 694 3009 quod
746 2942 816 2997 ab
866 2941 974 2996 alio
1022 2943 1282 3014 propheta
1339 2945 1460 2998 aliis
1512 2946 1696 2999 verbis
1742 2945 1982 3001 dicitur:

409 3051 431 3084 ι
471 3030 796 3087 Sacerdotes
847 3047 953 3087 non
999 3034 1270 3097 dixerunt,
1311 3032 1414 3090 libi
1461 3045 1544 3089 est
1590 3036 1886 3090 Dominus?
1931 3046 1986 3091 et

403 3123 724 3194 proﬁtentes
753 3126 925 3194 legem
958 3128 1278 3182 nesciebant
1307 3143 1394 3181 me
1419 3168 1436 3195 ,
1464 3139 1518 3182 ct
1545 3137 1790 3198 pastores
1821 3129 1982 3195 impie

2102 552 2215 614 λεις
2248 551 2550 622 Ἱεροϐοὶμ,
2579 552 2673 605 καὶ
2700 551 2941 622 πληροῦν
2983 551 3232 605 ἐκέλευεν
3272 554 3359 604 ἐπ’
3397 553 3588 616 αὑταῖς
3613 553 3681 605 τά

2102 644 2490 714 νενομισμένα,
2545 644 2642 714 τὴν
2689 642 2768 713 τῷ
2821 643 2942 714 Θεῷ
2997 645 3314 714 πρέπουσαν
3357 645 3513 709 δόξαν
3570 649 3686 708 τοῖς

2104 737 2253 800 ἰδίοις
2286 737 2582 808 εύρέμασιν
2626 738 2884 792 ἀνάπτων
2926 740 2955 790 ό
2992 737 3252 800 δείλαιος·
3301 736 3368 790 ἵν’
3421 739 3532 807 ἔχοι
3585 739 3680 808 μὲν

2099 829 2260 892 αὐτὸς
2286 829 2346 881 τὸ
2379 829 2685 900 βασιλεύειν
2715 830 2992 900 ἀσφαλῶς,
3021 831 3378 902 ἀποστεροῖτο
3409 831 3467 884 δὲ
3489 830 3684 901 ὥσπερ·

2099 921 2206 973 τῶν
2235 920 2379 974 ἰδίων
2410 923 2559 986 Θεός.
2608 923 2816 976 Οὐκοῦν
2852 923 3169 976 ἀναϐαίνειν
3212 925 3294 986 εἰς
3331 923 3680 994 Ἱεροσόλυμα

2097 1013 2204 1065 τῶν
2251 1014 2359 1066 ἀπὸ
2405 1013 2646 1084 Σικίμων
2719 1017 3040 1087 ἐπεχείρουν
3089 1015 3253 1078 τινὲς,
3315 1015 3576 1084 ἀπεῖργον
3626 1015 3681 1066 δὲ

2096 1105 2254 1158 τοῦτο
2303 1106 2434 1178 δρᾷν
2483 1109 2532 1158 οί
2586 1107 2694 1160 ἀπὸ
2752 1108 2854 1177 τῆς
2897 1108 3138 1175 γείτονος
3181 1107 3417 1172 Γαλαὰδ,
3475 1107 3677 1162 καίτοι.

2098 1198 2346 1270 καθάπερ
2385 1199 2541 1269 ἔφην,
2572 1199 2632 1263 ἐξ
2660 1201 2889 1269 αἵματος
2927 1199 3078 1263 ὄντες
3129 1199 3439 1262 Λευῖτικοῦ,
3485 1215 3680 1264 τεταγο

2100 1288 2250 1358 μένοι
2294 1288 2436 1342 κατά
2483 1290 2574 1342 τὸν
2619 1293 2782 1360 νόμον
2826 1293 2905 1353 εἰς
2953 1290 3284 1362 ἱερουργίαν.
3334 1288 3550 1360 Ἐπειδὴ
3621 1288 3677 1339 δὲ

2096 1378 2410 1451 εἰργάζοντο
2430 1381 2497 1434 τὰ
2525 1382 2728 1452 μάταια
2741 1383 3078 1454 (τεχνουργοὶ
3101 1377 3370 1454 γὰρ’ἦσαν
3397 1379 3672 1446 είδώλων),

2096 1473 2171 1534 ὡς
2197 1475 2320 1526 ὅσον
2352 1474 2566 1542 οὐδέπω
2615 1476 2713 1546 τῆς
2747 1475 2941 1546 τέχνης
2971 1475 3154 1536 αὐτοῖς
3194 1471 3556 1544 οίχησομένης
3595 1471 3675 1530 είς

2094 1562 2156 1616 τὺ
2197 1563 2382 1634 μηδὲν,
2412 1567 2460 1617 εἰ
2503 1568 2820 1634 παραιτοῖτο
2853 1564 3039 1617 λοιπὸν
3068 1562 3305 1626 εἰδώλοις
3333 1561 3619 1633 λατρεύειν
3645 1561 3674 1611 ὁ

2108 1653 2342 1724 Ἰσραὴλ,
2392 1655 2879 1726 κατεπικραίνοντο
2927 1653 3063 1724 πρὸς
3105 1653 3294 1722 ὀργάς.
3348 1653 3436 1716 Ὣς
3480 1651 3536 1704 δέ
3572 1651 3673 1702 ούκ

2095 1747 2310 1801 ἔπειθον
2347 1747 2546 1816 λόγοις,
2596 1749 2683 1800 ἐπ’
2727 1749 2973 1811 ἀνοσίους
3011 1743 3174 1818 ἦλθον
3222 1745 3422 1816 βουλάς
3467 1761 3524 1796 τε
3577 1743 3672 1796 καὶ

2092 1840 2342 1910 πράξεις.
2383 1840 2800 1911 Παρεσκεύαζον
2842 1840 2950 1910 γάρ
2990 1856 3142 1900 τινας
3185 1837 3326 1891 κατά
3373 1836 3542 1906 μέσην
3572 1835 3673 1904 τὴν

2092 1933 2210 1986 ὁδὸν
2226 1933 2548 2004 λῃστρικαῖς
2575 1933 2782 2000 ἐφόδοις
2811 1932 3134 2003 κεχρῆσθαι,
3160 1930 3256 1983 καὶ
3279 1930 3447 1999 φονᾷν
3467 1926 3670 1996 ἀγρίως

2092 2027 2234 2078 κατὰ
2265 2025 2585 2094 Σικιμιτῶν,
2619 2026 2665 2077 εί
2705 2024 3020 2078 ἀναϐαίνειν
3053 2023 3256 2076 ἕλοιντο
3283 2020 3438 2092 παρὰ
3475 2019 3537 2071 τὸ
3575 2019 3671 2070 ao-

2091 2117 2205 2176 τοῖς
2233 2113 2422 2167 δοκοῦν
2468 2116 2545 2178 είς
2583 2115 2952 2186 Ἱεροσόλυμα.
2987 2115 3098 2167 Καὶ
3143 2112 3384 2165 πλεῖστοι
3421 2110 3518 2180 μὲν
3555 2110 3676 2162 ὅσοι

2091 2205 2427 2259 διολώλασιν.
2481 2209 2543 2258 Ui
2603 2208 2659 2260 δὲ
2702 2208 2839 2270 eam;
2886 2207 3330 2276 ἀνασεσωσμένοι
3358 2246 3371 2263 .
3428 2206 3520 2258 καὶ
3569 2205 3672 2274 τῆς

2091 2297 2314 2352 ἐκείνων
2346 2297 2528 2370 χειρὺς
2560 2299 2899 2370 ἀποδραμεῖν
2955 2298 3303 2368 ίσχύσαντες,
3339 2298 3532 2368 ἔρημοι
3574 2313 3670 2363 γε-

2089 2393 2305 2462 γονότες
2361 2387 2436 2445 ὧν
2479 2391 2805 2462 ἐπεφέροντο
2850 2390 2987 2462 πρὸς
3032 2390 3244 2454 θυσίαν,
3289 2389 3676 2463 ἀνεκομίζοντο

2092 2486 2244 2556 μόλις
2275 2485 2354 2549 εἰς
2379 2484 2479 2554 τὴν
2506 2481 2740 2538 ἑαυτῶν.
2780 2483 3034 2551 Ἐγκαλεῖ
3077 2483 3254 2536 τοίνυν
3287 2484 3401 2544 τοῖς
3438 2482 3545 2534 ἀπὸ
3572 2483 3674 2549 τῆς,

2089 2578 2301 2632 Γαλαὰδ
2328 2580 2356 2631 ό
2376 2577 2484 2631 τῶν
2505 2576 2640 2631 ὅλων
2663 2577 2962 2646 Δεσπότης,
2987 2577 3068 2630 ὅτι
3098 2576 3273 2629 καίτοι
3297 2573 3496 2644 μᾶλλον
3517 2573 3667 2641 ὀφεί-

2089 2669 2269 2732 λοντες
2299 2670 2375 2732 ὡς
2411 2667 2658 2732 Λευῖται,
2705 2669 2799 2721 καὶ
2830 2668 3124 2739 ἱερουργοὶ,
3165 2665 3257 2720 καὶ
3294 2665 3352 2718 τὸ
3407 2663 3668 2734 καθηγεῖ-

2091 2761 2215 2814 σθαι
2259 2760 2367 2815 τῶν
2400 2761 2576 2815 ἄλλων
2607 2759 2886 2830 λαχόντες,
2931 2759 3074 2812 κατὰ
3123 2758 3214 2811 τὸν
3259 2755 3421 2827 νόμον
3461 2755 3668 2826 ἐναργῆ

2085 2857 2201 2918 τοῖς
2247 2853 2686 2924 πεπλανημένοις
2725 2852 2824 2924 τὴν
2863 2851 2965 2922 τῆς
3020 2851 3301 2912 εὐσεϐείας
3349 2851 3678 2920 ἀποφαίνειν-

2087 2949 2225 3014 ὁδὸν,
2263 2948 2328 2999 ἐκ
2360 2945 2470 2999 τῶν
2493 2945 2751 2999 ἐναντίων
2780 2946 2874 2998 καὶ
2897 2943 3255 3014 κρύπτουσιν,
3287 2943 3422 3014 ὀρθὰ
3454 2945 3670 3015 φρονεῖν

2087 3038 2187 3091 οὐκ
2214 3036 2414 3098 ἐῶντες
2450 3035 2578 3097 τοὺς
2617 3035 2676 3101 ἐξ
2709 3035 2845 3098 ἰδίας
2877 3034 3092 3104 βουλῆς,
3126 3034 3292 3105 ἤγουν
3329 3033 3422 3088 κοιλ⁸
3460 3036 3525 3087 ἐκ
3561 3033 3664 3102 τῆς

2087 3128 2294 3182 ἄνωθεν
2329 3128 2614 3199 εὐμενείας
2665 3126 3174 3196 κατανενυγμένους
3220 3128 3298 3189 είς
3345 3125 3406 3178 τὸ
3451 3125 3668 3178 ἑλέσθαι

404 3214 635 3285 agebant
663 3215 714 3268 in
755 3230 842 3269 me
875 3216 943 3269 ”.
984 3235 1006 3269 ι
1043 3216 1226 3286 Neque
1255 3233 1386 3272 vero
1416 3220 1505 3273 hic
1549 3219 1754 3273 scelera
1789 3217 1982 3272 Galan—

2086 3219 2270 3273 λοιπὸν
2308 3220 2410 3291 τὴν
2447 3219 2557 3272 τῶν
2609 3219 2902 3290 δαιμονίων
2933 3219 3405 3289 ἀποφορτίσασθαι
3436 3218 3665 3287 πλάνην.

402 3309 638 3362 ditarum
687 3309 1031 3376 quieverunt.
1077 3309 1212 3363 Nam
1264 3319 1628 3380 praeterquam
1659 3313 1802 3380 quod
1837 3313 1977 3363 viam

404 3400 616 3454 Domini
662 3401 1081 3466 absconderem,
1123 3402 1286 3456 etiam
1343 3401 1653 3457 Sichimitas
1689 3418 1784 3472 per
1817 3401 1982 3455 latro-

401 3492 608 3546 cinium
646 3502 929 3561 raptantes
959 3494 1372 3550 interﬁciebant.
1403 3493 1766 3562 Quamobrem
1817 3504 1872 3548 et
1907 3495 1980 3548 ita

399 3582 602 3638 Galaad
637 3585 1035 3655 alloquebatur,
1078 3605 1100 3638 ι
1143 3585 1215 3640 Ει
1251 3587 1512 3642 fortitudo
1547 3598 1632 3641 tua
1668 3595 1722 3640 ιιι
1763 3587 1860 3641 viri
1899 3589 1983 3656 pi-

400 3686 556 3732 ratae.
601 3697 624 3730 ›

2092 3330 2111 3362 ι
2145 3310 2432 3382 Ἔκρυψαν
2468 3329 2486 3360 ι
2516 3310 2728 3375 τοίνυν,
2750 3309 2937 3380 φησὶν,
2976 3328 2994 3360 ι
3033 3311 3201 3380 ἱερεῖς
3231 3309 3347 3362 ὁδὸν
3382 3308 3609 3378 Κυρίου.
3641 3326 3663 3358 ι

2089 3403 2259 3456 Τοῦτο
2301 3402 2465 3456 πάλιν
2508 3403 2656 3456 ἐστὶν
2701 3403 2902 3473 ἑτέρως
2954 3403 3015 3454 τὸ
3055 3401 3120 3454 δι’
3159 3402 3347 3470 ἐτέρου
3386 3403 3664 3472 προφήτου

2086 3495 2274 3565 σαφῶς
2315 3496 2636 3566 εἰρημένον·
2674 3513 2692 3544 ι
2727 3496 2790 3546 Οἱ
2831 3496 2994 3565 ἱερεῖς
3037 3495 3135 3548 οὐκ
3182 3490 3362 3547 εἶπαν·
3394 3493 3504 3548 Ποῦ
3549 3494 3668 3546 ἐστι

2083 3591 2323 3663 Κύριος;
2355 3591 2450 3643 καὶ
2479 3591 2527 3642 οἱ
2558 3590 2907 3660 ἀντεχόμενοι
2936 3588 3030 3642 τοῦ
3062 3588 3226 3659 νόμου
3251 3587 3349 3640 ούκ
3370 3585 3672 3656 ἠπίσταντό

2085 3697 2174 3752 με,
2205 3681 2300 3734 καὶ
2326 3681 2376 3732 οἱ
2407 3678 2663 3750 ποιμένες
2697 3679 2926 3748 ἠσέϐουν
2965 3679 3047 3742 εἰς
3075 3678 3196 3748 ἐμέ.
3229 3697 3248 3729 ι
3297 3676 3438 3729 Ἀλλ’
3468 3676 3527 3728 ού
3563 3673 3663 3744 μέ-

401 3785 493 3840 χρι
517 3769 710 3823 τούτου
736 3769 846 3824 τῶν
871 3769 1218 3824 Γαλααδιτῶν
1238 3771 1307 3824 τὰ
1335 3772 1670 3842 γεννήματα.
1695 3771 1838 3842 Πρὸς
1863 3771 1972 3845 γὰρ
2009 3771 2090 3842 τῷ
2134 3772 2339 3842 κρύψαι
2376 3769 2476 3841 τὴν
2540 3770 2656 3823 ὁδὸν
2687 3770 2893 3840 Κυρίου
2927 3770 3022 3823 καὶ
3074 3770 3404 3822 ἀπεκτόνασι
3439 3766 3661 3836 Σίκιμα,

404 3867 594 3938 χερσὶν
621 3869 989 3938 ὑποφέροντες
1031 3868 1372 3940 λῃστρικαῖς.
1402 3869 1502 3921 Διά
1549 3871 1661 3940 γὰρ
1697 3869 1856 3923 τοῦτο
1895 3869 1997 3923 καὶ.
2028 3869 2236 3939 ἔφασκε
2310 3869 2446 3941 πρὸς
2479 3868 2720 3934 Γαλαὰδ,
2751 3887 2768 3918 ι
2805 3868 2917 3922 Καὶ
2951 3869 2983 3939 ἡ
3046 3867 3199 3939 ἰσχύς
3238 3885 3332 3920 σου
3368 3867 3442 3929 ὡς
3471 3865 3663 3934 ἀνδρὸς

396 3977 679 4033 πειρατου.
724 3980 745 4013 ι

466 4052 721 4121 Perspice
765 4063 944 4108 autem
977 4053 1246 4119 quomodo
1289 4052 1722 4109 recordationem
1767 4052 1966 4108 veteris

394 4143 638 4200 historiae
673 4143 817 4200 Deus
862 4143 1019 4199 nobis
1058 4153 1302 4210 renovat,
1339 4154 1694 4211 veterumque
1744 4143 1975 4198 delicto-

393 4250 516 4290 rum
560 4233 688 4289 Levi
719 4236 983 4291 meminit.
1027 4234 1178 4302 Quod
1226 4235 1370 4300 dico,
1405 4244 1489 4289 est
1535 4234 1802 4305 ejusmodi
1852 4250 1974 4289 rur-

391 4340 534 4380 sum.
571 4324 706 4378 Dina
749 4323 942 4389 Jacob,
993 4324 1106 4380 sive
1155 4323 1370 4378 lsraelis
1419 4324 1526 4378 ﬁlia
1572 4324 1860 4394 (mutatum
1891 4334 1974 4380 est

391 4417 536 4470 enim
567 4417 639 4471 illi
675 4432 868 4472 nomen
897 4415 1062 4471 Iacob
1089 4418 1140 4471 in
1176 4417 1336 4488 ιοιι
1365 4415 1530 4471 Israel
1555 4417 1612 4488 ί)
1643 4432 1859 4488 egressa
1888 4425 1972 4472 est

2144 4046 2288 4117 Ὅρα
2329 4045 2388 4098 δὲ
2431 4045 2581 4107 ὅπως
2616 4047 2697 4108 εἰς
2741 4045 3047 4115 ἀνάμνησιν
3097 4045 3199 4115 τῆς
3233 4045 3465 4116 ἀρχαίας
3512 4047 3663 4117 ἡμᾶς

2073 4137 2314 4208 ἱστορίας
2355 4137 2624 4207 ἀποφέρει
2669 4136 2823 4202 Θεὸς,
2871 4137 2966 4189 καὶ
3001 4136 3249 4189 παλαιῶν
3296 4135 3660 4208 ἐγκλημάτων

2069 4228 2440 4300 διαμέμνηται
2465 4229 2560 4282 τοῦ
2599 4229 2754 4282 Λευῖ.
2793 4229 2950 4283 Ἐστι
2983 4228 3040 4282 δὲ
3073 4230 3101 4282 ὅ
3150 4246 3293 4300 φημι
3326 4231 3567 4285 τοιοῦτόν
3605 4249 3660 4285 τι

2071 4318 2256 4372 πάλιν.
2289 4317 2418 4372 Δίνα
2451 4317 2550 4388 μὲν
2581 4316 2690 4390 γάρ
2719 4319 2753 4388 ἡ
2777 4316 2870 4370 τοῦ
2912 4317 3132 4383 Ἰακὼϐ,
3162 4320 3282 4390 ἦτοι
3311 4318 3406 4372 τοῦ
3444 4320 3660 4391 Ἰσραὴλ

2073 4408 2326 4480 θυγάτηρ
2357 4408 2802 4480 (μετωνόμασται
2830 4409 2939 4480 γὰρ
2973 4409 3169 4464 Ἰακὼϐ
3203 4412 3283 4475 είς
3318 4411 3376 4464 τὸ
3419 4411 3657 4482 Ἰσραὴλ)

391 4509 681 4579 aliquando
708 4525 742 4565 e
768 4509 1001 4565 tentorio
1035 4511 1226 4580 patris,
1247 4511 1388 4579 quod
1416 4511 1555 4566 ﬁlias
1585 4512 1964 4581 indigenarum

2085 4504 2261 4576 ἐξῆλθέ
2289 4521 2416 4557 ποτε
2439 4504 2538 4574 τῆς
2573 4503 2667 4557 τοῦ
2694 4505 2902 4576 πατρὸς
2940 4505 3171 4575 σκηνῆς·
3203 4505 3522 4578 ἐπεθύμησε
3549 4511 3658 4581 γὰρ

391 4603 576 4656 videre
603 4612 846 4671 cuperet.
877 4601 1008 4656 Erat
1047 4617 1210 4671 porro
1254 4603 1306 4657 in
1340 4602 1616 4676 Sichimis.
1647 4603 1783 4658 Tum
1829 4619 1965 4659 con-

389 4705 578 4764 specta
629 4693 833 4764 puella,
858 4694 1080 4748 Emmor
1128 4694 1270 4750 ﬁlius
1321 4695 1540 4751 Sichem
1572 4697 1638 4751 de
1672 4696 1966 4766 improviso

389 4799 755 4854 compressam
782 4783 1096 4854 virginitate
1130 4786 1305 4839 exuit.
1326 4787 1380 4840 ld
1407 4787 1750 4856 iniquissime
1780 4787 1962 4842 feren-

390 4888 472 4934 tes
517 4876 936 4932 adolescentulte
983 4876 1180 4931 fratres
1231 4877 1362 4932 Levi
1398 4887 1454 4934 et
1485 4878 1738 4943 Simeon,
1785 4879 1964 4934 dolum

388 4977 636 5023 struunt.
667 4966 988 5022 Sichimitas
1012 4967 1296 5034 inducunt,
1327 4970 1403 5023 uti
1436 4985 1497 5024 se
1525 4970 1840 5026 circumcidi
1870 4986 1966 5040 pa-

387 5061 614 5116 tiantur.
655 5059 776 5126 Quo
818 5059 984 5124 facto,
1015 5060 1192 5114 adhuc
1238 5076 1268 5115 e
1319 5061 1543 5117 vulnere
1589 5065 1753 5117 etiam
1801 5073 1969 5132 atque

385 5151 548 5207 etiam
576 5153 1031 5219 vehementerque
1055 5149 1319 5215 dolentes,
1345 5153 1412 5206 ad
1453 5167 1617 5206 unum
1657 5168 1849 5208 omnes
1867 5152 1961 5220 ju-

385 5243 607 5314 gulant,
659 5241 788 5296 illud
859 5239 1045 5310 patri,
1098 5240 1450 5309 impotentem
1495 5255 1682 5295 eormn
1747 5242 1961 5297 iracun-

385 5333 528 5387 diam
591 5331 875 5403 castiganti
952 5332 1368 5400 respondentes,
1439 5349 1458 5384 ι
1515 5331 1653 5387 Num
1693 5343 1954 5403 tanquam

383 5432 566 5479 scorto
597 5434 819 5479 utentur
869 5439 1060 5478 sorore
1104 5425 1330 5478 nostra?
1363 5442 1384 5474 ι
1418 5421 1741 5494 Huiusmodi
1783 5427 1959 5481 histo-

384 5517 520 5571 riam
540 5532 681 5571 nunc
713 5517 765 5570 in
796 5516 1118 5571 memoriam
1150 5516 1305 5570 nobis
1333 5517 1548 5588 redigit,
1576 5533 1700 5573 cum
1723 5520 1956 5589 quadam

383 5610 712 5676 urbanitate,
758 5624 823 5664 ac
860 5607 1300 5664 dissimulatione
1347 5610 1551 5679 dicens,
1599 5629 1616 5663 ι
1651 5609 1960 5682 [lnterfece-

448 5796 492 5829 "
523 5791 634 5850 Jcr.
667 5807 728 5858 ιι,
758 5789 811 5844 8.
890 5790 1073 5862 "Gen.
1103 5789 1388 5856 xxxuﬁs.

2074 4599 2202 4652 ἰδεῖν
2239 4597 2336 4661 τὰς
2373 4597 2484 4650 τῶν
2522 4597 2804 4668 ἐγχωρίων
2858 4595 3184 4668 θυγατέρας.
3230 4593 3340 4650 Ἦν
3372 4599 3428 4652 δὲ
3465 4602 3523 4652 ἐν
3565 4603 3657 4654 Σι-

2071 4689 2272 4761 κίμοις.
2315 4684 2446 4742 Εἶτα
2485 4687 2584 4759 τὴν
2623 4687 2892 4759 παρθένον
2931 4687 3108 4759 εὑρὼν
3144 4689 3376 4761 Ἑμμὼρ
3411 4693 3440 4745 ὁ
3474 4693 3659 4763 Συχὲμ

2071 4783 2220 4848 υἱὸς,
2263 4783 2541 4853 ἀδοκήτως
2607 4780 2987 4846 κατεϐιάζετοο
3043 4782 3468 4854 διεπαρθένευσε
3523 4786 3653 4856 γάρ.

2070 4874 2541 4946 Δεδυσφορηκότες
2568 4873 2748 4926 τοίνυν
2784 4874 2922 4945 πρὸς
2962 4873 3120 4927 τοῦτο
3152 4874 3273 4928 λίαν
3308 4876 3358 4928 οἱ
3388 4877 3490 4947 τῆς
3526 4879 3655 4932 νεά-

2074 4967 2214 5030 νιδος
2258 4967 2506 5036 ἀδελφοὶ,
2548 4966 2679 5020 Αευῖ
2722 4983 2782 5019 τε
2810 4967 2905 5021 καὶ
2934 4967 3170 5038 Σιμεὼν,
3198 4969 3354 5023 δόλον»
3374 4969 3652 5041 ἀρτύουσι.

2073 5059 2502 5131 Περιτέμνεσθαι
2534 5060 2643 5130 γὰρ
2680 5060 2964 5114 ἀνέπειθον
2993 5061 3122 5123 τοὺς
3147 5061 3255 5115 ἀπὸ
3287 5062 3550 5133 Σικίμων.
3579 5059 3656 5118 Οὗ

2069 5149 2133 5220 δὴ
2176 5151 2483 5219 γεγονότος,
2507 5150 2805 5220 ἀλγοῦντας
2849 5151 2930 5204 ἔτι
2982 5152 3077 5205 καὶ
3112 5154 3233 5215 ταῖς
3263 5153 3480 5215 ὀδύναις
3512 5171 3654 5207 νενε-

2069 5245 2343 5315 κημένους
2386 5245 2555 5316 ἄρδην
2584 5245 2971 5312 ἀπεκτόνασιν,
3004 5247 3181 5298 ἐκεῖνο
3210 5245 3461 5314 λέγοντες
3489 5248 3654 5313 ἐγκα-

2066 5336 2244 5390 λοῦντι
2281 5337 2358 5407 τῷ
2397 5337 2566 5408 πατρὶ
2590 5337 2652 5389 τὸ
2677 5337 2929 5407 ἀχάλινον
2963 5337 3044 5399 εἰς
3071 5337 3239 5406 ὀργάς
3258 5353 3272 5367 ο
3302 5355 3320 5387 ι
3356 5336 3497 5390 Ἀλλ’
3512 5336 3655 5390 ,ὡσεὶ

2065 5428 2238 5500 πόρνῃ
2283 5428 2576 5498 χρήσονται
2615 5429 2682 5498 τῇ
2725 5425 2924 5496 ἀδελφῇ
2974 5425 3164 5494 ὴμῶνς
3192 5445 3210 5477 ι
3252 5425 3365 5495 Τῆς
3396 5423 3654 5492 τοιαύτης

2067 5521 2306 5592 ἱστορίας
2342 5521 2492 5591 ἡμᾶς
2540 5522 2618 5581 εἰς
2663 5519 2970 5588 ἀνάμνησιν
3024 5517 3290 5588 ἀποφέρει
3341 5515 3459 5579 νῦν,
3517 5515 3654 5586 μετά

2065 5629 2207 5677 τινος
2235 5613 2397 5683 ἤθους
2421 5613 2613 5682 λέγων,
2649 5630 2674 5662 ιι
2708 5612 3033 5681 Ἐφόνευσαν
3063 5612 3286 5678 Σίκιμα,
3315 5611 3397 5664 ὅτι
3421 5608 3655 5680 ἀνομίαν
