4110 6368
445 379 551 437 177

1361 356 1914 435 COMMENTARIUS
1952 378 2019 434 1N
2059 380 2292 437 ossam
2336 381 2781 438 PROPIIETAM.

3613 382 3716 439 178

441 494 704 564 ἐποίησαν
738 494 796 546 ἐν
827 492 902 564 τῷ
929 494 1060 565 οἴκῳ
1093 493 1329 565 Ἰσραήλ.
1356 514 1373 546 ι
1414 494 1604 561 Τοῦτο,
1642 497 1828 567 φησὶν,
1865 498 2032 566 ἐγκα-

2157 513 2262 555 ιιιηι
2297 501 2560 568 Sicltima,
2602 502 2728 572 quia
2780 501 3122 572 iniquitatem
3167 500 3413 556 fecerunt
3454 497 3510 552 in
3557 497 3718 552 domo

442 587 667 651 λοῦντες
706 587 857 654 τότε,
907 589 991 641 ὅτι
1040 587 1570 659 πεπλημμελήκασιν
1615 591 1696 653 εἰς
1746 590 1836 644 τὸν
1886 586 2034 645 οἷκον

451 678 678 744 Ἰακὼϐ,
720 679 842 749 ἦτοι
888 680 983 732 τοῦ
1033 679 1283 751 Ἰσραὴλ,
1327 679 1892 752 διαπαρθενεὺσαντες
1940 683 2036 754 τὴν

441 769 680 834 νεάνιδα,
726 768 980 842 ταύτῃτοι
1028 769 1120 822 καὶ
1162 772 1322 841 ἡμεῖς
1370 771 1754 843 ἀπεκτόναμεν
1805 774 2031 844 Σίκιμα.

455 863 619 917 Ἀλλά
648 861 743 915 νῦν
773 860 1181 924 ἐϐουλεύσαντο,
1210 862 1394 931 φησὶν,
1423 863 1753 935 ἐπιστρέψαι
1781 865 1920 936 πρὸς
1945 866 2036 920 τὸν

444 956 598 1018 θεὸν,
627 955 911 1024 ἀγαπῆσαι
941 953 1010 1006 τὰ
1047 954 1106 1006 ἐν
1137 953 1307 1025 νόμῳ,
1340 955 1629 1027 πληρῶσαι
1675 955 1889 1023 θυσίας,
1917 959 2038 1010 ἐπι-

447 1045 620 1098 τελεῖν
648 1046 856 1117 ἑορτὰς,
887 1037 1252 1116 ἀποφοιτῆσαι
1286 1045 1470 1100 λοιπὸν
1493 1046 1603 1102 τῶν
1631 1048 1730 1118 τῆς
1753 1049 2036 1102 εἰδωλολα-

446 1135 628 1206 τρείας
652 1135 950 1207 λογισμῶν.
979 1135 1045 1189 Τί
1071 1131 1165 1190 οὖν
1197 1137 1245 1189 οἱ
1273 1136 1530 1203 Λευῖται;
1566 1157 1584 1190 ι
1611 1139 1896 1210 Ἐκρυψαν
1939 1140 2037 1211 τὴν

449 1227 570 1280 ὁδὸν
616 1227 848 1298 Κυρίου,
890 1228 1188 1298 ἐφόνευσαν
1228 1230 1451 1301 Σίκιμα.
1480 1250 1498 1282 ι
1531 1231 1602 1284 Ἦ
1631 1231 1772 1302 τάχα
1803 1232 1898 1286 καὶ
1942 1231 2037 1286 νῦν

448 1319 701 1388 ἐγκαλεῖν
731 1320 966 1392 ἔχουσιν,
1006 1322 1087 1374 ὅτι
1136 1321 1366 1392 ἀνομίαν
1397 1321 1660 1392 ἐποίησαν
1706 1325 1764 1378 ὲν
1795 1321 1870 1394 τῷ
1903 1323 2038 1394 οἴκῳ

460 1413 708 1485 Ίσραήλ;
760 1413 897 1467 Ποία
932 1411 1028 1467 καὶ
1072 1411 1168 1467 νῦν
1216 1413 1449 1484 ὑϐρίσθη
1494 1417 1708 1480 νεᾶνις;
1752 1417 1831 1479 εἰς
1878 1416 2039 1468 ποίαν

447 1505 609 1558 Δίναν
665 1501 1008 1574 ἐξήμαρτον;
1054 1504 1182 1556 ποῖα
1229 1504 1527 1575 Σικιμιτῶν
1578 1506 1645 1559 τά
1683 1505 2035 1577 ἐγκλήματα;

447 1596 558 1648 τῶν
587 1595 980 1664 ’τετιμηκότων
1025 1594 1180 1660 Θεὸν,
1223 1595 1332 1649 τῶν
1376 1597 1745 1667 ἡγαπηκότων
1793 1597 1863 1651 τὰ
1903 1598 2038 1670 ὀρθὰ

445 1686 638 1740 λοιπὸν
666 1685 880 1740 ἑλέσθαι
915 1689 1153 1756 φρονεῖν,
1185 1689 1278 1740 καὶ
1305 1687 1695 1758 ἀποπεραίνειν
1720 1689 2037 1758 ἐπείγεσθαι

447 1777 520 1830 τὰ
559 1779 617 1830 ἐν
653 1777 824 1848 νόμῳ.
863 1796 882 1827 ι
911 1777 1190 1848 Τεθέαμαι
1223 1797 1241 1829 ι
1271 1779 1472 1841 τοίνςν,
1502 1780 1668 1850 φησὶ,
1715 1798 1734 1830 ι
1767 1781 2038 1851 φρικωδε-

2137 593 2302 650 Israel
2334 596 2377 651 ¹.
2412 613 2430 646 ι
2467 594 2602 661 Hoc,
2654 594 2851 664 inquit,
2882 593 3207 664 objicientes
3236 600 3406 656 tunc;
3438 588 3564 659 quia
3591 603 3720 655 pec-

2137 695 2396 740 caverunt
2427 685 2478 738 in
2509 685 2726 739 domum
2751 684 2941 749 Jacob,
2987 684 3103 739 sive
3141 682 3330 747 Israel,
3363 680 3544 751 puella
3585 694 3720 734 eou-

2137 786 2408 848 Stuprata,
2459 777 2666 833 idcirco
2711 787 2766 832 et
2813 792 2912 833 nos
2961 775 3204 832 Sicltima
3247 773 3568 831 occidimus.
3611 768 3720 825 Sed

2138 887 2281 926 nunc
2306 864 2635 934 statuerunt,
2664 871 2860 941 inquit,
2893 870 3134 925 converti
3163 867 3229 923 ad
3271 868 3463 929 Deum,
3497 863 3720 934 diligere

2136 965 2331 1035 legem,
2359 965 2669 1029 persolvere
2691 963 2981 1029 sacrificia,
3011 974 3270 1031 peragere
3293 959 3411 1013 dies
3439 955 3632 1016 festos,
3661 953 3716 1006 in

2140 1059 2376 1112 futurum
2408 1073 2436 1111 a
2461 1055 2889 1126 cogitationibus
2919 1052 3284 1123 superstitiosi
3324 1051 3548 1106 deorum
3593 1047 3712 1100 cul-

2141 1157 2226 1203 tus
2267 1147 2564 1201 discedere.
2616 1145 2756 1214 Quid
2803 1145 2868 1199 ad
2916 1144 3031 1199 haec
3063 1142 3302 1198 Levita?
3336 1159 3355 1191 (
3403 1138 3719 1194 Absconde-

2140 1251 2264 1294 runt
2314 1240 2457 1293 viam
2511 1237 2765 1301 Domini,
2808 1235 3205 1292 interfecerunt
3257 1232 3522 1287 Sicltima.
3565 1249 3583 1280 ι
3635 1228 3718 1280 Au

2137 1329 2372 1386 fortasse
2414 1332 2577 1384 etiam
2627 1343 2771 1383 nunc
2816 1343 2910 1382 eos
2962 1339 3222 1382 accusare
3273 1331 3522 1393 possunt,
3576 1321 3720 1390 quod

2139 1421 2483 1493 iniquitatem
2538 1418 2770 1475 fecerint
2826 1419 2881 1473 in
2946 1418 3107 1474 domo
3151 1415 3357 1472 Israel?
3397 1413 3526 1481 Quae
3573 1413 3720 1467 enim

2139 1511 2319 1584 puella
2351 1521 2406 1566 et
2454 1527 2597 1566 nunc
2629 1509 2901 1580 injuriose
2932 1517 3162 1564 tractata
3203 1507 3325 1562 est?
3356 1506 3408 1560 in
3441 1519 3601 1571 quam
3635 1501 3725 1554 Di-

2139 1621 2261 1658 nam
2288 1603 2958 1673 peccaverunt?qua3nam
2981 1600 3396 1656 Sichimitarnm
3427 1592 3719 1650 facinora?

2140 1695 2239 1763 Qui
2259 1695 2423 1750 Deum
2447 1696 2804 1761 liouorarunt,
2824 1694 2914 1764 qui
2935 1694 3000 1748 de
3018 1693 3228 1762 reliquo
3257 1698 3468 1743 mutare
3486 1695 3722 1740 mentem

2142 1803 2336 1857 magna
2369 1787 2646 1841 voluntate
2673 1788 3055 1850 decreverunt,
3091 1795 3143 1839 et
3198 1781 3438 1838 studiose
3468 1787 3726 1848 prae-stare

454 1868 657 1940 στάτην
703 1867 802 1938 τὴν
861 1869 979 1921 ἐκεῖ
1039 1868 1296 1940 πορνείαν
1352 1863 1445 1922 τοῦ
1497 1870 1757 1942 Ἐφραῖμ.
1790 1891 1808 1922 ι
1856 1873 2040 1926 Κατα-

2157 1895 2262 1950 lua:
2317 1878 2527 1949 legibus
2591 1878 2790 1933 divinis
2839 1877 3258 1948 praecipiuntur.
3309 1873 3488 1942 Inqnit
3541 1870 3724 1939 igitur,

454 1959 686 2031 πλαγείη
726 1959 835 2030 γὰρ
863 1960 930 2013 ἀν
957 1976 1062 2026 τις,
1105 1959 1199 2012 καὶ
1231 1961 1436 2032 σφόδρα
1480 1961 1732 2025 εἰκότως,
1775 1964 2045 2018 τοσούτων

452 2051 598 2122 ὁρῶν
627 2050 986 2116 ἀπονενευκὸς
1017 2053 1116 2122 τῆς
1147 2053 1228 2116 εἰς
1259 2052 1392 2106 Θεὸν
1417 2053 1640 2125 ἀγάπης
1666 2054 1726 2107 τὸ
1753 2054 1897 2126 ἱερὸν
1952 2058 2048 2111 καὶ

450 2144 753 2199 ἀπόλεκτον
791 2145 968 2212 γένος,
997 2144 1072 2209 ὡς
1114 2144 1191 2217 μὴ
1225 2144 1385 2214 μόνον
1429 2146 1625 2210 αὐτοὺς
1671 2146 1780 2200 τῶν
1810 2146 2047 2202 εἰδώλων
2089 2178 2102 2190 -

454 2239 686 2309 εὑρετὰς
726 2239 981 2308 γενέσθαι
1023 2243 1138 2306 τοῖς
1177 2239 1393 2306 ἄλλοις,
1426 2239 1562 2295 ἀλλά
1601 2243 1693 2294 καὶ
1728 2241 2048 2298 διακωλύειν

457 2330 691 2397 αὐτοὺς,
727 2333 777 2383 εἰ
817 2332 1036 2402 ἀγαπᾷν
1067 2331 1272 2386 ἐλοιντο
1309 2333 1377 2386 τὰ
1416 2333 1511 2387 τοῦ
1551 2333 1711 2391 Θεοῦ.
1750 2354 1766 2386 ι
1796 2336 2053 2407 Καταμε-

459 2422 680 2493 μίανται
721 2422 920 2487 τοίνυν,
951 2441 970 2475 ι
1024 2424 1208 2494 φησὶν,
1263 2444 1281 2476 ι
1326 2425 1543 2498 Ἰσραὴλ
1606 2426 1702 2480 καὶ
1761 2427 1980 2491 Ἰούδας.
2027 2448 2045 2480 ι

459 2517 620 2570 Ὥστε
657 2518 752 2570 καὶ
785 2519 840 2571 el’
866 2534 920 2570 τι
955 2517 1174 2572 πάθοιεν
1213 2517 1321 2572 τῶν
1359 2519 1846 2591 προσδοκωμένων,
1887 2522 2053 2590 ἐγκα-

458 2608 618 2662 λείτω
659 2609 847 2681 μηδεὶς
879 2609 1277 2679 ἀγανακτοῦντι
1307 2609 1449 2680 Θεῷ.

533 2790 747 2858 Ἀρχου
785 2789 1014 2859 τρυγᾷν
1058 2790 1294 2856 σεαυτῷ
1323 2790 1394 2844 ἐν
1427 2791 1506 2857 τῷ
1552 2791 1935 2863 ἐπιστρέφειν
1975 2812 2054 2864 με

458 2878 575 2948 τὴν
599 2881 1018 2948 αἰχμαλωσίαν
1052 2882 1161 2937 τοῦ
1189 2883 1343 2938 λαοῦ
1363 2900 1504 2953 μου,
1547 2884 1618 2938 ἐν
1658 2883 1739 2951 τῷ
1767 2887 2056 2942 ἰάσασθαί

457 2988 532 3039 με
560 2969 668 3023 τὸν
704 2970 965 3040 Ἰσραήλ.

532 3061 650 3114 ΞΘ’.
691 3063 849 3117 Ἔστι
888 3063 1051 3117 πάλιν
1071 3065 1099 3116 ὁ
1128 3063 1288 3135 λόγος
1323 3066 1462 3138 πρὸς
1485 3067 1577 3122 τὸν
1609 3069 1708 3139 τῆς
1738 3068 1951 3122 Γαλαὰδ
1980 3071 2058 3122 οἱ-

460 3155 689 3224 κήτορα.
727 3154 976 3208 Διδάσκει
1012 3154 1089 3222 δὲ,
1116 3156 1197 3209 ὅτι
1239 3156 1383 3226 Ἐγὼ
1416 3156 1514 3230 μὲν
1544 3157 1800 3230 ἠρξάμην
1820 3160 1896 3222 ὼς
1926 3160 2057 3224 Θεὸς

463 3246 645 3299 ἰᾶσθαί
682 3263 743 3298 τε
793 3248 886 3300 καὶ
934 3248 1288 3320 ἐπιστρέφειν
1347 3251 1438 3302 τὸν
1486 3251 1730 3322 Ἰσραήλ.
1778 3253 1890 3305 Καὶ
1926 3254 2058 3321 γοῦν
2086 3269 2126 3322 ι)

462 3337 773 3408 ἐπεθύμουν
813 3339 1092 3410 Σικιμῖται
1123 3341 1301 3394 λοιποὶ
1343 3341 1640 3414 ὑποφέρειν
1685 3343 1804 3414 Θεῷ
1835 3344 1924 3397 τὸν
1964 3346 2058 3397 a5-

464 3428 614 3500 χένα,
645 3429 742 3482 καὶ
765 3427 940 3483 τελεῖν
968 3430 1184 3499 ἐορτάς,
1216 3431 1317 3494 τὰς
1352 3432 1453 3502 μὲν
1486 3433 1581 3485 τοῦ
1621 3433 1906 3504 Ὶεροϐοὰμ
1935 3435 2064 3486 οὑκ-

465 3523 568 3588 έτι,
593 3520 692 3584 τάς
720 3520 864 3574 κατὰ
887 3521 1051 3592 νόμον
1077 3521 1134 3574 δὲ
1169 3523 1391 3592 μᾶλλον,
1417 3525 1512 3577 καὶ
1539 3522 1639 3593 τῆς
1666 3525 1766 3577 οὐκ
1796 3519 1892 3576 οἷδ’
1915 3525 2063 3587 ὅπως

465 3609 846 3682 ἐξηυρημένης
887 3611 1103 3682 ἀπάτης
1144 3612 1504 3683 ἀποδραμεῖν.
1556 3614 1630 3666 Σὺ
1665 3613 1721 3666 δὲ
1756 3615 1984 3679 αὐτοὺς,
2019 3607 2064 3667 ὧ

467 3703 792 3767 Γαλααδῖτα,
839 3705 1120 3774 μονονουχὶ
1150 3705 1243 3758 καὶ
1271 3705 1570 3777 ἀπέκειρας
1590 3746 1604 3771 ,
1650 3707 1768 3777 ἦτοι
1799 3707 2064 3778 τετρυγη-

468 3812 592 3860 κας,
624 3795 718 3848 καὶ
761 3793 992 3848 πλοῦτον
1022 3797 1207 3850 ἄδικον
1236 3799 1480 3868 ἐποιήσω
1521 3799 1589 3852 τὰ
1627 3799 1736 3852 ἀπὸ
1786 3799 2060 3871 λῃστείας.

483 3889 781 3958 Ἐπιφωνεῖ
823 3889 879 3942 δὲ
928 3890 1090 3943 πάλιν
1145 3891 1203 3942 ἐν
1246 3891 1366 3962 ἤθει
1415 3891 1498 3956 τὸ,
1545 3909 1564 3942 ι
1598 3892 1802 3964 Ἀρχου
1858 3893 2065 3964 τρυγᾷν

475 3979 712 4052 σεαυτῷ,
739 4000 757 4031 ι
811 3982 1094 4051 μονονουχὶ
1146 3980 1388 4036 τοιοῦτόν
1432 3999 1486 4035 τι
1533 3980 1726 4052 λέγων,
1780 3982 1978 4053 μᾶλλον
2010 3983 2066 4036 δὲ

469 4073 574 4126 κάν
618 4076 667 4126 εί
712 4075 786 4146 μὴ
820 4073 988 4143 λέγοι,
1017 4075 1232 4140 λεπτῶς
1275 4076 1656 4148 ὺπεμφαίνων,
1683 4078 1767 4131 ὃτι
1801 4076 1974 4146 Κάγὼ
2007 4077 2068 4130 σέ

470 4169 772 4238 ποιήσομαι
806 4168 916 4222 τῶν
951 4167 1336 4240 κολαζομένων
1371 4169 1470 4242 τὴν
1502 4171 1699 4242 ἀρχήν.
1740 4170 2068 4240 Ἀρχόμενος

473 4258 582 4329 γὰρ
610 4258 926 4330 ἀποκείρειν
951 4259 1042 4311 τὸν
1081 4259 1318 4331 Ἰσραὴλ,
1351 4261 1445 4313 καὶ
1474 4261 1789 4330 ἀποτρυγᾷν
1815 4261 1940 4323 τοὺς
1968 4261 2068 4330 τῆς

473 4347 618 4401 οὕτω
653 4348 834 4418 δεινῆς
865 4349 1209 4420 ἀνοσιότητος
1235 4351 1616 4420 ὲπιτηδευτὰς,
1643 4350 1971 4422 πρωτόλειὸν
2007 4368 2066 4403 σε

478 4443 774 4510 ποιήσομαι
818 4442 918 4511 τῆς
962 4442 1152 4512 ὀργῆς.
1195 4442 1408 4496 Εἰδέναι
1456 4441 1566 4514 γὰρ
1609 4445 1935 4512 ἀναγκαῖον,
1983 4444 2066 4496 ὅτι

473 4530 681 4593 Φούλας
707 4530 963 4600 βασιλεὺς
995 4532 1320 4599 Ἀσσυρίων,
1345 4535 1373 4585 ό
1399 4533 1617 4604 πρῶτος
1645 4534 1816 4588 ἐλθὼν
1840 4535 1983 4588 κατά
2006 4551 2066 4587 τε

2153 1992 2171 2024 ‹
2225 1959 2497 2026 Ἧιιίὶὺὶ
2574 1972 2844 2042 imprimis
2911 1968 3227 2024 horribilem
3310 1962 3725 2018 fornicationem

2148 2064 2430 2134 Itlpltraim.
2471 2084 2490 2116 ι
2519 2063 2885 2133 Obstupescat
2918 2071 3102 2115 autem
3126 2057 3405 2129 quispiam
3438 2063 3492 2109 et
3526 2051 3728 2123 ternis-

2149 2159 2310 2220 sime,
2343 2171 2575 2212 eerneus
2611 2165 2860 2210 sanctum
2887 2164 2941 2210 et
2972 2153 3204 2207 electum
3231 2165 3403 2220 genus
3435 2147 3573 2202 adeo
3597 2145 3730 2200 elia-

2153 2248 2315 2302 ritate
2361 2263 2487 2317 erga
2535 2246 2705 2300 Deum
2749 2243 2972 2308 abiisse,
3021 2254 3216 2296 utnon
3249 2239 3420 2293 solum
3469 2235 3566 2307 ipsi
3609 2231 3732 2287 aliis

2151 2340 2292 2394 idola
2347 2337 2676 2400 invenerint,
2730 2336 2826 2392 sed
2867 2345 2922 2388 et
2948 2334 3084 2387 alios
3131 2347 3160 2386 a
3205 2330 3492 2396 diligendis
3530 2325 3732 2379 divinis

2153 2429 2519 2484 cobibuerint.
2575 2445 2594 2478 ι
2643 2424 3063 2479 Coutaminatus
3105 2432 3190 2478 est
3241 2421 3429 2492 igitur,
3473 2438 3491 2469 ι
3533 2417 3725 2486 inquit,

2159 2542 2175 2573 ι
2213 2520 2428 2586 Israel,
2479 2528 2534 2576 et
2587 2517 2777 2574 Judas.
2815 2537 2833 2570 ι
2875 2517 3053 2583 Quare
3105 2515 3149 2570 si
3203 2514 3329 2584 quid
3376 2514 3540 2565 etiam
3586 2507 3729 2578 passi

2156 2616 2355 2670 fuerint
2381 2629 2593 2680 eorum,
2625 2629 2743 2684 qua:
2783 2613 3115 2682 impendent,
3151 2608 3317 2663 Deum
3360 2605 3732 2676 indignanlent

2154 2724 2314 2764 nemo
2343 2709 2684 2762 criminetur.

2230 2798 2392 2853 Vens.
2428 2799 2514 2851 It.
2546 2796 2729 2866 Incipe
2759 2797 3078 2850 viudemiare
3110 2794 3206 2847 tibi
3227 2808 3348 2846 cum
3381 2800 3621 2843 converto
3644 2802 3735 2856 ego

2155 2893 2510 2958 captivitatem
2536 2889 2719 2960 populi
2745 2889 2868 2952 mei,
2908 2905 3026 2942 cum
3052 2904 3182 2941 sano
3208 2903 3300 2953 ego
3332 2882 3520 2938 Israel.

2228 3068 2416 3123 LXIX.
2451 3067 2643 3124 Serm‘o
2675 3083 2861 3122 rursus
2903 3065 2970 3121 ad
3019 3063 3377 3118 habitatorem
3419 3058 3621 3116 Galaad
3658 3059 3740 3112 di-

2161 3164 2354 3233 rigitur
2403 3164 2502 3216 hac
2540 3162 2830 3214 sententia.
2873 3159 2985 3229 Ego
3038 3159 3254 3227 quidem
3301 3155 3440 3224 εωρί
3484 3165 3738 3222 tanquam

2165 3254 2304 3306 Deus
2348 3267 2567 3315 sanare,
2593 3262 2645 3306 et
2682 3258 3004 3304 convertere
3035 3248 3222 3302 Israel.
3253 3245 3491 3300 Proinde
3519 3244 3744 3314 capiunt

2168 3345 2466 3398 SiL'lIIIIIIIiB
2492 3344 2557 3397 de
2592 3355 2794 3396 ca-tero
2830 3341 3103 3410 subjicere
3132 3340 3240 3395 Deo
3273 3340 3539 3401 cervices,
3571 3347 3624 3391 et
3651 3351 3741 3391 cc-

2167 3434 2377 3488 lehrare
2406 3434 2521 3488 dies
2575 3432 2761 3498 festos,
2796 3447 2902 3486 non
2957 3430 3188 3500 amplius
3223 3432 3439 3498 quidem
3489 3429 3556 3483 ab
3589 3425 3744 3482 Jero-

2165 3528 2324 3579 boam
2351 3525 2630 3578 institutos
2667 3522 2825 3576 illos:
2857 3521 2952 3575 sed
2986 3538 3014 3572 ιι
3069 3519 3184 3590 lege
3228 3529 3283 3574 et
3330 3535 3358 3572 a
3401 3518 3581 3572 nescio
3608 3531 3741 3586 quo-

2167 3617 2326 3670 modo
2356 3616 2564 3668 iuvet-Ia
2597 3613 2808 3666 fallacia
2835 3609 3102 3680 refugere.
3135 3609 3216 3663 Tu
3247 3608 3404 3678 105
3433 3617 3611 3660 autem
3639 3606 3744 3660 Ga-

2164 3707 2388 3770 ‘laadita,
2458 3705 2848 3774 propemodum
2913 3712 2970 3757 et
3031 3701 3358 3765 detondisti,
3404 3703 3518 3754 sive
3556 3697 3746 3751 vinde-

2170 3801 2378 3863 tuiasti,
2430 3808 2483 3851 et
2526 3796 2814 3850 latrocinio
2840 3794 3075 3864 {divitias
3125 3792 3356 3862 injustas
3397 3789 3744 3860 comparasti.

2167 3893 2448 3948 Acclamat
2483 3906 2648 3961 porro
2676 3904 2914 3950 rursum,
2947 3896 3004 3941 ct
3042 3902 3171 3941 cum
3224 3885 3478 3940 irrisione
3509 3883 3745 3953 quadam

2169 3986 2342 4049 illud,
2401 4004 2421 4037 ι
2481 3983 2663 4054 Incipe
2700 3980 3035 4035 viudemiare
3087 3980 3220 4043 tibi;
3269 4002 3289 4030 ι
3343 3977 3448 4031 tale
3490 3976 3748 4046 quiddam

2169 4079 2324 4148 quasi
2357 4075 2568 4141 dicens,
2597 4082 2689 4128 aut
2718 4072 2907 4126 saltem
2943 4069 3218 4125 subtiliter
3241 4069 3403 4124 tacite
3439 4068 3746 4122 insinuans.

2169 4169 2235 4223 Et
2286 4185 2384 4241 ego
2429 4177 2482 4223 te
2542 4165 2736 4220 faciam
2793 4163 3069 4234 primitias
3108 4162 3438 4232 punitorum.
3483 4156 3751 4226 Incipiens

2168 4266 2312 4318 enim
2342 4260 2635 4318 detondere
2654 4259 2840 4323 Israel,
2871 4269 2926 4314 et
2956 4256 3290 4310 vindemiare
3324 4254 3457 4307 adeo
3498 4251 3750 4305 nefanda:

2171 4353 2470 4425 impietatis
2507 4360 2934 4414 consectatores,
2986 4347 3257 4418 primitias
3293 4354 3344 4400 te
3392 4343 3586 4398 iaciam
3628 4343 3746 4396 irae.

2170 4447 2462 4503 Sciendum
2521 4446 2666 4500 enim
2723 4442 2950 4496 Pltulam
3009 4454 3191 4509 regem
3242 4437 3611 4508 Assyriorum,
3659 4435 3752 4504 qui

2169 4542 2378 4611 primus
2411 4537 2716 4593 Samariam
2747 4547 2801 4590 et
2830 4534 2997 4588 Israel
3029 4532 3247 4595 invasit,
3278 4532 3483 4600 primas
3508 4530 3751 4598 captivas

474 4625 574 4694 τῆς
598 4625 910 4695 Σαμαρείας
941 4629 1035 4680 καὶ
1062 4625 1158 4678 τοῦ
1215 4625 1452 4696 Ἰσραὴλ,
1487 4624 1708 4697 πρώτας
1733 4626 2057 4696 ἀπεκόμισεπ⁴

2176 4635 2395 4690 duxisse
2446 4631 2622 4685 tribus
2655 4640 2803 4684 trans
2855 4627 3151 4682 Iordanem
3189 4637 3242 4679 ct
3277 4640 3344 4678 ex
3379 4624 3604 4678 urbibus
3648 4621 3754 4675 illis

476 4718 554 4778 εἰς
603 4717 982 4787 αἰχμαλωσίαν
1021 4717 1119 4781 τὰς
1175 4718 1348 4788 πέραν
1393 4717 1487 4770 τοῦ
1547 4717 1813 4785 Ἰορδάνου
1866 4718 2062 4786 φυλάς.

476 4808 639 4872 Πόλις
679 4809 736 4862 δὲ
776 4805 844 4881 ἦν
873 4810 983 4863 τῶν
1016 4812 1193 4864 ἐκεῖσε
1229 4811 1327 4882 μία
1359 4814 1455 4863 καὶ
1495 4811 1527 4881 ἡ
1577 4809 1808 4864 Γαλαὰδ.
1857 4809 2068 4864 Οὐκοῦν

473 4901 667 4973 ὥσπερ
709 4902 844 4974 ἐμοῦ
877 4903 969 4957 τὸν
1005 4903 1220 4975 Ἰσραὴλ
1263 4902 1716 4974 ἐπιστρέφοντος,
1760 4903 2069 4974 ἀρξαμένου

475 5011 537 5048 τε
588 4995 839 5048 ίάσασθαι
872 4995 1078 5058 λοιπὸν,
1114 4995 1179 5048 σὺ
1226 4995 1607 5067 τετρύγηκας,
1651 4989 1695 5048 ὣ
1732 4995 2068 5060 Γαλααδίτα,

479 5086 694 5156 σεαυτῷ
742 5085 812 5139 τὰ
858 5085 968 5139 ἀπὸ
1000 5086 1288 5157 λῃστείαςο
1343 5085 1487 5139 οὕτω
1538 5085 1694 5156 κάγὼ
1742 5087 2071 5158 παραδιδοὺς

489 5179 800 5251 Ἀσσυρίοις
829 5181 920 5234 τὸν
958 5181 1196 5252 Ἰσραὴλ,
1231 5181 1290 5234 σε
1321 5181 1616 5252 ποιήσομαι
1644 5179 1752 5233 τῶν
1785 5180 2072 5250 πεμπομέ-

480 5291 588 5328 νων
623 5275 722 5345 τὴν
747 5275 1020 5345 ἀπαρχήν.

553 5365 803 5436 Συγγενῆ
839 5365 896 5420 δὲ
925 5365 996 5420 τά
1032 5365 1233 5438 ἀρχαῖα
1262 5367 1372 5430 τοῖς
1407 5367 1501 5419 ἐπὶ
1542 5363 1764 5437 Χριστῷ
1798 5363 1907 5418 τῶν
1943 5365 2072 5418 ’1ου-

480 5456 651 5510 δαίων
694 5457 1037 5527 ἐγκλήματα.
1076 5457 1291 5512 Ἐκάλει
1344 5457 1443 5528 μὲν
1489 5457 1598 5530 γάρ
1643 5457 1936 5527 σύμπαντα
1982 5456 2073 5508 τὸν

497 5548 717 5620 Ἰσραὴλ
755 5551 784 5602 ό
825 5549 956 5613 Θεὸς
981 5551 1076 5603 καὶ
1124 5550 1318 5621 Πατὴρ
1347 5552 1425 5613 εἰς
1454 5550 1516 5604 τὸ
1545 5550 1760 5604 ἑλέσθαι
1793 5550 1978 5603 λοιπὸν
2007 5548 2075 5602 τὰ

483 5640 695 5710 ἀμείνω
729 5643 968 5711 φρονεῖν,
993 5641 1088 5695 καὶ
1121 5640 1419 5714 καταλῆξαι
1454 5641 1553 5713 μὲν
1586 5642 1684 5714 τῆς
1712 5643 1768 5696 ἐν
1802 5642 1949 5712 νόμῳ
1979 5640 2074 5694 λιιι⁹

561 5821 582 5849 ⁸
610 5817 941 5888 Ccn.xxx1v,
962 5815 1052 5874 3i.

2177 4741 2340 4782 unam
2397 4725 2564 4780 fuisse
2605 4723 2828 4778 Gala-ad.
2860 4721 3130 4788 Quocirca
3172 4719 3315 4773 sicut
3363 4733 3447 4771 tne
3497 4713 3752 4771 Israelem

2175 4827 2545 4882 convertente,
2578 4829 2632 4871 et
2665 4816 2955 4885 incipiente
2989 4829 3182 4868 sanare
3209 4813 3274 4865 de
3309 4819 3528 4872 caetero,
3563 4819 3614 4860 tu
3645 4805 3758 4858 vin-

2178 4912 2429 4970 detniasti
2463 4909 2584 4975 tibi,
2611 4927 2644 4964 0
2688 4907 2997 4971 Galaadita,
3029 4920 3148 4974 quae
3189 4903 3481 4957 latrocinio
3520 4897 3758 4968 acquisi-

2179 5007 2343 5070 visti;
2389 5004 2461 5058 ita
2503 5011 2558 5057 et
2596 5017 2718 5071 ego,
2752 5013 2876 5053 cum
2921 4998 3196 5051 tradidero
3225 4995 3464 5065 Assyriis
3501 4991 3760 5055 Israel,te

2177 5113 2365 5154 eorum
2398 5096 2490 5166 qui
2528 5093 2866 5148 abducentur
2887 5089 3158 5161 primitias
3191 5089 3431 5142 reddam.

2249 5362 2486 5432 Antiqua
2517 5370 2695 5414 autem
2745 5356 2834 5412 illa
2877 5353 3080 5409 scelera
3115 5352 3197 5407 his
3220 5365 3342 5420 qua:
3388 5348 3440 5402 in
3479 5347 3758 5403 Christum

2180 5455 2347 5511 Judaei
2395 5462 2778 5523 perpetrarunt
2806 5489 2820 5513 ,
2862 5455 3093 5519 cognata
3137 5453 3281 5499 sunt.
3325 5442 3566 5497 Vocabat
3606 5441 3759 5495 enim

2183 5549 2494 5603 universum
2552 5543 2806 5600 Israelem
2857 5541 2999 5596 Deus
3049 5548 3106 5594 et
3166 5537 3350 5603 Pater,
3409 5543 3464 5588 ut
3504 5533 3764 5601 deinceps

2184 5641 2341 5695 aliter
2372 5615 2574 5693 sentire
2599 5644 2653 5691 et
2684 5633 2947 5690 desistere
2976 5648 3006 5687 a
3035 5629 3183 5686 cultu
3235 5627 3530 5684 secundum
3564 5623 3761 5695 Icgcm,
