4110 6368
443 360 542 417 Ιῗ9

1466 358 1523 413 S.
1564 355 1838 412 CYRlLlJ
1877 355 2345 414 ALEXANDRINI
2386 357 2707 413 ARCHIEP.

3592 353 3696 411 £80

436 489 493 531 et
516 492 612 546 pro
637 491 703 531 eo
738 491 936 530 novum
969 485 1132 546 alque
1167 474 1541 545 evangelicum
1577 487 1864 543 capessere
1897 472 2003 528 vcl-

2113 473 2318 542 τρείας,
2364 471 2684 526 ἀνθελέσθαι
2727 470 2784 524 δὲ
2845 471 3045 542 μᾶλλον
3084 470 3297 542 ἐκείνης
3327 470 3426 541 τὴν
3467 469 3593 523 νέαν
3633 487 3694 524 τε

437 567 572 624 lent.
635 566 828 622 Verum
869 568 944 621 illi
991 567 1430 622 convertentibus
1477 578 1531 622 et
1573 568 1892 623 vocantibus
1943 567 2012 622 ad

437 662 730 715 sanitatem
757 661 1147 716 obtinebantur
1193 676 1300 716 non
1338 661 1708 716 mediocriter.
1738 661 2010 730 Scriptum

436 760 523 803 est
559 750 757 819 quippe
790 766 805 803 :
845 769 863 800 ‹
904 748 1022 804 Jam
1069 750 1212 804 enim
1246 751 1695 819 conspiraverant
1731 747 1924 814 Judaei,
1955 759 2012 803 ut

436 839 482 894 si
517 842 640 911 quis
686 842 861 908 ipsum
911 841 1261 898 conﬁteretur
1300 842 1598 905 Christum,
1633 850 1789 896 extra
1833 841 2011 912 Syna-

438 947 629 1002 gogam
685 932 836 986 ﬁeret
863 931 904 986 ³.
945 951 962 983 ι
1001 932 1308 987 Audiebant
1355 944 1538 987 autem
1583 949 1771 988 eorum
1806 933 2010 987 duces:

441 1041 462 1075 ι
504 1025 592 1078 Va:
625 1025 797 1092 vobis,
829 1023 1034 1081 Scriba:
1061 1037 1117 1080 et
1149 1026 1408 1081 Pharisaei
1441 1027 1756 1096 hypocritaa,
1785 1025 1910 1096 quia
1937 1034 2014 1078 tu-

439 1117 578 1171 listis
618 1117 823 1171 clavem
852 1117 1116 1172 scientiae.
1149 1116 1257 1171 Nec
1278 1133 1372 1172 vos
1402 1118 1767 1188 ingredimini,
1799 1131 1899 1172 nec
1926 1118 2012 1171 in-

438 1206 585 1275 gredi
621 1205 864 1260 volentes
917 1207 1098 1260 sinitis
1133 1208 1340 1261 intrare
1373 1210 1416 1261 ⁸.
1451 1226 1469 1258 ι
1509 1206 1716 1260 Traditi
1754 1215 1880 1260 sunt
1907 1206 2011 1276 igi-

440 1307 526 1350 tur
550 1295 810 1360 inimicis,
842 1307 895 1348 rt
925 1312 1120 1366 graves
1149 1297 1594 1352 debacchationis
1636 1297 1688 1350 in
1733 1296 2008 1352 Christum

438 1401 627 1454 ptenas
653 1387 888 1442 luerunt.

1064 1524 1215 1579 CAP.
1269 1523 1374 1578 Vll.

507 1637 674 1694 Vens.
728 1639 777 1692 l.
835 1637 902 1690 Et
953 1637 1272 1692 revelabitur
1323 1637 1576 1706 iniquitas
1629 1635 1906 1705 Epltraim,
1957 1644 2008 1689 et

437 1731 648 1784 malitia
681 1728 963 1792 Samariaz,
987 1731 1115 1798 quia
1147 1738 1362 1793 operata
1387 1737 1460 1782 est
1490 1729 1784 1782 mendacia.
1815 1726 1886 1781 Et
1920 1727 2010 1797 fur

2117 565 2208 617 καὶ
2238 565 2617 634 εύαγγελικήν.
2682 562 2842 616 Ἀλλά
2883 567 2994 626 τοῖς
3027 563 3413 634 ἐπιστρέφουσι
3467 561 3563 614 καὶ
3595 579 3693 615 κα-

2113 655 2394 725 λουμένοις
2437 657 2518 719 είς
2573 655 2718 707 ἴασιν
2770 654 3139 723 ἀντέπραττον
3181 653 3242 706 οὐ
3286 652 3542 722 μετρίως.
3589 652 3690 704 Γέ-

2113 761 2352 812 γραπται
2381 744 2512 814 γὰρ,
2555 745 2636 797 ὅτι
2669 763 2687 794 ι
2722 743 2858 814 Ἤδη
2909 741 3189 796 συνέθεντο
3228 744 3275 795 οἱ
3310 742 3572 806 Ἰουδαῖοι,
3606 742 3692 795 ἵνα

2113 835 2210 887 ἐάν
2236 851 2319 898 τις
2354 835 2516 887 αὑτὸν
2545 833 2851 904 ὁμολογήσῃ
2876 834 2968 886 τὸν
2997 831 3230 903 Χριστὸν
3261 829 3422 898 εἶναι,
3453 834 3688 886 ἀποσυν-

2112 926 2325 992 άγωγος
2381 924 2624 994 γένηται.
2653 943 2671 976 ι
2707 925 2943 977 Ἤκουον
2986 924 3042 976 δὲ
3080 924 3172 976 καὶ
3229 925 3280 976 οί
3332 925 3463 997 παρ’
3507 924 3692 987 αὐτοῖς

2111 1016 2423 1088 ἡγούμενοι,
2459 1037 2478 1068 ι
2505 1017 2640 1070 Οὐαὶ
2679 1017 2841 1087 ὑμῖν,
2891 1017 2930 1069 Γ
2937 1019 3245 1087 ραμματεῖς
3279 1017 3374 1070 καὶ
3410 1019 3692 1088 Φαρισαῖοι

2114 1109 2425 1180 ὑποκριταὶ,
2461 1110 2540 1162 ὃτι
2569 1110 2738 1180 ἤρατε
2763 1109 2862 1180 τὴν
2897 1107 3079 1160 κλεῖδα
3105 1108 3202 1176 τῆς
3239 1106 3516 1176 γνώσεως.
3551 1107 3690 1159 Οὔτε

2113 1203 2272 1273 ὑμεῖς
2294 1201 2620 1272 εἰσέρχεσθε,
2647 1200 2768 1255 οὔτε
2791 1203 2916 1264 τοὺς
2939 1200 3349 1270 εἰσερχομένους
3371 1200 3559 1268 ἀφίετε
3583 1201 3693 1251 εἰσ-

2111 1295 2301 1350 ελθεῖν.
2329 1314 2345 1345 ι
2380 1295 2628 1348 Δέδονται
2657 1295 2838 1347 τοίνυν
2863 1293 3096 1362 ἐχθρρῖς,
3127 1293 3222 1345 καὶ
3251 1291 3456 1364 πικρὰς
3489 1293 3582 1363 τῆς
3612 1294 3692 1353 εἰς

2112 1386 2345 1457 Χριστὸν
2375 1387 2658 1458 παροινίας
2685 1385 2971 1456 ὲξῄτηνται
3003 1384 3173 1448 δίκας.

2725 1521 2978 1594 κειιξΑΑ.
3017 1521 3087 1572 Ζν.

2185 1637 2295 1691 Καὶ
2337 1633 2909 1703 ἀποκαλυφθήσεται
2952 1633 2988 1700 ἡ
3037 1632 3237 1686 ἀδικία
3286 1630 3555 1700 Ἐφραῒμ,
3590 1627 3691 1682 καὶ

2110 1730 2361 1795 ἡκακία
2417 1725 2774 1794 Σαμαρείας,
2819 1723 2907 1776 ὅτι
2941 1722 3260 1792 εἰργάσατο
3305 1719 3540 1790 ψευδῆ,
3591 1719 3688 1773 καὶ

437 1824 506 1874 ad
550 1838 667 1876 eum
709 1822 1052 1891 ingredietur,
1084 1820 1380 1889 exs'polians
1415 1818 1551 1873 latro
1593 1821 1648 1872 in
1695 1820 1776 1872 uia
1813 1820 2000 1889 ipsius,

2103 1819 2369 1885 κλέπτης
2411 1815 2562 1884 πρὸς
2611 1814 2797 1869 αὐτὸν
2828 1815 3275 1873 εἰσελεύσεται,
3316 1811 3691 1865 exaratam...»

438 1924 494 1967 ut
524 1915 795 1968 concinam
816 1915 968 1978 quasi
994 1922 1265 1967 cantantes
1291 1913 1447 1966 corde
1466 1913 1721 1980 ipsorum.

504 2112 668 2169 LXX.
699 2110 881 2167 Bonus
921 2120 1115 2164 natura
1156 2119 1211 2165 et
1258 2129 1276 2161 ι
1311 2111 1541 2180 patiens,
1589 2109 1911 2180 longanimis
1954 2121 2006 2166 et
2043 2172 2052 2184 _

434 2204 664 2259 multum
700 2203 1013 2258 misericors
1044 2200 1148 2252 Μ»
1184 2198 1428 2269 profecto
1445 2198 1686 2255 omnium
1718 2198 2004 2262 Dominus,

434 2295 524 2363 qui
556 2294 793 2363 quandiu
835 2298 1123 2361 peccantes
1156 2287 1370 2350 tolerat,
1407 2286 1580 2341 latent
1627 2296 1682 2341 et
1729 2287 2006 2342 occultan-

435 2393 522 2438 tur
550 2383 705 2452 quasi
737 2398 923 2436 eorum
961 2381 1183 2452 ﬂagitia.
1222 2379 1326 2436 Ubi
1357 2389 1537 2434 autem
1572 2379 1858 2450 ingruerit,
1889 2389 2006 2447 pth-

431 2486 666 2540 namque
716 2471 1002 2533 invexerit,
1055 2479 1108 2525 et
1161 2471 1444 2538 quiescere
1508 2484 1615 2524 non
1659 2469 2000 2534 sustinuerit,

434 2574 545 2616 tum
577 2561 860 2616 manifesta
897 2561 1053 2625 ﬁunt,
1087 2571 1139 2616 et
1181 2560 1342 2634 106
1367 2561 1520 2629 quasi
1555 2560 1782 2616 revelari
1817 2562 2002 2616 viden-

433 2664 544 2720 tur,
579 2663 632 2708 et
657 2661 862 2707 tantum
901 2669 1010 2707 non
1053 2653 1108 2707 in
1151 2653 1386 2706 medium
1429 2651 1715 2718 producta.
1759 2654 2001 2708 omnium

432 2745 611 2800 oculis
638 2745 1070 2814 conspiciuntur.
1106 2742 1238 2797 Tale
1264 2751 1317 2796 et
1348 2757 1489 2797 nunc
1523 2743 1776 2811 Ephraim
1817 2755 1871 2798 et
1900 2745 2002 2799 Sa-

431 2839 618 2891 mariac
666 2837 903 2891 futurum
950 2836 1204 2890 aﬁirmat.
1253 2834 1320 2889 Et
1355 2835 1614 2905 Ephraim
1659 2837 1875 2906 quidem
1903 2853 2000 2892 no-

433 2929 579 2982 mine
613 2928 715 2982 hoc
762 2928 881 2981 loco
911 2927 1116 2997 regiam
1150 2927 1201 2980 in
1231 2924 1476 2979 Samaria
1512 2925 1706 2980 tribum
1739 2927 1995 2995 accipies,

431 3033 496 3072 ex
525 3034 630 3088 qua
664 3019 767 3073 orti
810 3017 1121 3083 Jeroboam,
1155 3027 1209 3072 et
1243 3032 1588 3072 successores
1626 3018 1774 3084 ejus;
1808 3018 1998 3073 Sama-

429 3111 524 3165 ria:
570 3121 750 3165 autem
798 3112 1066 3166 vocabulo
1111 3110 1201 3179 qui
1233 3110 1448 3164 fuerunt
1493 3110 1546 3163 in
1585 3110 1856 3178 Samaria,
1896 3111 1998 3165 hnc

427 3212 549 3270 est,
593 3203 778 3258 decem
827 3203 1021 3258 tribus.
1071 3201 1390 3257 Revelatum
1440 3216 1601 3270 porro
1653 3201 1718 3256 iri
1779 3212 1999 3271 peccata

427 3309 615 3349 eorum
650 3294 780 3348 dicit
827 3303 1051 3364 propter
1078 3307 1272 3348 causas
1315 3291 1732 3360 hujuscemodi;
1773 3293 1900 3362 quia
1947 3302 2004 3347 et

430 3387 639 3457 operati
685 3395 812 3441 sunt
853 3385 1217 3449 mendacium,
1259 3384 1460 3455 algenti
1504 3393 1559 3439 et
1613 3384 1722 3452 jam
1765 3385 2036 3460 rancidze

428 3478 746 3534 idololatriae
818 3477 1001 3539 dediti.
1072 3485 1126 3532 et
1189 3476 1425 3532 artiﬁces
1499 3475 1625 3531 facti
1693 3476 2000 3540 idolorum,

427 3579 490 3623 ut
559 3569 690 3624 dixi.
757 3567 821 3623 Et
875 3568 1048 3624 furem
1125 3567 1276 3637 (hoc
1354 3577 1437 3622 est
1489 3569 1632 3622 enim
1692 3567 1998 3634 latronem)

427 3660 494 3715 ad
543 3675 636 3714 eos
696 3661 1091 3730 ingressurum,
1143 3674 1241 3730 pro
1296 3659 1596 3729 ingressum
1637 3675 1782 3724 esse,
1823 3667 1880 3715 et
1917 3673 2002 3713 re-

426 3754 719 3822 quievisse,
741 3765 796 3808 et
817 3755 1100 3810 divertisse
1130 3754 1196 3808 ad
1231 3754 1380 3809 illum
1407 3753 1584 3810 furem
1607 3757 1997 3826 exspoliantcm

425 3843 481 3899 in
516 3843 623 3910 via,
662 3855 719 3898 ut
758 3859 825 3898 ex
870 3845 972 3900 hoc
999 3853 1282 3914 appareat,
1313 3845 1510 3916 inquit,
1543 3860 1636 3901 eos
1666 3846 1872 3902 habere
1905 3861 1999 3901 cor

426 3951 752 3999 consonum,
779 3937 1096 4006 conspirans
1126 3937 1398 4004 videlicet,
1425 3946 1480 3992 et
1512 3937 1753 4008 ejusdem
1780 3948 1996 3993 senten-

426 4027 534 4080 tiae.
566 4023 647 4079 llli
678 4025 822 4080 enim
846 4023 1273 4098 Hierosolymam
1307 4006 1604 4084 ascendere
1635 4006 1882 4082 volentes
1901 4043 1998 4097 per

423 4119 772 4173 latrocinium
821 4118 1201 4188 despoliabant
1231 4140 1244 4174 :
1289 4121 1343 4175 hi
1377 4135 1499 4174 cum
1540 4120 1671 4189 ipsis
1703 4120 1878 4176 scelus
1915 4122 1999 4174 di-

420 4211 718 4275 videbant,
771 4211 1106 4285 direptorum
1163 4227 1192 4265 a
1238 4211 1541 4268 latronibus
1619 4211 1784 4280 impie
1831 4213 1998 4282 parti-

420 4303 590 4373 cipes.

490 4393 808 4450 Gaudebant
847 4395 1012 4450 etiam
1063 4395 1375 4453 Iudaeorum
1417 4397 1582 4452 duces
1625 4405 1683 4450 et
1727 4396 1991 4466 magistri,

397 4497 543 4551 _cum
569 4486 855 4540 credentes
883 4487 936 4542 in
967 4485 1245 4542 Christum
1281 4485 1491 4541 nefarie
1525 4496 1987 4557 oppugnarentur,
2023 4513 2066 4565 υ

419 4574 646 4644 aliisque
684 4577 1018 4633 irruentibus
1049 4590 1105 4632 et
1143 4577 1597 4632 Iatrocinantibus
1640 4591 1764 4632 sese
1808 4577 1990 4632 socios

417 4666 804 4737 adjungebant,
843 4683 911 4724 ex
963 4668 1202 4723 ﬁdelium
1244 4669 1620 4739 persecutione
1659 4669 1989 4738 voluptatem

415 4759 714 4829 capientes,
740 4772 795 4814 et
821 4761 976 4830 quasi
1007 4764 1293 4832 quemdam
1341 4763 1604 4817 latronem
1639 4763 1897 4818 Satanam
1929 4764 1983 4818 in

416 4852 658 4905 animum
695 4862 750 4908 et
779 4868 872 4909 cor
897 4855 1273 4925 suscipientes,
1309 4870 1403 4910 eos
1435 4856 1582 4910 omni
1615 4870 1776 4911 sensu
1804 4857 1984 4926 pieta-

419 4943 487 4995 Iis
523 4957 683 5012 quem
735 4943 1008 4999 habebant
1059 4949 1372 5011 nudautem,
1407 4957 1467 5000 ut
1497 4953 1550 5000 et
1575 4961 1874 5003 consonum
1910 4949 1986 5002 illi

414 5041 508 5080 cor
543 5029 826 5084 haberent.
871 5031 1334 5098 Quemadmodum
1368 5035 1510 5089 enim
1545 5055 1563 5086 ι
1605 5037 1694 5106 qui
1746 5038 1986 5092 adlucret

412 5117 545 5182 Deo,
591 5135 729 5174 unus
775 5124 999 5190 spiritus
1031 5133 1115 5178 est
1165 5141 1285 5178 cum
1321 5141 1386 5180 eo
1413 5127 1456 5191 ",
1496 5145 1515 5178 ι
1555 5127 1744 5181 eodem
1801 5130 1982 5191 modo,

410 5210 622 5276 opinor,
652 5213 744 5282 qui
782 5212 1002 5271 Satanae
1048 5217 1306 5281 adhaeret,
1343 5234 1507 5272 unum
1553 5233 1674 5272 cum
1728 5219 1844 5288 ipso
1891 5235 1986 5275 cor

413 5301 649 5357 habebit.

485 5391 654 5447 Vsus.
685 5395 740 5451 2.
789 5397 982 5452 Omnes
1013 5402 1247 5456 malitias
1281 5417 1462 5455 eorum
1497 5409 1804 5456 recordatus
1846 5419 1983 5458 sum.

412 5478 574 5537 Nunc
603 5488 1060 5546 circumdederunt
1084 5509 1171 5548 eos
1203 5495 1543 5564 cogitationes
1575 5511 1774 5559 eorum,
1802 5506 1984 5550 contra

409 5571 599 5640 [aciem
624 5593 789 5630 meam
815 5581 970 5648 facta!
990 5594 1134 5637 sunt.

480 5761 677 5817 ’Joan.
717 5764 903 5827 tx,‘:12.
986 5766 1215 5818 ‘Alatih.
1281 5781 1434 5829 mn,
1490 5765 1576 5818 i5.

2107 1909 2344 1980 λῃστὴς
2381 1908 2450 1962 ἐν
2486 1905 2562 1975 τῇ
2609 1905 2727 1972 ὀδῷ
2756 1905 2963 1968 αὑτοῦ,
3009 1903 3169 1970 ὅπως
3215 1902 3570 1970 συνᾴδωσιν
3610 1903 3690 1968 ὡς

2107 2003 2357 2072 ᾄδοντες
2393 1998 2468 2069 τῇ
2503 1997 2717 2066 καρδίᾳ
2755 1997 2972 2051 αὐτῶν.

2179 2118 2256 2170 0'.
2309 2111 2534 2182 Ἀγαθὸς
2577 2110 2674 2182 μὲν
2725 2109 2904 2178 φύσει.
2965 2110 3060 2163 καὶ
3107 2127 3124 2159 ι
3181 2109 3534 2174 ἀνεξίκακος,
3585 2123 3690 2177 μα-

2107 2203 2380 2276 κρόθυμός
2409 2219 2468 2254 τε
2503 2201 2596 2253 καὶ
2637 2199 2939 2261 πολυέλεως
2990 2218 3008 2250 ι
3043 2199 3117 2262 ὼς
3159 2198 3374 2270 ἀληθῶς
3409 2200 3436 2250 ὁ
3471 2197 3688 2250 πάντων

2106 2290 2402 2360 Δεσπότης.
2442 2288 2583 2341 Ἀλλ’
2608 2288 2712 2351 ἓως
2747 2286 2827 2340 ἔτι
2858 2289 2970 2350 τοῖς
3011 2286 3298 2340 πταίουσιν
3340 2284 3682 2349 ἀνεξικακεῖ,

2107 2381 2546 2454 κατακρύπτεταί
2584 2397 2699 2444 πως
2728 2378 2906 2431 αὐτῶν
2926 2376 3004 2430 ἐτι
3031 2378 3099 2431 τὰ
3131 2377 3471 2447 ἐγκλήματα.
3493 2374 3682 2437 Ἐπεξ-

2110 2475 2277 2538 ιὸντος
2314 2474 2368 2526 δὲ
2410 2474 2532 2545 ἤδη,
2575 2473 2668 2525 καὶ
2717 2471 2872 2533 δίκας
2939 2470 3267 2537 ἐπάγοντος,
3313 2469 3408 2522 καὶ
3456 2469 3684 2538 ἠρεμεῖν

2104 2565 2204 2617 οὐκ
2247 2562 2601 2632 ἀνεχομένου,
2634 2559 2820 2614 λοιπόν
2851 2561 3000 2613 ἐστιν
3051 2559 3291 2630 ἐναργῆ,
3337 2557 3432 2611 καὶ
3472 2559 3683 2610 ἀποκα-

2105 2655 2400 2708 λύπτεσθαι
2425 2672 2541 2717 πως
2565 2654 2666 2724 ἤδη
2688 2654 2852 2719 δοκεῖ,
2882 2655 3042 2726 μόνον
3064 2653 3120 2706 δὲ
3147 2653 3268 2722 οὐχ).
3291 2653 3384 2706 καὶ
3409 2653 3489 2714 είς
3523 2651 3686 2719 μέσον

2103 2747 2351 2819 ὴγμένα,
2403 2750 2516 2810 τοῖς
2578 2747 2829 2801 ἁπάντων
2880 2747 3178 2818 ὀφθαλμοῖς
3231 2745 3463 2816 ὁρᾶσθαι
3518 2743 3679 2812 φιλεῖ.

2103 2843 2146 2892 Τ
2149 2841 2272 2895 οὖτο
2302 2842 2396 2894 καὶ
2439 2841 2534 2894 νῦν
2586 2840 2803 2894 ἔσεσθαί
2838 2858 2972 2910 φησι
3013 2839 3155 2892 κατά
3190 2838 3283 2891 τοῦ
3325 2836 3564 2908 Ἐφραῒμ
3589 2837 3681 2891 ἰαὶ

2104 2932 2204 3001 τῆς
2233 2932 2565 3003 Σαμαρείας.
2593 2932 2703 2985 Καὶ
2731 2931 2820 2985 τὸν
2849 2933 2947 3001 μὲν
2979 2929 3218 3002 Ἐφραῒμ
3249 2929 3436 2982 ἐνθάδε
3473 2929 3683 2998 νοήσεις

2102 3023 2200 3093 τὴν
2235 3024 2293 3074 ἐν
2326 3025 2393 3094 τῇ
2434 3022 2717 3093 Σαμαρείᾳ
2745 3021 2991 3092 βασιλίδα
3034 3021 3225 3091 φυλὴν,
3268 3020 3328 3086 ἐξ
3353 3015 3421 3093 ἧς
3463 3020 3682 3088 γέγονεν

2113 3113 2415 3185 Ὶεροὸοὰμ,
2445 3115 2536 3166 καὶ
2563 3115 2611 3166 οἱ
2641 3113 2762 3167 καθ’
2787 3113 2932 3184 ἐξῆς·
2958 3114 3265 3184 Σαμάρειαν
3291 3112 3348 3165 δὲ
3377 3112 3502 3174 τοὺς
3529 3113 3584 3163 ἐν
3613 3113 3681 3180 τῇ

2104 3206 2405 3277 Σαμαρείᾳ,
2433 3206 2698 3269 τουτέστι,
2731 3204 2828 3268 τὰς
2873 3205 3004 3258 δέκα
3045 3204 3236 3273 φυλάς.
3274 3202 3682 3272 Ἀποκαλυφθή-

2105 3298 2289 3351 σεσθαι
2322 3297 2379 3350 δέ
2421 3315 2554 3367 φησι
2603 3297 2702 3360 τὰς
2755 3297 3028 3367 ἁμαρτίας
3075 3295 3273 3359 αὐτῶν,
3331 3294 3419 3348 διὰ
3469 3294 3683 3348 τοιάσδε

2103 3389 2255 3452 τινὰς
2296 3389 2494 3453 αἰτίας,
2523 3391 2609 3443 ὅτι
2648 3389 2743 3442 καὶ
2784 3389 3106 3459 εἰργάσαντο
3144 3387 3334 3458 ψευδῆ,
3373 3387 3584 3457 ψυχράν
3621 3402 3680 3437 τε

2103 3482 2196 3534 καὶ
2240 3480 2405 3533 ἕωλον
2438 3480 2691 3550 λατρείαν
2725 3479 3197 3550 ἐπιτηδεύσαντες,
3233 3480 3326 3532 καὶ
3367 3477 3684 3548 τεχνουργοὶ

2100 3569 2382 3639 γεγονότες
2409 3570 2665 3635 εἰδώλων,
2711 3569 2963 3640 καθάπερ
2991 3569 3148 3639 ἔφην,
3174 3570 3266 3622 καὶ
3302 3570 3384 3621 ὅτι
3416 3569 3679 3637 κλέπτης,

2103 3661 2366 3724 τουτέστι,
2407 3661 2608 3734 λῃστὴς
2645 3663 2781 3733 πρὸς
2807 3662 2968 3714 αὐτὸν
3002 3661 3383 3725 εἰσελεύσεται,
3408 3660 3528 3714 ἀντὶ
3549 3660 3668 3721 τοῦ,

2100 3755 2343 3824 εἰσῆλθε,
2391 3755 2485 3808 καὶ
2523 3755 2889 3820 ἀνεπαύσατο,
2940 3755 3034 3808 καὶ
3075 3754 3332 3809 κατέλυσε
3369 3754 3499 3824 παρ’
3530 3752 3680 3822 αὐτῷ

2100 3844 2361 3915 κλέπτης,
2390 3843 2720 3897 ὲκδιδύσκων
2749 3847 2804 3898 ἐν
2833 3845 2968 3916 ὁδῷ·
3000 3846 3065 3898 ἵν’
3091 3846 3156 3898 ἐκ
3181 3845 3370 3898 τούτου
3397 3845 3676 3914 φαίνηται,

2101 3936 2283 4007 φησὶν,
2307 3937 2389 3989 ὅτι
2421 3937 2749 4007 συνᾴδουσαν
2778 3937 2960 4008 ἔχουσι
2986 3937 3085 4004 τὴν
3113 3938 3363 4008 καρδίαν,
3390 3937 3680 4008 σύμφωνον

2097 4030 2358 4099 δηλονότι,
2380 4031 2475 4083 καὶ
2497 4030 2878 4101 ὁμογνώμονα.
2899 4033 2959 4085 Οἱ
2988 4032 3085 4104 μὲν
3104 4031 3212 4103 γὰρ
3239 4031 3524 4103 ἐλῄστευον
3551 4033 3677 4096 τοὺς

2097 4122 2156 4173 ἐν
2177 4123 2288 4184 τοῖς
2312 4121 2574 4191 Ἰεροσολύ
2584 4139 2702 4193 μοις
2729 4122 3039 4175 ἀναϐαίνειν
3061 4122 3343 4185 ἐθέλοντας
3362 4139 3377 4154 ’
3393 4124 3441 4176 oi
3461 4122 3516 4174 δὲ
3540 4121 3678 4193 πρὸς

2097 4213 2294 4276 αὐτοὺς
2329 4212 2644 4285 ἐμερίζοντο
2682 4215 2751 4266 τὰ
2794 4214 3134 4285 ἐγκλήματα,
3165 4213 3273 4266 τῶν
3315 4213 3676 4285 λελῃστευμέ-

2096 4322 2201 4358 νων
2229 4304 2458 4366 ἀνοσίως
2492 4303 2911 4374 μετεσχηκότες.

2171 4393 2426 4464 Ἔχαιρον
2461 4392 2519 4446 δὲ
2548 4395 2641 4445 καὶ
2666 4395 2714 4445 οἱ
2746 4393 2853 4446 τῶν
2895 4393 3163 4446 Ἰουδαίων
3209 4391 3540 4462 καθηγηταί,
3571 4407 3674 4442 πο-

2097 4485 2445 4558 λεμουμένων
2478 4487 2724 4551 ἐκτόπως
2757 4485 2864 4538 τῶν
2898 4488 3262 4542 πιστευόντων
3298 4488 3375 4549 εἰς
3413 4483 3671 4556 Χριστὸν,

2095 4579 2191 4630 καὶ
2237 4581 2484 4632 κοινωνοὶ
2541 4579 2642 4648 τῆς
2694 4571 2896 4651 ἐτέρων
2953 4578 3141 4648 ἐφόδου
3185 4595 3245 4629 τε
3285 4578 3379 4630 καὶ
3420 4577 3672 4648 λῃστείας

2095 4670 2351 4745 ἐγίνοντο,
2396 4671 2742 4742 διωκομένοις
2776 4672 3097 4744 ἐφηδόμενοι
3144 4674 3256 4734 τοῖς
3294 4673 3505 4732 πιστοῖς
3520 4710 3535 4735 ο
3577 4671 3671 4722 καὶ

2093 4762 2294 4837 λῃστὴν
2333 4761 2522 4834 ὥσπερ
2552 4765 2675 4817 τινὰ
2711 4766 2803 4818 τὸν
2857 4766 3101 4819 Σατανᾶν
3136 4767 3215 4828 είς
3245 4762 3367 4816 νοῦν
3403 4763 3496 4816 καὶ
3530 4780 3670 4832 καρ-

2090 4854 2209 4908 δίαν
2244 4855 2544 4925 δεχόμενοι,
2586 4857 2676 4909 τὸν
2715 4857 2934 4927 ἀπάσης
2966 4856 3246 4918 εὐσεϐείας
3279 4856 3368 4908 τὸν
3403 4855 3459 4906 ἐν
3488 4854 3669 4922 αὐτοῖς

2090 4949 2540 5018 ἀπαμφιεννύντα
2569 4951 2713 5012 νοῦν,
2743 4951 2828 5002 ἵνα
2871 4951 2965 5003 καὶ
3008 4949 3296 5021 σύμφωνον
3322 4949 3497 5019 ἔχοιεν
3531 4947 3667 5018 πρὸς

2091 5042 2252 5099 αὑτὸν
2287 5043 2386 5111 τὴν
2420 5043 2667 5114 καρδίαν.
2694 5043 2904 5114 Ὥσπερ
2941 5045 3049 5113 γὰρ
3079 5061 3097 5093 ι
3139 5042 3195 5094 '0
3223 5041 3560 5111 κολλώμενος
3587 5039 3667 5111 τῷ

2092 5131 2282 5201 Κυρίῳ
2311 5131 2368 5184 ἓν
2395 5132 2614 5204 πνεῦμά
2640 5135 2776 5196 ἐστι,
2801 5153 2818 5183 ι
2852 5133 2992 5187 κατά
3017 5133 3108 5186 τὸν
3137 5133 3316 5197 αὑτὸν,
3341 5128 3515 5200 οἶμαι,
3544 5132 3666 5201 τρὸ.

2092 5239 2193 5276 πον
2249 5225 2340 5276 καὶ
2379 5224 2407 5275 ὁ
2439 5222 2516 5295 τῷ
2551 5224 2764 5294 Σατανᾷ
2811 5222 3147 5294 κολλώμενος
3197 5224 3324 5293 μίαν
3375 5223 3485 5289 ’έξει
3528 5223 3664 5294 πρὸς

2089 5315 2250 5371 αὑτὸν
2278 5316 2376 5386 τὴν
2408 5316 2654 5388 καρδίαν.

2160 5406 2369 5473 Πὰσας
2400 5408 2508 5473 τὰς
2538 5409 2752 5476 κακίας
2773 5408 2973 5463 αὐτῶν
2998 5409 3326 5479 ἐμνήσθην.
3357 5408 3486 5462 Νῦν
3522 5408 3660 5460 sm}—

2091 5504 2336 5555 κλωσαν
2373 5501 2594 5566 αὐτοὺς
2627 5502 2700 5555 τὰ
2738 5501 3051 5558 διαϐούλια
3111 5503 3329 5569 αὐτῶν,
3373 5502 3661 5558 ἀπέναντι

2088 5592 2410 5660 προσώπου
2440 5611 2552 5647 αου
2583 5592 2881 5662 ἐγένοντο.

1655 5767 1722 5806 in"
1759 5764 1869 5821 Joel
1905 5783 1961 5832 ll,
2006 5769 2095 5836 l5;
2128 5771 2270 5828 PSal.
2305 5789 2500 5837 mur,
2536 5773 2618 5827 15.
2693 5775 2710 5805 ⁷
2745 5773 2762 5827 Ι
2803 5776 2926 5829 Cor.
2962 5792 3030 5840 γι,
3068 5777 3147 5829 Π.
