4110 6368
388 370 487 425 181

1309 346 1862 427 COMMENTARIUS
1904 372 1967 426 IN
2008 372 2236 427 OSEAM
2278 371 2724 426 PIiOPIII‘LTAM.

3551 371 3659 427 I89.

455 479 577 533 UA‘.
614 479 759 543 Ἕως
789 481 867 533 ἔτι
902 482 1114 554 φορητὰ
1145 483 1238 536 καὶ
1285 486 1675 556 μεμετρημένα
1723 487 1955 556 πλημμεη

2154 485 2337 540 LXXI.
2370 485 2617 553 Qnandiu
2670 485 2845 537 adhuc
2892 482 3244 537 tolerabiliter
3271 482 3661 553 moderateque

349 566 603 641 ’λοῦμεν,
648 571 724 634 ὡς
776 572 1089 643 ἄνθρωποι,
1142 576 1235 626 καὶ
1287 575 1563 630 εὐόλισθον
1630 576 1843 646 ἔχοντες
1892 582 1971 640 εἰς

388 667 659 735 ἁμαρτίαν
686 666 783 735 τὴν
815 666 996 736 φύσιν,
1030 668 1460 739 παραπέμπεται
1488 671 1617 734 Θεὸς
1646 672 1704 736 ἐξ
1731 672 1972 743 ἐμφύτου

387 757 813 827 φιλανθρωπίας.
847 754 968 811 Οἵδε
998 759 1107 831 γὰρ
1140 760 1199 813 τὸ
1235 760 1457 832 πλάσμα
1482 762 1663 833 ἡμῶν,
1699 763 1971 833 μέμνηται

386 848 453 909 εξ,
493 850 574 901 ὃτι
611 849 704 901 καὶ
735 847 864 918 χοῦς
891 851 1079 919 ἐσμεν,
1108 850 1249 904 κατὰ
1274 852 1370 922 τὴν
1398 851 1493 905 τοῦ
1530 852 1822 922 ψάλλοντος
1856 871 1971 921 φω-

385 942 501 1009 νήν.
549 940 716 994 Ἐπάν
756 941 813 994 δέ
848 960 900 994 τι
942 943 1119 1011 μέγα,
1155 943 1249 997 καλ¹
1281 944 1536 1010 ἐξαίσιον,
1568 946 1661 999 καὶ
1693 944 1970 1000 δύσοιστον

383 1031 597 1101 ἀληθῶς
632 1035 935 1105 πράττηται
968 1037 1095 1105 παρ’
1125 1036 1309 1106 ἡμῶν,
1336 1036 1363 1088 ὃ
1390 1037 1483 1089 καὶ
1525 1037 1697 1107 αὐτὴν
1734 1036 1846 1091 ἔσθ’
1880 1038 1968 1090 ὅτε

384 1123 480 1193 τὴν
506 1123 599 1177 τοῦ
628 1126 905 1196 κρίνοντος
933 1127 1202 1198 ὴπιότητα
1230 1127 1541 1200 παραθήγει
1570 1128 1776 1192 λοιπὸν,
1808 1130 1968 1199 μόνον

382 1214 438 1266 δὲ
471 1215 589 1285 οὐχὶ
617 1217 709 1268 καὶ
736 1217 837 1269 οὐκ
871 1217 1160 1271 ἐθέλουσαν
1188 1220 1579 1283 καταϐιάζεται
1609 1221 1748 1291 πρὸς
1777 1222 1965 1293 ὀργὴν,

383 1307 441 1356 τὸ
469 1308 722 1376 τηνικάδε
753 1310 934 1379 τρέχει
974 1310 1111 1381 πρὸς
1138 1312 1465 1382 ἀνάμνησιν,
1495 1312 1569 1377 ὼς
1614 1314 1741 1377 ἔπος
1773 1316 1966 1376 εἰπεῖν,

379 1398 487 1450 τῶν
514 1416 625 1450 τισι
665 1401 1237 1473 πεπλημμελημένων.
1281 1405 1549 1476 Ταύτῃτοί
1580 1424 1713 1476 φησι
1754 1408 1879 1479 περί
1907 1426 1967 1460 τε

378 1487 469 1539 τνδῦ
509 1487 749 1562 Ἒςραῒμ
802 1493 891 1544 καὶ
922 1493 1017 1562 τῆς
1048 1495 1380 1565 Σαμαρείας,
1407 1498 1486 1549 ὅτι
1520 1498 1706 1561 Πάσας
1733 1498 1831 1562 τὰς
1861 1516 1965 1551 κα-

375 1578 499 1640 κίας
548 1581 727 1633 αὐτῶν
758 1581 1057 1652 ἐμνήσθην.
1105 1584 1263 1646 Εἰκὸς
1296 1585 1351 1637 δὲ
1386 1585 1546 1638 πάλιν
1576 1588 1798 1638 κάκεῖνο
1835 1587 1977 1656 ἡμῖν

375 1672 430 1718 ἐν
467 1669 676 1735 τούτοις
706 1672 765 1724 τὸ
794 1675 1129 1743 προφητικῖν
1160 1675 1334 1728 Θέλειν
1381 1676 1684 1748 ὑποδηλοῠιν
1748 1695 1963 1748 χρησμ-

370 1762 591 1831 ‹ξ›δη;.ια.
635 1765 868 1834 Παρῆκα
908 1764 1007 1834 μὲν
1038 1765 1147 1835 γὰρ
1171 1766 1518 1833 φιλαγάοως,
1566 1767 1726 1837 φησὶ,
1755 1768 1861 1820 τῶν
1907 1770 1964 1819 ὲν

2076 594 2383 647 peccamus,
2445 587 2502 629 nt
2562 576 2811 630 homines
2871 584 2924 629 et
2974 584 3225 628 naturam
3272 574 3337 628 ad
3372 586 3657 644 peccatum

2077 668 2366 738 proclivem
2396 670 2670 731 habentes,
2692 668 2832 722 Deus
2855 682 2917 722 ex
2937 668 3171 721 naturali
3198 666 3532 736 benignitate
3560 685 3655 720 sua

2074 760 2367 815 eonnivet:
2406 778 2424 810 ι
2464 760 2608 813 novit
2630 760 2777 813 enim
2808 759 3123 827 ﬁgmentum
3151 768 3395 813 nostrum
3437 759 3514 829 (et
3549 776 3662 813 me-

2075 848 2275 917 minil),
2317 849 2443 917 quia
2475 848 2648 916 pulvis
2676 847 2921 913 sumus“,
2955 866 2973 898 ι
3016 846 3170 915 juxta
3213 861 3400 900 vocem
3432 844 3661 899 Psalmi-

2073 949 2189 992 επεν.
2224 940 2281 993 Si
2313 940 2439 1007 quid
2469 948 2650 993 autent
2683 954 2940 1008 magnum
2969 948 3024 992 ct
3052 953 3277 993 enorme
3310 953 3552 1009 vereque
3584 939 3659 991 in-

2075 1029 2352 1085 tolerabile
2395 1046 2422 1083 a
2464 1030 2620 1085 nobis
2664 1033 3008 1095 admittatur,
3053 1032 3196 1099 quod
3246 1038 3302 1083 et
3343 1031 3514 1099 ipsam
3558 1028 3659 1082 ali-

2075 1122 2298 1191 quando
2319 1121 2519 1188 judicis
2536 1121 2810 1177 lenitatem
2828 1122 3080 1191 deinceps
3099 1129 3349 1182 exacuat,
3366 1132 3421 1176 et
3446 1130 3652 1175 tantum

2072 1227 2176 1265 non
2218 1214 2442 1267 invitam
2471 1214 2535 1268 ad
2566 1215 2700 1267 iram
2739 1213 3047 1282 compellat,
3077 1223 3225 1276 tunc,
3261 1223 3321 1266 ut
3343 1215 3415 1267 ita
3448 1213 3652 1275 dicam,

2073 1306 2123 1358 in
2162 1307 2501 1367 memoriam,
2547 1321 2577 1360 a
2621 1306 2946 1375 quibusdam
2994 1306 3202 1360 nefarie
3237 1305 3648 1360 commissorum

2069 1394 2393 1463 regreditur.
2426 1396 2633 1451 Idcirco
2663 1398 2729 1451 de
2758 1395 3014 1463 Epltraim
3061 1406 3121 1451 et-
3162 1396 3409 1450 Samaria
3452 1395 3652 1465 inquit,

2068 1502 2127 1541 se
2159 1503 2347 1543 omnes
2402 1504 2591 1543 eorum
2645 1490 2885 1544 malitias
2927 1491 3271 1545 recordatum
3330 1503 3475 1545 esse.
3507 1488 3653 1543 Con-

2069 1589 2385 1635 sentaneum
2422 1592 2504 1635 est
2541 1596 2755 1649 quoque
2776 1582 3149 1651 prepbeticum
3178 1581 3460 1636 oraculum
3485 1582 3650 1635 etiam

2070 1672 2196 1725 illud
2230 1673 2386 1727 nobis
2429 1674 2586 1743 107
2616 1673 2752 1728 velle
2802 1674 3099 1729 insinuare.
3138 1673 3439 1729 Vindictam
3488 1673 3653 1729 cmdis

2075 1763 2484 1818 Sichimitarnm
2533 1781 2561 1817 a
2610 1766 2760 1829 Levi,
2798 1775 3020 1835 propter
3049 1765 3244 1820 Dinam
3275 1765 3440 1819 ﬁliam
3480 1763 3653 1819 Jacob

374 1854 623 1923 Σικίμοις
670 1856 1029 1909 ἀπολωλότων
1054 1857 1164 1909 ὑπὸ
1196 1858 1327 1910 Λευῒ
1366 1859 1463 1927 τὴν
1498 1860 1729 1930 σφαγὴν,
1762 1860 1852 1915 διά
1880 1878 1955 1913 τοι

2068 1856 2405 1924 petulantius
2440 1867 2726 1911 tractatam
2757 1857 3068 1912 commissa:
3121 1859 3466 1927 prmtermisi.
3500 1859 3649 1924 Quo-

374 1946 628 2015 ὑϐρίσθαι
669 1947 829 2002 Δίναν
864 1948 967 2019 τὴν
1018 1948 1076 2016 ἐξ
1109 1950 1327 2003 Ἰακώϐ.
1371 1951 1587 2023 Ἐπειδὴ
1622 1952 1679 2005 δὲ
1730 1956 1825 2006 καὶ
1869 1953 1971 2005 νῦν»

371 2038 741 2101 ἀπεκτόνασι,
799 2042 1149 2112 μεμνήσομαι
1200 2044 1293 2095 καὶ
1339 2043 1438 2113 τῆς
1489 2044 1724 2115 ἀρχαίας
1785 2046 1963 2099 αὐτῶν

371 2128 605 2193 ἀδικίας,
644 2131 737 2183 καὶ
769 2131 844 2194 ὡς
888 2134 1155 2203 φονευτὴν
1195 2134 1295 2206 ἤδη
1340 2136 1435 2188 καὶ
1490 2137 1674 2208 ἁπηνῆ
1718 2139 1815 2190 καὶ⁷
1854 2138 1962 2191 τῶν

374 2219 543 2271 πάλαι
570 2221 1066 2293 πλημμελημάτων
1097 2225 1369 2298 ὲξαιτήσω
1399 2228 1573 2292 δίκας.
1606 2249 1623 2280 ι
1657 2230 1961 2301 Ἐκύκλησε

369 2311 479 2381 γὰρ
505 2314 721 2375 αὐτοὺς,
757 2316 910 2386 φησὶ,
941 2317 1009 2370 τὰ
1043 2317 1324 2372 διαδούλια
1352 2321 1553 2376 αὐτῶν.
1580 2342 1598 2373 ›
1631 2324 1858 2394 Ὅμοιον
1887 2326 1964 2389 ὡς

367 2405 419 2454 εἰ
460 2404 639 2472 λέγοι,
684 2407 1153 2480 Πεπολιόρκηνται
1199 2412 1384 2467 λοιπὸν
1418 2414 1522 2468 ὑπὸ
1552 2415 1659 2467 τῶν
1696 2416 1839 2469 ἰδίων
1874 2419 1960 2469 ἐν·

368 2497 730 2566 θυμημάτων,
768 2502 858 2553 καὶ
906 2503 1137 2557 ἀνοσίων
1189 2507 1456 2575 σκέψεωνο
1496 2509 1825 2562 ἀπεκτόνασι
1863 2510 1961 2580 μὲν

367 2590 479 2661 γὰρ
511 2591 644 2661 δόλῳ
695 2594 789 2646 καὶ
834 2595 1016 2666 ἀπάτῃ
1054 2599 1179 2660 τοὺς
1206 2598 1314 2651 ἀπὸ
1359 2600 1603 2670 Σικίμων
1654 2602 1807 2664 ποτὲ,
1841 2604 1961 2656 νυνὶ

364 2682 423 2734 δὲ
451 2684 744 2756 λῃστείαις,
765 2687 943 2740 καίτοι
966 2689 1101 2759 πρὸς
1118 2690 1249 2742 Θεὸν
1270 2694 1715 2763 ἐπιστρέφοντας.
1742 2695 1959 2766 Ἐπειδὴ

366 2775 426 2827 δὲ
473 2776 614 2845 πέρα
653 2777 812 2846 λόγου
866 2780 934 2832 τὰ
981 2780 1433 2854 πλημμελήματα
1477 2785 1661 2839 λοιπὸν
1696 2787 1958 2839 ἀπέναντι

366 2866 463 2920 τοῦ
485 2868 778 2938 προσώπου
804 2889 906 2942 μου
929 2873 1197 2941 ἐγένοντο,
1216 2876 1276 2928 οὐ
1301 2877 1409 2947 γὰρ
1430 2878 1775 2949 περιόψομαι,
1804 2880 1958 2949 φησὶ,

368 2963 438 3012 τὰ
466 2961 645 3014 τοιάδε
688 2963 799 3015 τῶν
831 2966 1040 3027 κακῶν,
1071 2966 1197 3020 οὔτε
1234 2968 1339 3039 μὴν
1366 2969 1425 3036 ἐξ
1453 2971 1716 3040 ὀμμάτων
1763 2972 1842 3025 ἔτι
1876 2991 1959 3025 τι-

370 3052 509 3116 θεὶς,
546 3054 748 3126 βραδὺς
780 3057 975 3127 ἔσομαι
1006 3060 1297 3131 κολαστής.

449 3147 797 3201 Ἐκύκλωσαν
839 3150 1123 3215 Ἰουδαίους
1171 3153 1239 3204 τὰ
1284 3153 1562 3207 διαδούλια
1612 3156 1811 3215 αὐτῶν,
1860 3158 1957 3209 καὶ

2067 1947 2210 2001 niam
2247 1959 2427 2003 autem
2461 1958 2513 2003 et
2548 1964 2693 2004 nunc
2725 1950 2900 2005 credes
2932 1948 3269 2015 factitarunt,
3301 1950 3464 2004 etiam
3497 1958 3648 2004 vete~

2066 2039 2142 2094 ris
2195 2040 2406 2094 illorum
2442 2041 2744 2109 iniquitatis
2789 2042 3139 2107 reeordabor,
3186 2050 3239 2095 et
3284 2049 3544 2111 tanquam
3580 2040 3651 2094 ab

2066 2129 2351 2185 homicidis
2378 2141 2433 2185 et
2474 2132 2785 2188 crudelibus
2816 2134 3120 2201 priscorum
3165 2148 3382 2202 quoque
3421 2132 3649 2187 delicto-

2066 2238 2183 2275 rum
2234 2237 2426 2293 poenas
2466 2238 2698 2277 sumam.
2736 2242 2757 2275 ι
2810 2224 3296 2280 Circumdederuut
3338 2225 3482 2278 enim
3518 2240 3645 2292 eos,

2064 2312 2267 2382 inquit,
2309 2316 2671 2385 cogitationes
2715 2317 2977 2385 ipsorum.
3019 2335 3040 2369 ι
3075 2316 3240 2383 Quasi
3281 2318 3446 2381 dicat,
3475 2318 3587 2392 jam
3615 2333 3646 2372 a

2064 2406 2298 2473 propriis
2360 2408 2787 2476 cogitationibus
2841 2418 2895 2463 et
2936 2410 3119 2479 impiis
3172 2410 3646 2464 commentationi-

2063 2496 2164 2551 bus
2187 2498 2395 2552 obsessi
2441 2508 2590 2553 sunt.
2634 2498 2739 2553 Per
2764 2500 2942 2554 dolum
2979 2502 3123 2553 enim
3163 2511 3220 2555 et
3251 2500 3521 2554 fallaciam
3559 2499 3648 2554 Si-

2062 2593 2315 2647 cbimitas
2376 2594 2507 2647 olim
2560 2593 2981 2660 obtruncarunt;
3041 2610 3225 2660 nunc,
3272 2604 3333 2649 ut
3380 2598 3641 2659 latrones,

2060 2683 2223 2737 etiam
2279 2683 2345 2736 ad
2414 2681 2583 2736 Deum
2631 2697 2691 2736 se
2736 2693 3115 2737 convertentes
3169 2696 3536 2753 peremerunt.
3582 2684 3648 2737 Et

2061 2774 2316 2842 quoniam
2351 2784 2574 2842 peccata
2601 2774 2853 2843 graviora
2884 2789 3047 2843 quam
3079 2776 3187 2829 dici
3217 2785 3394 2844 potest
3421 2776 3472 2829 in
3505 2792 3641 2829 con-

2062 2877 2248 2935 spectu
2308 2881 2428 2919 meo
2480 2875 2694 2934 patrata
2755 2877 2927 2932 sunt,
2989 2876 3135 2920 tanta
3182 2868 3322 2921 mala
3382 2883 3489 2921 non
3546 2884 3644 2923 ne—

2060 2959 2280 3029 glignm,
2323 2973 2497 3029 neque
2539 2974 2601 3013 ea
2647 2960 2715 3013 ab
2748 2960 2923 3014 oculis
2972 2975 3281 3025 removens,
3323 2961 3509 3016 tardus
3550 2976 3650 3017 ero

2060 3050 2299 3118 punitor.

2129 3140 2617 3196 Circumdederont
2643 3142 2857 3199 Judaaos
2875 3144 3237 3213 cegitationes
3256 3161 3444 3201 eorum
3471 3147 3637 3200 etiam

364 3236 456 3288 ἐπί
479 3254 541 3303 γε
579 3241 691 3302 τοῖς
718 3241 856 3293 κατὰ
888 3241 1146 3312 Χριστόν.
1191 3244 1545 3299 Ἀπεκτόνασι
1579 3246 1677 3315 μὲν
1700 3246 1808 3316 γὰρ
1829 3249 1953 3310 τοὺς

2060 3233 2111 3286 ἰη
2144 3234 2207 3286 iis
2241 3248 2361 3302 quae
2410 3235 2672 3288 adversus
2726 3234 3006 3290 Christum
3056 3238 3437 3306 designarent.
3483 3237 3645 3292 Occi-

366 3330 676 3400 προςήτας,
706 3332 1155 3398 ἁνεξικακοῦντος
1184 3334 1263 3388 ἔτι
1303 3335 1458 3390 Θεοῦ.
1510 3338 1728 3409 Ἐπειδὴ
1773 3339 1828 3391 δὲ
1864 3357 1952 3408 γε-

364 3424 556 3491 γόνασι
607 3425 700 3477 καὶ
752 3426 1128 3498 Κυριοκτόνοι,
1186 3448 1203 3479 ι
1256 3430 1602 3483 Ἑκύκλωσαν
1642 3432 1839 3494 αὐτοὺς
1883 3434 1951 3487 τὰ

363 3516 644 3569 ὃιαϐούλια
676 3518 874 3582 αὐτῶν,
909 3521 1001 3573 καὶ
1032 3521 1209 3585 πάσας
1237 3522 1415 3576 αὐτῶν
1441 3524 1537 3587 τὰς
1566 3524 1764 3588 κακίας
1790 3526 1953 3597 ἐμνή-

367 3608 469 3681 σθη
500 3612 528 3664 ὁ
556 3611 665 3664 τῶν
689 3611 823 3665 ὅλων
853 3612 1003 3676 Θεός.
1045 3639 1063 3665 ο

450 3788 551 3841 Ἐν
590 3787 716 3851 ταῖς
750 3790 985 3855 κακίαις
1034 3789 1234 3844 αὐτῶν
1282 3792 1590 3861 εὖρραναν
1635 3794 1943 3861 βασιλεῖς,

362 3876 463 3931 καὶ
490 3878 561 3930 ἐν
596 3879 719 3943 τοῖς
753 3880 1048 3947 ψεύδεσιν
1085 3881 1285 3935 αὐτῶν
1315 3883 1630 3951 ἄρχοντας.

436 3967 555 4021 OB'.
600 3967 746 4021 Ἔδει
776 3968 838 4040 δὴ
876 3969 1075 4039 μᾶλλον
1124 3971 1621 4041 ἁγαθουργοῠντας,
1656 3978 1809 4045 φησὶ,
1853 3979 1945 4031 καὶ

361 4061 466 4131 ζῇν
511 4060 799 4131 ἑλομένους
843 4063 1103 4134 ἐννόμως,
1132 4064 1433 4136 ἐξημεροῦν
1482 4066 1694 4130 ἑαυτοῖς
1727 4068 1818 4121 τὸν
1852 4067 1945 4121 λυ-

362 4170 388 4203 τ
399 4152 597 4223 ρωτὴν,
634 4154 726 4207 καὶ
754 4157 1172 4227 κατευφραίνειν
1199 4157 1289 4212 τὸν
1318 4157 1577 4223 σώζοντα,
1612 4158 1707 4213 καὶ
1735 4160 1947 4231 ἄμαχον

362 4242 551 4313 ἔχοντα
583 4245 719 4315 πρὸς
756 4244 913 4298 τοῦτο
946 4247 1119 4316 ἰσχύν.
1169 4245 1234 4301 Oi
1261 4247 1316 4301 δὲ
1348 4248 1507 4301 τοῦτο
1540 4250 1639 4320 μὲν
1669 4252 1728 4303 οὐ
1755 4251 1946 4319 δεδρά-

362 4352 508 4399 κασι,
563 4336 794 4407 ρᾁυμοι
844 4338 899 4391 δὲ
958 4339 1243 4407 γεγονότες
1292 4341 1412 4394 λίαν
1463 4343 1591 4414 περ)⁸
1645 4344 1709 4396 τὸ
1761 4344 1945 4412 σφίσιν

359 4430 654 4495 ἀναγκαῖον
687 4432 767 4490 εἰς
796 4427 961 4500 ζωὴν,
999 4431 1093 4482 καὶ
1124 4432 1391 4501 χρήσιμον
1422 4435 1500 4497 εἰς
1529 4435 1853 4505 εὐημερίαν,
1887 4437 1945 4487 ἐν

359 4520 536 4573 οὐδενὶ
586 4520 685 4590 μὲν
740 4522 1033 4591 πεποίηντο
1080 4523 1222 4594 λόγῳ
1271 4524 1333 4577 τὸ
1383 4528 1744 4597 προσκρούειν
1802 4528 1941 4599 Θεῷ.

2052 3324 2253 3378 derunt
2282 3324 2431 3379 enim
2486 3327 2799 3394 prophetas,
2858 3328 3123 3384 tolerante
3151 3331 3328 3385 adhuc
3378 3330 3511 3387 Deo.
3566 3333 3640 3386 At

2053 3427 2338 3486 postqnam
2359 3417 2735 3473 interfectores
2762 3418 2979 3475 Domini
3011 3432 3324 3488 evaserunt,
3358 3442 3375 3475 ι
3402 3424 3641 3479 circum-

2052 3511 2315 3565 dederont
2367 3525 2464 3565 eos
2519 3512 2883 3581 cogitationes
2943 3529 3131 3570 eorum
3165 3556 3181 3582 ,
3236 3525 3292 3570 et
3354 3521 3641 3574 universas

2054 3601 2369 3655 eorumdem
2400 3601 2638 3657 malitias
2690 3608 3070 3660 universorum
3122 3606 3263 3661 Deus
3306 3606 3631 3662 recordatus

2052 3703 2155 3748 est.
2196 3713 2216 3745 ι

2124 3786 2287 3844 Vens.
2324 3789 2377 3845 5.
2416 3787 2483 3842 In
2516 3788 2790 3857 maleﬁciis
2817 3789 2929 3843 suis
2966 3788 3369 3859 lwtiﬁcaverunt
3394 3808 3559 3864 reges,
3583 3804 3637 3848 er

2051 3882 2105 3935 in
2133 3881 2420 3936 mendaciis
2445 3883 2557 3936 suis
2592 3884 2879 3951 principes.

2122 3972 2331 4029 LXXII.
2366 3972 2665 4045 Oportebat
2702 3975 2887 4043 potius
2926 3975 2993 4029 ad
3017 3975 3274 4031 virtutem
3310 3977 3633 4031 incumben—

2053 4078 2153 4133 tes,
2190 4076 2245 4121 et
2286 4067 2456 4121 vitam
2487 4082 2555 4123 ex
2589 4067 2800 4137 legibus
2846 4080 3237 4137 capessentes,
3278 4069 3637 4123 liberatorem

2050 4160 2151 4213 sibi
2214 4160 2486 4228 placatum
2538 4158 2797 4225 efﬁcere,
2851 4171 2906 4214 et
2931 4160 3213 4217 laetiticare
3268 4172 3633 4226 servatorem,

2050 4250 2202 4318 cujus
2229 4251 2297 4304 ad
2336 4252 2565 4305 salutem
2596 4250 2826 4305 dandam
2853 4252 2997 4307 vires
3033 4263 3155 4308 sunt
3192 4256 3426 4311 invictas.
3455 4259 3550 4314 Ast
3573 4260 3637 4314 hi

2050 4340 2191 4394 ἰδιυο
2225 4356 2331 4394 non
2362 4341 2627 4403 fecerunt,
2669 4342 2979 4411 segnissimi
3011 4353 3193 4397 autem
3247 4346 3301 4398 in
3343 4361 3407 4399 eo
3436 4386 3451 4406 ,
3479 4352 3622 4416 quod

2050 4435 2181 4503 ipsis
2214 4434 2279 4485 ad
2317 4435 2482 4487 vitam
2509 4442 2653 4487 esset
2692 4435 3083 4499 necessarium,
3119 4445 3174 4489 et
3203 4439 3268 4489 ait
3305 4438 3620 4496 felicitatem

2050 4524 2392 4594 frugiferum,
2433 4522 2602 4576 Deum
2634 4522 2909 4579 oﬁ‘eudere
2944 4540 3044 4593 pro
3072 4526 3247 4580 nihilo
3291 4529 3618 4585 habuerunt.

360 4612 825 4682 Συνυπεκρίνοντο
875 4613 932 4667 δὲ
966 4617 1078 4677 τοῖς
1111 4616 1320 4669 ἑαυτῶν
1356 4616 1657 4686 βασιλεῦσι,
1708 4622 1803 4674 καὶ
1834 4625 1946 4686 τοῖς

2060 4616 2223 4671 Simul
2272 4631 2405 4671 vero
2474 4617 2689 4685 regibus
2740 4616 2855 4671 suis
2911 4617 3111 4671 adnlati
3160 4630 3324 4683 sunt,
3403 4637 3631 4677 assensu

359 4705 705 4775 ἡγουμένοις,
760 4708 826 4777 τῇ
878 4706 1015 4777 πρὸς
1048 4709 1156 4759 πᾶν
1200 4708 1379 4761 ὁτιοῦν
1424 4710 1533 4763 τῶν
1582 4712 1811 4776 ἐκείνοις
1851 4714 1937 4767 δο-

360 4799 599 4852 κούντων
622 4798 891 4870 συνδρομῇ
914 4800 1422 4871 κατευφραίνοντες,
1452 4804 1544 4856 καὶ
1574 4805 1642 4857 τὰ
1669 4804 1939 4859 λυποῦντα

356 4894 489 4947 Θεὸν
520 4894 599 4957 είς
628 4893 821 4964 ἡδονήν
862 4910 921 4944 τε
954 4893 1047 4945 καὶ
1073 4894 1263 4964 τέρψιν
1310 4898 1423 4960 τοῖς
1457 4896 1704 4950 πλανῶσι
1735 4899 1931 4970 δωρούο

360 5004 531 5056 μενοι.
566 4986 810 5038 Αἱτιάται
836 4984 892 5037 δὲ
928 4985 1109 5044 πάλιν,
1139 4986 1214 5048 ὡς
1259 4987 1336 5056 τῷ
1381 4986 1658 5059 Ἰεροϐοὰμ
1711 4990 1939 5055 καὶτοῖς

356 5078 450 5131 ὑπ’
484 5078 645 5131 αὑτὸν
693 5077 919 5148 ἄρχουσι
957 5077 1483 5150 συνδεδραμηκότας,
1543 5083 1637 5135 καὶ
1681 5082 1945 5155 ἀμελλητὶ

356 5168 795 5230 κατανεύσαντας
825 5168 923 5239 τὴν
952 5168 1042 5220 ἐπὶ
1090 5171 1209 5232 ταῖς
1253 5169 1518 5240 δαμάλεσι
1547 5176 1668 5237 ταῖς
1717 5178 1945 5244 χρυσαῖς

356 5259 663 5313 ἐπινοοῦντι
680 5298 695 5323 ,
722 5258 815 5311 καὶ
838 5258 973 5329 πρὸς
996 5258 1188 5329 ἑτέραν
1217 5258 1471 5331 λατρείαν
1498 5261 1726 5325 ἀνοσίως
1747 5262 1944 5326 αὐτοὺς

354 5351 712 5422 ἀποκομίζειν
759 5350 1015 5404 ἐθέλοντι.
1059 5352 1202 5405 Ἔδει
1234 5353 1341 5425 γὰρ
1364 5393 1377 5418 ,
1414 5355 1522 5407 ἔδει
1575 5359 1687 5420 τοῖς
1720 5357 1943 5412 ἐκείνων

356 5444 643 5515 σκέμμασι
695 5444 787 5497 καὶ
821 5444 1072 5509 ἐκτόποις
1096 5446 1233 5513 ἄγαν
1278 5449 1701 5519 ἐπιχειρήμασιν
1747 5451 1942 5516 ἀντεξ-

356 5540 511 5606 άγειν
541 5537 771 5606 γενικῶς
801 5538 900 5608 τῆς
932 5539 1012 5601 είς
1058 5538 1188 5591 Θεὸν
1224 5538 1445 5611 ἀγάπης
1472 5541 1532 5594 τὸ
1570 5544 1813 5613 γνήσιον,
1850 5545 1944 5597 καὶ

356 5630 651 5701 πειρᾶσθαι
680 5630 912 5684 κωλύειν
944 5631 1329 5703 ἀφραίνοντας,
1362 5636 1457 5704 οὐχ
1501 5636 1734 5708 ἑτοίμως
1766 5638 1943 5703 ίόντας

352 5724 438 5785 είς
473 5722 775 5774 συναίνεσιν
813 5725 1232 5793 κατευφραίνειν
1263 5725 1477 5790 αὐτούς.
1800 5749 1820 5774 ο

426 5838 452 5869 ⁸
478 5841 623 5898 Psai.
666 5857 760 5909 cu,
803 5841 887 5897 Η.

2051 4708 2551 4777 approbationeqne
2595 4708 2839 4760 omnium
2897 4721 3020 4775 qua:
3066 4707 3169 4763 illis
3216 4710 3487 4778 placerent
3536 4730 3630 4768 eos

2049 4802 2369 4863 hilarantes,
2395 4808 2449 4853 et
2465 4798 2634 4852 Deum
2664 4798 2937 4853 irritanlia
2954 4800 3330 4855 scducentium
3366 4804 3628 4875 voluptati

2049 4892 2501 4961 delectationique
2527 4891 2919 4960 gratiﬁcantes.
2975 4892 3255 4946 Ins’nnnlat
3308 4906 3489 4950 autem
3534 4914 3629 4955 eos

2048 5001 2255 5051 rursus,
2288 4994 2345 5039 ut
2393 4984 2485 5054 qui
2516 4982 2902 5038 .leroboamnm
2951 4994 3007 5038 et
3038 4986 3315 5056 principes
3364 4990 3488 5059 ejus
3542 4994 3631 5043 ad-

2038 5076 2309 5143 juverint,
2340 5076 2588 5147 citraque
2619 5076 3126 5145 tergiversationem
3168 5078 3458 5147 profanum
3486 5080 3630 5135 vitu-

2048 5170 2221 5223 lorum
2258 5184 2549 5223 aureorum
2577 5170 2780 5222 cultum
2810 5168 3139 5239 excogitanti
3166 5212 3181 5237 ,
3239 5184 3291 5225 et
3333 5173 3399 5225 ad
3429 5186 3628 5229 novant

2047 5258 2363 5328 religionem
2394 5274 2488 5314 eos
2539 5258 2705 5329 impie
2763 5260 3046 5315 traducere
3105 5261 3345 5317 molienti
3384 5278 3630 5320 assense-

2049 5353 2177 5406 rint.
2210 5351 2447 5405 Debebat
2473 5350 2638 5413 enim,
2701 5351 2933 5405 debebat
2991 5352 3206 5406 illorum
3268 5356 3528 5425 cogitatis
3569 5369 3623 5413 et

2049 5445 2274 5500 ausibus
2313 5442 2682 5498 stolidissimis
2719 5457 2983 5513 generose
3006 5442 3226 5498 obviam
3264 5446 3342 5501 ire
3366 5464 3630 5515 germana

2048 5552 2175 5606 erga
2207 5533 2379 5588 Deum
2437 5532 2701 5598 charitas,
2766 5543 2822 5587 et
2860 5534 2927 5587 ad
2972 5541 3202 5589 conatus
3249 5534 3624 5606 insipientium

2049 5629 2422 5700 impediendas
2456 5627 2613 5695 eniti,
2661 5642 2769 5684 non
2810 5636 3059 5697 prompte
3113 5627 3509 5687 subscribendo
3565 5633 3631 5688 iis

2053 5723 2273 5779 delicias
2300 5721 2497 5778 facere.
