4110 6368
425 305 528 360 I83

1451 300 1509 353 S.
1553 293 1827 352 CYRILLI
1867 290 2336 346 ALEXANDRINI
2377 287 2696 345 AIICIIIEP.

496 420 670 474 Verus
700 425 780 471 est
811 427 990 472 autem
1022 431 1224 479 sermo,
1260 414 1510 485 quamvis
1535 412 1700 469 etiam
1731 414 1796 466 de
1821 411 2001 464 cruci-
2033 415 2078 470 Α

425 511 692 566 ﬁxoribus
720 510 1096 564 Emmanuelis
1128 509 1459 564 intellectus.
1495 506 1658 576 108
1683 504 2006 558 Mentientes

427 618 662 671 namque
698 615 753 656 et
778 601 1175 657 calumniantes
1231 615 1378 662 eum,
1408 597 1665 669 gaudium
1712 595 1914 650 Herodi
1951 605 2009 649 et

424 694 619 750 Pontio
672 693 867 759 Pilato,
905 701 959 747 et
991 692 1318 760 prasidibus
1366 689 1664 763 Synagogte
1719 689 2008 742 dederunt.

426 787 517 841 Ait
545 786 690 842 enim
723 785 922 841 alicubi
957 795 1014 840 et
1043 785 1260 840 divinus
1285 782 1485 838 Petrus
1513 782 1579 835 ad
1618 780 1999 833 universorum

427 879 644 934 I‘atrent
678 894 740 933 ac
769 879 934 934 Deum
968 897 981 933 :
1030 897 1050 930 ι
1091 879 1474 933 Convenerunt
1506 877 1651 929 enim
1677 888 1805 928 vere
1833 872 1886 926 itt
1921 872 2001 926 ci-

427 971 595 1024 vitate
619 968 721 1022 ltac
751 970 1012 1024 adversus
1045 979 1297 1022 sanctum
1337 981 1563 1036 puerum
1610 975 1758 1017 tuum
1793 961 2002 1028 Jesntn,

429 1079 588 1131 quem
622 1061 849 1125 ttnxiSti,
893 1061 1134 1116 Herodes
1151 1071 1204 1114 et
1236 1060 1463 1115 Pontius
1493 1059 1704 1114 Pilatus
1726 1072 1851 1112 cum
1884 1071 2014 1125 gen-

432 1155 576 1210 tibus
611 1164 667 1211 et
699 1155 911 1226 populis
939 1155 1106 1210 Israel
1131 1156 1176 1208 9.
1206 1174 1226 1207 ι

513 1248 673 1304 Vsus.
713 1247 770 1302 4.
806 1246 1000 1303 Omnes
1031 1247 1387 1300 adulterantes
1434 1244 1586 1315 quasi
1649 1243 1884 1296 clibanus
1933 1257 2015 1294 ar-

433 1341 640 1394 deusiu
668 1341 955 1394 coctiouem
983 1338 1365 1393 combustiouis
1423 1353 1456 1390 ο
1491 1337 1730 1406 ﬂamma,
1780 1352 1810 1386 a
1866 1349 2012 1386 cont-

433 1433 678 1487 mistione
724 1433 968 1503 [ermenti
1019 1433 1184 1486 donec
1237 1431 1609 1501 fermentatum
1688 1438 1762 1482 est
1821 1429 2011 1495 ipsum.

435 1526 563 1581 Dies
593 1542 771 1597 regum
801 1537 1113 1580 vestrorum.

511 1618 746 1674 LXXIII.
783 1618 1029 1685 Quonam
1078 1617 1236 1671 modo
1276 1615 1329 1668 in
1379 1613 1660 1668 maleﬁciis
1701 1612 1819 1667 suis
1863 1610 2018 1664 exhi-

439 1712 741 1768 laraverint
791 1726 968 1782 rcges,
1016 1710 1146 1763 etin
1176 1707 1482 1764 mendaciis
1528 1706 1824 1775 principes,
1867 1704 2013 1758 clare

441 1805 597 1859 nobis
653 1804 963 1871 exponitur.
1019 1801 1194 1856 Ilabct
1246 1809 1426 1855 autem
1483 1798 1709 1853 historia
1757 1797 1822 1852 ad
1876 1796 2020 1850 hunc

443 1899 686 1962 modum,
723 1914 882 1968 quant
915 1897 961 1950 si
985 1899 1109 1966 quis
1145 1895 1283 1949 forte
1342 1892 1633 1963 cognorit,
1672 1891 1858 1960 utique
1893 1903 2023 1958 pro-

443 1991 642 2062 phetia:
686 2006 906 2045 sensum
940 1990 1181 2060 perfecte
1227 1998 1545 2060 cognoscet.
1589 1987 1819 2054 Quando
1859 1985 2028 2056 igitur

449 2083 696 2150 abruptis
739 2083 926 2137 decem
959 2082 1208 2137 tribubus
1261 2097 1488 2151 regnum
1528 2094 1692 2148 super
1721 2092 1818 2132 eas
1867 2075 2026 2130 inivit

448 2175 821 2229 exsecraudus
868 2172 1186 2238 Jeroboam,
1217 2173 1396 2228 timuit
1441 2185 1770 2241 magnopere
1814 2184 1880 2223 ne
1924 2167 2030 2221 τοι·-

451 2275 596 2322 tasse
620 2276 840 2336 propter
873 2265 1043 2320 festos
1076 2266 1194 2321 dies
1230 2265 1284 2319 in
1339 2265 1455 2332 lege
1496 2274 1795 2334 praeceptus
1839 2259 2030 2314 Hiero-

449 2359 713 2432 solymam
766 2359 1156 2423 ascendentes,
1213 2358 1419 2413 sensim
1466 2373 1531 2411 eo
1579 2357 1983 2416 adducerentur
2013 2392 2030 2416 ,

450 2461 510 2507 ιιι
542 2456 610 2508 de
643 2453 850 2522 integro
885 2452 1114 2520 sceptris
1139 2450 1277 2506 Juda
1311 2465 1371 2506 se
1402 2448 1719 2513 subderent,
1753 2456 2026 2503 veterum-

453 2558 558 2612 que
587 2544 784 2597 rituum
833 2552 1087 2596 renovata
1121 2542 1406 2607 memoria,
1457 2549 1550 2596 aut
1593 2541 1770 2610 ipsum
1821 2539 2035 2594 occide-

453 2646 600 2700 rent,
659 2643 750 2689 aut
783 2647 930 2690 certe
967 2649 1130 2704 regno
1161 2634 1244 2689 vel
1282 2642 1671 2705 repugnantem
1714 2643 1900 2703 postea
1939 2647 2037 2686 ex-

455 2729 755 2784 turbarent.
791 2726 903 2782 Hae
933 2727 1000 2781 de
1040 2741 1202 2781 causa
1248 2726 1358 2780 Deo
1383 2726 1614 2788 invisus,
1646 2735 1701 2778 et
1747 2725 1913 2778 miser
1946 2741 2034 2777 att-

460 2834 582 2873 reos
613 2817 810 2872 vitulos
856 2818 988 2886 ipsis
1037 2831 1364 2872 consecrare
1412 2816 1754 2879 deliberavit,
1809 2825 1860 2870 et
1918 2829 2037 2868 sce-

458 2910 608 2966 lestac
653 2909 1036 2979 pseudolatrite
1083 2910 1346 2964 rationem
1390 2908 1695 2973 invenit,et
1727 2923 1894 2962 novos
1921 2908 2037 2962 dies

462 3001 631 3055 festos
672 3000 724 3052 iu
762 2999 991 3068 gratiam
1055 2998 1345 3053 vitulorum
1384 2999 1644 3063 inStituit,
1687 2998 2038 3066 quetnadnto-

463 3094 590 3149 dum
645 3093 800 3149 libris
849 3092 1194 3147 Hebraeorum
1251 3092 1504 3147 traditur.
1560 3090 1840 3161 Principio
1876 3091 2040 3158 igitur

465 3204 664 3255 magno
705 3188 758 3241 in
812 3186 1009 3240 timore
1041 3193 1183 3248 erat,
1223 3200 1292 3240 ne
1321 3183 1460 3238 forte
1503 3183 1771 3251 superiori
1806 3191 1860 3238 et
1888 3184 2046 3238 avitae

467 3280 642 3336 Iatrize
670 3280 1096 3350 patrocinantes,
1127 3289 1220 3334 aut
1251 3279 1390 3334 solio
1429 3293 1490 3333 se
1527 3279 1864 3349 expellerent
1895 3321 1909 3342 ,
1949 3288 2043 3333 aut

467 3374 654 3438 etiam,
699 3373 843 3428 sicut
888 3373 1024 3436 dixi,
1082 3373 1484 3436 interllcerent,
1523 3371 1916 3442 repudiatoque
1965 3372 2047 3424 iu-

470 3475 648 3534 ccepto
681 3465 747 3520 ad
789 3465 1077 3535 pristinum
1125 3480 1304 3533 regem
1356 3465 1534 3520 redire
1592 3464 1816 3518 mallent
1850 3504 1864 3529 ,
1909 3478 2051 3533 :rgre

470 3556 731 3623 ferentes,
771 3565 825 3612 et
856 3558 1196 3627 indignantes
1241 3558 1456 3622 merito,
1503 3556 1725 3627 Moysen
1769 3565 2047 3612 contume-

472 3648 608 3705 liose
647 3650 914 3716 habitum,
943 3659 1000 3705 et
1037 3651 1275 3705 divinum
1313 3651 1625 3704 mandatum
1670 3665 1699 3704 a
1738 3665 1795 3705 se
1825 3650 2052 3720 pedibus

476 3743 874 3800 conculcatum.
939 3743 1202 3810 Quocirca
1243 3758 1363 3797 cum
1396 3752 1540 3796 esset
1589 3742 1801 3812 vulpes,
1849 3758 1878 3796 a
1931 3742 2055 3796 dolo

475 3838 785 3909 praesidium
840 3837 1001 3906 petit,
1051 3835 1247 3890 multos
1297 3850 1364 3889 ex
1403 3833 1568 3888 Israel
1608 3834 1926 3898 submittit,
1968 3835 2054 3902 ja-

477 3935 691 3983 ctantes
732 3927 1087 3995 dicentesqne
1129 3925 1260 3994 ipsis
1299 3924 1530 3977 vitulum
1586 3923 1952 3988 multandum,
2004 3933 2059 3978 et

481 4037 650 4076 novos
693 4021 810 4075 dies
851 4019 1019 4074 festos
1071 4033 1133 4073 ac
1181 4018 1433 4087 proprios
1487 4016 1858 4084 inducendos,
1896 4027 2060 4087 atque

480 4115 658 4183 ipsum
691 4128 720 4166 a
754 4128 876 4180 rege
911 4111 1368 4166 contendendum.
1401 4107 1500 4164 Ubi
1551 4110 1805 4179 populum
1844 4109 1912 4163 ad
1961 4110 2062 4165 hoc

480 4221 744 4277 perquam
775 4211 1024 4275 paratum
1066 4218 1130 4257 ac
1158 4217 1510 4272 propensum,
1543 4213 1598 4257 et
1630 4201 1787 4270 hujus
1816 4203 1893 4258 rei
1935 4218 2063 4257 sua-

482 4296 699 4350 sorihus
727 4293 1032 4364 astipulari,
1076 4306 1295 4360 unaque
1322 4291 1516 4346 iisdem
1551 4290 1791 4360 gaudere
1841 4289 2056 4352 didicit,

482 4399 673 4442 coacta
711 4386 975 4441 concione
1023 4383 1200 4454 palam
1257 4383 1640 4453 promulgavit,
1684 4381 2059 4437 adorationetu

2070 3121 2118 3183 (Ζ

3597 269 3696 326 ιρι

2191 409 2424 480 Ἀληθὴς
2468 409 2524 461 δὲ
2573 409 2601 460 6
2644 405 2823 472 λόγος,
2849 401 2950 456 κᾶν
2982 400 3030 454 εἰ
3064 401 3237 454 νοοῖτο
3276 395 3438 449 πάλιν
3471 389 3698 445 ἐπὶτῶν

2113 521 2244 556 σταυ
2255 503 2542 572 ρωσάντων
2565 498 2656 552 τὸν
2692 493 3058 566 Ἐμμανουήλ.
3095 490 3428 560 Ψευδόμενοι
3448 485 3577 556 γὰρ,
3603 484 3698 572 καὶ

2112 588 2572 660 συκοφαντοῦντες
2599 575 2799 649 αὐτὸν,’
2810 583 3022 656 χαίρειν
3063 573 3475 651 παρεσκεύαζον
3522 570 3700 642 Ἡρώ-

2109 686 2208 756 δην
2237 701 2294 736 τε
2325 683 2419 736 καὶ
2444 681 2667 734 Πόντιον
2701 677 2956 740 Πιλάτον,
2997 673 3244 732 καὶτοὺς
3274 663 3703 740 προεδρεύοντας

2111 754 2211 846 τῆς
2243 772 2595 843 Συναγωγῆς.
2636 771 2780 839 Ἔφη
2825 766 2934 838 γάρ
2965 783 3066 818 που
3093 763 3185 818 καὶ
3220 765 3248 815 6
3277 758 3565 819 θεσπέσιος
3595 754 3700 806 Πέ-

2113 885 2240 939 τρος
2270 867 2404 938 πρὸς
2458 864 2550 917 τὸν
2600 861 2709 914 τῶν
2742 861 2881 914 ὅλων
2924 857 3145 926 Πατέρα
3179 853 3273 906 καὶ
3307 851 3460 905 Θεόνο
3517 866 3535 897 ι
3567 846 3700 898 Συνι-

2114 937 2362 1029 ήχθησαν
2390 955 2501 1026 γὰρ
2528 953 2614 1008 ἐπ’
2643 951 2900 1021 ἀληθείας
2934 951 2990 1002 ἐν
3019 950 3084 1019 τῇ
3117 945 3270 998 πόλει
3300 941 3470 1012 ταύτῃ
3495 939 3587 993 ἐπὶ
3611 937 3701 990 τὸν

2115 1050 2269 1120 ἅγιον
2303 1048 2470 1104 παῖδά
2516 1064 2609 1099 σου
2673 1042 2902 1116 Ἰησοῦν,
2944 1041 3004 1094 ὃν
3054 1039 3298 1112 ἔχρισας,
3342 1035 3590 1104 Ἡρώδης
3642 1047 3703 1081 τε

2115 1146 2210 1199 καὶ
2237 1144 2457 1206 Πόντιος
2491 1140 2721 1201 Πιλᾶτος
2757 1137 2854 1190 σὺν
2889 1135 3066 1188 ἔθνεσι
3115 1134 3209 1187 καὶ
3231 1132 3380 1194 λαοῖς
3415 1126 3650 1197 Ἰσραήλ.
3680 1143 3698 1174 ι

2187 1237 2412 1301 Πάντες
2441 1233 2828 1302 μοιχεύοντες
2851 1230 2930 1294 ὡς
2957 1229 3243 1291 κλίϐανος
3271 1223 3586 1291 καιόμενος
3618 1220 3708 1282 εὶς

2118 1330 2308 1399 πέψιν
2354 1325 2815 1395 κατακαὺματος
2843 1322 2961 1376 ἀπὸ
2989 1320 3101 1387 τῆς
3143 1315 3402 1387 φλογῆς,
3448 1314 3567 1367 ἀπὸ
3600 1328 3708 1379 99v-

2110 1422 2349 1492 ράο-εως
2379 1419 2632 1482 στέατος
2659 1415 2770 1482 ἕως
2792 1414 2898 1468 τοῦ
2920 1411 3252 1481 ζυμωθῆναι
3285 1406 3452 1461 αὑτό.
3491 1401 3708 1470 Ἡμέρα

2115 1511 2429 1580 ,ϐασιλέων
2466 1508 2654 1579 ὑμῶν.

2194 1605 2312 1659 ΟΓ’.
2351 1601 2510 1657 Κατά
2538 1601 2660 1654 τίνα
2687 1599 2744 1652 δέ
2772 1597 2976 1670 τρόπον
3001 1596 3057 1647 ἐν
3091 1593 3189 1664 μὲν
3210 1591 3330 1654 ταῖς
3359 1587 3580 1648 κακίαις
3613 1583 3710 1638 αύ-

2126 1698 2235 1752 τῶν
2265 1695 2552 1768 ηὗφραναν
2569 1693 2899 1764 βασιλεῖς,ἐν
2927 1690 2984 1743 δέ
3001 1705 3063 1757 γε
3097 1688 3207 1748 τοῖς
3237 1682 3485 1753 ψεύδεσιν
3517 1679 3711 1746 ἄρχον-

2124 1810 2244 1858 τας,
2266 1793 2324 1845 ἐν
2353 1789 2560 1853 τούτοις
2581 1789 2712 1857 ἡμῖν
2741 1783 3016 1855 ἐξηγεῖται
3042 1778 3247 1848 σαφῶς.
3277 1777 3428 1846 Ἔχει
3458 1773 3514 1826 δὲ
3538 1771 3716 1834 οὕτως

2125 1889 2225 1957 τῆς
2279 1883 2522 1954 ἱστορίας
2573 1883 2600 1934 6
2647 1878 2825 1947 λόγος,
2878 1875 2944 1947 ἢν
2996 1874 3154 1944 εἴπερ
3200 1888 3283 1933 τις
3331 1867 3494 1936 εἰδείη
3528 1862 3712 1957 τυχὸν,

2127 1956 2334 2031 εἴσεταί
2379 1991 2484 2028 που
2526 1971 2745 2033 πάντως
2781 1968 2882 2039 τῆς
2917 1963 3254 2037 προφητείας
3282 1960 3373 2014 τὸν
3403 1957 3547 2013 νοῦν.
3584 1956 3717 2007 Ὅτε

2127 2069 2324 2132 τοίνυν,
2357 2060 2773 2136 ἀποῤῥαγεισῶν
2801 2059 2910 2114 τῶν
2930 2059 3060 2111 δέκα
3091 2054 3294 2125 φυλῶν,
3329 2048 3720 2122 βεϐασίλευκεν

2131 2165 2216 2218 ἐπ’
2251 2161 2419 2223 αὐτὰς
2444 2162 2471 2213 6
2500 2158 2774 2227 ἐπάρατος
2812 2149 3114 2224 Ἱεροϐοάμ,
3140 2145 3311 2214 ἐδεδίη
3361 2141 3588 2212 σφόδρα,
3641 2137 3717 2208 μὴ

2131 2258 2240 2328 ἄρα
2270 2272 2386 2318 πως
2416 2253 2524 2306 τῶν
2556 2247 2756 2321 ἐορτῶν
2781 2245 2944 2298 ’ἑνεκα
2971 2241 3082 2294 τῶν
3115 2238 3257 2293 κατά
3278 2236 3367 2289 τὸν
3387 2234 3553 2303 νόμον
3580 2231 3714 2284 ἀνα-

2133 2349 2409 2410 ϐαίνοντες
2433 2348 2512 2409 εἱς
2538 2340 2907 2413 Ἱεροσόλυμα,
2931 2331 3344 2406 μεταπεισθεῖεν
3374 2322 3724 2394 καταϐραχῦ,

2132 2441 2194 2495 τὸ
2236 2439 2402 2493 Ἰούδα
2451 2436 2728 2506 σκῆπτρον
2761 2426 3080 2486 ἀνθελέσθαι
3125 2423 3310 2482 πάλιν,
3359 2415 3595 2471 καὶτῶν
3622 2415 3723 2482 ἁρ-

2135 2535 2308 2607 χαίων
2342 2531 2479 2584 ἐθῶν
2515 2527 2826 2598 ἐνεχθέντες
2875 2525 2956 2585 είς
3003 2521 3330 2589 ἀνάμνησιν,
3380 2513 3412 2584 ἢ
3461 2509 3724 2607 ἀνέλωσιν

2138 2627 2321 2689 αὐτὸν,
2353 2624 2520 2694 Ιιἰγουν
2555 2618 2836 2685 ἐξώσειαν,
2873 2614 2967 2668 καὶ
3014 2613 3113 2681 οὐχ
3159 2610 3352 2662 ἑκόντα
3398 2599 3728 2667 λοιπὸν,τῆς

2137 2717 2281 2772 κατά
2316 2690 2465 2784 atati»)
2509 2711 2705 2783 ἀρχῆς,
2744 2706 2962 2776 Ταύτης
2997 2703 3161 2756 ἓνεκα
3190 2700 3290 2762 τῆς
3326 2695 3504 2757 αἰτίας
3533 2695 3560 2746 6
3609 2690 3726 2744 θεο-

2143 2811 2304 2882 μισὴς
2326 2808 2420 2861 καὶ
2444 2806 2672 2866 δείλαιος
2696 2801 2796 2864 τάς
2825 2798 3031 2870 χρυσᾶς
3083 2795 3268 2853 αὐτοῖς
3292 2787 3550 2882 δαμάλεις
3579 2785 3728 2882 depta-

2146 2901 2268 2974 ροῢν
2299 2899 2614 2959 ἐσκέπτετο,
2649 2895 2743 2948 καὶ
2792 2891 2884 2945 τὸν
2933 2890 3032 2959 τῆς
3079 2885 3291 2940 ἀνοσίου
3339 2875 3729 2951 ψευδολατρίας

2142 2994 2352 3050 ἐπενόει
2387 2991 2606 3063 τρόπον,
2647 2987 2742 3040 καὶ
2786 2983 3126 3051 καινοτομεῖν
3182 2975 3461 3046 ἐπεχείρει
3492 2971 3588 3034 τὰς
3636 2968 3736 3021 ἐπὶ

2147 3091 2268 3153 ταῖς
2299 3060 2596 3155 δαμάλεσιν
2626 3078 2840 3151 ἐορτὰς,
2880 3077 2955 3140 ὼς
2987 3077 3015 3128 ὁ
3051 3074 3150 3143 τῆς
3194 3067 3460 3140 Ἑϐραίων
3496 3060 3734 3134 παραδό-

2151 3201 2290 3246 σεως
2315 3181 2427 3250 ἔχει
2455 3179 2630 3246 λόγος.
2658 3171 2766 3228 Ἦν
2793 3169 2886 3226 οὖν
2919 3173 2977 3224 ἐν
3004 3170 3200 3240 ἀρχαῖς
3223 3165 3283 3218 οὐ
3318 3159 3551 3234 μετρίως
3580 3172 3735 3224 περι-

2147 3273 2294 3342 δεὴς,
2475 3267 2584 3339 ἄρα
2634 3267 2702 3336 τῇ
2751 3262 2956 3318 ἀνωθεν
3009 3261 3104 3314 καὶ
3146 3260 3210 3311 ἐκ
3261 3253 3510 3322 πατέρων
3550 3249 3734 3342 αὐτοῖς

2151 3340 2361 3435 ἡκούσῃ
2399 3359 2625 3431 λατρεία
2673 3353 3146 3426 συναγορεύοντες,
3176 3347 3341 3420 ἢτῶν
3392 3344 3596 3435 θρόνων
3645 3340 3739 3405 ἐξ-

2151 3455 2371 3516 ώσειαν,
2407 3452 2441 3522 ἦ
2477 3451 2571 3504 καὶ
2601 3447 2884 3509 ἀνέλωσιν,
2913 3445 2987 3508 ὡς
3017 3442 3174 3514 ἔφην,
3212 3439 3306 3494 καὶ
3346 3433 3736 3506 παρωσάμενοι

2153 3547 2213 3600 τὸ
2239 3545 2566 3616 ἐγχείρημα,
2605 3539 2990 3608 παλινδρομεῖν
3015 3536 3220 3589 ἕλοιντο
3262 3530 3398 3600 πρὸς
3426 3527 3517 3580 τὸν
3547 3527 3604 3577 ἐν
3635 3524 3737 3592 ἁρ-

2156 3641 2296 3710 χαῖς,
2341 3634 2704 3704 λελυπημένοι
2767 3647 2827 3684 τε
2874 3629 2968 3682 καὶ
3018 3621 3450 3695 ἀγανακτοῦντες
3488 3614 3739 3675 εἰκότως,

2155 3734 2230 3796 ὡς
2253 3727 2582 3802 ὑϐρισμένου
2616 3723 2880 3785 Μωσέως,
2915 3721 3008 3774 καὶ
3049 3719 3148 3788 τῆς
3177 3715 3327 3776 θείας
3354 3711 3534 3772 αὐτοῖς
3561 3722 3739 3774 πατη-

2157 3795 2344 3893 θείσης
2373 3795 2607 3890 ἐντολῆς.
2630 3815 2896 3886 Ταύτῃτοι
2917 3809 3143 3880 ἀλώπηξ
3172 3807 3248 3860 ὢν
3278 3807 3357 3868 εἰς
3384 3795 3740 3862 66100;,an-

2163 3919 2274 3988 ίησι
2327 3912 2555 3975 πολλοὺς
2602 3914 2660 3964 ἐν
2713 3907 2790 3979 τῷ
2855 3904 3109 3976 Ἰσραὴλ,
3178 3893 3630 3969 διαθρυλλοῦντάς
3676 3905 3740 3942 τε

2160 4010 2256 4063 καὶ
2283 4007 2559 4076 λέγοντας,
2597 4003 2679 4056 ὅτι
2729 4000 2834 4072 χρὴ
2884 3999 2978 4052 καὶ
3026 3995 3368 4068 μοσχοποιεῖν
3401 3988 3618 4050 αὐτοὺς,
3649 3985 3744 4038 καὶ

2161 4101 2505 4172 καινουργεῖν
2537 4095 2726 4166 ἐορτάς
2763 4093 2917 4155 ἰδίας,
2955 4091 3051 4144 καὶ
3085 4088 3241 4142 τοῦτο
3281 4083 3414 4138 αὐτὸ
3457 4081 3607 4152 παρὰ
3649 4076 3746 4130 τοῦ

2165 4194 2428 4267 βασιλέως
2460 4192 2652 4244 αἰτεῖν.
2707 4187 2924 4256 Ἐπειδὴ
2963 4185 3020 4238 δὲ
3067 4184 3193 4245 τοὺς
3237 4179 3427 4249 ὄχλους
3476 4172 3746 4241 ἐμάνθανε

2165 4288 2296 4342 πολὺ
2331 4285 2395 4358 δὴ
2428 4284 2548 4338 λίαν
2581 4281 2803 4353 ἔχοντας
2835 4277 3084 4348 ἑτοίμους
3117 4276 3194 4337 εἰς
3222 4271 3400 4332 τοῦτο,
3434 4264 3747 4320 σ·.›ναινοῦν-

2164 4381 2264 4444 τάς
2302 4397 2362 4432 τε
2404 4377 2500 4432 καὶ
2530 4372 2921 4446 συνηδομένους
2963 4372 3075 4431 τοῖς
3119 4365 3188 4419 τὰ
3225 4361 3403 4416 τοιάδε
3446 4356 3750 4429 συμϐεϐου-

483 4480 668 4534 vitulis
710 4479 890 4533 aureis
932 4476 1374 4545 impertiendam,
1419 4485 1473 4530 et
1507 4475 1650 4529 diem
1698 4474 1836 4529 festo
1886 4483 2041 4528 octav

2169 4472 2408 4536 λευκόσι,
2442 4465 2766 4535 συναγαγὼν
2797 4463 3060 4522 ἅπαντας,
3092 4452 3558 4528 προσπεφώνηκεν
3590 4450 3749 4516 ἐναρ-

484 4574 689 4628 mensis
722 4573 991 4627 decimum
1021 4570 1272 4641 quintum
1303 4570 1484 4625 sanxit
1511 4570 1578 4644 ¹⁰,
1610 4569 1752 4623 sicut
1796 4568 2060 4638 scriptum

448 4665 731 4735 ,lcgimus.
774 4663 937 4732 109
967 4661 1090 4717 Haec
1122 4670 1235 4715 tum
1261 4659 1587 4716 Jeroboamo
1642 4659 1891 4723 dicente,
1948 4658 2062 4711 lau-

487 4759 651 4812 dabat
690 4755 939 4825 p0pulus,
967 4765 1020 4808 et
1053 4753 1432 4808 exclamabat:
1473 4770 1492 4803 ι
1531 4750 1657 4806 Haec
1697 4761 1780 4806 est
1829 4752 1944 4807 dies
1973 4766 2063 4805 re-

488 4849 570 4919 gis
606 4867 618 4901 :
657 4867 676 4899 ι
718 4848 858 4901 idem
885 4855 944 4915 et
976 4846 1131 4900 nobis
1158 4847 1264 4900 erit
1296 4845 1661 4915 propositum,
1693 4855 1749 4899 et
1800 4845 1917 4901 aliis
1939 4847 2062 4914 qui-

487 4939 715 4994 busdam
743 4937 1116 5007 hujuscemodi
1150 4935 1400 4990 laudibus
1421 4951 1543 4989 eum
1579 4935 1883 4990 recreabat.
1931 4934 2064 4990 Cum

493 5033 693 5104 populo
731 5043 912 5086 autem
952 5028 1337 5100 auferebantur
1374 5037 1429 5082 et
1483 5029 1649 5082 duces
1676 5028 1799 5096 ipsi,
1851 5042 1973 5081 cum
2005 5043 2071 5081 eo

493 5125 815 5185 sentientes,
846 5133 904 5177 et
937 5135 1050 5175 rem
1079 5121 1461 5190 approbantes.
1495 5118 1698 5174 Horum
1750 5119 1800 5172 in
1834 5133 2074 5185 praesens

493 5217 757 5285 propheta
807 5215 1074 5270 meminit.
1119 5232 1138 5265 σ
1195 5211 1418 5277 Omnes,
1454 5211 1655 5282 inquit,
1699 5213 2072 5267 adulterantes

493 5317 556 5363 ut
601 5308 848 5364 clibanus
888 5308 1088 5362 ardens
1133 5305 1189 5360 in
1250 5305 1557 5360 coctionem
1604 5304 1999 5360 combustionis
2041 5322 2070 5357 ιι

493 5401 732 5455 ﬂamma.
764 5420 782 5452 ›
815 5400 949 5467 Quia
977 5401 1124 5455 enim
1169 5400 1222 5452 in
1258 5398 1673 5454 fornicationem
1711 5398 2072 5468 spiritualem,

497 5496 610 5550 sive
643 5495 698 5548 in
738 5493 1102 5550 defectionem
1146 5509 1174 5546 a
1231 5491 1341 5546 Deo
1373 5489 1708 5546 deflexerant
1753 5491 1881 5562 (hoc
1929 5491 2074 5546 enim

502 5596 587 5642 est
616 5585 929 5656 foruicatio)
977 5585 1218 5640 clibanos
1242 5582 1354 5653 jam
1398 5597 1711 5648 succensus,
1763 5595 1816 5640 et
1855 5586 1921 5640 ad
1975 5585 2075 5640 im-

847 5809 862 5839 ,
914 5773 1002 5828 9.7.

573 5776 593 5807 ’
635 5775 750 5832 Act.
787 5789 862 5839 μ’,
914 5773 1002 5828 :27.
1084 5774 1126 5806 ιο
1158 5773 1224 5828 III
1272 5771 1404 5842 Ileg.
1446 5788 1544 5838 XII,
1588 5771 1677 5825 52.

2171 4563 2303 4633 γῶς,
2337 4563 2418 4615 ὅτι
2463 4561 2556 4615 καὶ
2596 4561 2716 4622 ταῖς
2752 4555 3016 4626 δαμάλεσι
3049 4553 3167 4613 ταῖς
3207 4548 3435 4619 χρυσαῖς
3484 4541 3752 4612 προσήκει

2172 4631 2522 4729 προσκυνεῖν,
2566 4651 2661 4706 καὶ
2700 4651 2801 4719 τὴν
2845 4649 2942 4719 τῆς
2971 4644 3167 4715 ἑορτῆς
3200 4638 3591 4709 πεφανέρωκεν
3621 4631 3755 4729 ἡμέῗ

2175 4723 2295 4825 ραν,
2325 4746 2419 4802 τοῦ
2471 4744 2658 4814 ὀγδόου
2707 4741 2875 4812 μηνὸς
2920 4739 3024 4809 τὴν
3065 4731 3580 4796 πεντεκαιδεκάτην,
3612 4723 3754 4825 καθᾶ

2172 4844 2504 4913 γέγραπται.
2527 4836 2711 4891 Ταῦτα
2739 4835 2795 4887 δέ
2823 4833 3072 4900 λέγοντος
3106 4824 3419 4897 τοτηνικάδε
3453 4821 3546 4873 τοῦ
3595 4817 3756 4886 Ἱερο-

2346 4931 2668 5000 ἐπεφήμουν
2696 4929 2746 4980 οἱ
2788 4925 2974 4995 δῆμοι,
3009 4920 3104 4974 καὶ
3133 4916 3542 4988 ἀνεκράγησαν,
3562 4929 3583 5004 γι
3602 4908 3758 5004 ,Αὕτη

2170 5031 2204 5098 ἡ
2233 5000 2420 5098 ἡμέρα
2461 5025 2556 5079 τοῦ
2607 5021 2904 5094 βασιλέως·
2941 5037 2959 5070 ι
2997 5014 3140 5069 οὕτω
3173 5012 3266 5065 καὶ
3314 5010 3485 5098 ἡμεῖς,
3516 5000 3761 5072 ἑψόμεθα

2171 5118 2249 5188 τῷ
2280 5116 2488 5188 σκοπῷ,
2521 5117 2615 5169 καὶ
2644 5113 2850 5186 ἐτέροις
2869 5110 2925 5163 δέ
2941 5126 3050 5162 τισι
3068 5104 3334 5165 τοιούτοις
3360 5097 3604 5156 ἐπαίνοις
3629 5108 3756 5145 κατ-

2173 5209 2485 5281 ευφραίνειν
2533 5205 2744 5279 ἠθελον.
2794 5198 3302 5269 Συναπεκομίζοντο
3357 5193 3414 5245 δὲ
3442 5191 3554 5251 τοῖς
3582 5184 3761 5255 ὄχλοις

2178 5304 2272 5356 καὶ
2321 5302 2371 5354 οἱ
2418 5297 2774 5370 καθηγεῖσθαι
2817 5294 3094 5364 λαχόντες,
3146 5283 3504 5358 συειηχοῦντές
3549 5296 3609 5331 τε
3672 5276 3769 5329 καὶ

2182 5391 2558 5455 συναινοῦντες
2583 5391 2785 5452 αὐτοῖς.
2809 5386 3028 5441 Τούτων
3054 5385 3189 5455 ἡμῖν
3218 5382 3298 5444 εἰς
3325 5377 3386 5431 τὸ
3415 5375 3588 5445 παρὸν
3623 5371 3651 5423 ὁ
3670 5367 3767 5422 τοῦ

2183 5489 2463 5561 προφήτου
2498 5484 2869 5557 διαμέμνηται
2909 5479 3089 5548 λόγος.
3129 5497 3146 5529 ι
3199 5475 3406 5536 Πάντες
3437 5469 3567 5539 γάρ.
3609 5462 3766 5534 φησὶν

2188 5583 2533 5656 μοιχεύοντες
2562 5579 2638 5644 ὡς
2677 5576 2927 5639 κλίϐανος
2960 5573 3248 5643 καιόμενος
3281 5567 3360 5630 είς
3408 5562 3570 5634 πέψιν
3605 5571 3770 5612 κατα-
