4110 6368
401 345 507 404 185

1315 315 1864 405 COMMENTARIUS
1904 348 1974 403 lN
2011 349 2240 405 osum
2283 344 2728 404 PROPNETAM.

3554 335 3657 393 186

400 463 700 537 καύματος,
731 463 840 518 ἀπὸ
870 463 971 534 τῆς
998 464 1214 533 φλογός.
1259 484 1278 516 ι
1317 469 1729 531 Διανενευκότες
1757 467 1868 539 γὰρ
1898 469 1978 529 είς

2091 467 2243 520 missa
2285 465 2565 534 coquenda
2592 470 2812 531 paratos
2865 457 3188 513 referebant.
3234 454 3476 509 Flamma
3509 457 3653 508 enim

404 554 654 627 πορνείαν
696 554 796 626 τὴν
829 554 1043 626 νοητὴν,
1074 558 1240 628 Ιἤγουν
1272 559 1351 620 εἰς
1397 559 1700 613 ἀπόστασιν
1739 559 1835 630 τὴν
1865 558 1973 612 ἀπὸ

399 645 533 700 Θεοῦ
564 644 742 715 (τοῦτο
759 645 922 717 γὰρὴ
953 647 1220 718 πορνεία),
1252 647 1521 714 κλιϐάνοις
1542 651 1788 704 ἐοίκεσαν
1818 653 1974 703 ὲκκε-

401 737 689 806 καυμένοις
719 737 818 808 ἤδη
843 755 980 801 πως,
1011 740 1105 792 καὶ
1137 741 1375 810 ἑτοίμοις
1406 743 1484 805 είς
1521 741 1685 812 πέψιν
1707 735 1782 796 ὧν
1805 741 1868 795 ἄν
1892 758 1976 804 τις

399 827 646 898 ὲμόάλοι.
703 829 904 898 Φλογὸς
949 830 1058 902 γὰρ
1102 827 1242 902 ἦσαν
1290 834 1720 904 μεμεστωμένοι,
1770 833 1977 904 θερμῆς

401 921 667 991 δηλονότι,
703 923 796 976 καὶ
823 923 985 976 οἱονεὶ
1015 923 1450 995 διακεκαυμένης
1476 925 1792 994 ἐπιθυμίας.
1839 924 1978 977 Ἐοί-

402 1028 571 1064 κεσαν
596 1011 652 1065 δὲ
679 1014 775 1068 καὶ
805 1014 1084 1084 φυράματι
1097 1015 1340 1080 στέατος,
1355 1016 1529 1085 ἔχοντι
1549 1017 1646 1086 μὲν
1662 1016 1761 1087 ἤδη
1780 1016 1877 1088 τὴν
1893 1014 1982 1079 ζύ-

407 1120 536 1173 μην,
555 1103 857 1173 ζυμωθέντι
878 1106 934 1158 δὲ
954 1106 1192 1170 τελείως,
1217 1110 1274 1161 ὲν
1291 1108 1472 1179 ἡμέρᾳ
1495 1107 1757 1177 βασιλέως
1778 1107 1976 1174 αὐτῶν,

404 1194 512 1258 ὅτε,
539 1195 790 1267 καθάπερ
824 1198 959 1268 ἔφην
983 1199 1202 1270 ἀρτίως,
1248 1199 1548 1269 ἀναφανδὸν
1590 1201 1866 1270 εἰρηκότος
1885 1199 1980 1253 τοῦ

416 1286 716 1358 Ἱεροϐοὰμ,
749 1289 830 1342 ὅτι
860 1289 966 1361 χρὴ
1000 1289 1147 1344 θύειν
1177 1293 1298 1354 ταῖς
1325 1291 1609 1362 δαμάλεσι,
1646 1292 1738 1345 καὶ
1766 1293 1865 1354 τὰς
1894 1293 1981 1345 ἐπ’

406 1375 584 1438 αὐτοῖς
632 1377 804 1430 τελεῖν
858 1380 1071 1448 ἑορτὰς,
1122 1379 1434 1448 ἐπεφώνουν
1482 1382 1649 1435 αὑτοίο
1691 1401 1709 1432 ι
1752 1381 1900 1453 Αὕτη
1945 1383 1978 1452 ἡ

403 1465 584 1536 ἡμέρα
632 1469 727 1523 τοῦ
781 1469 1066 1539 βασιλέως,
1107 1491 1128 1524 ›
1164 1473 1436 1546 καθάπερ,
1483 1474 1557 1539 ὡς
1602 1475 1760 1546 ἔφην,
1807 1475 1836 1527 ὁ
1879 1475 1981 1544 τῆς

406 1558 754 1627 παραδόσεως
783 1562 896 1632 ἔχει
930 1564 1107 1633 λόγος.
1142 1564 1276 1618 Τότε
1327 1567 1422 1619 καὶ
1451 1565 1705 1638 ἐζυμώθη
1740 1566 1978 1631 τελείως,

404 1651 702 1716 τουτέστιν,
729 1653 759 1706 ό
789 1654 944 1723 λόγος
974 1656 1033 1724 ἐξ
1064 1656 1186 1710 ὅλου
1220 1657 1409 1725 γέγονε
1437 1661 1505 1728 τῇ
1529 1658 1816 1727 δυσσεϐείᾳ
1847 1658 1980 1712 κάτα

2079 567 2237 611 erant
2286 557 2459 625 pleni,
2508 553 2734 608 ferventi
2787 551 3040 606 videlicet
3087 559 3143 602 et
3205 549 3352 602 velut
3403 548 3656 617 ﬂagranti

2081 649 2395 717 cupiditate.
2444 647 2658 701 Similes
2707 646 2832 699 item
2887 658 3079 697 massa:
3130 641 3355 695 babenti
3388 640 3503 709 jam
3549 642 3658 694 fer-

2083 751 2354 805 mentum,
2417 739 2626 809 integre
2670 747 2849 792 autem
2894 736 3233 790 fermentata:
3279 735 3333 788 in
3382 734 3468 787 die
3516 732 3661 803 regis

2085 833 2365 902 ipsorum;
2406 841 2589 900 utpote
2617 844 2767 894 cum,
2823 837 2884 884 ut
2913 827 3073 883 modo
3111 827 3380 891 dicebam,
3427 825 3662 878 manife-

2087 924 2333 978 stissime
2362 923 2610 978 edicente
2631 921 2942 987 Jeroboam,
2979 919 3398 975 sacrilicandmn
3425 932 3549 972 esse
3580 916 3663 970 vi-

2088 1015 2214 1069 tulis
2239 1015 2547 1084 etagendos
2568 1015 2621 1067 in
2638 1013 2894 1068 honorem
2922 1012 3160 1081 ipsormn
3184 1011 3300 1065 dies
3325 1010 3512 1074 festos,
3544 1024 3660 1063 suc-

2089 1108 2402 1163 clamarunt
2433 1108 2506 1160 illi
2542 1125 2598 1161 :c
2624 1105 2748 1160 llaec
2772 1105 2889 1160 dies
2922 1106 3087 1174 regis,
3113 1122 3131 1155 ι
3159 1113 3218 1157 ut
3246 1102 3502 1156 traditum
3524 1101 3664 1154 litte-

2089 1198 2164 1252 ris
2185 1199 2416 1255 aiebam.
2447 1199 2599 1252 Tunc
2637 1196 3020 1251 fermentatum
3043 1203 3124 1248 est
3145 1194 3403 1264 perfecte,
3427 1193 3529 1246 hoc
3556 1202 3661 1256 est,

2087 1305 2266 1344 sermo
2294 1291 2470 1344 editus
2518 1299 2602 1344 est
2634 1303 2700 1343 ex
2725 1302 2845 1342 asse
2867 1287 3086 1356 impius.
3132 1286 3302 1356 Igitur
3326 1283 3653 1354 praraccensi

2085 1383 2280 1436 animis
2322 1381 2654 1436 ferventibus
2691 1388 2748 1434 et
2787 1379 3176 1447 impotentibus
3217 1370 3289 1431 ad
3342 1387 3650 1444 transgres-

2084 1473 2289 1528 sionem
2327 1474 2734 1543 cupiditatibus,
2764 1481 2820 1526 et
2849 1471 3002 1541 prius
3057 1468 3364 1523 fermentati
3399 1467 3662 1537 quodam-

2086 1569 2247 1620 modo
2275 1566 2571 1620 seeundum
2600 1565 2742 1618 hunc
2772 1564 2948 1632 ipsum
2997 1562 3216 1616 modum
3265 1560 3320 1614 in
3351 1560 3439 1615 die
3479 1559 3620 1630 regis
3645 1597 3664 1625 ,

2088 1657 2139 1711 in
2165 1667 2464 1712 extremam
2504 1657 2840 1726 impietatem
2876 1653 3115 1709 devoluti
3148 1662 3296 1708 sunt.

405 1758 548 1832 οχος.
609 1744 839 1811 Οὐκοῦν,
901 1749 1336 1819 προκεκαυμένοι
1367 1750 1457 1802 τὸν
1519 1749 1644 1802 νοῦν
1673 1751 1793 1813 ταῖς
1824 1751 1905 1814 είς
1975 1751 2286 1822 παράϐασιν
2353 1751 2581 1821 θερμαῖς
2629 1749 2722 1802 καὶ
2770 1745 3094 1832 ἀκάθέκτοις
3153 1745 3488 1816 ἐπιθυμίαις,
3531 1762 3666 1816 προ-

408 1830 748 1903 ζυμωθέντες
775 1837 832 1890 δὲ
859 1837 1045 1910 ὥσπερ
1070 1839 1214 1893 κατὰ
1240 1838 1426 1894 τοῦτον
1458 1841 1620 1895 αὑτὸν
1644 1839 1737 1893 τὸν
1763 1843 1964 1912 τρόπον
1993 1841 2052 1894 ὲν
2087 1841 2272 1913 ἡμέρᾳ
2295 1839 2581 1911 βασιλέως,
2622 1841 2702 1903 εἰς
2731 1839 2792 1892 τὸ
2822 1839 2924 1910 τῆς
2953 1830 3292 1910 φαυλότητος
3333 1837 3667 1894 κατώλισθον

409 1928 602 1997 πέρας.

479 2019 729 2073 Τοιοῦτόν
749 2037 800 2072 τι
822 2019 1144 2092 δεδράκασιν
1175 2021 1416 2076 Ἰουδαῖοι
1445 2021 1605 2076 πάλιν
1627 2021 1718 2078 ἐπὶ
1742 2019 1982 2092 Χριστῷ.

2155 2015 2287 2071 Tale
2331 2015 2588 2086 quiddam
2637 2025 2692 2070 et
2734 2014 2909 2070 Judaei
2958 2015 3014 2069 in
3060 2015 3342 2070 Christum
3394 2017 3662 2076 fecerunt.

409 2111 887 2181 Καταψευδόμενοι
940 2112 1047 2184 γὰρ
1098 2113 1198 2181 τῆς
1243 2113 1400 2184 δόξης
1451 2113 1639 2180 αὑτοῦ,
1697 2115 1789 2166 καὶ
1840 2113 1984 2166 κατὰ

413 2202 586 2273 βραχὺ
615 2203 740 2266 τοὺς
789 2202 978 2273 ὄχλους
1024 2202 1332 2269 ἐξέλκοντες
1373 2205 1474 2276 τῆς
1523 2207 1605 2269 είς
1643 2206 1804 2259 αὑτὸν
1843 2205 1982 2273 ἀγά-

412 2311 522 2364 πης
559 2295 608 2346 οἱ
637 2294 676 2345 Γ
683 2297 987 2365 ραμματεῖς
1044 2313 1104 2348 τε
1138 2297 1232 2350 καὶ
1259 2299 1541 2367 Φαρισαῖοι
1579 2297 1984 2369 πεπορνεύκασι

411 2387 636 2457 νοητῶς,
670 2389 1078 2458 ἀποστήσαντες
1123 2387 1287 2442 αὑτοῦ
1333 2390 1432 2460 τὴν
1461 2390 1722 2458 ἀγελαίαν
1754 2389 1979 2459 πληθύν.

485 2477 774 2545 Ἤρξαντο
829 2483 881 2534 οἱ
938 2480 1226 2549 ἄρχοντες
1280 2482 1615 2551 θυμοῦσθαι
1664 2483 1734 2547 ἐξ
1792 2484 1982 2548 οἴνου,

411 2568 671 2632 ἐξέτεινε
726 2569 841 2637 τὴν
894 2571 1064 2640 χεῖρα
1123 2571 1308 2626 αὑτοῦ
1351 2575 1504 2640 μετὰ
1561 2573 1804 2643 λοιμῶν,
1840 2573 1986 2628 διότι

411 2661 836 2728 ἀτρεκαύθησαν
867 2663 946 2728 ὠς
993 2664 1277 2728 κλίϐανος
1303 2669 1363 2720 αἱ
1400 2665 1633 2735 καρδίαι
1663 2666 1880 2722 αὐτῶν.

485 2753 598 2806 OA'.
641 2749 816 2816 Οἶνον,
845 2754 920 2818 ὡς
949 2755 1144 2821 ἔοικεν,
1170 2757 1355 2811 ἐνθάδε
1383 2760 1516 2828 φησὶ
1539 2758 1630 2810 τὸν
1661 2757 1718 2823 ἐξ
1743 2756 1985 2828 ἀμπέλου

414 2844 682 2915 Σοδόμων,
717 2845 807 2900 τὸν
854 2848 1338 2918 καταμεθύσκοντα
1380 2849 1627 2920 καρδίας,
1659 2849 1753 2902 καὶ
1801 2847 1986 2902 ἐπιθο-

414 2934 609 2988 λοῦντα
651 2936 744 2989 τὸν
793 2938 936 3004 νοῦν,
988 2940 1083 2992 καὶ
1124 2940 1320 3010 ἀχλύος
1354 2941 1515 2994 αὑτὸν
1565 2941 1990 3009 ἁναπιμπλάντα

415 3029 513 3096 τῆς
542 3026 786 3098 ὀλεθρίου
821 3031 913 3082 καὶ
946 3029 1223 3101 βδελυρόίς.
1259 3032 1748 3102 Δεδυσφορηκότων
1786 3029 1851 3101 δὴ
1898 3027 1990 3084 οὖν

415 3117 574 3170 ἐνίων
608 3118 698 3171 ἐπί
731 3135 789 3171 τε
816 3122 881 3190 τῇ
918 3120 1025 3173 τῶν
1069 3122 1354 3193 δαμάλεων
1393 3123 1733 3192 καινοτομίᾳ,
1761 3123 1855 3177 καὶ
1891 3123 1992 3193 μέν

415 3227 497 3263 τοι
544 3211 650 3262 τῶν
683 3212 907 3283 ἑορτῶν,
942 3213 1315 3284 παρεθήγοντο
1362 3215 1496 3285 πρὸς
1541 3215 1710 3286 ὀργὰς
1738 3215 1845 3269 τῶν
1891 3215 1992 3285 ἀρ-

401 3300 618 3370 ¹χόντων
643 3303 803 3366 τινές.
829 3303 945 3357 ’Ἱνα
969 3305 1024 3358 δὲ
1061 3304 1135 3376 μὴ
1163 3305 1336 3376 ὁρῷτο
1364 3305 1470 3359 τῶν
1497 3307 1867 3378 σεσιγηκότων
1900 3306 1993 3360 καὶ

419 3395 684 3465 εὐφημεῖν
729 3395 829 3449 οὐκ
861 3397 1202 3467 ἀνεχομένων
1237 3399 1270 3467 ἡ
1301 3398 1716 3470 σωφρονεστέρα
1760 3398 1987 3470 πληθὺς,

419 3485 573 3538 αὐτοὶ
605 3488 713 3549 τοῖς
742 3485 920 3557 ὄχλοις
950 3487 1047 3551 τὰς
1079 3491 1265 3558 χεῖρας
1295 3489 1743 3554 συνεκτείνοντες,
1779 3489 1994 3560 ἐπεφώ-

419 3593 545 3628 νουν
577 3579 670 3630 καὶ
704 3577 782 3632 ἔτι
831 3578 1112 3649 μειζόνως,
1155 3598 1173 3630 ι
1213 3579 1360 3652 Αὕτη
1409 3582 1442 3652 ἡ
1488 3581 1668 3652 ἡμέρα
1701 3581 1795 3634 τοῦ
1839 3581 1993 3652 βασι-

419 3667 573 3731 λέως,
612 3687 630 3720 ι
671 3671 765 3722 καὶ
807 3672 932 3734 τοὺς
977 3671 1075 3741 τῆς
1109 3671 1450 3740 ἀνοσιότητος
1498 3671 1820 3741 ἀπεδέχοντο
1867 3674 1991 3745 τρό-

423 3773 578 3821 πους.
613 3759 918 3831 Ὠργίζοντο
933 3761 1108 3814 τοίνυν
1142 3761 1566 3832 μεμεθυσμένοι,
1587 3763 1770 3832 φησὶν,
1801 3763 1991 3834 ἀνοσία

425 3849 586 3921 μέθῃ,
621 3853 714 3904 καὶ
744 3854 858 3916 τοῖς
894 3853 968 3923 μὴ
1013 3854 1360 3924 συντρέχουσι
1395 3855 1502 3915 τοῖς,
1545 3852 1717 3915 οὕτως
1750 3856 1993 3925 αἰσχροῖς

419 3944 547 4005 τοὺς
591 3943 804 4008 ὀδόντας
836 3943 1141 4014 ἐπέτριζον,
1165 3945 1373 4014 λοιμοῖς
1422 3947 1848 4010 συνεκτείνοντες
1895 3949 1993 4010 τὰς

420 4036 631 4088 ἑαυτῶν
681 4040 890 4108 χεῖρας.
927 4039 1163 4109 Λοιμοὺς
1200 4039 1257 4092 δέ
1290 4057 1421 4110 φησι
1452 4041 1578 4102 τοὺς
1611 4039 1818 4110 ὄχλους.
1868 4039 1994 4092 Ἐπ-

421 4128 676 4199 εκρότουν
695 4130 824 4200 γάρ,
845 4131 1029 4201 φησὶν,
1049 4131 1121 4195 ὡς
1142 4131 1294 4203 ἔφην,
1325 4132 1499 4184 καίτοι
1519 4133 1884 4201 παιδαγωγεῖν
1914 4136 1993 4198 εἰς

422 4220 702 4273 εὐσέϐειαν
735 4221 1056 4289 ὀφείλοντες,
1087 4224 1178 4276 καὶ
1207 4224 1300 4294 τὴν
1331 4223 1423 4276 τοῦ
1455 4223 1823 4294 συμφέροντος
1865 4225 1994 4277 ἀνα-

422 4311 661 4380 καλύψαι
692 4314 898 4382 τρίϐον.
943 4313 1082 4366 Ἀλλ’
1109 4311 1248 4385 ἦσαν
1291 4314 1483 4386 θερμοὶ
1514 4316 1614 4386 τὴν
1644 4315 1870 4386 καρδίαν
1900 4317 1993 4370 καὶ

401 4404 597 4470 οὗτοὶ,
634 4405 786 4474 φησὶ,
819 4405 914 4475 τῆς
949 4407 1028 4469 είς
1063 4406 1372 4477 παράϐασιν
1403 4407 1695 4478 ἐπιθυμίας
1731 4410 1829 4480 τὴν
1875 4409 1993 4461 ὀλε-

422 4493 580 4564 Θρίαν
610 4496 690 4557 είς
715 4496 837 4548 νοῦν
867 4495 1148 4567 δεξάμενοι
1183 4497 1377 4565 φλόγα.

504 4588 605 4642 Ἐν
634 4588 712 4653 τῷ
739 4589 1176 4658 καταρῤάσσειν
1200 4589 1441 4655 αὐτοὺς,
1475 4589 1631 4657 ὅλην
1660 4592 1775 4657 τὴν
1805 4591 1994 4644 νύκτα

2083 2108 2404 2162 Meritientes
2443 2108 2588 2162 enim
2617 2117 2808 2162 contra
2836 2106 3064 2174 gloriam
3117 2108 3287 2177 ipsius
3314 2148 3330 2172 ,
3374 2111 3666 2178 paulatim-

2082 2215 2187 2270 que
2216 2200 2402 2255 turbas
2435 2201 2503 2255 ab
2539 2200 2658 2267 ejus
2701 2198 2996 2254 dilectione
3027 2199 3409 2256 abstraltentes
3444 2203 3651 2260 Scribze

2083 2305 2138 2347 et
2182 2293 2464 2358 l’ltariszei,
2504 2292 2753 2348 fornicati
2800 2300 2927 2346 sunt
2979 2293 3338 2361 spiritualiter
3390 2295 3663 2366 plebeiam

2085 2387 2483 2440 multitudinem
2518 2385 2585 2439 ab
2619 2385 2736 2454 ipso
2762 2393 3102 2440 avertentes.

2158 2477 2321 2533 Vens.
2372 2478 2423 2531 5.
2457 2477 2732 2545 Coeperunt
2775 2477 3037 2544 principes
3076 2478 3252 2547 {urere
3299 2497 3331 2532 a
3378 2482 3518 2546 vino,
3577 2497 3670 2534 ea:-

2085 2573 2245 2624 tendit
2274 2588 2484 2624 manum
2507 2587 2656 2624 suam
2679 2586 2796 2622 cum
2820 2570 3070 2639 pestibus,
3105 2571 3231 2640 quia
3260 2587 3508 2626 succensa
3545 2582 3668 2627 sunt

2085 2665 2237 2733 quasi
2267 2663 2503 2716 clibanus
2540 2663 2701 2715 corda
2732 2677 2938 2714 eorum.

2159 2753 2392 2808 LXXIV.
2431 2752 2648 2817 Vinum,
2677 2761 2735 2805 ut
2787 2760 3035 2820 apparet,
3085 2751 3321 2820 appellat
3363 2751 3451 2806 hic
3490 2766 3553 2806 ex
3588 2753 3668 2804 vi.

2089 2861 2187 2900 nea
2223 2846 2580 2898 Sodomorum
2613 2842 2893 2897 inebrians
2931 2840 3120 2908 corda,
3160 2850 3214 2895 et
3244 2842 3472 2896 turbans
3516 2858 3667 2896 men-

2092 2948 2196 2994 tem
2224 2980 2239 3004 ,
2282 2953 2510 3007 eamque
2572 2937 2876 3005 perniciosa
2915 2943 2969 2988 et
3022 2935 3386 2988 abominanda
3421 2933 3658 3004 caligine

2092 3030 2339 3098 implens.
2371 3028 2702 3095 Quibusdam
2739 3027 2904 3098 igitur
2943 3027 3240 3081 novitatem
3273 3026 3566 3080 vitulorum
3593 3026 3670 3078 in-

2094 3122 2487 3186 troductorum,
2525 3130 2684 3189 atque
2717 3120 2879 3174 etiam
2931 3121 3063 3174 festa
3099 3119 3374 3188 indignius
3437 3117 3661 3171 ferenti-

2093 3214 2214 3278 bus,
2247 3213 2494 3267 nonnulli
2522 3213 2793 3281 principes
2850 3211 2930 3264 ira
2979 3221 3322 3265 exarserunt.
3369 3208 3447 3264 Ne
3477 3219 3664 3264 autem

2098 3306 2413 3370 tacentium,
2441 3314 2495 3358 et
2529 3305 2748 3358 laudare
2779 3319 2883 3358 non
2918 3302 3307 3358 sustinentium
3333 3314 3506 3358 cintus
3533 3319 3658 3373 pru-

2094 3398 2305 3452 dentior
2341 3405 2640 3464 putaretur,
2680 3395 2778 3464 ipsi
2809 3410 2929 3449 cum
2973 3394 3170 3464 populo
3225 3410 3418 3449 manus
3469 3403 3667 3448 exten-

2095 3491 2284 3544 dentes
2343 3488 2718 3543 acelamabant
2765 3489 2994 3543 validius
3046 3489 3271 3542 adhuc:
3309 3506 3326 3538 ι
3369 3487 3494 3542 ίιαιο
3537 3488 3656 3542 dies

2094 3582 2235 3653 regis
2266 3621 2280 3644 ,
2317 3600 2335 3632 ι
2377 3581 2534 3650 ιιο
2558 3588 2614 3633 et
2648 3595 2829 3634 mores
2861 3579 3060 3650 impios
3106 3579 3498 3648 approbabunt.
3551 3577 3666 3632 Ira-

2094 3675 2384 3727 scebantur
2439 3672 2619 3740 itaque
2677 3669 2952 3736 inebriati,
3004 3670 3202 3740 inquit,
3253 3669 3518 3724 ebrietate
3545 3684 3666 3724 sce-

2095 3765 2288 3829 lerata,
2323 3775 2376 3819 et
2409 3779 2573 3832 super
2607 3764 2672 3818 iis
2715 3763 2808 3832 qui
2863 3763 2914 3817 in
2954 3772 3061 3817 tam
3109 3763 3250 3832 turpi
3285 3764 3500 3834 negotio
3553 3777 3663 3816 non

2096 3856 2410 3912 conferrent
2468 3870 2730 3924 operam,
2765 3855 3017 3908 dentibus
3077 3853 3408 3917 stridebant,
3470 3868 3663 3908 manus

2098 3964 2226 4003 suas
2275 3963 2395 4001 cum
2450 3946 2692 4016 pestibus
2763 3945 3137 4000 extendentes.
3189 3945 3378 4000 Pestes
3436 3945 3668 4016 appellat

2097 4036 2415 4106 pepularem
2463 4033 2844 4103 frequentiam.
2907 4034 3325 4104 Applaudebant
3369 4035 3537 4098 enim,
3586 4034 3666 4088 iu-

2095 4131 2232 4199 quit,
2264 4140 2320 4181 ut
2355 4127 2463 4180 dixi
2493 4167 2507 4193 ,
2547 4142 2856 4197 quanquam
2883 4127 3021 4181 alios
3070 4128 3290 4182 erudire
3319 4128 3385 4182 ad
3424 4128 3668 4181 rationes

2096 4223 2311 4293 pietatis
2364 4231 2418 4275 et
2473 4221 2724 4274 Utilitatis
2772 4220 2874 4274 iter
2924 4221 3164 4290 pandere
3221 4220 3500 4275 deberent.
3559 4218 3666 4273 Sed

2096 4315 2375 4370 fervebant
2425 4312 2681 4368 cordibus
2736 4323 2784 4367 et
2847 4312 2998 4383 ipsi,
3082 4312 3298 4381 inquit,
3357 4310 3666 4380 perniciosa

2095 4407 2313 4462 ﬂamma
2370 4405 2684 4475 cupiditatis
2747 4401 3029 4458 deficieudi
3081 4400 3135 4456 in
3193 4402 3432 4455 animum
3496 4403 3669 4456 intro-

2095 4516 2284 4556 1111583.

2166 4589 2330 4644 Vens.
2359 4589 2412 4644 6.
2455 4587 2589 4644 Cum
2637 4587 2737 4657 ipsi
2767 4586 3192 4654 pra’cipitarent,
3246 4594 3410 4639 lotam
3465 4595 3665 4640 noctem

419 4676 617 4730 ὕπνου
662 4678 908 4747 Ἐφραῒμ
956 4679 1337 4748 ἀνεπλήσθη.
1369 4680 1526 4749 Πρωῒ
1562 4678 1833 4749 ἐγενήθη,
1889 4681 1986 4735 ἀν-

2098 4700 2278 4738 somno
2323 4681 2572 4750 Ephruim
2627 4683 2852 4761 repletus
2898 4688 2994 4731 est.
3031 4676 3189 4731 Mane
3237 4677 3439 4746 factum
3477 4688 3582 4743 est,
3615 4686 3664 4732 et

419 4770 641 4836 εκαύθη
680 4769 758 4834 ὡς
787 4770 977 4837 πυρὸς
1011 4770 1247 4840 φέγγος.

493 4863 611 4914 ΟΕ’.
643 4863 837 4933 Ἐιρην,
862 4864 942 4915 ὅτι
971 4861 1218 4932 περιδεὴς
1244 4857 1311 4931 ἦν
1340 4861 1474 4928 ἄγαν
1497 4861 1526 4914 ὁ
1553 4861 1810 4933 θεομισὴς
1842 4861 1994 4931 Ἱερο-

422 4951 586 5020 ὕοὰμ,
633 4953 690 5003 ὲν
735 4952 924 5020 μόναις
973 4951 1047 5006 ὢν
1077 4952 1157 5004 ἔτι
1199 4954 1320 5014 ταῖς
1353 4951 1574 5021 σκέψεσι
1612 4953 1721 5005 τῶν
1763 4953 1991 5006 ἀνοσίων

422 5045 1020 5116 ἐγχειρημάτων.’ῼετο
1045 5045 1172 5116 γάρ,
1202 5045 1297 5098 καὶ
1332 5044 1800 5116 σφόδραείκότως,
1830 5046 1990 5112 ἀγανσ

421 5137 680 5205 ακτήσειν
725 5135 814 5187 τὸν
872 5135 1106 5205 Ἰσραὴλ,
1174 5135 1222 5186 εί
1271 5133 1584 5189 διαπύθοιτό
1631 5153 1682 5188 τι
1729 5135 1986 5201 τοιοῦτον,

420 5226 644 5282 καὶτῶν
672 5225 941 5296 πατρῴων
979 5226 1114 5278 ἐθῶν
1140 5227 1236 5296 τὴν
1256 5228 1568 5299 παράϐασιν
1603 5229 1701 5281 οὐκ
1725 5230 1782 5281 ἐν
1810 5227 1991 5299 μικρῷ

422 5319 742 5388 ποιήσεσθαι
773 5319 935 5388 λόγῳ.
975 5318 1187 5388 Ἐπειδὴ
1216 5319 1271 5372 δὲ
1303 5324 1732 5392 προσπεφώνηκε
1762 5321 1859 5390 μὲν
1880 5324 1993 5385 τοῖς

420 5412 598 5481 ὄχλοις
645 5411 826 5474 αὐτὸς,
882 5411 962 5464 ὅτι
1012 5409 1116 5481 χρὴ
1162 5414 1281 5475 ταῖς
1336 5412 1600 5482 δαμάλεσι
1647 5415 1990 5485 προσκυνεῖνο

421 5506 770 5575 προσήκαντο
799 5504 857 5558 δὲ
885 5504 1133 5573 ἀσμένως
1161 5505 1259 5576 τὴν
1288 5505 1476 5574 σκέψιν
1517 5507 1693 5570 αὐτοὶ,
1724 5507 1816 5559 καὶ
1857 5507 1991 5573 ὁμοῦ

422 5598 532 5658 τοῖς
564 5595 821 5666 ἄρχουσιν
848 5597 1196 5666 ὲπεκρότουν,
1241 5597 1313 5660 ὼς
1343 5597 1478 5667 ὀρθὰ
1511 5599 1611 5652 καὶ·
1646 5600 1991 5670 συμφέροντα

423 5690 640 5756 φρονεῖν
689 5704 748 5739 τε
810 5689 903 5741 καὶ
944 5687 1076 5759 δρᾷν
1124 5689 1408 5760 ᾑρημένοι·
1461 5689 1668 5760 ἀπέστη
1705 5691 1993 5760 δειμάτων,

2096 4778 2338 4829 incensus
2385 4788 2458 4827 est
2493 4772 2625 4826 velut
2665 4772 2799 4840 ignis
2831 4771 3024 4823 lumen.

2169 4864 2378 4921 LXXV.
2424 4865 2628 4928 Monui,
2677 4864 2988 4928 Jeroboam,
3038 4877 3249 4919 summo
3297 4876 3572 4921 versatum
3612 4865 3665 4919 in

2097 4966 2266 5020 metu,
2301 4957 2422 5009 dum
2452 4956 2630 5009 adhuc
2670 4956 2736 5008 de
2783 4955 2951 5023 impio
2993 4955 3238 5010 facinore
3292 4956 3666 5025 aggrediundo

2095 5050 2437 5104 deliberaret.
2471 5047 2864 5117 Suspicabatur
2913 5048 3084 5113 enim,
3149 5060 3203 5103 et
3241 5049 3458 5116 quidem
3479 5050 3670 5103 rectis-

2096 5140 2253 5206 sime,
2308 5154 2450 5210 mgre
2513 5139 2751 5192 laturum
2815 5135 3030 5205 Israel,
3074 5141 3117 5193 si
3169 5139 3298 5204 quid
3353 5139 3665 5208 bnjusmodi

2097 5231 2438 5300 comperiret,
2477 5229 2886 5300 patriorumque
2917 5229 3117 5282 rituum
3162 5228 3516 5282 violatiouem
3552 5245 3656 5282 non

2099 5323 2489 5392 neglecturum.
2551 5321 2842 5390 Postquam
2897 5332 3078 5375 autem
3133 5319 3387 5390 populum
3437 5320 3551 5389 ipse
3599 5321 3665 5374 de

2097 5413 2279 5468 vitulis
2310 5413 2600 5468 aderandis
2637 5411 3006 5480 compellavit,
3051 5420 3107 5466 et
3159 5413 3393 5482 cogitata
3429 5412 3547 5484 ejus
3596 5411 3663 5465 li-

2098 5508 2287 5562 benter
2318 5505 2672 5569 admiserunt,
2702 5513 2758 5560 et
2787 5505 2946 5559 simul
2978 5519 3100 5558 cum
3137 5505 3472 5574 principibus
3513 5506 3664 5575 pian-

2098 5614 2214 5652 sum
2245 5614 2409 5668 super
2430 5613 2495 5652 eo
2533 5598 2816 5662 dederunt,
2854 5609 3108 5666 tanquam
3141 5595 3396 5665 quijusta
3427 5608 3483 5652 et
3544 5598 3661 5654 fru-

2089 5700 2278 5746 ctuosa
2311 5706 2434 5745 cum
2472 5704 2686 5760 sapere,
2718 5699 2830 5742 tum
2861 5690 3450 5757 facereinstituissent,
3486 5701 3661 5746 terro-

424 5777 849 5850 ἀποκεχώρηκεν
891 5779 1142 5849 ὑποψίας,
1179 5779 1414 5849 εὓθυμὸς
1448 5799 1504 5835 τε
1536 5781 1756 5837 διετέλει
1792 5782 1986 5850 λοιπδν¹

2091 5799 2204 5839 rem
2237 5780 2508 5854 deposuit,
2563 5781 2929 5852 suspicionem
2976 5781 3192 5851 abiecit,
3255 5784 3660 5853 tranquillomte
