4110 6368
467 343 569 397 I87

1484 335 1541 389 S.
1585 331 1860 390 CYIlILLI
1901 321 2373 384 ALEXANDRINI
2411 315 2730 374 ARCIIIEI‘.

3617 296 3723 354 I88

465 457 721 525 deinceps
768 454 952 509 animo
1000 463 1055 507 et
1091 451 1452 520 iucunditatis
1498 452 1660 520 pleno
1719 447 2038 520 permansit.

2164 441 2240 496 ta‘t
2279 437 2493 511 τρυφῆς
2537 431 2605 506 ἦν
2645 432 2846 494 πλέως.
2878 427 3084 482 Οὐκουν
3113 440 3169 476 εν
3201 420 3277 488 τῷ
3320 415 3724 486 καταρράσσειν

464 551 652 620 Itaque
679 549 803 603 dum
856 549 957 617 ipsi
1010 547 1438 616 praecipitarent,
1475 546 1580 599 hoc
1636 552 1758 607 est,
1795 551 2039 609 tempore

466 643 581 705 illo,
606 642 819 710 quando
854 639 907 692 in
955 639 1250 708 perniciem
1295 646 1351 692 et
1400 636 1682 690 interitum
1731 633 2040 706 praecipites

468 732 912 794 devolvebantur,
941 739 1245 784 annuentes
1278 737 1333 783 et
1382 729 1745 782 assentientcs
1789 725 1887 786 illi,
1931 724 2041 779 dis-

469 825 882 892 cessionemque
917 838 948 875 a
1000 821 1295 876 dilectione
1329 837 1455 891 erga
1503 821 1668 875 Deum
1697 819 2037 887 amplecten-

469 925 571 979 tes,
603 923 752 977 tunc,
779 913 975 982 inquit,
1004 912 1405 982 Ephraim,hoc
1437 922 1542 977 est,
1569 913 1759 966 etribu
1784 908 2039 978 Ephraim

469 1013 766 1072 prognatus
799 1001 1113 1068 Jeroboam,
1165 1021 1184 1053 ι
1227 1013 1393 1056 totam
1445 1013 1658 1056 noctem
1699 1000 1973 1055 dormivit.
2017 1016 2035 1049 ι

469 1096 546 1147 Ac
572 1093 617 1161 si
643 1094 848 1148 diceret
877 1111 889 1145 :
916 1094 1048 1148 Cum
1068 1104 1225 1148 antea
1255 1111 1320 1148 ex
1347 1094 1629 1149 timoribus
1663 1103 1717 1148 et
1739 1093 2046 1162 suspicione

470 1187 800 1256 evigilasset,
836 1202 964 1240 cura
989 1187 1102 1256 jam
1133 1203 1341 1243 vacuus
1396 1188 1463 1242 de
1505 1187 2041 1255 calere-triumpha-

472 1279 566 1333 bat
592 1279 810 1349 gaudio,
839 1288 893 1333 et
925 1278 1070 1333 molli
1107 1280 1159 1332 in
1207 1279 1404 1334 lectulo
1451 1289 1563 1334 tota
1605 1289 1762 1333 nocte
1799 1293 2045 1332 somnum

474 1370 764 1437 carpebat;
815 1379 900 1423 ast
925 1368 1016 1422 ubi
1069 1369 1229 1424 terris
1275 1371 1483 1424 reddita
1524 1371 1615 1424 lux.
1663 1378 1779 1435 est,
1834 1369 2049 1424 fervore

476 1462 612 1517 alios
641 1464 937 1531 superavit.
976 1481 994 1514 ι
1038 1463 1346 1517 Succensus
1381 1472 1464 1516 est
1509 1465 1654 1518 enim
1705 1463 1857 1532 quasi
1910 1462 2049 1532 ignis

476 1557 657 1611 lumen
693 1571 788 1610 seu
819 1555 1058 1622 llaunna,
1099 1575 1117 1609 ι
1155 1571 1370 1624 unaque
1404 1571 1526 1608 cum
1564 1555 1762 1625 popqu
1790 1553 2048 1620 incaluit;

477 1663 575 1703 nec
621 1648 688 1702 ad
735 1658 991 1719 punctum
1059 1649 1319 1720 temporis
1369 1663 1482 1703 rem
1535 1647 1908 1717 prolatandum
1960 1663 2052 1700 ra-

477 1753 602 1807 tus,
651 1741 788 1795 mira
840 1741 1120 1795 alacritate
1177 1740 1422 1796 nefandae
1468 1739 1763 1794 molitionis
1805 1755 1940 1811 opus
1985 1738 2051 1792 ad

476 1833 725 1887 effectum
758 1831 931 1902 palam
959 1832 1235 1900 perduxit.

547 1921 713 1978 Vens.
776 1924 827 1978 7.
884 1923 1076 1979 Omnes
1123 1923 1367 1993 calefacti
1419 1932 1582 1987 sunt,
1623 1923 1776 1993 quasi
1813 1919 2053 1978 clibanus

478 2017 637 2068 corda
679 2033 858 2069 eorum
887 2056 900 2078 ,
941 2026 988 2070 et
1036 2014 1373 2069 comederunt
1399 2015 1607 2082 judices
1655 2030 1800 2068 suos.
1859 2011 2054 2066 Omnes

481 2124 621 2177 reges
647 2123 827 2160 eorum
853 2107 1173 2170 ceciderunt,
1213 2122 1316 2160 non
1346 2117 1459 2160 erat
1491 2107 1632 2160 inter
1659 2105 1780 2158 illos
1803 2104 2054 2159 invocans

475 2203 544 2252 at!
568 2215 665 2252 me.

553 2289 789 2344 LXXVI.
827 2290 965 2345 Vera
991 2289 1155 2360 igitur
1185 2305 1304 2360 quae
1326 2289 1459 2352 dixi,
1485 2288 1780 2343 calefactus
1811 2297 1892 2341 est
1910 2285 2056 2340 enim

479 2383 828 2435 dctestandus
852 2379 1163 2447 Jeroboam,
1188 2388 1240 2434 et
1262 2394 1556 2435 succensus
1581 2387 1638 2432 ut
1661 2375 1872 2430 ﬂamma
1895 2376 2054 2445 ignis.

480 2471 618 2525 Nam
655 2473 817 2541 igitur
859 2471 1001 2526 illius
1039 2481 1245 2524 tantum
1288 2470 1477 2525 audaci
1511 2467 1754 2524 facinore
1807 2467 2058 2536 impietas

476 2581 539 2619 se
561 2565 866 2620 continuit?
901 2565 1055 2634 111
1081 2563 1452 2634 Nequaquam,
1477 2564 1586 2626 ait;
1612 2579 1630 2612 ι
1657 2561 1901 2616 calefacti
1930 2570 2060 2614 sunt

478 2657 622 2710 enim
667 2672 891 2719 omnes,
951 2675 970 2708 ι
1014 2656 1179 2709 etiam
1231 2668 1582 2709 successores
1623 2651 1759 2719 ejus,
1803 2660 1862 2705 et
1902 2650 2060 2704 istius

478 2748 675 2802 caloris
703 2749 969 2802 exitiosus
1018 2747 1156 2816 ignis
1199 2761 1390 2801 omnes
1437 2761 1625 2800 eorum
1671 2744 1881 2816 judices
1933 2757 2061 2799 con-

479 2839 742 2908 sumpsit,
775 2849 828 2892 et
859 2853 1011 2906 reges
1045 2854 1168 2893 eum
1197 2848 1412 2892 secutos
1464 2835 1708 2891 sustulit.
1758 2834 1874 2890 Non
1911 2836 2056 2889 enim

481 2931 584 2986 fuit
615 2933 755 2986 inter
783 2932 922 2995 illos,
963 2932 1052 3000 qui
1091 2947 1177 2985 me
1216 2931 1448 2984 adorare
1508 2930 1688 2996 vellet,
1735 2938 1790 2985 et
1839 2929 2061 2984 univer-

480 3041 662 3078 sorum
700 3024 809 3078 Deo
847 3022 1260 3094 supplicandum
1289 3035 1573 3091 censeret,
1624 3033 1679 3078 et
1702 3023 1768 3078 de
1807 3037 1933 3077 vera
1968 3037 2062 3077 co-

482 3123 726 3190 gnitione
766 3121 855 3174 Dei
897 3121 1371 3174 condecoraretur.

557 3300 720 3354 Vens.
756 3299 809 3353 8.
842 3298 1100 3368 Epitraim
1127 3300 1182 3353 in
1215 3297 1420 3365 papulis
1454 3297 1564 3351 suis
1601 3296 2056 3350 commiscebatur.

490 3391 744 3460 Ephraim
790 3391 961 3460 factus
1006 3403 1080 3445 est
1139 3391 1545 3455 subcinericius,
1596 3391 1687 3461 qui
1737 3406 1840 3443 non
1885 3404 2061 3442 rever-

483 3493 656 3536 satur.

557 3571 821 3628 LXXVII.
861 3572 1114 3628 Graviter
1145 3572 1436 3642 vituperat,
1455 3587 1622 3642 penes
1666 3585 1801 3640 quos
1829 3583 1896 3622 ex
1923 3569 2062 3622 tribu

485 3667 743 3736 Ephraim
795 3666 968 3721 honor
1006 3666 1187 3735 regius
1219 3671 1336 3719 erat
1379 3665 1429 3717 in
1460 3663 1733 3726 Samaria,
1763 3662 1855 3731 qui
1883 3659 2058 3715 nihilo

488 3760 682 3815 melius
740 3774 901 3828 quam
961 3758 1203 3822 subditi,
1238 3766 1292 3810 et
1349 3756 1518 3809 infimi
1590 3755 1794 3825 quique
1837 3752 2064 3807 animali

484 3857 669 3904 essent
700 3866 716 3915 ;
764 3849 856 3902 sed
891 3851 941 3901 in
977 3847 1231 3901 omnibus
1265 3862 1386 3901 cum
1420 3846 1526 3899 illis
1573 3853 1980 3915 congruerent,
2013 3853 2068 3897 et

487 3940 590 3994 levi
629 3947 903 3992 momento
938 3952 1260 4005 quocunque
1288 3953 1390 3988 una
1426 3936 1762 4002 auferantur,
1796 3950 1918 3989 cum
1946 3973 1962 3998 ,
2010 3943 2068 3988 ut

490 4037 654 4087 duces
683 4046 746 4084 ac
778 4011 1048 4098 principes
1096 4031 1161 4083 ad
1210 4030 1462 4082 virtutem
1506 4028 1698 4097 praeire
1735 4028 1913 4098 potius
1946 4067 1961 4092 ,
2013 4035 2069 4082 et

490 4127 557 4180 ad
613 4125 840 4178 salutem
893 4123 1104 4178 illorum
1162 4123 1491 4191 pertinentia
1546 4122 1842 4191 perfectius
1899 4120 2068 4173 subli-

491 4219 740 4287 miusque
797 4217 1108 4287 perspicere
1131 4231 1226 4270 eos
1281 4225 1580 4284 Oportet-et,
1635 4215 1781 4282 quod
1841 4213 2069 4267 minime

489 4312 850 4382 praestabant:
882 4323 1065 4363 verum
1095 4311 1588 4362 commiscebantur
1623 4307 1780 4377 vulgo
1803 4347 1818 4371 ,
1880 4307 2066 4359 eadem

491 4415 548 4460 et
584 4403 778 4475 aequali
811 4404 1083 4457 dementia
1117 4417 1307 4456 omnes
1344 4409 1710 4471 :egrmautes;
1770 4401 2067 4470 pertinacia

494 4499 718 4567 insuper
754 4499 804 4551 iu
844 4497 1194 4564 improbilate
1227 4505 1279 4550 et
1329 4498 1672 4548 contun'iacia
1726 4492 2028 4546 voluntatis
2053 4533 2068 4557 ,

2139 508 2354 593 αὐτοὺς,
2376 528 2642 592 τουτέστι,
2685 524 2804 577 κατ’
2829 523 3002 574 ἐκεῖνο
3029 514 3242 586 καιροῦ,
3273 513 3359 565 ὅτε
3389 508 3722 562 κατέπιπτον

2140 629 2218 690 είς
2264 624 2481 694 ὄλεθρον
2516 620 2611 673 καὶ
2645 616 2941 676 ἀπώλειαν,
2990 603 3480 678 συγκατανεύοντές
3537 616 3595 652 τε
3629 598 3725 651 καὶ

2144 716 2517 777 συπιαινοῦντες
2546 711 2712 782 αὐτῷ,
2743 709 2839 761 καὶ
2869 707 2967 776 τῆς
2998 706 3076 765 εἰς
3104 699 3235 754 Θεὸν
3267 697 3487 763 ἀγάπης
3523 690 3725 760 τιμῶν-

2140 828 2232 874 τες
2277 809 2374 879 τὴν
2421 804 2754 878 παράϐασιν,
2788 799 2907 852 τότε
2955 795 3140 864 φησὶν,
3179 793 3207 844 ό
3264 785 3526 879 Ἐφραίμ,
3573 798 3725 879 τουτ-

2144 876 2341 967 έστινξ
2371 902 2400 953 ὁ
2452 876 2518 951 ὲκ
2550 894 2722 965 φυλῆς
2754 888 2992 962 Ἐφραῒμ
3033 882 3333 956 Ίεροϐοάμ,
3369 897 3387 929 ι
3425 877 3552 946 ὃλην
3586 876 3725 967 ἐκοι-

2149 965 2308 1066 μήθη.
2347 993 2446 1062 τὴν
2495 989 2682 1043 νύκτα.
2737 1004 2754 1037 ι
2813 984 3037 1052 Ὅμοιον
3084 976 3160 1039 ὡς
3217 976 3266 1026 εί
3319 970 3488 1038 λέγοι·
3533 965 3726 1020 Καίτοι

2146 1061 2312 1142 πάλαι
2343 1061 2714 1156 διεγρηγορὼς
2741 1081 2804 1132 ἐκ
2835 1073 3105 1144 δειμάτων
3128 1069 3221 1124 καὶ
3244 1064 3500 1156 ὑποψίας,
3530 1061 3729 1156 ἄφρον-

2147 1196 2231 1242 τις
2268 1176 2343 1230 ὣν
2401 1174 2612 1245 ἐτρύφα
2660 1168 2864 1232 λοιπὸν,
2899 1164 2992 1218 καὶ
3029 1163 3086 1214 ὲν
3132 1157 3401 1230 μαλακαῖς
3439 1148 3506 1222 ἦν
3549 1149 3731 1208 εὐναῖς

2147 1271 2276 1340 ὅλην
2307 1269 2406 1339 τὴν
2434 1248 2607 1318 νύκτα
2644 1259 3006 1332 κοιμώμενος,
3049 1251 3235 1321 ἐπειδὴ
3265 1249 3321 1302 δε
3351 1243 3491 1316 πρωῒ
3518 1241 3730 1340 γέγονε,

2150 1328 2476 1432 θερμότερος
2508 1351 2576 1426 ἦν
2605 1353 2715 1406 τῶν
2736 1328 2979 1405 ⁷ἇ.λλων.ι
3002 1339 3302 1409 Ἀνεκαύθη
3329 1337 3437 1407 γὰρ
3457 1328 3732 1432 (bisti:pr

2151 1423 2370 1523 φέγγος,
2407 1470 2424 1502 ι
2463 1449 2557 1502 καὶ
2602 1449 2711 1508 τοῖς
2740 1442 2918 1514 ὄχλοις
2953 1431 3432 1505 συνεθερμαίνετο,
3463 1425 3571 1479 οὐδ’
3609 1423 3732 1474 ὅσον

2152 1513 2325 1598 εἰπεῖν
2361 1536 2671 1613 μελλησμοῦ
2712 1535 2810 1605 τὴν
2849 1530 3103 1585 ὑπόθεσιν
3132 1524 3318 1590 ἀξιῶν,
3359 1519 3473 1573 ἀλλ’
3521 1519 3599 1578 εἰς
3639 1513 3736 1566 πέ-

2156 1653 2254 1710 ρας
2299 1611 2470 1704 άγων,
2501 1631 2595 1684 καὶ
2631 1628 2774 1698 μάλα
2817 1622 3131 1695 προθύμως,
3167 1617 3276 1671 τῶν
3305 1613 3532 1672 ἀνοσίων
3564 1611 3740 1679 ἐγχει-

2159 1746 2226 1799 ρη
2234 1727 2417 1798 μάτων
2444 1723 2541 1793 τὴν
2568 1716 2852 1783 ἀνάδειξιν.

2230 1904 2462 1968 Πάντες
2485 1899 2955 1970 ἐθερμάνθησαν,
2977 1897 3058 1962 ὠς
3089 1895 3375 1956 κλίϐανος
3405 1893 3466 1943 αὶ
3501 1886 3740 1956 καρδίαι

2160 1995 2379 2058 αὐτῶν,
2415 1993 2514 2048 καί
2545 1991 2883 2061 κατέφαγον
2920 1988 3060 2053 τοὺς
3093 1985 3295 2054 κριτὰς
3331 1981 3548 2038 αὐτῶν.
3583 1977 3743 2032 Πάν-

2161 2106 2260 2154 τες
2294 2091 2353 2142 οἱ·
2372 2085 2655 2150 βασιλεῖς
2687 2082 2886 2137 αὐτῶν
2914 2081 3159 2144 ἔπεσον,
3190 2081 3300 2132 οὐκ
3327 2074 3404 2146 ἦν
3433 2076 3502 2128 ἑν
3539 2070 3743 2136 αὐτοῖς

2165 2183 2196 2233 ὀ
2229 2177 2707 2244 ἐπικαλούμενος
2735 2174 2883 2240 πρός
2907 2189 3004 2240 με.

2234 2273 2368 2339 OG".
2421 2267 2621 2339 Ἀληθῆ
2650 2266 2747 2337 μὲν
2765 2261 2856 2319 οὖν
2887 2265 3030 2335 άπερ
3063 2263 3221 2332 ἔφην’
3251 2258 3613 2328 τεθέρμανται
3637 2251 3746 2323 γάρ

2163 2366 2214 2418 οἱ
2242 2363 2386 2433 ἀμφὶ
2415 2361 2505 2414 τὸν
2549 2360 2820 2430 ἐπάρατον
2869 2354 3172 2427 Ἰεροόοάμ,
3224 2352 3317 2405 καὶ
3368 2346 3747 2416 ἀνεκαύθησαν

2163 2457 2238 2520 ὡς
2275 2455 2442 2526 πυρὸς
2473 2453 2696 2522 φέγγος.
2729 2449 2853 2521 Ἆρ’
2891 2446 2983 2502 οὖν
3017 2449 3179 2518 μέχρι
3210 2445 3314 2497 τῶν
3341 2444 3532 2511 ἐκείνῳ
3567 2439 3746 2493 τετολ-

2169 2551 2427 2621 μημένων
2454 2549 2521 2601 τὰ
2559 2547 2660 2615 τῆς
2689 2542 3005 2604 δυσσεϐείας
3041 2538 3419 2617 προϐέϐηκεν;
3450 2530 3738 2603 Οὐδαμῶς,

2168 2639 2352 2709 φησίν·
2379 2657 2396 2688 ι
2419 2635 2832 2708 ὲθερμάνθησαν
2847 2632 2956 2704 γὰρ
2986 2631 3205 2695 πάντες,
3233 2649 3251 2680 ι
3274 2627 3434 2680 καῖοὶ
3459 2625 3575 2702 μετ’
3606 2624 3749 2676 ἐκεῖ·

2167 2748 2256 2786 νον
2287 2729 2386 2794 ἔτι,
2421 2729 2512 2782 καὶ
2543 2729 2642 2798 τῆς
2672 2725 2924 2795 τοιαύτης
2954 2722 3256 2794 θερμασίας
3284 2719 3346 2773 τὸ
3377 2716 3618 2784 ὀλέθριον
3639 2712 3750 2783 πῦρ

2168 2822 2384 2885 πάντας
2418 2821 2518 2891 μὲν
2551 2818 2731 2872 αὐτῶν
2768 2817 3112 2886 δεδαπάνηκε
3159 2814 3284 2876 τούς
3328 2809 3542 2882 κριτὰς,
3572 2806 3750 2860 ἀνεῖλε

2167 2915 2223 2968 δὲ
2272 2915 2364 2966 καὶ
2407 2913 2615 2975 πάντας
2663 2912 2787 2973 τούς
2835 2908 3071 2978 καθεξῆς
3126 2908 3242 2976 μετ’
3278 2904 3484 2958 ἐκεῖνον
3531 2899 3752 2971 βεϐασι-

2166 3006 2445 3068 λευκότας.
2484 3004 2559 3057 Οὐ
2594 3003 2702 3072 γὰρ
2729 2997 2797 3073 ἦν
2827 3003 2887 3054 ὲν
2918 3001 3099 3058 αὐτοῖς
3125 3001 3152 3052 ὁ
3187 2996 3513 3069 προσκυνεῖν
3552 2989 3757 3043 ἐθέλων

2169 3099 2292 3170 ἐμὲ,
2326 3098 2422 3151 καὶ
2442 3097 2534 3149 τὸν
2559 3095 2668 3148 τῶν
2698 3094 2834 3148 ὅλων
2861 3093 2996 3147 Θεὸν
3020 3091 3360 3161 ἐκλιπαρεῖν,
3390 3083 3620 3156 ἀληθοῦς
3645 3083 3756 3136 θεο-

2095 3205 2137 3261 C
2172 3190 2411 3261 γνωσίας
2446 3188 2583 3259 ἔχων
2614 3189 2701 3256 ἐφ’
2735 3185 2915 3257 ἐαυτῷ
2940 3185 3006 3239 τὰ
3033 3184 3348 3253 αὐχήματα.

2248 3280 2497 3349 Ἐφραῒμ
2559 3280 2629 3333 ἐν
2681 3279 2809 3344 τοῖς
2859 3275 3032 3342 λαοῖς
3079 3272 3265 3328 αὑτοῦ
3329 3268 3756 3338 συνεμίγνυτο.

2177 3376 2426 3446 Ἐφραῒμ
2458 3374 2698 3444 ἐγένετο
2735 3372 3067 3444 ἐγκρυφίας
3105 3370 3177 3422 οὐ
3220 3363 3757 3437 μετατρεφόμενος.

2237 3555 2355 3608 OZ'.
2397 3550 2712 3621 Καταψέγει
2742 3551 2862 3603 λίαν
2909 3548 3037 3610 τοὺς
3081 3546 3145 3598 ὲκ
3180 3542 3354 3613 φυλῆς
3391 3540 3631 3613 Ἐφραῖμ
3659 3538 3757 3608 τὴν

2177 3646 2426 3719 βασιλίδα
2473 3645 2639 3716 τιμὴν
2673 3641 3025 3714 ἀνημμένους
3053 3639 3148 3692 ἐπὶ
3190 3638 3281 3691 τὸν
3323 3635 3540 3708 Ἰσραὴλ
3580 3635 3640 3687 ἐν
3689 3635 3757 3703 τῇ

2167 3739 2452 3811 Σαμαρείᾳ
2480 3780 2495 3805 ,
2539 3739 2614 3801 ὡς
2671 3735 2826 3790 οὐδὲν
2876 3735 3100 3805 ἄμεινον
3148 3731 3256 3784 τῶν
3302 3729 3406 3787 ὑπὸ
3455 3731 3611 3799 χεῖρα
3668 3727 3761 3782 καὶ

2167 3832 2438 3902 ἀγελαίων
2489 3835 2711 3902 φρονεῖν
2768 3827 3060 3889 εἰωθότας·
3101 3824 3218 3879 ἀλλ’
3257 3825 3336 3886 είς
3394 3822 3537 3875 ἆπαν
3577 3821 3761 3882 αὐτοῖς

2171 3925 2499 3988 συνθέοντάς
2524 3942 2586 3977 τε
2617 3924 2712 3976 καὶ
2763 3918 3312 3990 συναποφερομένους
3351 3915 3607 3977 εὐκόλως,
3639 3913 3762 3970 καί·

2167 4036 2250 4072 τοι
2283 4018 2436 4082 δέον,
2486 4017 2564 4080 ὼς
2602 4014 2972 4087 ἡγουμένους,
3013 4009 3269 4078 ποδηγεῖν
3307 4008 3387 4070 εἰς
3429 4007 3490 4058 τὸ
3536 4003 3761 4072 ἀγαθὸν,

2169 4111 2264 4164 καὶ
2289 4109 2650 4180 ὑψηλοτέραις
2681 4104 3004 4173 διασκέψεσι
3029 4101 3090 4154 τὸ
3119 4099 3306 4154 τελοῦν
3333 4099 3518 4161 αὐτοῖς
3549 4097 3630 4160 είς
3660 4112 3764 4147 σωο

2170 4203 2366 4274 τηρίαν
2421 4203 2574 4272 ὁρᾷν.
2639 4198 2799 4253 Ἀλλά
2842 4196 3000 4251 τοῦτο
3044 4195 3140 4266 μὲν
3183 4194 3282 4246 οὐκ
3318 4192 3520 4262 ἔδρων·
3579 4207 3764 4243 συναν-

2172 4296 2446 4366 εφύροντο
2477 4294 2535 4346 δὲ
2573 4295 2685 4356 τοῖς
2720 4290 2922 4361 ὄχλοις,
2968 4287 3096 4357 μίαν
3152 4287 3200 4338 οἱ
3250 4283 3450 4346 πάντες
3487 4281 3579 4336 καὶ
3640 4279 3762 4366 ἴσην

2173 4386 2591 4460 ἀρρωστοῦντες
2625 4383 2724 4454 τὴν
2758 4380 3015 4435 ἀδουλίαν
3045 4419 3060 4444 ,
3107 4377 3203 4431 καὶ
3232 4376 3366 4447 πρός
3401 4391 3465 4442 γε
3511 4371 3667 4426 τοῦτο
3706 4361 3764 4429 τὸ

2174 4481 2409 4553 ἔμμονον
2437 4480 2519 4541 είς
2545 4477 2883 4548 φαυλότητα,
2919 4473 3015 4526 καὶ
3054 4468 3456 4540 ἀμεταποίητον
3485 4468 3581 4537 τῆς
3627 4463 3765 4533 γνώ-

493 4589 708 4660 penitus
736 4604 842 4643 non
893 4586 1240 4650 dimittentis,
1295 4601 1414 4653 qua:
1443 4582 1620 4636 facere
1649 4582 1948 4641 statuisset,
1992 4591 2058 4634 ta-

2180 4592 2308 4647 μης,
2337 4574 2398 4627 οὐ
2430 4571 2758 4643 μεθιεμένης
2807 4565 3085 4628 παντελῶς
3113 4604 3128 4628 ,
3175 4557 3251 4618 ὧν
3289 4563 3354 4616 ἂν
3399 4560 3575 4614 ἓλοιτο
3609 4560 3763 4630 ὁρᾷν.

435 4737 444 4748 ,
495 4683 654 4738 metsi
685 4698 746 4737 ea
779 4693 984 4750 pestem
1015 4690 1071 4735 et
1098 4677 1510 4734 interitumillis
1553 4675 1831 4730 afferrent.
1872 4673 2070 4726 Panem

496 4777 679 4846 itaque
753 4773 1170 4828 subcinericium
1231 4787 1336 4826 non
1394 4778 1733 4824 rcvcrsatum
1804 4768 2068 4836 Ephraim

496 4869 696 4924 factum
734 4882 856 4922 esse
908 4875 1176 4929 autumat,
1218 4881 1347 4919 usus
1395 4863 1632 4934 imagine
1692 4878 1785 4916 seu
1819 4861 2074 4929 exemplo

494 4975 697 5032 panum
721 4974 886 5029 super
909 4957 1178 5027 lapidibus
1211 4965 1539 5021 assatorum,
1568 4969 1704 5023 quos
1731 4953 1835 5007 nisi
1865 4966 2072 5013 verses,

495 5055 657 5127 plane
705 5051 880 5116 exuri,
925 5050 1110 5120 etiam
1142 5048 1358 5104 inutiles
1413 5047 1626 5112 videri,
1677 5054 1732 5098 et
1782 5044 1924 5112 quod
1961 5043 2078 5097 esui

497 5157 617 5202 erat
649 5148 928 5210 idoneum,
958 5142 1248 5199 iu'miodica
1289 5140 1508 5195 ﬂamma
1548 5137 1820 5206 corrumpi
1857 5151 2079 5190 necesse

497 5249 598 5295 εει.

571 5418 734 5474 Vens.
756 5419 809 5474 9.
837 5422 1189 5473 Lomeaerunt
1221 5419 1382 5470 alieni
1414 5415 1546 5468 vires
1579 5429 1690 5483 qus
1713 5453 1727 5478 ,
1762 5412 1872 5478 ipse
1906 5419 2081 5463 autem

502 5529 608 5567 non
629 5511 864 5582 cognovit
899 5526 918 5564 :
957 5520 1006 5565 et
1041 5511 1159 5564 cani
1188 5509 1542 5580 efﬂoruerunt,
1593 5517 1644 5560 et
1689 5507 1798 5574 ipse
1840 5519 1942 5556 non
1987 5518 2080 5554 co-

503 5606 678 5675 gnovil

581 5696 859 5752 LXXVIII.
911 5697 1132 5752 Alienos
1170 5694 1413 5750 nominat
1454 5693 1787 5761 alienigenas
1818 5733 1830 5757 ,
1888 5701 1941 5743 et
1986 5705 2082 5742 ex-

518 5799 685 5856 teros,
719 5788 911 5844 Persas
936 5797 1088 5860 puta,
1121 5796 1174 5844 et
1201 5786 1438 5843 conﬁnes
1494 5784 1732 5851 illorum,
1765 5781 2080 5851 vicinosque

2180 4667 2280 4722 κᾶν
2309 4668 2358 4719 εί
2391 4664 2613 4733 ὀλέθρου
2645 4661 2881 4732 πρόξενα
2910 4659 3002 4713 καὶ
3045 4655 3314 4719 ἀπωλείας
3370 4655 3552 4716 αὐτοῖς
3586 4653 3764 4724 ὑπάρ-

2181 4777 2266 4832 χει
2299 4756 2477 4812 ταυτί.
2527 4754 2864 4823 Ἐγκρυφίαν
2903 4751 2968 4822 δὴ
3003 4746 3096 4803 οὖν
3146 4748 3206 4801 οὐ
3256 4746 3765 4820 μεταστρεφόμενον

2181 4849 2507 4921 γεγενῆσθαί
2551 4865 2685 4918 φησι
2719 4845 2811 4899 τὸν
2851 4841 3113 4915 Ἐφραῒμ,
3147 4839 3223 4903 ὡς
3251 4839 3310 4906 eg
3338 4838 3565 4901 εἰκόνος,
3597 4837 3766 4909 ἤγουν

2183 4942 2626 5015 παραδείγματος
2665 4938 2775 4992 τῶν
2812 4937 2906 4988 ἐπὶ
2941 4933 3112 4996 λίθοις
3164 4931 3500 5001 ὀπτωμένων
3546 4927 3764 4999 ἄρτων,

2183 5035 2298 5098 οὒς,
2336 5035 2382 5087 εί
2427 5034 2502 5105 μή
2547 5049 2632 5094 τις
2665 5027 3052 5103 μεταστρέφοι,
3099 5026 3250 5078 πᾶσα
3306 5023 3492 5094 δήπως
3548 5019 3763 5090 ἀνάγκη

2177 5124 2652 5198 καταφρύττεσθαί
2703 5140 2763 5175 τε
2827 5122 2920 5175 καὶ
2977 5118 3234 5192 ἀχρείους
3273 5115 3506 5189 ὁρᾶσθαι
3555 5113 3762 5177 λοιπὸν,

2178 5222 2274 5276 καὶ
2337 5223 2403 5292 τῇ
2460 5220 2558 5290 τῆς
2611 5216 2807 5288 φλογὸς
2866 5213 3099 5283 ἀφθονίᾳ
3146 5208 3472 5281 ζημιοῦσθαι
3518 5208 3578 5260 τὸ
3635 5206 3767 5260 ἐδώ-

2177 5314 2225 5367 δι
2233 5331 2350 5384 μον.

2250 5399 2600 5469 Κατέεραγον
2637 5397 2943 5461 ἀλλότριοι
2972 5392 3087 5459 τὴν
3123 5391 3307 5461 ισχὺν
3337 5391 3547 5452 αὑτοῦ,
3584 5388 3766 5451 αὐτὸς

2179 5494 2247 5549 δὲ
2269 5497 2381 5549 οὐκ
2422 5495 2604 5562 ἔγνω·
2657 5490 2756 5544 καὶ
2805 5487 3009 5541 πολιαὶ
3059 5486 3411 5552 ἐξήνθησαν
3447 5481 3627 5547 αὐτῷ,
3664 5481 3764 5534 καί

2181 5586 2365 5653 αὐτὸς
2391 5588 2501 5639 οὐκ
2530 5584 2704 5654 ἔγνω.

2257 5683 2383 5734 OII'.
2444 5677 2784 5746 Ἀλλοτρίους
2839 5673 3094 5747 ὀνομάζει
3133 5673 3256 5734 τούς
3291 5669 3625 5738 ἀλλοφύλους
3670 5666 3762 5721 καὶ

2184 5773 2548 5849 ἑτερογενεῖς,
2590 5771 2804 5842 Πέρσας
2863 5771 2928 5840 δὴ
2977 5767 3158 5837 λέγω,
3215 5765 3306 5818 καὶ
3361 5763 3486 5827 τούς
3527 5760 3763 5831 ὁμόρους
