  <div class='ocr_page' id='page_1' title='image "/cluster/home/n/w/nwhite01/storage/ocr_20150623/71/nnc1.0046980199/110.png"; bbox 0 0 4110 6368; ppageno 0'>
   <div class='ocr_carea' id='block_1_1' title="bbox 327 327 428 395">
    <p class='ocr_par' dir='ltr' id='par_1_1' title="bbox 327 327 428 395">
     <span class='ocr_line' id='line_1_1' title="bbox 327 327 428 395; baseline 0.01 -2"><span class='ocrx_word' id='word_1_1' title='bbox 327 327 428 395; x_wconf 76' lang='grc'><strong>189</strong></span> 
     </span>
    </p>
   </div>
   <div class='ocr_carea' id='block_1_2' title="bbox 1196 312 2675 416">
    <p class='ocr_par' dir='ltr' id='par_1_2' title="bbox 1196 312 2675 416">
     <span class='ocr_line' id='line_1_2' title="bbox 1196 312 2675 416; baseline 0.011 -17"><span class='ocrx_word' id='word_1_2' title='bbox 1196 321 1204 330; x_wconf 82' lang='grc'><strong><em>“</em></strong></span> <span class='ocrx_word' id='word_1_3' title='bbox 1243 312 1798 404; x_wconf 74' lang='lat' dir='ltr'><strong>COMMENTARIUS</strong></span> <span class='ocrx_word' id='word_1_4' title='bbox 1839 346 1906 402; x_wconf 86' lang='lat' dir='ltr'><strong>IN</strong></span> <span class='ocrx_word' id='word_1_5' title='bbox 1945 348 2180 409; x_wconf 68' lang='lat' dir='ltr'><strong>ossam</strong></span> <span class='ocrx_word' id='word_1_6' title='bbox 2222 353 2675 416; x_wconf 81' lang='lat' dir='ltr'><strong>PROPHETAM.</strong></span> 
     </span>
    </p>
   </div>
   <div class='ocr_carea' id='block_1_3' title="bbox 3496 377 3602 434">
    <p class='ocr_par' dir='ltr' id='par_1_3' title="bbox 3496 377 3602 434">
     <span class='ocr_line' id='line_1_3' title="bbox 3496 377 3602 434; baseline 0.047 -4"><span class='ocrx_word' id='word_1_7' title='bbox 3496 377 3602 434; x_wconf 79' lang='lat'><strong>190</strong></span> 
     </span>
    </p>
   </div>
   <div class='ocr_carea' id='block_1_4' title="bbox 325 453 1909 561">
    <p class='ocr_par' dir='ltr' id='par_1_4' title="bbox 325 453 1909 561">
     <span class='ocr_line' id='line_1_4' title="bbox 325 453 1909 534; baseline 0.006 -26"><span class='ocrx_word' id='word_1_8' title='bbox 325 453 548 516; x_wconf 82' lang='grc' dir='ltr'>αὐτοῖς,</span> <span class='ocrx_word' id='word_1_9' title='bbox 601 453 696 505; x_wconf 74' lang='grc' dir='ltr'><strong>καὶ</strong></span> <span class='ocrx_word' id='word_1_10' title='bbox 726 453 972 522; x_wconf 77' lang='grc' dir='ltr'><strong>γείτονας</strong></span> <span class='ocrx_word' id='word_1_11' title='bbox 1019 456 1348 522; x_wconf 83' lang='grc' dir='ltr'>Μωαϐίτας,</span> <span class='ocrx_word' id='word_1_12' title='bbox 1410 462 1503 514; x_wconf 74' lang='grc' dir='ltr'><strong>καὶ</strong></span> <span class='ocrx_word' id='word_1_13' title='bbox 1548 462 1909 534; x_wconf 71' lang='grc' dir='ltr'><strong>Ἰδουμαίους,</strong></span> 
     </span>
     <span class='ocr_line' id='line_1_5' title="bbox 399 543 1868 561; baseline 0 0"><span class='ocrx_word' id='word_1_14' title='bbox 399 543 411 561; x_wconf 61' lang='grc' dir='ltr'><strong>ς</strong></span> <span class='ocrx_word' id='word_1_15' title='bbox 493 543 504 561; x_wconf 77' lang='lat'><strong>.</strong></span> <span class='ocrx_word' id='word_1_16' title='bbox 547 543 614 561; x_wconf 70' lang='grc' dir='ltr'><strong>ιν</strong></span> <span class='ocrx_word' id='word_1_17' title='bbox 777 544 832 561; x_wconf 71' lang='grc' dir='ltr'>η.</span> <span class='ocrx_word' id='word_1_18' title='bbox 1012 547 1032 561; x_wconf 91' lang='lat'><strong>..</strong></span> <span class='ocrx_word' id='word_1_19' title='bbox 1308 544 1346 561; x_wconf 91' lang='lat'><strong>-.</strong></span> <span class='ocrx_word' id='word_1_20' title='bbox 1536 554 1557 561; x_wconf 82' lang='lat'><em>_</em></span> <span class='ocrx_word' id='word_1_21' title='bbox 1605 554 1656 561; x_wconf 75' lang='lat'><strong>--</strong></span> <span class='ocrx_word' id='word_1_22' title='bbox 1860 557 1868 561; x_wconf 72' lang='grc'><strong>.</strong></span> 
     </span>
    </p>
   </div>
   <div class='ocr_carea' id='block_1_5' title="bbox 2012 453 3596 561">
    <p class='ocr_par' dir='ltr' id='par_1_5' title="bbox 2019 466 3596 561">
     <span class='ocr_line' id='line_1_6' title="bbox 2019 466 3596 561; baseline 0.015 -39"><span class='ocrx_word' id='word_1_23' title='bbox 2019 466 2303 539; x_wconf 81' lang='lat' dir='ltr'><strong>Moabitas,</strong></span> <span class='ocrx_word' id='word_1_24' title='bbox 2368 485 2419 530; x_wconf 90' lang='lat' dir='ltr'><strong>et</strong></span> <span class='ocrx_word' id='word_1_25' title='bbox 2466 475 2752 542; x_wconf 67' lang='lat' dir='ltr'><strong>ldumzeos,</strong></span> <span class='ocrx_word' id='word_1_26' title='bbox 2799 488 2851 535; x_wconf 85' lang='lat' dir='ltr'><strong>et</strong></span> <span class='ocrx_word' id='word_1_27' title='bbox 2897 481 3159 554; x_wconf 82' lang='lat' dir='ltr'><strong>Syrorum</strong></span> <span class='ocrx_word' id='word_1_28' title='bbox 3218 496 3468 557; x_wconf 74' lang='lat' dir='ltr'><strong>gentem,</strong></span> <span class='ocrx_word' id='word_1_29' title='bbox 3503 495 3596 561; x_wconf 89' lang='lat' dir='ltr'><strong>qui</strong></span> 
     </span>
    </p>
   </div>
   <div class='ocr_carea' id='block_1_6' title="bbox 325 543 1915 624">
    <p class='ocr_par' dir='ltr' id='par_1_6' title="bbox 325 543 1915 624">
     <span class='ocr_line' id='line_1_7' title="bbox 325 543 1915 624; baseline 0.008 -27"><span class='ocrx_word' id='word_1_30' title='bbox 325 543 421 598; x_wconf 76' lang='grc' dir='ltr'><strong>καὶ</strong></span> <span class='ocrx_word' id='word_1_31' title='bbox 448 543 517 596; x_wconf 85' lang='grc' dir='ltr'>τὰ</span> <span class='ocrx_word' id='word_1_32' title='bbox 547 543 735 615; x_wconf 77' lang='grc' dir='ltr'>Σύρων</span> <span class='ocrx_word' id='word_1_33' title='bbox 775 544 942 616; x_wconf 76' lang='grc' dir='ltr'>ἔθνη,</span> <span class='ocrx_word' id='word_1_34' title='bbox 982 547 1032 599; x_wconf 85' lang='grc' dir='ltr'>οἳ</span> <span class='ocrx_word' id='word_1_35' title='bbox 1074 544 1358 621; x_wconf 71' lang='grc' dir='ltr'>μονονουχὶ</span> <span class='ocrx_word' id='word_1_36' title='bbox 1396 554 1792 624; x_wconf 73' lang='grc' dir='ltr'>κατεδηδόκασι</span> <span class='ocrx_word' id='word_1_37' title='bbox 1824 557 1915 610; x_wconf 78' lang='grc' dir='ltr'><strong>τὸν</strong></span> 
     </span>
    </p>
   </div>
   <div class='ocr_carea' id='block_1_7' title="bbox 339 637 1912 720">
    <p class='ocr_par' dir='ltr' id='par_1_7' title="bbox 339 637 1912 720">
     <span class='ocr_line' id='line_1_8' title="bbox 339 637 1912 720; baseline 0.009 -32"><span class='ocrx_word' id='word_1_38' title='bbox 339 637 599 708; x_wconf 81' lang='grc' dir='ltr'>Ἐφρατμ.</span> <span class='ocrx_word' id='word_1_39' title='bbox 644 638 864 710; x_wconf 87' lang='grc' dir='ltr'>Ἐπειδὴ</span> <span class='ocrx_word' id='word_1_40' title='bbox 888 639 998 711; x_wconf 81' lang='grc' dir='ltr'>γὰρ</span> <span class='ocrx_word' id='word_1_41' title='bbox 1027 641 1188 711; x_wconf 84' lang='grc' dir='ltr'><strong>ἄρτον</strong></span> <span class='ocrx_word' id='word_1_42' title='bbox 1228 645 1390 697; x_wconf 74' lang='grc' dir='ltr'>αὐτὸν</span> <span class='ocrx_word' id='word_1_43' title='bbox 1437 647 1740 718; x_wconf 77' lang='grc' dir='ltr'>ἐγκρυφίαν</span> <span class='ocrx_word' id='word_1_44' title='bbox 1786 648 1912 720; x_wconf 83' lang='grc' dir='ltr'>ἔφη,</span> 
     </span>
    </p>
   </div>
   <div class='ocr_carea' id='block_1_8' title="bbox 329 729 1915 809">
    <p class='ocr_par' dir='ltr' id='par_1_8' title="bbox 329 729 1915 809">
     <span class='ocr_line' id='line_1_9' title="bbox 329 729 1915 809; baseline 0.008 -28"><span class='ocrx_word' id='word_1_45' title='bbox 329 729 638 800; x_wconf 76' lang='grc' dir='ltr'><strong>μεμένηκεν</strong></span> <span class='ocrx_word' id='word_1_46' title='bbox 673 731 732 784; x_wconf 87' lang='grc' dir='ltr'><strong>ἐν</strong></span> <span class='ocrx_word' id='word_1_47' title='bbox 762 733 828 802; x_wconf 83' lang='grc' dir='ltr'>τῇ</span> <span class='ocrx_word' id='word_1_48' title='bbox 879 732 973 786; x_wconf 82' lang='grc' dir='ltr'>τοῦ</span> <span class='ocrx_word' id='word_1_49' title='bbox 1004 733 1165 802; x_wconf 83' lang='grc' dir='ltr'>λόγου</span> <span class='ocrx_word' id='word_1_50' title='bbox 1207 739 1407 807; x_wconf 82' lang='grc' dir='ltr'>τροπῇ.</span> <span class='ocrx_word' id='word_1_51' title='bbox 1449 737 1621 809; x_wconf 78' lang='grc' dir='ltr'>Ἰσχὺν</span> <span class='ocrx_word' id='word_1_52' title='bbox 1649 740 1706 793; x_wconf 80' lang='grc' dir='ltr'><strong>δὲ</strong></span> <span class='ocrx_word' id='word_1_53' title='bbox 1747 741 1915 794; x_wconf 75' lang='grc' dir='ltr'>αὐτοῦ</span> 
     </span>
    </p>
   </div>
   <div class='ocr_carea' id='block_1_9' title="bbox 323 818 1918 902">
    <p class='ocr_par' dir='ltr' id='par_1_9' title="bbox 323 818 1918 902">
     <span class='ocr_line' id='line_1_10' title="bbox 323 818 1918 902; baseline 0.009 -32"><span class='ocrx_word' id='word_1_54' title='bbox 323 835 456 889; x_wconf 87' lang='grc' dir='ltr'>φησι</span> <span class='ocrx_word' id='word_1_55' title='bbox 487 818 588 890; x_wconf 81' lang='grc' dir='ltr'>τὴν</span> <span class='ocrx_word' id='word_1_56' title='bbox 632 821 868 892; x_wconf 78' lang='grc' dir='ltr'>ἀριθμοῦ</span> <span class='ocrx_word' id='word_1_57' title='bbox 906 823 1195 894; x_wconf 85' lang='grc' dir='ltr'>κρείττονα</span> <span class='ocrx_word' id='word_1_58' title='bbox 1227 826 1459 898; x_wconf 81' lang='grc' dir='ltr'>πληθύν.</span> <span class='ocrx_word' id='word_1_59' title='bbox 1495 829 1918 902; x_wconf 78' lang='grc' dir='ltr'>Πολυανδροῦσα</span> 
     </span>
    </p>
   </div>
   <div class='ocr_carea' id='block_1_10' title="bbox 323 910 1916 996">
    <p class='ocr_par' dir='ltr' id='par_1_10' title="bbox 323 910 1916 996">
     <span class='ocr_line' id='line_1_11' title="bbox 323 910 1916 996; baseline 0.009 -32"><span class='ocrx_word' id='word_1_60' title='bbox 323 910 431 982; x_wconf 77' lang='grc' dir='ltr'>γὰρ</span> <span class='ocrx_word' id='word_1_61' title='bbox 461 912 586 966; x_wconf 85' lang='grc' dir='ltr'>λίαν</span> <span class='ocrx_word' id='word_1_62' title='bbox 612 915 644 985; x_wconf 82' lang='grc' dir='ltr'>ἡ</span> <span class='ocrx_word' id='word_1_63' title='bbox 676 914 838 986; x_wconf 84' lang='grc' dir='ltr'>φυλὴ,</span> <span class='ocrx_word' id='word_1_64' title='bbox 877 915 1113 986; x_wconf 84' lang='grc' dir='ltr'>μάλιστα</span> <span class='ocrx_word' id='word_1_65' title='bbox 1141 917 1236 971; x_wconf 82' lang='grc' dir='ltr'>τοῦ</span> <span class='ocrx_word' id='word_1_66' title='bbox 1275 919 1541 993; x_wconf 76' lang='grc' dir='ltr'>Ἐφραῖμ,</span> <span class='ocrx_word' id='word_1_67' title='bbox 1571 924 1666 976; x_wconf 75' lang='grc' dir='ltr'><strong>καὶ</strong></span> <span class='ocrx_word' id='word_1_68' title='bbox 1706 924 1916 996; x_wconf 80' lang='grc' dir='ltr'>ὑψηλὴν</span> 
     </span>
    </p>
   </div>
   <div class='ocr_carea' id='block_1_11' title="bbox 323 1004 1918 1086">
    <p class='ocr_par' dir='ltr' id='par_1_11' title="bbox 323 1004 1918 1086">
     <span class='ocr_line' id='line_1_12' title="bbox 323 1004 1918 1086; baseline 0.009 -29"><span class='ocrx_word' id='word_1_69' title='bbox 323 1004 418 1057; x_wconf 74' lang='grc' dir='ltr'><strong>ἐπὶ</strong></span> <span class='ocrx_word' id='word_1_70' title='bbox 451 1004 626 1078; x_wconf 82' lang='grc' dir='ltr'>τούτῳ</span> <span class='ocrx_word' id='word_1_71' title='bbox 655 1007 754 1078; x_wconf 81' lang='grc' dir='ltr'><strong>τὴν</strong></span> <span class='ocrx_word' id='word_1_72' title='bbox 793 1008 966 1079; x_wconf 81' lang='grc' dir='ltr'>ὀφρὺν</span> <span class='ocrx_word' id='word_1_73' title='bbox 1007 1010 1382 1078; x_wconf 77' lang='grc' dir='ltr'>ἀνατείνουσα,</span> <span class='ocrx_word' id='word_1_74' title='bbox 1417 1014 1566 1086; x_wconf 79' lang='grc' dir='ltr'>δεινὴ</span> <span class='ocrx_word' id='word_1_75' title='bbox 1601 1017 1694 1069; x_wconf 71' lang='grc' dir='ltr'><strong>καὶ</strong></span> <span class='ocrx_word' id='word_1_76' title='bbox 1719 1018 1918 1070; x_wconf 86' lang='grc' dir='ltr'>ἀναντ-</span> 
     </span>
    </p>
   </div>
   <div class='ocr_carea' id='block_1_12' title="bbox 325 1096 1918 1173">
    <p class='ocr_par' dir='ltr' id='par_1_12' title="bbox 325 1096 1918 1173">
     <span class='ocr_line' id='line_1_13' title="bbox 325 1096 1918 1173; baseline 0.009 -25"><span class='ocrx_word' id='word_1_77' title='bbox 325 1096 628 1165; x_wconf 86' lang='grc' dir='ltr'>αγώνιστος</span> <span class='ocrx_word' id='word_1_78' title='bbox 655 1099 792 1170; x_wconf 83' lang='grc' dir='ltr'>ῷετό</span> <span class='ocrx_word' id='word_1_79' title='bbox 840 1120 944 1156; x_wconf 84' lang='grc' dir='ltr'><strong>που</strong></span> <span class='ocrx_word' id='word_1_80' title='bbox 976 1104 1072 1157; x_wconf 81' lang='grc' dir='ltr'><strong>καὶ</strong></span> <span class='ocrx_word' id='word_1_81' title='bbox 1106 1106 1292 1170; x_wconf 86' lang='grc' dir='ltr'>αὐτοῖς</span> <span class='ocrx_word' id='word_1_82' title='bbox 1322 1106 1541 1161; x_wconf 77' lang='grc' dir='ltr'>ἔσεσθαι</span> <span class='ocrx_word' id='word_1_83' title='bbox 1569 1111 1682 1173; x_wconf 85' lang='grc' dir='ltr'>τοῖς</span> <span class='ocrx_word' id='word_1_84' title='bbox 1732 1111 1918 1163; x_wconf 79' lang='grc' dir='ltr'>Ἀσσυ-</span> 
     </span>
    </p>
   </div>
   <div class='ocr_carea' id='block_1_13' title="bbox 328 1187 1918 1269">
    <p class='ocr_par' dir='ltr' id='par_1_13' title="bbox 328 1187 1918 1269">
     <span class='ocr_line' id='line_1_14' title="bbox 328 1187 1918 1269; baseline 0.008 -29"><span class='ocrx_word' id='word_1_85' title='bbox 328 1187 462 1257; x_wconf 87' lang='grc' dir='ltr'>ρίων</span> <span class='ocrx_word' id='word_1_86' title='bbox 499 1189 861 1261; x_wconf 82' lang='grc' dir='ltr'><strong>καθηγηταῖς,</strong></span> <span class='ocrx_word' id='word_1_87' title='bbox 887 1193 1006 1264; x_wconf 75' lang='grc' dir='ltr'>ἦτοι</span> <span class='ocrx_word' id='word_1_88' title='bbox 1032 1198 1377 1265; x_wconf 86' lang='grc' dir='ltr'>στρατηγοῖς.</span> <span class='ocrx_word' id='word_1_89' title='bbox 1409 1197 1627 1268; x_wconf 81' lang='grc' dir='ltr'><strong>Ἐπειδὴ</strong></span> <span class='ocrx_word' id='word_1_90' title='bbox 1654 1197 1711 1251; x_wconf 84' lang='grc' dir='ltr'>δὲ</span> <span class='ocrx_word' id='word_1_91' title='bbox 1741 1217 1918 1269; x_wconf 85' lang='grc' dir='ltr'>παρα-</span> 
     </span>
    </p>
   </div>
   <div class='ocr_carea' id='block_1_14' title="bbox 329 1283 1918 1359">
    <p class='ocr_par' dir='ltr' id='par_1_14' title="bbox 329 1283 1918 1359">
     <span class='ocr_line' id='line_1_15' title="bbox 329 1283 1918 1359; baseline 0.007 -26"><span class='ocrx_word' id='word_1_92' title='bbox 329 1283 582 1349; x_wconf 85' lang='grc' dir='ltr'>γεγόνασι</span> <span class='ocrx_word' id='word_1_93' title='bbox 600 1283 692 1336; x_wconf 85' lang='grc' dir='ltr'><strong>τὸν</strong></span> <span class='ocrx_word' id='word_1_94' title='bbox 708 1287 828 1337; x_wconf 86' lang='grc' dir='ltr'>κατ’</span> <span class='ocrx_word' id='word_1_95' title='bbox 847 1287 1026 1340; x_wconf 74' lang='grc' dir='ltr'>αὐτῶν</span> <span class='ocrx_word' id='word_1_96' title='bbox 1055 1289 1320 1359; x_wconf 87' lang='grc' dir='ltr'>ἀράμενοι</span> <span class='ocrx_word' id='word_1_97' title='bbox 1338 1289 1591 1359; x_wconf 79' lang='grc' dir='ltr'>πόλεμον,</span> <span class='ocrx_word' id='word_1_98' title='bbox 1611 1292 1818 1344; x_wconf 77' lang='grc' dir='ltr'>ἀκονιτὶ</span> <span class='ocrx_word' id='word_1_99' title='bbox 1840 1292 1918 1344; x_wconf 83' lang='grc' dir='ltr'>δε-</span> 
     </span>
    </p>
   </div>
   <div class='ocr_carea' id='block_1_15' title="bbox 323 1373 1917 1452">
    <p class='ocr_par' dir='ltr' id='par_1_15' title="bbox 323 1373 1917 1452">
     <span class='ocr_line' id='line_1_16' title="bbox 323 1373 1917 1452; baseline 0.008 -27"><span class='ocrx_word' id='word_1_100' title='bbox 323 1373 647 1444; x_wconf 86' lang='grc' dir='ltr'>δαπάνηται,</span> <span class='ocrx_word' id='word_1_101' title='bbox 676 1377 771 1429; x_wconf 79' lang='grc' dir='ltr'><strong>καὶ</strong></span> <span class='ocrx_word' id='word_1_102' title='bbox 791 1377 984 1448; x_wconf 70' lang='grc' dir='ltr'>ἤγοντο</span> <span class='ocrx_word' id='word_1_103' title='bbox 1004 1379 1140 1451; x_wconf 84' lang='grc' dir='ltr'>πρὸς</span> <span class='ocrx_word' id='word_1_104' title='bbox 1165 1381 1563 1452; x_wconf 72' lang='grc' dir='ltr'>αἰχμαλωσίαν.</span> <span class='ocrx_word' id='word_1_105' title='bbox 1583 1382 1745 1449; x_wconf 85' lang='grc' dir='ltr'>Ἀλλ’,</span> <span class='ocrx_word' id='word_1_106' title='bbox 1771 1385 1917 1437; x_wconf 71' lang='grc' dir='ltr'><strong>(Οὐκ</strong></span> 
     </span>
    </p>
   </div>
   <div class='ocr_carea' id='block_1_16' title="bbox 323 1465 1917 1548">
    <p class='ocr_par' dir='ltr' id='par_1_16' title="bbox 323 1465 1917 1548">
     <span class='ocr_line' id='line_1_17' title="bbox 323 1465 1917 1548; baseline 0.008 -31"><span class='ocrx_word' id='word_1_107' title='bbox 323 1465 486 1535; x_wconf 77' lang='grc' dir='ltr'>ἔγνω,</span> <span class='ocrx_word' id='word_1_108' title='bbox 511 1486 530 1517; x_wconf 72' lang='grc' dir='ltr'><strong>ι</strong></span> <span class='ocrx_word' id='word_1_109' title='bbox 556 1469 712 1539; x_wconf 73' lang='grc' dir='ltr'>φησὶ,</span> <span class='ocrx_word' id='word_1_110' title='bbox 741 1472 1045 1539; x_wconf 79' lang='grc' dir='ltr'>τουτέστιν,</span> <span class='ocrx_word' id='word_1_111' title='bbox 1071 1473 1172 1526; x_wconf 84' lang='grc' dir='ltr'><strong>οὐκ</strong></span> <span class='ocrx_word' id='word_1_112' title='bbox 1209 1475 1465 1545; x_wconf 87' lang='grc' dir='ltr'>ἐνενόησε</span> <span class='ocrx_word' id='word_1_113' title='bbox 1496 1475 1597 1546; x_wconf 80' lang='grc' dir='ltr'>τῆς</span> <span class='ocrx_word' id='word_1_114' title='bbox 1632 1478 1917 1548; x_wconf 78' lang='grc' dir='ltr'>συμφορᾶς</span> 
     </span>
    </p>
   </div>
   <div class='ocr_carea' id='block_1_17' title="bbox 321 1555 1917 1640">
    <p class='ocr_par' dir='ltr' id='par_1_17' title="bbox 321 1555 1917 1640">
     <span class='ocr_line' id='line_1_18' title="bbox 321 1555 1917 1640; baseline 0.007 -30"><span class='ocrx_word' id='word_1_115' title='bbox 321 1555 421 1627; x_wconf 77' lang='grc' dir='ltr'>τὴν</span> <span class='ocrx_word' id='word_1_116' title='bbox 446 1559 646 1626; x_wconf 87' lang='grc' dir='ltr'>αἰτίαν,</span> <span class='ocrx_word' id='word_1_117' title='bbox 681 1561 1003 1616; x_wconf 84' lang='grc' dir='ltr'>καίτοιδὲον</span> <span class='ocrx_word' id='word_1_118' title='bbox 1030 1565 1198 1619; x_wconf 78' lang='grc' dir='ltr'>αὑτὸν</span> <span class='ocrx_word' id='word_1_119' title='bbox 1223 1566 1327 1620; x_wconf 82' lang='grc' dir='ltr'><strong>κᾶν</strong></span> <span class='ocrx_word' id='word_1_120' title='bbox 1361 1567 1492 1636; x_wconf 82' lang='grc' dir='ltr'>γοῦν</span> <span class='ocrx_word' id='word_1_121' title='bbox 1519 1568 1610 1622; x_wconf 70' lang='grc' dir='ltr'>διὰ</span> <span class='ocrx_word' id='word_1_122' title='bbox 1635 1568 1743 1621; x_wconf 81' lang='grc' dir='ltr'>τῶν</span> <span class='ocrx_word' id='word_1_123' title='bbox 1779 1585 1917 1640; x_wconf 90' lang='grc' dir='ltr'>συμ-</span> 
     </span>
    </p>
   </div>
   <div class='ocr_carea' id='block_1_18' title="bbox 322 1646 1913 1734">
    <p class='ocr_par' dir='ltr' id='par_1_18' title="bbox 322 1646 1913 1734">
     <span class='ocr_line' id='line_1_19' title="bbox 322 1646 1913 1734; baseline 0.01 -33"><span class='ocrx_word' id='word_1_124' title='bbox 322 1646 633 1720; x_wconf 82' lang='grc' dir='ltr'>ϐεϐηκότων</span> <span class='ocrx_word' id='word_1_125' title='bbox 669 1652 802 1706; x_wconf 72' lang='grc' dir='ltr'>ἱέναι</span> <span class='ocrx_word' id='word_1_126' title='bbox 838 1655 976 1726; x_wconf 84' lang='grc' dir='ltr'>πρὸς</span> <span class='ocrx_word' id='word_1_127' title='bbox 1003 1657 1278 1730; x_wconf 80' lang='grc' dir='ltr'>αἴσθησιν.</span> <span class='ocrx_word' id='word_1_128' title='bbox 1309 1662 1375 1713; x_wconf 89' lang='grc' dir='ltr'><em>Ὃ</em></span> <span class='ocrx_word' id='word_1_129' title='bbox 1409 1661 1518 1733; x_wconf 81' lang='grc' dir='ltr'><strong>γὰρ</strong></span> <span class='ocrx_word' id='word_1_130' title='bbox 1556 1663 1654 1733; x_wconf 84' lang='grc' dir='ltr'><strong>οὐχ</strong></span> <span class='ocrx_word' id='word_1_131' title='bbox 1696 1665 1913 1734; x_wconf 82' lang='grc' dir='ltr'>ὁρᾶται,</span> 
     </span>
    </p>
   </div>
   <div class='ocr_carea' id='block_1_19' title="bbox 323 1741 1912 1824">
    <p class='ocr_par' dir='ltr' id='par_1_19' title="bbox 323 1741 1912 1824">
     <span class='ocr_line' id='line_1_20' title="bbox 323 1741 1912 1824; baseline 0.008 -28"><span class='ocrx_word' id='word_1_132' title='bbox 323 1741 584 1808; x_wconf 79' lang='grc' dir='ltr'><strong>πολλάκις</strong></span> <span class='ocrx_word' id='word_1_133' title='bbox 631 1746 697 1799; x_wconf 90' lang='grc' dir='ltr'><strong>ἐκ</strong></span> <span class='ocrx_word' id='word_1_134' title='bbox 746 1747 1094 1819; x_wconf 78' lang='grc' dir='ltr'>προμηθείας</span> <span class='ocrx_word' id='word_1_135' title='bbox 1143 1752 1201 1804; x_wconf 85' lang='grc' dir='ltr'><strong>ἐν</strong></span> <span class='ocrx_word' id='word_1_136' title='bbox 1246 1752 1544 1824; x_wconf 77' lang='grc' dir='ltr'>ὀφθαλμοῖς</span> <span class='ocrx_word' id='word_1_137' title='bbox 1600 1756 1809 1808; x_wconf 79' lang='grc' dir='ltr'>ἱστᾶσιν</span> <span class='ocrx_word' id='word_1_138' title='bbox 1856 1756 1912 1808; x_wconf 87' lang='grc' dir='ltr'>αἱ</span> 
     </span>
    </p>
   </div>
   <div class='ocr_carea' id='block_1_20' title="bbox 322 1821 1986 1919">
    <p class='ocr_par' dir='ltr' id='par_1_20' title="bbox 322 1821 1986 1919">
     <span class='ocr_line' id='line_1_21' title="bbox 322 1821 1986 1919; baseline 0.009 -32"><span class='ocrx_word' id='word_1_139' title='bbox 322 1837 532 1907; x_wconf 79' lang='grc' dir='ltr'>πεῖραι.</span> <span class='ocrx_word' id='word_1_140' title='bbox 566 1838 678 1890; x_wconf 74' lang='grc' dir='ltr'><strong>Καὶ</strong></span> <span class='ocrx_word' id='word_1_141' title='bbox 711 1838 935 1910; x_wconf 79' lang='grc' dir='ltr'>ἄμεινον</span> <span class='ocrx_word' id='word_1_142' title='bbox 965 1841 1062 1911; x_wconf 83' lang='grc' dir='ltr'>μὲν</span> <span class='ocrx_word' id='word_1_143' title='bbox 1096 1843 1156 1896; x_wconf 86' lang='grc' dir='ltr'>τὸ</span> <span class='ocrx_word' id='word_1_144' title='bbox 1196 1821 1672 1901; x_wconf 69' lang='grc' dir='ltr'>κατασκέπτεσθαι</span> <span class='ocrx_word' id='word_1_145' title='bbox 1699 1849 1759 1901; x_wconf 84' lang='grc' dir='ltr'><strong>τὸ</strong></span> <span class='ocrx_word' id='word_1_146' title='bbox 1783 1865 1914 1919; x_wconf 88' lang='grc' dir='ltr'>συμ-</span> <span class='ocrx_word' id='word_1_147' title='bbox 1943 1821 1986 1876; x_wconf 79' lang='grc' dir='ltr'><strong>Β</strong></span> 
     </span>
    </p>
   </div>
   <div class='ocr_carea' id='block_1_21' title="bbox 319 1927 1909 2012">
    <p class='ocr_par' dir='ltr' id='par_1_21' title="bbox 319 1927 1909 2012">
     <span class='ocr_line' id='line_1_22' title="bbox 319 1927 1909 2012; baseline 0.01 -32"><span class='ocrx_word' id='word_1_148' title='bbox 319 1927 508 2000; x_wconf 80' lang='grc' dir='ltr'>φέρον,</span> <span class='ocrx_word' id='word_1_149' title='bbox 541 1929 643 2002; x_wconf 82' lang='grc' dir='ltr'>τὴν</span> <span class='ocrx_word' id='word_1_150' title='bbox 669 1934 867 2003; x_wconf 86' lang='grc' dir='ltr'>πεῖραν</span> <span class='ocrx_word' id='word_1_151' title='bbox 905 1933 1007 1987; x_wconf 80' lang='grc' dir='ltr'><strong>οὐκ</strong></span> <span class='ocrx_word' id='word_1_152' title='bbox 1037 1936 1426 2006; x_wconf 84' lang='grc' dir='ltr'>ἀναμένοντας.</span> <span class='ocrx_word' id='word_1_153' title='bbox 1452 1938 1515 1992; x_wconf 80' lang='lat' dir='ltr'><strong>El</strong></span> <span class='ocrx_word' id='word_1_154' title='bbox 1542 1939 1600 1992; x_wconf 81' lang='grc' dir='ltr'><strong>δὲ</strong></span> <span class='ocrx_word' id='word_1_155' title='bbox 1623 1940 1686 2012; x_wconf 80' lang='grc' dir='ltr'>δὴ</span> <span class='ocrx_word' id='word_1_156' title='bbox 1719 1941 1909 1996; x_wconf 83' lang='grc' dir='ltr'>τούτου</span> 
     </span>
    </p>
   </div>
   <div class='ocr_carea' id='block_1_22' title="bbox 320 2022 1908 2107">
    <p class='ocr_par' dir='ltr' id='par_1_22' title="bbox 320 2022 1908 2107">
     <span class='ocr_line' id='line_1_23' title="bbox 320 2022 1908 2107; baseline 0.009 -34"><span class='ocrx_word' id='word_1_157' title='bbox 320 2022 534 2088; x_wconf 83' lang='grc' dir='ltr'>γένοιτο</span> <span class='ocrx_word' id='word_1_158' title='bbox 584 2025 682 2076; x_wconf 70' lang='grc' dir='ltr'>καὶ</span> <span class='ocrx_word' id='word_1_159' title='bbox 709 2025 1083 2098; x_wconf 83' lang='grc' dir='ltr'>ἀφαμαρτεῖν,</span> <span class='ocrx_word' id='word_1_160' title='bbox 1121 2028 1234 2081; x_wconf 84' lang='grc' dir='ltr'>ἀλλ’</span> <span class='ocrx_word' id='word_1_161' title='bbox 1282 2025 1376 2084; x_wconf 77' lang='grc' dir='ltr'>οὖν</span> <span class='ocrx_word' id='word_1_162' title='bbox 1424 2032 1716 2086; x_wconf 84' lang='grc' dir='ltr'>πεπονθόσι</span> <span class='ocrx_word' id='word_1_163' title='bbox 1749 2051 1908 2107; x_wconf 87' lang='grc' dir='ltr'>περι-</span> 
     </span>
    </p>
   </div>
   <div class='ocr_carea' id='block_1_23' title="bbox 318 2113 1910 2197">
    <p class='ocr_par' dir='ltr' id='par_1_23' title="bbox 318 2113 1910 2197">
     <span class='ocr_line' id='line_1_24' title="bbox 318 2113 1910 2197; baseline 0.009 -32"><span class='ocrx_word' id='word_1_164' title='bbox 318 2113 477 2168; x_wconf 84' lang='grc' dir='ltr'>έσται</span> <span class='ocrx_word' id='word_1_165' title='bbox 511 2113 699 2171; x_wconf 81' lang='grc' dir='ltr'>λοιπὸν</span> <span class='ocrx_word' id='word_1_166' title='bbox 723 2117 784 2171; x_wconf 86' lang='grc' dir='ltr'><strong>τὸ</strong></span> <span class='ocrx_word' id='word_1_167' title='bbox 813 2117 915 2172; x_wconf 84' lang='grc' dir='ltr'><strong>κᾶν</strong></span> <span class='ocrx_word' id='word_1_168' title='bbox 942 2121 1001 2187; x_wconf 83' lang='grc' dir='ltr'>ἐξ</span> <span class='ocrx_word' id='word_1_169' title='bbox 1025 2121 1192 2191; x_wconf 64' lang='grc' dir='ltr'>αὐτῆς</span> <span class='ocrx_word' id='word_1_170' title='bbox 1221 2121 1480 2178; x_wconf 85' lang='grc' dir='ltr'>δύνασθαι</span> <span class='ocrx_word' id='word_1_171' title='bbox 1504 2127 1643 2180; x_wconf 88' lang='grc' dir='ltr'>νοεῖν</span> <span class='ocrx_word' id='word_1_172' title='bbox 1672 2126 1769 2197; x_wconf 83' lang='grc' dir='ltr'>τῆς</span> <span class='ocrx_word' id='word_1_173' title='bbox 1799 2127 1910 2180; x_wconf 84' lang='grc' dir='ltr'>πεί-</span> 
     </span>
    </p>
   </div>
   <div class='ocr_carea' id='block_1_24' title="bbox 321 2211 1906 2287">
    <p class='ocr_par' dir='ltr' id='par_1_24' title="bbox 321 2211 1906 2287">
     <span class='ocr_line' id='line_1_25' title="bbox 321 2211 1906 2287; baseline 0.006 -23"><span class='ocrx_word' id='word_1_174' title='bbox 321 2225 422 2282; x_wconf 82' lang='grc' dir='ltr'><strong>ρας</strong></span> <span class='ocrx_word' id='word_1_175' title='bbox 450 2211 513 2264; x_wconf 85' lang='grc' dir='ltr'><strong>τὸ</strong></span> <span class='ocrx_word' id='word_1_176' title='bbox 545 2212 844 2280; x_wconf 86' lang='grc' dir='ltr'>ἀναγκαῖον</span> <span class='ocrx_word' id='word_1_177' title='bbox 873 2214 968 2266; x_wconf 76' lang='grc' dir='ltr'><strong>καὶ</strong></span> <span class='ocrx_word' id='word_1_178' title='bbox 999 2214 1344 2286; x_wconf 81' lang='grc' dir='ltr'>ὀνησιφόρον.</span> <span class='ocrx_word' id='word_1_179' title='bbox 1379 2218 1494 2271; x_wconf 84' lang='grc' dir='ltr'>Οὐκ</span> <span class='ocrx_word' id='word_1_180' title='bbox 1546 2218 1688 2287; x_wconf 79' lang='grc' dir='ltr'>ἔγνω</span> <span class='ocrx_word' id='word_1_181' title='bbox 1709 2220 1906 2284; x_wconf 82' lang='grc' dir='ltr'>τοίνυν,</span> 
     </span>
    </p>
   </div>
   <div class='ocr_carea' id='block_1_25' title="bbox 319 2300 1906 2380">
    <p class='ocr_par' dir='ltr' id='par_1_25' title="bbox 319 2300 1906 2380">
     <span class='ocr_line' id='line_1_26' title="bbox 319 2300 1906 2380; baseline 0.008 -27"><span class='ocrx_word' id='word_1_182' title='bbox 319 2300 510 2372; x_wconf 81' lang='grc' dir='ltr'>φησὶν,</span> <span class='ocrx_word' id='word_1_183' title='bbox 559 2305 588 2357; x_wconf 86' lang='grc' dir='ltr'>ὁ</span> <span class='ocrx_word' id='word_1_184' title='bbox 621 2302 885 2373; x_wconf 78' lang='grc' dir='ltr'>Ἐφραῒμ,</span> <span class='ocrx_word' id='word_1_185' title='bbox 930 2305 1108 2358; x_wconf 90' lang='grc' dir='ltr'>καίτοι</span> <span class='ocrx_word' id='word_1_186' title='bbox 1149 2307 1590 2380; x_wconf 85' lang='grc' dir='ltr'>πεπολιωμένος,</span> <span class='ocrx_word' id='word_1_187' title='bbox 1636 2313 1906 2380; x_wconf 81' lang='grc' dir='ltr'>τουτέστι,</span> 
     </span>
    </p>
   </div>
   <div class='ocr_carea' id='block_1_26' title="bbox 321 2391 1909 2472">
    <p class='ocr_par' dir='ltr' id='par_1_26' title="bbox 321 2391 1909 2472">
     <span class='ocr_line' id='line_1_27' title="bbox 321 2391 1909 2472; baseline 0.007 -28"><span class='ocrx_word' id='word_1_188' title='bbox 321 2391 538 2462; x_wconf 81' lang='grc' dir='ltr'>μακροῦ</span> <span class='ocrx_word' id='word_1_189' title='bbox 572 2392 947 2462; x_wconf 87' lang='grc' dir='ltr'>διαγεγονότος</span> <span class='ocrx_word' id='word_1_190' title='bbox 971 2396 1184 2466; x_wconf 83' lang='grc' dir='ltr'>χρόνου,</span> <span class='ocrx_word' id='word_1_191' title='bbox 1203 2397 1297 2450; x_wconf 61' lang='grc' dir='ltr'><strong>καὶ¹</strong></span> <span class='ocrx_word' id='word_1_192' title='bbox 1332 2399 1432 2452; x_wconf 84' lang='grc' dir='ltr'><strong>οὑκ</strong></span> <span class='ocrx_word' id='word_1_193' title='bbox 1451 2400 1720 2465; x_wconf 84' lang='grc' dir='ltr'>ἁνικάνως</span> <span class='ocrx_word' id='word_1_194' title='bbox 1753 2402 1909 2472; x_wconf 81' lang='grc' dir='ltr'>ἔχον-</span> 
     </span>
    </p>
   </div>
   <div class='ocr_carea' id='block_1_27' title="bbox 315 2486 1904 2564">
    <p class='ocr_par' dir='ltr' id='par_1_27' title="bbox 315 2486 1904 2564">
     <span class='ocr_line' id='line_1_28' title="bbox 315 2486 1904 2564; baseline 0.008 -28"><span class='ocrx_word' id='word_1_195' title='bbox 315 2499 409 2547; x_wconf 80' lang='grc' dir='ltr'><strong>τος</strong></span> <span class='ocrx_word' id='word_1_196' title='bbox 455 2486 534 2548; x_wconf 78' lang='grc' dir='ltr'>εἰς</span> <span class='ocrx_word' id='word_1_197' title='bbox 564 2486 626 2538; x_wconf 82' lang='grc' dir='ltr'>τὸ</span> <span class='ocrx_word' id='word_1_198' title='bbox 673 2487 963 2541; x_wconf 82' lang='grc' dir='ltr'>παιδεῦσαι</span> <span class='ocrx_word' id='word_1_199' title='bbox 998 2488 1205 2554; x_wconf 76' lang='grc' dir='ltr'>λοιπὸν,</span> <span class='ocrx_word' id='word_1_200' title='bbox 1243 2491 1338 2543; x_wconf 76' lang='grc' dir='ltr'><strong>καὶ</strong></span> <span class='ocrx_word' id='word_1_201' title='bbox 1367 2492 1660 2548; x_wconf 86' lang='grc' dir='ltr'>ἀναπεῖσαι</span> <span class='ocrx_word' id='word_1_202' title='bbox 1693 2495 1904 2564; x_wconf 84' lang='grc' dir='ltr'>μαθεῖν,</span> 
     </span>
    </p>
   </div>
   <div class='ocr_carea' id='block_1_28' title="bbox 316 2573 1903 2657">
    <p class='ocr_par' dir='ltr' id='par_1_28' title="bbox 316 2573 1903 2657">
     <span class='ocr_line' id='line_1_29' title="bbox 316 2573 1903 2657; baseline 0.009 -29"><span class='ocrx_word' id='word_1_203' title='bbox 316 2573 438 2629; x_wconf 79' lang='grc' dir='ltr'>τινα</span> <span class='ocrx_word' id='word_1_204' title='bbox 463 2577 528 2647; x_wconf 82' lang='grc' dir='ltr'>δὴ</span> <span class='ocrx_word' id='word_1_205' title='bbox 565 2578 770 2649; x_wconf 87' lang='grc' dir='ltr'>τρόπον</span> <span class='ocrx_word' id='word_1_206' title='bbox 792 2580 976 2644; x_wconf 86' lang='grc' dir='ltr'>αὐτοῖς</span> <span class='ocrx_word' id='word_1_207' title='bbox 1004 2579 1072 2633; x_wconf 75' lang='grc' dir='ltr'>τὰ</span> <span class='ocrx_word' id='word_1_208' title='bbox 1104 2583 1284 2636; x_wconf 83' lang='grc' dir='ltr'>τοιάδε</span> <span class='ocrx_word' id='word_1_209' title='bbox 1326 2584 1661 2657; x_wconf 86' lang='grc' dir='ltr'>συμϐέϐηκε.</span> <span class='ocrx_word' id='word_1_210' title='bbox 1688 2588 1798 2642; x_wconf 72' lang='grc' dir='ltr'>Καὶ</span> <span class='ocrx_word' id='word_1_211' title='bbox 1823 2589 1903 2644; x_wconf 79' lang='grc' dir='ltr'>ὅτι</span> 
     </span>
    </p>
   </div>
   <div class='ocr_carea' id='block_1_29' title="bbox 316 2669 1907 2748">
    <p class='ocr_par' dir='ltr' id='par_1_29' title="bbox 316 2669 1907 2748">
     <span class='ocr_line' id='line_1_30' title="bbox 316 2669 1907 2748; baseline 0.01 -27"><span class='ocrx_word' id='word_1_212' title='bbox 316 2669 734 2741; x_wconf 84' lang='grc' dir='ltr'>προσκέκρουκε</span> <span class='ocrx_word' id='word_1_213' title='bbox 782 2673 863 2743; x_wconf 83' lang='grc' dir='ltr'><strong>τῷ</strong></span> <span class='ocrx_word' id='word_1_214' title='bbox 910 2673 1197 2738; x_wconf 80' lang='grc' dir='ltr'>διασώζειν</span> <span class='ocrx_word' id='word_1_215' title='bbox 1258 2677 1534 2748; x_wconf 78' lang='grc' dir='ltr'>ἰσχύοντι,</span> <span class='ocrx_word' id='word_1_216' title='bbox 1570 2679 1762 2746; x_wconf 85' lang='grc' dir='ltr'>δεινοῖς</span> <span class='ocrx_word' id='word_1_217' title='bbox 1812 2684 1907 2737; x_wconf 79' lang='grc' dir='ltr'><strong>καὶ</strong></span> 
     </span>
    </p>
   </div>
   <div class='ocr_carea' id='block_1_30' title="bbox 314 2761 1150 2834">
    <p class='ocr_par' dir='ltr' id='par_1_30' title="bbox 314 2761 1150 2834">
     <span class='ocr_line' id='line_1_31' title="bbox 314 2761 1150 2834; baseline 0.008 -19"><span class='ocrx_word' id='word_1_218' title='bbox 314 2761 600 2834; x_wconf 85' lang='grc' dir='ltr'>ἀδοκήτοις</span> <span class='ocrx_word' id='word_1_219' title='bbox 623 2765 912 2819; x_wconf 87' lang='grc' dir='ltr'>ἐνώλισθον</span> <span class='ocrx_word' id='word_1_220' title='bbox 939 2771 1150 2829; x_wconf 79' lang='grc' dir='ltr'>κακοῖς.</span> 
     </span>
    </p>
   </div>
   <div class='ocr_carea' id='block_1_31' title="bbox 385 2855 1908 2934">
    <p class='ocr_par' dir='ltr' id='par_1_31' title="bbox 385 2855 1908 2934">
     <span class='ocr_line' id='line_1_32' title="bbox 385 2855 1908 2934; baseline 0.009 -26"><span class='ocrx_word' id='word_1_221' title='bbox 385 2855 495 2909; x_wconf 76' lang='grc' dir='ltr'><strong>Καὶ</strong></span> <span class='ocrx_word' id='word_1_222' title='bbox 539 2857 1047 2925; x_wconf 74' lang='grc' dir='ltr'>ταπεινωθήσεται</span> <span class='ocrx_word' id='word_1_223' title='bbox 1089 2860 1128 2927; x_wconf 74' lang='grc' dir='ltr'>ἡ</span> <span class='ocrx_word' id='word_1_224' title='bbox 1164 2861 1332 2930; x_wconf 79' lang='grc' dir='ltr'>ὕϐρις</span> <span class='ocrx_word' id='word_1_225' title='bbox 1368 2863 1475 2917; x_wconf 85' lang='grc' dir='ltr'>τοῦ</span> <span class='ocrx_word' id='word_1_226' title='bbox 1525 2864 1762 2934; x_wconf 71' lang='grc' dir='ltr'>Ἰσραὴλ</span> <span class='ocrx_word' id='word_1_227' title='bbox 1819 2869 1908 2934; x_wconf 84' lang='grc' dir='ltr'><strong>εὶς</strong></span> 
     </span>
    </p>
   </div>
   <div class='ocr_carea' id='block_1_32' title="bbox 313 2945 1904 3024">
    <p class='ocr_par' dir='ltr' id='par_1_32' title="bbox 313 2945 1904 3024">
     <span class='ocr_line' id='line_1_33' title="bbox 313 2945 1904 3024; baseline 0.008 -27"><span class='ocrx_word' id='word_1_228' title='bbox 313 2945 646 3014; x_wconf 69' lang='grc' dir='ltr'>πρόσωπον</span> <span class='ocrx_word' id='word_1_229' title='bbox 671 2947 884 3014; x_wconf 86' lang='grc' dir='ltr'>αὑτοῦ,</span> <span class='ocrx_word' id='word_1_230' title='bbox 921 2947 1023 3002; x_wconf 80' lang='grc' dir='ltr'>καὶ</span> <span class='ocrx_word' id='word_1_231' title='bbox 1053 2951 1167 3004; x_wconf 87' lang='grc' dir='ltr'>οὐκ</span> <span class='ocrx_word' id='word_1_232' title='bbox 1195 2950 1582 3023; x_wconf 78' lang='grc' dir='ltr'>ἐπέστρεψαν</span> <span class='ocrx_word' id='word_1_233' title='bbox 1603 2956 1752 3024; x_wconf 79' lang='grc' dir='ltr'>πρὸς</span> <span class='ocrx_word' id='word_1_234' title='bbox 1790 2959 1904 3012; x_wconf 84' lang='grc' dir='ltr'><strong>Κύ-</strong></span> 
     </span>
    </p>
   </div>
   <div class='ocr_carea' id='block_1_33' title="bbox 310 3037 1906 3116">
    <p class='ocr_par' dir='ltr' id='par_1_33' title="bbox 310 3037 1906 3116">
     <span class='ocr_line' id='line_1_34' title="bbox 310 3037 1906 3116; baseline 0.009 -25"><span class='ocrx_word' id='word_1_235' title='bbox 310 3055 448 3108; x_wconf 79' lang='grc' dir='ltr'>ριον</span> <span class='ocrx_word' id='word_1_236' title='bbox 472 3037 582 3091; x_wconf 80' lang='grc' dir='ltr'><strong>τὸν</strong></span> <span class='ocrx_word' id='word_1_237' title='bbox 609 3040 759 3093; x_wconf 76' lang='grc' dir='ltr'><strong>Θεὸν</strong></span> <span class='ocrx_word' id='word_1_238' title='bbox 789 3040 1010 3109; x_wconf 76' lang='grc' dir='ltr'>αὐτῶν,</span> <span class='ocrx_word' id='word_1_239' title='bbox 1047 3042 1144 3097; x_wconf 81' lang='grc' dir='ltr'>καὶ</span> <span class='ocrx_word' id='word_1_240' title='bbox 1174 3045 1286 3100; x_wconf 79' lang='grc' dir='ltr'>οὐκ</span> <span class='ocrx_word' id='word_1_241' title='bbox 1315 3045 1684 3116; x_wconf 67' lang='grc' dir='ltr'>ἐξεζῆτησαν</span> <span class='ocrx_word' id='word_1_242' title='bbox 1719 3051 1906 3106; x_wconf 79' lang='grc' dir='ltr'>αὑτὸν</span> 
     </span>
    </p>
   </div>
   <div class='ocr_carea' id='block_1_34' title="bbox 312 3126 845 3195">
    <p class='ocr_par' dir='ltr' id='par_1_34' title="bbox 312 3126 845 3195">
     <span class='ocr_line' id='line_1_35' title="bbox 312 3126 845 3195; baseline 0 -13"><span class='ocrx_word' id='word_1_243' title='bbox 312 3128 386 3182; x_wconf 82' lang='grc' dir='ltr'>ἐν</span> <span class='ocrx_word' id='word_1_244' title='bbox 403 3126 557 3182; x_wconf 79' lang='grc' dir='ltr'>πᾶσι</span> <span class='ocrx_word' id='word_1_245' title='bbox 590 3128 845 3195; x_wconf 83' lang='grc' dir='ltr'>τούτοις.</span> 
     </span>
    </p>
   </div>
   <div class='ocr_carea' id='block_1_35' title="bbox 386 3215 1905 3301">
    <p class='ocr_par' dir='ltr' id='par_1_35' title="bbox 386 3215 1905 3301">
     <span class='ocr_line' id='line_1_36' title="bbox 386 3215 1905 3301; baseline 0.008 -29"><span class='ocrx_word' id='word_1_246' title='bbox 386 3215 510 3272; x_wconf 89' lang='grc' dir='ltr'><strong>ΟΘ’.</strong></span> <span class='ocrx_word' id='word_1_247' title='bbox 556 3216 880 3290; x_wconf 83' lang='grc' dir='ltr'>Ἐρμηνεύει</span> <span class='ocrx_word' id='word_1_248' title='bbox 932 3221 1118 3290; x_wconf 83' lang='grc' dir='ltr'>σαφῶς</span> <span class='ocrx_word' id='word_1_249' title='bbox 1138 3223 1274 3296; x_wconf 85' lang='grc' dir='ltr'>ὅπερ</span> <span class='ocrx_word' id='word_1_250' title='bbox 1317 3223 1442 3296; x_wconf 75' lang='grc' dir='ltr'>ἔφη.</span> <span class='ocrx_word' id='word_1_251' title='bbox 1486 3227 1562 3280; x_wconf 88' lang='grc' dir='ltr'>Τὸ</span> <span class='ocrx_word' id='word_1_252' title='bbox 1605 3228 1736 3301; x_wconf 87' lang='grc' dir='ltr'>γὰρ,</span> <span class='ocrx_word' id='word_1_253' title='bbox 1789 3232 1905 3284; x_wconf 81' lang='grc' dir='ltr'>Οὐκ</span> 
     </span>
    </p>
   </div>
   <div class='ocr_carea' id='block_1_36' title="bbox 315 3306 1912 3392">
    <p class='ocr_par' dir='ltr' id='par_1_36' title="bbox 315 3306 1912 3392">
     <span class='ocr_line' id='line_1_37' title="bbox 315 3306 1912 3392; baseline 0.009 -32"><span class='ocrx_word' id='word_1_254' title='bbox 315 3306 493 3377; x_wconf 74' lang='grc' dir='ltr'>ἔγνω,</span> <span class='ocrx_word' id='word_1_255' title='bbox 541 3309 722 3362; x_wconf 81' lang='grc' dir='ltr'>καίτοι</span> <span class='ocrx_word' id='word_1_256' title='bbox 774 3310 1185 3384; x_wconf 86' lang='grc' dir='ltr'>πεπολιωμένος</span> <span class='ocrx_word' id='word_1_257' title='bbox 1233 3317 1261 3368; x_wconf 88' lang='grc' dir='ltr'>ὁ</span> <span class='ocrx_word' id='word_1_258' title='bbox 1307 3315 1582 3388; x_wconf 85' lang='grc' dir='ltr'>Ἐφραῒμ,</span> <span class='ocrx_word' id='word_1_259' title='bbox 1628 3319 1912 3392; x_wconf 88' lang='grc' dir='ltr'>διατρανοῖ</span> 
     </span>
    </p>
   </div>
   <div class='ocr_carea' id='block_1_37' title="bbox 316 3399 1904 3481">
    <p class='ocr_par' dir='ltr' id='par_1_37' title="bbox 316 3399 1904 3481">
     <span class='ocr_line' id='line_1_38' title="bbox 316 3399 1904 3481; baseline 0.009 -29"><span class='ocrx_word' id='word_1_260' title='bbox 316 3399 502 3454; x_wconf 82' lang='grc' dir='ltr'>πάλιν.</span> <span class='ocrx_word' id='word_1_261' title='bbox 542 3401 608 3454; x_wconf 85' lang='grc' dir='ltr'><strong>Ἦ</strong></span> <span class='ocrx_word' id='word_1_262' title='bbox 648 3401 759 3472; x_wconf 81' lang='grc' dir='ltr'><strong>γὰρ</strong></span> <span class='ocrx_word' id='word_1_263' title='bbox 791 3402 970 3474; x_wconf 82' lang='grc' dir='ltr'>ὕϐρις,</span> <span class='ocrx_word' id='word_1_264' title='bbox 998 3406 1154 3476; x_wconf 78' lang='grc' dir='ltr'>φησὶ,</span> <span class='ocrx_word' id='word_1_265' title='bbox 1189 3407 1286 3460; x_wconf 78' lang='grc' dir='ltr'><strong>τοῦ</strong></span> <span class='ocrx_word' id='word_1_266' title='bbox 1329 3409 1567 3481; x_wconf 84' lang='grc' dir='ltr'>Ἰσραὴλ,</span> <span class='ocrx_word' id='word_1_267' title='bbox 1597 3413 1904 3475; x_wconf 82' lang='grc' dir='ltr'>τουτέστιν,</span> 
     </span>
    </p>
   </div>
   <div class='ocr_carea' id='block_1_38' title="bbox 314 3492 1910 3575">
    <p class='ocr_par' dir='ltr' id='par_1_38' title="bbox 314 3492 1910 3575">
     <span class='ocr_line' id='line_1_39' title="bbox 314 3492 1910 3575; baseline 0.009 -30"><span class='ocrx_word' id='word_1_268' title='bbox 314 3492 350 3562; x_wconf 85' lang='grc' dir='ltr'>ἡ</span> <span class='ocrx_word' id='word_1_269' title='bbox 373 3492 696 3560; x_wconf 74' lang='grc' dir='ltr'>ἀπόστασις,</span> <span class='ocrx_word' id='word_1_270' title='bbox 733 3496 800 3565; x_wconf 83' lang='grc' dir='ltr'>ἣν</span> <span class='ocrx_word' id='word_1_271' title='bbox 840 3496 1096 3567; x_wconf 87' lang='grc' dir='ltr'>νενόηκεν</span> <span class='ocrx_word' id='word_1_272' title='bbox 1143 3498 1203 3562; x_wconf 80' lang='grc' dir='ltr'>ἐξ</span> <span class='ocrx_word' id='word_1_273' title='bbox 1245 3500 1568 3572; x_wconf 77' lang='grc' dir='ltr'>ὑπεροψίας,</span> <span class='ocrx_word' id='word_1_274' title='bbox 1617 3503 1682 3556; x_wconf 88' lang='grc' dir='ltr'>δι’</span> <span class='ocrx_word' id='word_1_275' title='bbox 1712 3505 1778 3575; x_wconf 84' lang='grc' dir='ltr'>ἣν</span> <span class='ocrx_word' id='word_1_276' title='bbox 1814 3506 1910 3560; x_wconf 76' lang='grc' dir='ltr'><strong>καὶ</strong></span> 
     </span>
    </p>
   </div>
   <div class='ocr_carea' id='block_1_39' title="bbox 313 3584 1910 3664">
    <p class='ocr_par' dir='ltr' id='par_1_39' title="bbox 313 3584 1910 3664">
     <span class='ocr_line' id='line_1_40' title="bbox 313 3584 1910 3664; baseline 0.008 -25"><span class='ocrx_word' id='word_1_277' title='bbox 313 3584 678 3639; x_wconf 86' lang='grc' dir='ltr'>ἀπονὲνευκεν</span> <span class='ocrx_word' id='word_1_278' title='bbox 701 3587 794 3639; x_wconf 78' lang='grc' dir='ltr'><strong>ἐπὶ</strong></span> <span class='ocrx_word' id='word_1_279' title='bbox 821 3587 978 3652; x_wconf 76' lang='grc' dir='ltr'>θεοὺς</span> <span class='ocrx_word' id='word_1_280' title='bbox 1017 3589 1354 3663; x_wconf 82' lang='grc' dir='ltr'>ἀλλοτρίους,</span> <span class='ocrx_word' id='word_1_281' title='bbox 1385 3593 1476 3646; x_wconf 85' lang='grc' dir='ltr'><strong>τὸν</strong></span> <span class='ocrx_word' id='word_1_282' title='bbox 1522 3593 1680 3664; x_wconf 77' lang='grc' dir='ltr'>φύσει</span> <span class='ocrx_word' id='word_1_283' title='bbox 1724 3614 1781 3650; x_wconf 88' lang='grc' dir='ltr'><strong>τε</strong></span> <span class='ocrx_word' id='word_1_284' title='bbox 1816 3599 1910 3651; x_wconf 79' lang='grc' dir='ltr'>καὶ</span> 
     </span>
    </p>
   </div>
   <div class='ocr_carea' id='block_1_40' title="bbox 311 3675 1909 3762">
    <p class='ocr_par' dir='ltr' id='par_1_40' title="bbox 311 3675 1909 3762">
     <span class='ocr_line' id='line_1_41' title="bbox 311 3675 1909 3762; baseline 0.009 -33"><span class='ocrx_word' id='word_1_285' title='bbox 311 3675 532 3748; x_wconf 78' lang='grc' dir='ltr'>ἀληθῶς</span> <span class='ocrx_word' id='word_1_286' title='bbox 575 3677 857 3749; x_wconf 79' lang='grc' dir='ltr'>ἀτιμάζων</span> <span class='ocrx_word' id='word_1_287' title='bbox 900 3682 1066 3748; x_wconf 86' lang='grc' dir='ltr'>Θεὸν,</span> <span class='ocrx_word' id='word_1_288' title='bbox 1101 3685 1589 3757; x_wconf 73' lang='grc' dir='ltr'>ἀποστραφήσεται</span> <span class='ocrx_word' id='word_1_289' title='bbox 1629 3690 1708 3753; x_wconf 78' lang='grc' dir='ltr'>εἰς</span> <span class='ocrx_word' id='word_1_290' title='bbox 1739 3691 1909 3762; x_wconf 89' lang='grc' dir='ltr'>πρόσ-</span> 
     </span>
    </p>
   </div>
   <div class='ocr_carea' id='block_1_41' title="bbox 312 3773 1908 3853">
    <p class='ocr_par' dir='ltr' id='par_1_41' title="bbox 312 3773 1908 3853">
     <span class='ocr_line' id='line_1_42' title="bbox 312 3773 1908 3853; baseline 0.009 -30"><span class='ocrx_word' id='word_1_291' title='bbox 312 3787 463 3823; x_wconf 87' lang='grc' dir='ltr'>ωπον</span> <span class='ocrx_word' id='word_1_292' title='bbox 490 3773 678 3826; x_wconf 77' lang='grc' dir='ltr'>αὐτοῦ.</span> <span class='ocrx_word' id='word_1_293' title='bbox 709 3773 933 3843; x_wconf 85' lang='grc' dir='ltr'>Ὅμοιον</span> <span class='ocrx_word' id='word_1_294' title='bbox 966 3773 1041 3839; x_wconf 83' lang='grc' dir='ltr'>ὡς</span> <span class='ocrx_word' id='word_1_295' title='bbox 1069 3777 1118 3828; x_wconf 86' lang='grc' dir='ltr'>εἰ</span> <span class='ocrx_word' id='word_1_296' title='bbox 1151 3775 1320 3844; x_wconf 80' lang='grc' dir='ltr'>λέγοι·</span> <span class='ocrx_word' id='word_1_297' title='bbox 1356 3779 1606 3850; x_wconf 85' lang='grc' dir='ltr'>’Ύϐρεως</span> <span class='ocrx_word' id='word_1_298' title='bbox 1634 3781 1784 3853; x_wconf 81' lang='grc' dir='ltr'>αὑτῷ</span> <span class='ocrx_word' id='word_1_299' title='bbox 1813 3785 1908 3837; x_wconf 64' lang='grc' dir='ltr'><strong>καὶ¹</strong></span> 
     </span>
    </p>
   </div>
   <div class='ocr_carea' id='block_1_42' title="bbox 313 3863 1906 3942">
    <p class='ocr_par' dir='ltr' id='par_1_42' title="bbox 313 3863 1906 3942">
     <span class='ocr_line' id='line_1_43' title="bbox 313 3863 1906 3942; baseline 0.009 -28"><span class='ocrx_word' id='word_1_300' title='bbox 313 3863 540 3934; x_wconf 85' lang='grc' dir='ltr'>ἀτιμίας</span> <span class='ocrx_word' id='word_1_301' title='bbox 584 3865 941 3936; x_wconf 82' lang='grc' dir='ltr'>ἀναφανεῖται</span> <span class='ocrx_word' id='word_1_302' title='bbox 992 3866 1272 3938; x_wconf 73' lang='grc' dir='ltr'>πρόξενος.</span> <span class='ocrx_word' id='word_1_303' title='bbox 1323 3871 1494 3924; x_wconf 75' lang='grc' dir='ltr'>Τοῦτο</span> <span class='ocrx_word' id='word_1_304' title='bbox 1553 3871 1660 3942; x_wconf 81' lang='grc' dir='ltr'><strong>γὰρ</strong></span> <span class='ocrx_word' id='word_1_305' title='bbox 1713 3874 1774 3926; x_wconf 88' lang='grc' dir='ltr'>τὸ</span> <span class='ocrx_word' id='word_1_306' title='bbox 1825 3876 1906 3940; x_wconf 78' lang='grc' dir='ltr'><strong>εἰς</strong></span> 
     </span>
    </p>
   </div>
   <div class='ocr_carea' id='block_1_43' title="bbox 312 3958 1907 4032">
    <p class='ocr_par' dir='ltr' id='par_1_43' title="bbox 312 3958 1907 4032">
     <span class='ocr_line' id='line_1_44' title="bbox 312 3958 1907 4032; baseline 0.009 -25"><span class='ocrx_word' id='word_1_307' title='bbox 312 3958 607 4027; x_wconf 80' lang='grc' dir='ltr'>πρόσωπόν</span> <span class='ocrx_word' id='word_1_308' title='bbox 635 3976 779 4023; x_wconf 80' lang='grc' dir='ltr'>τινος</span> <span class='ocrx_word' id='word_1_309' title='bbox 817 3961 1260 4032; x_wconf 81' lang='grc' dir='ltr'>ἀποστρέφεσθαί</span> <span class='ocrx_word' id='word_1_310' title='bbox 1292 3980 1366 4016; x_wconf 85' lang='grc' dir='ltr'><strong>τι.</strong></span> <span class='ocrx_word' id='word_1_311' title='bbox 1411 3963 1572 4018; x_wconf 82' lang='grc' dir='ltr'>Ἀλλά</span> <span class='ocrx_word' id='word_1_312' title='bbox 1618 3965 1794 4020; x_wconf 86' lang='grc' dir='ltr'>καίτοι</span> <span class='ocrx_word' id='word_1_313' title='bbox 1837 3968 1907 4022; x_wconf 80' lang='grc' dir='ltr'>τὰ</span> 
     </span>
    </p>
   </div>
   <div class='ocr_carea' id='block_1_44' title="bbox 311 4051 1903 4138">
    <p class='ocr_par' dir='ltr' id='par_1_44' title="bbox 311 4051 1903 4138">
     <span class='ocr_line' id='line_1_45' title="bbox 311 4051 1903 4138; baseline 0.006 -36"><span class='ocrx_word' id='word_1_314' title='bbox 311 4051 495 4104; x_wconf 82' lang='grc' dir='ltr'>τοιάδε</span> <span class='ocrx_word' id='word_1_315' title='bbox 519 4051 826 4120; x_wconf 86' lang='grc' dir='ltr'>πεπονθὼς,</span> <span class='ocrx_word' id='word_1_316' title='bbox 855 4054 1019 4108; x_wconf 85' lang='grc' dir='ltr'>πάλιν</span> <span class='ocrx_word' id='word_1_317' title='bbox 1043 4055 1145 4108; x_wconf 70' lang='grc' dir='ltr'>οὐκ</span> <span class='ocrx_word' id='word_1_318' title='bbox 1169 4055 1310 4125; x_wconf 72' lang='grc' dir='ltr'>ἔγνω</span> <span class='ocrx_word' id='word_1_319' title='bbox 1333 4057 1485 4120; x_wconf 71' lang='grc' dir='ltr'>Θεὸν,</span> <span class='ocrx_word' id='word_1_320' title='bbox 1513 4058 1636 4112; x_wconf 76' lang='grc' dir='ltr'>οὔτε</span> <span class='ocrx_word' id='word_1_321' title='bbox 1670 4059 1775 4131; x_wconf 84' lang='grc' dir='ltr'><strong>μὴν</strong></span> <span class='ocrx_word' id='word_1_322' title='bbox 1788 4061 1903 4138; x_wconf 47' lang='grc' dir='ltr'>,τῆς</span> 
     </span>
    </p>
   </div>
   <div class='ocr_carea' id='block_1_45' title="bbox 313 4143 1902 4223">
    <p class='ocr_par' dir='ltr' id='par_1_45' title="bbox 313 4143 1902 4223">
     <span class='ocr_line' id='line_1_46' title="bbox 313 4143 1902 4223; baseline 0.007 -28"><span class='ocrx_word' id='word_1_323' title='bbox 313 4143 453 4214; x_wconf 84' lang='grc' dir='ltr'>πρὸς</span> <span class='ocrx_word' id='word_1_324' title='bbox 487 4145 653 4198; x_wconf 71' lang='grc' dir='ltr'>αὑτὸν</span> <span class='ocrx_word' id='word_1_325' title='bbox 685 4148 1020 4218; x_wconf 81' lang='grc' dir='ltr'>ἐπιστροφῆς</span> <span class='ocrx_word' id='word_1_326' title='bbox 1042 4148 1327 4202; x_wconf 81' lang='grc' dir='ltr'>ἐποιοῦντο</span> <span class='ocrx_word' id='word_1_327' title='bbox 1359 4149 1538 4219; x_wconf 81' lang='grc' dir='ltr'>λόγον.</span> <span class='ocrx_word' id='word_1_328' title='bbox 1563 4151 1798 4223; x_wconf 77' lang='grc' dir='ltr'>Σκληροὶ</span> <span class='ocrx_word' id='word_1_329' title='bbox 1823 4152 1902 4218; x_wconf 84' lang='grc' dir='ltr'><strong>δὲ,</strong></span> 
     </span>
    </p>
   </div>
   <div class='ocr_carea' id='block_1_46' title="bbox 310 4236 1904 4313">
    <p class='ocr_par' dir='ltr' id='par_1_46' title="bbox 310 4236 1904 4313">
     <span class='ocr_line' id='line_1_47' title="bbox 310 4236 1904 4313; baseline 0.007 -26"><span class='ocrx_word' id='word_1_330' title='bbox 310 4236 406 4288; x_wconf 76' lang='grc' dir='ltr'>καὶ</span> <span class='ocrx_word' id='word_1_331' title='bbox 426 4237 703 4304; x_wconf 85' lang='grc' dir='ltr'>ἄτεγκτοι,</span> <span class='ocrx_word' id='word_1_332' title='bbox 741 4239 836 4291; x_wconf 81' lang='grc' dir='ltr'><strong>καὶ</strong></span> <span class='ocrx_word' id='word_1_333' title='bbox 865 4239 1003 4293; x_wconf 86' lang='grc' dir='ltr'>πολὺ</span> <span class='ocrx_word' id='word_1_334' title='bbox 1051 4239 1336 4305; x_wconf 84' lang='grc' dir='ltr'>νοσοῦντες</span> <span class='ocrx_word' id='word_1_335' title='bbox 1360 4243 1421 4296; x_wconf 89' lang='grc' dir='ltr'><strong>τὸ</strong></span> <span class='ocrx_word' id='word_1_336' title='bbox 1472 4243 1774 4313; x_wconf 83' lang='grc' dir='ltr'>ἀφιλόθεον,</span> <span class='ocrx_word' id='word_1_337' title='bbox 1811 4246 1904 4300; x_wconf 80' lang='grc' dir='ltr'><strong>καὶ</strong></span> 
     </span>
    </p>
   </div>
   <div class='ocr_carea' id='block_1_47' title="bbox 310 4328 1905 4410">
    <p class='ocr_par' dir='ltr' id='par_1_47' title="bbox 310 4328 1905 4410">
     <span class='ocr_line' id='line_1_48' title="bbox 310 4328 1905 4410; baseline 0.008 -31"><span class='ocrx_word' id='word_1_338' title='bbox 310 4328 370 4380; x_wconf 84' lang='grc' dir='ltr'><strong>ἐν</strong></span> <span class='ocrx_word' id='word_1_339' title='bbox 397 4328 580 4391; x_wconf 82' lang='grc' dir='ltr'>αὐτοῖς</span> <span class='ocrx_word' id='word_1_340' title='bbox 603 4328 870 4400; x_wconf 84' lang='grc' dir='ltr'>ὁρώμενοι</span> <span class='ocrx_word' id='word_1_341' title='bbox 897 4333 1010 4395; x_wconf 88' lang='grc' dir='ltr'>τοῖς</span> <span class='ocrx_word' id='word_1_342' title='bbox 1047 4331 1262 4398; x_wconf 86' lang='grc' dir='ltr'>δεινοῖς,</span> <span class='ocrx_word' id='word_1_343' title='bbox 1301 4334 1685 4406; x_wconf 86' lang='grc' dir='ltr'>Ἀναισθησίας</span> <span class='ocrx_word' id='word_1_344' title='bbox 1717 4338 1774 4390; x_wconf 80' lang='grc' dir='ltr'><strong>δὲ</strong></span> <span class='ocrx_word' id='word_1_345' title='bbox 1805 4339 1905 4410; x_wconf 86' lang='grc' dir='ltr'>τῆς</span> 
     </span>
    </p>
   </div>
   <div class='ocr_carea' id='block_1_48' title="bbox 309 4421 1902 4504">
    <p class='ocr_par' dir='ltr' id='par_1_48' title="bbox 309 4421 1902 4504">
     <span class='ocr_line' id='line_1_49' title="bbox 309 4421 1902 4504; baseline 0.009 -33"><span class='ocrx_word' id='word_1_346' title='bbox 309 4421 548 4492; x_wconf 75' lang='grc' dir='ltr'>ἐσχάτης</span> <span class='ocrx_word' id='word_1_347' title='bbox 595 4421 848 4494; x_wconf 79' lang='grc' dir='ltr'>ἔγκλημα</span> <span class='ocrx_word' id='word_1_348' title='bbox 878 4424 1051 4487; x_wconf 77' lang='grc' dir='ltr'>τουτὶ,</span> <span class='ocrx_word' id='word_1_349' title='bbox 1084 4426 1178 4479; x_wconf 77' lang='grc' dir='ltr'>καὶ</span> <span class='ocrx_word' id='word_1_350' title='bbox 1210 4427 1308 4498; x_wconf 85' lang='grc' dir='ltr'>τῆς</span> <span class='ocrx_word' id='word_1_351' title='bbox 1337 4430 1415 4492; x_wconf 80' lang='grc' dir='ltr'><strong>εἰς</strong></span> <span class='ocrx_word' id='word_1_352' title='bbox 1461 4428 1615 4500; x_wconf 81' lang='grc' dir='ltr'>λῆξιν</span> <span class='ocrx_word' id='word_1_353' title='bbox 1661 4429 1902 4504; x_wconf 81' lang='grc' dir='ltr'>ἡκούσης</span> 
     </span>
    </p>
   </div>
   <div class='ocr_carea' id='block_1_49' title="bbox 310 4512 1682 4591">
    <p class='ocr_par' dir='ltr' id='par_1_49' title="bbox 310 4512 1682 4591">
     <span class='ocr_line' id='line_1_50' title="bbox 310 4512 1682 4591; baseline 0.012 -26"><span class='ocrx_word' id='word_1_354' title='bbox 310 4512 643 4585; x_wconf 81' lang='grc' dir='ltr'>ἀϐελτηρίας</span> <span class='ocrx_word' id='word_1_355' title='bbox 667 4515 942 4582; x_wconf 82' lang='grc' dir='ltr'>ἀπόδειξις</span> <span class='ocrx_word' id='word_1_356' title='bbox 968 4521 1224 4591; x_wconf 79' lang='grc' dir='ltr'>ἐναργής.</span> <span class='ocrx_word' id='word_1_357' title='bbox 1679 4562 1682 4564; x_wconf 87' lang='grc'><strong>-</strong></span> 
     </span>
    </p>
   </div>
   <div class='ocr_carea' id='block_1_50' title="bbox 381 4603 1902 4686">
    <p class='ocr_par' dir='ltr' id='par_1_50' title="bbox 381 4603 1902 4686">
     <span class='ocr_line' id='line_1_51' title="bbox 381 4603 1902 4686; baseline 0.008 -28"><span class='ocrx_word' id='word_1_358' title='bbox 381 4605 494 4660; x_wconf 82' lang='grc' dir='ltr'><strong>Καὶ</strong></span> <span class='ocrx_word' id='word_1_359' title='bbox 523 4603 602 4677; x_wconf 86' lang='grc' dir='ltr'><strong>ἦν</strong></span> <span class='ocrx_word' id='word_1_360' title='bbox 623 4608 874 4680; x_wconf 68' lang='grc' dir='ltr'>Ἐφραίμ</span> <span class='ocrx_word' id='word_1_361' title='bbox 898 4611 980 4678; x_wconf 84' lang='grc' dir='ltr'><strong>ὠς</strong></span> <span class='ocrx_word' id='word_1_362' title='bbox 1010 4613 1335 4681; x_wconf 81' lang='grc' dir='ltr'>περιστερὰ</span> <span class='ocrx_word' id='word_1_363' title='bbox 1359 4613 1568 4681; x_wconf 76' lang='grc' dir='ltr'>ἄνους,</span> <span class='ocrx_word' id='word_1_364' title='bbox 1585 4617 1697 4669; x_wconf 76' lang='grc' dir='ltr'>οὐκ</span> <span class='ocrx_word' id='word_1_365' title='bbox 1725 4616 1902 4686; x_wconf 80' lang='grc' dir='ltr'>ἐχου-</span> 
     </span>
    </p>
   </div>
   <div class='ocr_carea' id='block_1_51' title="bbox 307 4699 1905 4774">
    <p class='ocr_par' dir='ltr' id='par_1_51' title="bbox 307 4699 1905 4774">
     <span class='ocr_line' id='line_1_52' title="bbox 307 4699 1905 4774; baseline 0.008 -23"><span class='ocrx_word' id='word_1_366' title='bbox 307 4715 394 4752; x_wconf 83' lang='grc' dir='ltr'><strong>σα</strong></span> <span class='ocrx_word' id='word_1_367' title='bbox 425 4699 699 4768; x_wconf 83' lang='grc' dir='ltr'>καρδίαν.</span> <span class='ocrx_word' id='word_1_368' title='bbox 730 4703 1419 4773; x_wconf 77' lang='grc' dir='ltr'>Αἴγυπτονέπεκαλεῐτο,</span> <span class='ocrx_word' id='word_1_369' title='bbox 1439 4709 1536 4762; x_wconf 74' lang='grc' dir='ltr'><strong>καί</strong></span> <span class='ocrx_word' id='word_1_370' title='bbox 1567 4711 1655 4774; x_wconf 85' lang='grc' dir='ltr'>εὶς</span> <span class='ocrx_word' id='word_1_371' title='bbox 1687 4710 1905 4764; x_wconf 85' lang='grc' dir='ltr'>Ἀσσυ-</span> 
     </span>
    </p>
   </div>
   <div class='ocr_carea' id='block_1_52' title="bbox 301 4792 1905 4870">
    <p class='ocr_par' dir='ltr' id='par_1_52' title="bbox 301 4792 1905 4870">
     <span class='ocr_line' id='line_1_53' title="bbox 301 4792 1905 4870; baseline 0.008 -27"><span class='ocrx_word' id='word_1_372' title='bbox 301 4792 480 4858; x_wconf 82' lang='grc' dir='ltr'>ρίους</span> <span class='ocrx_word' id='word_1_373' title='bbox 523 4792 965 4862; x_wconf 75' lang='grc' dir='ltr'>ἐπορεύθησαν.</span> <span class='ocrx_word' id='word_1_374' title='bbox 999 4800 1209 4866; x_wconf 83' lang='grc' dir='ltr'>Καθὼς</span> <span class='ocrx_word' id='word_1_375' title='bbox 1252 4801 1330 4855; x_wconf 82' lang='grc' dir='ltr'><strong>ἂν</strong></span> <span class='ocrx_word' id='word_1_376' title='bbox 1370 4802 1737 4870; x_wconf 79' lang='grc' dir='ltr'>πορεύωνται</span> <span class='ocrx_word' id='word_1_377' title='bbox 1779 4804 1905 4856; x_wconf 80' lang='grc' dir='ltr'>ἐπι-</span> 
     </span>
    </p>
   </div>
   <div class='ocr_carea' id='block_1_53' title="bbox 308 4883 1907 4964">
    <p class='ocr_par' dir='ltr' id='par_1_53' title="bbox 308 4883 1907 4964">
     <span class='ocr_line' id='line_1_54' title="bbox 308 4883 1907 4964; baseline 0.009 -28"><span class='ocrx_word' id='word_1_378' title='bbox 308 4883 474 4938; x_wconf 76' lang='grc' dir='ltr'>ϐαλῶ</span> <span class='ocrx_word' id='word_1_379' title='bbox 514 4885 608 4938; x_wconf 76' lang='grc' dir='ltr'>ἐπ’</span> <span class='ocrx_word' id='word_1_380' title='bbox 634 4888 860 4956; x_wconf 85' lang='grc' dir='ltr'>αὐτοὺς</span> <span class='ocrx_word' id='word_1_381' title='bbox 899 4891 966 4945; x_wconf 83' lang='grc' dir='ltr'>τὸ</span> <span class='ocrx_word' id='word_1_382' title='bbox 1015 4891 1263 4948; x_wconf 81' lang='grc' dir='ltr'>δίκτυόν</span> <span class='ocrx_word' id='word_1_383' title='bbox 1284 4912 1426 4964; x_wconf 84' lang='grc' dir='ltr'>μου.</span> <span class='ocrx_word' id='word_1_384' title='bbox 1463 4897 1674 4963; x_wconf 86' lang='grc' dir='ltr'>Καθὼς</span> <span class='ocrx_word' id='word_1_385' title='bbox 1703 4897 1772 4950; x_wconf 81' lang='grc' dir='ltr'>τὰ</span> <span class='ocrx_word' id='word_1_386' title='bbox 1805 4913 1907 4950; x_wconf 81' lang='grc' dir='ltr'><strong>πε-</strong></span> 
     </span>
    </p>
   </div>
   <div class='ocr_carea' id='block_1_54' title="bbox 306 4975 1900 5054">
    <p class='ocr_par' dir='ltr' id='par_1_54' title="bbox 306 4975 1900 5054">
     <span class='ocr_line' id='line_1_55' title="bbox 306 4975 1900 5054; baseline 0.011 -27"><span class='ocrx_word' id='word_1_387' title='bbox 306 4975 474 5030; x_wconf 85' lang='grc' dir='ltr'>τεινὰ</span> <span class='ocrx_word' id='word_1_388' title='bbox 525 4978 632 5032; x_wconf 87' lang='grc' dir='ltr'>τοῦ</span> <span class='ocrx_word' id='word_1_389' title='bbox 683 4982 946 5049; x_wconf 80' lang='grc' dir='ltr'>οὐρανοῦ</span> <span class='ocrx_word' id='word_1_390' title='bbox 1001 4985 1237 5050; x_wconf 79' lang='grc' dir='ltr'>κατάξω</span> <span class='ocrx_word' id='word_1_391' title='bbox 1288 4989 1533 5054; x_wconf 74' lang='grc' dir='ltr'>αὐτούς.</span> <span class='ocrx_word' id='word_1_392' title='bbox 1588 4992 1900 5047; x_wconf 82' lang='grc' dir='ltr'>Παιδεύσω</span> 
     </span>
    </p>
   </div>
   <div class='ocr_carea' id='block_1_55' title="bbox 304 5067 1522 5144">
    <p class='ocr_par' dir='ltr' id='par_1_55' title="bbox 304 5067 1522 5144">
     <span class='ocr_line' id='line_1_56' title="bbox 304 5067 1522 5144; baseline 0.011 -24"><span class='ocrx_word' id='word_1_393' title='bbox 304 5067 534 5133; x_wconf 85' lang='grc' dir='ltr'>αὐτοὺς</span> <span class='ocrx_word' id='word_1_394' title='bbox 571 5069 642 5122; x_wconf 82' lang='grc' dir='ltr'>ἐν</span> <span class='ocrx_word' id='word_1_395' title='bbox 671 5071 828 5140; x_wconf 76' lang='grc' dir='ltr'>ἀκοῇ</span> <span class='ocrx_word' id='word_1_396' title='bbox 864 5072 976 5141; x_wconf 85' lang='grc' dir='ltr'>τῆς</span> <span class='ocrx_word' id='word_1_397' title='bbox 1005 5077 1271 5144; x_wconf 71' lang='grc' dir='ltr'>θλίψεως</span> <span class='ocrx_word' id='word_1_398' title='bbox 1303 5077 1522 5133; x_wconf 84' lang='grc' dir='ltr'>αὐτῶν.</span> 
     </span>
    </p>
   </div>
   <div class='ocr_carea' id='block_1_56' title="bbox 377 5160 1894 5246">
    <p class='ocr_par' dir='ltr' id='par_1_56' title="bbox 377 5160 1894 5246">
     <span class='ocr_line' id='line_1_57' title="bbox 377 5160 1894 5246; baseline 0.013 -35"><span class='ocrx_word' id='word_1_399' title='bbox 377 5160 463 5213; x_wconf 84' lang='grc' dir='ltr'><strong>Π’.</strong></span> <span class='ocrx_word' id='word_1_400' title='bbox 512 5161 849 5234; x_wconf 82' lang='grc' dir='ltr'>’Δναμνῆσαι</span> <span class='ocrx_word' id='word_1_401' title='bbox 874 5165 958 5219; x_wconf 85' lang='grc' dir='ltr'><strong>δεῖ</strong></span> <span class='ocrx_word' id='word_1_402' title='bbox 988 5167 1151 5222; x_wconf 85' lang='grc' dir='ltr'>πάλιν</span> <span class='ocrx_word' id='word_1_403' title='bbox 1177 5169 1288 5223; x_wconf 82' lang='grc' dir='ltr'><strong>τῶν</strong></span> <span class='ocrx_word' id='word_1_404' title='bbox 1310 5173 1712 5244; x_wconf 81' lang='grc' dir='ltr'>γεγραμμένων</span> <span class='ocrx_word' id='word_1_405' title='bbox 1738 5176 1796 5229; x_wconf 80' lang='grc' dir='ltr'><strong>ἐν</strong></span> <span class='ocrx_word' id='word_1_406' title='bbox 1827 5179 1894 5246; x_wconf 84' lang='grc' dir='ltr'>τῇ</span> 
     </span>
    </p>
   </div>
   <div class='ocr_carea' id='block_1_57' title="bbox 302 5250 1897 5336">
    <p class='ocr_par' dir='ltr' id='par_1_57' title="bbox 302 5250 1897 5336">
     <span class='ocr_line' id='line_1_58' title="bbox 302 5250 1897 5336; baseline 0.013 -34"><span class='ocrx_word' id='word_1_407' title='bbox 302 5250 545 5322; x_wconf 79' lang='grc' dir='ltr'>τετάρτῃ</span> <span class='ocrx_word' id='word_1_408' title='bbox 574 5253 684 5306; x_wconf 86' lang='grc' dir='ltr'><strong>τῶν</strong></span> <span class='ocrx_word' id='word_1_409' title='bbox 713 5255 1036 5311; x_wconf 86' lang='grc' dir='ltr'>Βασιλειῶν·</span> <span class='ocrx_word' id='word_1_410' title='bbox 1075 5261 1378 5333; x_wconf 83' lang='grc' dir='ltr'>συνήσομεν</span> <span class='ocrx_word' id='word_1_411' title='bbox 1398 5265 1508 5336; x_wconf 87' lang='grc' dir='ltr'>γὰρ</span> <span class='ocrx_word' id='word_1_412' title='bbox 1538 5266 1774 5332; x_wconf 84' lang='grc' dir='ltr'>εὐκόλως</span> <span class='ocrx_word' id='word_1_413' title='bbox 1800 5267 1897 5320; x_wconf 62' lang='lat' dir='ltr'><strong>eat</strong></span> 
     </span>
    </p>
   </div>
   <div class='ocr_carea' id='block_1_58' title="bbox 303 5343 1895 5426">
    <p class='ocr_par' dir='ltr' id='par_1_58' title="bbox 303 5343 1895 5426">
     <span class='ocr_line' id='line_1_59' title="bbox 303 5343 1895 5426; baseline 0.012 -33"><span class='ocrx_word' id='word_1_414' title='bbox 303 5343 416 5394; x_wconf 80' lang='grc' dir='ltr'>τῶν</span> <span class='ocrx_word' id='word_1_415' title='bbox 462 5345 840 5416; x_wconf 82' lang='grc' dir='ltr'>προκειμένων</span> <span class='ocrx_word' id='word_1_416' title='bbox 871 5349 962 5402; x_wconf 84' lang='grc' dir='ltr'><strong>τὸν</strong></span> <span class='ocrx_word' id='word_1_417' title='bbox 1001 5351 1148 5407; x_wconf 74' lang='grc' dir='ltr'>νοῦν.</span> <span class='ocrx_word' id='word_1_418' title='bbox 1191 5353 1350 5426; x_wconf 83' lang='grc' dir='ltr'>Ὠσηὲ</span> <span class='ocrx_word' id='word_1_419' title='bbox 1389 5356 1569 5412; x_wconf 86' lang='grc' dir='ltr'>τοίνυν</span> <span class='ocrx_word' id='word_1_420' title='bbox 1613 5359 1727 5423; x_wconf 79' lang='grc' dir='ltr'>υίὸς</span> <span class='ocrx_word' id='word_1_421' title='bbox 1764 5360 1895 5413; x_wconf 85' lang='grc' dir='ltr'>Ἢλὰ</span> 
     </span>
    </p>
   </div>
   <div class='ocr_carea' id='block_1_59' title="bbox 305 5433 1896 5523">
    <p class='ocr_par' dir='ltr' id='par_1_59' title="bbox 305 5433 1896 5523">
     <span class='ocr_line' id='line_1_60' title="bbox 305 5433 1896 5523; baseline 0.018 -39"><span class='ocrx_word' id='word_1_422' title='bbox 305 5433 697 5504; x_wconf 80' lang='grc' dir='ltr'>βεϐασίλευκεν</span> <span class='ocrx_word' id='word_1_423' title='bbox 741 5439 799 5491; x_wconf 86' lang='grc' dir='ltr'><strong>ἐν</strong></span> <span class='ocrx_word' id='word_1_424' title='bbox 845 5441 1131 5516; x_wconf 83' lang='grc' dir='ltr'>Σαμαρείᾳ</span> <span class='ocrx_word' id='word_1_425' title='bbox 1177 5447 1271 5499; x_wconf 77' lang='grc' dir='ltr'>ἐπὶ</span> <span class='ocrx_word' id='word_1_426' title='bbox 1315 5446 1406 5501; x_wconf 84' lang='grc' dir='ltr'><strong>τὸν</strong></span> <span class='ocrx_word' id='word_1_427' title='bbox 1462 5451 1702 5522; x_wconf 87' lang='grc' dir='ltr'>Ἰσραήλ.</span> <span class='ocrx_word' id='word_1_428' title='bbox 1751 5452 1896 5523; x_wconf 78' lang='grc' dir='ltr'>Πρὸς</span> 
     </span>
    </p>
   </div>
   <div class='ocr_carea' id='block_1_60' title="bbox 305 5527 1890 5617">
    <p class='ocr_par' dir='ltr' id='par_1_60' title="bbox 305 5527 1890 5617">
     <span class='ocr_line' id='line_1_61' title="bbox 305 5527 1890 5617; baseline 0.014 -38"><span class='ocrx_word' id='word_1_429' title='bbox 305 5527 495 5583; x_wconf 81' lang='grc' dir='ltr'>τοῦτον</span> <span class='ocrx_word' id='word_1_430' title='bbox 520 5530 786 5598; x_wconf 78' lang='grc' dir='ltr'>ἀγγέλους</span> <span class='ocrx_word' id='word_1_431' title='bbox 807 5535 1065 5607; x_wconf 81' lang='grc' dir='ltr'>πέπομφε</span> <span class='ocrx_word' id='word_1_432' title='bbox 1112 5539 1516 5616; x_wconf 85' lang='grc' dir='ltr'>Σαλαμανασὰρ</span> <span class='ocrx_word' id='word_1_433' title='bbox 1545 5544 1890 5617; x_wconf 78' lang='grc' dir='ltr'>ὁἈσσύριος,</span> 
     </span>
    </p>
   </div>
   <div class='ocr_carea' id='block_1_61' title="bbox 304 5620 1892 5708">
    <p class='ocr_par' dir='ltr' id='par_1_61' title="bbox 304 5620 1892 5708">
     <span class='ocr_line' id='line_1_62' title="bbox 304 5620 1892 5708; baseline 0.014 -36"><span class='ocrx_word' id='word_1_434' title='bbox 304 5620 373 5674; x_wconf 77' lang='grc' dir='ltr'>τὰ</span> <span class='ocrx_word' id='word_1_435' title='bbox 418 5621 624 5695; x_wconf 82' lang='grc' dir='ltr'>συνήθη</span> <span class='ocrx_word' id='word_1_436' title='bbox 667 5624 816 5696; x_wconf 77' lang='grc' dir='ltr'>δῶρα</span> <span class='ocrx_word' id='word_1_437' title='bbox 865 5630 1334 5704; x_wconf 86' lang='grc' dir='ltr'>τυραννικώτερον</span> <span class='ocrx_word' id='word_1_438' title='bbox 1361 5634 1610 5704; x_wconf 77' lang='grc' dir='ltr'>ἐξαιτῶν,</span> <span class='ocrx_word' id='word_1_439' title='bbox 1643 5638 1802 5708; x_wconf 88' lang='grc' dir='ltr'>μόνον</span> <span class='ocrx_word' id='word_1_440' title='bbox 1836 5640 1892 5693; x_wconf 80' lang='grc' dir='ltr'><strong>δὲ</strong></span> 
     </span>
    </p>
   </div>
   <div class='ocr_carea' id='block_1_62' title="bbox 378 5803 946 5876">
    <p class='ocr_par' dir='ltr' id='par_1_62' title="bbox 378 5803 946 5876">
     <span class='ocr_line' id='line_1_63' title="bbox 378 5803 946 5876; baseline 0.011 -20"><span class='ocrx_word' id='word_1_441' title='bbox 378 5803 416 5842; x_wconf 77' lang='grc'><strong><em>³⁸</em></strong></span> <span class='ocrx_word' id='word_1_442' title='bbox 459 5803 522 5858; x_wconf 76' lang='grc' dir='ltr'><strong>ιν</strong></span> <span class='ocrx_word' id='word_1_443' title='bbox 553 5804 683 5876; x_wconf 75' lang='lat' dir='ltr'><strong>Reg.</strong></span> <span class='ocrx_word' id='word_1_444' title='bbox 727 5825 858 5876; x_wconf 82' lang='lat' dir='ltr'><strong>xvtl,</strong></span> <span class='ocrx_word' id='word_1_445' title='bbox 903 5810 946 5863; x_wconf 89' lang='lat'><strong>1.</strong></span> 
     </span>
    </p>
   </div>
   <div class='ocr_carea' id='block_1_63' title="bbox 2023 569 3598 645">
    <p class='ocr_par' dir='ltr' id='par_1_63' title="bbox 2023 569 3598 645">
     <span class='ocr_line' id='line_1_64' title="bbox 2023 569 3598 645; baseline 0.015 -30"><span class='ocrx_word' id='word_1_446' title='bbox 2023 572 2232 619; x_wconf 89' lang='lat' dir='ltr'><strong>tantum</strong></span> <span class='ocrx_word' id='word_1_447' title='bbox 2271 583 2375 622; x_wconf 90' lang='lat' dir='ltr'><strong>non</strong></span> <span class='ocrx_word' id='word_1_448' title='bbox 2417 569 2755 626; x_wconf 86' lang='lat' dir='ltr'><strong>devorarunt</strong></span> <span class='ocrx_word' id='word_1_449' title='bbox 2798 574 3084 643; x_wconf 88' lang='lat' dir='ltr'><strong>Ephraim.</strong></span> <span class='ocrx_word' id='word_1_450' title='bbox 3129 579 3400 645; x_wconf 80' lang='lat' dir='ltr'><strong>Quoniam</strong></span> <span class='ocrx_word' id='word_1_451' title='bbox 3452 586 3598 640; x_wconf 91' lang='lat' dir='ltr'><strong>enim</strong></span> 
     </span>
    </p>
   </div>
   <div class='ocr_carea' id='block_1_64' title="bbox 2019 656 3603 741">
    <p class='ocr_par' dir='ltr' id='par_1_64' title="bbox 2019 656 3603 741">
     <span class='ocr_line' id='line_1_65' title="bbox 2019 656 3603 741; baseline 0.013 -31"><span class='ocrx_word' id='word_1_452' title='bbox 2019 656 2197 726; x_wconf 86' lang='lat' dir='ltr'><strong>ipsum</strong></span> <span class='ocrx_word' id='word_1_453' title='bbox 2257 674 2454 729; x_wconf 83' lang='lat' dir='ltr'><strong>panem</strong></span> <span class='ocrx_word' id='word_1_454' title='bbox 2512 665 2940 722; x_wconf 88' lang='lat' dir='ltr'><strong>subcinericium</strong></span> <span class='ocrx_word' id='word_1_455' title='bbox 2990 671 3305 741; x_wconf 88' lang='lat' dir='ltr'><strong>appellavit,</strong></span> <span class='ocrx_word' id='word_1_456' title='bbox 3349 677 3603 732; x_wconf 90' lang='lat' dir='ltr'><strong>consistit</strong></span> 
     </span>
    </p>
   </div>
   <div class='ocr_carea' id='block_1_65' title="bbox 2019 751 3602 834">
    <p class='ocr_par' dir='ltr' id='par_1_65' title="bbox 2019 751 3602 834">
     <span class='ocr_line' id='line_1_66' title="bbox 2019 751 3602 834; baseline 0.009 -28"><span class='ocrx_word' id='word_1_457' title='bbox 2019 751 2072 806; x_wconf 92' lang='lat' dir='ltr'><strong>in</strong></span> <span class='ocrx_word' id='word_1_458' title='bbox 2101 753 2351 810; x_wconf 89' lang='lat' dir='ltr'><strong>oratione</strong></span> <span class='ocrx_word' id='word_1_459' title='bbox 2377 755 2606 824; x_wconf 85' lang='lat' dir='ltr'><strong>tropica,</strong></span> <span class='ocrx_word' id='word_1_460' title='bbox 2663 759 3236 834; x_wconf 88' lang='lat' dir='ltr'><strong>innumerabilemque</strong></span> <span class='ocrx_word' id='word_1_461' title='bbox 3295 766 3602 822; x_wconf 83' lang='lat' dir='ltr'><strong>multitudi-</strong></span> 
     </span>
    </p>
   </div>
   <div class='ocr_carea' id='block_1_66' title="bbox 2019 846 3603 920">
    <p class='ocr_par' dir='ltr' id='par_1_66' title="bbox 2019 846 3603 920">
     <span class='ocr_line' id='line_1_67' title="bbox 2019 846 3603 920; baseline 0.009 -22"><span class='ocrx_word' id='word_1_462' title='bbox 2019 861 2142 899; x_wconf 87' lang='lat' dir='ltr'><strong>nem</strong></span> <span class='ocrx_word' id='word_1_463' title='bbox 2175 846 2344 900; x_wconf 91' lang='lat' dir='ltr'><strong>robur</strong></span> <span class='ocrx_word' id='word_1_464' title='bbox 2388 846 2506 914; x_wconf 84' lang='lat' dir='ltr'><strong>ejus</strong></span> <span class='ocrx_word' id='word_1_465' title='bbox 2569 860 2866 920; x_wconf 74' lang='lat' dir='ltr'><strong>nuncupat.</strong></span> <span class='ocrx_word' id='word_1_466' title='bbox 2905 850 3206 910; x_wconf 86' lang='lat' dir='ltr'><strong>Numerosa</strong></span> <span class='ocrx_word' id='word_1_467' title='bbox 3266 856 3416 911; x_wconf 88' lang='lat' dir='ltr'><strong>enim</strong></span> <span class='ocrx_word' id='word_1_468' title='bbox 3471 858 3603 912; x_wconf 90' lang='lat' dir='ltr'><strong>viris</strong></span> 
     </span>
    </p>
   </div>
   <div class='ocr_carea' id='block_1_67' title="bbox 2020 937 3602 1015">
    <p class='ocr_par' dir='ltr' id='par_1_67' title="bbox 2020 937 3602 1015">
     <span class='ocr_line' id='line_1_68' title="bbox 2020 937 3602 1015; baseline 0.011 -30"><span class='ocrx_word' id='word_1_469' title='bbox 2020 948 2362 1004; x_wconf 83' lang='lat' dir='ltr'><strong>unaquaeque</strong></span> <span class='ocrx_word' id='word_1_470' title='bbox 2388 937 2582 1003; x_wconf 90' lang='lat' dir='ltr'><strong>tribus,</strong></span> <span class='ocrx_word' id='word_1_471' title='bbox 2614 941 2914 1007; x_wconf 84' lang='lat' dir='ltr'><strong>praesertim</strong></span> <span class='ocrx_word' id='word_1_472' title='bbox 2948 943 3362 1012; x_wconf 80' lang='lat' dir='ltr'><strong>Epltraimitica,</strong></span> <span class='ocrx_word' id='word_1_473' title='bbox 3391 946 3521 1015; x_wconf 87' lang='lat' dir='ltr'><strong>fuit,</strong></span> <span class='ocrx_word' id='word_1_474' title='bbox 3545 956 3602 1002; x_wconf 88' lang='lat' dir='ltr'><strong>et</strong></span> 
     </span>
    </p>
   </div>
   <div class='ocr_carea' id='block_1_68' title="bbox 2018 1027 3597 1096">
    <p class='ocr_par' dir='ltr' id='par_1_68' title="bbox 2018 1027 3597 1096">
     <span class='ocr_line' id='line_1_69' title="bbox 2018 1027 3597 1096; baseline 0.008 -16"><span class='ocrx_word' id='word_1_475' title='bbox 2018 1027 2089 1081; x_wconf 90' lang='lat' dir='ltr'><strong>ob</strong></span> <span class='ocrx_word' id='word_1_476' title='bbox 2123 1028 2174 1081; x_wconf 90' lang='lat' dir='ltr'><strong>id</strong></span> <span class='ocrx_word' id='word_1_477' title='bbox 2207 1029 2556 1096; x_wconf 80' lang='lat' dir='ltr'><strong>supercilium</strong></span> <span class='ocrx_word' id='word_1_478' title='bbox 2587 1031 2802 1096; x_wconf 88' lang='lat' dir='ltr'><strong>tollens,</strong></span> <span class='ocrx_word' id='word_1_479' title='bbox 2835 1033 3235 1091; x_wconf 87' lang='lat' dir='ltr'><strong>formidabilem</strong></span> <span class='ocrx_word' id='word_1_480' title='bbox 3261 1049 3316 1092; x_wconf 90' lang='lat' dir='ltr'><strong>et</strong></span> <span class='ocrx_word' id='word_1_481' title='bbox 3341 1039 3597 1093; x_wconf 90' lang='lat' dir='ltr'><strong>invictam</strong></span> 
     </span>
    </p>
   </div>
   <div class='ocr_carea' id='block_1_69' title="bbox 2021 1119 3590 1198">
    <p class='ocr_par' dir='ltr' id='par_1_69' title="bbox 2021 1119 3590 1198">
     <span class='ocr_line' id='line_1_70' title="bbox 2021 1119 3590 1198; baseline 0.009 -27"><span class='ocrx_word' id='word_1_482' title='bbox 2021 1119 2104 1173; x_wconf 90' lang='lat' dir='ltr'><strong>vel</strong></span> <span class='ocrx_word' id='word_1_483' title='bbox 2139 1119 2272 1188; x_wconf 87' lang='lat' dir='ltr'><strong>ipsis</strong></span> <span class='ocrx_word' id='word_1_484' title='bbox 2303 1121 2652 1192; x_wconf 79' lang='lat' dir='ltr'><strong>Assyriorum</strong></span> <span class='ocrx_word' id='word_1_485' title='bbox 2698 1124 2822 1178; x_wconf 87' lang='lat' dir='ltr'><strong>belli</strong></span> <span class='ocrx_word' id='word_1_486' title='bbox 2869 1126 3120 1192; x_wconf 83' lang='lat' dir='ltr'><strong>ducibus,</strong></span> <span class='ocrx_word' id='word_1_487' title='bbox 3171 1129 3287 1182; x_wconf 85' lang='lat' dir='ltr'><strong>sive</strong></span> <span class='ocrx_word' id='word_1_488' title='bbox 3349 1129 3590 1198; x_wconf 86' lang='lat' dir='ltr'><strong>impera-</strong></span> 
     </span>
    </p>
   </div>
   <div class='ocr_carea' id='block_1_70' title="bbox 2020 1215 3602 1292">
    <p class='ocr_par' dir='ltr' id='par_1_70' title="bbox 2020 1215 3602 1292">
     <span class='ocr_line' id='line_1_71' title="bbox 2020 1215 3602 1292; baseline 0.008 -26"><span class='ocrx_word' id='word_1_489' title='bbox 2020 1215 2230 1269; x_wconf 75' lang='lat' dir='ltr'><strong>toribus</strong></span> <span class='ocrx_word' id='word_1_490' title='bbox 2254 1230 2313 1270; x_wconf 91' lang='lat' dir='ltr'><strong>se</strong></span> <span class='ocrx_word' id='word_1_491' title='bbox 2335 1215 2453 1270; x_wconf 92' lang='lat' dir='ltr'><strong>fore</strong></span> <span class='ocrx_word' id='word_1_492' title='bbox 2501 1217 2892 1274; x_wconf 83' lang='lat' dir='ltr'><strong>arbitrabatur.</strong></span> <span class='ocrx_word' id='word_1_493' title='bbox 2953 1219 3053 1286; x_wconf 87' lang='lat' dir='ltr'><strong>Qui</strong></span> <span class='ocrx_word' id='word_1_494' title='bbox 3091 1221 3179 1275; x_wconf 95' lang='lat' dir='ltr'><strong>ubi</strong></span> <span class='ocrx_word' id='word_1_495' title='bbox 3213 1232 3464 1292; x_wconf 89' lang='lat' dir='ltr'><strong>suscepta</strong></span> <span class='ocrx_word' id='word_1_496' title='bbox 3500 1238 3602 1278; x_wconf 86' lang='lat' dir='ltr'><strong>ex-</strong></span> 
     </span>
    </p>
   </div>
   <div class='ocr_carea' id='block_1_71' title="bbox 2018 1305 3597 1380">
    <p class='ocr_par' dir='ltr' id='par_1_71' title="bbox 2018 1305 3597 1380">
     <span class='ocr_line' id='line_1_72' title="bbox 2018 1305 3597 1380; baseline 0.004 -20"><span class='ocrx_word' id='word_1_497' title='bbox 2018 1305 2293 1374; x_wconf 89' lang='lat' dir='ltr'><strong>peditione</strong></span> <span class='ocrx_word' id='word_1_498' title='bbox 2321 1308 2635 1374; x_wconf 77' lang='lat' dir='ltr'><strong>adfuerunt,</strong></span> <span class='ocrx_word' id='word_1_499' title='bbox 2685 1326 2822 1380; x_wconf 89' lang='lat' dir='ltr'><strong>quas</strong></span> <span class='ocrx_word' id='word_1_500' title='bbox 2871 1311 2980 1365; x_wconf 92' lang='lat' dir='ltr'><strong>dixi</strong></span> <span class='ocrx_word' id='word_1_501' title='bbox 3028 1311 3203 1367; x_wconf 88' lang='lat' dir='ltr'><strong>tribus</strong></span> <span class='ocrx_word' id='word_1_502' title='bbox 3261 1313 3399 1367; x_wconf 86' lang='lat' dir='ltr'><strong>citra</strong></span> <span class='ocrx_word' id='word_1_503' title='bbox 3455 1313 3597 1368; x_wconf 78' lang='lat' dir='ltr'><strong>ditii-</strong></span> 
     </span>
    </p>
   </div>
   <div class='ocr_carea' id='block_1_72' title="bbox 2018 1399 3590 1472">
    <p class='ocr_par' dir='ltr' id='par_1_72' title="bbox 2018 1399 3590 1472">
     <span class='ocr_line' id='line_1_73' title="bbox 2018 1399 3590 1472; baseline 0.005 -18"><span class='ocrx_word' id='word_1_504' title='bbox 2018 1399 2276 1456; x_wconf 84' lang='lat' dir='ltr'><strong>cultatem</strong></span> <span class='ocrx_word' id='word_1_505' title='bbox 2317 1402 2590 1467; x_wconf 63' lang='lat' dir='ltr'><strong>contritae,</strong></span> <span class='ocrx_word' id='word_1_506' title='bbox 2646 1413 2700 1458; x_wconf 89' lang='lat' dir='ltr'><strong>et</strong></span> <span class='ocrx_word' id='word_1_507' title='bbox 2759 1419 2857 1472; x_wconf 89' lang='lat' dir='ltr'><strong>pro</strong></span> <span class='ocrx_word' id='word_1_508' title='bbox 2879 1405 3109 1472; x_wconf 88' lang='lat' dir='ltr'><strong>captivis</strong></span> <span class='ocrx_word' id='word_1_509' title='bbox 3150 1406 3398 1460; x_wconf 68' lang='lat' dir='ltr'><strong>abductae</strong></span> <span class='ocrx_word' id='word_1_510' title='bbox 3443 1417 3590 1462; x_wconf 91' lang='lat' dir='ltr'><strong>sunt.</strong></span> 
     </span>
    </p>
   </div>
   <div class='ocr_carea' id='block_1_73' title="bbox 2019 1490 3598 1567">
    <p class='ocr_par' dir='ltr' id='par_1_73' title="bbox 2019 1490 3598 1567">
     <span class='ocr_line' id='line_1_74' title="bbox 2019 1490 3598 1567; baseline 0.004 -22"><span class='ocrx_word' id='word_1_511' title='bbox 2019 1490 2147 1557; x_wconf 86' lang='lat' dir='ltr'><strong>Sed,</strong></span> <span class='ocrx_word' id='word_1_512' title='bbox 2175 1510 2194 1542; x_wconf 79' lang='grc' dir='ltr'><strong>ι</strong></span> <span class='ocrx_word' id='word_1_513' title='bbox 2225 1507 2329 1546; x_wconf 92' lang='lat' dir='ltr'><strong>non</strong></span> <span class='ocrx_word' id='word_1_514' title='bbox 2358 1495 2633 1564; x_wconf 80' lang='lat' dir='ltr'><strong>cognovit,</strong></span> <span class='ocrx_word' id='word_1_515' title='bbox 2659 1513 2676 1546; x_wconf 75' lang='grc' dir='ltr'><strong>ι</strong></span> <span class='ocrx_word' id='word_1_516' title='bbox 2699 1497 2895 1563; x_wconf 88' lang='lat' dir='ltr'><strong>inquit,</strong></span> <span class='ocrx_word' id='word_1_517' title='bbox 2923 1497 3023 1550; x_wconf 94' lang='lat' dir='ltr'><strong>hoc</strong></span> <span class='ocrx_word' id='word_1_518' title='bbox 3054 1507 3160 1561; x_wconf 87' lang='lat' dir='ltr'><strong>est,</strong></span> <span class='ocrx_word' id='word_1_519' title='bbox 3199 1498 3357 1567; x_wconf 77' lang='lat'><strong>112</strong></span> <span class='ocrx_word' id='word_1_520' title='bbox 3377 1513 3598 1552; x_wconf 86' lang='lat' dir='ltr'><strong>causam</strong></span> 
     </span>
    </p>
   </div>
   <div class='ocr_carea' id='block_1_74' title="bbox 2018 1581 3599 1654">
    <p class='ocr_par' dir='ltr' id='par_1_74' title="bbox 2018 1581 3599 1654">
     <span class='ocr_line' id='line_1_75' title="bbox 2018 1581 3599 1654; baseline 0.005 -20"><span class='ocrx_word' id='word_1_521' title='bbox 2018 1581 2346 1638; x_wconf 86' lang='lat' dir='ltr'><strong>calamitatis</strong></span> <span class='ocrx_word' id='word_1_522' title='bbox 2384 1599 2489 1638; x_wconf 91' lang='lat' dir='ltr'><strong>non</strong></span> <span class='ocrx_word' id='word_1_523' title='bbox 2527 1586 2816 1654; x_wconf 82' lang='lat' dir='ltr'><strong>cogitavit;</strong></span> <span class='ocrx_word' id='word_1_524' title='bbox 2849 1589 3065 1643; x_wconf 86' lang='lat' dir='ltr'><strong>tametsi</strong></span> <span class='ocrx_word' id='word_1_525' title='bbox 3103 1588 3298 1643; x_wconf 87' lang='lat' dir='ltr'><strong>saltem</strong></span> <span class='ocrx_word' id='word_1_526' title='bbox 3335 1605 3401 1644; x_wconf 87' lang='lat' dir='ltr'><strong>ex</strong></span> <span class='ocrx_word' id='word_1_527' title='bbox 3431 1604 3599 1644; x_wconf 89' lang='lat' dir='ltr'><strong>even-</strong></span> 
     </span>
    </p>
   </div>
   <div class='ocr_carea' id='block_1_75' title="bbox 2020 1674 3598 1748">
    <p class='ocr_par' dir='ltr' id='par_1_75' title="bbox 2020 1674 3598 1748">
     <span class='ocr_line' id='line_1_76' title="bbox 2020 1674 3598 1748; baseline 0.004 -20"><span class='ocrx_word' id='word_1_528' title='bbox 2020 1674 2165 1729; x_wconf 90' lang='lat' dir='ltr'><strong>tisin</strong></span> <span class='ocrx_word' id='word_1_529' title='bbox 2206 1675 2323 1746; x_wconf 85' lang='lat' dir='ltr'><strong>ejus</strong></span> <span class='ocrx_word' id='word_1_530' title='bbox 2355 1677 2722 1746; x_wconf 83' lang='lat' dir='ltr'><strong>cognitionem</strong></span> <span class='ocrx_word' id='word_1_531' title='bbox 2769 1679 2958 1734; x_wconf 89' lang='lat' dir='ltr'><strong>venire</strong></span> <span class='ocrx_word' id='word_1_532' title='bbox 3003 1680 3207 1736; x_wconf 89' lang='lat' dir='ltr'><strong>debuit.</strong></span> <span class='ocrx_word' id='word_1_533' title='bbox 3266 1681 3419 1748; x_wconf 84' lang='lat' dir='ltr'><strong>Quod</strong></span> <span class='ocrx_word' id='word_1_534' title='bbox 3453 1681 3598 1736; x_wconf 85' lang='lat' dir='ltr'><strong>enim</strong></span> 
     </span>
    </p>
   </div>
   <div class='ocr_carea' id='block_1_76' title="bbox 2019 1768 3600 1842">
    <p class='ocr_par' dir='ltr' id='par_1_76' title="bbox 2019 1768 3600 1842">
     <span class='ocr_line' id='line_1_77' title="bbox 2019 1768 3600 1842; baseline 0.003 -22"><span class='ocrx_word' id='word_1_535' title='bbox 2019 1768 2200 1822; x_wconf 90' lang='lat' dir='ltr'><strong>animo</strong></span> <span class='ocrx_word' id='word_1_536' title='bbox 2231 1784 2337 1823; x_wconf 92' lang='lat' dir='ltr'><strong>non</strong></span> <span class='ocrx_word' id='word_1_537' title='bbox 2378 1770 2614 1838; x_wconf 85' lang='lat' dir='ltr'><strong>videtur,</strong></span> <span class='ocrx_word' id='word_1_538' title='bbox 2671 1786 3046 1840; x_wconf 76' lang='lat' dir='ltr'><strong>szepenumero</strong></span> <span class='ocrx_word' id='word_1_539' title='bbox 3091 1772 3428 1842; x_wconf 88' lang='lat' dir='ltr'><strong>experientia</strong></span> <span class='ocrx_word' id='word_1_540' title='bbox 3471 1784 3600 1826; x_wconf 86' lang='lat' dir='ltr'><strong>ante</strong></span> 
     </span>
    </p>
   </div>
   <div class='ocr_carea' id='block_1_77' title="bbox 2019 1862 3601 1934">
    <p class='ocr_par' dir='ltr' id='par_1_77' title="bbox 2019 1862 3601 1934">
     <span class='ocr_line' id='line_1_78' title="bbox 2019 1862 3601 1934; baseline 0.003 -19"><span class='ocrx_word' id='word_1_541' title='bbox 2019 1862 2207 1917; x_wconf 87' lang='lat' dir='ltr'><strong>oculos</strong></span> <span class='ocrx_word' id='word_1_542' title='bbox 2229 1864 2542 1918; x_wconf 85' lang='lat' dir='ltr'><strong>constituit.</strong></span> <span class='ocrx_word' id='word_1_543' title='bbox 2578 1865 2646 1919; x_wconf 82' lang='lat' dir='ltr'><strong>Et</strong></span> <span class='ocrx_word' id='word_1_544' title='bbox 2699 1872 2917 1933; x_wconf 63' lang='lat' dir='ltr'><strong>praestat</strong></span> <span class='ocrx_word' id='word_1_545' title='bbox 2948 1881 3056 1920; x_wconf 89' lang='lat' dir='ltr'><strong>non</strong></span> <span class='ocrx_word' id='word_1_546' title='bbox 3080 1876 3396 1934; x_wconf 84' lang='lat' dir='ltr'><strong>exspectata</strong></span> <span class='ocrx_word' id='word_1_547' title='bbox 3435 1880 3601 1934; x_wconf 85' lang='lat' dir='ltr'><strong>expe-</strong></span> 
     </span>
    </p>
   </div>
   <div class='ocr_carea' id='block_1_78' title="bbox 2021 1952 3598 2026">
    <p class='ocr_par' dir='ltr' id='par_1_78' title="bbox 2021 1952 3598 2026">
     <span class='ocr_line' id='line_1_79' title="bbox 2021 1952 3598 2026; baseline 0.003 -22"><span class='ocrx_word' id='word_1_548' title='bbox 2021 1952 2215 2006; x_wconf 90' lang='lat' dir='ltr'><strong>rientia</strong></span> <span class='ocrx_word' id='word_1_549' title='bbox 2263 1953 2691 2024; x_wconf 87' lang='lat' dir='ltr'><strong>circumspicere</strong></span> <span class='ocrx_word' id='word_1_550' title='bbox 2742 1956 2872 2024; x_wconf 93' lang='lat' dir='ltr'><strong>quid</strong></span> <span class='ocrx_word' id='word_1_551' title='bbox 2928 1956 3221 2012; x_wconf 88' lang='lat' dir='ltr'><strong>conducat.</strong></span> <span class='ocrx_word' id='word_1_552' title='bbox 3283 1957 3328 2010; x_wconf 83' lang='lat' dir='ltr'><strong>A</strong></span> <span class='ocrx_word' id='word_1_553' title='bbox 3391 1971 3500 2026; x_wconf 87' lang='lat' dir='ltr'><strong>quo</strong></span> <span class='ocrx_word' id='word_1_554' title='bbox 3549 1957 3598 2010; x_wconf 89' lang='lat' dir='ltr'><strong>si</strong></span> 
     </span>
    </p>
   </div>
   <div class='ocr_carea' id='block_1_79' title="bbox 2020 2043 3597 2121">
    <p class='ocr_par' dir='ltr' id='par_1_79' title="bbox 2020 2043 3597 2121">
     <span class='ocr_line' id='line_1_80' title="bbox 2020 2043 3597 2121; baseline 0.006 -25"><span class='ocrx_word' id='word_1_555' title='bbox 2020 2043 2282 2102; x_wconf 86' lang='lat' dir='ltr'><strong>aberrare</strong></span> <span class='ocrx_word' id='word_1_556' title='bbox 2315 2048 2618 2117; x_wconf 84' lang='lat' dir='ltr'><strong>contingat,</strong></span> <span class='ocrx_word' id='word_1_557' title='bbox 2653 2051 2756 2105; x_wconf 90' lang='lat' dir='ltr'><strong>hoc</strong></span> <span class='ocrx_word' id='word_1_558' title='bbox 2784 2060 2962 2106; x_wconf 91' lang='lat' dir='ltr'><strong>tamen</strong></span> <span class='ocrx_word' id='word_1_559' title='bbox 2994 2051 3325 2121; x_wconf 85' lang='lat' dir='ltr'><strong>relinquitur</strong></span> <span class='ocrx_word' id='word_1_560' title='bbox 3349 2091 3364 2115; x_wconf 85' lang='lat'><strong>,</strong></span> <span class='ocrx_word' id='word_1_561' title='bbox 3393 2059 3454 2106; x_wconf 89' lang='lat' dir='ltr'><strong>ut</strong></span> <span class='ocrx_word' id='word_1_562' title='bbox 3481 2052 3597 2120; x_wconf 86' lang='lat' dir='ltr'><strong>ipsa</strong></span> 
     </span>
    </p>
   </div>
   <div class='ocr_carea' id='block_1_80' title="bbox 2018 2140 3594 2214">
    <p class='ocr_par' dir='ltr' id='par_1_80' title="bbox 2018 2140 3594 2214">
     <span class='ocr_line' id='line_1_81' title="bbox 2018 2140 3594 2214; baseline 0.001 -19"><span class='ocrx_word' id='word_1_563' title='bbox 2018 2141 2351 2211; x_wconf 85' lang='lat' dir='ltr'><strong>experientia</strong></span> <span class='ocrx_word' id='word_1_564' title='bbox 2389 2140 2520 2211; x_wconf 89' lang='lat' dir='ltr'><strong>quid</strong></span> <span class='ocrx_word' id='word_1_565' title='bbox 2560 2141 2708 2197; x_wconf 84' lang='lat' dir='ltr'><strong>facto</strong></span> <span class='ocrx_word' id='word_1_566' title='bbox 2739 2157 2879 2213; x_wconf 91' lang='lat' dir='ltr'><strong>opus</strong></span> <span class='ocrx_word' id='word_1_567' title='bbox 2916 2143 3010 2206; x_wconf 89' lang='lat' dir='ltr'><strong>sit,</strong></span> <span class='ocrx_word' id='word_1_568' title='bbox 3045 2144 3287 2213; x_wconf 87' lang='lat' dir='ltr'><strong>quidque</strong></span> <span class='ocrx_word' id='word_1_569' title='bbox 3311 2143 3594 2214; x_wconf 81' lang='lat' dir='ltr'><strong>expediat,</strong></span> 
     </span>
    </p>
   </div>
   <div class='ocr_carea' id='block_1_81' title="bbox 2019 2233 3600 2305">
    <p class='ocr_par' dir='ltr' id='par_1_81' title="bbox 2019 2233 3600 2305">
     <span class='ocr_line' id='line_1_82' title="bbox 2019 2233 3600 2305; baseline 0.001 -19"><span class='ocrx_word' id='word_1_570' title='bbox 2019 2233 2324 2304; x_wconf 85' lang='lat' dir='ltr'><strong>intelligere</strong></span> <span class='ocrx_word' id='word_1_571' title='bbox 2375 2234 2671 2304; x_wconf 90' lang='lat' dir='ltr'><strong>possimus.</strong></span> <span class='ocrx_word' id='word_1_572' title='bbox 2725 2235 2908 2304; x_wconf 90' lang='lat' dir='ltr'><strong>lnquit</strong></span> <span class='ocrx_word' id='word_1_573' title='bbox 2957 2235 3146 2305; x_wconf 84' lang='lat' dir='ltr'><strong>igitur,</strong></span> <span class='ocrx_word' id='word_1_574' title='bbox 3191 2251 3299 2290; x_wconf 90' lang='lat' dir='ltr'><strong>non</strong></span> <span class='ocrx_word' id='word_1_575' title='bbox 3345 2237 3600 2304; x_wconf 82' lang='lat' dir='ltr'><strong>cognovit</strong></span> 
     </span>
    </p>
   </div>
   <div class='ocr_carea' id='block_1_82' title="bbox 2018 2327 3598 2400">
    <p class='ocr_par' dir='ltr' id='par_1_82' title="bbox 2018 2327 3598 2400">
     <span class='ocr_line' id='line_1_83' title="bbox 2018 2327 3598 2400; baseline 0.002 -19"><span class='ocrx_word' id='word_1_576' title='bbox 2018 2327 2299 2396; x_wconf 85' lang='lat' dir='ltr'><strong>Ephraim,</strong></span> <span class='ocrx_word' id='word_1_577' title='bbox 2329 2331 2584 2399; x_wconf 83' lang='lat' dir='ltr'><strong>quamvis</strong></span> <span class='ocrx_word' id='word_1_578' title='bbox 2617 2329 2771 2384; x_wconf 89' lang='lat' dir='ltr'><strong>canis</strong></span> <span class='ocrx_word' id='word_1_579' title='bbox 2816 2343 3093 2399; x_wconf 88' lang='lat' dir='ltr'><strong>aspersus,</strong></span> <span class='ocrx_word' id='word_1_580' title='bbox 3148 2331 3251 2385; x_wconf 87' lang='lat' dir='ltr'><strong>hoc</strong></span> <span class='ocrx_word' id='word_1_581' title='bbox 3277 2338 3383 2398; x_wconf 90' lang='lat' dir='ltr'><strong>est,</strong></span> <span class='ocrx_word' id='word_1_582' title='bbox 3436 2329 3598 2400; x_wconf 74' lang='lat' dir='ltr'><strong>longo</strong></span> 
     </span>
    </p>
   </div>
   <div class='ocr_carea' id='block_1_83' title="bbox 2019 2420 3582 2492">
    <p class='ocr_par' dir='ltr' id='par_1_83' title="bbox 2019 2420 3582 2492">
     <span class='ocr_line' id='line_1_84' title="bbox 2019 2420 3582 2492; baseline 0.001 -20"><span class='ocrx_word' id='word_1_583' title='bbox 2019 2428 2261 2488; x_wconf 89' lang='lat' dir='ltr'><strong>tempore</strong></span> <span class='ocrx_word' id='word_1_584' title='bbox 2289 2420 2494 2491; x_wconf 83' lang='lat' dir='ltr'><strong>elapso,</strong></span> <span class='ocrx_word' id='word_1_585' title='bbox 2523 2423 2666 2490; x_wconf 86' lang='lat' dir='ltr'><strong>quod</strong></span> <span class='ocrx_word' id='word_1_586' title='bbox 2705 2436 2800 2478; x_wconf 89' lang='lat' dir='ltr'><strong>eos</strong></span> <span class='ocrx_word' id='word_1_587' title='bbox 2849 2422 3118 2492; x_wconf 88' lang='lat' dir='ltr'><strong>potuisset</strong></span> <span class='ocrx_word' id='word_1_588' title='bbox 3157 2432 3346 2492; x_wconf 90' lang='lat' dir='ltr'><strong>postea</strong></span> <span class='ocrx_word' id='word_1_589' title='bbox 3383 2423 3582 2476; x_wconf 89' lang='lat' dir='ltr'><strong>docere</strong></span> 
     </span>
    </p>
   </div>
   <div class='ocr_carea' id='block_1_84' title="bbox 2017 2511 3587 2585">
    <p class='ocr_par' dir='ltr' id='par_1_84' title="bbox 2017 2511 3587 2585">
     <span class='ocr_line' id='line_1_85' title="bbox 2017 2511 3587 2585; baseline 0.001 -19"><span class='ocrx_word' id='word_1_590' title='bbox 2017 2521 2072 2566; x_wconf 88' lang='lat' dir='ltr'><strong>et.</strong></span> <span class='ocrx_word' id='word_1_591' title='bbox 2103 2511 2364 2568; x_wconf 88' lang='lat' dir='ltr'><strong>credibile</strong></span> <span class='ocrx_word' id='word_1_592' title='bbox 2389 2512 2603 2578; x_wconf 86' lang='lat' dir='ltr'><strong>facere,</strong></span> <span class='ocrx_word' id='word_1_593' title='bbox 2638 2529 2876 2584; x_wconf 86' lang='lat' dir='ltr'><strong>quonam</strong></span> <span class='ocrx_word' id='word_1_594' title='bbox 2919 2517 3077 2569; x_wconf 93' lang='lat' dir='ltr'><strong>modo</strong></span> <span class='ocrx_word' id='word_1_595' title='bbox 3103 2515 3216 2569; x_wconf 73' lang='lat' dir='ltr'><strong>haec</strong></span> <span class='ocrx_word' id='word_1_596' title='bbox 3243 2515 3376 2585; x_wconf 90' lang='lat' dir='ltr'><strong>ipsis</strong></span> <span class='ocrx_word' id='word_1_597' title='bbox 3412 2515 3587 2569; x_wconf 84' lang='lat' dir='ltr'><strong>conti-</strong></span> 
     </span>
    </p>
   </div>
   <div class='ocr_carea' id='block_1_85' title="bbox 2017 2603 3595 2676">
    <p class='ocr_par' dir='ltr' id='par_1_85' title="bbox 2017 2603 3595 2676">
     <span class='ocr_line' id='line_1_86' title="bbox 2017 2603 3595 2676; baseline 0.001 -18"><span class='ocrx_word' id='word_1_598' title='bbox 2017 2603 2226 2673; x_wconf 83' lang='lat' dir='ltr'><strong>gerint;</strong></span> <span class='ocrx_word' id='word_1_599' title='bbox 2254 2615 2305 2659; x_wconf 89' lang='lat' dir='ltr'><strong>et</strong></span> <span class='ocrx_word' id='word_1_600' title='bbox 2327 2603 2452 2674; x_wconf 86' lang='lat' dir='ltr'><strong>quia</strong></span> <span class='ocrx_word' id='word_1_601' title='bbox 2484 2605 2816 2660; x_wconf 69' lang='lat' dir='ltr'><strong>oﬂ’enderint</strong></span> <span class='ocrx_word' id='word_1_602' title='bbox 2845 2620 3011 2676; x_wconf 86' lang='lat' dir='ltr'><strong>penes</strong></span> <span class='ocrx_word' id='word_1_603' title='bbox 3031 2621 3194 2676; x_wconf 92' lang='lat' dir='ltr'><strong>quem</strong></span> <span class='ocrx_word' id='word_1_604' title='bbox 3222 2615 3308 2662; x_wconf 91' lang='lat' dir='ltr'><strong>est</strong></span> <span class='ocrx_word' id='word_1_605' title='bbox 3345 2607 3516 2672; x_wconf 88' lang='lat' dir='ltr'><strong>salus,</strong></span> <span class='ocrx_word' id='word_1_606' title='bbox 3542 2607 3595 2660; x_wconf 92' lang='lat' dir='ltr'><strong>in</strong></span> 
     </span>
    </p>
   </div>
   <div class='ocr_carea' id='block_1_86' title="bbox 2013 2695 3346 2766">
    <p class='ocr_par' dir='ltr' id='par_1_86' title="bbox 2013 2695 3346 2766">
     <span class='ocr_line' id='line_1_87' title="bbox 2013 2695 3346 2766; baseline 0.005 -20"><span class='ocrx_word' id='word_1_607' title='bbox 2013 2695 2218 2749; x_wconf 87' lang='lat' dir='ltr'><strong>atrocia</strong></span> <span class='ocrx_word' id='word_1_608' title='bbox 2243 2704 2296 2750; x_wconf 90' lang='lat' dir='ltr'><strong>et</strong></span> <span class='ocrx_word' id='word_1_609' title='bbox 2316 2696 2686 2766; x_wconf 85' lang='lat' dir='ltr'><strong>inexspectata</strong></span> <span class='ocrx_word' id='word_1_610' title='bbox 2715 2698 2856 2752; x_wconf 87' lang='lat' dir='ltr'><strong>mala</strong></span> <span class='ocrx_word' id='word_1_611' title='bbox 2879 2697 3161 2754; x_wconf 89' lang='lat' dir='ltr'><strong>incidisse.</strong></span> <span class='ocrx_word' id='word_1_612' title='bbox 3344 2701 3346 2706; x_wconf 87' lang='grc'><em>’</em></span> 
     </span>
    </p>
   </div>
   <div class='ocr_carea' id='block_1_87' title="bbox 2085 2874 3594 2948">
    <p class='ocr_par' dir='ltr' id='par_1_87' title="bbox 2085 2874 3594 2948">
     <span class='ocr_line' id='line_1_88' title="bbox 2085 2874 3594 2948; baseline 0 -18"><span class='ocrx_word' id='word_1_613' title='bbox 2085 2874 2251 2930; x_wconf 71' lang='lat' dir='ltr'><strong>Vens.</strong></span> <span class='ocrx_word' id='word_1_614' title='bbox 2287 2875 2374 2929; x_wconf 87' lang='lat'><strong>10.</strong></span> <span class='ocrx_word' id='word_1_615' title='bbox 2411 2874 2480 2929; x_wconf 86' lang='lat' dir='ltr'><strong>Et</strong></span> <span class='ocrx_word' id='word_1_616' title='bbox 2502 2875 2876 2931; x_wconf 83' lang='lat' dir='ltr'><strong>Itumiliabitur</strong></span> <span class='ocrx_word' id='word_1_617' title='bbox 2904 2877 3107 2948; x_wconf 78' lang='lat' dir='ltr'><strong>injuria</strong></span> <span class='ocrx_word' id='word_1_618' title='bbox 3130 2877 3304 2932; x_wconf 72' lang='lat' dir='ltr'><strong>Israel</strong></span> <span class='ocrx_word' id='word_1_619' title='bbox 3328 2878 3381 2931; x_wconf 87' lang='lat' dir='ltr'><strong>in</strong></span> <span class='ocrx_word' id='word_1_620' title='bbox 3405 2878 3594 2948; x_wconf 76' lang='lat' dir='ltr'><strong>{aciem</strong></span> 
     </span>
    </p>
   </div>
   <div class='ocr_carea' id='block_1_88' title="bbox 2013 2968 3589 3039">
    <p class='ocr_par' dir='ltr' id='par_1_88' title="bbox 2013 2968 3589 3039">
     <span class='ocr_line' id='line_1_89' title="bbox 2013 2968 3589 3039; baseline -0.001 -17"><span class='ocrx_word' id='word_1_621' title='bbox 2013 2968 2146 3039; x_wconf 80' lang='lat' dir='ltr'><strong>ejus,</strong></span> <span class='ocrx_word' id='word_1_622' title='bbox 2186 2979 2233 3023; x_wconf 85' lang='lat' dir='ltr'><strong>et</strong></span> <span class='ocrx_word' id='word_1_623' title='bbox 2267 2985 2369 3023; x_wconf 89' lang='lat' dir='ltr'><strong>non</strong></span> <span class='ocrx_word' id='word_1_624' title='bbox 2401 2970 2591 3024; x_wconf 73' lang='lat' dir='ltr'><strong>reversi</strong></span> <span class='ocrx_word' id='word_1_625' title='bbox 2628 2980 2750 3024; x_wconf 78' lang='lat' dir='ltr'><strong>sunt</strong></span> <span class='ocrx_word' id='word_1_626' title='bbox 2779 2971 2847 3023; x_wconf 90' lang='lat' dir='ltr'><strong>ad</strong></span> <span class='ocrx_word' id='word_1_627' title='bbox 2875 2969 3163 3024; x_wconf 85' lang='lat' dir='ltr'><strong>Dominum</strong></span> <span class='ocrx_word' id='word_1_628' title='bbox 3196 2969 3361 3024; x_wconf 86' lang='lat' dir='ltr'><strong>Deum</strong></span> <span class='ocrx_word' id='word_1_629' title='bbox 3387 2985 3589 3036; x_wconf 84' lang='lat' dir='ltr'><strong>eorum,</strong></span> 
     </span>
    </p>
   </div>
   <div class='ocr_carea' id='block_1_89' title="bbox 2011 3063 3192 3132">
    <p class='ocr_par' dir='ltr' id='par_1_89' title="bbox 2011 3063 3192 3132">
     <span class='ocr_line' id='line_1_90' title="bbox 2011 3063 3192 3132; baseline 0 -16"><span class='ocrx_word' id='word_1_630' title='bbox 2011 3074 2056 3116; x_wconf 89' lang='lat' dir='ltr'><strong>et</strong></span> <span class='ocrx_word' id='word_1_631' title='bbox 2085 3078 2188 3116; x_wconf 88' lang='lat' dir='ltr'><strong>non</strong></span> <span class='ocrx_word' id='word_1_632' title='bbox 2215 3063 2564 3132; x_wconf 64' lang='lat' dir='ltr'><strong>quasiverunt</strong></span> <span class='ocrx_word' id='word_1_633' title='bbox 2586 3079 2708 3116; x_wconf 83' lang='lat' dir='ltr'><strong>eum</strong></span> <span class='ocrx_word' id='word_1_634' title='bbox 2735 3063 2791 3116; x_wconf 88' lang='lat' dir='ltr'><strong>in</strong></span> <span class='ocrx_word' id='word_1_635' title='bbox 2821 3063 3062 3117; x_wconf 78' lang='lat' dir='ltr'><strong>omnibus</strong></span> <span class='ocrx_word' id='word_1_636' title='bbox 3091 3063 3192 3118; x_wconf 80' lang='lat' dir='ltr'><strong>Itis.</strong></span> 
     </span>
    </p>
   </div>
   <div class='ocr_carea' id='block_1_90' title="bbox 2083 3235 3590 3306">
    <p class='ocr_par' dir='ltr' id='par_1_90' title="bbox 2083 3235 3590 3306">
     <span class='ocr_line' id='line_1_91' title="bbox 2083 3235 3590 3306; baseline -0.001 -15"><span class='ocrx_word' id='word_1_637' title='bbox 2083 3235 2322 3291; x_wconf 78' lang='lat' dir='ltr'><strong>LXXIX.</strong></span> <span class='ocrx_word' id='word_1_638' title='bbox 2377 3236 2536 3292; x_wconf 87' lang='lat' dir='ltr'><strong>Clare</strong></span> <span class='ocrx_word' id='word_1_639' title='bbox 2581 3236 2975 3306; x_wconf 89' lang='lat' dir='ltr'><strong>interpretatur</strong></span> <span class='ocrx_word' id='word_1_640' title='bbox 3036 3235 3183 3306; x_wconf 89' lang='lat' dir='ltr'><strong>quod</strong></span> <span class='ocrx_word' id='word_1_641' title='bbox 3230 3235 3392 3291; x_wconf 87' lang='lat' dir='ltr'><strong>dixit.</strong></span> <span class='ocrx_word' id='word_1_642' title='bbox 3454 3235 3590 3290; x_wconf 89' lang='lat' dir='ltr'><strong>Nam</strong></span> 
     </span>
    </p>
   </div>
   <div class='ocr_carea' id='block_1_91' title="bbox 2009 3327 3593 3399">
    <p class='ocr_par' dir='ltr' id='par_1_91' title="bbox 2009 3327 3593 3399">
     <span class='ocr_line' id='line_1_92' title="bbox 2009 3327 3593 3399; baseline -0.002 -14"><span class='ocrx_word' id='word_1_643' title='bbox 2009 3346 2107 3385; x_wconf 90' lang='lat' dir='ltr'><strong>cur</strong></span> <span class='ocrx_word' id='word_1_644' title='bbox 2140 3346 2246 3383; x_wconf 90' lang='lat' dir='ltr'><strong>non</strong></span> <span class='ocrx_word' id='word_1_645' title='bbox 2274 3329 2590 3399; x_wconf 83' lang='lat' dir='ltr'><strong>cognoverit</strong></span> <span class='ocrx_word' id='word_1_646' title='bbox 2618 3327 2899 3397; x_wconf 88' lang='lat' dir='ltr'><strong>Ephraim,</strong></span> <span class='ocrx_word' id='word_1_647' title='bbox 2924 3327 3055 3382; x_wconf 87' lang='lat' dir='ltr'><strong>licet</strong></span> <span class='ocrx_word' id='word_1_648' title='bbox 3085 3341 3256 3382; x_wconf 88' lang='lat' dir='ltr'><strong>canus</strong></span> <span class='ocrx_word' id='word_1_649' title='bbox 3288 3366 3304 3392; x_wconf 93' lang='lat'><strong>,</strong></span> <span class='ocrx_word' id='word_1_650' title='bbox 3336 3327 3593 3396; x_wconf 81' lang='lat' dir='ltr'><strong>deinceps</strong></span> 
     </span>
    </p>
   </div>
   <div class='ocr_carea' id='block_1_92' title="bbox 2009 3419 3585 3489">
    <p class='ocr_par' dir='ltr' id='par_1_92' title="bbox 2009 3419 3585 3489">
     <span class='ocr_line' id='line_1_93' title="bbox 2009 3419 3585 3489; baseline -0.003 -13"><span class='ocrx_word' id='word_1_651' title='bbox 2009 3421 2273 3476; x_wconf 86' lang='lat' dir='ltr'><strong>declarat.</strong></span> <span class='ocrx_word' id='word_1_652' title='bbox 2307 3420 2508 3489; x_wconf 89' lang='lat' dir='ltr'><strong>lnjuria</strong></span> <span class='ocrx_word' id='word_1_653' title='bbox 2548 3421 2694 3482; x_wconf 86' lang='lat' dir='ltr'><strong>enim</strong></span> <span class='ocrx_word' id='word_1_654' title='bbox 2722 3419 2911 3484; x_wconf 86' lang='lat' dir='ltr'><strong>Israel,</strong></span> <span class='ocrx_word' id='word_1_655' title='bbox 2961 3421 3158 3489; x_wconf 90' lang='lat' dir='ltr'><strong>inquit,</strong></span> <span class='ocrx_word' id='word_1_656' title='bbox 3195 3419 3300 3472; x_wconf 89' lang='lat' dir='ltr'><strong>hoc</strong></span> <span class='ocrx_word' id='word_1_657' title='bbox 3323 3425 3426 3484; x_wconf 90' lang='lat' dir='ltr'><strong>est,</strong></span> <span class='ocrx_word' id='word_1_658' title='bbox 3477 3419 3585 3472; x_wconf 86' lang='lat' dir='ltr'><strong>dis-</strong></span> 
     </span>
    </p>
   </div>
   <div class='ocr_carea' id='block_1_93' title="bbox 2008 3510 3586 3581">
    <p class='ocr_par' dir='ltr' id='par_1_93' title="bbox 2008 3510 3586 3581">
     <span class='ocr_line' id='line_1_94' title="bbox 2008 3510 3586 3581; baseline -0.003 -12"><span class='ocrx_word' id='word_1_659' title='bbox 2008 3513 2206 3579; x_wconf 86' lang='lat' dir='ltr'><strong>cessio,</strong></span> <span class='ocrx_word' id='word_1_660' title='bbox 2231 3527 2390 3581; x_wconf 90' lang='lat' dir='ltr'><strong>quam</strong></span> <span class='ocrx_word' id='word_1_661' title='bbox 2413 3527 2480 3566; x_wconf 90' lang='lat' dir='ltr'><strong>cx</strong></span> <span class='ocrx_word' id='word_1_662' title='bbox 2507 3512 2758 3581; x_wconf 89' lang='lat' dir='ltr'><strong>superbia</strong></span> <span class='ocrx_word' id='word_1_663' title='bbox 2791 3512 3084 3566; x_wconf 89' lang='lat' dir='ltr'><strong>meditatus</strong></span> <span class='ocrx_word' id='word_1_664' title='bbox 3103 3521 3207 3574; x_wconf 90' lang='lat' dir='ltr'><strong>est,</strong></span> <span class='ocrx_word' id='word_1_665' title='bbox 3236 3520 3291 3566; x_wconf 90' lang='lat' dir='ltr'><strong>et</strong></span> <span class='ocrx_word' id='word_1_666' title='bbox 3326 3510 3397 3564; x_wconf 90' lang='lat' dir='ltr'><strong>ob</strong></span> <span class='ocrx_word' id='word_1_667' title='bbox 3421 3525 3586 3580; x_wconf 88' lang='lat' dir='ltr'><strong>quam</strong></span> 
     </span>
    </p>
   </div>
   <div class='ocr_carea' id='block_1_94' title="bbox 2007 3603 3580 3669">
    <p class='ocr_par' dir='ltr' id='par_1_94' title="bbox 2007 3603 3580 3669">
     <span class='ocr_line' id='line_1_95' title="bbox 2007 3603 3580 3669; baseline -0.003 -9"><span class='ocrx_word' id='word_1_668' title='bbox 2007 3606 2172 3660; x_wconf 87' lang='lat' dir='ltr'><strong>etiam</strong></span> <span class='ocrx_word' id='word_1_669' title='bbox 2208 3605 2274 3659; x_wconf 90' lang='lat' dir='ltr'><strong>ad</strong></span> <span class='ocrx_word' id='word_1_670' title='bbox 2305 3607 2436 3659; x_wconf 88' lang='lat' dir='ltr'><strong>deos</strong></span> <span class='ocrx_word' id='word_1_671' title='bbox 2470 3603 2678 3658; x_wconf 90' lang='lat' dir='ltr'><strong>alienos</strong></span> <span class='ocrx_word' id='word_1_672' title='bbox 2725 3603 3042 3669; x_wconf 83' lang='lat' dir='ltr'><strong>declinavit,</strong></span> <span class='ocrx_word' id='word_1_673' title='bbox 3103 3611 3298 3657; x_wconf 86' lang='lat' dir='ltr'><strong>natura</strong></span> <span class='ocrx_word' id='word_1_674' title='bbox 3347 3613 3400 3658; x_wconf 85' lang='lat' dir='ltr'><strong>et</strong></span> <span class='ocrx_word' id='word_1_675' title='bbox 3433 3603 3580 3658; x_wconf 90' lang='lat' dir='ltr'><strong>veri-</strong></span> 
     </span>
    </p>
   </div>
   <div class='ocr_carea' id='block_1_95' title="bbox 2011 3694 3586 3766">
    <p class='ocr_par' dir='ltr' id='par_1_95' title="bbox 2011 3694 3586 3766">
     <span class='ocr_line' id='line_1_96' title="bbox 2011 3694 3586 3766; baseline -0.001 -16"><span class='ocrx_word' id='word_1_676' title='bbox 2011 3708 2119 3752; x_wconf 88' lang='lat' dir='ltr'><strong>tate</strong></span> <span class='ocrx_word' id='word_1_677' title='bbox 2149 3697 2319 3752; x_wconf 81' lang='lat' dir='ltr'><strong>Deum</strong></span> <span class='ocrx_word' id='word_1_678' title='bbox 2356 3706 2704 3766; x_wconf 89' lang='lat' dir='ltr'><strong>aspernatus,</strong></span> <span class='ocrx_word' id='word_1_679' title='bbox 2745 3705 3100 3751; x_wconf 90' lang='lat' dir='ltr'><strong>convertetur</strong></span> <span class='ocrx_word' id='word_1_680' title='bbox 3140 3696 3193 3749; x_wconf 92' lang='lat' dir='ltr'><strong>in</strong></span> <span class='ocrx_word' id='word_1_681' title='bbox 3226 3695 3420 3751; x_wconf 80' lang='lat' dir='ltr'><strong>faciem</strong></span> <span class='ocrx_word' id='word_1_682' title='bbox 3447 3694 3586 3763; x_wconf 86' lang='lat' dir='ltr'><strong>ejus.</strong></span> 
     </span>
    </p>
   </div>
   <div class='ocr_carea' id='block_1_96' title="bbox 2008 3788 3590 3859">
    <p class='ocr_par' dir='ltr' id='par_1_96' title="bbox 2008 3788 3590 3859">
     <span class='ocr_line' id='line_1_97' title="bbox 2008 3788 3590 3859; baseline -0.001 -17"><span class='ocrx_word' id='word_1_683' title='bbox 2008 3789 2172 3857; x_wconf 87' lang='lat' dir='ltr'><strong>Quasi</strong></span> <span class='ocrx_word' id='word_1_684' title='bbox 2205 3791 2370 3854; x_wconf 88' lang='lat' dir='ltr'><strong>dicat,</strong></span> <span class='ocrx_word' id='word_1_685' title='bbox 2399 3788 2649 3859; x_wconf 82' lang='lat' dir='ltr'><strong>injuriam</strong></span> <span class='ocrx_word' id='word_1_686' title='bbox 2679 3797 2735 3842; x_wconf 90' lang='lat' dir='ltr'><strong>et</strong></span> <span class='ocrx_word' id='word_1_687' title='bbox 2764 3796 3140 3856; x_wconf 88' lang='lat' dir='ltr'><strong>contemptum</strong></span> <span class='ocrx_word' id='word_1_688' title='bbox 3168 3788 3216 3841; x_wconf 90' lang='lat' dir='ltr'><strong>ei</strong></span> <span class='ocrx_word' id='word_1_689' title='bbox 3247 3802 3441 3857; x_wconf 88' lang='lat' dir='ltr'><strong>parere</strong></span> <span class='ocrx_word' id='word_1_690' title='bbox 3473 3802 3590 3840; x_wconf 86' lang='lat' dir='ltr'><strong>ma-</strong></span> 
     </span>
    </p>
   </div>
   <div class='ocr_carea' id='block_1_97' title="bbox 2008 3878 3584 3948">
    <p class='ocr_par' dir='ltr' id='par_1_97' title="bbox 2008 3878 3584 3948">
     <span class='ocr_line' id='line_1_98' title="bbox 2008 3878 3584 3948; baseline -0.002 -12"><span class='ocrx_word' id='word_1_691' title='bbox 2008 3883 2204 3938; x_wconf 89' lang='lat' dir='ltr'><strong>nifeste</strong></span> <span class='ocrx_word' id='word_1_692' title='bbox 2230 3881 2500 3936; x_wconf 89' lang='lat' dir='ltr'><strong>videbitur</strong></span> <span class='ocrx_word' id='word_1_693' title='bbox 2537 3897 2552 3936; x_wconf 89' lang='lat'><strong>:</strong></span> <span class='ocrx_word' id='word_1_694' title='bbox 2599 3881 2701 3935; x_wconf 86' lang='lat' dir='ltr'><strong>hoc</strong></span> <span class='ocrx_word' id='word_1_695' title='bbox 2730 3881 2874 3934; x_wconf 90' lang='lat' dir='ltr'><strong>enim</strong></span> <span class='ocrx_word' id='word_1_696' title='bbox 2920 3889 3022 3948; x_wconf 84' lang='lat' dir='ltr'><strong>est,</strong></span> <span class='ocrx_word' id='word_1_697' title='bbox 3066 3879 3120 3934; x_wconf 92' lang='lat' dir='ltr'><strong>in</strong></span> <span class='ocrx_word' id='word_1_698' title='bbox 3172 3878 3365 3934; x_wconf 79' lang='lat' dir='ltr'><strong>faciem</strong></span> <span class='ocrx_word' id='word_1_699' title='bbox 3413 3879 3584 3934; x_wconf 90' lang='lat' dir='ltr'><strong>alicu-</strong></span> 
     </span>
    </p>
   </div>
   <div class='ocr_carea' id='block_1_98' title="bbox 2000 3970 3578 4044">
    <p class='ocr_par' dir='ltr' id='par_1_98' title="bbox 2000 3970 3578 4044">
     <span class='ocr_line' id='line_1_99' title="bbox 2000 3970 3578 4044; baseline -0.002 -15"><span class='ocrx_word' id='word_1_700' title='bbox 2000 3972 2090 4044; x_wconf 83' lang='lat' dir='ltr'><strong>jus</strong></span> <span class='ocrx_word' id='word_1_701' title='bbox 2128 3975 2370 4031; x_wconf 88' lang='lat' dir='ltr'><strong>converti</strong></span> <span class='ocrx_word' id='word_1_702' title='bbox 2396 3972 2695 4044; x_wconf 86' lang='lat' dir='ltr'><strong>quidpiam.</strong></span> <span class='ocrx_word' id='word_1_703' title='bbox 2728 3970 2834 4028; x_wconf 92' lang='lat' dir='ltr'><strong>Sed</strong></span> <span class='ocrx_word' id='word_1_704' title='bbox 2870 3983 2924 4026; x_wconf 89' lang='lat' dir='ltr'><strong>et</strong></span> <span class='ocrx_word' id='word_1_705' title='bbox 2955 3972 3060 4027; x_wconf 91' lang='lat' dir='ltr'><strong>ista</strong></span> <span class='ocrx_word' id='word_1_706' title='bbox 3095 3986 3308 4041; x_wconf 87' lang='lat' dir='ltr'><strong>passus,</strong></span> <span class='ocrx_word' id='word_1_707' title='bbox 3338 3973 3578 4026; x_wconf 87' lang='lat' dir='ltr'><strong>nondum</strong></span> 
     </span>
    </p>
   </div>
   <div class='ocr_carea' id='block_1_99' title="bbox 2007 4065 3584 4140">
    <p class='ocr_par' dir='ltr' id='par_1_99' title="bbox 2007 4065 3584 4140">
     <span class='ocr_line' id='line_1_100' title="bbox 2007 4065 3584 4140; baseline -0.003 -17"><span class='ocrx_word' id='word_1_708' title='bbox 2007 4069 2257 4140; x_wconf 77' lang='lat' dir='ltr'><strong>cognovit</strong></span> <span class='ocrx_word' id='word_1_709' title='bbox 2283 4067 2486 4126; x_wconf 87' lang='lat' dir='ltr'><strong>Deum;</strong></span> <span class='ocrx_word' id='word_1_710' title='bbox 2536 4081 2604 4120; x_wconf 89' lang='lat' dir='ltr'><strong>ne</strong></span> <span class='ocrx_word' id='word_1_711' title='bbox 2636 4080 2770 4119; x_wconf 69' lang='lat' dir='ltr'><strong>meae</strong></span> <span class='ocrx_word' id='word_1_712' title='bbox 2798 4065 2864 4118; x_wconf 87' lang='lat' dir='ltr'><strong>ad</strong></span> <span class='ocrx_word' id='word_1_713' title='bbox 2911 4065 3032 4120; x_wconf 92' lang='lat' dir='ltr'><strong>illos</strong></span> <span class='ocrx_word' id='word_1_714' title='bbox 3089 4065 3462 4120; x_wconf 86' lang='lat' dir='ltr'><strong>conversionis</strong></span> <span class='ocrx_word' id='word_1_715' title='bbox 3496 4080 3584 4119; x_wconf 89' lang='lat' dir='ltr'><strong>ra-</strong></span> 
     </span>
    </p>
   </div>
   <div class='ocr_carea' id='block_1_100' title="bbox 2009 4157 3586 4228">
    <p class='ocr_par' dir='ltr' id='par_1_100' title="bbox 2009 4157 3586 4228">
     <span class='ocr_line' id='line_1_101' title="bbox 2009 4157 3586 4228; baseline -0.003 -12"><span class='ocrx_word' id='word_1_716' title='bbox 2009 4163 2210 4216; x_wconf 85' lang='lat' dir='ltr'><strong>tionem</strong></span> <span class='ocrx_word' id='word_1_717' title='bbox 2233 4161 2530 4224; x_wconf 86' lang='lat' dir='ltr'><strong>duxerunt,</strong></span> <span class='ocrx_word' id='word_1_718' title='bbox 2559 4161 2761 4228; x_wconf 89' lang='lat' dir='ltr'><strong>asperi,</strong></span> <span class='ocrx_word' id='word_1_719' title='bbox 2798 4169 2853 4214; x_wconf 88' lang='lat' dir='ltr'><strong>et</strong></span> <span class='ocrx_word' id='word_1_720' title='bbox 2883 4157 3211 4214; x_wconf 86' lang='lat' dir='ltr'><strong>inﬂexibiles</strong></span> <span class='ocrx_word' id='word_1_721' title='bbox 3233 4199 3249 4224; x_wconf 92' lang='lat'><strong>,</strong></span> <span class='ocrx_word' id='word_1_722' title='bbox 3293 4167 3348 4212; x_wconf 90' lang='lat' dir='ltr'><strong>et</strong></span> <span class='ocrx_word' id='word_1_723' title='bbox 3380 4159 3430 4211; x_wconf 90' lang='lat' dir='ltr'><strong>in</strong></span> <span class='ocrx_word' id='word_1_724' title='bbox 3467 4170 3586 4212; x_wconf 83' lang='lat' dir='ltr'><strong>stu-</strong></span> 
     </span>
    </p>
   </div>
   <div class='ocr_carea' id='block_1_101' title="bbox 2006 4250 3586 4321">
    <p class='ocr_par' dir='ltr' id='par_1_101' title="bbox 2006 4250 3586 4321">
     <span class='ocr_line' id='line_1_102' title="bbox 2006 4250 3586 4321; baseline -0.003 -13"><span class='ocrx_word' id='word_1_725' title='bbox 2006 4254 2096 4308; x_wconf 89' lang='lat' dir='ltr'><strong>dio</strong></span> <span class='ocrx_word' id='word_1_726' title='bbox 2127 4268 2255 4321; x_wconf 82' lang='lat' dir='ltr'><strong>erga</strong></span> <span class='ocrx_word' id='word_1_727' title='bbox 2298 4253 2464 4306; x_wconf 91' lang='lat' dir='ltr'><strong>Deum</strong></span> <span class='ocrx_word' id='word_1_728' title='bbox 2505 4250 2839 4306; x_wconf 88' lang='lat' dir='ltr'><strong>imbecillimi</strong></span> <span class='ocrx_word' id='word_1_729' title='bbox 2875 4251 3040 4304; x_wconf 90' lang='lat' dir='ltr'><strong>etiam</strong></span> <span class='ocrx_word' id='word_1_730' title='bbox 3084 4251 3135 4304; x_wconf 92' lang='lat' dir='ltr'><strong>in</strong></span> <span class='ocrx_word' id='word_1_731' title='bbox 3180 4251 3313 4321; x_wconf 89' lang='lat' dir='ltr'><strong>ipsis</strong></span> <span class='ocrx_word' id='word_1_732' title='bbox 3354 4251 3586 4306; x_wconf 84' lang='lat' dir='ltr'><strong>miseriis</strong></span> 
     </span>
    </p>
   </div>
   <div class='ocr_carea' id='block_1_102' title="bbox 2005 4343 3582 4418">
    <p class='ocr_par' dir='ltr' id='par_1_102' title="bbox 2005 4343 3582 4418">
     <span class='ocr_line' id='line_1_103' title="bbox 2005 4343 3582 4418; baseline -0.002 -18"><span class='ocrx_word' id='word_1_733' title='bbox 2005 4355 2350 4418; x_wconf 87' lang='lat' dir='ltr'><strong>apparentes,</strong></span> <span class='ocrx_word' id='word_1_734' title='bbox 2392 4354 2448 4399; x_wconf 87' lang='lat' dir='ltr'><strong>et</strong></span> <span class='ocrx_word' id='word_1_735' title='bbox 2481 4344 2623 4413; x_wconf 89' lang='lat' dir='ltr'><strong>quod</strong></span> <span class='ocrx_word' id='word_1_736' title='bbox 2661 4345 2891 4399; x_wconf 86' lang='lat' dir='ltr'><strong>extremi</strong></span> <span class='ocrx_word' id='word_1_737' title='bbox 2947 4344 3188 4414; x_wconf 90' lang='lat' dir='ltr'><strong>stuporis</strong></span> <span class='ocrx_word' id='word_1_738' title='bbox 3233 4343 3427 4399; x_wconf 81' lang='lat' dir='ltr'><strong>vitium</strong></span> <span class='ocrx_word' id='word_1_739' title='bbox 3476 4352 3582 4408; x_wconf 88' lang='lat' dir='ltr'><strong>est,</strong></span> 
     </span>
    </p>
   </div>
   <div class='ocr_carea' id='block_1_103' title="bbox 2005 4438 3078 4508">
    <p class='ocr_par' dir='ltr' id='par_1_103' title="bbox 2005 4438 3078 4508">
     <span class='ocr_line' id='line_1_104' title="bbox 2005 4438 3078 4508; baseline 0 -16"><span class='ocrx_word' id='word_1_740' title='bbox 2005 4449 2060 4493; x_wconf 91' lang='lat' dir='ltr'><strong>et</strong></span> <span class='ocrx_word' id='word_1_741' title='bbox 2081 4439 2394 4494; x_wconf 89' lang='lat' dir='ltr'><strong>stoliditatis</strong></span> <span class='ocrx_word' id='word_1_742' title='bbox 2417 4438 2640 4494; x_wconf 84' lang='lat' dir='ltr'><strong>evidens</strong></span> <span class='ocrx_word' id='word_1_743' title='bbox 2669 4446 3078 4508; x_wconf 84' lang='lat' dir='ltr'><strong>argumentum.</strong></span> 
     </span>
    </p>
   </div>
   <div class='ocr_carea' id='block_1_104' title="bbox 2073 4626 3585 4698">
    <p class='ocr_par' dir='ltr' id='par_1_104' title="bbox 2073 4626 3585 4698">
     <span class='ocr_line' id='line_1_105' title="bbox 2073 4626 3585 4698; baseline 0.001 -17"><span class='ocrx_word' id='word_1_744' title='bbox 2073 4629 2477 4696; x_wconf 67' lang='lat' dir='ltr'><strong>Vens.11,12.</strong></span> <span class='ocrx_word' id='word_1_745' title='bbox 2546 4626 2614 4681; x_wconf 87' lang='lat' dir='ltr'><strong>Et</strong></span> <span class='ocrx_word' id='word_1_746' title='bbox 2655 4637 2771 4681; x_wconf 88' lang='lat' dir='ltr'><strong>erat</strong></span> <span class='ocrx_word' id='word_1_747' title='bbox 2822 4626 3076 4696; x_wconf 78' lang='lat' dir='ltr'><strong>Ephraim</strong></span> <span class='ocrx_word' id='word_1_748' title='bbox 3134 4628 3288 4698; x_wconf 82' lang='lat' dir='ltr'><strong>quasi</strong></span> <span class='ocrx_word' id='word_1_749' title='bbox 3337 4627 3585 4682; x_wconf 84' lang='lat' dir='ltr'><strong>columba</strong></span> 
     </span>
    </p>
   </div>
   <div class='ocr_carea' id='block_1_105' title="bbox 2003 4718 3585 4793">
    <p class='ocr_par' dir='ltr' id='par_1_105' title="bbox 2003 4718 3585 4793">
     <span class='ocr_line' id='line_1_106' title="bbox 2003 4718 3585 4793; baseline 0 -16"><span class='ocrx_word' id='word_1_750' title='bbox 2003 4724 2280 4793; x_wconf 83' lang='lat' dir='ltr'><strong>insipiens,</strong></span> <span class='ocrx_word' id='word_1_751' title='bbox 2319 4737 2422 4775; x_wconf 81' lang='lat' dir='ltr'><strong>non</strong></span> <span class='ocrx_word' id='word_1_752' title='bbox 2471 4719 2668 4774; x_wconf 78' lang='lat' dir='ltr'><strong>habens</strong></span> <span class='ocrx_word' id='word_1_753' title='bbox 2707 4736 2818 4774; x_wconf 89' lang='lat' dir='ltr'><strong>cor.</strong></span> <span class='ocrx_word' id='word_1_754' title='bbox 2854 4718 3148 4790; x_wconf 66' lang='lat' dir='ltr'><strong>Egyplum</strong></span> <span class='ocrx_word' id='word_1_755' title='bbox 3178 4722 3477 4787; x_wconf 80' lang='lat' dir='ltr'><strong>invocabat,</strong></span> <span class='ocrx_word' id='word_1_756' title='bbox 3535 4733 3585 4777; x_wconf 82' lang='lat' dir='ltr'><strong>et</strong></span> 
     </span>
    </p>
   </div>
   <div class='ocr_carea' id='block_1_106' title="bbox 2002 4812 3574 4885">
    <p class='ocr_par' dir='ltr' id='par_1_106' title="bbox 2002 4812 3574 4885">
     <span class='ocr_line' id='line_1_107' title="bbox 2002 4812 3574 4885; baseline -0.003 -13"><span class='ocrx_word' id='word_1_757' title='bbox 2002 4819 2072 4872; x_wconf 86' lang='lat' dir='ltr'><strong>ad</strong></span> <span class='ocrx_word' id='word_1_758' title='bbox 2103 4815 2348 4885; x_wconf 82' lang='lat' dir='ltr'><strong>Assyrios</strong></span> <span class='ocrx_word' id='word_1_759' title='bbox 2375 4814 2507 4866; x_wconf 80' lang='lat' dir='ltr'><strong>ibat.</strong></span> <span class='ocrx_word' id='word_1_760' title='bbox 2539 4812 2690 4868; x_wconf 84' lang='lat' dir='ltr'><strong>Sicut</strong></span> <span class='ocrx_word' id='word_1_761' title='bbox 2719 4812 2905 4866; x_wconf 81' lang='lat' dir='ltr'><strong>iuerint</strong></span> <span class='ocrx_word' id='word_1_762' title='bbox 2935 4813 3145 4866; x_wconf 84' lang='lat' dir='ltr'><strong>mittam</strong></span> <span class='ocrx_word' id='word_1_763' title='bbox 3172 4829 3329 4880; x_wconf 61' lang='lat' dir='ltr'><strong>sititer</strong></span> <span class='ocrx_word' id='word_1_764' title='bbox 3348 4830 3435 4868; x_wconf 85' lang='lat' dir='ltr'><strong>eos</strong></span> <span class='ocrx_word' id='word_1_765' title='bbox 3468 4825 3574 4868; x_wconf 85' lang='lat' dir='ltr'><strong>rete</strong></span> 
     </span>
    </p>
   </div>
   <div class='ocr_carea' id='block_1_107' title="bbox 2002 4903 3584 4976">
    <p class='ocr_par' dir='ltr' id='par_1_107' title="bbox 2002 4903 3584 4976">
     <span class='ocr_line' id='line_1_108' title="bbox 2002 4903 3584 4976; baseline -0.001 -16"><span class='ocrx_word' id='word_1_766' title='bbox 2002 4922 2197 4961; x_wconf 86' lang='lat' dir='ltr'><strong>meum.</strong></span> <span class='ocrx_word' id='word_1_767' title='bbox 2231 4904 2383 4959; x_wconf 84' lang='lat' dir='ltr'><strong>Sicut</strong></span> <span class='ocrx_word' id='word_1_768' title='bbox 2412 4903 2652 4957; x_wconf 80' lang='lat' dir='ltr'><strong>volatilia</strong></span> <span class='ocrx_word' id='word_1_769' title='bbox 2684 4903 2798 4957; x_wconf 67' lang='lat' dir='ltr'><strong>caeli</strong></span> <span class='ocrx_word' id='word_1_770' title='bbox 2822 4903 3103 4957; x_wconf 84' lang='lat' dir='ltr'><strong>detraham</strong></span> <span class='ocrx_word' id='word_1_771' title='bbox 3127 4921 3236 4960; x_wconf 83' lang='lat' dir='ltr'><strong>eos.</strong></span> <span class='ocrx_word' id='word_1_772' title='bbox 3281 4903 3584 4976; x_wconf 82' lang='lat' dir='ltr'><strong>Corripiam</strong></span> 
     </span>
    </p>
   </div>
   <div class='ocr_carea' id='block_1_108' title="bbox 2007 4997 3055 5065">
    <p class='ocr_par' dir='ltr' id='par_1_108' title="bbox 2007 4997 3055 5065">
     <span class='ocr_line' id='line_1_109' title="bbox 2007 4997 3055 5065; baseline -0.001 -11"><span class='ocrx_word' id='word_1_773' title='bbox 2007 5016 2092 5055; x_wconf 81' lang='lat' dir='ltr'><strong>eos</strong></span> <span class='ocrx_word' id='word_1_774' title='bbox 2124 5001 2176 5053; x_wconf 88' lang='lat' dir='ltr'><strong>in</strong></span> <span class='ocrx_word' id='word_1_775' title='bbox 2205 4999 2393 5053; x_wconf 84' lang='lat' dir='ltr'><strong>auditu</strong></span> <span class='ocrx_word' id='word_1_776' title='bbox 2417 4997 2775 5053; x_wconf 80' lang='lat' dir='ltr'><strong>tribulationis</strong></span> <span class='ocrx_word' id='word_1_777' title='bbox 2799 4998 3055 5065; x_wconf 80' lang='lat' dir='ltr'><strong>ipsorum.</strong></span> 
     </span>
    </p>
   </div>
   <div class='ocr_carea' id='block_1_109' title="bbox 2075 5178 3582 5242">
    <p class='ocr_par' dir='ltr' id='par_1_109' title="bbox 2075 5178 3582 5242">
     <span class='ocr_line' id='line_1_110' title="bbox 2075 5178 3582 5242; baseline -0.004 -7"><span class='ocrx_word' id='word_1_778' title='bbox 2075 5178 2290 5235; x_wconf 78' lang='lat' dir='ltr'><strong>LXXX.</strong></span> <span class='ocrx_word' id='word_1_779' title='bbox 2351 5179 2408 5234; x_wconf 89' lang='lat' dir='ltr'><strong>In</strong></span> <span class='ocrx_word' id='word_1_780' title='bbox 2465 5179 2782 5235; x_wconf 88' lang='lat' dir='ltr'><strong>memoriam</strong></span> <span class='ocrx_word' id='word_1_781' title='bbox 2833 5178 3012 5234; x_wconf 91' lang='lat' dir='ltr'><strong>denuo</strong></span> <span class='ocrx_word' id='word_1_782' title='bbox 3060 5179 3422 5233; x_wconf 83' lang='lat' dir='ltr'><strong>revocandum</strong></span> <span class='ocrx_word' id='word_1_783' title='bbox 3475 5189 3582 5242; x_wconf 66' lang='lat' dir='ltr'><strong>est,</strong></span> 
     </span>
    </p>
   </div>
   <div class='ocr_carea' id='block_1_110' title="bbox 2003 5272 3582 5347">
    <p class='ocr_par' dir='ltr' id='par_1_110' title="bbox 2003 5272 3582 5347">
     <span class='ocr_line' id='line_1_111' title="bbox 2003 5272 3582 5347; baseline -0.003 -18"><span class='ocrx_word' id='word_1_784' title='bbox 2003 5277 2148 5347; x_wconf 91' lang='lat' dir='ltr'><strong>quod</strong></span> <span class='ocrx_word' id='word_1_785' title='bbox 2211 5275 2473 5344; x_wconf 91' lang='lat' dir='ltr'><strong>scriptum</strong></span> <span class='ocrx_word' id='word_1_786' title='bbox 2530 5283 2713 5328; x_wconf 85' lang='lat' dir='ltr'><strong>exstat</strong></span> <span class='ocrx_word' id='word_1_787' title='bbox 2749 5283 2946 5342; x_wconf 90' lang='lat' dir='ltr'><strong>quarto</strong></span> <span class='ocrx_word' id='word_1_788' title='bbox 2979 5272 3183 5343; x_wconf 79' lang='lat' dir='ltr'><strong>Regum</strong></span> <span class='ocrx_word' id='word_1_789' title='bbox 3238 5289 3252 5325; x_wconf 92' lang='lat'>:</span> <span class='ocrx_word' id='word_1_790' title='bbox 3303 5272 3384 5325; x_wconf 89' lang='lat' dir='ltr'><strong>sic</strong></span> <span class='ocrx_word' id='word_1_791' title='bbox 3437 5285 3582 5324; x_wconf 77' lang='lat' dir='ltr'><strong>Cllltli</strong></span> 
     </span>
    </p>
   </div>
   <div class='ocr_carea' id='block_1_111' title="bbox 2003 5364 3581 5436">
    <p class='ocr_par' dir='ltr' id='par_1_111' title="bbox 2003 5364 3581 5436">
     <span class='ocr_line' id='line_1_112' title="bbox 2003 5364 3581 5436; baseline -0.001 -16"><span class='ocrx_word' id='word_1_792' title='bbox 2003 5365 2161 5420; x_wconf 81' lang='lat' dir='ltr'><strong>facile</strong></span> <span class='ocrx_word' id='word_1_793' title='bbox 2191 5365 2543 5436; x_wconf 81' lang='lat' dir='ltr'><strong>intelligimus</strong></span> <span class='ocrx_word' id='word_1_794' title='bbox 2583 5365 2710 5434; x_wconf 89' lang='lat' dir='ltr'><strong>quid</strong></span> <span class='ocrx_word' id='word_1_795' title='bbox 2759 5364 2862 5419; x_wconf 91' lang='lat' dir='ltr'><strong>sibi</strong></span> <span class='ocrx_word' id='word_1_796' title='bbox 2907 5365 3072 5419; x_wconf 88' lang='lat' dir='ltr'><strong>verba</strong></span> <span class='ocrx_word' id='word_1_797' title='bbox 3116 5364 3345 5418; x_wconf 89' lang='lat' dir='ltr'><strong>recitata</strong></span> <span class='ocrx_word' id='word_1_798' title='bbox 3393 5366 3581 5419; x_wconf 85' lang='lat' dir='ltr'><strong>velint.</strong></span> 
     </span>
    </p>
   </div>
   <div class='ocr_carea' id='block_1_112' title="bbox 2002 5454 3578 5526">
    <p class='ocr_par' dir='ltr' id='par_1_112' title="bbox 2002 5454 3578 5526">
     <span class='ocr_line' id='line_1_113' title="bbox 2002 5454 3578 5526; baseline -0.001 -16"><span class='ocrx_word' id='word_1_799' title='bbox 2002 5463 2140 5512; x_wconf 86' lang='lat' dir='ltr'><strong>Usee</strong></span> <span class='ocrx_word' id='word_1_800' title='bbox 2186 5455 2351 5525; x_wconf 80' lang='lat' dir='ltr'><strong>igitur</strong></span> <span class='ocrx_word' id='word_1_801' title='bbox 2399 5456 2542 5511; x_wconf 88' lang='lat' dir='ltr'><strong>filius</strong></span> <span class='ocrx_word' id='word_1_802' title='bbox 2589 5455 2683 5510; x_wconf 88' lang='lat' dir='ltr'><strong>Ela</strong></span> <span class='ocrx_word' id='word_1_803' title='bbox 2735 5457 2994 5526; x_wconf 63' lang='lat' dir='ltr'><strong>regnatrit‘</strong></span> <span class='ocrx_word' id='word_1_804' title='bbox 3041 5456 3094 5509; x_wconf 91' lang='lat' dir='ltr'><strong>in</strong></span> <span class='ocrx_word' id='word_1_805' title='bbox 3138 5454 3382 5510; x_wconf 82' lang='lat' dir='ltr'><strong>Samaria</strong></span> <span class='ocrx_word' id='word_1_806' title='bbox 3421 5470 3578 5524; x_wconf 83' lang='lat' dir='ltr'><strong>super</strong></span> 
     </span>
    </p>
   </div>
   <div class='ocr_carea' id='block_1_113' title="bbox 2001 5545 3577 5619">
    <p class='ocr_par' dir='ltr' id='par_1_113' title="bbox 2001 5545 3577 5619">
     <span class='ocr_line' id='line_1_114' title="bbox 2001 5545 3577 5619; baseline -0.002 -18"><span class='ocrx_word' id='word_1_807' title='bbox 2001 5548 2167 5605; x_wconf 82' lang='lat' dir='ltr'><strong>Israel</strong></span> <span class='ocrx_word' id='word_1_808' title='bbox 2205 5549 2244 5579; x_wconf 83' lang='lat'>“</span> <span class='ocrx_word' id='word_1_809' title='bbox 2284 5568 2297 5603; x_wconf 94' lang='lat'>:</span> <span class='ocrx_word' id='word_1_810' title='bbox 2334 5549 2400 5602; x_wconf 84' lang='lat' dir='ltr'><strong>ad</strong></span> <span class='ocrx_word' id='word_1_811' title='bbox 2432 5564 2591 5619; x_wconf 91' lang='lat' dir='ltr'><strong>quem</strong></span> <span class='ocrx_word' id='word_1_812' title='bbox 2616 5548 2836 5603; x_wconf 89' lang='lat' dir='ltr'><strong>nuntios</strong></span> <span class='ocrx_word' id='word_1_813' title='bbox 2883 5547 3031 5603; x_wconf 89' lang='lat' dir='ltr'><strong>misit</strong></span> <span class='ocrx_word' id='word_1_814' title='bbox 3077 5545 3428 5601; x_wconf 82' lang='lat' dir='ltr'><strong>Salmanasar</strong></span> <span class='ocrx_word' id='word_1_815' title='bbox 3474 5545 3577 5599; x_wconf 89' lang='lat' dir='ltr'><strong>As-</strong></span> 
     </span>
    </p>
   </div>
   <div class='ocr_carea' id='block_1_114' title="bbox 2001 5640 3577 5712">
    <p class='ocr_par' dir='ltr' id='par_1_114' title="bbox 2001 5640 3577 5712">
     <span class='ocr_line' id='line_1_115' title="bbox 2001 5640 3577 5712; baseline 0.001 -19"><span class='ocrx_word' id='word_1_816' title='bbox 2001 5645 2204 5711; x_wconf 81' lang='lat' dir='ltr'><strong>syrius,</strong></span> <span class='ocrx_word' id='word_1_817' title='bbox 2261 5651 2518 5698; x_wconf 87' lang='lat' dir='ltr'><strong>consueta</strong></span> <span class='ocrx_word' id='word_1_818' title='bbox 2581 5655 2810 5697; x_wconf 85' lang='lat' dir='ltr'><strong>munera</strong></span> <span class='ocrx_word' id='word_1_819' title='bbox 2859 5640 3185 5712; x_wconf 85' lang='lat' dir='ltr'><strong>imperiosus</strong></span> <span class='ocrx_word' id='word_1_820' title='bbox 3233 5640 3459 5712; x_wconf 82' lang='lat' dir='ltr'><strong>exigens</strong></span> <span class='ocrx_word' id='word_1_821' title='bbox 3517 5652 3577 5694; x_wconf 78' lang='lat' dir='ltr'><strong>ac</strong></span> 
     </span>
    </p>
   </div>
  </div>
