4110 6368
522 327 618 382 σοι

1480 315 1572 372 ’8.
1614 315 1885 371 CYlllLLl
1928 310 2401 368 ALEXANDRINI
2443 306 2759 364 ARClllEP.

3687 291 3792 344 192

521 437 907 508 propemodum
969 432 1132 486 etiam
1193 432 1401 484 tributa
1458 430 1641 484 lsraeli
1694 430 1973 497 imponere
2012 443 2108 479 cn-

2224 425 2330 495 ὶῦχὶ
2377 425 2471 477 καὶ
2519 420 2874 491 δασμολογεῖν
2924 417 3123 471 ἐθέλων
3174 413 3264 465 τὸν
3320 409 3554 482 Ἰσραήλ.
3619 407 3678 460 Ὀ
3736 405 3791 457 δὲ

524 529 701 598 piens.
737 524 894 594 113
919 523 1057 578 Osee
1082 521 1340 576 servitute
1363 531 1607 575 recnsata
1640 523 1705 573 ad
1738 519 2102 574 resistendum

523 633 652 673 sese
680 617 1032 684 comparabat
1061 655 1076 680 ,
1105 615 1148 668 si
1201 614 1347 669 forte
1398 617 1464 669 ad
1495 630 1645 668 arma
1683 614 1934 668 Israelem
1964 627 2110 666 com-

534 708 782 778 pelleret.
845 707 1044 761 Deinde
1123 706 1189 759 ad
1259 705 1430 774 Segor
1483 704 1865 776 Egyptiorum
1928 717 2106 772 regem

529 785 728 857 auxilia
777 802 1003 870 petitum
1043 799 1210 861 misit,
1242 801 1384 868 quod
1413 814 1469 852 se
1518 799 1612 852 illo
1640 799 1931 866 adjuvante
1954 836 1967 860 ,
2003 796 2102 849 As-

527 894 676 962 syrio
706 892 1040 959 superiorem
1091 889 1206 944 fore
1244 890 1565 945 contiderel.
1593 887 1674 944 0b
1711 890 1813 943 hoc
1854 887 2110 958 Assyrius

530 984 734 1051 ingenti
762 983 948 1036 dolore
995 990 1050 1035 et
1098 981 1387 1034 iracundia
1423 981 1748 1046 concitatus,
1786 979 1979 1032 bellum
2028 976 2110 1032 ls-

533 1075 662 1127 raeli
699 1073 848 1137 facit,
879 1081 934 1126 et
963 1071 1100 1126 Osee
1131 1073 1294 1140 capit,
1339 1079 1394 1125 et
1431 1087 1554 1125 cum
1599 1087 1664 1126 eo
1713 1079 1901 1139 captus
1948 1068 2113 1124 Israel

537 1165 783 1218 Samaria
878 1165 1149 1230 emigrare
1217 1163 1448 1232 cogitur.
1525 1162 1711 1232 Itaque
1775 1161 1954 1216 factus
2029 1169 2114 1214 est

533 1254 786 1325 Ephraim
823 1265 889 1307 ut
913 1254 1163 1308 columba
1201 1254 1674 1322 insipientissima,
1731 1268 1836 1307 non
1886 1254 2023 1307 bene
2057 1261 2114 1306 et

529 1357 833 1416 opportune
859 1347 1106 1415 simplex.
1147 1346 1376 1400 Proinde
1405 1355 1459 1400 et
1507 1345 1778 1408 Christus,
1824 1364 1842 1397 ς
1893 1344 2106 1408 Estote,

536 1441 733 1510 inquit,
763 1441 1058 1510 prudentes
1087 1440 1227 1493 sicut
1258 1445 1557 1506 serpentes,
1591 1447 1646 1491 et
1672 1437 1944 1506 simplices
1975 1437 2116 1491 sicut

539 1532 809 1586 columba:
839 1531 901 1583 ¹².
969 1530 1177 1583 Murum
1210 1531 1407 1597 quippe
1433 1527 1751 1597 simplicitas
1773 1543 1896 1582 cum
1934 1526 2115 1580 animo

537 1624 751 1677 liberali
783 1623 976 1677 merito
1006 1622 1226 1675 maximi
1255 1620 1501 1674 facienda
1528 1628 1632 1674 est.
1665 1620 1903 1673 Absente
1932 1626 2112 1672 autem

537 1716 849 1786 prudentia,
884 1713 1207 1783 simplicitas
1243 1713 1727 1777 detrimentosa,et
1763 1711 1995 1764 stultitia
2040 1711 2109 1765 de

2216 516 2467 568 ἀνένευσε
2500 513 2598 584 τὴν
2637 509 2904 568 δουλείαν,
2946 505 3177 578 ἐμελέτα
3210 503 3266 556 δέ
3309 499 3507 570 μᾶλλον
3554 496 3652 566 τὴν
3701 496 3794 547 άν-

2213 609 2480 667 τίστασιν,
2525 604 2631 657 κᾶν
2684 605 2732 655 εί
2782 602 2956 654 ’έλοιτο
3007 597 3170 667 τυχὸν
3199 596 3289 647 τὸν
3345 591 3583 660 πολέμου
3631 588 3793 657 νόμον

2215 691 2587 761 ἐπιθέσθαιτῷ
2623 690 2858 760 Ἰσραήλ.
2896 684 3029 741 Εἶτα
3056 685 3191 757 πρὸς
3208 681 3404 754 Σηγὼρ
3435 677 3796 749 ἐπρεσϐεύετο

2214 786 2307 838 τὸν
2350 782 2629 852 Αἰγύπτου
2693 781 2992 852 τύραννον,
3035 775 3354 848 ἐπικουρίαν
3396 773 3584 827 αἰτῶν.
3631 770 3796 841 ’ῼήϐη

2216 877 2347 948 γὰρ,
2379 878 2459 930 ὅτι
2488 873 2770 946 περιέσται
2805 875 2902 926 σὺν
2937 870 3084 941 αὐτῷ
3114 871 3212 940 τῆς
3243 864 3548 937 Ἀσσυρίων
3592 859 3793 933 χειρός.

2219 969 2363 1040 Πρὸς
2390 966 2552 1021 τοῦτο
2587 967 2644 1020 δὲ
2687 965 2923 1036 μάλιστα
2962 960 3338 1031 λελυπημένος
3381 959 3612 1019 ἐκεῖνος,
3644 952 3797 1005 πόλε-

2222 1079 2321 1133 μον
2353 1062 2568 1132 αἴρεται
2611 1058 2756 1113 κατὰ
2807 1059 2900 1112 τοῦ
2945 1055 3179 1127 Ἰσραήλ.
3215 1047 3348 1105 Εἶτα
3385 1049 3608 1118 γέγονεν
3654 1042 3800 1113 αὐτῷ

2217 1149 2405 1220 δοῦλος
2464 1153 2660 1226 Ὠσηὲ,
2707 1151 3044 1224 δορύληπτος
3081 1149 3137 1202 δὲ
3195 1147 3290 1200 σὺν
3328 1142 3475 1212 αὐτῷ
3510 1141 3602 1194 καὶ
3639 1137 3800 1200 αὐτὸς

2220 1247 2532 1320 ἀπῳκίζετο
2566 1248 2667 1317 τῆς
2695 1243 3010 1316 Σαμαρείας
3038 1243 3066 1294 6
3096 1233 3556 1310 ’1σραήλ.υύκοῦν
3579 1232 3800 1301 γέγονεν

2233 1340 2473 1412 Ἐφραῒμ
2514 1339 2590 1402 ὡς
2614 1337 2921 1404 ἀνουστάτη
2957 1331 3278 1405 περιστερὰ,
3309 1328 3410 1381 οὐκ
3439 1327 3532 1379 ἐπὶ
3565 1322 3713 1392 καλῷ
3742 1321 3802 1373 τὸ

2219 1435 2477 1505 ἀκέραιον
2514 1431 2673 1502 ἔχων.
2711 1429 3003 1499 Τοιγάρτοι
3032 1425 3128 1479 καὶ
3172 1426 3200 1477 6
3231 1419 3486 1491 Χριστὸς,
3516 1437 3534 1469 ι
3553 1414 3798 1476 Γίνεσθε,

2221 1526 2377 1597 φησὶ,
2405 1524 2658 1595 φρόνιμοι
2691 1521 2824 1573 ὡσεὶ
2855 1520 3030 1588 ὄφεις,
3063 1517 3156 1569 καὶ
3178 1513 3426 1582 ἀκέραιοι
3463 1510 3539 1572 ὡς
3557 1509 3801 1597 αίνπερι-

2224 1595 2434 1687 στνεραί.
2466 1633 2486 1664 ι
2515 1611 2782 1680 Ἀπλότης
2829 1609 2927 1679 μὲν
2960 1607 3069 1678 γὰρ
3098 1603 3268 1674 ἠθῶν,
3297 1601 3391 1654 καὶ
3424 1599 3486 1652 τὸ
3517 1595 3802 1665 ἐλεύθερον

2225 1708 2500 1778 φρόνημα,
2530 1703 2719 1773 γένοιτ’
2747 1702 2814 1756 ἂν
2848 1701 3072 1762 είκότως
3093 1696 3187 1751 τοῦ
3210 1694 3412 1757 παντὸς
3444 1691 3594 1756 ἄξιον
3619 1689 3799 1758 λόγου.

537 1818 738 1862 caetero
806 1807 1075 1863 censenda
1139 1815 1240 1861 est.
1292 1806 1562 1874 [nsipiens
1625 1806 1788 1874 igitur
1837 1803 2114 1872 Ephraim.

2224 1800 2494 1862 Συνέσεως
2530 1797 2587 1850 δὲ
2624 1794 2907 1864 ἀπούσης,
2961 1791 3024 1845 τὺ
3079 1789 3284 1844 ἁπλοῦν
3336 1785 3659 1857 ἐπιδήμιον,
3708 1779 3802 1834 καὶ

539 1900 784 1966 Quonam
818 1900 1032 1954 tandem
1064 1897 1264 1952 modo?
1291 1896 1580 1952 lnvocabat
1614 1898 1759 1951 enim
1804 1894 2112 1966 Egyptios,

537 1991 633 2044 sed
671 1991 780 2042 ibat
804 1990 1046 2058 captivus
1075 1988 1140 2041 ad
1170 1986 1444 2056 Assyrios,
1473 2001 1596 2039 cum
1637 1984 1808 2055 Segor
1849 1984 2114 2037 auxilium

539 2092 830 2149 apportare
859 2097 964 2135 non
991 2079 1214 2136 valeret.
1238 2079 1306 2133 Et
1331 2080 1604 2148 quomodo
1643 2093 1749 2131 non
1787 2077 2111 2146 expediebat

537 2189 836 2243 supernum
869 2173 1067 2242 potius,
1111 2171 1568 2240 inexpugnabile,
1616 2185 1780 2239 quam
1821 2170 2119 2223 humanum

538 2281 786 2335 qnmrere
814 2263 1167 2331 praesidium?
1203 2262 1438 2316 Proinde
1465 2271 1519 2316 et
1557 2261 1938 2314 universorum
1970 2259 2113 2315 Deus

540 2371 637 2425 per
670 2356 902 2409 Isaiam:
943 2373 960 2406 ‹
1000 2355 1089 2407 Vae
1115 2353 1203 2422 qui
1234 2353 1570 2407 descendunt
1625 2352 1678 2406 in
1718 2351 2014 2422 {Egyptum
2047 2351 2114 2404 ad

541 2448 825 2511 auxilium,
845 2449 898 2501 in
922 2447 1076 2515 equis
1094 2445 1430 2500 conﬁdentes
1449 2454 1504 2499 et
1527 2444 1578 2497 in
1597 2443 1846 2498 curribus
1861 2443 1925 2496 ¹³.
1957 2463 1977 2496 ι
2005 2443 2120 2498 Non

541 2548 719 2594 autem
755 2538 959 2607 absque
982 2536 1166 2590 divino
1191 2544 1325 2589 nutu
1354 2535 1556 2589 auxilia
1581 2535 1820 2603 ipsorum
1852 2515 2124 2588 defecisse

539 2631 796 2693 ostendit,
845 2645 967 2684 cum
1028 2630 1106 2683 ait
1152 2643 1231 2694 se,
1301 2640 1630 2696 quocunque
1679 2625 1912 2688 iveriut,
1950 2626 2125 2680 instar

540 2722 977 2792 passerculorum
1011 2736 1102 2774 eos
1165 2721 1543 2774 detracturum
1575 2757 1590 2778 ,
1642 2717 1788 2772 velut
1842 2731 2120 2785 sagenam,

541 2823 636 2865 ant
664 2822 779 2866 rete
822 2809 1256 2878 superjaciendo,
1295 2823 1394 2862 nec
1451 2807 1680 2861 sinendo
1722 2807 1981 2877 gloriari;
2027 2808 2122 2862 sed

543 2902 688 2956 velut
718 2917 785 2955 ex
814 2900 923 2954 alto
958 2901 1010 2953 in
1045 2908 1267 2964 terram,
1296 2900 1398 2953 hoc
1427 2907 1533 2966 est,
1569 2913 1600 2951 a
1645 2899 1861 2954 sublimi
1892 2909 1947 2955 et
1979 2900 2122 2956 elato

543 2993 836 3062 supercilio
884 2992 950 3044 ad
1015 2991 1272 3060 lugubres
1322 3000 1378 3046 et
1426 2991 1700 3045 modestas
1739 2993 2120 3062 cogitationes,

541 3093 598 3139 et
625 3099 745 3152 qua:
775 3084 1019 3136 hostibus
1049 3081 1321 3149 subjectos
1350 3083 1577 3136 deceant
1601 3081 1938 3136 deducendo.
1971 3083 2124 3138 Sub-

537 3175 740 3242 jungit,
781 3191 800 3225 ι
835 3171 1140 3242 Corripiam
1173 3189 1269 3228 eos
1317 3174 1372 3228 in
1414 3173 1602 3227 auditu
1639 3174 2008 3229 tribulationis
2041 3177 2123 3247 ip-

543 3283 747 3329 sorum,
787 3286 806 3318 ι
847 3267 975 3320 illud
1008 3264 1320 3334 signiticare
1354 3265 1562 3328 volens,
1591 3276 1649 3319 ut
1691 3267 1822 3320 mihi
1879 3268 2119 3323 videtur.

546 3361 872 3414 Futurornm
907 3359 1075 3426 ipsam
1100 3356 1497 3425 experientiam
1551 3372 1798 3413 rumores
1827 3359 2121 3412 antecede-

545 3452 698 3514 bant,
729 3458 782 3503 et
815 3447 1020 3502 auditio
1059 3447 1320 3502 terribilis
1369 3462 1558 3501 omnes
1606 3448 1656 3499 in
1703 3447 1946 3501 Samaria
1989 3464 2122 3503 cou-

544 3543 846 3598 steruabat.
881 3540 1333 3609 Corripiebantur
1366 3540 1579 3605 itaque,
1637 3538 1865 3609 jamjam
1899 3541 2032 3608 ipsis
2066 3539 2120 3592 in

544 3635 852 3690 cervicibus
884 3633 1120 3687 futuram
1171 3630 1578 3685 tribulationem
1626 3632 1934 3685 audientes.
1972 3629 2125 3698 Quod

547 3726 590 3777 si
623 3722 958 3790 sapuissent,
992 3728 1047 3772 et
1104 3719 1208 3772 hoc
1258 3717 1362 3771 illis
1389 3719 1456 3772 ad
1511 3719 1921 3773 conversionem
1965 3719 2128 3773 snﬂ‘e-

544 3816 735 3871 cisset.
773 3813 880 3881 Sed
910 3828 1031 3866 cum
1064 3811 1134 3864 ab
1160 3811 1481 3880 accipiendo
1536 3811 1727 3866 dolore
1747 3821 1934 3867 essent
1990 3812 2126 3865 alie-

544 3907 779 3970 nissimi,
811 3919 877 3958 ne
911 3904 1024 3972 ipsa
1055 3902 1272 3972 quidem
1303 3902 1640 3969 experientia
1667 3913 1796 3956 sunt
1835 3902 2126 3964 commoti,

547 4001 729 4054 animo
749 3997 1035 4066 praefracto
1063 4005 1117 4049 et
1138 3993 1334 4059 ferreo,
1353 4003 1407 4048 et
1437 3996 1505 4050 ab
1537 3995 1913 4050 incredulitate
1936 3994 2128 4050 aﬂ‘ccto

544 4091 800 4162 pessime.

2224 1891 2406 1962 μωρία
2447 1888 2507 1942 τὸ
2538 1887 2728 1960 χρῆμα
2760 1883 2967 1940 λοιπόν.
3004 1883 3201 1944 Ἀνους
3234 1879 3299 1950 δὴ
3337 1873 3431 1930 οὖν
3468 1878 3496 1929 6
3542 1871 3805 1943 Ἑφραῒμ,

2222 1983 2358 2046 πῶς,
2407 1981 2599 2052 ἢτίνα
2647 1978 2879 2050 τρόπον;
2921 1973 3275 2028 Ἐπεκαλεῖτο
3334 1970 3432 2041 μὲν
3480 1967 3589 2036 γὰρ
3635 1965 3803 2032 Αἰγυ-

2221 2073 2433 2135 πτίους.
2478 2069 2617 2123 Ἀλλ’
2653 2068 2899 2132 ἐϐάδιζον
2931 2062 3268 2134 αἰχμάλωτοι
3293 2058 3430 2130 πρὸς
3458 2055 3801 2124 Ἀσσυρίους,

2222 2165 2583 2235 ἀτονήσαντος
2627 2162 2707 2223 εἰς
2741 2155 3064 2227 ἐπικουρίαν
3093 2151 3190 2205 τὀὖ
3245 2146 3460 2219 Σηγώρ.
3509 2143 3642 2199 Εἶτα
3688 2142 3807 2206 πῶς

2220 2259 2322 2311 οὐκ
2351 2258 2574 2327 ἄμεινον
2607 2249 2676 2321 ἦν
2718 2250 2866 2322 αὐτῷ
2919 2248 2992 2320 μὴ
3023 2247 3120 2318 τὴν
3153 2245 3213 2309 ἐξ
3244 2240 3546 2327 ἀνθρῴπων
3581 2236 3805 2307 μᾶλλον,

2222 2347 2359 2402 ἀλλὰ
2386 2326 2482 2416 τὴν
2511 2342 2719 2399 ἄνωθεν
2749 2340 2845 2394 καὶ
2897 2333 3344 2404 ἀκαταγώνιστον
3374 2326 3606 2399 ζητῆσαι
3643 2339 3804 2416 (ppon-

2222 2441 2375 2506 τίδα;
2407 2413 2702 2508 Τοιγάρτοι
2733 2435 2829 2488 καὶ
2870 2431 3108 2500 ἔφασκεν
3154 2429 3182 2480 6
3227 2425 3335 2478 τῶν
3369 2422 3505 2476 ὅλων
3551 2417 3682 2480 Θεὸς
3720 2413 3805 2468 διὸ

2225 2532 2410 2603 φωνῆς
2438 2507 2684 2585 Ἠσαίου·
2741 2546 2760 2579 ι
2795 2524 2930 2580 Οὐαὶ
2963 2525 3011 2577 οἱ
3046 2519 3469 2578 καταϐαίνοντες
3511 2514 3591 2574 εἰς
3636 2507 3806 2603 aii-ru:

2223 2598 2477 2677 ictovvérrl.
2505 2619 2780 2692 βοήθειαν,
2834 2617 2884 2670 οἱ
2908 2615 2994 2683 ἐφ’
3027 2614 3215 2674 ἵπποις
3248 2605 3568 2666 πεποιθότες
3598 2601 3692 2655 καὶ
3721 2598 3808 2668 ἐφ’

2224 2717 2488 2789 ἅρμασιν.
2522 2734 2539 2766 ι
2575 2715 2700 2766 Ὅτι
2726 2711 2784 2764 δέ
2825 2709 2886 2762 ού
2931 2707 3053 2777 δίχα
3081 2704 3216 2758 Θεοῦ
3257 2700 3350 2756 καὶ
3389 2701 3422 2770 ἡ
3454 2697 3563 2751 τῶν
3593 2697 3806 2789 ἐπαμυ-

2223 2785 2420 2863 νόντων
2449 2808 2634 2868 αὐτοῖς
2673 2802 2943 2874 ἠσθένησε
2983 2799 3130 2871 χεὶρ,
3178 2796 3448 2864 δέδειχεν,
3495 2789 3687 2851 εἰπὼν,
3733 2785 3808 2847 ὡς

2223 2903 2457 2971 ὅποιπερ
2486 2898 2553 2952 ἂν
2596 2893 2973 2966 πορεύωνται,
3017 2887 3314 2960 στρουθίων
3348 2883 3547 2944 αὐτοὺς
3586 2875 3811 2941 κατάξει

2224 2994 2399 3062 δίκην,
2423 2968 2638 3044 δίκτυον
2668 2987 2859 3056 ὥσπερ
2885 2984 2918 3057 ἦ
2945 2983 3089 3036 λίνον
3119 2976 3446 3039 ἐπιϐάλλων,
3485 2972 3579 3026 καὶ
3612 2968 3810 3032 ἀλαζο-

2227 3061 2478 3140 νεύεσθαι
2536 3081 2634 3153 μὲν
2683 3080 2785 3132 οὐκ
2838 3075 3032 3145 ἐφιεὶς,
3086 3067 3471 3138 κατακομίζων
3514 3063 3570 3116 δὲ
3621 3061 3812 3129 ὥσπερ

2229 3178 2424 3247 ὑψόθεν
2452 3152 2680 3243 είςγῆν,
2705 3168 3006 3230 τουτέστιν,
3047 3165 3105 3231 ἐξ
3137 3161 3340 3234 ὀφρύος
3365 3159 3465 3226 τῆς
3501 3157 3642 3224 ἄγαν
3673 3152 3812 3247 ὑψη-

2227 3240 2328 3336 λῆς
2369 3264 2463 3318 καὶ
2503 3240 2822 3333 ἐπηρμένης
2869 3258 2951 3320 είς
2989 3253 3205 3323 οἰκτρὸν
3265 3250 3360 3303 καὶ
3417 3247 3637 3317 μέτριον

2225 3330 2400 3424 ¹νημιι,
2433 3353 2527 3406 καὶ
2550 3330 2684 3420 ὅπερ
2708 3349 2773 3402 ἂν
2804 3345 3003 3419 πρέπει
3031 3346 3145 3405 τοῖς
3187 3340 3292 3394 ὑπὸ
3332 3339 3491 3408 χεῖρα
3532 3330 3816 3424 γεγονόσιν

2226 3420 2457 3515 ἐχθρῶν.
2494 3435 2632 3494 Εἶτά
2676 3453 2862 3508 φησιν,
2898 3436 2977 3488 ὅτι
3020 3451 3040 3484 ι
3082 3427 3367 3485 Παιδεύσω
3403 3423 3599 3484 αὐτοὺς
3637 3423 3695 3473 ἐν
3745 3420 3815 3489 τῇ

2229 3511 2366 3606 ἀκοῇ
2421 3533 2522 3603 τῆς
2577 3530 2809 3600 Θλίψεως
2843 3525 3043 3587 αὐτῶν,
3087 3543 3105 3576 ι
3156 3519 3333 3575 ἐκεῖνό
3387 3534 3514 3580 που,
3559 3511 3813 3606 καθάπερ

2233 3600 2708 3695 ἐγῷμαιξδηλοῦν
2759 3617 2978 3672 ἐθέλων.
3021 3609 3384 3686 Προεὸάδιζον
3417 3606 3516 3678 μέν
3566 3600 3814 3695 γὰρ-τῆς

2233 3691 2430 3786 πείρας
2456 3691 2624 3782 αὐτῆς
2654 3710 2765 3763 τῶν
2785 3707 3058 3779 ἐσομένων
3076 3705 3125 3757 οἱ
3149 3699 3390 3773 θρύλλοι,
3412 3696 3508 3750 καὶ
3534 3691 3814 3786 φρικώδης

2225 3807 2362 3879 ἀκοὴ
2415 3803 2704 3860 κατεπτόει
2738 3818 2840 3854 που
2896 3799 3106 3860 πάντας
3154 3797 3210 3848 ἐν
3258 3789 3561 3862 Σαμαρείᾳ.
3602 3781 3814 3838 Οὐκοῦν

2229 3897 2614 3961 ἐπαιδεύοντο,
2647 3894 2744 3963 τὴν
2785 3895 2907 3946 ὅσον
2950 3888 3162 3943 οὐδέπω
3207 3883 3586 3958 παρεσομένην
3630 3878 3813 3940 αὐτοῖς

2229 3991 2519 4052 ἀκούοντες
2553 3986 2754 4056 Θλίψιν.
2797 3983 2937 4036 Ἀλλ’
2992 3981 3150 4052 εἴπερ
3197 3975 3339 4050 ἦσαν
3375 3975 3550 4045 σοφοὶ,
3581 3973 3815 4044 ἤρκεσεν

2232 4084 2300 4138 ἂν
2327 4083 2512 4144 αὐτοῖς
2543 4081 2620 4143 είς
2662 4075 3000 4147 ἐπιστροφὴν
3030 4074 3126 4127 καὶ
3159 4072 3334 4125 τοῦτο.
3382 4067 3720 4136 ᾼυσάλγητοι
3753 4061 3814 4115 δὲ

540 4187 696 4247 ὖντες
751 4180 894 4243 λίαν,
933 4177 1054 4230 ούδέ
1099 4176 1198 4248 τὴν
1250 4177 1442 4247 πεῖραν
1501 4176 1671 4248 αὐτὴν
1720 4174 2154 4246 δεδυσώπηνται,
2197 4176 2429 4250 σκληρόν
2473 4190 2535 4226 τε
2581 4173 2675 4226 καὶ
2742 4169 3080 4240 ἄθραυστον,
3129 4165 3226 4218 καὶ
3276 4163 3409 4216 πολὺ
3453 4159 3713 4214 νοσοῦντα
3754 4153 3814 4207 τὸ

539 4274 769 4338 ,ἀπειθὲς
795 4272 1010 4342 ἔχοντες
1041 4268 1187 4321 νοῦν.

615 4337 784 4421 Vsus.
950 4360 1035 4414 Va:
1069 4360 1170 4420 eis,
1206 4358 1455 4427 quoniam
1491 4357 1788 4412 resilierunt
1818 4375 1848 4411 a
1881 4375 1982 4412 me.
2019 4357 2118 4413 Mi-

2309 4355 2452 4410 Οῠαὶ
2495 4351 2720 4416 αὐτοῖς,
2757 4349 2846 4404 ὅτι
2882 4345 3287 4414 ἀπεπήδησαν
3335 4341 3437 4397 ἀπ’
3477 4339 3646 4410 ἐμοῦ.
3693 4337 3812 4391 Δεί-

543 4458 651 4514 seri
686 4464 836 4515 sunt,
867 4453 1117 4522 quoniam
1153 4450 1307 4517 impie
1341 4458 1555 4516 egerunt
1591 4447 1645 4500 in
1681 4464 1780 4501 me.

618 4542 1090 4602 LXXXI.Cansam
1119 4541 1376 4593 malorum
1404 4537 1568 4592 fuisse
1591 4537 1722 4606 ipsis
1745 4538 2128 4593 discessionem

545 4659 577 4696 ιι
614 4642 741 4705 Deo,
768 4637 928 4692 etiam
960 4636 1043 4689 his
1087 4633 1270 4688 verbis
1322 4631 1514 4700 aperit.
1571 4628 1731 4700 114
1771 4630 2131 4697 Quemadmo-

544 4732 672 4785 dum
700 4728 843 4783 enim
870 4727 962 4796 qui
991 4726 1310 4794 corporibus
1364 4729 1651 4787 aegrotant,
1686 4719 1786 4775 sibi
1817 4721 2128 4775 morborum

545 4819 910 4875 cruciamenta
945 4816 1238 4869 accersisse
1271 4813 1688 4873 convincuntur,
1727 4811 1771 4865 si
1811 4813 2048 4867 medicos
2079 4821 2131 4865 et

546 4912 939 4968 medicamenta
983 4905 1235 4961 sedandis
1281 4904 1648 4973 pellendisqne
1690 4902 1965 4958 doloribus
2009 4904 2126 4959 ido-

547 5019 648 5060 nea
681 4999 1018 5070 respnerint;
1050 4998 1122 5050 ita
1153 5012 1249 5051 nos
1275 5011 1488 5065 quoque
1513 4996 1768 5051 charitati
1798 5012 1922 5066 erga
1957 4995 2122 5050 Deum

544 5102 760 5151 nosmet
793 5090 1202 5154 subtrahentes,
1241 5103 1345 5144 non
1380 5089 1723 5143 mediocriter
1755 5087 2120 5157 peccabimus.

545 5185 677 5239 Nam
716 5185 804 5253 qui
846 5183 1013 5236 Deum
1052 5179 1302 5243 oll‘endit,
1341 5195 1462 5234 eum
1506 5181 1650 5250 quod
1688 5178 1896 5233 salvare
1935 5187 2122 5247 queat,

543 5277 677 5331 nihil
705 5286 808 5331 est.
841 5273 975 5340 Quia
1011 5273 1174 5342 igitur
1203 5287 1230 5325 a
1267 5272 1376 5326 Deo
1405 5271 1758 5341 aufugerunt,
1793 5271 1992 5324 ideirco
2026 5272 2124 5322 mi-

2232 4446 2395 4500 λαιοί
2420 4446 2598 4504 εἰσιν,
2642 4441 2730 4494 ὅτι
2757 4439 3076 4508 ἠσέϐησαν
3103 4436 3192 4498 εις
3227 4431 3350 4500 ἐμέ.

2302 4538 2429 4590 IIA'.
2449 4537 2571 4588 Ὅτι
2594 4534 2864 4605 πρόφασις
2886 4531 3069 4590 αὐτοῖς
3086 4525 3194 4579 τῶν
3213 4523 3400 4577 δεινῶν
3430 4522 3491 4575 τὸ
3511 4520 3812 4591 ἀποστῆναι

2230 4631 2389 4694 Θεοῦ,
2407 4627 2601 4682 καὶδιὰ
2620 4628 2825 4680 τούτων
2851 4626 2981 4695 ἡμῖν
3005 4621 3324 4689 καθίστησιν
3348 4615 3812 4688 ἐναργές.”ονπερ

2232 4723 2341 4793 γὰρ
2370 4721 2571 4792 τρόπον
2619 4720 2669 4771 οἱ
2726 4714 3136 4788 ἀρρωστοῦντες
3182 4708 3551 4781 σωματικῶς,
3603 4708 3812 4769 ἐαυτοῖς

2235 4815 2514 4886 παραίτιοι
2545 4812 2830 4880 γεγονότες
2860 4811 2956 4878 τῆς
2993 4806 3102 4859 τῶν
3139 4801 3462 4874 νοσημάτων
3491 4799 3812 4870 ἀγριότητος

2234 4905 2409 4958 ἁλοῖεν
2447 4903 2532 4968 ἂν,
2574 4905 2622 4955 εἰ
2662 4901 2736 4972 μὴ
2779 4898 3150 4970 παραδέχοντο
3176 4893 3302 4955 τοὺς
3347 4893 3585 4962 ἰατροὺς,
3621 4890 3717 4944 καὶ
3746 4889 3812 4941 τὸ

2230 4995 2298 5049 δι’
2328 4988 2400 5048 ὧν
2445 4995 2511 5048 ἂν
2536 4993 2782 5046 δύναιντο
2835 4985 3264 5050 κατευνάζεσοαι
3301 4984 3361 5037 τὸ
3406 4981 3634 5036 λυποῦν·
3671 4979 3814 5034 οὕτω

2232 5088 2323 5141 καὶ
2347 5089 2508 5158 ἡμεῖς
2524 5087 2622 5157 τῆς
2643 5087 2722 5148 εἰς
2748 5084 2882 5137 Θεὸν
2908 5081 3128 5151 ἀγάπης
3153 5076 3378 5140 ἑαυτοὺς
3404 5073 3812 5144 ἐκκομίζοντες,

2229 5179 2291 5230 ού
2319 5178 2554 5249 μετρίως
2587 5176 2954 5244 ἀδικήσωμεν,
2987 5170 3156 5236 Σώζει
3189 5171 3298 5239 γὰρ
3330 5167 3482 5220 οὐδὲν
3512 5165 3605 5217 τὸν
3646 5177 3809 5232 προσ-

2223 5269 2487 5341 κρούοντα
2519 5267 2658 5338 Θεῷ.
2720 5268 2843 5320 Ὅτι
2891 5265 3069 5317 τοίνυν
3116 5260 3603 5332 ἀποδεδραμήκασι
3652 5252 3811 5314 Θεοῦ,

543 5369 652 5422 seri
699 5375 754 5421 et
797 5341 1086 5420 maledicti.
1129 5362 1264 5429 Quia
1303 5376 1434 5415 vero
1483 5362 1643 5430 impie
1691 5369 1938 5428 egerunt,
1982 5359 2118 5429 quod

2224 5360 2480 5432 ταύτῃτοι
2516 5358 2737 5411 δείλαιοι
2799 5356 2893 5409 καὶ
2922 5355 3213 5424 ἐπάρατοι.
3243 5345 3711 5418 Δεδυσσεϐηκότες
3731 5341 3812 5403 δὲ,

541 5460 707 5514 faisos
737 5459 865 5512 deos
899 5459 1227 5520 adorarunt,
1260 5455 1582 5524 divinosque
1618 5454 1723 5508 illis
1761 5453 1996 5509 honores
2031 5452 2118 5508 tri-

2224 5451 2312 5504 διά.
2340 5468 2404 5520 γε
2431 5450 2525 5503 τοῦ
2576 5449 2903 5520 προσκυνεῖν
2931 5449 3045 5510 τοῖς
3072 5443 3448 5515 ψευδωνύμως
3488 5440 3630 5502 Θεοῖς
3655 5476 3670 5502 ,
3718 5433 3808 5487 καὶ

541 5548 799 5612 buerunt,
825 5546 1178 5617 subjacebunt
1203 5560 1301 5598 vae.
1333 5565 1349 5596 ε
1383 5542 1594 5599 Etenim
1625 5545 1668 5600 si
1697 5543 1955 5601 clauserit
1982 5542 2118 5598 Deus

2224 5544 2489 5599 ἀνάπτειν
2527 5543 2708 5606 αὐτοῖς
2751 5541 2810 5595 τὸ
2862 5540 3048 5609 σέϐας,
3101 5537 3482 5593 ὑποκείσονται
3530 5532 3608 5603 τῷ
3665 5526 3808 5583 οὐαί,

513 5717 526 5734 ³
614 5724 655 5753 η
690 5721 876 5777 Matth.
914 5739 967 5788 χ,
1015 5722 1096 5777 l6.
1180 5721 1352 5776 1³ιδίι.
1391 5735 1538 5788 χχχι,
1578 5719 1626 5773 1.
