  <div class='ocr_page' id='page_1' title='image "/cluster/home/n/w/nwhite01/storage/ocr_20150623/71/nnc1.0046980199/112.png"; bbox 0 0 4110 6368; ppageno 0'>
   <div class='ocr_carea' id='block_1_1' title="bbox 299 362 404 421">
    <p class='ocr_par' dir='ltr' id='par_1_1' title="bbox 299 362 404 421">
     <span class='ocr_line' id='line_1_1' title="bbox 299 362 404 421; baseline 0 -1"><span class='ocrx_word' id='word_1_1' title='bbox 299 362 404 421; x_wconf 73' lang='grc'><strong>193</strong></span> 
     </span>
    </p>
   </div>
   <div class='ocr_carea' id='block_1_2' title="bbox 1217 359 2627 425">
    <p class='ocr_par' dir='ltr' id='par_1_2' title="bbox 1217 359 2627 425">
     <span class='ocr_line' id='line_1_2' title="bbox 1217 359 2627 425; baseline 0.005 -7"><span class='ocrx_word' id='word_1_2' title='bbox 1217 359 1770 422; x_wconf 73' lang='lat' dir='ltr'><strong>COMMENTARIUS</strong></span> <span class='ocrx_word' id='word_1_3' title='bbox 1806 360 1873 416; x_wconf 80' lang='lat' dir='ltr'><strong>IN</strong></span> <span class='ocrx_word' id='word_1_4' title='bbox 1907 363 2138 421; x_wconf 76' lang='lat' dir='ltr'><strong>OSEAM</strong></span> <span class='ocrx_word' id='word_1_5' title='bbox 2178 365 2627 425; x_wconf 73' lang='lat' dir='ltr'><strong>PROPHETAM.</strong></span> 
     </span>
    </p>
   </div>
   <div class='ocr_carea' id='block_1_3' title="bbox 3477 371 3582 426">
    <p class='ocr_par' dir='ltr' id='par_1_3' title="bbox 3477 371 3582 426">
     <span class='ocr_line' id='line_1_3' title="bbox 3477 371 3582 426; baseline 0.01 -2"><span class='ocrx_word' id='word_1_6' title='bbox 3477 371 3582 426; x_wconf 63' lang='lat'><strong>{0-5</strong></span> 
     </span>
    </p>
   </div>
   <div class='ocr_carea' id='block_1_4' title="bbox 307 479 1889 557">
    <p class='ocr_par' dir='ltr' id='par_1_4' title="bbox 307 479 1884 554">
     <span class='ocr_line' id='line_1_4' title="bbox 307 479 1884 554; baseline 0.001 -22"><span class='ocrx_word' id='word_1_7' title='bbox 307 500 324 532; x_wconf 86' lang='grc' dir='ltr'><strong>ι</strong></span> <span class='ocrx_word' id='word_1_8' title='bbox 348 480 471 535; x_wconf 68' lang='grc' dir='ltr'><strong>Ἐὰν</strong></span> <span class='ocrx_word' id='word_1_9' title='bbox 493 479 600 550; x_wconf 81' lang='grc' dir='ltr'>γάρ</span> <span class='ocrx_word' id='word_1_10' title='bbox 623 480 814 554; x_wconf 83' lang='grc' dir='ltr'>κλείσῃ</span> <span class='ocrx_word' id='word_1_11' title='bbox 841 479 982 533; x_wconf 82' lang='grc' dir='ltr'><strong>κατὰ</strong></span> <span class='ocrx_word' id='word_1_12' title='bbox 1003 479 1293 551; x_wconf 78' lang='grc' dir='ltr'>ἀνθρώπου</span> <span class='ocrx_word' id='word_1_13' title='bbox 1323 481 1474 544; x_wconf 78' lang='grc' dir='ltr'>Θεὸς,</span> <span class='ocrx_word' id='word_1_14' title='bbox 1501 481 1584 545; x_wconf 86' lang='grc' dir='ltr'><strong>τίς</strong></span> <span class='ocrx_word' id='word_1_15' title='bbox 1609 481 1840 548; x_wconf 83' lang='grc' dir='ltr'>ἀνοίξει;</span> <span class='ocrx_word' id='word_1_16' title='bbox 1867 502 1884 534; x_wconf 75' lang='grc' dir='ltr'><strong>ι</strong></span> 
     </span>
    </p>
   </div>
   <div class='ocr_carea' id='block_1_5' title="bbox 1991 479 3578 557">
    <p class='ocr_par' dir='ltr' id='par_1_5' title="bbox 1995 486 3578 557">
     <span class='ocr_line' id='line_1_5' title="bbox 1995 486 3578 557; baseline 0.004 -18"><span class='ocrx_word' id='word_1_17' title='bbox 1995 494 2182 539; x_wconf 89' lang='lat' dir='ltr'><strong>contra</strong></span> <span class='ocrx_word' id='word_1_18' title='bbox 2219 489 2516 553; x_wconf 83' lang='lat' dir='ltr'><strong>hominem,</strong></span> <span class='ocrx_word' id='word_1_19' title='bbox 2543 487 2667 557; x_wconf 85' lang='lat' dir='ltr'><strong>quis</strong></span> <span class='ocrx_word' id='word_1_20' title='bbox 2698 486 3000 556; x_wconf 71' lang='lat' dir='ltr'><strong>aperiet“?</strong></span> <span class='ocrx_word' id='word_1_21' title='bbox 3030 506 3048 540; x_wconf 75' lang='grc' dir='ltr'><strong>ι</strong></span> <span class='ocrx_word' id='word_1_22' title='bbox 3083 495 3141 540; x_wconf 84' lang='grc' dir='ltr'><strong>ιιι</strong></span> <span class='ocrx_word' id='word_1_23' title='bbox 3174 486 3438 557; x_wconf 88' lang='lat' dir='ltr'><strong>scriptum</strong></span> <span class='ocrx_word' id='word_1_24' title='bbox 3475 501 3578 546; x_wconf 74' lang='lat' dir='ltr'><strong>est.</strong></span> 
     </span>
    </p>
   </div>
   <div class='ocr_carea' id='block_1_6' title="bbox 301 572 955 643">
    <p class='ocr_par' dir='ltr' id='par_1_6' title="bbox 301 572 955 643">
     <span class='ocr_line' id='line_1_6' title="bbox 301 572 955 643; baseline -0.003 -17"><span class='ocrx_word' id='word_1_25' title='bbox 301 572 437 626; x_wconf 84' lang='grc' dir='ltr'>κατὰ</span> <span class='ocrx_word' id='word_1_26' title='bbox 465 572 525 624; x_wconf 74' lang='grc' dir='ltr'>τὸ</span> <span class='ocrx_word' id='word_1_27' title='bbox 551 572 955 643; x_wconf 80' lang='grc' dir='ltr'>γεγραμμένον,</span> 
     </span>
    </p>
   </div>
   <div class='ocr_carea' id='block_1_7' title="bbox 382 701 1888 770">
    <p class='ocr_par' dir='ltr' id='par_1_7' title="bbox 382 701 1888 770">
     <span class='ocr_line' id='line_1_7' title="bbox 382 701 1888 770; baseline 0.001 -18"><span class='ocrx_word' id='word_1_28' title='bbox 382 702 523 769; x_wconf 77' lang='grc' dir='ltr'><strong>Ἐγὼ</strong></span> <span class='ocrx_word' id='word_1_29' title='bbox 555 701 623 754; x_wconf 81' lang='grc' dir='ltr'>δὲ</span> <span class='ocrx_word' id='word_1_30' title='bbox 657 701 1093 770; x_wconf 72' lang='grc' dir='ltr'>ἑλιντρωσάμην</span> <span class='ocrx_word' id='word_1_31' title='bbox 1122 701 1366 767; x_wconf 77' lang='grc' dir='ltr'>αὐτοὺς,</span> <span class='ocrx_word' id='word_1_32' title='bbox 1409 702 1580 755; x_wconf 79' lang='grc' dir='ltr'>αὐτοὶ</span> <span class='ocrx_word' id='word_1_33' title='bbox 1631 701 1700 754; x_wconf 80' lang='grc' dir='ltr'>δὲ</span> <span class='ocrx_word' id='word_1_34' title='bbox 1745 716 1888 754; x_wconf 85' lang='grc' dir='ltr'>κατ-</span> 
     </span>
    </p>
   </div>
   <div class='ocr_carea' id='block_1_8' title="bbox 298 792 1892 862">
    <p class='ocr_par' dir='ltr' id='par_1_8' title="bbox 298 792 1892 862">
     <span class='ocr_line' id='line_1_8' title="bbox 298 792 1892 862; baseline -0.001 -15"><span class='ocrx_word' id='word_1_35' title='bbox 298 792 616 860; x_wconf 60' lang='lat' dir='ltr'><strong>addimur</strong></span> <span class='ocrx_word' id='word_1_36' title='bbox 655 796 782 848; x_wconf 79' lang='grc' dir='ltr'>κατ’</span> <span class='ocrx_word' id='word_1_37' title='bbox 834 793 981 862; x_wconf 83' lang='grc' dir='ltr'><strong>ἐμοῦ</strong></span> <span class='ocrx_word' id='word_1_38' title='bbox 1024 792 1259 862; x_wconf 68' lang='grc' dir='ltr'>ψευδῆ,</span> <span class='ocrx_word' id='word_1_39' title='bbox 1313 793 1414 845; x_wconf 84' lang='grc' dir='ltr'>καὶ</span> <span class='ocrx_word' id='word_1_40' title='bbox 1461 795 1575 847; x_wconf 82' lang='grc' dir='ltr'>οὐκ</span> <span class='ocrx_word' id='word_1_41' title='bbox 1623 793 1892 860; x_wconf 77' lang='grc' dir='ltr'>ἐϐόησαν</span> 
     </span>
    </p>
   </div>
   <div class='ocr_carea' id='block_1_9' title="bbox 300 880 1892 954">
    <p class='ocr_par' dir='ltr' id='par_1_9' title="bbox 300 880 1892 954">
     <span class='ocr_line' id='line_1_9' title="bbox 300 880 1892 954; baseline -0.002 -17"><span class='ocrx_word' id='word_1_42' title='bbox 300 885 450 953; x_wconf 74' lang='grc' dir='ltr'>πρός</span> <span class='ocrx_word' id='word_1_43' title='bbox 495 902 573 954; x_wconf 81' lang='grc' dir='ltr'><strong>με</strong></span> <span class='ocrx_word' id='word_1_44' title='bbox 612 888 670 938; x_wconf 79' lang='lat' dir='ltr'><strong>ai</strong></span> <span class='ocrx_word' id='word_1_45' title='bbox 719 884 956 953; x_wconf 72' lang='grc' dir='ltr'>καρδίαι</span> <span class='ocrx_word' id='word_1_46' title='bbox 995 882 1214 946; x_wconf 83' lang='grc' dir='ltr'>αὐτῶν,</span> <span class='ocrx_word' id='word_1_47' title='bbox 1238 883 1376 936; x_wconf 73' lang='grc' dir='ltr'><strong>ἀλλ’</strong></span> <span class='ocrx_word' id='word_1_48' title='bbox 1411 882 1449 950; x_wconf 83' lang='grc' dir='ltr'>ἢ</span> <span class='ocrx_word' id='word_1_49' title='bbox 1497 880 1801 942; x_wconf 75' lang='grc' dir='ltr'>ὠλόλυζον</span> <span class='ocrx_word' id='word_1_50' title='bbox 1822 881 1892 934; x_wconf 83' lang='grc' dir='ltr'><strong>ἐν</strong></span> 
     </span>
    </p>
   </div>
   <div class='ocr_carea' id='block_1_10' title="bbox 300 972 1891 1041">
    <p class='ocr_par' dir='ltr' id='par_1_10' title="bbox 300 972 1891 1041">
     <span class='ocr_line' id='line_1_10' title="bbox 300 972 1891 1041; baseline 0.001 -15"><span class='ocrx_word' id='word_1_51' title='bbox 300 975 433 1041; x_wconf 81' lang='grc' dir='ltr'>ταῖς</span> <span class='ocrx_word' id='word_1_52' title='bbox 496 976 724 1041; x_wconf 75' lang='grc' dir='ltr'><strong>κοίταις</strong></span> <span class='ocrx_word' id='word_1_53' title='bbox 761 975 982 1040; x_wconf 74' lang='grc' dir='ltr'>αὐτῶν,</span> <span class='ocrx_word' id='word_1_54' title='bbox 1025 974 1123 1028; x_wconf 78' lang='grc' dir='ltr'><strong>ἐπὶ</strong></span> <span class='ocrx_word' id='word_1_55' title='bbox 1162 974 1306 1041; x_wconf 80' lang='grc' dir='ltr'>σίτῳ</span> <span class='ocrx_word' id='word_1_56' title='bbox 1349 972 1449 1027; x_wconf 82' lang='grc' dir='ltr'>καὶ</span> <span class='ocrx_word' id='word_1_57' title='bbox 1487 972 1632 1038; x_wconf 82' lang='grc' dir='ltr'>οἴνῳ</span> <span class='ocrx_word' id='word_1_58' title='bbox 1656 972 1891 1027; x_wconf 83' lang='grc' dir='ltr'>κατετέ-</span> 
     </span>
    </p>
   </div>
   <div class='ocr_carea' id='block_1_11' title="bbox 297 1083 543 1135">
    <p class='ocr_par' dir='ltr' id='par_1_11' title="bbox 297 1083 543 1135">
     <span class='ocr_line' id='line_1_11' title="bbox 297 1083 543 1135; baseline 0 -16"><span class='ocrx_word' id='word_1_59' title='bbox 297 1083 543 1135; x_wconf 54' lang='lat' dir='ltr'><strong>“verto.</strong></span> 
     </span>
    </p>
   </div>
   <div class='ocr_carea' id='block_1_12' title="bbox 375 1197 1890 1272">
    <p class='ocr_par' dir='ltr' id='par_1_12' title="bbox 375 1197 1890 1272">
     <span class='ocr_line' id='line_1_12' title="bbox 375 1197 1890 1272; baseline 0.001 -21"><span class='ocrx_word' id='word_1_60' title='bbox 375 1199 503 1251; x_wconf 86' lang='lat' dir='ltr'><strong>IIB&#39;.</strong></span> <span class='ocrx_word' id='word_1_61' title='bbox 530 1199 651 1251; x_wconf 85' lang='grc' dir='ltr'>Ὅτι</span> <span class='ocrx_word' id='word_1_62' title='bbox 672 1200 782 1260; x_wconf 79' lang='grc' dir='ltr'>τοῖς</span> <span class='ocrx_word' id='word_1_63' title='bbox 805 1197 1043 1250; x_wconf 76' lang='grc' dir='ltr'><strong>ἑκάστου</strong></span> <span class='ocrx_word' id='word_1_64' title='bbox 1070 1198 1177 1269; x_wconf 88' lang='grc' dir='ltr'><strong>πλη</strong></span> <span class='ocrx_word' id='word_1_65' title='bbox 1187 1199 1365 1270; x_wconf 82' lang='grc' dir='ltr'>μμελή</span> <span class='ocrx_word' id='word_1_66' title='bbox 1375 1217 1541 1269; x_wconf 86' lang='grc' dir='ltr'>μασιν</span> <span class='ocrx_word' id='word_1_67' title='bbox 1571 1199 1890 1272; x_wconf 86' lang='grc' dir='ltr'>ίσομέτρους</span> 
     </span>
    </p>
   </div>
   <div class='ocr_carea' id='block_1_13' title="bbox 302 1291 1889 1363">
    <p class='ocr_par' dir='ltr' id='par_1_13' title="bbox 302 1291 1889 1363">
     <span class='ocr_line' id='line_1_13' title="bbox 302 1291 1889 1363; baseline 0.001 -21"><span class='ocrx_word' id='word_1_68' title='bbox 302 1291 499 1360; x_wconf 75' lang='grc' dir='ltr'>ἐπάγει</span> <span class='ocrx_word' id='word_1_69' title='bbox 543 1291 644 1353; x_wconf 80' lang='grc' dir='ltr'><strong>τὰς</strong></span> <span class='ocrx_word' id='word_1_70' title='bbox 676 1291 853 1354; x_wconf 84' lang='grc' dir='ltr'><strong>δίκας,</strong></span> <span class='ocrx_word' id='word_1_71' title='bbox 893 1291 1224 1358; x_wconf 74' lang='grc' dir='ltr'>ὑπεμφαίνει</span> <span class='ocrx_word' id='word_1_72' title='bbox 1286 1292 1468 1345; x_wconf 85' lang='grc' dir='ltr'>πάλιν.</span> <span class='ocrx_word' id='word_1_73' title='bbox 1511 1293 1889 1363; x_wconf 79' lang='grc' dir='ltr'>Κατειρήκασι</span> 
     </span>
    </p>
   </div>
   <div class='ocr_carea' id='block_1_14' title="bbox 303 1380 1890 1454">
    <p class='ocr_par' dir='ltr' id='par_1_14' title="bbox 303 1380 1890 1454">
     <span class='ocr_line' id='line_1_14' title="bbox 303 1380 1890 1454; baseline 0 -18"><span class='ocrx_word' id='word_1_74' title='bbox 303 1383 413 1454; x_wconf 84' lang='grc' dir='ltr'><strong>γὰρ</strong></span> <span class='ocrx_word' id='word_1_75' title='bbox 449 1382 542 1435; x_wconf 81' lang='grc' dir='ltr'>τοῦ</span> <span class='ocrx_word' id='word_1_76' title='bbox 573 1383 998 1453; x_wconf 85' lang='grc' dir='ltr'>λυτρωσαμένου</span> <span class='ocrx_word' id='word_1_77' title='bbox 1037 1380 1198 1446; x_wconf 80' lang='grc' dir='ltr'>Θεοῦ,</span> <span class='ocrx_word' id='word_1_78' title='bbox 1239 1384 1335 1436; x_wconf 77' lang='grc' dir='ltr'>καὶ</span> <span class='ocrx_word' id='word_1_79' title='bbox 1369 1384 1426 1448; x_wconf 77' lang='grc' dir='ltr'>ἐξ</span> <span class='ocrx_word' id='word_1_80' title='bbox 1466 1383 1614 1436; x_wconf 81' lang='grc' dir='ltr'>οἴκου</span> <span class='ocrx_word' id='word_1_81' title='bbox 1646 1383 1890 1447; x_wconf 77' lang='grc' dir='ltr'><strong>δουλείας</strong></span> 
     </span>
    </p>
   </div>
   <div class='ocr_carea' id='block_1_15' title="bbox 302 1477 1889 1548">
    <p class='ocr_par' dir='ltr' id='par_1_15' title="bbox 302 1477 1889 1548">
     <span class='ocr_line' id='line_1_15' title="bbox 302 1477 1889 1548; baseline -0.001 -18"><span class='ocrx_word' id='word_1_82' title='bbox 302 1477 660 1548; x_wconf 82' lang='grc' dir='ltr'>ἐξαγηοχότος</span> <span class='ocrx_word' id='word_1_83' title='bbox 697 1496 713 1527; x_wconf 85' lang='grc' dir='ltr'><strong>ι</strong></span> <span class='ocrx_word' id='word_1_84' title='bbox 746 1477 805 1529; x_wconf 80' lang='grc' dir='ltr'>ὲν</span> <span class='ocrx_word' id='word_1_85' title='bbox 857 1477 999 1547; x_wconf 81' lang='grc' dir='ltr'>χειρὶ</span> <span class='ocrx_word' id='word_1_86' title='bbox 1075 1477 1347 1548; x_wconf 82' lang='grc' dir='ltr'>κραταιᾷ,</span> <span class='ocrx_word' id='word_1_87' title='bbox 1397 1477 1490 1529; x_wconf 73' lang='grc' dir='ltr'><strong>καὶ</strong></span> <span class='ocrx_word' id='word_1_88' title='bbox 1541 1478 1599 1529; x_wconf 81' lang='grc' dir='ltr'><strong>ἐν</strong></span> <span class='ocrx_word' id='word_1_89' title='bbox 1644 1477 1889 1547; x_wconf 79' lang='grc' dir='ltr'><strong>βραχίονι</strong></span> 
     </span>
    </p>
   </div>
   <div class='ocr_carea' id='block_1_16' title="bbox 305 1567 1886 1639">
    <p class='ocr_par' dir='ltr' id='par_1_16' title="bbox 305 1567 1886 1639">
     <span class='ocr_line' id='line_1_16' title="bbox 305 1567 1886 1639; baseline -0.001 -17"><span class='ocrx_word' id='word_1_90' title='bbox 305 1569 549 1639; x_wconf 49' lang='lat' dir='ltr'><strong>Malim,»</strong></span> <span class='ocrx_word' id='word_1_91' title='bbox 573 1567 718 1621; x_wconf 86' lang='grc' dir='ltr'><strong>καθά</strong></span> <span class='ocrx_word' id='word_1_92' title='bbox 748 1567 1082 1638; x_wconf 83' lang='grc' dir='ltr'>γέγραπται,</span> <span class='ocrx_word' id='word_1_93' title='bbox 1104 1569 1199 1622; x_wconf 74' lang='grc' dir='ltr'><strong>καὶ</strong></span> <span class='ocrx_word' id='word_1_94' title='bbox 1220 1569 1321 1638; x_wconf 79' lang='grc' dir='ltr'>τῆς</span> <span class='ocrx_word' id='word_1_95' title='bbox 1347 1568 1661 1636; x_wconf 82' lang='grc' dir='ltr'><strong>Αἰγυπτίων</strong></span> <span class='ocrx_word' id='word_1_96' title='bbox 1691 1568 1886 1620; x_wconf 85' lang='grc' dir='ltr'>πλεον-</span> 
     </span>
    </p>
   </div>
   <div class='ocr_carea' id='block_1_17' title="bbox 301 1657 1889 1727">
    <p class='ocr_par' dir='ltr' id='par_1_17' title="bbox 301 1657 1889 1727">
     <span class='ocr_line' id='line_1_17' title="bbox 301 1657 1889 1727; baseline 0 -17"><span class='ocrx_word' id='word_1_97' title='bbox 301 1659 453 1723; x_wconf 78' lang='grc' dir='ltr'>εξίας</span> <span class='ocrx_word' id='word_1_98' title='bbox 513 1658 962 1726; x_wconf 83' lang='grc' dir='ltr'>ὲκκεκομικὸτος.</span> <span class='ocrx_word' id='word_1_99' title='bbox 1029 1657 1422 1727; x_wconf 84' lang='grc' dir='ltr'>Κατελάλησαν</span> <span class='ocrx_word' id='word_1_100' title='bbox 1471 1657 1527 1710; x_wconf 81' lang='grc' dir='ltr'>δὲ</span> <span class='ocrx_word' id='word_1_101' title='bbox 1582 1659 1680 1727; x_wconf 83' lang='grc' dir='ltr'><strong>τῆς</strong></span> <span class='ocrx_word' id='word_1_102' title='bbox 1731 1658 1889 1727; x_wconf 82' lang='grc' dir='ltr'>δόξης</span> 
     </span>
    </p>
   </div>
   <div class='ocr_carea' id='block_1_18' title="bbox 302 1742 1892 1818">
    <p class='ocr_par' dir='ltr' id='par_1_18' title="bbox 302 1742 1892 1818">
     <span class='ocr_line' id='line_1_18' title="bbox 302 1742 1892 1818; baseline 0 -16"><span class='ocrx_word' id='word_1_103' title='bbox 302 1747 492 1814; x_wconf 79' lang='grc' dir='ltr'>αὐτοῦ,</span> <span class='ocrx_word' id='word_1_104' title='bbox 523 1748 620 1810; x_wconf 83' lang='grc' dir='ltr'>τὰς</span> <span class='ocrx_word' id='word_1_105' title='bbox 647 1747 787 1818; x_wconf 82' lang='grc' dir='ltr'>ὑπὲρ</span> <span class='ocrx_word' id='word_1_106' title='bbox 814 1742 889 1801; x_wconf 84' lang='grc' dir='ltr'>ὧν</span> <span class='ocrx_word' id='word_1_107' title='bbox 928 1749 992 1802; x_wconf 87' lang='grc' dir='ltr'><strong>ἂν</strong></span> <span class='ocrx_word' id='word_1_108' title='bbox 1026 1749 1246 1802; x_wconf 86' lang='grc' dir='ltr'>πάθοιεν</span> <span class='ocrx_word' id='word_1_109' title='bbox 1291 1748 1567 1818; x_wconf 75' lang='grc' dir='ltr'><strong>εὐφημίας</strong></span> <span class='ocrx_word' id='word_1_110' title='bbox 1601 1751 1712 1812; x_wconf 86' lang='grc' dir='ltr'>τοῖς</span> <span class='ocrx_word' id='word_1_111' title='bbox 1755 1750 1892 1802; x_wconf 83' lang='grc' dir='ltr'>ἀκα-</span> 
     </span>
    </p>
   </div>
   <div class='ocr_carea' id='block_1_19' title="bbox 303 1839 1890 1913">
    <p class='ocr_par' dir='ltr' id='par_1_19' title="bbox 303 1839 1890 1913">
     <span class='ocr_line' id='line_1_19' title="bbox 303 1839 1890 1913; baseline -0.001 -17"><span class='ocrx_word' id='word_1_112' title='bbox 303 1841 523 1913; x_wconf 85' lang='grc' dir='ltr'>θάρτοις</span> <span class='ocrx_word' id='word_1_113' title='bbox 571 1841 906 1901; x_wconf 85' lang='grc' dir='ltr'>ἀνάπτοντες</span> <span class='ocrx_word' id='word_1_114' title='bbox 962 1839 1218 1911; x_wconf 82' lang='grc' dir='ltr'>δαίμοσι,</span> <span class='ocrx_word' id='word_1_115' title='bbox 1265 1842 1360 1894; x_wconf 74' lang='grc' dir='ltr'>καὶ</span> <span class='ocrx_word' id='word_1_116' title='bbox 1399 1843 1512 1904; x_wconf 81' lang='grc' dir='ltr'>τοῖς</span> <span class='ocrx_word' id='word_1_117' title='bbox 1555 1840 1736 1909; x_wconf 77' lang='grc' dir='ltr'><strong>ἔργοις</strong></span> <span class='ocrx_word' id='word_1_118' title='bbox 1782 1840 1890 1894; x_wconf 80' lang='grc' dir='ltr'><strong>τῶν</strong></span> 
     </span>
    </p>
   </div>
   <div class='ocr_carea' id='block_1_20' title="bbox 300 1930 1891 2004">
    <p class='ocr_par' dir='ltr' id='par_1_20' title="bbox 300 1930 1891 2004">
     <span class='ocr_line' id='line_1_20' title="bbox 300 1930 1891 2004; baseline 0.001 -20"><span class='ocrx_word' id='word_1_119' title='bbox 300 1933 501 2004; x_wconf 81' lang='grc' dir='ltr'>χειρῶν</span> <span class='ocrx_word' id='word_1_120' title='bbox 527 1930 635 1984; x_wconf 82' lang='grc' dir='ltr'><strong>τῶν</strong></span> <span class='ocrx_word' id='word_1_121' title='bbox 668 1931 831 1993; x_wconf 85' lang='grc' dir='ltr'>ίδίων,</span> <span class='ocrx_word' id='word_1_122' title='bbox 855 1930 1108 2003; x_wconf 80' lang='grc' dir='ltr'>καθάπερ</span> <span class='ocrx_word' id='word_1_123' title='bbox 1133 1933 1323 2002; x_wconf 88' lang='grc' dir='ltr'>ἀμέλει</span> <span class='ocrx_word' id='word_1_124' title='bbox 1358 1934 1891 2004; x_wconf 76' lang='grc' dir='ltr'>μεμοσχοποιηκότες</span> 
     </span>
    </p>
   </div>
   <div class='ocr_carea' id='block_1_21' title="bbox 301 2023 1891 2097">
    <p class='ocr_par' dir='ltr' id='par_1_21' title="bbox 301 2023 1891 2097">
     <span class='ocr_line' id='line_1_21' title="bbox 301 2023 1891 2097; baseline -0.001 -18"><span class='ocrx_word' id='word_1_125' title='bbox 301 2025 444 2080; x_wconf 86' lang='grc' dir='ltr'><strong>κατά</strong></span> <span class='ocrx_word' id='word_1_126' title='bbox 475 2023 577 2093; x_wconf 83' lang='grc' dir='ltr'>τὴν</span> <span class='ocrx_word' id='word_1_127' title='bbox 601 2024 826 2095; x_wconf 79' lang='grc' dir='ltr'>ἔρημον,</span> <span class='ocrx_word' id='word_1_128' title='bbox 865 2025 1148 2094; x_wconf 69' lang='grc' dir='ltr'>μονονουχὶ</span> <span class='ocrx_word' id='word_1_129' title='bbox 1193 2025 1284 2077; x_wconf 84' lang='grc' dir='ltr'><strong>τὸν</strong></span> <span class='ocrx_word' id='word_1_130' title='bbox 1336 2025 1618 2097; x_wconf 80' lang='grc' dir='ltr'>λυτρωτὴν</span> <span class='ocrx_word' id='word_1_131' title='bbox 1662 2025 1891 2088; x_wconf 78' lang='grc' dir='ltr'>ἀνοσίως</span> 
     </span>
    </p>
   </div>
   <div class='ocr_carea' id='block_1_22' title="bbox 299 2109 1889 2188">
    <p class='ocr_par' dir='ltr' id='par_1_22' title="bbox 299 2109 1889 2188">
     <span class='ocr_line' id='line_1_22' title="bbox 299 2109 1889 2188; baseline 0 -20"><span class='ocrx_word' id='word_1_132' title='bbox 299 2114 772 2188; x_wconf 78' lang='grc' dir='ltr'>περιυϐρίζοντες,</span> <span class='ocrx_word' id='word_1_133' title='bbox 805 2114 866 2179; x_wconf 80' lang='grc' dir='ltr'>ἐξ</span> <span class='ocrx_word' id='word_1_134' title='bbox 915 2115 1260 2186; x_wconf 80' lang='grc' dir='ltr'>ἀποπληξίας</span> <span class='ocrx_word' id='word_1_135' title='bbox 1292 2115 1532 2183; x_wconf 81' lang='grc' dir='ltr'>ἔφασκον</span> <span class='ocrx_word' id='word_1_136' title='bbox 1554 2134 1565 2145; x_wconf 91' lang='grc'><strong>·</strong></span> <span class='ocrx_word' id='word_1_137' title='bbox 1597 2135 1614 2164; x_wconf 82' lang='grc' dir='ltr'><strong>ι</strong></span> <span class='ocrx_word' id='word_1_138' title='bbox 1647 2109 1806 2169; x_wconf 74' lang='grc' dir='ltr'>Οὗτοι</span> <span class='ocrx_word' id='word_1_139' title='bbox 1840 2117 1889 2170; x_wconf 80' lang='grc' dir='ltr'>οὶ</span> 
     </span>
    </p>
   </div>
   <div class='ocr_carea' id='block_1_23' title="bbox 301 2207 1889 2279">
    <p class='ocr_par' dir='ltr' id='par_1_23' title="bbox 301 2207 1889 2279">
     <span class='ocr_line' id='line_1_23' title="bbox 301 2207 1889 2279; baseline -0.001 -17"><span class='ocrx_word' id='word_1_140' title='bbox 301 2210 415 2264; x_wconf 87' lang='grc' dir='ltr'>οεοί</span> <span class='ocrx_word' id='word_1_141' title='bbox 445 2226 564 2274; x_wconf 90' lang='grc' dir='ltr'>σου,</span> <span class='ocrx_word' id='word_1_142' title='bbox 600 2207 838 2279; x_wconf 82' lang='grc' dir='ltr'>Ἰσραὴλ,</span> <span class='ocrx_word' id='word_1_143' title='bbox 871 2209 1066 2270; x_wconf 81' lang='grc' dir='ltr'>οἵτινες</span> <span class='ocrx_word' id='word_1_144' title='bbox 1095 2209 1371 2278; x_wconf 78' lang='grc' dir='ltr'>ἀνήγαγόν</span> <span class='ocrx_word' id='word_1_145' title='bbox 1411 2225 1469 2260; x_wconf 91' lang='grc' dir='ltr'><strong>σε</strong></span> <span class='ocrx_word' id='word_1_146' title='bbox 1499 2211 1562 2260; x_wconf 81' lang='grc' dir='ltr'>ἐκ</span> <span class='ocrx_word' id='word_1_147' title='bbox 1591 2208 1696 2278; x_wconf 83' lang='grc' dir='ltr'><strong>γῆς</strong></span> <span class='ocrx_word' id='word_1_148' title='bbox 1721 2209 1889 2277; x_wconf 82' lang='grc' dir='ltr'>Αίγύ-</span> 
     </span>
    </p>
   </div>
   <div class='ocr_carea' id='block_1_24' title="bbox 302 2297 1890 2374">
    <p class='ocr_par' dir='ltr' id='par_1_24' title="bbox 302 2297 1890 2374">
     <span class='ocr_line' id='line_1_24' title="bbox 302 2297 1890 2374; baseline -0.001 -17"><span class='ocrx_word' id='word_1_149' title='bbox 302 2321 458 2357; x_wconf 88' lang='grc' dir='ltr'>πτου.</span> <span class='ocrx_word' id='word_1_150' title='bbox 497 2322 517 2356; x_wconf 74' lang='grc' dir='ltr'><strong>ι</strong></span> <span class='ocrx_word' id='word_1_151' title='bbox 562 2302 760 2374; x_wconf 79' lang='grc' dir='ltr'>Ὕϐρις</span> <span class='ocrx_word' id='word_1_152' title='bbox 809 2297 902 2355; x_wconf 77' lang='grc' dir='ltr'><strong>οὖν</strong></span> <span class='ocrx_word' id='word_1_153' title='bbox 940 2302 1082 2372; x_wconf 82' lang='grc' dir='ltr'>ἄρα,</span> <span class='ocrx_word' id='word_1_154' title='bbox 1132 2303 1228 2356; x_wconf 78' lang='grc' dir='ltr'><strong>καὶ</strong></span> <span class='ocrx_word' id='word_1_155' title='bbox 1279 2303 1531 2373; x_wconf 85' lang='grc' dir='ltr'>παροινία</span> <span class='ocrx_word' id='word_1_156' title='bbox 1579 2302 1762 2355; x_wconf 78' lang='grc' dir='ltr'>λοιπὸν</span> <span class='ocrx_word' id='word_1_157' title='bbox 1810 2305 1890 2366; x_wconf 77' lang='grc' dir='ltr'><strong>εἰς</strong></span> 
     </span>
    </p>
   </div>
   <div class='ocr_carea' id='block_1_25' title="bbox 300 2394 1890 2466">
    <p class='ocr_par' dir='ltr' id='par_1_25' title="bbox 300 2394 1890 2466">
     <span class='ocr_line' id='line_1_25' title="bbox 300 2394 1890 2466; baseline -0.001 -19"><span class='ocrx_word' id='word_1_158' title='bbox 300 2395 468 2459; x_wconf 72' lang='grc' dir='ltr'>Θεὸν,</span> <span class='ocrx_word' id='word_1_159' title='bbox 515 2395 609 2448; x_wconf 75' lang='grc' dir='ltr'><strong>καὶ</strong></span> <span class='ocrx_word' id='word_1_160' title='bbox 662 2394 1034 2464; x_wconf 82' lang='grc' dir='ltr'>ὲναργεστάτη</span> <span class='ocrx_word' id='word_1_161' title='bbox 1080 2395 1450 2466; x_wconf 78' lang='grc' dir='ltr'>κατάρῤησις,</span> <span class='ocrx_word' id='word_1_162' title='bbox 1505 2394 1567 2448; x_wconf 83' lang='grc' dir='ltr'><strong>τὸ</strong></span> <span class='ocrx_word' id='word_1_163' title='bbox 1628 2395 1890 2462; x_wconf 79' lang='grc' dir='ltr'>γλυπτοῖς</span> 
     </span>
    </p>
   </div>
   <div class='ocr_carea' id='block_1_26' title="bbox 300 2483 1888 2557">
    <p class='ocr_par' dir='ltr' id='par_1_26' title="bbox 300 2483 1888 2557">
     <span class='ocr_line' id='line_1_26' title="bbox 300 2483 1888 2557; baseline 0 -18"><span class='ocrx_word' id='word_1_164' title='bbox 300 2487 399 2541; x_wconf 73' lang='grc' dir='ltr'><strong>καὶ</strong></span> <span class='ocrx_word' id='word_1_165' title='bbox 427 2485 681 2554; x_wconf 80' lang='grc' dir='ltr'>δαίμοσιν</span> <span class='ocrx_word' id='word_1_166' title='bbox 715 2483 992 2538; x_wconf 85' lang='grc' dir='ltr'>ἀναθεῖναι</span> <span class='ocrx_word' id='word_1_167' title='bbox 1035 2485 1098 2537; x_wconf 81' lang='grc' dir='ltr'><strong>τὸ</strong></span> <span class='ocrx_word' id='word_1_168' title='bbox 1145 2485 1332 2550; x_wconf 76' lang='grc' dir='ltr'>σέϐας,</span> <span class='ocrx_word' id='word_1_169' title='bbox 1382 2485 1476 2538; x_wconf 80' lang='grc' dir='ltr'><strong>καὶ</strong></span> <span class='ocrx_word' id='word_1_170' title='bbox 1505 2486 1688 2550; x_wconf 84' lang='grc' dir='ltr'>αὐτοῖς</span> <span class='ocrx_word' id='word_1_171' title='bbox 1719 2504 1888 2557; x_wconf 87' lang='grc' dir='ltr'>προσ-</span> 
     </span>
    </p>
   </div>
   <div class='ocr_carea' id='block_1_27' title="bbox 299 2577 1891 2650">
    <p class='ocr_par' dir='ltr' id='par_1_27' title="bbox 299 2577 1891 2650">
     <span class='ocr_line' id='line_1_27' title="bbox 299 2577 1891 2650; baseline 0.001 -19"><span class='ocrx_word' id='word_1_172' title='bbox 299 2579 460 2647; x_wconf 86' lang='grc' dir='ltr'>άγειν</span> <span class='ocrx_word' id='word_1_173' title='bbox 503 2579 574 2631; x_wconf 81' lang='grc' dir='ltr'>τὰ</span> <span class='ocrx_word' id='word_1_174' title='bbox 605 2578 956 2649; x_wconf 76' lang='grc' dir='ltr'><strong>χαριστήρια,</strong></span> <span class='ocrx_word' id='word_1_175' title='bbox 1003 2577 1098 2630; x_wconf 81' lang='grc' dir='ltr'>καὶ</span> <span class='ocrx_word' id='word_1_176' title='bbox 1147 2577 1248 2647; x_wconf 79' lang='grc' dir='ltr'>τῆς</span> <span class='ocrx_word' id='word_1_177' title='bbox 1292 2579 1552 2632; x_wconf 82' lang='grc' dir='ltr'>ἀνωτάτω</span> <span class='ocrx_word' id='word_1_178' title='bbox 1587 2578 1745 2649; x_wconf 76' lang='grc' dir='ltr'>δόξης</span> <span class='ocrx_word' id='word_1_179' title='bbox 1789 2579 1891 2650; x_wconf 80' lang='grc' dir='ltr'><strong>τὴν</strong></span> 
     </span>
    </p>
   </div>
   <div class='ocr_carea' id='block_1_28' title="bbox 301 2668 1889 2743">
    <p class='ocr_par' dir='ltr' id='par_1_28' title="bbox 301 2668 1889 2743">
     <span class='ocr_line' id='line_1_28' title="bbox 301 2668 1889 2743; baseline 0 -19"><span class='ocrx_word' id='word_1_180' title='bbox 301 2670 581 2742; x_wconf 81' lang='grc' dir='ltr'>ὑπεροχὴν</span> <span class='ocrx_word' id='word_1_181' title='bbox 606 2669 998 2734; x_wconf 75' lang='grc' dir='ltr'>καταϐιϐάζειν</span> <span class='ocrx_word' id='word_1_182' title='bbox 1031 2671 1110 2732; x_wconf 83' lang='grc' dir='ltr'><strong>είς</strong></span> <span class='ocrx_word' id='word_1_183' title='bbox 1140 2670 1300 2724; x_wconf 85' lang='grc' dir='ltr'>αὐτά.</span> <span class='ocrx_word' id='word_1_184' title='bbox 1340 2668 1450 2724; x_wconf 69' lang='grc' dir='ltr'>Καὶ</span> <span class='ocrx_word' id='word_1_185' title='bbox 1479 2671 1600 2741; x_wconf 76' lang='grc' dir='ltr'>οὐχὶ</span> <span class='ocrx_word' id='word_1_186' title='bbox 1628 2671 1689 2743; x_wconf 83' lang='grc' dir='ltr'>δὴ</span> <span class='ocrx_word' id='word_1_187' title='bbox 1729 2671 1889 2741; x_wconf 88' lang='grc' dir='ltr'>μόνον</span> 
     </span>
    </p>
   </div>
   <div class='ocr_carea' id='block_1_29' title="bbox 299 2761 1890 2836">
    <p class='ocr_par' dir='ltr' id='par_1_29' title="bbox 299 2761 1890 2836">
     <span class='ocr_line' id='line_1_29' title="bbox 299 2761 1890 2836; baseline -0.001 -19"><span class='ocrx_word' id='word_1_188' title='bbox 299 2765 666 2834; x_wconf 86' lang='grc' dir='ltr'>κατειρήκασι</span> <span class='ocrx_word' id='word_1_189' title='bbox 701 2763 796 2816; x_wconf 81' lang='grc' dir='ltr'>τοῦ</span> <span class='ocrx_word' id='word_1_190' title='bbox 841 2761 1008 2825; x_wconf 80' lang='grc' dir='ltr'><strong>Θεοῦ;</strong></span> <span class='ocrx_word' id='word_1_191' title='bbox 1039 2762 1291 2834; x_wconf 81' lang='grc' dir='ltr'>καθάπερ</span> <span class='ocrx_word' id='word_1_192' title='bbox 1323 2763 1460 2833; x_wconf 82' lang='grc' dir='ltr'>ἔφην</span> <span class='ocrx_word' id='word_1_193' title='bbox 1495 2764 1721 2836; x_wconf 80' lang='grc' dir='ltr'>ἀρτίως,</span> <span class='ocrx_word' id='word_1_194' title='bbox 1753 2763 1890 2816; x_wconf 84' lang='grc' dir='ltr'>ἀλλὰ</span> 
     </span>
    </p>
   </div>
   <div class='ocr_carea' id='block_1_30' title="bbox 299 2853 1886 2925">
    <p class='ocr_par' dir='ltr' id='par_1_30' title="bbox 299 2853 1886 2925">
     <span class='ocr_line' id='line_1_30' title="bbox 299 2853 1886 2925; baseline -0.001 -16"><span class='ocrx_word' id='word_1_195' title='bbox 299 2855 401 2909; x_wconf 75' lang='grc' dir='ltr'><strong>καὶ</strong></span> <span class='ocrx_word' id='word_1_196' title='bbox 432 2855 738 2908; x_wconf 80' lang='grc' dir='ltr'>ἀπένευσαν</span> <span class='ocrx_word' id='word_1_197' title='bbox 769 2853 1049 2918; x_wconf 81' lang='grc' dir='ltr'>παντελῶς</span> <span class='ocrx_word' id='word_1_198' title='bbox 1101 2854 1194 2908; x_wconf 80' lang='grc' dir='ltr'>τοῦ</span> <span class='ocrx_word' id='word_1_199' title='bbox 1225 2854 1332 2908; x_wconf 84' lang='grc' dir='ltr'><strong>κᾶν</strong></span> <span class='ocrx_word' id='word_1_200' title='bbox 1365 2855 1494 2924; x_wconf 76' lang='grc' dir='ltr'>γοῦν</span> <span class='ocrx_word' id='word_1_201' title='bbox 1541 2854 1752 2909; x_wconf 79' lang='grc' dir='ltr'>οἴεσθαι</span> <span class='ocrx_word' id='word_1_202' title='bbox 1788 2856 1886 2925; x_wconf 85' lang='grc' dir='ltr'>μό-</span> 
     </span>
    </p>
   </div>
   <div class='ocr_carea' id='block_1_31' title="bbox 298 2943 1887 3017">
    <p class='ocr_par' dir='ltr' id='par_1_31' title="bbox 298 2943 1887 3017">
     <span class='ocr_line' id='line_1_31' title="bbox 298 2943 1887 3017; baseline 0 -19"><span class='ocrx_word' id='word_1_203' title='bbox 298 2964 416 3008; x_wconf 82' lang='grc' dir='ltr'>νον,</span> <span class='ocrx_word' id='word_1_204' title='bbox 451 2945 534 2998; x_wconf 82' lang='grc' dir='ltr'>ὅτι</span> <span class='ocrx_word' id='word_1_205' title='bbox 558 2945 687 3016; x_wconf 80' lang='grc' dir='ltr'>παρ’</span> <span class='ocrx_word' id='word_1_206' title='bbox 721 2943 889 2998; x_wconf 77' lang='grc' dir='ltr'>αὐτοῦ</span> <span class='ocrx_word' id='word_1_207' title='bbox 928 2946 1042 3009; x_wconf 82' lang='grc' dir='ltr'>τοῖς</span> <span class='ocrx_word' id='word_1_208' title='bbox 1074 2947 1132 2998; x_wconf 71' lang='grc' dir='ltr'>ἐν</span> <span class='ocrx_word' id='word_1_209' title='bbox 1165 2945 1355 3017; x_wconf 82' lang='grc' dir='ltr'>κόσμῳ</span> <span class='ocrx_word' id='word_1_210' title='bbox 1381 2946 1456 3008; x_wconf 43' lang='grc' dir='ltr'><strong>,τὰ</strong></span> <span class='ocrx_word' id='word_1_211' title='bbox 1490 2946 1735 3016; x_wconf 79' lang='grc' dir='ltr'>ζωαρκῆ.</span> <span class='ocrx_word' id='word_1_212' title='bbox 1763 2964 1782 2997; x_wconf 85' lang='grc' dir='ltr'><strong>ι</strong></span> <span class='ocrx_word' id='word_1_213' title='bbox 1813 2947 1887 2999; x_wconf 82' lang='grc' dir='ltr'><strong>υύ</strong></span> 
     </span>
    </p>
   </div>
   <div class='ocr_carea' id='block_1_32' title="bbox 297 3037 1884 3111">
    <p class='ocr_par' dir='ltr' id='par_1_32' title="bbox 297 3037 1884 3111">
     <span class='ocr_line' id='line_1_32' title="bbox 297 3037 1884 3111; baseline -0.001 -19"><span class='ocrx_word' id='word_1_214' title='bbox 297 3041 413 3110; x_wconf 79' lang='grc' dir='ltr'><strong>γὰρ</strong></span> <span class='ocrx_word' id='word_1_215' title='bbox 447 3037 743 3109; x_wconf 79' lang='grc' dir='ltr'>βεϐοήκασι</span> <span class='ocrx_word' id='word_1_216' title='bbox 771 3038 907 3109; x_wconf 86' lang='grc' dir='ltr'>πρός</span> <span class='ocrx_word' id='word_1_217' title='bbox 939 3055 1029 3108; x_wconf 88' lang='grc' dir='ltr'><strong>με,</strong></span> <span class='ocrx_word' id='word_1_218' title='bbox 1062 3040 1247 3108; x_wconf 69' lang='grc' dir='ltr'>φησιν,</span> <span class='ocrx_word' id='word_1_219' title='bbox 1293 3042 1347 3094; x_wconf 87' lang='grc' dir='ltr'>αἱ</span> <span class='ocrx_word' id='word_1_220' title='bbox 1393 3039 1612 3111; x_wconf 83' lang='grc' dir='ltr'>καρδίαι</span> <span class='ocrx_word' id='word_1_221' title='bbox 1635 3040 1834 3101; x_wconf 81' lang='grc' dir='ltr'>αὐτῶν,</span> <span class='ocrx_word' id='word_1_222' title='bbox 1865 3060 1884 3092; x_wconf 74' lang='grc' dir='ltr'><strong>ι</strong></span> 
     </span>
    </p>
   </div>
   <div class='ocr_carea' id='block_1_33' title="bbox 298 3128 1892 3203">
    <p class='ocr_par' dir='ltr' id='par_1_33' title="bbox 298 3128 1892 3203">
     <span class='ocr_line' id='line_1_33' title="bbox 298 3128 1892 3203; baseline 0 -19"><span class='ocrx_word' id='word_1_223' title='bbox 298 3131 605 3194; x_wconf 82' lang='grc' dir='ltr'>τουτέστιν,</span> <span class='ocrx_word' id='word_1_224' title='bbox 636 3129 789 3198; x_wconf 63' lang='grc' dir='ltr'>οὐδὲν</span> <span class='ocrx_word' id='word_1_225' title='bbox 828 3128 1164 3202; x_wconf 77' lang='grc' dir='ltr'>ἐξεζήτησαν</span> <span class='ocrx_word' id='word_1_226' title='bbox 1197 3133 1327 3203; x_wconf 83' lang='grc' dir='ltr'>παρ’</span> <span class='ocrx_word' id='word_1_227' title='bbox 1370 3131 1526 3202; x_wconf 78' lang='grc' dir='ltr'>ἐμοῦ,</span> <span class='ocrx_word' id='word_1_228' title='bbox 1561 3131 1736 3185; x_wconf 87' lang='grc' dir='ltr'>καίτοι</span> <span class='ocrx_word' id='word_1_229' title='bbox 1777 3132 1892 3184; x_wconf 89' lang='grc' dir='ltr'>δια-</span> 
     </span>
    </p>
   </div>
   <div class='ocr_carea' id='block_1_34' title="bbox 299 3222 1890 3293">
    <p class='ocr_par' dir='ltr' id='par_1_34' title="bbox 299 3222 1890 3293">
     <span class='ocr_line' id='line_1_34' title="bbox 299 3222 1890 3293; baseline 0.001 -18"><span class='ocrx_word' id='word_1_230' title='bbox 299 3222 546 3293; x_wconf 83' lang='grc' dir='ltr'>κείμενοι</span> <span class='ocrx_word' id='word_1_231' title='bbox 606 3223 701 3275; x_wconf 78' lang='grc' dir='ltr'><strong>καὶ</strong></span> <span class='ocrx_word' id='word_1_232' title='bbox 761 3223 1223 3287; x_wconf 83' lang='grc' dir='ltr'>πεπιστευκότες,</span> <span class='ocrx_word' id='word_1_233' title='bbox 1291 3225 1372 3276; x_wconf 80' lang='grc' dir='ltr'>ὅτι</span> <span class='ocrx_word' id='word_1_234' title='bbox 1436 3225 1638 3288; x_wconf 86' lang='grc' dir='ltr'>παντὸς</span> <span class='ocrx_word' id='word_1_235' title='bbox 1684 3223 1890 3292; x_wconf 82' lang='grc' dir='ltr'>ἀγαθοῦ</span> 
     </span>
    </p>
   </div>
   <div class='ocr_carea' id='block_1_35' title="bbox 298 3313 1890 3386">
    <p class='ocr_par' dir='ltr' id='par_1_35' title="bbox 298 3313 1890 3386">
     <span class='ocr_line' id='line_1_35' title="bbox 298 3313 1890 3386; baseline 0.003 -22"><span class='ocrx_word' id='word_1_236' title='bbox 298 3313 564 3385; x_wconf 79' lang='grc' dir='ltr'>χορηγός·</span> <span class='ocrx_word' id='word_1_237' title='bbox 594 3315 713 3383; x_wconf 84' lang='grc' dir='ltr'>είμι</span> <span class='ocrx_word' id='word_1_238' title='bbox 761 3314 856 3368; x_wconf 80' lang='grc' dir='ltr'>καὶ</span> <span class='ocrx_word' id='word_1_239' title='bbox 913 3315 1100 3386; x_wconf 80' lang='grc' dir='ltr'>δοτὴρ.</span> <span class='ocrx_word' id='word_1_240' title='bbox 1155 3317 1276 3369; x_wconf 86' lang='grc' dir='ltr'>Ὅτι</span> <span class='ocrx_word' id='word_1_241' title='bbox 1320 3315 1378 3368; x_wconf 83' lang='grc' dir='ltr'>δὲ</span> <span class='ocrx_word' id='word_1_242' title='bbox 1426 3314 1555 3385; x_wconf 75' lang='grc' dir='ltr'>βοῆς</span> <span class='ocrx_word' id='word_1_243' title='bbox 1604 3316 1666 3368; x_wconf 85' lang='grc' dir='ltr'><strong>οὐ</strong></span> <span class='ocrx_word' id='word_1_244' title='bbox 1719 3315 1890 3368; x_wconf 81' lang='grc' dir='ltr'>δεῖται</span> 
     </span>
    </p>
   </div>
   <div class='ocr_carea' id='block_1_36' title="bbox 299 3403 1889 3476">
    <p class='ocr_par' dir='ltr' id='par_1_36' title="bbox 299 3403 1889 3476">
     <span class='ocr_line' id='line_1_36' title="bbox 299 3403 1889 3476; baseline 0.002 -19"><span class='ocrx_word' id='word_1_245' title='bbox 299 3403 459 3468; x_wconf 77' lang='grc' dir='ltr'>Θεὸς,</span> <span class='ocrx_word' id='word_1_246' title='bbox 491 3403 784 3467; x_wconf 79' lang='grc' dir='ltr'>διαθέσεως</span> <span class='ocrx_word' id='word_1_247' title='bbox 813 3404 869 3457; x_wconf 83' lang='grc' dir='ltr'>δὲ</span> <span class='ocrx_word' id='word_1_248' title='bbox 911 3405 1112 3475; x_wconf 85' lang='grc' dir='ltr'>μᾶλλον</span> <span class='ocrx_word' id='word_1_249' title='bbox 1143 3408 1242 3476; x_wconf 83' lang='grc' dir='ltr'><strong>τῆς</strong></span> <span class='ocrx_word' id='word_1_250' title='bbox 1273 3408 1352 3468; x_wconf 90' lang='grc' dir='ltr'>εἰς</span> <span class='ocrx_word' id='word_1_251' title='bbox 1379 3405 1503 3459; x_wconf 83' lang='grc' dir='ltr'>νοῦν</span> <span class='ocrx_word' id='word_1_252' title='bbox 1525 3408 1618 3459; x_wconf 74' lang='grc' dir='ltr'><strong>καὶ</strong></span> <span class='ocrx_word' id='word_1_253' title='bbox 1639 3408 1889 3476; x_wconf 86' lang='grc' dir='ltr'>καρδίαν,</span> 
     </span>
    </p>
   </div>
   <div class='ocr_carea' id='block_1_37' title="bbox 299 3496 1891 3570">
    <p class='ocr_par' dir='ltr' id='par_1_37' title="bbox 299 3496 1891 3570">
     <span class='ocr_line' id='line_1_37' title="bbox 299 3496 1891 3570; baseline 0.001 -20"><span class='ocrx_word' id='word_1_254' title='bbox 299 3497 401 3550; x_wconf 75' lang='grc' dir='ltr'>καὶ</span> <span class='ocrx_word' id='word_1_255' title='bbox 450 3496 539 3550; x_wconf 83' lang='grc' dir='ltr'>διὰ</span> <span class='ocrx_word' id='word_1_256' title='bbox 575 3496 782 3550; x_wconf 88' lang='grc' dir='ltr'>τούτων</span> <span class='ocrx_word' id='word_1_257' title='bbox 829 3497 1112 3568; x_wconf 81' lang='grc' dir='ltr'>εἰσόμεθα.</span> <span class='ocrx_word' id='word_1_258' title='bbox 1169 3497 1379 3550; x_wconf 78' lang='grc' dir='ltr'>Οὐκοῦν</span> <span class='ocrx_word' id='word_1_259' title='bbox 1430 3497 1554 3551; x_wconf 76' lang='grc' dir='ltr'>οὔτε</span> <span class='ocrx_word' id='word_1_260' title='bbox 1598 3498 1891 3570; x_wconf 78' lang='grc' dir='ltr'>βεϐοήκασι</span> 
     </span>
    </p>
   </div>
   <div class='ocr_carea' id='block_1_38' title="bbox 300 3587 1892 3661">
    <p class='ocr_par' dir='ltr' id='par_1_38' title="bbox 300 3587 1892 3661">
     <span class='ocr_line' id='line_1_38' title="bbox 300 3587 1892 3661; baseline 0.003 -20"><span class='ocrx_word' id='word_1_261' title='bbox 300 3587 447 3660; x_wconf 78' lang='grc' dir='ltr'>πρὸς</span> <span class='ocrx_word' id='word_1_262' title='bbox 466 3587 598 3642; x_wconf 87' lang='grc' dir='ltr'>Θεόν</span> <span class='ocrx_word' id='word_1_263' title='bbox 615 3603 629 3617; x_wconf 78' lang='grc' dir='ltr'><strong>ο</strong></span> <span class='ocrx_word' id='word_1_264' title='bbox 652 3588 788 3642; x_wconf 88' lang='grc' dir='ltr'><strong>ἀλλά</strong></span> <span class='ocrx_word' id='word_1_265' title='bbox 805 3587 912 3660; x_wconf 83' lang='grc' dir='ltr'><strong>γὰρ</strong></span> <span class='ocrx_word' id='word_1_266' title='bbox 942 3591 1035 3642; x_wconf 74' lang='grc' dir='ltr'><strong>καὶ</strong></span> <span class='ocrx_word' id='word_1_267' title='bbox 1064 3589 1492 3644; x_wconf 86' lang='grc' dir='ltr'>ὰπονενεύκασιν</span> <span class='ocrx_word' id='word_1_268' title='bbox 1518 3591 1788 3661; x_wconf 87' lang='grc' dir='ltr'>ἀχαλίνως</span> <span class='ocrx_word' id='word_1_269' title='bbox 1813 3594 1892 3655; x_wconf 86' lang='grc' dir='ltr'><strong>είς</strong></span> 
     </span>
    </p>
   </div>
   <div class='ocr_carea' id='block_1_39' title="bbox 301 3681 1888 3752">
    <p class='ocr_par' dir='ltr' id='par_1_39' title="bbox 301 3681 1888 3752">
     <span class='ocr_line' id='line_1_39' title="bbox 301 3681 1888 3752; baseline 0.004 -18"><span class='ocrx_word' id='word_1_270' title='bbox 301 3681 570 3744; x_wconf 70' lang='grc' dir='ltr'>ἐκτύπους</span> <span class='ocrx_word' id='word_1_271' title='bbox 591 3682 972 3752; x_wconf 82' lang='grc' dir='ltr'>φιλοσαρκίας,</span> <span class='ocrx_word' id='word_1_272' title='bbox 1004 3683 1080 3745; x_wconf 88' lang='grc' dir='ltr'>ὼς</span> <span class='ocrx_word' id='word_1_273' title='bbox 1112 3682 1207 3735; x_wconf 73' lang='grc' dir='ltr'><strong>καὶ</strong></span> <span class='ocrx_word' id='word_1_274' title='bbox 1235 3681 1510 3744; x_wconf 77' lang='grc' dir='ltr'>ὀλολύζειν</span> <span class='ocrx_word' id='word_1_275' title='bbox 1536 3683 1630 3736; x_wconf 74' lang='grc' dir='ltr'>ἐπὶ</span> <span class='ocrx_word' id='word_1_276' title='bbox 1661 3684 1888 3746; x_wconf 81' lang='grc' dir='ltr'>κοίταις.</span> 
     </span>
    </p>
   </div>
   <div class='ocr_carea' id='block_1_40' title="bbox 301 3773 1891 3844">
    <p class='ocr_par' dir='ltr' id='par_1_40' title="bbox 301 3773 1891 3844">
     <span class='ocr_line' id='line_1_40' title="bbox 301 3773 1891 3844; baseline 0.003 -19"><span class='ocrx_word' id='word_1_277' title='bbox 301 3773 560 3844; x_wconf 75' lang='grc' dir='ltr'>Αίσχρῶν</span> <span class='ocrx_word' id='word_1_278' title='bbox 611 3773 667 3826; x_wconf 82' lang='grc' dir='ltr'>δὲ</span> <span class='ocrx_word' id='word_1_279' title='bbox 710 3775 930 3844; x_wconf 88' lang='grc' dir='ltr'>τρόπων</span> <span class='ocrx_word' id='word_1_280' title='bbox 969 3773 1243 3838; x_wconf 81' lang='grc' dir='ltr'>ἀπόδειξις</span> <span class='ocrx_word' id='word_1_281' title='bbox 1284 3773 1348 3826; x_wconf 82' lang='grc' dir='ltr'><strong>τὸ</strong></span> <span class='ocrx_word' id='word_1_282' title='bbox 1385 3773 1577 3844; x_wconf 82' lang='grc' dir='ltr'>χρῆμά</span> <span class='ocrx_word' id='word_1_283' title='bbox 1617 3777 1755 3838; x_wconf 85' lang='grc' dir='ltr'>ἐστι,</span> <span class='ocrx_word' id='word_1_284' title='bbox 1795 3779 1891 3830; x_wconf 61' lang='grc' dir='ltr'><strong>καὶ¹</strong></span> 
     </span>
    </p>
   </div>
   <div class='ocr_carea' id='block_1_41' title="bbox 300 3866 1892 3938">
    <p class='ocr_par' dir='ltr' id='par_1_41' title="bbox 300 3866 1892 3938">
     <span class='ocr_line' id='line_1_41' title="bbox 300 3866 1892 3938; baseline 0.001 -19"><span class='ocrx_word' id='word_1_285' title='bbox 300 3869 404 3936; x_wconf 82' lang='grc' dir='ltr'>τῆς</span> <span class='ocrx_word' id='word_1_286' title='bbox 439 3867 520 3928; x_wconf 86' lang='grc' dir='ltr'><strong>είς</strong></span> <span class='ocrx_word' id='word_1_287' title='bbox 550 3866 804 3936; x_wconf 82' lang='grc' dir='ltr'>πορνείαν</span> <span class='ocrx_word' id='word_1_288' title='bbox 843 3866 1180 3938; x_wconf 82' lang='grc' dir='ltr'>ὲπιπλήκτου</span> <span class='ocrx_word' id='word_1_289' title='bbox 1213 3867 1406 3937; x_wconf 78' lang='grc' dir='ltr'>ῥοπῆς,</span> <span class='ocrx_word' id='word_1_290' title='bbox 1436 3867 1532 3919; x_wconf 74' lang='grc' dir='ltr'><strong>καὶ</strong></span> <span class='ocrx_word' id='word_1_291' title='bbox 1570 3867 1661 3920; x_wconf 79' lang='grc' dir='ltr'>νοῦ</span> <span class='ocrx_word' id='word_1_292' title='bbox 1693 3868 1892 3922; x_wconf 79' lang='grc' dir='ltr'>κεκλα-</span> 
     </span>
    </p>
   </div>
   <div class='ocr_carea' id='block_1_42' title="bbox 302 3956 1890 4030">
    <p class='ocr_par' dir='ltr' id='par_1_42' title="bbox 302 3956 1890 4030">
     <span class='ocr_line' id='line_1_42' title="bbox 302 3956 1890 4030; baseline 0.001 -20"><span class='ocrx_word' id='word_1_293' title='bbox 302 3958 506 4028; x_wconf 83' lang='grc' dir='ltr'>σμένου</span> <span class='ocrx_word' id='word_1_294' title='bbox 533 3957 666 4028; x_wconf 87' lang='grc' dir='ltr'>πρὸς</span> <span class='ocrx_word' id='word_1_295' title='bbox 693 3957 903 4027; x_wconf 78' lang='grc' dir='ltr'>ἡδονάς.</span> <span class='ocrx_word' id='word_1_296' title='bbox 939 3958 1148 4029; x_wconf 80' lang='grc' dir='ltr'>Πρέποι</span> <span class='ocrx_word' id='word_1_297' title='bbox 1175 3957 1219 4010; x_wconf 89' lang='grc' dir='ltr'>δ’</span> <span class='ocrx_word' id='word_1_298' title='bbox 1245 3956 1311 4010; x_wconf 85' lang='grc' dir='ltr'>ἂν</span> <span class='ocrx_word' id='word_1_299' title='bbox 1340 3957 1522 4027; x_wconf 88' lang='grc' dir='ltr'>μόνοις</span> <span class='ocrx_word' id='word_1_300' title='bbox 1552 3959 1630 4021; x_wconf 82' lang='grc' dir='ltr'><strong>είς</strong></span> <span class='ocrx_word' id='word_1_301' title='bbox 1659 3959 1890 4030; x_wconf 72' lang='grc' dir='ltr'>αἰσχρὰν</span> 
     </span>
    </p>
   </div>
   <div class='ocr_carea' id='block_1_43' title="bbox 297 4046 1891 4119">
    <p class='ocr_par' dir='ltr' id='par_1_43' title="bbox 297 4046 1891 4119">
     <span class='ocr_line' id='line_1_43' title="bbox 297 4046 1891 4119; baseline 0.003 -18"><span class='ocrx_word' id='word_1_302' title='bbox 297 4046 449 4101; x_wconf 74' lang='grc' dir='ltr'>οὕτω</span> <span class='ocrx_word' id='word_1_303' title='bbox 494 4047 589 4100; x_wconf 80' lang='grc' dir='ltr'>καὶ</span> <span class='ocrx_word' id='word_1_304' title='bbox 620 4046 1028 4119; x_wconf 80' lang='grc' dir='ltr'>βδελυρωτάτην</span> <span class='ocrx_word' id='word_1_305' title='bbox 1049 4049 1162 4116; x_wconf 75' lang='grc' dir='ltr'>ἕξιν</span> <span class='ocrx_word' id='word_1_306' title='bbox 1193 4047 1529 4102; x_wconf 85' lang='grc' dir='ltr'>κατολισθεῖν</span> <span class='ocrx_word' id='word_1_307' title='bbox 1555 4053 1668 4114; x_wconf 81' lang='grc' dir='ltr'>τοῖς</span> <span class='ocrx_word' id='word_1_308' title='bbox 1688 4052 1756 4107; x_wconf 80' lang='grc' dir='ltr'>τὰ</span> <span class='ocrx_word' id='word_1_309' title='bbox 1782 4051 1891 4106; x_wconf 79' lang='grc' dir='ltr'>τῶν</span> 
     </span>
    </p>
   </div>
   <div class='ocr_carea' id='block_1_44' title="bbox 296 4138 1892 4214">
    <p class='ocr_par' dir='ltr' id='par_1_44' title="bbox 296 4138 1892 4214">
     <span class='ocr_line' id='line_1_44' title="bbox 296 4138 1892 4214; baseline 0.004 -22"><span class='ocrx_word' id='word_1_310' title='bbox 296 4138 516 4209; x_wconf 79' lang='grc' dir='ltr'>ἀνδρῶν</span> <span class='ocrx_word' id='word_1_311' title='bbox 564 4139 839 4210; x_wconf 77' lang='grc' dir='ltr'>ἐξαίρετα,</span> <span class='ocrx_word' id='word_1_312' title='bbox 897 4141 1032 4210; x_wconf 82' lang='grc' dir='ltr'>πρὸς</span> <span class='ocrx_word' id='word_1_313' title='bbox 1067 4141 1138 4195; x_wconf 77' lang='grc' dir='ltr'>τὰ</span> <span class='ocrx_word' id='word_1_314' title='bbox 1182 4141 1290 4196; x_wconf 84' lang='grc' dir='ltr'><strong>τῶν</strong></span> <span class='ocrx_word' id='word_1_315' title='bbox 1343 4143 1584 4211; x_wconf 82' lang='grc' dir='ltr'>γυναίων</span> <span class='ocrx_word' id='word_1_316' title='bbox 1636 4144 1761 4214; x_wconf 78' lang='grc' dir='ltr'>ἔθη,</span> <span class='ocrx_word' id='word_1_317' title='bbox 1797 4147 1892 4200; x_wconf 58' lang='grc' dir='ltr'><strong>καὶ⁵</strong></span> 
     </span>
    </p>
   </div>
   <div class='ocr_carea' id='block_1_45' title="bbox 299 4231 1888 4308">
    <p class='ocr_par' dir='ltr' id='par_1_45' title="bbox 299 4231 1888 4308">
     <span class='ocr_line' id='line_1_45' title="bbox 299 4231 1888 4308; baseline 0.006 -25"><span class='ocrx_word' id='word_1_318' title='bbox 299 4232 600 4301; x_wconf 80' lang='grc' dir='ltr'>σχήματα,</span> <span class='ocrx_word' id='word_1_319' title='bbox 635 4231 727 4285; x_wconf 77' lang='grc' dir='ltr'><strong>καὶ</strong></span> <span class='ocrx_word' id='word_1_320' title='bbox 771 4232 958 4300; x_wconf 80' lang='grc' dir='ltr'>φωνὰς</span> <span class='ocrx_word' id='word_1_321' title='bbox 1004 4232 1433 4298; x_wconf 75' lang='grc' dir='ltr'>καταϐιάζεσθαι</span> <span class='ocrx_word' id='word_1_322' title='bbox 1469 4237 1888 4308; x_wconf 85' lang='grc' dir='ltr'>μεμελετηκόσι.</span> 
     </span>
    </p>
   </div>
   <div class='ocr_carea' id='block_1_46' title="bbox 299 4310 1887 4401">
    <p class='ocr_par' dir='ltr' id='par_1_46' title="bbox 299 4310 1887 4401">
     <span class='ocr_line' id='line_1_46' title="bbox 299 4310 1887 4401; baseline 0.004 -25"><span class='ocrx_word' id='word_1_323' title='bbox 299 4323 590 4376; x_wconf 83' lang='grc' dir='ltr'>Γυναικίαι</span> <span class='ocrx_word' id='word_1_324' title='bbox 626 4323 682 4377; x_wconf 81' lang='grc' dir='ltr'>δὲ</span> <span class='ocrx_word' id='word_1_325' title='bbox 722 4316 889 4389; x_wconf 73' lang='grc' dir='ltr'>οὗτοι,</span> <span class='ocrx_word' id='word_1_326' title='bbox 931 4327 1027 4379; x_wconf 85' lang='grc' dir='ltr'><strong>καὶ</strong></span> <span class='ocrx_word' id='word_1_327' title='bbox 1078 4326 1214 4379; x_wconf 84' lang='grc' dir='ltr'>πολὺ</span> <span class='ocrx_word' id='word_1_328' title='bbox 1261 4327 1383 4380; x_wconf 82' lang='grc' dir='ltr'>λίαν</span> <span class='ocrx_word' id='word_1_329' title='bbox 1431 4310 1887 4401; x_wconf 80' lang='grc' dir='ltr'>ἐκτεθηλυμένοι,</span> 
     </span>
    </p>
   </div>
   <div class='ocr_carea' id='block_1_47' title="bbox 298 4417 1891 4495">
    <p class='ocr_par' dir='ltr' id='par_1_47' title="bbox 298 4417 1891 4495">
     <span class='ocr_line' id='line_1_47' title="bbox 298 4417 1891 4495; baseline 0.006 -27"><span class='ocrx_word' id='word_1_330' title='bbox 298 4417 401 4468; x_wconf 74' lang='grc' dir='ltr'>καὶ</span> <span class='ocrx_word' id='word_1_331' title='bbox 423 4417 504 4479; x_wconf 81' lang='grc' dir='ltr'><strong>είς</strong></span> <span class='ocrx_word' id='word_1_332' title='bbox 533 4417 687 4486; x_wconf 76' lang='grc' dir='ltr'>λῆξιν</span> <span class='ocrx_word' id='word_1_333' title='bbox 722 4417 950 4488; x_wconf 80' lang='grc' dir='ltr'>ἥκοντες</span> <span class='ocrx_word' id='word_1_334' title='bbox 977 4418 1076 4488; x_wconf 80' lang='grc' dir='ltr'>τῆς</span> <span class='ocrx_word' id='word_1_335' title='bbox 1103 4421 1161 4471; x_wconf 83' lang='grc' dir='ltr'>ὲν</span> <span class='ocrx_word' id='word_1_336' title='bbox 1193 4419 1503 4490; x_wconf 81' lang='grc' dir='ltr'>ἀνθρώποις</span> <span class='ocrx_word' id='word_1_337' title='bbox 1526 4422 1891 4495; x_wconf 82' lang='grc' dir='ltr'>ἀκαθαρσίας.</span> 
     </span>
    </p>
   </div>
   <div class='ocr_carea' id='block_1_48' title="bbox 298 4509 1890 4585">
    <p class='ocr_par' dir='ltr' id='par_1_48' title="bbox 298 4509 1890 4585">
     <span class='ocr_line' id='line_1_48' title="bbox 298 4509 1890 4585; baseline 0.004 -23"><span class='ocrx_word' id='word_1_338' title='bbox 298 4511 344 4562; x_wconf 88' lang='grc' dir='ltr'>Τ</span> <span class='ocrx_word' id='word_1_339' title='bbox 347 4511 378 4562; x_wconf 87' lang='lat' dir='ltr'><strong>o&#39;</strong></span> <span class='ocrx_word' id='word_1_340' title='bbox 401 4525 468 4577; x_wconf 85' lang='grc' dir='ltr'>γε</span> <span class='ocrx_word' id='word_1_341' title='bbox 501 4509 606 4581; x_wconf 69' lang='grc' dir='ltr'>μὴν</span> <span class='ocrx_word' id='word_1_342' title='bbox 648 4512 734 4564; x_wconf 81' lang='grc' dir='ltr'>ἐπ’</span> <span class='ocrx_word' id='word_1_343' title='bbox 773 4511 903 4582; x_wconf 79' lang='grc' dir='ltr'>οἴνῳ</span> <span class='ocrx_word' id='word_1_344' title='bbox 945 4512 1038 4565; x_wconf 72' lang='grc' dir='ltr'>καὶ</span> <span class='ocrx_word' id='word_1_345' title='bbox 1066 4513 1198 4584; x_wconf 85' lang='grc' dir='ltr'>σίτῳ</span> <span class='ocrx_word' id='word_1_346' title='bbox 1241 4515 1683 4585; x_wconf 77' lang='grc' dir='ltr'>κατατέμνεσθαι</span> <span class='ocrx_word' id='word_1_347' title='bbox 1712 4516 1890 4584; x_wconf 84' lang='grc' dir='ltr'>λέγειν</span> 
     </span>
    </p>
   </div>
   <div class='ocr_carea' id='block_1_49' title="bbox 2065 706 3584 782">
    <p class='ocr_par' dir='ltr' id='par_1_49' title="bbox 2065 706 3584 782">
     <span class='ocr_line' id='line_1_49' title="bbox 2065 706 3584 782; baseline -0.007 -15"><span class='ocrx_word' id='word_1_348' title='bbox 2065 714 2228 767; x_wconf 78' lang='lat' dir='ltr'><strong>VEns.</strong></span> <span class='ocrx_word' id='word_1_349' title='bbox 2266 714 2354 767; x_wconf 70' lang='grc' dir='ltr'>Μ.</span> <span class='ocrx_word' id='word_1_350' title='bbox 2393 709 2503 782; x_wconf 84' lang='lat' dir='ltr'><strong>Ego</strong></span> <span class='ocrx_word' id='word_1_351' title='bbox 2546 728 2664 765; x_wconf 78' lang='lat' dir='ltr'><strong>vero</strong></span> <span class='ocrx_word' id='word_1_352' title='bbox 2701 709 2895 764; x_wconf 82' lang='lat' dir='ltr'><strong>redemi</strong></span> <span class='ocrx_word' id='word_1_353' title='bbox 2929 725 3036 774; x_wconf 80' lang='lat' dir='ltr'><strong>eos,</strong></span> <span class='ocrx_word' id='word_1_354' title='bbox 3077 709 3176 778; x_wconf 78' lang='lat' dir='ltr'><strong>ipsi</strong></span> <span class='ocrx_word' id='word_1_355' title='bbox 3211 719 3385 761; x_wconf 84' lang='lat' dir='ltr'><strong>autent</strong></span> <span class='ocrx_word' id='word_1_356' title='bbox 3422 706 3584 759; x_wconf 82' lang='lat' dir='ltr'><strong>locuti</strong></span> 
     </span>
    </p>
   </div>
   <div class='ocr_carea' id='block_1_50' title="bbox 1991 797 3586 865">
    <p class='ocr_par' dir='ltr' id='par_1_50' title="bbox 1991 797 3586 865">
     <span class='ocr_line' id='line_1_50' title="bbox 1991 797 3586 865; baseline -0.004 -8"><span class='ocrx_word' id='word_1_357' title='bbox 1991 813 2114 858; x_wconf 78' lang='lat' dir='ltr'><strong>sunt</strong></span> <span class='ocrx_word' id='word_1_358' title='bbox 2144 813 2324 857; x_wconf 81' lang='lat' dir='ltr'><strong>contra</strong></span> <span class='ocrx_word' id='word_1_359' title='bbox 2358 819 2438 855; x_wconf 83' lang='lat' dir='ltr'><strong>me</strong></span> <span class='ocrx_word' id='word_1_360' title='bbox 2470 801 2780 865; x_wconf 79' lang='lat' dir='ltr'><strong>mendacia;</strong></span> <span class='ocrx_word' id='word_1_361' title='bbox 2807 811 2854 853; x_wconf 83' lang='lat' dir='ltr'><strong>et</strong></span> <span class='ocrx_word' id='word_1_362' title='bbox 2888 817 2991 852; x_wconf 86' lang='lat' dir='ltr'><strong>non</strong></span> <span class='ocrx_word' id='word_1_363' title='bbox 3027 799 3382 852; x_wconf 77' lang='lat' dir='ltr'><strong>clamauerunt</strong></span> <span class='ocrx_word' id='word_1_364' title='bbox 3411 797 3478 849; x_wconf 86' lang='lat' dir='ltr'><strong>ad</strong></span> <span class='ocrx_word' id='word_1_365' title='bbox 3506 813 3586 850; x_wconf 77' lang='lat' dir='ltr'><strong>me</strong></span> 
     </span>
    </p>
   </div>
   <div class='ocr_carea' id='block_1_51' title="bbox 1992 886 3588 959">
    <p class='ocr_par' dir='ltr' id='par_1_51' title="bbox 1992 886 3588 959">
     <span class='ocr_line' id='line_1_51' title="bbox 1992 886 3588 959; baseline -0.006 -10"><span class='ocrx_word' id='word_1_366' title='bbox 1992 897 2151 950; x_wconf 83' lang='lat' dir='ltr'><strong>corda</strong></span> <span class='ocrx_word' id='word_1_367' title='bbox 2186 912 2399 959; x_wconf 84' lang='lat' dir='ltr'><strong>eorum,</strong></span> <span class='ocrx_word' id='word_1_368' title='bbox 2432 894 2522 947; x_wconf 75' lang='lat' dir='ltr'><strong>sed</strong></span> <span class='ocrx_word' id='word_1_369' title='bbox 2557 892 2831 946; x_wconf 81' lang='lat' dir='ltr'><strong>ululabaut</strong></span> <span class='ocrx_word' id='word_1_370' title='bbox 2867 893 2919 946; x_wconf 84' lang='lat' dir='ltr'><strong>in</strong></span> <span class='ocrx_word' id='word_1_371' title='bbox 2951 890 3213 944; x_wconf 71' lang='lat' dir='ltr'><strong>cubilibus</strong></span> <span class='ocrx_word' id='word_1_372' title='bbox 3245 889 3378 943; x_wconf 79' lang='lat' dir='ltr'><strong>suis.</strong></span> <span class='ocrx_word' id='word_1_373' title='bbox 3414 886 3588 956; x_wconf 76' lang='lat' dir='ltr'><strong>Super</strong></span> 
     </span>
    </p>
   </div>
   <div class='ocr_carea' id='block_1_52' title="bbox 1992 984 2935 1058">
    <p class='ocr_par' dir='ltr' id='par_1_52' title="bbox 1992 984 2935 1058">
     <span class='ocr_line' id='line_1_52' title="bbox 1992 984 2935 1058; baseline -0.004 -18"><span class='ocrx_word' id='word_1_374' title='bbox 1992 988 2256 1058; x_wconf 74' lang='lat' dir='ltr'><strong>frumento</strong></span> <span class='ocrx_word' id='word_1_375' title='bbox 2281 997 2328 1040; x_wconf 85' lang='lat' dir='ltr'><strong>et</strong></span> <span class='ocrx_word' id='word_1_376' title='bbox 2359 987 2478 1040; x_wconf 85' lang='lat' dir='ltr'><strong>vino</strong></span> <span class='ocrx_word' id='word_1_377' title='bbox 2507 984 2935 1039; x_wconf 80' lang='lat' dir='ltr'><strong>concidebantur.</strong></span> 
     </span>
    </p>
   </div>
   <div class='ocr_carea' id='block_1_53' title="bbox 2062 1199 3582 1269">
    <p class='ocr_par' dir='ltr' id='par_1_53' title="bbox 2062 1199 3582 1269">
     <span class='ocr_line' id='line_1_53' title="bbox 2062 1199 3582 1269; baseline -0.007 -9"><span class='ocrx_word' id='word_1_378' title='bbox 2062 1203 2332 1260; x_wconf 75' lang='lat' dir='ltr'><strong>LXXXII.</strong></span> <span class='ocrx_word' id='word_1_379' title='bbox 2376 1203 2614 1257; x_wconf 89' lang='lat' dir='ltr'><strong>lnsiunat</strong></span> <span class='ocrx_word' id='word_1_380' title='bbox 2642 1201 2796 1264; x_wconf 87' lang='lat' dir='ltr'><strong>item,</strong></span> <span class='ocrx_word' id='word_1_381' title='bbox 2822 1215 2880 1254; x_wconf 89' lang='lat' dir='ltr'><strong>se</strong></span> <span class='ocrx_word' id='word_1_382' title='bbox 2910 1199 3330 1269; x_wconf 82' lang='lat' dir='ltr'><strong>uniuscujusque</strong></span> <span class='ocrx_word' id='word_1_383' title='bbox 3358 1206 3582 1268; x_wconf 79' lang='lat' dir='ltr'><strong>peccata</strong></span> 
     </span>
    </p>
   </div>
   <div class='ocr_carea' id='block_1_54' title="bbox 1990 1290 3575 1366">
    <p class='ocr_par' dir='ltr' id='par_1_54' title="bbox 1990 1290 3575 1366">
     <span class='ocr_line' id='line_1_54' title="bbox 1990 1290 3575 1366; baseline -0.005 -16"><span class='ocrx_word' id='word_1_384' title='bbox 1990 1299 2213 1366; x_wconf 88' lang='lat' dir='ltr'><strong>paribus</strong></span> <span class='ocrx_word' id='word_1_385' title='bbox 2246 1296 2422 1366; x_wconf 76' lang='lat' dir='ltr'><strong>pmnis</strong></span> <span class='ocrx_word' id='word_1_386' title='bbox 2451 1295 2657 1349; x_wconf 85' lang='lat' dir='ltr'><strong>ulcisci.</strong></span> <span class='ocrx_word' id='word_1_387' title='bbox 2688 1293 2934 1348; x_wconf 89' lang='lat' dir='ltr'><strong>Oblocuti</strong></span> <span class='ocrx_word' id='word_1_388' title='bbox 2968 1301 3096 1344; x_wconf 91' lang='lat' dir='ltr'><strong>sunt</strong></span> <span class='ocrx_word' id='word_1_389' title='bbox 3125 1291 3267 1344; x_wconf 87' lang='lat' dir='ltr'><strong>enim</strong></span> <span class='ocrx_word' id='word_1_390' title='bbox 3300 1290 3575 1343; x_wconf 89' lang='lat' dir='ltr'><strong>liberatori</strong></span> 
     </span>
    </p>
   </div>
   <div class='ocr_carea' id='block_1_55' title="bbox 1991 1381 3582 1454">
    <p class='ocr_par' dir='ltr' id='par_1_55' title="bbox 1991 1381 3582 1454">
     <span class='ocr_line' id='line_1_55' title="bbox 1991 1381 3582 1454; baseline -0.006 -11"><span class='ocrx_word' id='word_1_391' title='bbox 1991 1404 2090 1443; x_wconf 85' lang='lat' dir='ltr'><strong>suo</strong></span> <span class='ocrx_word' id='word_1_392' title='bbox 2127 1388 2265 1450; x_wconf 88' lang='lat' dir='ltr'><strong>Deo,</strong></span> <span class='ocrx_word' id='word_1_393' title='bbox 2310 1387 2398 1454; x_wconf 96' lang='lat' dir='ltr'><strong>qui</strong></span> <span class='ocrx_word' id='word_1_394' title='bbox 2439 1401 2533 1439; x_wconf 90' lang='lat' dir='ltr'><strong>eos</strong></span> <span class='ocrx_word' id='word_1_395' title='bbox 2571 1387 2637 1439; x_wconf 92' lang='lat' dir='ltr'><strong>de</strong></span> <span class='ocrx_word' id='word_1_396' title='bbox 2677 1385 2836 1439; x_wconf 84' lang='lat' dir='ltr'><strong>domo</strong></span> <span class='ocrx_word' id='word_1_397' title='bbox 2873 1383 3154 1435; x_wconf 87' lang='lat' dir='ltr'><strong>servitutis</strong></span> <span class='ocrx_word' id='word_1_398' title='bbox 3196 1381 3410 1443; x_wconf 80' lang='lat' dir='ltr'><strong>eduxit,</strong></span> <span class='ocrx_word' id='word_1_399' title='bbox 3460 1399 3477 1431; x_wconf 84' lang='grc' dir='ltr'><strong>ι</strong></span> <span class='ocrx_word' id='word_1_400' title='bbox 3530 1383 3582 1434; x_wconf 89' lang='lat' dir='ltr'><strong>in</strong></span> 
     </span>
    </p>
   </div>
   <div class='ocr_carea' id='block_1_56' title="bbox 1991 1473 3581 1546">
    <p class='ocr_par' dir='ltr' id='par_1_56' title="bbox 1991 1473 3581 1546">
     <span class='ocr_line' id='line_1_56' title="bbox 1991 1473 3581 1546; baseline -0.004 -13"><span class='ocrx_word' id='word_1_401' title='bbox 1991 1496 2151 1533; x_wconf 88' lang='lat' dir='ltr'><strong>manu</strong></span> <span class='ocrx_word' id='word_1_402' title='bbox 2181 1480 2407 1546; x_wconf 87' lang='lat' dir='ltr'><strong>potenti,</strong></span> <span class='ocrx_word' id='word_1_403' title='bbox 2433 1487 2486 1531; x_wconf 88' lang='lat' dir='ltr'><strong>et</strong></span> <span class='ocrx_word' id='word_1_404' title='bbox 2513 1477 2734 1531; x_wconf 87' lang='lat' dir='ltr'><strong>brachio</strong></span> <span class='ocrx_word' id='word_1_405' title='bbox 2760 1478 2974 1532; x_wconf 82' lang='lat' dir='ltr'><strong>excelso</strong></span> <span class='ocrx_word' id='word_1_406' title='bbox 2995 1478 3061 1540; x_wconf 79' lang='grc'>³⁸,</span> <span class='ocrx_word' id='word_1_407' title='bbox 3101 1496 3119 1528; x_wconf 75' lang='grc' dir='ltr'><strong>ι</strong></span> <span class='ocrx_word' id='word_1_408' title='bbox 3153 1473 3296 1530; x_wconf 97' lang='lat' dir='ltr'><strong>sicut</strong></span> <span class='ocrx_word' id='word_1_409' title='bbox 3320 1477 3581 1542; x_wconf 88' lang='lat' dir='ltr'><strong>scriptum</strong></span> 
     </span>
    </p>
   </div>
   <div class='ocr_carea' id='block_1_57' title="bbox 1991 1567 3584 1640">
    <p class='ocr_par' dir='ltr' id='par_1_57' title="bbox 1991 1567 3584 1640">
     <span class='ocr_line' id='line_1_57' title="bbox 1991 1567 3584 1640; baseline -0.004 -15"><span class='ocrx_word' id='word_1_410' title='bbox 1991 1581 2094 1632; x_wconf 87' lang='lat' dir='ltr'><strong>est.</strong></span> <span class='ocrx_word' id='word_1_411' title='bbox 2119 1581 2173 1624; x_wconf 90' lang='lat' dir='ltr'><strong>et</strong></span> <span class='ocrx_word' id='word_1_412' title='bbox 2198 1587 2228 1624; x_wconf 92' lang='lat' dir='ltr'><strong>e</strong></span> <span class='ocrx_word' id='word_1_413' title='bbox 2258 1572 2537 1623; x_wconf 76' lang='lat' dir='ltr'><strong>dominatur</strong></span> <span class='ocrx_word' id='word_1_414' title='bbox 2563 1569 2941 1640; x_wconf 65' lang='lat' dir='ltr'><strong>Egyptiorum</strong></span> <span class='ocrx_word' id='word_1_415' title='bbox 2974 1568 3292 1638; x_wconf 84' lang='lat' dir='ltr'><strong>asportavit.</strong></span> <span class='ocrx_word' id='word_1_416' title='bbox 3323 1567 3584 1620; x_wconf 82' lang='lat' dir='ltr'><strong>Detraxc-</strong></span> 
     </span>
    </p>
   </div>
   <div class='ocr_carea' id='block_1_58' title="bbox 1993 1662 3583 1732">
    <p class='ocr_par' dir='ltr' id='par_1_58' title="bbox 1993 1662 3583 1732">
     <span class='ocr_line' id='line_1_58' title="bbox 1993 1662 3583 1732; baseline -0.003 -14"><span class='ocrx_word' id='word_1_417' title='bbox 1993 1671 2120 1718; x_wconf 83' lang='lat' dir='ltr'><strong>runt</strong></span> <span class='ocrx_word' id='word_1_418' title='bbox 2154 1674 2332 1715; x_wconf 87' lang='lat' dir='ltr'><strong>autem</strong></span> <span class='ocrx_word' id='word_1_419' title='bbox 2371 1666 2436 1716; x_wconf 88' lang='lat' dir='ltr'><strong>de</strong></span> <span class='ocrx_word' id='word_1_420' title='bbox 2470 1663 2642 1732; x_wconf 87' lang='lat' dir='ltr'><strong>gloria</strong></span> <span class='ocrx_word' id='word_1_421' title='bbox 2679 1663 2829 1731; x_wconf 74' lang='lat' dir='ltr'><strong>ejus,</strong></span> <span class='ocrx_word' id='word_1_422' title='bbox 2867 1662 3054 1714; x_wconf 87' lang='lat' dir='ltr'><strong>Iaudes</strong></span> <span class='ocrx_word' id='word_1_423' title='bbox 3088 1675 3186 1728; x_wconf 87' lang='lat' dir='ltr'><strong>pro</strong></span> <span class='ocrx_word' id='word_1_424' title='bbox 3221 1662 3459 1728; x_wconf 72' lang='lat' dir='ltr'><strong>acceptis</strong></span> <span class='ocrx_word' id='word_1_425' title='bbox 3491 1662 3583 1714; x_wconf 89' lang='lat' dir='ltr'><strong>be-</strong></span> 
     </span>
    </p>
   </div>
   <div class='ocr_carea' id='block_1_59' title="bbox 1993 1753 3585 1824">
    <p class='ocr_par' dir='ltr' id='par_1_59' title="bbox 1993 1753 3585 1824">
     <span class='ocr_line' id='line_1_59' title="bbox 1993 1753 3585 1824; baseline -0.004 -14"><span class='ocrx_word' id='word_1_426' title='bbox 1993 1756 2201 1810; x_wconf 82' lang='lat' dir='ltr'><strong>neficiis</strong></span> <span class='ocrx_word' id='word_1_427' title='bbox 2245 1755 2471 1824; x_wconf 89' lang='lat' dir='ltr'><strong>impuris</strong></span> <span class='ocrx_word' id='word_1_428' title='bbox 2515 1754 2887 1813; x_wconf 71' lang='lat' dir='ltr'><strong>(taenionibus.</strong></span> <span class='ocrx_word' id='word_1_429' title='bbox 2930 1764 2985 1805; x_wconf 85' lang='lat' dir='ltr'><strong>et</strong></span> <span class='ocrx_word' id='word_1_430' title='bbox 3025 1753 3282 1820; x_wconf 84' lang='lat' dir='ltr'><strong>operibus</strong></span> <span class='ocrx_word' id='word_1_431' title='bbox 3327 1767 3585 1805; x_wconf 86' lang='lat' dir='ltr'><strong>manuum</strong></span> 
     </span>
    </p>
   </div>
   <div class='ocr_carea' id='block_1_60' title="bbox 1993 1845 3585 1914">
    <p class='ocr_par' dir='ltr' id='par_1_60' title="bbox 1993 1845 3585 1914">
     <span class='ocr_line' id='line_1_60' title="bbox 1993 1845 3585 1914; baseline -0.002 -14"><span class='ocrx_word' id='word_1_432' title='bbox 1993 1862 2216 1900; x_wconf 85' lang='lat' dir='ltr'><strong>suarum</strong></span> <span class='ocrx_word' id='word_1_433' title='bbox 2252 1847 2584 1911; x_wconf 83' lang='lat' dir='ltr'><strong>tribuentes;</strong></span> <span class='ocrx_word' id='word_1_434' title='bbox 2613 1847 2758 1900; x_wconf 85' lang='lat' dir='ltr'><strong>sicut.</strong></span> <span class='ocrx_word' id='word_1_435' title='bbox 2785 1853 2978 1914; x_wconf 81' lang='lat' dir='ltr'><strong>uem‘pe</strong></span> <span class='ocrx_word' id='word_1_436' title='bbox 3006 1860 3126 1898; x_wconf 91' lang='lat' dir='ltr'><strong>cum</strong></span> <span class='ocrx_word' id='word_1_437' title='bbox 3156 1845 3380 1898; x_wconf 89' lang='lat' dir='ltr'><strong>vitnlmu</strong></span> <span class='ocrx_word' id='word_1_438' title='bbox 3414 1846 3466 1897; x_wconf 88' lang='lat' dir='ltr'><strong>in</strong></span> <span class='ocrx_word' id='word_1_439' title='bbox 3495 1859 3585 1898; x_wconf 90' lang='lat' dir='ltr'><strong>so-</strong></span> 
     </span>
    </p>
   </div>
   <div class='ocr_carea' id='block_1_61' title="bbox 1923 1904 3586 2006">
    <p class='ocr_par' dir='ltr' id='par_1_61' title="bbox 1923 1904 3586 2006">
     <span class='ocr_line' id='line_1_61' title="bbox 1923 1904 3586 2006; baseline -0.003 -15"><span class='ocrx_word' id='word_1_440' title='bbox 1923 1904 1964 1960; x_wconf 72' lang='grc' dir='ltr'><strong><em>Β</em></strong></span> <span class='ocrx_word' id='word_1_441' title='bbox 1994 1939 2222 1991; x_wconf 83' lang='lat' dir='ltr'><strong>litudine</strong></span> <span class='ocrx_word' id='word_1_442' title='bbox 2264 1937 2550 2002; x_wconf 84' lang='lat' dir='ltr'><strong>fecissent,</strong></span> <span class='ocrx_word' id='word_1_443' title='bbox 2597 1936 2984 2006; x_wconf 81' lang='lat' dir='ltr'><strong>propemodum</strong></span> <span class='ocrx_word' id='word_1_444' title='bbox 3030 1935 3374 1988; x_wconf 86' lang='lat' dir='ltr'><strong>liberatorem</strong></span> <span class='ocrx_word' id='word_1_445' title='bbox 3420 1935 3586 2002; x_wconf 80' lang='lat' dir='ltr'><strong>impie</strong></span> 
     </span>
    </p>
   </div>
   <div class='ocr_carea' id='block_1_62' title="bbox 1993 2028 3581 2097">
    <p class='ocr_par' dir='ltr' id='par_1_62' title="bbox 1993 2028 3581 2097">
     <span class='ocr_line' id='line_1_62' title="bbox 1993 2028 3581 2097; baseline -0.003 -13"><span class='ocrx_word' id='word_1_446' title='bbox 1993 2043 2046 2085; x_wconf 87' lang='lat' dir='ltr'><strong>et</strong></span> <span class='ocrx_word' id='word_1_447' title='bbox 2071 2031 2462 2084; x_wconf 80' lang='lat' dir='ltr'><strong>contumeliose</strong></span> <span class='ocrx_word' id='word_1_448' title='bbox 2486 2029 2915 2097; x_wconf 85' lang='lat' dir='ltr'><strong>proscindentcs,</strong></span> <span class='ocrx_word' id='word_1_449' title='bbox 2938 2043 3002 2081; x_wconf 78' lang='lat' dir='ltr'><strong>ex</strong></span> <span class='ocrx_word' id='word_1_450' title='bbox 3029 2031 3264 2081; x_wconf 82' lang='lat' dir='ltr'><strong>amentia</strong></span> <span class='ocrx_word' id='word_1_451' title='bbox 3288 2028 3538 2082; x_wconf 81' lang='lat' dir='ltr'><strong>dicebant</strong></span> <span class='ocrx_word' id='word_1_452' title='bbox 3566 2044 3581 2079; x_wconf 94' lang='lat'>:</span> 
     </span>
    </p>
   </div>
   <div class='ocr_carea' id='block_1_63' title="bbox 1995 2119 3582 2188">
    <p class='ocr_par' dir='ltr' id='par_1_63' title="bbox 1995 2119 3582 2188">
     <span class='ocr_line' id='line_1_63' title="bbox 1995 2119 3582 2188; baseline -0.001 -17"><span class='ocrx_word' id='word_1_453' title='bbox 1995 2137 2016 2171; x_wconf 72' lang='grc' dir='ltr'><strong>ι</strong></span> <span class='ocrx_word' id='word_1_454' title='bbox 2054 2119 2115 2173; x_wconf 79' lang='lat' dir='ltr'><strong>l&#39;li</strong></span> <span class='ocrx_word' id='word_1_455' title='bbox 2152 2131 2276 2174; x_wconf 82' lang='lat' dir='ltr'><strong>sunt</strong></span> <span class='ocrx_word' id='word_1_456' title='bbox 2311 2121 2517 2181; x_wconf 78' lang='lat' dir='ltr'><strong>dii&#39;tui,</strong></span> <span class='ocrx_word' id='word_1_457' title='bbox 2555 2120 2740 2184; x_wconf 83' lang='lat' dir='ltr'><strong>Israel,</strong></span> <span class='ocrx_word' id='word_1_458' title='bbox 2775 2120 2866 2188; x_wconf 89' lang='lat' dir='ltr'><strong>qui</strong></span> <span class='ocrx_word' id='word_1_459' title='bbox 2903 2120 3206 2172; x_wconf 80' lang='lat' dir='ltr'><strong>eduxerunt</strong></span> <span class='ocrx_word' id='word_1_460' title='bbox 3243 2128 3294 2171; x_wconf 88' lang='lat' dir='ltr'><strong>te</strong></span> <span class='ocrx_word' id='word_1_461' title='bbox 3330 2119 3396 2171; x_wconf 89' lang='lat' dir='ltr'><strong>de</strong></span> <span class='ocrx_word' id='word_1_462' title='bbox 3433 2129 3582 2171; x_wconf 87' lang='lat' dir='ltr'><strong>terra</strong></span> 
     </span>
    </p>
   </div>
   <div class='ocr_carea' id='block_1_64' title="bbox 1989 2209 3580 2284">
    <p class='ocr_par' dir='ltr' id='par_1_64' title="bbox 1989 2209 3580 2284">
     <span class='ocr_line' id='line_1_64' title="bbox 1989 2209 3580 2284; baseline -0.004 -17"><span class='ocrx_word' id='word_1_463' title='bbox 1989 2212 2208 2284; x_wconf 67' lang='lat' dir='ltr'><strong>Egypti</strong></span> <span class='ocrx_word' id='word_1_464' title='bbox 2241 2213 2302 2265; x_wconf 81' lang='grc'><strong>¹⁶.</strong></span> <span class='ocrx_word' id='word_1_465' title='bbox 2351 2232 2371 2262; x_wconf 87' lang='grc'><strong>›</strong></span> <span class='ocrx_word' id='word_1_466' title='bbox 2419 2211 2614 2280; x_wconf 72' lang='lat' dir='ltr'><strong>Iniuria</strong></span> <span class='ocrx_word' id='word_1_467' title='bbox 2659 2213 2823 2283; x_wconf 81' lang='lat' dir='ltr'><strong>igitur</strong></span> <span class='ocrx_word' id='word_1_468' title='bbox 2859 2222 2916 2267; x_wconf 88' lang='lat' dir='ltr'><strong>et</strong></span> <span class='ocrx_word' id='word_1_469' title='bbox 2955 2213 3276 2265; x_wconf 73' lang='lat' dir='ltr'><strong>contumelia</strong></span> <span class='ocrx_word' id='word_1_470' title='bbox 3320 2211 3371 2264; x_wconf 91' lang='lat' dir='ltr'><strong>in</strong></span> <span class='ocrx_word' id='word_1_471' title='bbox 3414 2209 3580 2263; x_wconf 81' lang='lat' dir='ltr'><strong>Deum</strong></span> 
     </span>
    </p>
   </div>
   <div class='ocr_carea' id='block_1_65' title="bbox 1991 2301 3568 2376">
    <p class='ocr_par' dir='ltr' id='par_1_65' title="bbox 1991 2301 3568 2376">
     <span class='ocr_line' id='line_1_65' title="bbox 1991 2301 3568 2376; baseline -0.003 -18"><span class='ocrx_word' id='word_1_472' title='bbox 1991 2307 2213 2359; x_wconf 81' lang='lat' dir='ltr'><strong>minime</strong></span> <span class='ocrx_word' id='word_1_473' title='bbox 2256 2305 2414 2359; x_wconf 84' lang='lat' dir='ltr'><strong>dubia</strong></span> <span class='ocrx_word' id='word_1_474' title='bbox 2469 2305 2823 2376; x_wconf 83' lang='lat' dir='ltr'><strong>opprobratio</strong></span> <span class='ocrx_word' id='word_1_475' title='bbox 2863 2314 2974 2370; x_wconf 87' lang='lat' dir='ltr'><strong>est,</strong></span> <span class='ocrx_word' id='word_1_476' title='bbox 3012 2303 3354 2372; x_wconf 90' lang='lat' dir='ltr'><strong>sculptilibus</strong></span> <span class='ocrx_word' id='word_1_477' title='bbox 3395 2314 3451 2355; x_wconf 87' lang='lat' dir='ltr'><strong>et</strong></span> <span class='ocrx_word' id='word_1_478' title='bbox 3487 2301 3568 2354; x_wconf 68' lang='lat' dir='ltr'><strong>da:</strong></span> 
     </span>
    </p>
   </div>
   <div class='ocr_carea' id='block_1_66' title="bbox 1989 2395 3587 2466">
    <p class='ocr_par' dir='ltr' id='par_1_66' title="bbox 1989 2395 3587 2466">
     <span class='ocr_line' id='line_1_66' title="bbox 1989 2395 3587 2466; baseline -0.003 -14"><span class='ocrx_word' id='word_1_479' title='bbox 1989 2400 2238 2452; x_wconf 87' lang='lat' dir='ltr'><strong>monibus</strong></span> <span class='ocrx_word' id='word_1_480' title='bbox 2273 2399 2476 2452; x_wconf 89' lang='lat' dir='ltr'><strong>cultum</strong></span> <span class='ocrx_word' id='word_1_481' title='bbox 2513 2398 2751 2450; x_wconf 87' lang='lat' dir='ltr'><strong>divinum</strong></span> <span class='ocrx_word' id='word_1_482' title='bbox 2792 2397 3128 2466; x_wconf 84' lang='lat' dir='ltr'><strong>impendere,</strong></span> <span class='ocrx_word' id='word_1_483' title='bbox 3174 2396 3346 2463; x_wconf 90' lang='lat' dir='ltr'><strong>iisque</strong></span> <span class='ocrx_word' id='word_1_484' title='bbox 3381 2395 3587 2464; x_wconf 77' lang='lat' dir='ltr'><strong>gratias</strong></span> 
     </span>
    </p>
   </div>
   <div class='ocr_carea' id='block_1_67' title="bbox 1990 2489 3583 2559">
    <p class='ocr_par' dir='ltr' id='par_1_67' title="bbox 1990 2489 3583 2559">
     <span class='ocr_line' id='line_1_67' title="bbox 1990 2489 3583 2559; baseline -0.004 -12"><span class='ocrx_word' id='word_1_485' title='bbox 1990 2492 2228 2554; x_wconf 88' lang='lat' dir='ltr'><strong>referre,</strong></span> <span class='ocrx_word' id='word_1_486' title='bbox 2257 2501 2312 2545; x_wconf 86' lang='lat' dir='ltr'><strong>et</strong></span> <span class='ocrx_word' id='word_1_487' title='bbox 2343 2505 2612 2559; x_wconf 82' lang='lat' dir='ltr'><strong>supremae</strong></span> <span class='ocrx_word' id='word_1_488' title='bbox 2642 2490 2828 2559; x_wconf 84' lang='lat' dir='ltr'><strong>gloriae</strong></span> <span class='ocrx_word' id='word_1_489' title='bbox 2856 2489 3234 2543; x_wconf 77' lang='lat' dir='ltr'><strong>excellentiam</strong></span> <span class='ocrx_word' id='word_1_490' title='bbox 3269 2489 3332 2540; x_wconf 87' lang='lat' dir='ltr'><strong>ad</strong></span> <span class='ocrx_word' id='word_1_491' title='bbox 3364 2502 3458 2541; x_wconf 85' lang='lat' dir='ltr'><strong>eos</strong></span> <span class='ocrx_word' id='word_1_492' title='bbox 3489 2489 3583 2541; x_wconf 89' lang='lat' dir='ltr'><strong>de-</strong></span> 
     </span>
    </p>
   </div>
   <div class='ocr_carea' id='block_1_68' title="bbox 1991 2575 3584 2645">
    <p class='ocr_par' dir='ltr' id='par_1_68' title="bbox 1991 2575 3584 2645">
     <span class='ocr_line' id='line_1_68' title="bbox 1991 2575 3584 2645; baseline -0.004 -8"><span class='ocrx_word' id='word_1_493' title='bbox 1991 2584 2186 2640; x_wconf 86' lang='lat' dir='ltr'><strong>rivare.</strong></span> <span class='ocrx_word' id='word_1_494' title='bbox 2224 2575 2334 2638; x_wconf 78' lang='lat' dir='ltr'><strong>Nec</strong></span> <span class='ocrx_word' id='word_1_495' title='bbox 2369 2583 2544 2637; x_wconf 90' lang='lat' dir='ltr'><strong>solum</strong></span> <span class='ocrx_word' id='word_1_496' title='bbox 2591 2582 2731 2635; x_wconf 86' lang='lat' dir='ltr'><strong>male</strong></span> <span class='ocrx_word' id='word_1_497' title='bbox 2774 2580 2936 2635; x_wconf 90' lang='lat' dir='ltr'><strong>locuti</strong></span> <span class='ocrx_word' id='word_1_498' title='bbox 2978 2590 3104 2634; x_wconf 89' lang='lat' dir='ltr'><strong>sunt</strong></span> <span class='ocrx_word' id='word_1_499' title='bbox 3151 2581 3278 2645; x_wconf 86' lang='lat' dir='ltr'><strong>Deo,</strong></span> <span class='ocrx_word' id='word_1_500' title='bbox 3320 2591 3377 2632; x_wconf 84' lang='lat' dir='ltr'><strong>ut</strong></span> <span class='ocrx_word' id='word_1_501' title='bbox 3423 2580 3584 2632; x_wconf 83' lang='lat' dir='ltr'><strong>modo</strong></span> 
     </span>
    </p>
   </div>
   <div class='ocr_carea' id='block_1_69' title="bbox 1989 2672 3583 2744">
    <p class='ocr_par' dir='ltr' id='par_1_69' title="bbox 1989 2672 3583 2744">
     <span class='ocr_line' id='line_1_69' title="bbox 1989 2672 3583 2744; baseline -0.005 -12"><span class='ocrx_word' id='word_1_502' title='bbox 1989 2677 2130 2739; x_wconf 84' lang='lat' dir='ltr'><strong>dixi;</strong></span> <span class='ocrx_word' id='word_1_503' title='bbox 2165 2677 2258 2732; x_wconf 89' lang='lat' dir='ltr'><strong>sed</strong></span> <span class='ocrx_word' id='word_1_504' title='bbox 2293 2677 2453 2730; x_wconf 86' lang='lat' dir='ltr'><strong>etiam</strong></span> <span class='ocrx_word' id='word_1_505' title='bbox 2489 2676 2664 2744; x_wconf 86' lang='lat' dir='ltr'><strong>ipsam</strong></span> <span class='ocrx_word' id='word_1_506' title='bbox 2701 2675 3032 2743; x_wconf 73' lang='lat' dir='ltr'><strong>opinionem,</strong></span> <span class='ocrx_word' id='word_1_507' title='bbox 3065 2672 3316 2725; x_wconf 89' lang='lat' dir='ltr'><strong>omnibus</strong></span> <span class='ocrx_word' id='word_1_508' title='bbox 3353 2672 3402 2724; x_wconf 93' lang='lat' dir='ltr'><strong>in</strong></span> <span class='ocrx_word' id='word_1_509' title='bbox 3447 2673 3583 2724; x_wconf 91' lang='lat' dir='ltr'><strong>orbe</strong></span> 
     </span>
    </p>
   </div>
   <div class='ocr_carea' id='block_1_70' title="bbox 1990 2764 3577 2830">
    <p class='ocr_par' dir='ltr' id='par_1_70' title="bbox 1990 2764 3577 2830">
     <span class='ocr_line' id='line_1_70' title="bbox 1990 2764 3577 2830; baseline -0.006 -8"><span class='ocrx_word' id='word_1_510' title='bbox 1990 2779 2256 2822; x_wconf 87' lang='lat' dir='ltr'><strong>terrarum</strong></span> <span class='ocrx_word' id='word_1_511' title='bbox 2291 2768 2657 2821; x_wconf 84' lang='lat' dir='ltr'><strong>animantibus</strong></span> <span class='ocrx_word' id='word_1_512' title='bbox 2689 2767 2812 2818; x_wconf 69' lang='lat' dir='ltr'><strong>vita:</strong></span> <span class='ocrx_word' id='word_1_513' title='bbox 2844 2764 3152 2819; x_wconf 83' lang='lat' dir='ltr'><strong>necessaria</strong></span> <span class='ocrx_word' id='word_1_514' title='bbox 3183 2765 3250 2817; x_wconf 88' lang='lat' dir='ltr'><strong>ab</strong></span> <span class='ocrx_word' id='word_1_515' title='bbox 3280 2779 3344 2816; x_wconf 89' lang='lat' dir='ltr'><strong>eo</strong></span> <span class='ocrx_word' id='word_1_516' title='bbox 3376 2765 3577 2830; x_wconf 84' lang='lat' dir='ltr'><strong>imper-</strong></span> 
     </span>
    </p>
   </div>
   <div class='ocr_carea' id='block_1_71' title="bbox 1992 2855 3580 2929">
    <p class='ocr_par' dir='ltr' id='par_1_71' title="bbox 1992 2855 3580 2929">
     <span class='ocr_line' id='line_1_71' title="bbox 1992 2855 3580 2929; baseline -0.005 -15"><span class='ocrx_word' id='word_1_517' title='bbox 1992 2861 2098 2924; x_wconf 88' lang='lat' dir='ltr'><strong>tiri,</strong></span> <span class='ocrx_word' id='word_1_518' title='bbox 2127 2861 2340 2929; x_wconf 85' lang='lat' dir='ltr'><strong>penitus</strong></span> <span class='ocrx_word' id='word_1_519' title='bbox 2365 2859 2697 2924; x_wconf 84' lang='lat' dir='ltr'><strong>abjecerunt.</strong></span> <span class='ocrx_word' id='word_1_520' title='bbox 2733 2875 2753 2907; x_wconf 80' lang='grc' dir='ltr'><strong>ι</strong></span> <span class='ocrx_word' id='word_1_521' title='bbox 2789 2857 2902 2910; x_wconf 85' lang='lat' dir='ltr'><strong>Non</strong></span> <span class='ocrx_word' id='word_1_522' title='bbox 2935 2857 3080 2911; x_wconf 89' lang='lat' dir='ltr'><strong>enim</strong></span> <span class='ocrx_word' id='word_1_523' title='bbox 3116 2857 3487 2909; x_wconf 86' lang='lat' dir='ltr'><strong>clamaverunt</strong></span> <span class='ocrx_word' id='word_1_524' title='bbox 3511 2855 3580 2907; x_wconf 84' lang='lat' dir='ltr'><strong>ad</strong></span> 
     </span>
    </p>
   </div>
   <div class='ocr_carea' id='block_1_72' title="bbox 1989 2945 3584 3020">
    <p class='ocr_par' dir='ltr' id='par_1_72' title="bbox 1989 2945 3584 3020">
     <span class='ocr_line' id='line_1_72' title="bbox 1989 2945 3584 3020; baseline -0.004 -15"><span class='ocrx_word' id='word_1_525' title='bbox 1989 2966 2103 3018; x_wconf 80' lang='lat' dir='ltr'><strong>me,</strong></span> <span class='ocrx_word' id='word_1_526' title='bbox 2135 2952 2343 3020; x_wconf 92' lang='lat' dir='ltr'><strong>inquit,</strong></span> <span class='ocrx_word' id='word_1_527' title='bbox 2372 2951 2534 3004; x_wconf 81' lang='lat' dir='ltr'><strong>corda</strong></span> <span class='ocrx_word' id='word_1_528' title='bbox 2566 2964 2752 3003; x_wconf 91' lang='lat' dir='ltr'><strong>eorum</strong></span> <span class='ocrx_word' id='word_1_529' title='bbox 2773 2989 2786 3012; x_wconf 97' lang='lat'><strong>,</strong></span> <span class='ocrx_word' id='word_1_530' title='bbox 2824 2967 2842 2998; x_wconf 75' lang='grc' dir='ltr'><strong>ι</strong></span> <span class='ocrx_word' id='word_1_531' title='bbox 2881 2949 2981 3002; x_wconf 89' lang='lat' dir='ltr'><strong>hoc</strong></span> <span class='ocrx_word' id='word_1_532' title='bbox 3012 2958 3125 3004; x_wconf 78' lang='lat' dir='ltr'><strong>est.</strong></span> <span class='ocrx_word' id='word_1_533' title='bbox 3159 2946 3288 3000; x_wconf 87' lang='lat' dir='ltr'><strong>nihil</strong></span> <span class='ocrx_word' id='word_1_534' title='bbox 3318 2945 3584 3015; x_wconf 68' lang='lat' dir='ltr'><strong>qumsive-</strong></span> 
     </span>
    </p>
   </div>
   <div class='ocr_carea' id='block_1_73' title="bbox 1990 3037 3586 3113">
    <p class='ocr_par' dir='ltr' id='par_1_73' title="bbox 1990 3037 3586 3113">
     <span class='ocr_line' id='line_1_73' title="bbox 1990 3037 3586 3113; baseline -0.004 -15"><span class='ocrx_word' id='word_1_535' title='bbox 1990 3055 2114 3098; x_wconf 89' lang='lat' dir='ltr'><strong>runt</strong></span> <span class='ocrx_word' id='word_1_536' title='bbox 2141 3060 2168 3096; x_wconf 87' lang='lat' dir='ltr'><strong>a</strong></span> <span class='ocrx_word' id='word_1_537' title='bbox 2193 3059 2278 3098; x_wconf 89' lang='lat' dir='ltr'><strong>me</strong></span> <span class='ocrx_word' id='word_1_538' title='bbox 2299 3042 2552 3113; x_wconf 80' lang='lat' dir='ltr'><strong>quamvis</strong></span> <span class='ocrx_word' id='word_1_539' title='bbox 2573 3043 2859 3105; x_wconf 81' lang='lat' dir='ltr'><strong>sentirent,</strong></span> <span class='ocrx_word' id='word_1_540' title='bbox 2885 3047 2937 3092; x_wconf 83' lang='lat' dir='ltr'><strong>et</strong></span> <span class='ocrx_word' id='word_1_541' title='bbox 2961 3040 3268 3100; x_wconf 82' lang='lat' dir='ltr'><strong>crederent,</strong></span> <span class='ocrx_word' id='word_1_542' title='bbox 3297 3054 3381 3092; x_wconf 88' lang='lat' dir='ltr'><strong>me</strong></span> <span class='ocrx_word' id='word_1_543' title='bbox 3405 3037 3586 3091; x_wconf 83' lang='lat' dir='ltr'><strong>omnis</strong></span> 
     </span>
    </p>
   </div>
   <div class='ocr_carea' id='block_1_74' title="bbox 1988 3129 3583 3204">
    <p class='ocr_par' dir='ltr' id='par_1_74' title="bbox 1988 3129 3583 3204">
     <span class='ocr_line' id='line_1_74' title="bbox 1988 3129 3583 3204; baseline -0.007 -16"><span class='ocrx_word' id='word_1_544' title='bbox 1988 3135 2116 3189; x_wconf 87' lang='lat' dir='ltr'><strong>boni</strong></span> <span class='ocrx_word' id='word_1_545' title='bbox 2151 3134 2612 3204; x_wconf 87' lang='lat' dir='ltr'><strong>suppeditatorern</strong></span> <span class='ocrx_word' id='word_1_546' title='bbox 2645 3146 2707 3184; x_wconf 85' lang='lat' dir='ltr'><strong>ac</strong></span> <span class='ocrx_word' id='word_1_547' title='bbox 2737 3130 3083 3200; x_wconf 66' lang='lat' dir='ltr'><strong>prtehitorem</strong></span> <span class='ocrx_word' id='word_1_548' title='bbox 3113 3142 3254 3182; x_wconf 85' lang='lat' dir='ltr'><strong>esse.</strong></span> <span class='ocrx_word' id='word_1_549' title='bbox 3288 3129 3455 3180; x_wconf 85' lang='lat' dir='ltr'><strong>Deum</strong></span> <span class='ocrx_word' id='word_1_550' title='bbox 3484 3142 3583 3178; x_wconf 87' lang='lat' dir='ltr'><strong>au-</strong></span> 
     </span>
    </p>
   </div>
   <div class='ocr_carea' id='block_1_75' title="bbox 1918 3217 3600 3315">
    <p class='ocr_par' dir='ltr' id='par_1_75' title="bbox 1918 3217 3600 3315">
     <span class='ocr_line' id='line_1_75' title="bbox 1918 3217 3600 3315; baseline -0.008 -34"><span class='ocrx_word' id='word_1_551' title='bbox 1918 3258 1960 3315; x_wconf 77' lang='lat' dir='ltr'>c</span> <span class='ocrx_word' id='word_1_552' title='bbox 1995 3238 2102 3281; x_wconf 88' lang='lat' dir='ltr'><strong>tem</strong></span> <span class='ocrx_word' id='word_1_553' title='bbox 2135 3242 2240 3280; x_wconf 85' lang='lat' dir='ltr'><strong>non</strong></span> <span class='ocrx_word' id='word_1_554' title='bbox 2273 3239 2433 3294; x_wconf 83' lang='lat' dir='ltr'><strong>egere</strong></span> <span class='ocrx_word' id='word_1_555' title='bbox 2464 3224 2735 3286; x_wconf 88' lang='lat' dir='ltr'><strong>clamore,</strong></span> <span class='ocrx_word' id='word_1_556' title='bbox 2767 3223 2860 3275; x_wconf 88' lang='lat' dir='ltr'><strong>sed</strong></span> <span class='ocrx_word' id='word_1_557' title='bbox 2888 3219 3085 3274; x_wconf 72' lang='lat' dir='ltr'><strong>affectu</strong></span> <span class='ocrx_word' id='word_1_558' title='bbox 3121 3220 3298 3290; x_wconf 89' lang='lat' dir='ltr'><strong>potius</strong></span> <span class='ocrx_word' id='word_1_559' title='bbox 3329 3217 3495 3270; x_wconf 87' lang='lat' dir='ltr'><strong>anitni</strong></span> <span class='ocrx_word' id='word_1_560' title='bbox 3529 3223 3600 3269; x_wconf 71' lang='grc' dir='ltr'><strong>εὶ·</strong></span> 
     </span>
    </p>
   </div>
   <div class='ocr_carea' id='block_1_76' title="bbox 1999 3307 3582 3383">
    <p class='ocr_par' dir='ltr' id='par_1_76' title="bbox 1999 3307 3582 3383">
     <span class='ocr_line' id='line_1_76' title="bbox 1999 3307 3582 3383; baseline -0.01 -10"><span class='ocrx_word' id='word_1_561' title='bbox 1999 3320 2198 3383; x_wconf 82' lang='lat' dir='ltr'><strong>cordis,</strong></span> <span class='ocrx_word' id='word_1_562' title='bbox 2224 3321 2386 3371; x_wconf 88' lang='lat' dir='ltr'><strong>etiam</strong></span> <span class='ocrx_word' id='word_1_563' title='bbox 2417 3317 2545 3371; x_wconf 81' lang='lat' dir='ltr'><strong>hinc</strong></span> <span class='ocrx_word' id='word_1_564' title='bbox 2572 3326 2979 3383; x_wconf 81' lang='lat' dir='ltr'><strong>cognoscemus.</strong></span> <span class='ocrx_word' id='word_1_565' title='bbox 3008 3311 3148 3379; x_wconf 83' lang='lat' dir='ltr'><strong>Ergo</strong></span> <span class='ocrx_word' id='word_1_566' title='bbox 3175 3323 3349 3379; x_wconf 85' lang='lat' dir='ltr'><strong>neque</strong></span> <span class='ocrx_word' id='word_1_567' title='bbox 3372 3307 3582 3361; x_wconf 84' lang='lat' dir='ltr'><strong>clama-</strong></span> 
     </span>
    </p>
   </div>
   <div class='ocr_carea' id='block_1_77' title="bbox 1999 3399 3585 3474">
    <p class='ocr_par' dir='ltr' id='par_1_77' title="bbox 1999 3399 3585 3474">
     <span class='ocr_line' id='line_1_77' title="bbox 1999 3399 3585 3474; baseline -0.006 -11"><span class='ocrx_word' id='word_1_568' title='bbox 1999 3421 2192 3465; x_wconf 86' lang='lat' dir='ltr'><strong>veruut</strong></span> <span class='ocrx_word' id='word_1_569' title='bbox 2227 3411 2293 3463; x_wconf 84' lang='lat' dir='ltr'><strong>ad</strong></span> <span class='ocrx_word' id='word_1_570' title='bbox 2337 3411 2544 3472; x_wconf 88' lang='lat' dir='ltr'><strong>Deum;</strong></span> <span class='ocrx_word' id='word_1_571' title='bbox 2591 3409 2699 3460; x_wconf 91' lang='lat' dir='ltr'><strong>imo</strong></span> <span class='ocrx_word' id='word_1_572' title='bbox 2735 3407 3062 3474; x_wconf 83' lang='lat' dir='ltr'><strong>impotentes</strong></span> <span class='ocrx_word' id='word_1_573' title='bbox 3098 3405 3165 3457; x_wconf 88' lang='lat' dir='ltr'><strong>ab</strong></span> <span class='ocrx_word' id='word_1_574' title='bbox 3200 3417 3264 3456; x_wconf 90' lang='lat' dir='ltr'><strong>eo</strong></span> <span class='ocrx_word' id='word_1_575' title='bbox 3301 3402 3366 3454; x_wconf 86' lang='lat' dir='ltr'><strong>ad</strong></span> <span class='ocrx_word' id='word_1_576' title='bbox 3403 3399 3585 3455; x_wconf 87' lang='lat' dir='ltr'><strong>studia-</strong></span> 
     </span>
    </p>
   </div>
   <div class='ocr_carea' id='block_1_78' title="bbox 1999 3493 3582 3561">
    <p class='ocr_par' dir='ltr' id='par_1_78' title="bbox 1999 3493 3582 3561">
     <span class='ocr_line' id='line_1_78' title="bbox 1999 3493 3582 3561; baseline -0.009 -3"><span class='ocrx_word' id='word_1_577' title='bbox 1999 3505 2179 3558; x_wconf 88' lang='lat' dir='ltr'><strong>carnis</strong></span> <span class='ocrx_word' id='word_1_578' title='bbox 2222 3502 2434 3557; x_wconf 87' lang='lat' dir='ltr'><strong>sordida</strong></span> <span class='ocrx_word' id='word_1_579' title='bbox 2479 3499 2848 3561; x_wconf 81' lang='lat' dir='ltr'><strong>deflexerunt,</strong></span> <span class='ocrx_word' id='word_1_580' title='bbox 2895 3506 2953 3550; x_wconf 91' lang='lat' dir='ltr'><strong>ut</strong></span> <span class='ocrx_word' id='word_1_581' title='bbox 2999 3495 3161 3550; x_wconf 79' lang='lat' dir='ltr'><strong>etiam</strong></span> <span class='ocrx_word' id='word_1_582' title='bbox 3214 3493 3482 3546; x_wconf 83' lang='lat' dir='ltr'><strong>ulularent</strong></span> <span class='ocrx_word' id='word_1_583' title='bbox 3527 3495 3582 3544; x_wconf 83' lang='lat' dir='ltr'><strong>in</strong></span> 
     </span>
    </p>
   </div>
   <div class='ocr_carea' id='block_1_79' title="bbox 1999 3586 3584 3663">
    <p class='ocr_par' dir='ltr' id='par_1_79' title="bbox 1999 3586 3584 3663">
     <span class='ocr_line' id='line_1_79' title="bbox 1999 3586 3584 3663; baseline -0.01 -12"><span class='ocrx_word' id='word_1_584' title='bbox 1999 3596 2264 3651; x_wconf 88' lang='lat' dir='ltr'><strong>cubilibus</strong></span> <span class='ocrx_word' id='word_1_585' title='bbox 2295 3596 2408 3649; x_wconf 88' lang='lat' dir='ltr'><strong>suis</strong></span> <span class='ocrx_word' id='word_1_586' title='bbox 2436 3612 2452 3648; x_wconf 88' lang='lat'><strong>:</strong></span> <span class='ocrx_word' id='word_1_587' title='bbox 2478 3609 2586 3663; x_wconf 87' lang='lat' dir='ltr'><strong>qua</strong></span> <span class='ocrx_word' id='word_1_588' title='bbox 2615 3609 2674 3647; x_wconf 86' lang='lat' dir='ltr'><strong>re</strong></span> <span class='ocrx_word' id='word_1_589' title='bbox 2704 3591 2832 3645; x_wconf 75' lang='lat' dir='ltr'><strong>foedi</strong></span> <span class='ocrx_word' id='word_1_590' title='bbox 2867 3604 3048 3644; x_wconf 90' lang='lat' dir='ltr'><strong>mores</strong></span> <span class='ocrx_word' id='word_1_591' title='bbox 3089 3596 3143 3641; x_wconf 89' lang='lat' dir='ltr'><strong>et</strong></span> <span class='ocrx_word' id='word_1_592' title='bbox 3173 3586 3463 3656; x_wconf 84' lang='lat' dir='ltr'><strong>propensio</strong></span> <span class='ocrx_word' id='word_1_593' title='bbox 3493 3599 3584 3636; x_wconf 84' lang='lat' dir='ltr'><strong>ca-</strong></span> 
     </span>
    </p>
   </div>
   <div class='ocr_carea' id='block_1_80' title="bbox 1999 3677 3584 3761">
    <p class='ocr_par' dir='ltr' id='par_1_80' title="bbox 1999 3677 3584 3761">
     <span class='ocr_line' id='line_1_80' title="bbox 1999 3677 3584 3761; baseline -0.01 -15"><span class='ocrx_word' id='word_1_594' title='bbox 1999 3690 2260 3761; x_wconf 79' lang='lat' dir='ltr'><strong>stigabilis</strong></span> <span class='ocrx_word' id='word_1_595' title='bbox 2290 3689 2356 3744; x_wconf 91' lang='lat' dir='ltr'><strong>ad</strong></span> <span class='ocrx_word' id='word_1_596' title='bbox 2385 3687 2826 3747; x_wconf 83' lang='lat' dir='ltr'><strong>fornicationem,</strong></span> <span class='ocrx_word' id='word_1_597' title='bbox 2853 3693 2910 3738; x_wconf 80' lang='lat' dir='ltr'><strong>et</strong></span> <span class='ocrx_word' id='word_1_598' title='bbox 2945 3681 3104 3752; x_wconf 78' lang='lat'><strong>115</strong></span> <span class='ocrx_word' id='word_1_599' title='bbox 3136 3697 3286 3735; x_wconf 87' lang='lat' dir='ltr'><strong>tuens</strong></span> <span class='ocrx_word' id='word_1_600' title='bbox 3319 3679 3487 3733; x_wconf 87' lang='lat' dir='ltr'><strong>fraeta</strong></span> <span class='ocrx_word' id='word_1_601' title='bbox 3517 3677 3584 3730; x_wconf 89' lang='lat' dir='ltr'><strong>ad</strong></span> 
     </span>
    </p>
   </div>
   <div class='ocr_carea' id='block_1_81' title="bbox 1997 3773 3584 3853">
    <p class='ocr_par' dir='ltr' id='par_1_81' title="bbox 1997 3773 3584 3853">
     <span class='ocr_line' id='line_1_81' title="bbox 1997 3773 3584 3853; baseline -0.01 -17"><span class='ocrx_word' id='word_1_602' title='bbox 1997 3783 2304 3853; x_wconf 82' lang='lat' dir='ltr'><strong>voluptates</strong></span> <span class='ocrx_word' id='word_1_603' title='bbox 2353 3781 2778 3834; x_wconf 85' lang='lat' dir='ltr'><strong>demonstratur.</strong></span> <span class='ocrx_word' id='word_1_604' title='bbox 2833 3775 2914 3830; x_wconf 91' lang='lat' dir='ltr'><strong>Ad</strong></span> <span class='ocrx_word' id='word_1_605' title='bbox 2973 3773 3278 3840; x_wconf 87' lang='lat' dir='ltr'><strong>hujusrnodi</strong></span> <span class='ocrx_word' id='word_1_606' title='bbox 3335 3781 3584 3839; x_wconf 87' lang='lat' dir='ltr'><strong>turpem,</strong></span> 
     </span>
    </p>
   </div>
   <div class='ocr_carea' id='block_1_82' title="bbox 1999 3863 3579 3943">
    <p class='ocr_par' dir='ltr' id='par_1_82' title="bbox 1999 3863 3579 3943">
     <span class='ocr_line' id='line_1_82' title="bbox 1999 3863 3579 3943; baseline -0.011 -13"><span class='ocrx_word' id='word_1_607' title='bbox 1999 3876 2343 3943; x_wconf 81' lang='lat' dir='ltr'><strong>maximeque</strong></span> <span class='ocrx_word' id='word_1_608' title='bbox 2368 3872 2760 3928; x_wconf 82' lang='lat' dir='ltr'><strong>exsecrandum</strong></span> <span class='ocrx_word' id='word_1_609' title='bbox 2791 3868 3030 3924; x_wconf 87' lang='lat' dir='ltr'><strong>habitum</strong></span> <span class='ocrx_word' id='word_1_610' title='bbox 3055 3863 3232 3922; x_wconf 85' lang='lat' dir='ltr'><strong>delabi</strong></span> <span class='ocrx_word' id='word_1_611' title='bbox 3254 3878 3346 3918; x_wconf 91' lang='lat' dir='ltr'><strong>eos</strong></span> <span class='ocrx_word' id='word_1_612' title='bbox 3371 3872 3579 3915; x_wconf 88' lang='lat' dir='ltr'><strong>tantum</strong></span> 
     </span>
    </p>
   </div>
   <div class='ocr_carea' id='block_1_83' title="bbox 1997 3955 3580 4036">
    <p class='ocr_par' dir='ltr' id='par_1_83' title="bbox 1997 3955 3580 4036">
     <span class='ocr_line' id='line_1_83' title="bbox 1997 3955 3580 4036; baseline -0.011 -12"><span class='ocrx_word' id='word_1_613' title='bbox 1997 3967 2274 4030; x_wconf 85' lang='lat' dir='ltr'><strong>convenit,</strong></span> <span class='ocrx_word' id='word_1_614' title='bbox 2306 3965 2397 4036; x_wconf 77' lang='lat' dir='ltr'><strong>qui</strong></span> <span class='ocrx_word' id='word_1_615' title='bbox 2429 3980 2550 4036; x_wconf 69' lang='lat' dir='ltr'><strong>qua:</strong></span> <span class='ocrx_word' id='word_1_616' title='bbox 2580 3963 2821 4016; x_wconf 84' lang='lat' dir='ltr'><strong>virorum</strong></span> <span class='ocrx_word' id='word_1_617' title='bbox 2855 3959 3153 4032; x_wconf 87' lang='lat' dir='ltr'><strong>peculiaria</strong></span> <span class='ocrx_word' id='word_1_618' title='bbox 3186 3965 3332 4022; x_wconf 92' lang='lat' dir='ltr'><strong>sunt,</strong></span> <span class='ocrx_word' id='word_1_619' title='bbox 3363 3955 3429 4009; x_wconf 88' lang='lat' dir='ltr'><strong>ad</strong></span> <span class='ocrx_word' id='word_1_620' title='bbox 3463 3968 3580 4007; x_wconf 88' lang='lat' dir='ltr'><strong>mo-</strong></span> 
     </span>
    </p>
   </div>
   <div class='ocr_carea' id='block_1_84' title="bbox 1999 4051 3580 4124">
    <p class='ocr_par' dir='ltr' id='par_1_84' title="bbox 1999 4051 3580 4124">
     <span class='ocr_line' id='line_1_84' title="bbox 1999 4051 3580 4124; baseline -0.008 -10"><span class='ocrx_word' id='word_1_621' title='bbox 1999 4075 2114 4124; x_wconf 89' lang='lat' dir='ltr'><strong>res,</strong></span> <span class='ocrx_word' id='word_1_622' title='bbox 2171 4070 2226 4114; x_wconf 87' lang='lat' dir='ltr'><strong>et</strong></span> <span class='ocrx_word' id='word_1_623' title='bbox 2278 4058 2523 4121; x_wconf 88' lang='lat' dir='ltr'><strong>habitus,</strong></span> <span class='ocrx_word' id='word_1_624' title='bbox 2572 4064 2627 4109; x_wconf 89' lang='lat' dir='ltr'><strong>et</strong></span> <span class='ocrx_word' id='word_1_625' title='bbox 2669 4071 2830 4109; x_wconf 84' lang='lat' dir='ltr'><strong>voces</strong></span> <span class='ocrx_word' id='word_1_626' title='bbox 2884 4053 3208 4106; x_wconf 89' lang='lat' dir='ltr'><strong>feminarum</strong></span> <span class='ocrx_word' id='word_1_627' title='bbox 3259 4051 3580 4118; x_wconf 84' lang='lat' dir='ltr'><strong>detorquere</strong></span> 
     </span>
    </p>
   </div>
   <div class='ocr_carea' id='block_1_85' title="bbox 1998 4144 3582 4208">
    <p class='ocr_par' dir='ltr' id='par_1_85' title="bbox 1998 4144 3582 4208">
     <span class='ocr_line' id='line_1_85' title="bbox 1998 4144 3582 4208; baseline -0.009 -2"><span class='ocrx_word' id='word_1_628' title='bbox 1998 4149 2414 4206; x_wconf 86' lang='lat' dir='ltr'><strong>contenderunt.</strong></span> <span class='ocrx_word' id='word_1_629' title='bbox 2447 4149 2512 4202; x_wconf 86' lang='lat' dir='ltr'><strong>Hi</strong></span> <span class='ocrx_word' id='word_1_630' title='bbox 2545 4157 2669 4201; x_wconf 88' lang='lat' dir='ltr'><strong>sunt</strong></span> <span class='ocrx_word' id='word_1_631' title='bbox 2700 4145 3023 4208; x_wconf 87' lang='lat' dir='ltr'><strong>muliebres,</strong></span> <span class='ocrx_word' id='word_1_632' title='bbox 3055 4152 3110 4197; x_wconf 90' lang='lat' dir='ltr'><strong>et</strong></span> <span class='ocrx_word' id='word_1_633' title='bbox 3140 4144 3376 4196; x_wconf 87' lang='lat' dir='ltr'><strong>immane</strong></span> <span class='ocrx_word' id='word_1_634' title='bbox 3407 4155 3582 4208; x_wconf 86' lang='lat' dir='ltr'><strong>quan-</strong></span> 
     </span>
    </p>
   </div>
   <div class='ocr_carea' id='block_1_86' title="bbox 2001 4232 3580 4306">
    <p class='ocr_par' dir='ltr' id='par_1_86' title="bbox 2001 4232 3580 4306">
     <span class='ocr_line' id='line_1_86' title="bbox 2001 4232 3580 4306; baseline -0.01 -8"><span class='ocrx_word' id='word_1_635' title='bbox 2001 4253 2110 4298; x_wconf 88' lang='lat' dir='ltr'><strong>tmn</strong></span> <span class='ocrx_word' id='word_1_636' title='bbox 2155 4241 2470 4306; x_wconf 69' lang='lat' dir='ltr'><strong>eﬂeruinati,</strong></span> <span class='ocrx_word' id='word_1_637' title='bbox 2517 4249 2571 4295; x_wconf 89' lang='lat' dir='ltr'><strong>et</strong></span> <span class='ocrx_word' id='word_1_638' title='bbox 2617 4239 2866 4293; x_wconf 76' lang='lat' dir='ltr'><strong>humana:</strong></span> <span class='ocrx_word' id='word_1_639' title='bbox 2910 4234 3268 4290; x_wconf 68' lang='lat' dir='ltr'><strong>immunditia:</strong></span> <span class='ocrx_word' id='word_1_640' title='bbox 3310 4232 3580 4301; x_wconf 79' lang='lat' dir='ltr'><strong>fastigium</strong></span> 
     </span>
    </p>
   </div>
   <div class='ocr_carea' id='block_1_87' title="bbox 2000 4321 3586 4402">
    <p class='ocr_par' dir='ltr' id='par_1_87' title="bbox 2000 4321 3586 4402">
     <span class='ocr_line' id='line_1_87' title="bbox 2000 4321 3586 4402; baseline -0.012 -12"><span class='ocrx_word' id='word_1_641' title='bbox 2000 4345 2204 4390; x_wconf 84' lang='lat' dir='ltr'><strong>tenent.</strong></span> <span class='ocrx_word' id='word_1_642' title='bbox 2225 4334 2376 4402; x_wconf 82' lang='lat' dir='ltr'><strong>Quod</strong></span> <span class='ocrx_word' id='word_1_643' title='bbox 2399 4333 2599 4388; x_wconf 89' lang='lat' dir='ltr'><strong>dicitur</strong></span> <span class='ocrx_word' id='word_1_644' title='bbox 2618 4346 2714 4386; x_wconf 87' lang='lat' dir='ltr'><strong>eos</strong></span> <span class='ocrx_word' id='word_1_645' title='bbox 2741 4343 2904 4399; x_wconf 89' lang='lat' dir='ltr'><strong>super</strong></span> <span class='ocrx_word' id='word_1_646' title='bbox 2925 4325 3201 4381; x_wconf 83' lang='lat' dir='ltr'><strong>frumento</strong></span> <span class='ocrx_word' id='word_1_647' title='bbox 3223 4331 3277 4377; x_wconf 90' lang='lat' dir='ltr'><strong>et</strong></span> <span class='ocrx_word' id='word_1_648' title='bbox 3302 4321 3426 4374; x_wconf 89' lang='lat' dir='ltr'><strong>vino</strong></span> <span class='ocrx_word' id='word_1_649' title='bbox 3453 4335 3586 4374; x_wconf 91' lang='lat' dir='ltr'><strong>con-</strong></span> 
     </span>
    </p>
   </div>
   <div class='ocr_carea' id='block_1_88' title="bbox 1997 4416 3584 4494">
    <p class='ocr_par' dir='ltr' id='par_1_88' title="bbox 1997 4416 3584 4494">
     <span class='ocr_line' id='line_1_88' title="bbox 1997 4416 3584 4494; baseline -0.013 -10"><span class='ocrx_word' id='word_1_650' title='bbox 1997 4429 2105 4484; x_wconf 85' lang='lat' dir='ltr'><strong>cidi</strong></span> <span class='ocrx_word' id='word_1_651' title='bbox 2127 4469 2142 4492; x_wconf 95' lang='lat'><strong>,</strong></span> <span class='ocrx_word' id='word_1_652' title='bbox 2177 4427 2324 4482; x_wconf 90' lang='lat' dir='ltr'><strong>illum</strong></span> <span class='ocrx_word' id='word_1_653' title='bbox 2346 4466 2362 4491; x_wconf 92' lang='lat'><strong>,</strong></span> <span class='ocrx_word' id='word_1_654' title='bbox 2393 4427 2607 4494; x_wconf 89' lang='lat' dir='ltr'><strong>opinor,</strong></span> <span class='ocrx_word' id='word_1_655' title='bbox 2643 4437 2858 4477; x_wconf 88' lang='lat' dir='ltr'><strong>sensum</strong></span> <span class='ocrx_word' id='word_1_656' title='bbox 2897 4417 3076 4474; x_wconf 80' lang='lat' dir='ltr'><strong>habet.</strong></span> <span class='ocrx_word' id='word_1_657' title='bbox 3111 4416 3329 4472; x_wconf 84' lang='lat' dir='ltr'><strong>Gratias</strong></span> <span class='ocrx_word' id='word_1_658' title='bbox 3360 4424 3584 4484; x_wconf 81' lang='lat' dir='ltr'><strong>agentes</strong></span> 
     </span>
    </p>
   </div>
   <div class='ocr_carea' id='block_1_89' title="bbox 1997 4506 3582 4588">
    <p class='ocr_par' dir='ltr' id='par_1_89' title="bbox 1997 4506 3582 4588">
     <span class='ocr_line' id='line_1_89' title="bbox 1997 4506 3582 4588; baseline -0.011 -12"><span class='ocrx_word' id='word_1_659' title='bbox 1997 4522 2156 4576; x_wconf 85' lang='lat' dir='ltr'><strong>idolis</strong></span> <span class='ocrx_word' id='word_1_660' title='bbox 2193 4520 2304 4576; x_wconf 90' lang='lat' dir='ltr'><strong>suis</strong></span> <span class='ocrx_word' id='word_1_661' title='bbox 2339 4529 2560 4588; x_wconf 89' lang='lat' dir='ltr'><strong>pr0pter</strong></span> <span class='ocrx_word' id='word_1_662' title='bbox 2591 4518 2784 4570; x_wconf 87' lang='lat' dir='ltr'><strong>uberes</strong></span> <span class='ocrx_word' id='word_1_663' title='bbox 2821 4527 3074 4584; x_wconf 83' lang='lat' dir='ltr'><strong>agrorum</strong></span> <span class='ocrx_word' id='word_1_664' title='bbox 3112 4516 3428 4580; x_wconf 87' lang='lat' dir='ltr'><strong>proventus,</strong></span> <span class='ocrx_word' id='word_1_665' title='bbox 3466 4506 3582 4559; x_wconf 84' lang='lat' dir='ltr'><strong>fru-</strong></span> 
     </span>
    </p>
   </div>
   <div class='ocr_carea' id='block_1_90' title="bbox 296 4599 1889 4681">
    <p class='ocr_par' dir='ltr' id='par_1_90' title="bbox 296 4599 1889 4679">
     <span class='ocr_line' id='line_1_90' title="bbox 296 4599 1889 4679; baseline 0.004 -24"><span class='ocrx_word' id='word_1_666' title='bbox 296 4602 518 4664; x_wconf 74' lang='grc' dir='ltr'>αύτοὺς.</span> <span class='ocrx_word' id='word_1_667' title='bbox 538 4605 734 4666; x_wconf 78' lang='grc' dir='ltr'>έκεῖνο,</span> <span class='ocrx_word' id='word_1_668' title='bbox 769 4599 926 4674; x_wconf 73' lang='grc' dir='ltr'>οἶμαί</span> <span class='ocrx_word' id='word_1_669' title='bbox 958 4621 1082 4667; x_wconf 87' lang='grc' dir='ltr'>που,</span> <span class='ocrx_word' id='word_1_670' title='bbox 1120 4605 1464 4676; x_wconf 84' lang='grc' dir='ltr'>παραδηλοῦν</span> <span class='ocrx_word' id='word_1_671' title='bbox 1497 4606 1689 4661; x_wconf 74' lang='grc' dir='ltr'>ἔοικεν.</span> <span class='ocrx_word' id='word_1_672' title='bbox 1719 4609 1889 4679; x_wconf 82' lang='grc' dir='ltr'>Εὐχα-</span> 
     </span>
    </p>
   </div>
   <div class='ocr_carea' id='block_1_91' title="bbox 1991 4599 3582 4681">
    <p class='ocr_par' dir='ltr' id='par_1_91' title="bbox 1998 4599 3582 4681">
     <span class='ocr_line' id='line_1_91' title="bbox 1998 4599 3582 4681; baseline -0.012 -11"><span class='ocrx_word' id='word_1_673' title='bbox 1998 4624 2258 4677; x_wconf 90' lang='lat' dir='ltr'><strong>mentum,</strong></span> <span class='ocrx_word' id='word_1_674' title='bbox 2292 4613 2534 4681; x_wconf 87' lang='lat' dir='ltr'><strong>inquam,</strong></span> <span class='ocrx_word' id='word_1_675' title='bbox 2565 4620 2620 4662; x_wconf 88' lang='lat' dir='ltr'><strong>et</strong></span> <span class='ocrx_word' id='word_1_676' title='bbox 2647 4610 2855 4670; x_wconf 89' lang='lat' dir='ltr'><strong>vinum,</strong></span> <span class='ocrx_word' id='word_1_677' title='bbox 2885 4620 3004 4677; x_wconf 68' lang='lat' dir='ltr'><strong>quae</strong></span> <span class='ocrx_word' id='word_1_678' title='bbox 3034 4611 3295 4658; x_wconf 89' lang='lat' dir='ltr'><strong>vocantur</strong></span> <span class='ocrx_word' id='word_1_679' title='bbox 3323 4599 3582 4670; x_wconf 82' lang='lat' dir='ltr'><strong>mysteria</strong></span> 
     </span>
    </p>
   </div>
   <div class='ocr_carea' id='block_1_92' title="bbox 298 4693 1896 4767">
    <p class='ocr_par' dir='ltr' id='par_1_92' title="bbox 298 4693 1896 4767">
     <span class='ocr_line' id='line_1_92' title="bbox 298 4693 1896 4767; baseline 0.006 -21"><span class='ocrx_word' id='word_1_680' title='bbox 298 4693 618 4766; x_wconf 81' lang='grc' dir='ltr'>ριστοῦντες</span> <span class='ocrx_word' id='word_1_681' title='bbox 663 4695 770 4766; x_wconf 85' lang='grc' dir='ltr'><strong>γὰρ</strong></span> <span class='ocrx_word' id='word_1_682' title='bbox 818 4699 924 4759; x_wconf 85' lang='grc' dir='ltr'>τοῖς</span> <span class='ocrx_word' id='word_1_683' title='bbox 979 4696 1191 4750; x_wconf 80' lang='grc' dir='ltr'>ἑαυτῶν</span> <span class='ocrx_word' id='word_1_684' title='bbox 1241 4696 1484 4762; x_wconf 84' lang='grc' dir='ltr'>εἰδώλοις</span> <span class='ocrx_word' id='word_1_685' title='bbox 1533 4701 1626 4753; x_wconf 75' lang='grc' dir='ltr'><strong>ἐπὶ</strong></span> <span class='ocrx_word' id='word_1_686' title='bbox 1669 4705 1789 4765; x_wconf 85' lang='grc' dir='ltr'>ταῖς</span> <span class='ocrx_word' id='word_1_687' title='bbox 1836 4701 1896 4767; x_wconf 80' lang='grc' dir='ltr'>ἐξ</span> 
     </span>
    </p>
   </div>
   <div class='ocr_carea' id='block_1_93' title="bbox 293 4784 1892 4861">
    <p class='ocr_par' dir='ltr' id='par_1_93' title="bbox 293 4784 1892 4861">
     <span class='ocr_line' id='line_1_93' title="bbox 293 4784 1892 4861; baseline 0.004 -23"><span class='ocrx_word' id='word_1_688' title='bbox 293 4784 489 4856; x_wconf 77' lang='grc' dir='ltr'>ἀγρῶν</span> <span class='ocrx_word' id='word_1_689' title='bbox 522 4785 872 4854; x_wconf 85' lang='grc' dir='ltr'>εὑκαρπίαις,</span> <span class='ocrx_word' id='word_1_690' title='bbox 909 4786 1043 4858; x_wconf 83' lang='grc' dir='ltr'>σίτῳ</span> <span class='ocrx_word' id='word_1_691' title='bbox 1063 4804 1146 4852; x_wconf 87' lang='grc' dir='ltr'><strong>τε,</strong></span> <span class='ocrx_word' id='word_1_692' title='bbox 1173 4788 1337 4858; x_wconf 78' lang='grc' dir='ltr'>φημὶ,</span> <span class='ocrx_word' id='word_1_693' title='bbox 1362 4791 1457 4842; x_wconf 70' lang='grc' dir='ltr'><strong>καὶ</strong></span> <span class='ocrx_word' id='word_1_694' title='bbox 1483 4793 1596 4854; x_wconf 87' lang='grc' dir='ltr'>τοῖς</span> <span class='ocrx_word' id='word_1_695' title='bbox 1617 4790 1676 4855; x_wconf 75' lang='grc' dir='ltr'><strong>ἐξ</strong></span> <span class='ocrx_word' id='word_1_696' title='bbox 1709 4792 1892 4861; x_wconf 87' lang='grc' dir='ltr'>ἀμπέ-</span> 
     </span>
    </p>
   </div>
   <div class='ocr_carea' id='block_1_94' title="bbox 292 4877 1890 4955">
    <p class='ocr_par' dir='ltr' id='par_1_94' title="bbox 292 4877 1890 4955">
     <span class='ocr_line' id='line_1_94' title="bbox 292 4877 1890 4955; baseline 0.005 -26"><span class='ocrx_word' id='word_1_697' title='bbox 292 4877 418 4941; x_wconf 82' lang='grc' dir='ltr'>λου,</span> <span class='ocrx_word' id='word_1_698' title='bbox 464 4877 562 4940; x_wconf 75' lang='grc' dir='ltr'><strong>τὰς</strong></span> <span class='ocrx_word' id='word_1_699' title='bbox 615 4877 956 4949; x_wconf 86' lang='grc' dir='ltr'>καλουμένας</span> <span class='ocrx_word' id='word_1_700' title='bbox 1007 4878 1229 4944; x_wconf 82' lang='grc' dir='ltr'>τελετὰς</span> <span class='ocrx_word' id='word_1_701' title='bbox 1289 4881 1632 4953; x_wconf 80' lang='grc' dir='ltr'>ἐπιτηδεύειν</span> <span class='ocrx_word' id='word_1_702' title='bbox 1677 4883 1890 4955; x_wconf 72' lang='grc' dir='ltr'>ἤθελον.</span> 
     </span>
    </p>
   </div>
   <div class='ocr_carea' id='block_1_95' title="bbox 293 4962 1893 5046">
    <p class='ocr_par' dir='ltr' id='par_1_95' title="bbox 293 4962 1893 5046">
     <span class='ocr_line' id='line_1_95' title="bbox 293 4962 1893 5046; baseline 0.003 -24"><span class='ocrx_word' id='word_1_703' title='bbox 293 4962 430 5023; x_wconf 79' lang='grc' dir='ltr'>Οἷον</span> <span class='ocrx_word' id='word_1_704' title='bbox 469 4967 854 5033; x_wconf 77' lang='grc' dir='ltr'>ἐνθουσιῶντές</span> <span class='ocrx_word' id='word_1_705' title='bbox 898 4987 958 5023; x_wconf 91' lang='grc' dir='ltr'><strong>τε</strong></span> <span class='ocrx_word' id='word_1_706' title='bbox 1003 4972 1099 5024; x_wconf 80' lang='grc' dir='ltr'><strong>καὶ</strong></span> <span class='ocrx_word' id='word_1_707' title='bbox 1147 4971 1502 5042; x_wconf 87' lang='grc' dir='ltr'>μαινόμενοι,</span> <span class='ocrx_word' id='word_1_708' title='bbox 1545 4974 1640 5026; x_wconf 73' lang='grc' dir='ltr'><strong>καὶ</strong></span> <span class='ocrx_word' id='word_1_709' title='bbox 1692 4974 1893 5046; x_wconf 88' lang='grc' dir='ltr'>σιδήρῳ</span> 
     </span>
    </p>
   </div>
   <div class='ocr_carea' id='block_1_96' title="bbox 290 5061 1892 5137">
    <p class='ocr_par' dir='ltr' id='par_1_96' title="bbox 290 5061 1892 5137">
     <span class='ocr_line' id='line_1_96' title="bbox 290 5061 1892 5137; baseline 0.004 -23"><span class='ocrx_word' id='word_1_710' title='bbox 290 5061 371 5115; x_wconf 77' lang='grc' dir='ltr'>τὰ</span> <span class='ocrx_word' id='word_1_711' title='bbox 406 5062 625 5134; x_wconf 84' lang='grc' dir='ltr'>στέρνα,</span> <span class='ocrx_word' id='word_1_712' title='bbox 666 5063 762 5116; x_wconf 73' lang='grc' dir='ltr'><strong>καὶ</strong></span> <span class='ocrx_word' id='word_1_713' title='bbox 807 5063 977 5134; x_wconf 79' lang='grc' dir='ltr'>ἄμφω</span> <span class='ocrx_word' id='word_1_714' title='bbox 1033 5064 1110 5135; x_wconf 74' lang='grc' dir='ltr'>τῷ</span> <span class='ocrx_word' id='word_1_715' title='bbox 1157 5067 1305 5136; x_wconf 85' lang='grc' dir='ltr'>χεῖρε</span> <span class='ocrx_word' id='word_1_716' title='bbox 1347 5067 1748 5137; x_wconf 75' lang='grc' dir='ltr'>χαράττοντες,</span> <span class='ocrx_word' id='word_1_717' title='bbox 1797 5069 1892 5121; x_wconf 73' lang='grc' dir='ltr'><strong>καὶ</strong></span> 
     </span>
    </p>
   </div>
   <div class='ocr_carea' id='block_1_97' title="bbox 289 5153 1892 5230">
    <p class='ocr_par' dir='ltr' id='par_1_97' title="bbox 289 5153 1892 5230">
     <span class='ocr_line' id='line_1_97' title="bbox 289 5153 1892 5230; baseline 0.002 -20"><span class='ocrx_word' id='word_1_718' title='bbox 289 5157 523 5216; x_wconf 81' lang='grc' dir='ltr'>ἀτόπως</span> <span class='ocrx_word' id='word_1_719' title='bbox 547 5156 688 5226; x_wconf 84' lang='grc' dir='ltr'>τάχα</span> <span class='ocrx_word' id='word_1_720' title='bbox 713 5156 774 5210; x_wconf 85' lang='grc' dir='ltr'><strong>τὸ</strong></span> <span class='ocrx_word' id='word_1_721' title='bbox 820 5157 953 5210; x_wconf 77' lang='grc' dir='ltr'>ἴδιον</span> <span class='ocrx_word' id='word_1_722' title='bbox 1001 5153 1142 5228; x_wconf 79' lang='grc' dir='ltr'>αἷμα</span> <span class='ocrx_word' id='word_1_723' title='bbox 1193 5161 1479 5230; x_wconf 78' lang='grc' dir='ltr'>μονονουχὶ</span> <span class='ocrx_word' id='word_1_724' title='bbox 1529 5159 1892 5225; x_wconf 81' lang='grc' dir='ltr'>καταθύοντες</span> 
     </span>
    </p>
   </div>
   <div class='ocr_carea' id='block_1_98' title="bbox 286 5249 1888 5326">
    <p class='ocr_par' dir='ltr' id='par_1_98' title="bbox 286 5249 1888 5326">
     <span class='ocr_line' id='line_1_98' title="bbox 286 5249 1888 5326; baseline 0.003 -26"><span class='ocrx_word' id='word_1_725' title='bbox 286 5251 413 5312; x_wconf 80' lang='grc' dir='ltr'>τοῖς</span> <span class='ocrx_word' id='word_1_726' title='bbox 448 5249 730 5317; x_wconf 80' lang='grc' dir='ltr'>γλυπτοῖς,</span> <span class='ocrx_word' id='word_1_727' title='bbox 764 5252 851 5304; x_wconf 78' lang='grc' dir='ltr'><strong>ἐπ’</strong></span> <span class='ocrx_word' id='word_1_728' title='bbox 892 5251 1097 5324; x_wconf 80' lang='grc' dir='ltr'>ἐσχάτῃ</span> <span class='ocrx_word' id='word_1_729' title='bbox 1125 5252 1310 5306; x_wconf 83' lang='grc' dir='ltr'>λοιπὸν</span> <span class='ocrx_word' id='word_1_730' title='bbox 1345 5254 1628 5326; x_wconf 78' lang='grc' dir='ltr'>ἀφιλοθεῖᾳ</span> <span class='ocrx_word' id='word_1_731' title='bbox 1665 5270 1888 5322; x_wconf 83' lang='grc' dir='ltr'>κατεγι-</span> 
     </span>
    </p>
   </div>
   <div class='ocr_carea' id='block_1_99' title="bbox 287 5340 1887 5417">
    <p class='ocr_par' dir='ltr' id='par_1_99' title="bbox 287 5340 1887 5417">
     <span class='ocr_line' id='line_1_99' title="bbox 287 5340 1887 5417; baseline 0.002 -23"><span class='ocrx_word' id='word_1_732' title='bbox 287 5340 594 5396; x_wconf 83' lang='grc' dir='ltr'>νώσκοντο.</span> <span class='ocrx_word' id='word_1_733' title='bbox 633 5342 858 5407; x_wconf 83' lang='grc' dir='ltr'>Τούτοις</span> <span class='ocrx_word' id='word_1_734' title='bbox 907 5361 1012 5398; x_wconf 87' lang='grc' dir='ltr'><strong>που</strong></span> <span class='ocrx_word' id='word_1_735' title='bbox 1058 5345 1198 5416; x_wconf 86' lang='grc' dir='ltr'>τάχα</span> <span class='ocrx_word' id='word_1_736' title='bbox 1235 5348 1330 5399; x_wconf 74' lang='grc' dir='ltr'><strong>καὶ</strong></span> <span class='ocrx_word' id='word_1_737' title='bbox 1367 5347 1654 5417; x_wconf 71' lang='grc' dir='ltr'>προφήτης</span> <span class='ocrx_word' id='word_1_738' title='bbox 1700 5346 1887 5416; x_wconf 79' lang='grc' dir='ltr'>ἕτερος</span> 
     </span>
    </p>
   </div>
   <div class='ocr_carea' id='block_1_100' title="bbox 287 5433 1886 5508">
    <p class='ocr_par' dir='ltr' id='par_1_100' title="bbox 287 5433 1886 5508">
     <span class='ocr_line' id='line_1_100' title="bbox 287 5433 1886 5508; baseline 0 -20"><span class='ocrx_word' id='word_1_739' title='bbox 287 5433 604 5504; x_wconf 79' lang='grc' dir='ltr'>ὲπιμειὸιᾷ,</span> <span class='ocrx_word' id='word_1_740' title='bbox 631 5433 830 5503; x_wconf 81' lang='grc' dir='ltr'>λέγων·</span> <span class='ocrx_word' id='word_1_741' title='bbox 862 5453 880 5486; x_wconf 82' lang='grc' dir='ltr'><strong>ι</strong></span> <span class='ocrx_word' id='word_1_742' title='bbox 915 5433 1130 5488; x_wconf 88' lang='grc' dir='ltr'>Θύσατε</span> <span class='ocrx_word' id='word_1_743' title='bbox 1165 5434 1507 5507; x_wconf 84' lang='grc' dir='ltr'>ἀνθρώπους·</span> <span class='ocrx_word' id='word_1_744' title='bbox 1547 5435 1736 5507; x_wconf 84' lang='grc' dir='ltr'>μόσχοι</span> <span class='ocrx_word' id='word_1_745' title='bbox 1778 5436 1886 5508; x_wconf 74' lang='grc' dir='ltr'><strong>γὰρ</strong></span> 
     </span>
    </p>
   </div>
   <div class='ocr_carea' id='block_1_101' title="bbox 287 5525 1886 5583">
    <p class='ocr_par' dir='ltr' id='par_1_101' title="bbox 287 5525 1886 5583">
     <span class='ocr_line' id='line_1_101' title="bbox 287 5525 1886 5583; baseline 0.001 -4"><span class='ocrx_word' id='word_1_746' title='bbox 287 5525 703 5582; x_wconf 63' lang='grc' dir='ltr'>ἐκλελοίπασιν.</span> <span class='ocrx_word' id='word_1_747' title='bbox 739 5545 758 5579; x_wconf 79' lang='grc' dir='ltr'><strong>ι</strong></span> <span class='ocrx_word' id='word_1_748' title='bbox 806 5528 990 5581; x_wconf 83' lang='grc' dir='ltr'>Ἱκανὰ</span> <span class='ocrx_word' id='word_1_749' title='bbox 1018 5527 1076 5581; x_wconf 86' lang='grc' dir='ltr'>δὲ</span> <span class='ocrx_word' id='word_1_750' title='bbox 1121 5528 1190 5583; x_wconf 84' lang='grc' dir='ltr'>τὰ</span> <span class='ocrx_word' id='word_1_751' title='bbox 1220 5529 1398 5583; x_wconf 86' lang='grc' dir='ltr'>τοιάδε</span> <span class='ocrx_word' id='word_1_752' title='bbox 1445 5529 1777 5583; x_wconf 80' lang='grc' dir='ltr'>καταλυπεῖν</span> <span class='ocrx_word' id='word_1_753' title='bbox 1805 5530 1886 5582; x_wconf 79' lang='grc' dir='ltr'><strong>ὅτι</strong></span> 
     </span>
    </p>
   </div>
   <div class='ocr_carea' id='block_1_102' title="bbox 293 5613 1888 5690">
    <p class='ocr_par' dir='ltr' id='par_1_102' title="bbox 293 5613 1888 5690">
     <span class='ocr_line' id='line_1_102' title="bbox 293 5613 1888 5690; baseline 0.003 -21"><span class='ocrx_word' id='word_1_754' title='bbox 293 5617 541 5690; x_wconf 81' lang='grc' dir='ltr'>μάλιστα</span> <span class='ocrx_word' id='word_1_755' title='bbox 597 5618 690 5673; x_wconf 82' lang='grc' dir='ltr'><strong>τὸν</strong></span> <span class='ocrx_word' id='word_1_756' title='bbox 738 5619 849 5674; x_wconf 83' lang='grc' dir='ltr'>τῶν</span> <span class='ocrx_word' id='word_1_757' title='bbox 893 5620 1032 5674; x_wconf 85' lang='grc' dir='ltr'>ὅλων</span> <span class='ocrx_word' id='word_1_758' title='bbox 1083 5620 1576 5687; x_wconf 84' lang='grc' dir='ltr'>κατεξουσιάζοντα</span> <span class='ocrx_word' id='word_1_759' title='bbox 1622 5620 1790 5685; x_wconf 82' lang='grc' dir='ltr'>Θεὸν,</span> 
     </span>
    </p>
   </div>
   <div class='ocr_carea' id='block_1_103' title="bbox 1995 4690 3584 4761">
    <p class='ocr_par' dir='ltr' id='par_1_103' title="bbox 1995 4690 3584 4761">
     <span class='ocr_line' id='line_1_103' title="bbox 1995 4690 3584 4761; baseline -0.013 -1"><span class='ocrx_word' id='word_1_760' title='bbox 1995 4705 2234 4760; x_wconf 86' lang='lat' dir='ltr'><strong>studiose</strong></span> <span class='ocrx_word' id='word_1_761' title='bbox 2265 4701 2635 4761; x_wconf 87' lang='lat' dir='ltr'><strong>celebrabant,</strong></span> <span class='ocrx_word' id='word_1_762' title='bbox 2666 4707 2720 4752; x_wconf 87' lang='lat' dir='ltr'><strong>et</strong></span> <span class='ocrx_word' id='word_1_763' title='bbox 2748 4697 2895 4752; x_wconf 87' lang='lat' dir='ltr'><strong>velut</strong></span> <span class='ocrx_word' id='word_1_764' title='bbox 2927 4712 2955 4748; x_wconf 93' lang='lat' dir='ltr'><strong>a</strong></span> <span class='ocrx_word' id='word_1_765' title='bbox 2992 4697 3103 4749; x_wconf 91' lang='lat' dir='ltr'><strong>Deo</strong></span> <span class='ocrx_word' id='word_1_766' title='bbox 3131 4690 3316 4750; x_wconf 67' lang='grc' dir='ltr'>ειιιιδιῑ,</span> <span class='ocrx_word' id='word_1_767' title='bbox 3350 4702 3401 4744; x_wconf 89' lang='lat' dir='ltr'><strong>et</strong></span> <span class='ocrx_word' id='word_1_768' title='bbox 3432 4691 3584 4743; x_wconf 88' lang='lat' dir='ltr'><strong>insa-</strong></span> 
     </span>
    </p>
   </div>
   <div class='ocr_carea' id='block_1_104' title="bbox 1995 4785 3583 4862">
    <p class='ocr_par' dir='ltr' id='par_1_104' title="bbox 1995 4785 3583 4862">
     <span class='ocr_line' id='line_1_104' title="bbox 1995 4785 3583 4862; baseline -0.011 -11"><span class='ocrx_word' id='word_1_769' title='bbox 1995 4798 2238 4862; x_wconf 82' lang='lat' dir='ltr'><strong>nicntes,</strong></span> <span class='ocrx_word' id='word_1_770' title='bbox 2274 4794 2419 4849; x_wconf 86' lang='lat' dir='ltr'><strong>ferro</strong></span> <span class='ocrx_word' id='word_1_771' title='bbox 2451 4807 2666 4862; x_wconf 86' lang='lat' dir='ltr'><strong>quoque</strong></span> <span class='ocrx_word' id='word_1_772' title='bbox 2696 4799 2916 4860; x_wconf 88' lang='lat' dir='ltr'><strong>pectora</strong></span> <span class='ocrx_word' id='word_1_773' title='bbox 2947 4788 3244 4856; x_wconf 87' lang='lat' dir='ltr'><strong>ambasque</strong></span> <span class='ocrx_word' id='word_1_774' title='bbox 3275 4799 3468 4840; x_wconf 90' lang='lat' dir='ltr'><strong>manus</strong></span> <span class='ocrx_word' id='word_1_775' title='bbox 3501 4785 3583 4836; x_wconf 91' lang='lat' dir='ltr'><strong>in-</strong></span> 
     </span>
    </p>
   </div>
   <div class='ocr_carea' id='block_1_105' title="bbox 1993 4879 3580 4956">
    <p class='ocr_par' dir='ltr' id='par_1_105' title="bbox 1993 4879 3580 4956">
     <span class='ocr_line' id='line_1_105' title="bbox 1993 4879 3580 4956; baseline -0.012 -12"><span class='ocrx_word' id='word_1_776' title='bbox 1993 4890 2272 4950; x_wconf 86' lang='lat' dir='ltr'><strong>ciderunt,</strong></span> <span class='ocrx_word' id='word_1_777' title='bbox 2315 4895 2369 4941; x_wconf 85' lang='lat' dir='ltr'><strong>et</strong></span> <span class='ocrx_word' id='word_1_778' title='bbox 2411 4887 2687 4956; x_wconf 85' lang='lat' dir='ltr'><strong>proprium</strong></span> <span class='ocrx_word' id='word_1_779' title='bbox 2738 4882 3084 4952; x_wconf 79' lang='lat' dir='ltr'><strong>sanguinem,</strong></span> <span class='ocrx_word' id='word_1_780' title='bbox 3130 4879 3324 4941; x_wconf 86' lang='lat' dir='ltr'><strong>credo,</strong></span> <span class='ocrx_word' id='word_1_781' title='bbox 3371 4884 3580 4929; x_wconf 83' lang='lat' dir='ltr'><strong>tantum</strong></span> 
     </span>
    </p>
   </div>
   <div class='ocr_carea' id='block_1_106' title="bbox 1993 4974 3580 5049">
    <p class='ocr_par' dir='ltr' id='par_1_106' title="bbox 1993 4974 3580 5049">
     <span class='ocr_line' id='line_1_106' title="bbox 1993 4974 3580 5049; baseline -0.011 -15"><span class='ocrx_word' id='word_1_782' title='bbox 1993 4994 2101 5034; x_wconf 88' lang='lat' dir='ltr'><strong>non</strong></span> <span class='ocrx_word' id='word_1_783' title='bbox 2135 4977 2478 5049; x_wconf 85' lang='lat' dir='ltr'><strong>sculptilibus</strong></span> <span class='ocrx_word' id='word_1_784' title='bbox 2513 4975 2756 5041; x_wconf 87' lang='lat' dir='ltr'><strong>improbe</strong></span> <span class='ocrx_word' id='word_1_785' title='bbox 2790 4974 3198 5035; x_wconf 85' lang='lat' dir='ltr'><strong>sacrificantes,</strong></span> <span class='ocrx_word' id='word_1_786' title='bbox 3232 4977 3453 5040; x_wconf 90' lang='lat' dir='ltr'><strong>propter</strong></span> <span class='ocrx_word' id='word_1_787' title='bbox 3485 4980 3580 5019; x_wconf 72' lang='lat' dir='ltr'><strong>ex-</strong></span> 
     </span>
    </p>
   </div>
   <div class='ocr_carea' id='block_1_107' title="bbox 1996 5065 3583 5139">
    <p class='ocr_par' dir='ltr' id='par_1_107' title="bbox 1996 5065 3583 5139">
     <span class='ocr_line' id='line_1_107' title="bbox 1996 5065 3583 5139; baseline -0.011 -12"><span class='ocrx_word' id='word_1_788' title='bbox 1996 5081 2226 5128; x_wconf 89' lang='lat' dir='ltr'><strong>tremam</strong></span> <span class='ocrx_word' id='word_1_789' title='bbox 2278 5071 2531 5139; x_wconf 83' lang='lat' dir='ltr'><strong>deinceps</strong></span> <span class='ocrx_word' id='word_1_790' title='bbox 2572 5085 2600 5122; x_wconf 88' lang='lat' dir='ltr'><strong>a</strong></span> <span class='ocrx_word' id='word_1_791' title='bbox 2645 5069 2756 5123; x_wconf 87' lang='lat' dir='ltr'><strong>Deo</strong></span> <span class='ocrx_word' id='word_1_792' title='bbox 2805 5067 3180 5121; x_wconf 84' lang='lat' dir='ltr'><strong>alienationem</strong></span> <span class='ocrx_word' id='word_1_793' title='bbox 3229 5065 3583 5115; x_wconf 82' lang='lat' dir='ltr'><strong>damnantur.</strong></span> 
     </span>
    </p>
   </div>
   <div class='ocr_carea' id='block_1_108' title="bbox 1998 5149 3582 5231">
    <p class='ocr_par' dir='ltr' id='par_1_108' title="bbox 1998 5149 3582 5231">
     <span class='ocr_line' id='line_1_108' title="bbox 1998 5149 3582 5231; baseline -0.013 -13"><span class='ocrx_word' id='word_1_794' title='bbox 1998 5163 2107 5218; x_wconf 78' lang='lat' dir='ltr'><strong>flos</strong></span> <span class='ocrx_word' id='word_1_795' title='bbox 2137 5163 2361 5219; x_wconf 82' lang='lat' dir='ltr'><strong>forsitan</strong></span> <span class='ocrx_word' id='word_1_796' title='bbox 2389 5172 2443 5218; x_wconf 88' lang='lat' dir='ltr'><strong>et</strong></span> <span class='ocrx_word' id='word_1_797' title='bbox 2473 5162 2614 5215; x_wconf 88' lang='lat' dir='ltr'><strong>alius</strong></span> <span class='ocrx_word' id='word_1_798' title='bbox 2643 5161 2902 5231; x_wconf 88' lang='lat' dir='ltr'><strong>pr0phela</strong></span> <span class='ocrx_word' id='word_1_799' title='bbox 2935 5159 3146 5222; x_wconf 86' lang='lat' dir='ltr'><strong>irridet,</strong></span> <span class='ocrx_word' id='word_1_800' title='bbox 3170 5157 3355 5210; x_wconf 86' lang='lat' dir='ltr'><strong>dicens</strong></span> <span class='ocrx_word' id='word_1_801' title='bbox 3385 5171 3396 5204; x_wconf 95' lang='lat'>:</span> <span class='ocrx_word' id='word_1_802' title='bbox 3430 5168 3448 5200; x_wconf 81' lang='grc' dir='ltr'><strong>ι</strong></span> <span class='ocrx_word' id='word_1_803' title='bbox 3479 5149 3582 5200; x_wconf 85' lang='grc' dir='ltr'>Ιιιι·</span> 
     </span>
    </p>
   </div>
   <div class='ocr_carea' id='block_1_109' title="bbox 1997 5240 3584 5317">
    <p class='ocr_par' dir='ltr' id='par_1_109' title="bbox 1997 5240 3584 5317">
     <span class='ocr_line' id='line_1_109' title="bbox 1997 5240 3584 5317; baseline -0.01 -9"><span class='ocrx_word' id='word_1_804' title='bbox 1997 5253 2196 5308; x_wconf 88' lang='lat' dir='ltr'><strong>molale</strong></span> <span class='ocrx_word' id='word_1_805' title='bbox 2231 5253 2506 5317; x_wconf 88' lang='lat' dir='ltr'><strong>homines,</strong></span> <span class='ocrx_word' id='word_1_806' title='bbox 2544 5252 2694 5305; x_wconf 83' lang='lat' dir='ltr'><strong>vituli</strong></span> <span class='ocrx_word' id='word_1_807' title='bbox 2734 5251 2878 5306; x_wconf 87' lang='lat' dir='ltr'><strong>enim</strong></span> <span class='ocrx_word' id='word_1_808' title='bbox 2920 5249 3237 5303; x_wconf 78' lang='lat' dir='ltr'><strong>defecerunt</strong></span> <span class='ocrx_word' id='word_1_809' title='bbox 3263 5245 3324 5297; x_wconf 79' lang='lat'><strong>&quot;’.</strong></span> <span class='ocrx_word' id='word_1_810' title='bbox 3371 5261 3387 5293; x_wconf 78' lang='grc' dir='ltr'><strong>ι</strong></span> <span class='ocrx_word' id='word_1_811' title='bbox 3427 5240 3584 5294; x_wconf 85' lang='lat' dir='ltr'><strong>Talia</strong></span> 
     </span>
    </p>
   </div>
   <div class='ocr_carea' id='block_1_110' title="bbox 1995 5340 3582 5413">
    <p class='ocr_par' dir='ltr' id='par_1_110' title="bbox 1995 5340 3582 5413">
     <span class='ocr_line' id='line_1_110' title="bbox 1995 5340 3582 5413; baseline -0.008 -15"><span class='ocrx_word' id='word_1_812' title='bbox 1995 5347 2061 5401; x_wconf 89' lang='lat' dir='ltr'><strong>ad</strong></span> <span class='ocrx_word' id='word_1_813' title='bbox 2096 5347 2259 5400; x_wconf 90' lang='lat' dir='ltr'><strong>Deum</strong></span> <span class='ocrx_word' id='word_1_814' title='bbox 2288 5345 2466 5399; x_wconf 87' lang='lat' dir='ltr'><strong>omnia</strong></span> <span class='ocrx_word' id='word_1_815' title='bbox 2501 5353 2764 5413; x_wconf 89' lang='lat' dir='ltr'><strong>potestate</strong></span> <span class='ocrx_word' id='word_1_816' title='bbox 2791 5340 3336 5410; x_wconf 87' lang='lat' dir='ltr'><strong>comprehendentem</strong></span> <span class='ocrx_word' id='word_1_817' title='bbox 3368 5349 3582 5389; x_wconf 72' lang='lat' dir='ltr'><strong>suntme</strong></span> 
     </span>
    </p>
   </div>
   <div class='ocr_carea' id='block_1_111' title="bbox 1993 5425 3585 5500">
    <p class='ocr_par' dir='ltr' id='par_1_111' title="bbox 1993 5425 3585 5500">
     <span class='ocr_line' id='line_1_111' title="bbox 1993 5425 3585 5500; baseline -0.011 -11"><span class='ocrx_word' id='word_1_818' title='bbox 1993 5435 2314 5490; x_wconf 85' lang='lat' dir='ltr'><strong>irritandam</strong></span> <span class='ocrx_word' id='word_1_819' title='bbox 2359 5434 2492 5488; x_wconf 84' lang='lat' dir='ltr'><strong>satis</strong></span> <span class='ocrx_word' id='word_1_820' title='bbox 2531 5432 2741 5500; x_wconf 82' lang='lat' dir='ltr'><strong>valent,</strong></span> <span class='ocrx_word' id='word_1_821' title='bbox 2782 5432 2866 5486; x_wconf 92' lang='lat' dir='ltr'><strong>cui</strong></span> <span class='ocrx_word' id='word_1_822' title='bbox 2909 5430 3120 5500; x_wconf 85' lang='lat' dir='ltr'><strong>gratias</strong></span> <span class='ocrx_word' id='word_1_823' title='bbox 3157 5441 3318 5498; x_wconf 81' lang='lat' dir='ltr'><strong>agere</strong></span> <span class='ocrx_word' id='word_1_824' title='bbox 3365 5425 3585 5493; x_wconf 70' lang='lat' dir='ltr'><strong>potius,</strong></span> 
     </span>
    </p>
   </div>
   <div class='ocr_carea' id='block_1_112' title="bbox 1995 5515 3586 5598">
    <p class='ocr_par' dir='ltr' id='par_1_112' title="bbox 1995 5515 3586 5598">
     <span class='ocr_line' id='line_1_112' title="bbox 1995 5515 3586 5598; baseline -0.006 -19"><span class='ocrx_word' id='word_1_825' title='bbox 1995 5543 2154 5598; x_wconf 91' lang='lat' dir='ltr'><strong>quam</strong></span> <span class='ocrx_word' id='word_1_826' title='bbox 2177 5526 2584 5582; x_wconf 81' lang='lat' dir='ltr'><strong>convenientem</strong></span> <span class='ocrx_word' id='word_1_827' title='bbox 2613 5526 2836 5596; x_wconf 86' lang='lat' dir='ltr'><strong>gloriam</strong></span> <span class='ocrx_word' id='word_1_828' title='bbox 2867 5525 3024 5594; x_wconf 81' lang='lat' dir='ltr'><strong>lignis</strong></span> <span class='ocrx_word' id='word_1_829' title='bbox 3049 5530 3104 5577; x_wconf 88' lang='lat' dir='ltr'><strong>et</strong></span> <span class='ocrx_word' id='word_1_830' title='bbox 3129 5518 3395 5589; x_wconf 89' lang='lat' dir='ltr'><strong>lapidibus</strong></span> <span class='ocrx_word' id='word_1_831' title='bbox 3418 5515 3586 5572; x_wconf 85' lang='lat' dir='ltr'><strong>stulte</strong></span> 
     </span>
    </p>
   </div>
   <div class='ocr_carea' id='block_1_113' title="bbox 1997 5619 2642 5676">
    <p class='ocr_par' dir='ltr' id='par_1_113' title="bbox 1997 5619 2642 5676">
     <span class='ocr_line' id='line_1_113' title="bbox 1997 5619 2642 5676; baseline -0.006 0"><span class='ocrx_word' id='word_1_832' title='bbox 1997 5621 2238 5676; x_wconf 84' lang='lat' dir='ltr'><strong>tribuere</strong></span> <span class='ocrx_word' id='word_1_833' title='bbox 2265 5619 2642 5674; x_wconf 88' lang='lat' dir='ltr'><strong>conveniebat.</strong></span> 
     </span>
    </p>
   </div>
   <div class='ocr_carea' id='block_1_114' title="bbox 373 5794 1889 5876">
    <p class='ocr_par' dir='ltr' id='par_1_114' title="bbox 373 5796 1889 5876">
     <span class='ocr_line' id='line_1_114' title="bbox 373 5796 1889 5876; baseline 0.001 -25"><span class='ocrx_word' id='word_1_834' title='bbox 373 5796 419 5831; x_wconf 76' lang='lat'><strong>“</strong></span> <span class='ocrx_word' id='word_1_835' title='bbox 451 5798 558 5876; x_wconf 22' lang='lat' dir='ltr'><strong>l‘sa.</strong></span> <span class='ocrx_word' id='word_1_836' title='bbox 594 5814 726 5864; x_wconf 80' lang='lat' dir='ltr'><strong>ml,</strong></span> <span class='ocrx_word' id='word_1_837' title='bbox 753 5797 843 5855; x_wconf 71' lang='grc'><strong>22.</strong></span> <span class='ocrx_word' id='word_1_838' title='bbox 922 5801 966 5833; x_wconf 85' lang='grc'><strong>¹⁵</strong></span> <span class='ocrx_word' id='word_1_839' title='bbox 994 5799 1134 5858; x_wconf 84' lang='lat' dir='ltr'><strong>Psal.</strong></span> <span class='ocrx_word' id='word_1_840' title='bbox 1165 5816 1361 5863; x_wconf 77' lang='lat' dir='ltr'><strong>cxxxv,</strong></span> <span class='ocrx_word' id='word_1_841' title='bbox 1384 5801 1475 5857; x_wconf 70' lang='lat'><strong>1‘2.</strong></span> <span class='ocrx_word' id='word_1_842' title='bbox 1551 5800 1593 5832; x_wconf 81' lang='grc'><strong>¹⁸</strong></span> <span class='ocrx_word' id='word_1_843' title='bbox 1633 5799 1802 5857; x_wconf 84' lang='lat' dir='ltr'><strong>Exod.</strong></span> <span class='ocrx_word' id='word_1_844' title='bbox 1835 5814 1889 5853; x_wconf 73' lang='lat' dir='ltr'><strong>xi</strong></span> 
     </span>
    </p>
   </div>
   <div class='ocr_carea' id='block_1_115' title="bbox 1991 5794 2629 5876">
    <p class='ocr_par' dir='ltr' id='par_1_115' title="bbox 1995 5794 2629 5863">
     <span class='ocr_line' id='line_1_115' title="bbox 1995 5794 2629 5863; baseline -0.008 -11"><span class='ocrx_word' id='word_1_845' title='bbox 1995 5841 2010 5861; x_wconf 90' lang='lat'><strong>,</strong></span> <span class='ocrx_word' id='word_1_846' title='bbox 2047 5798 2103 5852; x_wconf 76' lang='grc'>4.</span> <span class='ocrx_word' id='word_1_847' title='bbox 2180 5799 2220 5830; x_wconf 87' lang='grc'>¹⁷</span> <span class='ocrx_word' id='word_1_848' title='bbox 2256 5797 2382 5854; x_wconf 88' lang='lat' dir='ltr'><strong>Ose.</strong></span> <span class='ocrx_word' id='word_1_849' title='bbox 2416 5811 2534 5863; x_wconf 77' lang='lat' dir='ltr'><strong>xui,</strong></span> <span class='ocrx_word' id='word_1_850' title='bbox 2569 5794 2629 5848; x_wconf 73' lang='lat'><strong>2.</strong></span> 
     </span>
    </p>
   </div>
  </div>
