4110 6368
583 354 688 412 {95

1611 357 1667 416 S.
1708 354 1979 416 CYRILLI
2008 359 2140 415 ALE

2243 357 2477 422 NDRINt
2512 363 2832 426 ARCHIlsP.
3741 361 3832 432 ine

580 471 779 541 μᾶλλον
812 471 917 525 ἔδει
945 473 1244 544 προσάγειν
1276 475 1344 528 τὰ
1386 476 1737 547 χαριστήρια,
1773 481 1864 532 καὶ
1894 481 2016 550 οὐχὶ
2057 481 2156 552 τὴν
2195 484 2345 556 αὐτῷ
2410 488 2732 559 πρέπουσαν
2785 491 2942 557 δόξαν
2968 492 3265 564 ἀπονέμειν
3289 493 3531 560 ἁδούλως
3562 494 3739 562 ξύλοις
3782 512 3831 548 τε

576 562 669 614 καὶ
701 561 891 625 λίθοις.

645 695 806 749 Vens.
837 697 924 750 15.
950 695 1163 750 Erudili
1186 711 1306 752 sunt
1330 702 1384 752 in
1409 718 1510 765 me,
1533 713 1577 755 et
1600 721 1692 773 ego
1719 707 2008 777 conforlavi
2035 714 2156 764 bra-
2185 675 2235 732 Α

571 787 689 837 chia
723 802 937 848 eorum,
972 798 1018 840 et
1054 797 1240 841 contra
1276 807 1356 844 me
1388 793 1744 860 cogitaverunt
1781 797 1943 853 mala.
1978 800 2160 854 Auersi

570 887 691 930 sunt
725 878 778 932 in
809 879 974 944 nihil,
1003 880 1133 948 facti
1162 891 1286 936 sunt
1314 885 1466 953 quasi
1496 901 1652 940 arcus
1683 898 1948 944 extensus.

637 1120 922 1178 LXXXIII.
964 1123 1122 1180 Aliud
1151 1126 1346 1196 ingrati
1373 1127 1540 1182 animi
1568 1130 1774 1184 crimen
1805 1131 1908 1186 illis
1937 1132 2153 1204 objicit,

567 1215 763 1282 impios
799 1217 1240 1289 negligentesque
1276 1220 1674 1276 demonstrans.
1710 1219 1822 1294 Ego
1859 1227 2036 1292 enim,
2076 1228 2157 1281 iu-

567 1307 718 1373 qnit,
766 1321 1076 1375 quanquam
1126 1308 1253 1362 olim
1303 1309 1437 1363 nihil
1484 1325 1513 1363 a
1565 1310 1738 1366 brutis
1785 1313 2153 1370 animantibus

567 1394 902 1462 differentes,
931 1411 986 1455 et
1013 1401 1467 1470 imperitissimos,
1497 1411 1552 1458 et
1581 1403 1696 1474 lege
1726 1405 1958 1471 institui,
1986 1403 2151 1462 et'sa-

565 1492 796 1558 pientes,
825 1502 881 1546 et
910 1493 1156 1548 utilitatis
1189 1509 1408 1564 gnaros,
1439 1505 1493 1551 et
1520 1497 1659 1550 viam
1684 1495 1926 1566 iustitiae,
1954 1511 2010 1555 et
2036 1516 2150 1556 om-

567 1597 690 1636 nem
718 1583 976 1638 decentia:
1007 1594 1209 1640 rectam
1242 1587 1770 1645 administrationem
1803 1592 2040 1648 scientes
2071 1595 2152 1649 cf-

565 1672 704 1738 l‘eci,
751 1682 808 1728 ut
854 1674 962 1743 jam
1007 1677 1170 1730 etiam
1219 1678 1357 1747 apud
1404 1694 1464 1734 se
1507 1681 1800 1750 gaudentes
1847 1682 2090 1738 dicerent
2133 1703 2147 1739 :

569 1782 587 1814 ι
625 1765 772 1820 Beati
802 1781 989 1821 sumus
1016 1766 1202 1832 Israel,
1231 1770 1485 1837 quoniam
1515 1787 1634 1841 quae
1662 1771 1855 1842 placita
1890 1784 2017 1828 sunt
2048 1775 2150 1829 Do-

564 1856 733 1918 mino,
761 1867 890 1911 nota
923 1870 1050 1913 sunt
1080 1860 1233 1916 nobis
1253 1861 1350 1915 ⁸⁸.»
1383 1861 1568 1934 Neque
1596 1865 1683 1919 hic
1711 1863 1825 1933 ejus
1851 1881 1974 1937 erga
2006 1869 2149 1938 ipsos

562 1947 919 2003 beneﬁcentia
955 1951 1192 2036 quievit;
1229 1953 1325 2008 sed
1362 1955 1582 2026 insuper
1615 1955 1963 2023 fortissimos,
1994 1971 2048 2014 et
2080 1963 2146 2015 ad

560 2040 808 2108 quemvis
831 2042 1207 2097 adversarium
1231 2045 1607 2102 debellandum
1631 2048 1869 2104 valentes
1893 2053 2143 2107 reddidit.
2183 2088 2222 2140 Β

559 2132 754 2186 Multas
800 2133 1000 2203 quippe
1042 2151 1371 2207 magnasque
1404 2148 1591 2206 gentes
1625 2141 1744 2195 sine
1777 2141 1962 2197 labore
2001 2144 2150 2199 devi-

558 2233 767 2280 cerunt.
792 2222 1152 2282 Nihilominus
1179 2229 1232 2282 in
1262 2244 1346 2285 me
1374 2231 1561 2285 talium
1592 2230 1853 2287 bonorum
1882 2235 2017 2305 ipsis
2047 2253 2148 2291 au-

557 2325 760 2370 ctorem
795 2319 1040 2386 perversi
1076 2321 1430 2388 exstiterunt,
1467 2333 1872 2394 contemptores
1901 2328 2149 2384 videlicet

555 2417 612 2462 et
639 2409 970 2478 desertores,
1000 2419 1054 2466 et
1083 2413 1385 2469 aversionis
1413 2416 1552 2470 ratio
1580 2416 1683 2470 illis
1712 2417 1765 2471 in
1797 2418 2024 2474 nihilum
2057 2437 2146 2476 re-

554 2497 708 2552 cidit.
735 2499 879 2554 Nihil
909 2501 1052 2556 enim
1084 2503 1300 2572 penitus
1329 2515 1412 2558 est
1438 2518 1505 2559 ex
1536 2506 1758 2561 materia
1790 2507 1892 2562 sub
1919 2525 2140 2564 sensum

553 2591 781 2648 cadente
809 2592 1174 2648 manufactum
1204 2595 1582 2653 simulacrum.
1605 2598 1684 2651 Ac
1711 2599 1756 2654 si
1784 2600 1999 2668 quidem
2029 2618 2144 2656 mc-

554 2683 687 2738 liora
726 2687 1090 2755 reperissent,
1121 2697 1305 2757 posset
1338 2691 1705 2760 transgressio
1739 2693 1979 2762 ipsorum
2013 2711 2143 2763 pro-

553 2775 807 2831 babiliter
839 2777 1074 2832 defendi.
1111 2779 1376 2845 Quoniam
1414 2791 1596 2835 autem
1637 2797 1758 2836 cum
1799 2783 1910 2839 Deo
1948 2786 2140 2841 collata

553 2869 688 2922 nihil
714 2879 860 2934 sunt,
897 2872 1058 2943 116
1079 2873 1191 2927 .ista
1221 2889 1472 2943 prorsus,
1502 2875 1603 2930 nisi
1640 2877 1780 2931 risus
1809 2887 1866 2932 et
1895 2877 2140 2946 fatuitas,

551 2968 608 3012 et
640 2974 975 3029 quaecunque
1011 2963 1202 3016 horum
1238 2963 1434 3018 similia
1455 3005 1471 3028 ,
1504 2966 1804 3022 aversionis
1836 2984 1948 3024 suae
1982 2971 2142 3025 ratio-

552 3065 676 3104 nem
723 3051 1077 3107 verisimilem
1134 3053 1335 3109 nullam
1388 3057 1607 3113 habent.
1655 3057 1842 3130 Itaque
1888 3063 1953 3116 ad
2009 3063 2140 3118 nihil

519 3140 725 3215 .avcrsi
753 3151 900 3195 sunt.
929 3142 1008 3196 Ad
1036 3143 1153 3199 haec
1181 3145 1306 3200 facti
1334 3155 1459 3200 sunt
1493 3165 1510 3199 ι
1543 3156 1601 3202 ιιι
1625 3163 1786 3206 arcus
1807 3161 2082 3215 extensus,
2116 3173 2134 3205 ι

549 3249 660 3290 non
689 3248 749 3288 se
777 3235 1159 3292 submittentes
1189 3238 1255 3292 ad
1286 3241 1694 3308 paenitentiam,
1729 3259 1832 3297 non
1865 3246 2142 3301 remitten-

552 3337 633 3381 tes
660 3326 1037 3397 intentionem,
1061 3344 1167 3400 qua
1192 3332 1258 3387 ad
1289 3344 1494 3388 tantum
1523 3334 1760 3391 dedecus
1786 3337 2138 3393 dementiam-

2340 708 2823 780 Ἐπαιδεύθησαν
2875 714 2946 766 ἐν
2976 713 3143 784 ἐμοὶ,
3196 715 3296 770 καὶ
3334 715 3448 786 ἐγὼ
3501 720 3832 789 κατίσχυσα

2267 805 2411 869 τοὺς
2436 806 2774 875 βραχίονας
2824 805 3044 871 αὐτῶν,
3087 807 3186 862 καὶ
3217 809 3304 875 εὶς
3343 808 3450 878 ἐμὲ
3485 809 3832 880 ἑλογίσαντο

2267 897 2502 965 πονηρά
2568 897 3076 968 Ἀπεστρὰςρησαν
3103 902 3192 967 είς
3221 899 3424 967 οὐδὲν,
3455 900 3736 972 ἐγένοντο
3761 905 3833 972 ὡς

2265 989 2446 1053 τόξον
2473 989 2889 1060 ἐντεταμένον.

2335 1123 2459 1177 III".
2501 1123 2728 1192 ’Ἕτερον
2780 1122 2964 1186 αὐτοῖς
3015 1121 3341 1193 ἀχαριστίας
3386 1122 3566 1177 αὐτῶν
3618 1124 3833 1178 ἐπισυν-

2263 1212 2424 1266 άπτει
2455 1212 2696 1282 τρόπον,
2757 1213 3008 1276 ἀνοσίους
3056 1213 3215 1275 ὂντας
3269 1213 3364 1265 καὶ
3409 1209 3835 1284 ὀλιγογνὼμονας

2261 1304 2596 1372 ἀποφαίνων.
2619 1304 2759 1374 Ἐγὼ
2774 1304 2872 1375 μὲν
2898 1304 3030 1375 γὰρ,
3058 1304 3214 1375 φησὶ,
3231 1304 3410 1359 καίτοι
3437 1305 3604 1358 πάλαι
3634 1305 3834 1376 κτηνῶν

2260 1398 2472 1466 ἀλόγων
2512 1397 2889 1466 διενεγκόντας
2922 1396 3074 1450 οὐδὲν
3101 1399 3196 1450 καὶ
3233 1397 3526 1460 ἀσυνέτους
3551 1397 3712 1459 ὄντας
3752 1412 3836 1449 κο-

2263 1489 2412 1560 μιδῇ,
2452 1491 2545 1543 καὶ
2575 1490 2723 1560 νόμῳ
2755 1489 3148 1559 πεπαίδευμαι,
3180 1491 3274 1543 καὶ
3321 1491 3518 1558 σοφοὺς
3559 1490 3830 1555 ἀπέδειξα,

2258 1580 2350 1633 καὶ
2379 1581 2438 1633 τὸ
2485 1581 2768 1652 συμφέρον
2817 1580 3044 1643 εἰδότας,
3082 1579 3175 1633 καὶ
3216 1580 3315 1650 τὴν
3361 1583 3460 1652 τῆς
3496 1579 3834 1653 δικαιοσύνης

2256 1671 2393 1732 ὁδὸν,
2426 1671 2520 1723 καὶ
2546 1671 2765 1743 ἀπάσης
2803 1670 3100 1740 εὐκοσμίας
3132 1671 3472 1740 κατόρθωσιν
3509 1673 3608 1725 οὐκ
3639 1674 3831 1744 ἠγνοη-

2254 1762 2452 1826 κότας,
2501 1761 2577 1825 ὡς
2615 1763 2716 1834 ἤδη
2765 1763 2860 1816 καὶ
2903 1762 3083 1831 λέγειν
3126 1762 3416 1834 χαίροντας
3457 1765 3543 1832 ἐφ’
3596 1763 3830 1830 ἑαυτοῖς,

2262 1872 2281 1904 ‹
2323 1854 2599 1925 Μακάριοι
2651 1857 2840 1925 ἐσμεν,
2887 1854 3124 1925 Ἰσραὴλ,
3171 1854 3253 1907 ὅτι
3299 1855 3372 1907 τὰ
3415 1855 3622 1926 ἀρεστὰ
3650 1856 3832 1927 Κυρίῳ

2254 1945 2474 2014 γνωστὰ
2507 1948 2637 2016 ἡμῖν
2661 1947 2796 1999 ἐστι.
2827 1965 2844 1998 ι
2881 1946 2993 1999 Καὶ
3021 1947 3080 1998 οὺ
3109 1947 3274 2016 μέχρι
3304 1945 3508 2000 τούτων
3541 1947 3609 2001 τὰ
3633 1949 3728 2019 τῆς
3756 1951 3832 2011 εἰς

2254 2038 2456 2101 αὐτοὺς
2485 2037 2677 2106 γέγονε
2709 2036 3021 2107 φιλοτιμίας
3045 2053 3060 2068 ο
3105 2036 3242 2091 ἀλλὰ
3273 2037 3383 2108 γὰρ
3426 2038 3831 2110 ἀλκιμωτάτους

2250 2129 2544 2200 ἀπέφηνα,
2598 2130 2693 2182 καὶ
2750 2129 2950 2193 ἱκανῶς
2998 2128 3223 2200 ἔχοντας
3277 2131 3413 2200 πρὸς
3466 2129 3527 2183 τὸ
3577 2131 3832 2185 δύνασθαι

2251 2219 2450 2283 παντὸς
2494 2219 2781 2273 καταθλεῖν
2817 2220 2910 2273 τοῦ
2965 2220 3223 2290 πολεμεῖν
3271 2220 3546 2284 ἐθέλοντος
3579 2222 3671 2274 καὶ
3703 2223 3828 2276 ἀνθ-

2248 2312 2563 2382 εστηκότος.
2593 2312 2930 2382 Νενικήκασι
2965 2313 3072 2384 γὰρ
3099 2313 3226 2383 ἔθνη
3265 2313 3436 2366 πολλά
3468 2315 3561 2367 καὶ
3600 2315 3828 2384 μεγάλα,

2248 2404 2344 2456 καὶ
2367 2403 2526 2456 τοῦτο
2549 2403 2812 2474 ἀμογητί.
2850 2403 2989 2456 Ἀλλ’
3018 2406 3098 2467 εἰς
3127 2406 3225 2476 ἐμὲ
3255 2405 3346 2457 τὸν
3368 2405 3626 2459 τοιούτων
3653 2407 3833 2469 αὐτοῖς

2247 2496 2448 2568 δοτῆρα
2483 2496 2616 2549 Θεὸν
2669 2498 2926 2565 γεγόνασι
2982 2500 3241 2569 πονηροὶ,
3289 2502 3696 2571 καταφρονηταὶ
3743 2500 3831 2570 δη-

2247 2588 2420 2642 λονότι
2452 2590 2548 2642 καὶ
2575 2589 2881 2643 ἀποστάται
2903 2607 2915 2618 ·
2943 2591 3036 2642 καὶ
3062 2591 3090 2642 ὁ
3109 2590 3308 2659 τρόπος
3353 2591 3535 2654 αὐτοῖς
3571 2591 3667 2662 τῆς
3700 2592 3832 2644 ἀπο-

2247 2683 2492 2753 στροφῆς
2543 2682 2766 2752 γέγονεν
2817 2686 2896 2747 εἰς
2928 2683 3100 2737 οὐδέν.
3142 2684 3307 2736 Οὑδέν
3347 2685 3456 2755 γὰρ
3510 2683 3645 2748 ὅλως
3685 2685 3745 2738 τὸ
3771 2684 3832 2750 ἐξ

2247 2774 2380 2845 ὕλης
2402 2774 2666 2846 αἰσθητῆς
2699 2775 3077 2848 χειροποίητον
3105 2775 3345 2846 ἄγαλμα.
3388 2775 3526 2828 Ἀλλ’
3549 2777 3598 2828 εί
3628 2777 3726 2846 μέν
3747 2793 3830 2829 τοι

2242 2865 2304 2918 τὸ
2333 2865 2556 2936 ἄμεινον
2605 2867 2939 2936 εὑρήκασιν,
2986 2865 3099 2936 ἔχοι
3157 2866 3222 2918 ἂν
3257 2866 3481 2929 εἰκότως
3529 2869 3622 2920 καὶ
3675 2866 3832 2936 λόγον

2247 2960 2434 3024 αὐτοῖς
2478 2962 2511 3031 ἡ
2567 2959 2900 3031 παράϐασις.
2951 2959 3170 3030 Ἐπειδὴ
3203 2960 3259 3013 δὲ
3309 2960 3448 3032 πρὸς
3500 2960 3631 3013 Θεὸν
3678 2960 3832 3014 οὐδὲν

2244 3051 2524 3116 παντελῶς
2554 3051 2625 3104 τὰ
2650 3051 2851 3115 τοιάδε,
2891 3051 3170 3120 γελοιότης
3207 3052 3262 3104 δὲ
3291 3052 3384 3105 καὶ
3410 3051 3704 3123 ἠλιθιότης,
3736 3055 3832 3106 καὶ

2241 3145 2343 3198 ὅσα
2370 3143 2583 3207 τούτοις
2615 3143 2802 3212 ἐγγὺς,
2828 3142 3002 3206 οὐδεὶς
3032 3143 3215 3207 αὐτοῖς
3239 3145 3355 3196 ἐστι
3385 3143 3542 3213 λόγος
3563 3144 3662 3214 τῆς
3697 3145 3830 3197 ἀπο·

2244 3239 2506 3310 στροφῆς,
2561 3237 2795 3306 πιθανὴν
2855 3236 2994 3307 ἔχων
3049 3238 3252 3293 αἰτίαν,
3301 3237 3508 3290 Οὐκοῦν
3557 3239 3636 3300 εἰς
3677 3237 3832 3290 οὐδὲν

2240 3332 2692 3403 ἀπεστράφησαν.
2730 3330 2994 3400 Γεγόνασι
3039 3332 3097 3385 δὲ
3141 3331 3277 3402 πρὸς
3315 3331 3531 3396 τούτοις
3561 3332 3655 3385 καὶ
3704 3351 3722 3383 ι
3751 3332 3832 3395 ὡς

550 3433 658 3488 que
687 3431 1071 3487 pervenerunt.
1127 3424 1420 3480 Sciendum
1451 3441 1616 3496 porro
1655 3427 1790 3484 alios
1819 3429 2137 3500 interpretes

2243 3409 2393 3490 τόξον
2421 3424 2796 3495 ἐντεταμένον,
2826 3444 2842 3476 ι
2874 3424 2935 3476 οὐ
2967 3422 3272 3495 χαλώμενοι
3302 3425 3438 3498 πρὸς
3461 3425 3826 3497 μετάγνωσιν,

550 3511 818 3576 edidisse,
859 3531 879 3564 ι
921 3512 1048 3569 facti
1091 3527 1220 3571 sunt
1257 3525 1317 3572 ut
1355 3534 1514 3574 arcus
1557 3520 1609 3573 in
1650 3523 1984 3577 contrarium
2023 3541 2140 3579 ver-

2235 3517 2297 3570 οὑ
2349 3517 2706 3586 καθυφιέντες
2745 3516 2962 3571 τουτουῒ
3009 3517 3104 3571 τοῦ
3137 3517 3273 3591 πρὸς
3310 3518 3582 3591 τοσαύτην
3631 3520 3832 3581 αὐτοὺς

548 3618 661 3666 sus,
692 3622 711 3655 ι
742 3619 837 3658 seu
863 3605 1127 3662 obversus
1151 3617 1210 3662 ut
1233 3618 1493 3679 praeterea
1521 3612 1796 3682 quidpiam
1828 3613 2136 3681 hujusmodi

2243 3609 2602 3679 ἀποφέροντος
2635 3607 2898 3679 αἰσχύνην
2944 3608 3039 3660 καὶ
3092 3607 3370 3661 ἀϐουλίαν.
3414 3610 3607 3663 ’ἰστέον
3635 3609 3712 3675 δὲ,
3744 3611 3829 3663 δτι

549 3693 746 3749 iecisse
782 3695 948 3751 Israel
983 3697 1396 3769 intelligeretur.
1431 3701 1578 3768 Quos
1613 3705 1758 3757 enim
1796 3705 1974 3772 potius
2014 3721 2138 3760 con-

548 3786 802 3841 veniebat
837 3789 996 3858 quasi
1033 3805 1222 3846 arcum
1260 3804 1448 3848 contra
1483 3795 1669 3852 hostes
1708 3797 1946 3862 intendi,
1980 3808 2033 3852 et
2068 3802 2132 3852 ad

547 3882 964 3949 oppugnandum
997 3892 1215 3951 paratos
1239 3884 1416 3939 valide
1443 3885 1627 3954 ferire,
1656 3903 1762 3942 non
1796 3891 2135 3944 animadver-

549 3979 764 4034 terunt,
795 3987 902 4040 quo
935 3983 1096 4042 pacto
1129 3977 1452 4048 semetipsos
1481 3978 1624 4034 velut
1655 3981 1870 4036 emissis
1901 3983 2128 4038 ah'arcn

545 4061 760 4129 sagittis
789 4063 986 4118 acerbe
1015 4064 1382 4123 vulnerarent.
1413 4068 1582 4124 Deum
1614 4071 1756 4126 enim
1789 4071 2127 4128 ollendentes

541 4150 692 4218 juxta
729 4153 916 4208 modos
941 4153 1053 4221 jam
1087 4155 1263 4211 dictos
1291 4157 1419 4225 quid
1448 4158 1592 4214 aliud
1622 4175 1782 4230 agere
1809 4163 2131 4217 convincan-

546 4254 653 4309 tur,
686 4261 848 4313 quam
886 4257 1079 4302 contra
1123 4251 1443 4320 semetipsos
1481 4266 1607 4307 suas
1645 4270 1862 4310 armare
1899 4256 2132 4310 manus?

2233 3699 2390 3753 τοῦτο
2413 3700 2864 3774 διερμηνεύοντες
2889 3700 3254 3755 ἐκδεδώκασιν
3283 3701 3479 3774 ἕτεροι,
3500 3721 3519 3754 ι
3543 3703 3829 3772 Ἐγένοντο

2233 3788 2308 3851 ὼς
2332 3787 2486 3852 τόξον
2526 3789 3026 3861 ἀντεστραμμένον,
3062 3810 3081 3843 ι
3129 3791 3218 3844 ἵνα
3248 3808 3302 3844 τι
3333 3791 3573 3846 τοιοῦτον
3616 3810 3830 3863 πεπραο

2237 3879 2348 3950 χὼς
2373 3881 2562 3951 νοῆται
2597 3881 2760 3935 πάλιν
2788 3883 2816 3934 ὁ
2861 3882 3098 3954 Ἰσραήλ.
3135 3881 3246 3948 υῦς
3283 3885 3392 3956 γὰρ
3436 3885 3543 3938 ἔδει
3595 3885 3825 3956 μᾶλλον,

2237 3972 2488 4045 καθάπερ
2546 3989 2600 4026 τι
2633 3973 2807 4038 τόξον,
2865 3973 3199 4028 ἐντείνεσθαι
3245 3979 3364 4030 κατ’
3417 3977 3626 4048 ἐχθρῶν
3657 4017 3673 4042 ,
3725 3981 3828 4031 καὶ

2239 4064 2452 4135 βάλλειν
2481 4065 2714 4129 εὐτόνως
2758 4065 2886 4129 τοὺς
2921 4067 3310 4120 ἀντανίσταθαι
3353 4069 3823 4140 μεμελετηκότας,

2236 4157 2578 4228 διαλελήθασι
2626 4159 2767 4227 σφᾶς
2809 4159 3006 4221 αὐτοὺς
3047 4159 3212 4212 οἱονεὶ
3237 4159 3406 4226 τόξων
3453 4161 3603 4214 άκίσι
3651 4160 3827 4231 πλήτ-

2236 4265 2424 4312 τοντες
2481 4253 2725 4320 πικραῖς.
2762 4250 2883 4320 Θεῷ
2917 4251 3026 4322 γὰρ
3077 4250 3527 4324 προσκρούοντες,
3565 4253 3710 4306 κατά
3756 4270 3822 4322 γε

542 4335 670 4400 τοὺς
730 4337 829 4408 ἤδη
891 4341 1327 4412 προειρημένους
1387 4345 1642 4415 τρόπους,
1691 4347 1743 4400 τί
1792 4347 2027 4418 δρῶντες
2062 4348 2248 4420 ἕτερον
2289 4344 2466 4399 ἁλοῖεν
2517 4343 2619 4407 ἂν,
2678 4342 2711 4413 ἢ
2757 4342 2878 4397 καθ’
2934 4343 3143 4398 ἑαυτῶν
3179 4343 3278 4409 τὰς
3338 4344 3470 4410 ἰδίας
3507 4346 3824 4411 ὁπλίζοντες

581 4447 765 4497 usus;

542 4447 765 4501 χειρας;

615 4521 821 4577 Poterit
858 4535 1040 4580 autem
1073 4529 1215 4596 quod
1251 4533 1590 4601 propositum
1623 4543 1708 4589 est
1741 4533 1810 4589 ad
1848 4535 2126 4592 declaran-

543 4612 695 4678 dum,
729 4615 774 4669 si
804 4617 1037 4687 cuipiam
1072 4620 1327 4690 placebit.
1355 4635 1412 4679 et
1443 4625 1602 4680 aliter
1629 4627 1876 4699 intelligi.
1907 4627 2125 4684 Univer-

2301 4531 2494 4584 Νοοῖτο
2523 4530 2568 4583 δ’
2611 4529 2676 4584 ἂν
2709 4530 2768 4584 τὸ
2802 4531 3185 4602 προκείμενον,
3216 4533 3374 4604 εἴπερ
3405 4550 3481 4605 τῳ
3511 4533 3677 4602 δοκεῖ,
3720 4535 3823 4590 καὶ

2230 4624 2353 4678 καθ’
2385 4624 2572 4696 ἕτερον
2602 4623 2822 4694 τρόπον.
2875 4624 2934 4676 ὐ
2979 4624 3076 4694 μὲν
3101 4625 3209 4696 γάρ
3240 4625 3347 4677 τῶν
3375 4624 3512 4678 ὅλων
3543 4625 3677 4690 Θεὸς
3725 4630 3817 4680 ἐν-

544 4720 726 4760 sorum
771 4723 1005 4779 namque
1049 4713 1189 4768 Deus
1231 4714 1486 4771 Israelem
1531 4718 1691 4772 veluti
1735 4735 1920 4775 arcmn
1963 4737 2120 4775 suum

2243 4717 2433 4769 ἔτεινεν
2461 4715 2742 4778 οἱονείπως
2771 4716 2862 4768 τὸν
2898 4716 3114 4787 Ἰσραὴλ
3137 4717 3213 4779 ὡς
3248 4717 3380 4770 ἴδιον
3408 4717 3583 4782 τόξον,
3619 4722 3684 4790 τῇ
3717 4720 3820 4773 τοῦ

542 4795 793 4863 intendit,
816 4799 1012 4856 diaboli
1039 4805 1378 4874 tyrannidem
1403 4821 1581 4878 pugna
1605 4809 1899 4875 lacessens,
1924 4821 1977 4865 et
1999 4828 2121 4866 eum

541 4887 893 4946 idololatricaa
923 4892 1239 4962 impostura:
1266 4913 1563 4968 opponens.
1594 4902 1752 4959 Solus
1781 4905 1923 4959 enim
1955 4905 2123 4961 Israel

538 4994 607 5035 ex
643 4982 895 5038 omnibus
934 4987 1186 5056 gentibus
1226 5005 1322 5060 per
1357 4994 1545 5049 orbem
1589 4996 1897 5052 universum
1919 5037 1934 5063 ,
1967 5001 2119 5068 juua

540 5082 776 5127 mentem
817 5073 951 5146 legis
987 5080 1202 5148 repulsa
1244 5083 1510 5140 idolorum
1550 5089 1866 5144 adoratione
1904 5104 2117 5156 natura,

537 5173 593 5218 et
622 5180 807 5220 revera
841 5169 1210 5229 universitatis
1243 5175 1468 5232 Domino
1494 5179 1737 5235 addictus
1763 5191 1816 5236 et
1842 5197 2120 5238 consecra-

541 5264 626 5308 tus
661 5265 798 5312 erat.
837 5257 944 5314 Sed
991 5263 1044 5316 in
1088 5268 1424 5321 contrarium
1462 5272 1603 5324 versi
1648 5283 1792 5327 sunt.
1833 5274 1931 5340 Qui
1974 5277 2116 5331 enim

539 5343 665 5397 illud
695 5343 879 5402 facere
911 5349 1197 5418 debebant,
1231 5369 1330 5424 pro
1360 5357 1527 5427 gloria
1560 5361 1822 5418 idolorum
1856 5380 1978 5419 cum
2011 5366 2118 5420 Deo

536 5447 932 5504 pugnaverunt.
971 5442 1120 5499 Facti
1159 5457 1286 5503 sunt
1325 5450 1510 5519 igitur,
1547 5463 1605 5507 ut
1637 5471 1797 5513 arcus
1831 5459 2113 5525 obversus,

534 5529 762 5597 sagittas
791 5532 841 5585 in
873 5539 1208 5596 contrarium
1240 5543 1558 5616 dirigentes.

607 5786 650 5818 "
677 5786 890 5846 Baruch
923 5807 998 5862 tv,
1026 5795 1078 5850 4.

2229 4807 2474 4861 διαϐόλου
2507 4808 2779 4879 τυραννίδι
2807 4808 3132 4879 μαχόμενος,
3163 4808 3266 4862 ’καὶ
3293 4811 3357 4880 τῇ
3390 4809 3491 4880 τῆς
3531 4811 3824 4867 εἰδωλολα-

2227 4907 2416 4976 τρείας
2444 4904 2754 4972 ἀντεξάγων
2792 4901 2998 4973 ἀπάτῃ.
3034 4901 3210 4963 Μόνος
3235 4901 3343 4970 γὰρ
3366 4903 3429 4954 ἐκ
3459 4902 3678 4956 πάντων
3705 4907 3824 4958 τῶν

2229 4999 2336 5053 ἀνὰ
2362 5001 2541 5053 πᾶσαν
2566 4996 2664 5067 τὴν
2690 4993 3019 5065 οἰκουμένην
3053 4992 3218 5046 ἐθνῶν
3247 4996 3275 5046 ὁ
3307 4993 3545 5064 Ἰσραὴλ,
3583 4998 3730 5050 κατά
3755 5015 3823 5065 γε

2225 5090 2303 5161 τῷ
2331 5090 2482 5162 νόμῳ
2533 5088 2745 5150 δοκοῦν,
2793 5086 3080 5139 ἀπεσείετο
3124 5085 3223 5156 μὲν
3273 5087 3372 5156 τὴν
3420 5087 3531 5141 τῶν
3573 5088 3823 5142 εἰδώλων

2226 5181 2620 5253 προσκύνησιν,
2651 5177 2973 5247 προσέκειτο
3003 5176 3158 5246 δέτῷ
3185 5177 3346 5244 φύσει
3371 5195 3430 5230 τε
3473 5178 3568 5230 καὶ
3595 5179 3824 5249 ἀληθῶς

2221 5273 2332 5326 τῶν
2359 5273 2493 5326 δλων
2519 5270 2783 5341 Δεσπότῃ.
2815 5267 2952 5321 Ἀλλ⁷
2979 5269 3276 5340 ἐτράποντο
3299 5269 3434 5339 πρὸς
3458 5272 3520 5322 τὸ
3543 5272 3819 5326 ἐναντίον.

2225 5365 2287 5416 Οἱ
2337 5363 2446 5434 γὰρ
2477 5363 2652 5414 ἐκεῖνο
2680 5361 2943 5432 πράττειν
2991 5360 3317 5430 ὀφείλοντες,
3360 5362 3500 5430 ὑπὲρ
3548 5362 3649 5431 τῆς
3701 5363 3820 5415 τῶν

2226 5453 2461 5507 εἰδώλων
2487 5453 2643 5524 δόξης
2679 5453 3099 5524 πεπολεμήκασι
3123 5452 3200 5522 τῷ
3231 5451 3370 5522 Θεῷ.
3400 5453 3662 5521 Γεγόνασι
3697 5456 3819 5508 τοί-

2223 5565 2320 5599 νυν
2343 5546 2418 5609 di;
2447 5545 2600 5611 τόξον
2628 5545 3131 5616 ἀντεστραμμένον,
3171 5545 3390 5616 ἐναντίᾳ
3429 5545 3708 5618 χρώμενοι
3742 5549 3814 5618 τῇ

2223 5635 2424 5708 τοξείᾳ.
