4110 6368
381 359 484 418 197

1309 350 1863 408 COMMENTARIUS
1904 350 1971 404 1N
2015 350 2248 405 OSEAM
2289 350 2741 460 ΡΒΟΡιιΕξΑιι.

3569 354 3672 410 198

451 473 790 534 Πεσοῦνται
824 471 896 526 ἐν
922 469 1194 540 ῥομφαίᾳ
1237 471 1293 523 al
1333 469 1622 540 ἄρχοντες
1653 467 1870 536 αὐτῶν,
1896 468 1968 521 δι’

2142 469 2304 525 Vens.
2341 468 2428 523 16.
2460 467 2661 521 Cadent
2699 467 2753 520 in
2789 465 2967 535 gladio
3004 464 3271 534 principes
3304 482 3513 532 eorum,
3545 486 3667 539 pro-

379 566 782 630 ἀπαιδευσίας
811 560 1104 632 γλώσσης
1134 560 1352 615 αὐτῶν.

451 664 524 719 Ob
577 658 726 714 κατὰ
775 657 935 729 μόνον
979 655 1120 728 ἥξει,
1161 655 1317 724 φησὶ,
1354 655 1464 708 τῶν
1504 657 1616 718 τοῖς
1646 653 1969 726 ἡγουμένοις

381 749 826 823 ὑπεστρωμένων
871 746 942 800 τὰ
984 745 1044 811 ἐξ
1089 745 1283 815 ὀργῆς,
1330 743 1706 814 καταλήψεται
1740 741 1834 804 δέ,
1878 740 1970 794 καὶ

382 850 532 920 μάλα
557 845 804 922 γοργῶς,
831 841 924 894 καὶ
959 840 1084 902 τοὺς
1114 842 1236 903 ταῖς
1267 837 1529 891 ἀνωτάτω
1554 837 1744 906 τιμαῖς
1779 837 1970 906 ἐντρυ-

382 942 490 1012 ιρᾷν
519 937 796 997 εἰωθότας.
834 929 1138 986 Πεσοῦνται
1166 929 1277 1002 γὰρ
1315 930 1374 982 ἐν
1408 927 1671 1000 ῥομφαίᾳ,
1705 927 1798 979 καὶ
1835 926 1972 996 πρό-

383 1049 552 1102 φασις
599 1029 750 1082 ἔσται
777 1023 872 1078 τοῦ
929 1022 1124 1076 παθεῖν
1177 1023 1395 1083 αὐτοὺς,
1458 1021 1558 1090 τῆς
1610 1016 1864 1088 γλώσσης
1911 1016 1972 1069 τὸ

384 1123 634 1192 ἀσελγές.
679 1115 1033 1174 Ἀπαιδευσία
1065 1115 1173 1186 γὰρ
1224 1112 1444 1183 άληθῶς
1493 1112 1555 1164 τὸ
1596 1109 1675 1181 τῷ
1709 1109 1851 1180 ξύλῳ
1885 1108 1974 1161 λέ-

386 1237 528 1289 γειν,
568 1235 586 1266 ι
619 1212 752 1275 θεός
791 1226 895 1281 μου
932 1204 981 1260 εἷ
1009 1208 1105 1262 σύ⁸
1140 1208 1234 1262 καὶ
1266 1207 1345 1277 τῷ
1388 1205 1543 1276 λίθῳ,
1573 1205 1646 1275 Σὺ
1674 1203 1972 1275 ἐγέννησάς

389 1329 531 1383 με.»

468 1400 758 1472 Ἀρμόσειε
797 1400 842 1452 δ’
877 1397 942 1451 ἂν
973 1390 1032 1450 εὗ
1067 1394 1213 1464 μάλα
1251 1392 1346 1446 καὶ
1375 1390 1444 1444 τὰ
1473 1389 1650 1443 τοιάδε
1679 1388 1861 1457 λέγειν
1894 1387 1973 1458 τῷ

398 1483 789 1565 Ἐ’μμανουὴλ,
842 1490 962 1544 καθ’
1015 1484 1076 1542 οὗ
1117 1487 1218 1558 τὴν
1272 1484 1598 1539 ἀπαίδευτον
1652 1481 1973 1552 κεκινήκασι

384 1589 639 1658 γλῶσσαν
703 1587 754 1638 οἱ
796 1583 832 1636 Γ
840 1581 1146 1655 ραμματεῖς
1178 1595 1238 1630 τε
1296 1577 1393 1630 καὶ
1438 1576 1747 1647 Φαρισαῖοι,
1796 1572 1973 1625 καίτοι

385 1679 736 1742 παιδεύοντός
783 1695 842 1731 τε
874 1677 967 1730 καὶ
992 1671 1401 1742 κατισχύοντος,
1431 1670 1589 1740 δῆλον
1613 1668 1670 1721 δέ
1693 1668 1774 1720 ὄτι
1805 1683 1971 1720 πνευ-

390 1773 665 1847 ματικῶς.
691 1766 791 1824 Ὧν
846 1768 999 1823 οὐδὲν
1035 1764 1523 1833 ὑπολογισάμενοι,
1559 1763 1655 1815 καὶ
1697 1760 1975 1831 ἀπεστρά-

2072 573 2187 630 pter
2213 563 2538 628 imperitiam
2570 561 2766 631 lingua:
2796 575 3000 613 eorum.

2145 651 2430 707 LXXXIV.
2469 652 2592 706 Non
2631 664 2817 706 contra
2862 650 3007 704 solos
3049 648 3387 719 principibus
3425 651 3672 705 subditos

2075 743 2158 798 ira
2193 729 2474 812 suppliciis
2509 743 2726 807 saeviet;
2758 740 3181 812 comprehendet
3223 740 3414 804 etiam,
3448 750 3502 794 et
3532 743 3673 793 velu-

2074 835 2312 899 cissime,
2341 836 2432 905 qui
2463 835 2513 888 in
2545 835 2776 890 summis
2813 834 3107 888 honoribus
3135 847 3264 886 suas
3297 832 3500 886 habere
3530 831 3652 886 vqu

2075 941 2252 1000 ptates
2284 942 2705 985 consueverunt.
2731 949 2749 981 ι
2779 930 2989 985 Cadent
3016 930 3158 984 enim
3184 929 3236 981 iu
3270 927 3509 998 gladio,»
3532 929 3672 998 quod

2076 1022 2276 1074 malum
2328 1022 2432 1076 illis
2478 1024 2658 1092 pariet
2707 1023 2904 1091 linguae
2949 1023 3300 1090 protervitas.
3343 1021 3483 1077 Vere
3527 1021 3670 1073 extim

2075 1109 2304 1165 stultitia
2348 1122 2464 1180 est,
2502 1112 2646 1183 ligno
2685 1113 2869 1166 dicere
2907 1131 2920 1166 :
2963 1130 2982 1164 ι
3027 1112 3169 1170 Deus
3207 1127 3360 1168 meus
3395 1127 3454 1168 es
3494 1121 3583 1176 tu;
3619 1119 3673 1166 et

2075 1203 2237 1274 lapidi
2273 1223 2286 1259 :
2317 1204 2398 1259 Tu
2432 1220 2518 1259 me
2548 1205 2781 1275 genuisti
2809 1206 2875 1258 ⁸ο.
2916 1224 2937 1257 ι

2147 1381 2297 1440 Talia
2327 1395 2382 1441 et
2419 1385 2735 1441 Emmanuel
2771 1394 2894 1455 apte
2927 1385 3072 1440 dicet
3095 1426 3109 1447 ,
3150 1384 3202 1438 in
3238 1400 3400 1454 quem
3436 1383 3671 1455 linguam

2079 1479 2384 1548 imperitam
2415 1490 2699 1532 moverunt
2727 1479 2932 1534 Scriba:
2961 1488 3015 1533 et
3045 1477 3330 1544 Pharisaei,
3359 1491 3671 1546 quanquam

2077 1585 2171 1623 eos
2202 1570 2535 1624 erudienlem
2569 1578 2624 1624 et
2655 1568 3095 1633 conﬁrmantem,
3127 1566 3484 1638 spiritualiter
3513 1566 3674 1619 nimi-

2078 1677 2220 1714 rum.
2243 1660 2482 1727 Quorum
2516 1661 2649 1714 nihil
2681 1655 3029 1731 reputantes,
3060 1670 3114 1715 et
3141 1661 3319 1716 aversi
3349 1667 3473 1714 sunt
3499 1660 3564 1712 ad
3593 1659 3675 1712 ni-

2078 1751 2151 1806 hil
2193 1754 2470 1824 (conversi
2510 1763 2634 1808 sunt
2671 1758 2868 1826 quippe
2903 1757 2970 1810 ad
3006 1754 3284 1809 doctrinas
3323 1763 3377 1807 et
3415 1753 3672 1807 mandata

387 1845 570 1939 ιρησαν
597 1866 678 1926 εἰς
729 1861 904 1917 οὐδέν.
949 1860 1281 1930 Ἐτράποντο
1327 1858 1436 1926 γὰρ
1482 1857 1561 1918 εἰς
1603 1852 1972 1915 διδασκαλίας,

2087 1845 2356 1900 hominum
2379 1845 2470 1912 '°),
2531 1858 2585 1902 et
2623 1848 2748 1902 l'acti
2786 1857 2913 1903 sunt
2949 1859 3004 1902 ut
3041 1863 3204 1902 arcus
3240 1848 3292 1902 in
3328 1845 3668 1901 contrarium

387 1959 703 2030 ἐντάλματα
732 1952 1056 2026 ἀνθρώπων.
1090 1954 1199 2006 Καὶ
1229 1949 1520 2019 γεγόνασιν
1550 1948 1628 2011 ὡς
1655 1946 1810 2012 τόξον
1842 1947 1975 1999 ἁντο

387 2048 790 2124 ἐστραμμένον,
846 2045 1136 2117 βάλλοντες
1161 2043 1388 2106 ἀνοσίως
1420 2040 1510 2094 τὸν
1540 2039 1746 2095 ἑαυτῶν
1775 2037 1979 2092 Δεσπὸ-

387 2162 510 2215 την,
558 2135 620 2196 οὗ
677 2140 878 2213 μᾶλλον
931 2138 1101 2210 ἐχρῆν
1154 2135 1532 2209 ὑπεραθλῆσαι
1565 2131 1799 2203 γενικῶς
1824 2170 1840 2194 ,
1884 2128 1980 2183 καὶ

387 2238 548 2310 νικᾷν
577 2232 898 2304 ἐπείγεσθαι
937 2233 1064 2295 τοὺς
1096 2230 1605 2301 ἀντιτεταγμένους,
1634 2226 1776 2280 καθά
1810 2223 1905 2278 καὶ
1928 2222 1978 2274 οἱ

389 2330 500 2384 τῶν
528 2327 944 2383 πιστευσάντων
975 2326 1189 2396 γνήσιοι
1219 2323 1480 2397 μαθηταί.

993 2460 1246 2514 ΚΕΦΑΛ.
1289 2461 1370 2514 H'.

468 2571 656 2643 Οὗτος
686 2578 720 2630 ὁ
752 2571 1100 2645 φαυλισμός
1123 2568 1322 2626 αὐτῶν
1349 2571 1420 2624 ἐν
1454 2568 1533 2640 τῇ
1564 2568 1860 2639 Αἰγύπτῳ,
1894 2569 1982 2637 είς

393 2662 629 2718 κόλπον
662 2662 880 2716 αὐτῶν.
929 2659 1028 2726 Ὠς
1068 2654 1168 2728 γῆ,
1199 2657 1280 2723 ὠς
1325 2659 1500 2724 ἀετὸς
1542 2657 1636 2712 ἐπ’
1670 2655 1838 2712 οἷκον
1861 2663 1979 2714 Κυ-

386 2756 548 2823 ρίου,
583 2754 712 2810 ἀνθ“
739 2745 827 2807 ὧν
863 2753 1216 2822 παρέϐησαν
1240 2749 1355 2820 τὴν
1391 2749 1688 2820 διαθήκην
1713 2769 1854 2822 μου,
1883 2752 1983 2806 καὶ

395 2849 548 2903 κατὰ
583 2847 692 2903 τοῦ
718 2849 908 2917 νόμου
933 2845 1272 2914 ἠσέϐησαν.

483 3055 612 3108 IIE'.
693 3049 944 3120 Ἀσαφῶς
1001 3048 1102 3121 μὲν
1158 3048 1280 3101 λίαν
1339 3047 1557 3120 εἴρηται
1633 3048 1826 3115 ταυτὶ,
1884 3048 1984 3118 τῆς

409 3145 700 3218 Ἐϐραίων,
732 3143 985 3215 καθάπερ
1015 3135 1252 3213 ἐγῷμαι,
1285 3143 1468 3212 φωνῆς
1496 3139 1695 3212 πολλὴν
1724 3141 1984 3212 ἐμποιού-

2083 1953 2276 1993 versus
2309 1939 2574 1993 scelerate
2611 1939 2893 1994 Dominum
2931 1957 3086 1995 suum
3120 1939 3399 2000 ferientes,
3436 1954 3533 2008 pro
3569 1953 3676 2006 quo

2086 2031 2263 2101 patius
2293 2031 2520 2086 viriliter
2555 2032 2712 2102 117
2747 2042 2983 2098 certare,
3016 2043 3069 2087 et
3103 2033 3169 2086 ad
3206 2031 3550 2087 adversarios
3584 2046 3676 2084 su-

2086 2123 2386 2194 perandos,
2434 2124 2574 2178 sicut
2620 2138 2688 2177 ex
2737 2125 3085 2179 credentibus
3130 2122 3375 2194 germani
3425 2121 3676 2192 discipuli

2087 2217 2219 2270 dare
2248 2231 2370 2271 sese
2401 2215 2726 2271 debuerunt.

2715 2459 2868 2515 CAP.
2925 2460 3059 2516 VIII.

2162 2571 2328 2629 Vens.
2363 2568 2552 2629 LIsta
2595 2573 2939 2628 subsannatio
2997 2591 3174 2628 eorum
3206 2574 3262 2628 in
3309 2583 3450 2627 terra
3503 2571 3676 2644 £93;-

2087 2676 2200 2735 pto,
2226 2669 2280 2722 in
2301 2669 2473 2722 sinum
2507 2683 2707 2721 eorum.
2747 2666 2914 2732 Quasi
2946 2675 3106 2730 terra,
3139 2666 3290 2734 quasi
3317 2664 3495 2734 aquila
3522 2681 3679 2732 super

2089 2759 2304 2812 domum
2355 2758 2585 2823 Domini,
2639 2773 2734 2825 pro
2783 2772 2843 2810 eo
2877 2757 3016 2826 quod
3056 2758 3369 2826 transgressi
3417 2765 3539 2810 sunt
3594 2766 3675 2810 te-

2089 2852 2405 2905 stamentum
2453 2864 2645 2914 meum,
2690 2857 2738 2901 et
2808 2857 2995 2901 contra
3064 2845 3225 2916 legem
3293 2863 3460 2899 meam
3517 2846 3679 2914 impie

2090 2954 2325 3015 egerunt.

2164 3059 2431 3115 LXXXV.
2475 3059 2636 3142 llaec,
2683 3067 2743 3112 ut
2807 3073 2909 3129 ego
2971 3057 3168 3123 sentio,
3201 3057 3380 3126 lingua
3451 3056 3675 3111 Hebraea

2091 3154 2482 3209 obscurissime
2515 3152 2716 3223 scripta
2749 3161 2894 3218 sunt,
2933 3152 3075 3206 unde
3108 3149 3495 3220 interpretibus
3538 3151 3674 3223 mul-

401 3257 502 3311 σης
522 3240 637 3302 τοῖς
664 3236 1082 3308 διερμηνεύουσι
1101 3235 1198 3305 τὴν
1229 3234 1569 3304 δυσχέρειαν.
1615 3235 1903 3306 Ἐπόμενοι
1926 3235 1982 3287 δέ

2091 3258 2141 3299 ta
2179 3245 2474 3300 difﬁcultas
2519 3221 2796 3312 obiicitur.
2835 3243 2944 3300 Nos
2975 3259 3104 3298 vero
3179 3243 3466 3297 sententiae
3528 3221 3679 3296 ordi-

398 3333 559 3404 ἡμεῖς
573 3333 639 3402 τῇ
653 3327 762 3382 τῶν
773 3328 1062 3400 νοημάτων
1075 3328 1244 3394 τάξει,
1265 3326 1325 3380 τὸ
1337 3329 1416 3391 εἰς
1432 3325 1558 3381 νοῦν
1573 3321 1707 3398 ἧκον
1727 3326 1853 3396 ἐροῦ
1863 3344 1983 3397 μεν.

403 3445 424 3476 α
455 3420 624 3488 Οὗτος
654 3423 834 3478 τοίνυν
863 3425 891 3475 ὁ
923 3421 1233 3492 φαυλισμὸς
1266 3420 1466 3482 αὐτῶν,
1500 3439 1516 3470 ι
1558 3421 1747 3491 φησιν,
1775 3441 1793 3471 ι
1826 3422 1884 3472 ἐν
1913 3423 1983 3491 γῇ

397 3514 681 3585 Αἰγύπτῳ,
711 3532 731 3566 ι
752 3511 1052 3574 τουτέστιν,
1072 3511 1370 3582 ἐπειδήπερ
1387 3509 1489 3582 ἐμὲ
1507 3513 1598 3564 τὸν
1614 3510 1700 3564 ἀεὶ
1723 3509 1984 3577 σώζοντα,

399 3609 495 3662 καὶ
524 3606 870 3672 παιδεύοντα,
890 3604 987 3658 καὶ
1016 3602 1461 3672 ἀκαταγώνιστον
1475 3603 1694 3657 τιθέντα
1719 3605 1829 3666 τοῖς
1855 3604 1988 3657 ἀνθ-

399 3701 688 3773 εστηκόσιν
740 3699 1020 3770 (ἐνίσχυσα
1047 3697 1158 3768 γάρ
1211 3696 1430 3767 αὐτοὺς)
1470 3696 1846 3767 ἐξεφαύλησαν
1889 3697 1978 3748 ἁν-

399 3791 585 3855 οσίως,
618 3790 917 3861 δαιμονίοις
951 3788 1048 3859 μὲν
1067 3787 1434 3858 ἀπονέμοντες
1456 3787 1730 3860 λατρείας,
1762 3785 1988 3856 ἐπιθαρ-

403 3885 669 3955 σήσαντες
691 3882 747 3935 δὲ
776 3880 874 3935 καὶ
905 3883 971 3952 τῇ
1003 3879 1114 3933 τῶν
1147 3879 1459 3948 Αἰγυπτίων
1497 3881 1588 3948 γῇ,
1621 3879 1716 3931 καὶ
1744 3878 1987 3948 ἀποχρή-

401 3993 519 4030 σειν
552 3975 737 4038 αύτοίς
784 3976 864 4038 είς
913 3973 1216 4045 εὐημερίας
1257 3970 1356 4035 τὰς
1409 3971 1618 4025 ἐκεῖθεν
1667 3971 1987 4042 ἐπικουρίας

400 4071 658 4140 οἰόμενοι,
689 4067 945 4141 ταύτῃτοι
979 4067 1072 4120 καὶ
1118 4068 1198 4130 είς
1237 4065 1436 4119 κόλπον
1484 4063 1664 4117 αὐτῶν
1708 4065 1985 4134 ἀποστρα-

400 4163 636 4235 φήσεται
661 4161 723 4213 τὸ
746 4159 1074 4230 ἐγχείρημα,
1110 4160 1204 4212 καὶ
1226 4158 1324 4228 τῆς
1356 4158 1565 4211 ἑαυτῶν
1590 4155 1986 4219 εἰκαιοϐουλίας

399 4254 504 4308 οὐκ
555 4253 764 4323 ἀγαθάς
799 4253 1126 4324 εὑρήσουσιν
1171 4251 1426 4322 ἁμοιδάς.
1487 4249 1880 4321 ’Λπολήψονται
1929 4249 1986 4302 δὲ

402 4345 658 4416 καθάπερ
687 4346 767 4407 εἰς
799 4343 1000 4397 κόλπον
1031 4342 1131 4406 τὰς
1153 4342 1330 4406 δίκας.
1367 4340 1524 4408 ’Ἥξει
1551 4342 1676 4412 γὰρ,
1708 4341 1850 4412 ἥξει,
1883 4359 1988 4413 φη-

405 4437 562 4502 σὶν,ό
597 4436 958 4508 καταδῃώσας
996 4436 1212 4500 αὐτοὺς,
1239 4434 1346 4488 τῶν
1382 4435 1680 4507 Ἀσσυρίων
1729 4436 1757 4487 ό
1785 4433 1985 4504 τύραν-

410 4547 494 4594 eo;
523 4529 759 4602 ἀριθμοῦ
775 4530 1062 4600 κρείττονα
1080 4527 1178 4599 τὴν
1195 4527 1305 4581 τῶν
1329 4527 1580 4598 μαχίμων
1595 4527 1732 4597 ἔχων
1752 4526 1982 4598 πληθύν.

405 4623 568 4688 Ἥξει
600 4639 658 4676 τε
684 4624 869 4686 αὐτοῖς
903 4621 978 4686 ὡς
1005 4621 1104 4692 ὅλη
1138 4621 1231 4692 γῆ,
1256 4622 1350 4674 καὶ
1372 4619 1522 4693 χώρα
1543 4623 1636 4674 καὶ
1662 4622 1881 4693 πατρὶς,
1901 4621 1992 4676 ἵνα.

401 4732 489 4776 τις
515 4715 694 4785 οἴηται
725 4714 826 4785 τὴν
848 4713 1076 4784 Περσῶν
1112 4713 1206 4766 καὶ
1229 4713 1428 4783 Μήδων
1450 4712 1577 4783 ὃλην
1595 4711 1654 4779 ἐξ
1675 4712 1794 4766 ὅλου
1825 4730 1990 4784 μετα-

406 4807 602 4878 στῆναι
632 4806 840 4878 χὼραν,
870 4807 966 4860 καὶ
987 4808 1068 4870 εἰς
1096 4805 1409 4877 Σαμάρειαν
1446 4804 1621 4859 ἐλθεῖν
1641 4823 1654 4836 ’
1683 4805 1843 4860 τοῦτό
1875 4807 1992 4859 ἐστι

405 4899 490 4961 τὸ,
532 4917 551 4950 ι
587 4898 662 4962 ὡς
686 4899 778 4968 γῆ.
813 4917 834 4950 ›
871 4895 1030 4962 Ἥξει
1055 4898 1113 4951 δὲ
1141 4900 1235 4951 καὶ
1263 4897 1337 4962 ὼς
1361 4900 1389 4951 ὁ
1421 4898 1580 4961 ἀετὸς
1605 4899 1682 4962 εἰς
1710 4894 1856 4951 οἷκον
1882 4899 1992 4950 Ku-

407 4990 546 5061 ρίου,
594 4989 895 5055 τουτέστιν,
943 4990 1318 5061 άναπτήσεται
1363 4990 1449 5042 ἐπ’
1493 4989 1655 5043 αὑτὸν
1712 4987 1837 5054 ὀξὺς
1902 4990 1997 5043 καὶ⁸

405 5082 578 5146 δεινὸς
628 5081 722 5135 τὸν
757 5082 884 5135 ναὸν
917 5080 1012 5135 τοῦ
1064 5081 1220 5148 Θεοῦ,
1273 5081 1368 5136 καὶ
1417 5083 1846 5153 καταδραμεῖται
1891 5081 1991 5152 τῆς

367 5208 370 5209 ν
419 5173 591 5228 Ἰούδα
639 5173 914 5244 βασιλείας
961 5174 1055 5228 καὶ
1101 5174 1210 5229 τῶν
1281 5174 1688 5246 Ἰεροσολύμων,
1731 5173 1993 5246 ἁρπάζων

403 5265 669 5336 ἀμογητὶ,
699 5266 794 5320 καὶ
815 5265 1168 5338 άποκομίζων
1197 5267 1277 5328 εἰς
1298 5266 1396 5334 τὴν
1421 5265 1637 5320 ἑαυτοῦ.
1667 5266 1864 5338 Πρώτη
1894 5267 1994 5336 μὲν

405 5358 516 5430 γάρ
543 5359 578 5430 ή
621 5359 979 5430 Σαμαρειτῶν
1023 5359 1367 5432 πεπόρθηται
1414 5359 1587 5432 χώρα,
1618 5361 1714 5415 καὶ
1756 5362 1813 5413 ἐν
1851 5361 1990 5432 αὐτῇ

405 5466 509 5504 που
539 5448 758 5514 πάντως
790 5451 819 5501 ό
860 5450 1097 5521 Ἰσραήλ.
1133 5451 1401 5521 ’Ὕστερον
1425 5452 1482 5505 δὲ
1509 5454 1604 5505 καὶ
1644 5453 1781 5524 αὑτὴ
1807 5453 1992 5507 λοιπὸν

407 5542 441 5612 ή
463 5540 752 5612 διαϐόητος
777 5542 985 5613 ἐλήφθη
1015 5542 1192 5607 πόλις,
1221 5544 1308 5612 ἐφ’
1419 5545 1514 5598 καὶ
1540 5547 1568 5598 ὁ
1594 5547 1883 5617 προφήτης
1897 5545 1995 5598 Ἰε-

409 5635 604 5706 ρεμίας
639 5634 880 5707 ἐθρήνει,
907 5635 1111 5704 λέγων·
1143 5654 1162 5688 ι
1197 5635 1323 5700 Πῶς
1347 5637 1567 5692 ἐκάθισε
1614 5639 1749 5711 μόνη
1776 5640 1809 5711 ἡ
1837 5639 1991 5702 πόλις

488 5815 532 5844 ι’
565 5811 668 5869 lsa.
695 5829 757 5881 tt,
793 5814 883 5870 27.
961 5816 1006 5848 ²⁰
1043 5814 1230 5872 Matth.
1262 5829 1351 5880 xv,
1383 5816 1437 5871 9.

2088 3350 2209 3389 nem
2246 3344 2561 3403 sequentes,
2595 3335 2740 3403 quod
2771 3335 2824 3387 in
2859 3342 3093 3388 mentem
3146 3333 3373 3398 venerit,
3411 3333 3674 3387 dicemus.

2087 3428 2267 3496 lnquit
2329 3429 2513 3498 igltur,
2553 3447 2572 3478 ι
2604 3427 2712 3482 Ista
2773 3426 3130 3482 subsannatio
3189 3439 3377 3480 eorum
3432 3425 3483 3479 iu
3533 3433 3677 3479 terra

2087 3519 2344 3590 Egypto,
2378 3538 2398 3572 ι
2434 3520 2536 3574 hoc
2573 3527 2676 3584 est,
2717 3529 3004 3588 postquam
3049 3532 3134 3571 me
3185 3531 3402 3586 semper
3459 3532 3680 3572 servan-

2090 3622 2194 3668 tem
2247 3628 2380 3677 cos,
2440 3623 2493 3666 et
2528 3612 2870 3666 erudienlem
2901 3651 2917 3676 ,
2981 3620 3038 3666 et
3094 3610 3164 3664 ab
3207 3609 3534 3664 adversariis
3602 3611 3678 3662 iu-

2087 3704 2261 3760 victos
2301 3711 2641 3774 praestantem
2675 3700 3068 3771 (corroboravi
3124 3700 3270 3754 enim
3316 3701 3457 3765 eos)
3511 3700 3676 3770 impie

2087 3798 2584 3858 subsannaverunt,
2624 3795 2896 3849 daemones
2928 3807 3027 3864 pro
3063 3792 3170 3848 diis
3221 3793 3484 3856 colentes,
3519 3803 3576 3845 et
3615 3793 3676 3845 li-

2087 3890 2282 3942 dcrunt
2321 3897 2478 3941 terra:
2526 3884 2907 3956 Egyptiorum
2931 3923 2947 3949 ,
2988 3894 3046 3939 et
3087 3883 3288 3938 auxilia
3327 3883 3540 3938 illorqu
3569 3882 3676 3936 sibi

2087 3979 2153 4033 ad
2200 3993 2511 4049 prosperam
2551 3979 2678 4032 vita:
2710 3977 3078 4033 conditionem
3124 3975 3417 4032 suffectura
3462 3975 3676 4044 judica-

2089 4081 2238 4135 runt,
2284 4070 2488 4124 idcirco
2537 4069 2591 4123 in
2630 4070 2810 4124 sinum
2862 4083 3054 4124 eorum
3104 4078 3412 4123 revertetur
3451 4076 3679 4122 conatus

2085 4177 2301 4228 eorum,
2337 4171 2391 4216 et
2422 4162 2750 4216 temeritatis
2793 4176 2906 4216 suae
2959 4161 3263 4216 mercedem
3325 4176 3430 4215 non
3479 4161 3676 4216 bonam

2087 4253 2405 4320 invenient;
2436 4251 2585 4308 velut
2616 4252 2758 4306 enim
2781 4253 2831 4306 in
2864 4253 3041 4307 sinum
3066 4264 3256 4322 ptenas
3273 4252 3548 4320 recipient.
3585 4250 3682 4307 Ve-

2088 4347 2202 4402 niet
2268 4345 2580 4415 siquidem,
2629 4345 2850 4409 veniet,
2906 4343 3111 4414 inquit,
3151 4344 3243 4414 qui
3301 4344 3537 4399 vastabit
3586 4359 3681 4401 eos

2086 4438 2435 4507 Assyriorum
2495 4447 2761 4509 tyrannus
2811 4451 2932 4491 cum
2975 4435 3360 4491 innumerabili
3411 4437 3677 4502 exercitu,

2089 4532 2381 4600 venietque
2426 4531 2558 4600 ipsis
2607 4543 2664 4585 ut
2699 4539 2806 4584 tota
2843 4539 3094 4595 terra,et
3149 4531 3324 4600 regio,
3369 4541 3425 4584 et
3474 4531 3677 4598 patria,

2088 4625 2152 4677 ut
2187 4623 2313 4692 quis
2341 4620 2630 4677 Persarum
2676 4634 2732 4677 et
2763 4621 3040 4678 Medorum
3091 4629 3256 4676 totam
3289 4636 3320 4676 e
3356 4631 3468 4676 toto
3503 4622 3680 4691 regio-

2090 4731 2216 4770 nem
2245 4715 2529 4785 migrasse,
2560 4715 2694 4770 etin
2749 4713 3052 4770 Samariam
3123 4713 3337 4768 venisse
3383 4713 3676 4768 existimet.

2090 4806 2205 4862 Hoc
2228 4807 2364 4872 vult,
2407 4807 2548 4874 quod
2578 4806 2795 4872 dicitur,
2835 4825 2854 4858 ι
2884 4807 3043 4876 quasi
3075 4815 3242 4862 terra.
3279 4824 3298 4858 ι
3333 4806 3526 4860 Veniet
3553 4808 3678 4861 item

2100 4919 2118 4951 ι
2147 4899 2300 4969 quasi
2329 4899 2508 4970 aquila
2550 4901 2603 4954 in
2641 4899 2859 4954 domum
2899 4899 3148 4966 Domini,
3205 4917 3224 4952 ι
3254 4898 3360 4956 hoc
3393 4909 3498 4966 est,
3534 4899 3683 4953 subi-

2096 5004 2182 5048 tus
2219 5002 2275 5048 et
2308 4992 2564 5048 terribilis
2595 4993 2854 5063 templum
2891 4991 2987 5046 Dei
3033 4991 3316 5056 involabit,
3357 5002 3412 5046 et
3452 5008 3677 5062 regnum

2099 5083 2270 5152 Judaz,
2303 5094 2467 5154 atque
2497 5083 2926 5157 Hierosolymam
2961 5086 3292 5151 incursabit,
3346 5084 3484 5138 citra
3533 5083 3682 5138 labo-

2102 5193 2216 5232 rem
2260 5180 2494 5247 rapiens,
2526 5188 2582 5233 et
2631 5179 2684 5233 in
2719 5194 2943 5248 regnum
2993 5193 3150 5233 suum
3197 5185 3508 5247 exportans.
3558 5175 3682 5230 Pri-

2095 5287 2244 5326 mum
2317 5272 2462 5326 enim
2529 5272 2925 5327 Samaritarum
2997 5271 3146 5342 regio
3211 5269 3680 5338 depOpulationem

2095 5363 2283 5430 subiit,
2336 5376 2391 5418 et
2422 5365 2474 5418 in
2503 5378 2565 5418 ca
2610 5364 2796 5433 utique
2854 5362 3038 5418 Israel.
3073 5361 3425 5418 Postmodum
3479 5368 3534 5415 et
3591 5360 3682 5416 illa

2096 5455 2365 5512 celebrata
2403 5456 2533 5511 urbs
2561 5469 2716 5526 capta
2774 5466 2880 5520 est,
2920 5469 3081 5524 quam
3118 5464 3174 5509 et
3212 5455 3473 5524 propheta
3527 5452 3682 5508 Jere—

2094 5550 2235 5604 mias
2263 5548 2496 5613 deﬂevit,
2532 5549 2618 5604 his
2647 5563 2775 5604 usus
2791 5547 2970 5604 verbis
2997 5565 3011 5600 :
3042 5565 3060 5600 ι
3091 5547 3373 5614 Quomodo
3394 5547 3544 5602 sedet
3565 5547 3686 5601 sola

2094 5643 2284 5700 civitas
2329 5641 2484 5712 plena
2528 5641 2787 5713 populis?
2811 5641 3064 5713 princeps
3097 5639 3502 5712 provinciarum
3537 5638 3683 5694 facta
