4110 6368
487 384 590 442 199

1471 380 1532 437 S.
1571 377 1850 434 CYRILLI
1893 376 2371 434 ALEXANDRINI
2410 376 2732 434 ARCIHEP.

3649 382 3753 437 200

483 510 568 554 est
619 498 901 554 tributaria
931 498 1028 549 ²¹.ι
1063 495 1198 563 Quin
1235 495 1377 550 enim
1426 512 1528 549 una
1579 512 1705 550 cum
1765 497 1897 550 urbe
1951 512 2060 549 cre-

2175 499 2205 567 ή
2249 497 2679 568 πεπληθυσμένη
2721 495 2898 562 λαῶν;
2930 496 3170 566 ἄρχουσα
3197 497 3256 550 ἐν
3283 494 3489 568 χώραις
3520 498 3752 569 ἐγενήθη

486 598 687 644 matum
728 587 796 640 sit
828 585 1106 654 templmn,
1146 585 1288 640 nulla
1321 595 1405 639 est
1428 586 1717 640 dubitatio.
1753 587 1928 655 Atque
1957 590 2071 640 tuaac

482 680 588 734 illis
639 679 907 741 evenient,
939 677 1132 745 inquit,
1157 677 1281 746 quia
1313 676 1552 730 divinum
1596 676 1915 746 transgressi
1945 687 2071 731 Stlltl.

482 779 887 834 testamentum,
914 777 968 821 et
997 777 1186 821 contra
1223 767 1392 836 legem
1429 767 1496 821 de
1540 782 1641 836 qua
1675 767 1934 832 diximus,
1964 765 2070 820 im-

482 863 570 929 pie
631 870 876 931 egerunt.
941 859 1176 914 Omnino
1236 861 1378 914 enim
1459 874 1554 928 per
1611 859 2069 928 sapientissimum

481 953 700 1024 Moysen
739 954 996 1008 divinitus
1037 951 1196 1008 cﬂ'ata
1259 951 1700 1024 parviducentes,
1763 951 1926 1004 vitam
1974 967 2070 1021 pro

480 1049 702 1102 libidine
735 1062 830 1101 sua
864 1048 1172 1118 transigere
1215 1047 1586 1112 conabantur,
1619 1054 1672 1099 et
1718 1044 1879 1115 118
1909 1046 2070 1114 quili-

478 1141 572 1195 bet
618 1140 902 1193 arbitrium
958 1155 1115 1194 suum
1156 1149 1212 1194 et
1256 1140 1591 1210 religionem,
1635 1147 1691 1191 et
1731 1138 1899 1206 legem
1955 1138 2060 1193 sibi

479 1235 777 1288 statuebat.

552 1325 715 1379 Vens.
758 1324 813 1390 2,
843 1325 897 1382 5,
923 1323 1010 1377 Me
1048 1324 1374 1388 clamabunt,
1407 1325 1565 1388 Deus,
1591 1329 1925 1397 cognovimus
1955 1337 2004 1380 te
2045 1342 2064 1389 ;

477 1419 602 1487 quia
675 1416 845 1470 Israel
914 1418 1132 1487 projecit
1212 1419 1368 1482 bona,
1441 1419 1716 1472 inimicum
1806 1419 2066 1486 persecuti

477 1521 620 1564 sunt.

548 1600 834 1657 LXXXVI.
886 1600 1061 1670 Super
1107 1600 1380 1654 frumento
1423 1610 1477 1656 et
1539 1604 1668 1656 vino
1737 1604 1960 1668 concisi,
2012 1612 2066 1658 et

477 1695 771 1751 immundis
830 1694 1161 1748 danuonibus
1218 1693 1386 1748 festos
1433 1694 1555 1749 dies
1605 1707 1944 1766 peragentes,
1973 1696 2065 1764 qui

477 1789 736 1844 cordibus
775 1789 888 1841 suis
933 1787 999 1839 ad
1051 1787 1215 1839 Deum
1287 1802 1390 1840 non
1441 1787 1831 1851 clamaverunt,
1890 1803 2064 1859 neque

2172 591 2250 651 εἰς
2300 589 2485 660 φόρον.
2526 607 2544 640 ι
2580 589 2703 640 ’Ότι
2729 589 2837 658 γὰρ
2890 587 3238 658 συνεπρήσθη
3283 591 3350 660 τῇ
3399 588 3553 641 πόλει
3589 590 3683 643 καὶ
3727 592 3756 643 ὁ

2171 681 2319 745 ναὸς,
2352 680 2651 752 οὐδαμόθεν
2672 680 2995 751 ἀμφίλογον.
3028 679 3213 734 Ταῦτα
3246 679 3303 732 δὲ
3332 680 3516 743 αὐτοῖς
3543 679 3752 752 συμϐή-

2174 789 2344 836 σεται,
2383 774 2568 842 φησὶν,
2598 773 2680 825 ὅτι
2707 771 2806 841 τήν
2838 770 2987 823 θείαν
3018 769 3442 841 παραϐεϐήκασι
3467 769 3751 840 διαθήκην,

2170 865 2267 919 καὶ
2311 865 2587 936 ἠσέϐησαν
2631 867 2773 918 κατά
2815 865 2908 918 τοῦ
2949 863 3274 934 λαληθέντος
3311 864 3498 932 νόμου.
3547 863 3752 930 Ὀλίγου

2169 955 2278 1026 γὰρ
2308 955 2587 1020 παντελῶς
2626 955 2904 1021 ἀξιοῦντες
2929 956 3088 1024 λόγου
3131 955 3200 1009 τὰ
3231 955 3319 1009 διὰ
3342 955 3436 1008 τοῦ
3477 955 3752 1023 πανσόφου

2169 1047 2416 1111 Μωσέως
2444 1047 2873 1118 τεθεσπισμένα,
2899 1051 3012 1111 τοῖς
3059 1047 3210 1111 ἰδίοις
3249 1046 3518 1117 θελήμασι
3565 1045 3754 1116 διαζῇν

2169 1139 2522 1204 ἐσπούδαζον,
2565 1141 2660 1194 καὶ
2703 1141 2934 1204 ἕκαστος
2962 1141 3024 1194 τὸ
3071 1139 3282 1203 δοκοῦν,
3314 1138 3412 1191 καὶ
3457 1136 3756 1208 θρησκείας

2167 1236 2370 1306 τρόπον
2401 1234 2701 1300 ἐποιοῦντο,
2729 1236 2825 1288 καὶ
2861 1235 3044 1304 νόμον.

2253 1327 2390 1396 Ἐμὲ
2412 1327 2826 1394 κεκράξονται,
2855 1329 2886 1381 ό
2923 1326 3088 1393 Θεὸς,
3137 1325 3483 1397 ἐγνώκαμέν
3521 1339 3614 1377 σε’
3664 1322 3754 1378 ὅτι

2183 1418 2434 1487 Ἰσραὴλ
2486 1419 2910 1488 ἁπεστρέψατο
2951 1419 3166 1486 ἀγαθὰ,
3217 1416 3436 1486 ἐχθρὸν
3477 1413 3754 1469 κατεδίω-

2171 1510 2302 1575 ξαν.

2243 1602 2386 1666 Πςν.
2425 1600 2488 1652 Οἱ
2526 1601 2618 1653 ἐπὶ
2669 1600 2800 1670 σίτῳ
2843 1600 2937 1654 καὶ
2970 1599 3099 1670 οίνῳ
3137 1598 3626 1668 κατατεμνόμενοι,
3660 1597 3753 1649 καὶ

2168 1697 2280 1757 τοῖς
2306 1693 2636 1765 ἀκαθάρτοις
2656 1693 2876 1764 δαίμοσι
2906 1692 3189 1755 τελοῦντες
3209 1692 3306 1755 τὰς
3323 1691 3535 1761 ἑορτὰς,
3563 1691 3612 1742 οἱ
3634 1692 3754 1752 ταῖς

2170 1782 2382 1838 ἑαυτῶν
2409 1783 2656 1854 καρδίαις
2685 1783 2744 1835 οὐ
2782 1781 3106 1854 βεϐοηκότες
3133 1781 3272 1852 πρὸς
3298 1781 3452 1845 Θεὸν,
3481 1780 3602 1832 οὐδὲ
3646 1779 3752 1849 μὴν

477 1880 654 1933 imniis
701 1895 887 1933 eorum
942 1877 1318 1947 prosperitatis
1381 1878 1718 1949 largitorem,
1775 1889 1830 1934 et
1888 1891 2060 1935 custo-

2164 1875 2542 1942 ’ἐπεγνωκότες
2567 1874 2656 1927 τὸν
2685 1872 2865 1943 πάσης
2897 1872 3082 1935 αὐτοῖς
3123 1871 3378 1942 εὐθηνίας
3429 1871 3628 1940 δοτῆρα
3663 1870 3754 1922 καὶ

478 1975 601 2026 dem
652 1980 1045 2042 cognoverunt,
1076 1984 1252 2040 neque
1283 1970 1478 2026 debitis
1502 1988 1623 2026 eum
1667 1973 1856 2044 gratiis
1894 1974 2067 2027 hono-

476 2075 686 2129 rarunt,
723 2064 977 2134 quoniam
1011 2064 1064 2116 in
1093 2079 1273 2118 rerum
1312 2065 1679 2118 secundarum
1714 2066 2068 2136 amplitudine

474 2171 598 2209 eum
655 2157 982 2221 nescierunt,
1031 2155 1222 2210 saltem
1273 2156 1466 2222 scient,
1498 2156 1587 2210 ubi
1642 2172 1762 2222 quae
1811 2173 1904 2212 eos
1956 2173 2070 2211 ma-

473 2254 604 2299 nent
633 2245 944 2315 patientur;
984 2254 1036 2299 et
1061 2260 1182 2300 cum
1203 2246 1255 2298 in
1284 2245 1518 2301 infelicis
1547 2247 1759 2301 consilii
1796 2248 1877 2301 sui
1917 2263 2069 2302 acer-

471 2338 601 2393 bum
656 2346 712 2392 et
761 2337 1120 2392 aversaudum
1168 2338 1327 2392 ﬁnem
1361 2340 1699 2403 devenerint,
1732 2339 2069 2406 clamabunt,

473 2435 530 2482 et
558 2427 649 2482 vix
707 2427 921 2481 tandem
962 2427 1290 2482 invocabunt
1332 2444 1437 2495 me,
1480 2429 1840 2485 horribilibus
1889 2440 1945 2485 et
1991 2441 2069 2487 te-

475 2519 714 2574 terrimis
766 2519 1167 2574 calamitatibus
1202 2521 1468 2590 oppressi.
1510 2522 1588 2576 Ac
1638 2523 1786 2577 velut
1815 2525 2070 2579 consilia-

472 2611 552 2665 ria
597 2613 766 2665 ascita
811 2613 1124 2666 eorumdem
1177 2613 1441 2666 malorum
1503 2615 1867 2683 experientia,
1939 2626 2067 2671 tunc

469 2702 755 2757 stultitiam
779 2717 931 2759 suam
949 2706 1307 2768 accusabunt,
1342 2704 1468 2758 illud
1508 2705 1736 2760 forsitan
1789 2707 2065 2763 dicentes:

475 2813 496 2846 ι
526 2793 942 2864 lsraelprojecit
990 2797 1151 2850 bona.
1178 2817 1196 2848 ι
1229 2795 1366 2850 Cum
1422 2799 1566 2850 enim
1630 2797 1819 2853 liceret
1865 2814 1928 2853 ea
1971 2800 2069 2854 ha-

474 2889 626 2951 bere,
661 2887 824 2956 idque
865 2886 1096 2952 affatim,
1140 2903 1262 2941 cum
1331 2888 1442 2942 Deo
1497 2889 1886 2957 constabilitas,
1919 2901 1972 2946 ct
2016 2892 2065 2947 ei

471 2977 666 3046 placita
707 2978 760 3031 in
809 2993 945 3048 opus
977 2978 1230 3033 conferre
1261 2981 1463 3046 enisos,
1491 2997 1512 3030 ι
1549 2980 1827 3036 inimicum
1884 2997 2065 3052 perse-

470 3070 582 3124 cuti
617 3079 783 3135 sunt,
815 3089 834 3121 ι
877 3070 981 3125 hoc
1051 3079 1155 3136 est,
1193 3079 1401 3124 tantum
1460 3087 1566 3125 non
1628 3082 1820 3146 sponte
1855 3089 1950 3128 sua
1999 3074 2065 3128 ad

471 3163 724 3216 inimicos
787 3172 1183 3226 cucurrerunt,
1238 3173 1292 3217 et
1340 3164 1438 3216 sub
1505 3173 1829 3231 potestatem
1895 3165 2060 3219 Deum

473 3254 780 3308 odientium
822 3253 1030 3308 redacti
1052 3263 1200 3320 sunt,
1231 3269 1445 3323 semper
1476 3264 1716 3309 tuentem
1740 3255 2060 3310 ctadversa—

471 3347 574 3402 riis
625 3345 958 3400 valentiores
1012 3345 1356 3408 reddentem,
1389 3362 1620 3415 quorum
1665 3347 2062 3403 defectionibus

471 3440 650 3494 fuerat
681 3439 944 3494 irritatus.
972 3437 1442 3509 Sapientissimum
1472 3438 1636 3508 igitur
1661 3454 1893 3508 vereque
1931 3440 2062 3495 utile

470 3531 675 3588 factum
737 3531 1000 3586 malorum
1063 3530 1457 3600 eXperientiam
1523 3545 1629 3585 non
1694 3541 2058 3600 exspectare;

471 3625 565 3677 sed
610 3622 787 3678 adhuc
825 3622 1104 3676 absentem
1152 3621 1437 3690 repudiare
1473 3630 1526 3674 et
1561 3623 1798 3677 aversari
1859 3624 2057 3693 potius,

469 3727 524 3771 ct
559 3715 950 3770 antevertendo
981 3713 1050 3768 ad
1083 3712 1449 3770 conducibilia
1517 3714 1890 3784 perspicienda
1927 3730 2059 3769 cou-

469 3809 711 3862 tendere.

543 3897 709 3954 Vans.
748 3897 800 3952 4.
827 3896 1186 3964 Sibimetipsis
1218 3905 1589 3967 regnaverunt,
1625 3906 1672 3949 et
1702 3913 1805 3950 non
1851 3913 1943 3964 per
1980 3913 2061 3951 me

466 3993 729 4063 principes
764 3992 1094 4051 exstiterunt,
1133 3998 1182 4042 et
1218 4005 1324 4042 non
1359 3989 1722 4042 indicaverunt
1763 3989 1911 4041 mihi.
1963 3990 2061 4042 Ar-

465 4094 679 4153 gentum
706 4100 860 4138 suum
906 4094 955 4137 et
989 4098 1180 4136 aurum
1231 4097 1387 4135 suum
1447 4081 1677 4148 fecerunt
1727 4082 1826 4135 sibi
1890 4082 2056 4149 idola,

468 4184 526 4228 ut
581 4175 900 4235 dispereunt.

540 4264 850 4320 LXXXVII.
905 4262 1019 4318 Non
1058 4264 1307 4335 agnoscit
1356 4279 1584 4334 regnum
1616 4273 1672 4318 et
1712 4261 2053 4332 Jeroboami,

467 4369 522 4413 et
558 4359 888 4429 reliquorum
940 4358 1197 4426 deinceps
1234 4371 1420 4425 regum
1473 4357 1635 4411 Israel
1666 4357 1718 4411 in
1769 4357 2013 4412 Samaria
2039 4398 2054 4423 ,

468 4449 718 4518 quatuv‘s
757 4449 869 4517 ipse
903 4461 1160 4518 expresse
1209 4446 1432 4511 dixerit,
1463 4464 1482 4497 ι
1510 4461 1537 4498 a
1574 4462 1659 4500 me
1701 4445 1906 4501 factum
1974 4457 2057 4502 est

2171 1965 2458 2037 πρύτανιν,
2499 1965 2613 2018 ἀλλ’
2650 1965 2771 2017 οὐδέ
2799 1967 2922 2028 ταῖς
2966 1964 3340 2035 καθηκούσαις
3383 1961 3754 2032 εὐχαριστίαις

2169 2058 2544 2128 τετιμηκότες,
2578 2058 2877 2128 ἐπειδήπερ
2903 2059 2961 2110 ἐν
2987 2057 3064 2127 τῷ
3107 2055 3299 2110 πλάτει
3325 2058 3424 2126 τῆς
3451 2053 3752 2124 εὐημερίας

2168 2150 2501 2218 ἠγνοήκασιν
2534 2147 2714 2210 αὐτὸν,
2751 2148 2865 2200 ἀλλ’
2896 2142 2988 2201 οῦν
3019 2144 3256 2199 εἴσονται
3299 2144 3561 2206 παθόντες
3584 2142 3620 2196 ἃ
3650 2142 3749 2204 δεῖ,

2169 2241 2263 2291 καὶ
2288 2240 2386 2308 τῆς
2418 2238 2624 2292 ἑαυτῶν
2660 2237 2981 2301 δυσϐουλίας
3008 2241 3086 2302 είς
3133 2235 3328 2307 πικρόν
3357 2251 3414 2287 τε
3445 2235 3539 2288 καὶ
3578 2234 3750 2287 ἀπευ-

2169 2332 2296 2384 κτὸν
2334 2332 2688 2403 καταίροντες
2725 2331 2899 2399 τέλος,
2946 2330 3325 2402 κεκράξονται,
3371 2329 3464 2382 καὶ
3498 2325 3750 2380 ἐπικαλέ-

2171 2441 2353 2477 σονται
2407 2425 2583 2495 μόλις,
2618 2425 2819 2489 δειναῖς
2866 2442 2926 2478 τε
2981 2425 3074 2478 καὶ
3111 2423 3433 2493 ἀνηκέστοις
3478 2417 3751 2490 ἐνολισθή-

2171 2533 2362 2580 σαντες
2399 2520 2729 2588 συμφοραῖς.
2772 2516 3082 2586 Σύμϐουλον
3116 2515 3172 2569 δὲ
3215 2513 3404 2584 ὥσπερ
3433 2511 3533 2583 τήν
3571 2510 3749 2564 αὐτῶν

2167 2609 2275 2662 τῶν
2313 2608 2504 2662 δεινῶν
2554 2610 2839 2680 δεξάμενοι
2888 2611 3104 2679 πεῖραν,
3149 2607 3588 2679 κατηγορήσουσι
3632 2603 3750 2656 τότε

2167 2701 2267 2771 τῆς
2290 2699 2498 2754 ἑαυτῶν
2530 2701 2805 2772 εὐηθείας,
2841 2701 3015 2755 ἐκεῖνό
3043 2718 3143 2754 που
3171 2700 3443 2770 λέγοντες,
3473 2717 3491 2749 ι
3535 2695 3750 2768 Ἰσραὴλ

2168 2795 2548 2865 ἀπεστρέψατο
2593 2795 2792 2862 ἀγαθά,
2842 2815 2859 2846 ι
2913 2793 3060 2858 Ἐξὸν
3111 2793 3222 2864 γὰρ
3255 2792 3400 2864 ἔχειν
3443 2791 3600 2855 αὐτὰ,
3656 2788 3749 2842 καὶ

2166 2885 2325 2938 τοῦτο
2365 2885 2656 2950 πλουσίως,
2704 2885 3130 2957 ἐρηρεισμένους
3186 2883 3324 2955 μετὰ
3357 2882 3514 2948 Θεοῦ,
3546 2881 3640 2935 καὶ
3680 2881 3750 2934 τὰ

2167 2978 2315 3049 αὐτῷ
2335 2978 2595 3032 δοκοῦντα
2619 2979 2987 3049 διαπεραίνειν
3013 2973 3071 3032 εὖ
3101 2977 3246 3048 μάλα
3267 2975 3745 3040 διεσπουδακότας,

2173 3051 2440 3139 (Ἐχθρὸν
2469 3069 2856 3135 κατεδίωξαν,ι
2883 3069 3148 3133 τουτέστι,
3172 3069 3453 3140 μονονουχὶ
3481 3069 3572 3120 καὶ
3597 3067 3749 3119 ἐκόν-

2167 3178 2259 3224 τες
2291 3161 2444 3214 αὐτοὶ
2472 3161 2847 3234 δεδραμήκασι
2882 3163 3018 3234 πρὸς
3055 3163 3302 3235 ἐχθροὺς,
3334 3163 3426 3216 καὶ
3450 3161 3554 3214 ὑπὸ
3589 3164 3749 3234 χεῖρα

2165 3255 2422 3324 γεγόνασι
2470 3257 2579 3310 τῶν
2626 3259 3033 3330 μεμισηκὸτων,
3071 3260 3162 3313 τὸν
3195 3261 3283 3315 ἀεὶ
3324 3259 3563 3325 σώζοντα
3592 3259 3744 3322 Θεὸν,

2163 3351 2256 3403 καὶ
2285 3351 2543 3419 ἀμείνους
2586 3351 2804 3404 τιθέντα
2830 3351 2939 3405 τῶν
2982 3351 3414 3424 ἀνθεστηκότων,
3447 3355 3568 3415 ταῖς
3612 3353 3749 3404 ἀπο·

2165 3444 2412 3506 στασίαις
2440 3443 2828 3516 λελυπηκότες.
2887 3445 3171 3514 Πάνσοφον
3208 3441 3300 3499 οῦν
3339 3446 3447 3517 ἄρα
3485 3445 3580 3499 καὶ
3618 3445 3744 3515 ὀνη-

2165 3535 2383 3606 σιφόρον
2402 3535 2640 3605 ἀληθῶς,
2665 3538 2726 3590 τὸ
2751 3537 2826 3608 μὴ
2844 3535 2940 3608 τὴν
2961 3537 3068 3591 τῶν
3089 3537 3276 3591 δεινῶν
3294 3535 3606 3608 ἐκδέχεσθαι
3638 3538 3770 3590 πεί-“

2166 3644 2294 3697 ραν·
2321 3627 2709 3699 παραιτεῖσθαι
2753 3628 2810 3682 δὲ
2857 3629 3058 3700 μᾶλλον
3100 3629 3345 3682 ἀποῦσαν
3373 3628 3476 3692 ἔτι,
3517 3629 3610 3682 καὶ
3640 3627 3748 3698 πρὸ

2162 3719 2330 3790 αὐτῆς
2366 3719 2684 3788 ἐπείγεσθαι
2723 3721 3017 3792 καταθρείν
3049 3721 3109 3773 τὸ
3146 3720 3445 3793 συμφέρον.

2243 3893 2515 3962 Ἐαυτοῖς
2543 3895 2970 3961 ἐϐασίλευσαν,
3006 3896 3102 3949 καὶ
3135 3897 3207 3950 οὐ
3251 3895 3324 3951 δι’
3354 3896 3500 3965 ἐμοῦ
3528 3892 3743 3966 ἦρξαν,

2161 3986 2261 4039 καὶ
2291 3988 2402 4040 οὐκ
2435 3985 2770 4056 ἐγνιῖξρισάν
2798 4005 2922 4056 μοι.
2982 3987 3050 4040 Τὸ
3101 3987 3384 4056 ἀργύριον
3422 3985 3622 4040 αὐτῶν
3646 3986 3745 4040 καὶ

2159 4079 2226 4131 τὸ
2258 4080 2517 4148 χρυσίον
2535 4078 2734 4134 αὐτῶν
2757 4079 3055 4148 ἐποίησαν
3083 4079 3289 4144 αὐτοῖς
3318 4077 3556 4141 εἴδωλα,
3585 4078 3745 4143 ὅπως

2161 4170 2697 4238 ἑξολοθρευθῶσιν.

2231 4265 2354 4318 IlZ'.
2403 4265 2672 4334 Ἀρνεῖται
2718 4265 2817 4338 τὴν
2865 4263 3144 4335 βασιλείαν
3194 4264 3295 4332 τήν
3337 4280 3394 4316 τε
3439 4262 3533 4315 τοῦ
3573 4262 3742 4333 Ἰερο-

2159 4355 2326 4427 6οάμ,
2345 4356 2559 4410 καὶτῶν
2575 4357 2811 4429 καθεξῆς
2826 4357 3289 4430 βεϐασιλευκότων
3306 4357 3398 4410 ἐπὶ
3411 4355 3501 4410 τὸν
3525 4355 3743 4427 Ἰσραήλ

2159 4450 2217 4502 ἐν
2258 4451 2323 4520 τῇ
2371 4450 2675 4522 Σαμαρείᾳ,
2731 4451 2905 4504 καίτοι
2933 4450 3228 4524 διαρρήδην
3262 4449 3424 4512 αὐτὸς
3477 4446 3738 4520 είρηκὼς,

468 4546 692 4596 verbum
730 4542 832 4596 hoc
867 4542 969 4606 “,p
1019 4551 1075 4596 et
1105 4541 1341 4594 minatus
1367 4540 1438 4595 sit
1475 4540 1752 4595 Salomoni
1791 4539 1914 4610 ipsi,
1962 4540 2052 4610 qui

2164 4539 2242 4592 ὅτι
2278 4559 2297 4591 ‹
2338 4541 2476 4612 Παρ’
2509 4541 2643 4610 ἐμοῦ
2676 4541 2866 4610 γέγονε
2892 4542 2951 4596 τὸ
2975 4543 3126 4614 ῥῆμα
3154 4541 3340 4594 τοῦτο·
3381 4559 3398 4591 ι
3437 4539 3740 4609 ἀπειλήσας

485 4632 808 4702 alienigenis
858 4631 1177 4685 mulieribus
1203 4630 1516 4693 obsecutus,
1544 4629 1800 4698 templum
1831 4639 1884 4684 et
1930 4645 2054 4686 aras

469 4725 686 4779 illarum
737 4724 1046 4778 numinibus
1072 4731 1470 4787 construxerat,
1524 4722 1610 4777 his
1639 4723 1820 4778 verbis
1851 4739 1866 4776 :
1901 4741 1921 4776 ι
1956 4725 2046 4778 Di-

469 4817 711 4872 scindam
759 4829 982 4886 regnum
1011 4825 1184 4878 tuum,
1219 4823 1273 4868 et
1299 4815 1439 4870 dabo
1478 4814 1604 4869 illud
1639 4831 1796 4870 servo
1838 4817 2044 4873 tuo".»

468 4909 610 4978 Quid
656 4909 900 4964 dicemus
949 4906 1160 4978 igitur?
1208 4905 1552 4976 falsiloquum
1606 4921 1728 4962 esse
1771 4908 2055 4964 universo-

469 5017 589 5056 rum
620 4999 830 5054 Deum?
860 4999 1032 5054 absit!
1067 4999 1248 5068 potius
1270 5000 1336 5052 ad
1363 5007 1561 5053 rectam
1586 4998 1856 5054 dictorum
1894 5001 2052 5056 intel-

468 5095 744 5165 ligentiam
799 5107 897 5147 nos
930 5091 1197 5154 dabimus,
1231 5092 1534 5162 cogitantes
1580 5090 1732 5144 illud.
1771 5089 2044 5161 Scriptum

468 5199 554 5242 est
571 5189 649 5239 ἐς
677 5186 828 5240 «Non
847 5184 1146 5241 estmalum
1174 5185 1226 5239 in
1252 5187 1487 5249 civitate,
1509 5186 1650 5252 quod
1670 5199 1776 5238 non
1796 5184 1918 5239 fecit
1945 5186 2046 5240 Dn-

470 5281 670 5333 Ininus.
704 5293 726 5327 ι
747 5276 944 5331 Malum
973 5276 1207 5346 appellat
1227 5273 1592 5330 alﬂictiouem.
1622 5274 1730 5328 Res
1758 5278 1899 5328 enim
1919 5275 2052 5330 alias

470 5373 584 5439 ipse
602 5386 696 5424 sua
721 5369 993 5425 sententia
1012 5384 1074 5422 ac
1100 5367 1379 5422 voluntate
1405 5367 1537 5421 facit
1563 5381 1578 5419 :
1609 5366 1770 5437 119
1784 5367 1917 5422 alias
1934 5367 2048 5422 fieri

471 5465 754 5533 permittit,
782 5474 840 5517 ut
893 5465 1083 5534 puniat
1117 5460 1402 5532 quosdam,
1431 5465 1648 5516 tametsi
1682 5464 1817 5516 citra
1870 5461 2052 5514 volun-

471 5565 634 5609 tatem
685 5557 800 5626 ejus
835 5560 981 5612 liant.
1023 5555 1159 5623 Quia
1196 5571 1326 5609 vero
1373 5571 1495 5609 cum
1543 5555 1830 5624 prohibere
1860 5556 2048 5624 possit,

466 5645 1292 5718 sinitquidpiamdispensatorie
1319 5661 1691 5716 saepenumero
1715 5645 1852 5710 ﬁeri,
1887 5647 2051 5700 etiam

539 5833 585 5864 “
610 5828 808 5886 Tltren.
853 5847 892 5896 ι,
919 5831 969 5884 1.
1045 5830 1089 5862 ¹¹
1119 5827 1180 5884 111
1214 5829 1347 5900 Reg.
1379 5845 1472 5896 Ml,
1503 5829 1591 5883 30.

1671 5829 1716 5861 "
1748 5827 1809 5883 111
1849 5829 1980 5900 Reg.
2010 5846 2116 5894 xiv,
2157 5830 2209 5884 8.

2157 4629 2215 4682 δὲ
2247 4631 2344 4683 καὶ
2368 4628 2515 4699 αὐτῷ
2544 4629 2816 4701 Σολομῶνι
2847 4632 2968 4692 ταῖς
2990 4630 3100 4682 τῶν
3128 4629 3440 4699 ἀλλοφύλων
3467 4628 3740 4698 γυναικῶν

2153 4722 2582 4792 ἀκολουθήσαντι
2638 4723 2906 4794 γνώμαις,
2959 4723 3054 4776 καὶ
3105 4724 3306 4794 τεμένη
3367 4724 3463 4777 καὶ
3524 4723 3740 4794 βωμοὺς

2152 4819 2264 4878 τοῖς
2308 4815 2533 4870 ἐκείνων
2583 4815 2922 4886 σεϐάσμασιν
2969 4815 3360 4880 ἀνατεθεικότι,
3414 4817 3496 4868 ὅτι
3530 4834 3548 4866 ι
3585 4817 3742 4886 Διαῤ-

2155 4907 2304 4977 ῥήξω
2346 4908 2446 4977 τὴν
2479 4907 2756 4978 βασιλείαν
2797 4925 2912 4972 σου,
2941 4911 3033 4963 καὶ
3065 4908 3224 4962 δώσω
3264 4908 3433 4980 αὐτὴν
3465 4908 3543 4978 τῷ
3570 4908 3743 4979 δούλῳ

2155 5018 2270 5054 σου.
2303 5020 2321 5052 ι
2354 5002 2421 5053 Τί
2447 4997 2539 5056 οὖν
2561 5002 2828 5074 ἐροῦμεν;
2858 5002 3131 5074 ψευδοεπῆ
3159 5002 3249 5055 τὸν
3271 5001 3379 5056 τῶν
3400 5002 3538 5055 ὅλων
3567 5001 3699 5053 Θεόν
3726 5021 3739 5065 ;

2153 5092 2244 5162 Μὴ
2276 5093 2516 5160 γένοιτο·
2549 5092 2931 5164 τετραψόμεθα
2963 5093 3020 5146 δὲ
3069 5093 3270 5162 μᾶλλον
3297 5093 3392 5144 ἐπὶ
3435 5091 3496 5144 τὸ
3542 5093 3741 5163 χρῆναι

2154 5187 2371 5256 φρονεῖν
2433 5185 2630 5257 ὀρθῶς,
2693 5185 3074 5258 περινοοῦντες
3130 5186 3325 5239 ἐκεῖνο.
3383 5185 3738 5254 Γέγραπται,

2156 5295 2174 5328 ι
2210 5277 2302 5346 Μή
2335 5279 2450 5330 ἐστι
2475 5278 2643 5330 κακία
2673 5279 2731 5330 ἐν
2757 5278 2929 5340 πόλει,
2962 5279 3028 5349 ἦν
3055 5276 3259 5348 Κύριος
3285 5278 3384 5330 οὐκ
3415 5277 3674 5348 ἐποίησε;
3718 5296 3735 5327 ι

2150 5369 2364 5422 Κακίαν
2380 5369 2437 5423 δὲ
2461 5371 2611 5439 λέγει
2637 5370 2732 5441 τὴν
2765 5372 3028 5425 κάκωσιν.
3056 5371 3136 5424 Τὰ
3165 5371 3263 5442 μὲν
3291 5371 3398 5442 γὰρ
3425 5369 3532 5422 τῶν
3562 5386 3716 5438 πραγ

2156 5463 2342 5533 μάτων
2372 5463 2534 5527 αὐτὸς
2570 5466 2690 5517 κατ’
2719 5463 2856 5518 ἰδίαν
2882 5464 3177 5535 ἐργάζεται
3207 5461 3452 5534 γνώμην,
3475 5462 3544 5515 τὰ
3565 5461 3621 5514 δὲ
3646 5463 3739 5514 καὶ

2152 5556 2397 5624 γίνεσθαι
2434 5559 2728 5628 συγχωρεῖ,
2763 5557 3007 5619 κολάζων
3036 5556 3210 5622 τινὰς,
3247 5556 3350 5610 κάν
3373 5558 3420 5608 εί
3450 5552 3740 5625 πράττοιτό

2152 5665 2271 5712 πως
2304 5648 2644 5718 ἀνεθελήτως
2677 5650 2848 5722 αὐτῷ.
2895 5651 3114 5721 Ἐπειδὴ
3151 5650 3209 5704 δὲ
3239 5649 3469 5705 κωλύειν
3507 5646 3740 5718 δυνάμε-

2289 5832 2333 5864 ²⁶
2360 5830 2528 5886 Amos
2553 5845 2636 5897 ιιι,
2672 5829 2724 5883 6.
