4110 6368
395 355 489 410 201

1313 349 1865 409 LOMMENTARIUS
1905 347 1969 404 IN
1996 347 2228 405 OSEAM
2266 346 2708 404 PROPHETAM.

3536 352 3640 406 eos

397 485 506 532 νος,
532 467 716 538 ὲφίησί
760 485 815 520 τι
863 467 960 522 καὶ
993 465 1238 536 γίνεσθαι
1285 467 1544 531 πολλάκις
1594 467 1971 539 οἰκονομικῶς,

2082 466 2193 520 haec
2251 465 2502 533 operari,
2561 478 2856 534 eorumque
2916 473 3104 519 auctor
3162 463 3378 520 dicitur.
3444 464 3642 539 Exem-

396 559 471 621 ὡς
492 559 654 621 αὐτὸς
682 559 944 629 ὑπάρχων
976 557 1213 628 ἐργάτης
1239 558 1333 610 καὶ
1356 557 1561 611 τούτων
1582 558 1816 626 λέγεται.
1844 552 1968 610 Οἷον

400 650 507 721 (ἐπ’
550 649 714 703 αὐτὸν
741 649 849 720 γάρ
896 649 996 719 ἤδη
1038 648 1127 700 τὸν
1171 648 1461 718 Σολομῶνα
1491 648 1840 718 βαδιούμεθα)
1886 648 1972 700 δὲ-

395 738 535 790 δωκε
568 738 666 808 μὲν
695 737 802 807 γὰρ
817 736 966 806 αὐτῷ
1007 737 1099 789 τὸν
1138 738 1202 790 ὲκ
1249 737 1410 790 λίθων
1436 739 1492 791 ὲν
1529 740 1640 800 τοῖς
1681 735 1973 808 Ἱεροσολύο

399 847 523 900 μοις
575 829 966 899 ἀναδείμασθαι
1023 829 1169 892 ναὸν,
1222 829 1385 898 σοφὸν
1426 829 1698 891 ἀπετέλει,
1741 828 1832 879 καὶ
1883 827 1969 877 ἐπ’

395 922 712 992 ἀσυγκρίτῳ
753 920 965 973 συνέσει
999 921 1297 992 διαπρεπῆ.
1336 921 1536 994 Ἔργον
1573 919 1730 972 τοῦτο
1752 919 1850 988 τῆς
1875 919 1972 971 αύ-

398 1007 494 1060 τοῦ
523 1009 766 1079 γνώμης.
802 1008 1231 1079 Συγκεχώρηκεν
1266 1009 1430 1062 αὐτοῦ
1475 1010 1705 1080 ῥαγῆναι
1744 1009 1842 1078 τὴν
1873 1007 1970 1078 βαο

403 1100 623 1163 σιλείαν,
654 1101 751 1152 οὑκ
775 1101 936 1164 αὐτὸς
965 1102 1044 1164 εἰς
1075 1100 1233 1154 τοῦτο
1259 1101 1399 1154 κατά
1424 1099 1648 1170 γνώμην
1682 1101 1816 1153 ἰδίαν
1838 1101 1973 1152 ἀπο-

401 1194 581 1264 φέρων
625 1193 692 1245 τά
743 1192 1066 1264 πράγματα,
1116 1193 1340 1246 σιωπῶν
1385 1193 1441 1246 δὲ
1485 1193 1693 1264 ὥσπερ,
1744 1195 1837 1246 καὶ
1882 1192 1972 1246 ἐπὶ

398 1290 509 1348 τοῖς
537 1285 878 1356 ἀϐουλήτοις,
911 1285 997 1340 διά
1043 1285 1143 1358 τὴν
1195 1287 1330 1358 πρὸς
1375 1286 1537 1339 αὐτὸν
1579 1287 1970 1356 ἀγανάκτησιν.

400 1379 610 1432 Οὐκοῦν
639 1381 687 1431 εἰ
718 1379 812 1432 καὶ
841 1378 1227 1449 βεϐασίλευκεν
1265 1379 1572 1451 Ἱεροϐοάμ,
1615 1380 1708 1432 καί⁵
1753 1379 1802 1430 οἰ
1841 1375 1974 1429 καθ-

399 1471 546 1541 εξῆς,
571 1470 688 1524 ἀλλ’
717 1472 838 1541 οὐχὶ
873 1471 930 1523 δὲ
954 1471 1171 1535 πάντως
1199 1471 1333 1526 Θεοῦ
1369 1472 1730 1532 συννεύοντος.
1762 1470 1842 1522 Τά
1867 1469 1974 1539 γὰρ

399 1562 459 1628 ἐξ
483 1563 651 1634 ὀργῆς
678 1563 778 1633 τῆς
801 1562 940 1634 πρός
963 1580 1114 1626 τινας
1161 1563 1236 1626 ὡς
1265 1565 1321 1616 ὲν
1347 1563 1566 1616 κολάσει
1587 1560 1972 1632 συμϐαίνοντα,

399 1656 598 1726 τρόπον
623 1655 810 1727 ἕτερον
839 1655 973 1726 ἔχει,
1008 1656 1102 1709 καὶ
1125 1655 1224 1708 οὐκ
1251 1655 1316 1708 ἂν
1346 1656 1516 1708 νοοῖτο
1537 1652 1761 1707 τοιαῦτα
1789 1649 1972 1720 τυχὸν,

398 1749 558 1801 ὁποῖά
585 1765 687 1819 περ
709 1749 776 1801 ἂν
805 1748 888 1818 εἴη
918 1747 985 1800 τὰ
1004 1746 1147 1800 κατὰ
1176 1744 1431 1816 βούλησιν
1454 1744 1690 1810 ἀληθῶς.
1733 1742 1975 1803 Ἐαυτοῖς

2072 557 2142 627 pli
2172 572 2332 612 causa
2359 557 2463 628 (ιιι
2493 558 2559 611 ad
2591 557 2934 611 Salomonem
2969 557 3249 612 veniamus
3282 556 3472 629 )dedit
3525 537 3601 612 illi
3623 599 3639 624 ,

2071 649 2136 703 de
2155 647 2686 718 lapidibustemplum
2716 646 3102 719 Hierosolymis
3127 650 3404 716 excitare;
3436 648 3643 717 sapien-

2074 740 2144 792 tia
2189 737 2640 806 perfectissimum
2700 748 2755 792 et
2795 739 3218 808 incomparabili
3287 739 3640 809 intelligentia

2071 831 2414 899 conspicuum
2473 828 2722 884 reddidit.
2759 828 2904 898 Opus
2941 829 3043 884 hoc
3093 828 3194 884 fuit
3225 829 3517 884 voluntatis
3560 831 3641 898 ip-

2073 919 2204 973 sius.
2259 918 2509 973 Permisit
2552 919 2668 989 ejus
2717 935 2938 988 regnum
2985 920 3178 984 scindi,
3227 935 3330 974 non
3379 920 3492 989 ipse
3534 920 3640 974 huc

2072 1008 2342 1064 voluntate
2393 1026 2485 1062 sua
2521 1026 2630 1064 rem
2665 1013 2982 1080 perducens,
3009 1013 3098 1064 sed
3125 1021 3342 1081 prepter
3392 1010 3639 1079 indigna-

2072 1101 2272 1153 tionem
2323 1102 2581 1155 adversus
2615 1103 2809 1172 ipsum,
2837 1105 2992 1170 quasi
3042 1118 3203 1172 super
3268 1103 3641 1155 involuutariis

2076 1199 2278 1244 tacens.
2335 1189 2693 1256 Quamobrem
2742 1193 2843 1245 etsi
2903 1200 3193 1262 regnarunt
3246 1191 3532 1245 Jcroboain
3587 1200 3641 1244 et

2074 1295 2413 1337 successores
2450 1281 2584 1349 ejus,
2625 1299 2731 1337 non
2757 1291 2935 1337 tamen
2957 1282 3065 1336 Deo
3095 1284 3252 1352 plane
3308 1283 3641 1353 approbante

2076 1382 2380 1442 regnarunt.
2408 1373 2535 1439 Quae
2565 1374 2709 1427 enim
2747 1389 2812 1427 ex
2843 1373 2921 1426 ira
2969 1373 3255 1426 adversum
3292 1375 3500 1443 aliquos
3523 1374 3640 1427 loco

2073 1480 2246 1534 poma:
2291 1465 2628 1534 contingunt,
2663 1464 2820 1517 aliam
2856 1464 3117 1518 rationem
3159 1465 3374 1527 habent,
3403 1481 3501 1518 nec
3526 1479 3643 1534 pos-

2076 1563 2200 1608 sunt
2253 1553 2391 1608 forte
2437 1556 2561 1607 talia
2614 1553 2857 1624 intelligi,
2894 1554 3075 1622 qualia
3128 1569 3246 1622 qua:
3279 1569 3401 1608 vere
3451 1569 3641 1608 secun-

2077 1644 2202 1699 dum
2247 1644 2573 1698 voluntatem
2623 1644 2776 1698 fiunt.
2806 1644 3167 1714 Sibimetipsis
3196 1643 3377 1712 igitur,
3409 1659 3510 1697 nou
3547 1658 3644 1710 per

2077 1749 2163 1789 me
2219 1744 2526 1806 regnarunt.
2577 1735 2869 1804 Postquam
2931 1745 3113 1788 autem
3167 1735 3433 1804 principes
3477 1735 3643 1787 exsti-

397 1838 686 1910 τοιγαροῦν
719 1837 1156 1907 βεϐασιλεύκασι,
1192 1837 1284 1890 καὶ
1314 1838 1374 1890 ού
1401 1837 1469 1889 δι’
1495 1835 1649 1905 ἐμοῦ.
1685 1831 1900 1903 Ἐπειδὴ
1920 1831 1976 1884 δὲ

2082 1833 2278 1888 terunt,
2307 1834 2509 1878 tantum
2541 1841 2646 1879 non
2673 1827 2945 1880 nesciente
2974 1825 3082 1879 Deo
3114 1831 3130 1894 (
3157 1827 3307 1894 quod
3340 1826 3482 1880 enim
3509 1841 3643 1894 prie-

404 1927 601 2000 ἦρξαν,
623 1929 906 2000 μονονουχὶ
937 1930 1070 2002 μηδὲ
1104 1929 1400 1998 ἐγνωκότος
1421 1927 1554 1981 Θεοῦ
1581 1926 1661 1997 (τὸ
1688 1925 1795 1996 γὰρ
1828 1922 1978 1994 παρά

401 2020 628 2092 γνώμην
681 2020 803 2072 οὐδὲ
849 2019 1047 2072 εἰδέναι
1093 2019 1280 2089 δοκεῖ),
1336 2019 1559 2088 γέγονεν
1602 2016 1831 2086 ἀσθενὴς
1887 2013 1980 2067 καὶ

401 2115 672 2177 εὐάλωτος
700 2115 732 2184 ἡ
772 2114 936 2185 ἀρχὴ,
989 2113 1081 2166 καὶ
1113 2114 1382 2175 ἀνικάνως
1417 2110 1611 2181 ἔχουσα
1659 2108 1796 2178 πρὸς
1830 2106 1977 2160 ἀντί-

403 2222 612 2270 στασιν,
647 2207 741 2260 καὶ
792 2203 1077 2280 διασῴζειν
1115 2204 1213 2274 οὐχ
1238 2199 1328 2256 οἷά
1371 2219 1430 2254 τε
1469 2201 1594 2264 τοὺς
1637 2195 1976 2268 ὑπεζευγμέ-

401 2313 546 2359 νους.
581 2312 600 2347 ι
632 2295 710 2348 Δι’
740 2295 904 2348 αὐτοῦ
939 2295 1047 2367 γὰρ
1084 2293 1321 2364 βασιλεῖς
1367 2292 1727 2363 βασιλεύουσι,
1765 2289 1858 2343 καὶ
1886 2287 1978 2341 τύ·-

403 2405 587 2460 ραννοι
642 2387 901 2460 κρατοῦσι
943 2389 1066 2457 γῆς.
1107 2405 1125 2438 ι
1161 2387 1280 2438 Ὅτι
1335 2384 1390 2436 δὲ
1430 2383 1626 2453 πολλὴν
1669 2383 1758 2433 ὲπι
1803 2383 1976 2449 τούτῳ

403 2480 647 2532 νοσοῦσιν
696 2480 1074 2549 ἀναισθησίαν,
1123 2478 1216 2530 καὶ
1266 2480 1376 2540 τοῖς
1406 2475 1604 2528 δοθεῖσι
1650 2473 1799 2543 παρά
1841 2472 1975 2526 Θεοῦ

404 2573 542 2643 πρὸς
586 2571 682 2642 τὴν
733 2572 856 2625 κατ’
883 2571 1047 2624 αὑτοῦ
1093 2571 1270 2641 λύπην
1304 2569 1623 2640 ἐχρήσαντο,
1682 2567 1880 2637 μᾶλλον
1920 2565 1978 2618 δὲ

405 2665 500 2717 καὶ¹
545 2665 624 2728 εἰς
662 2663 878 2735 δλεθρον
922 2663 1029 2715 τῶν
1085 2661 1229 2715 ἰδίων
1271 2661 1481 2732 ψυχῶν,
1524 2657 1758 2722 ἐδίδαξεν
1786 2656 1973 2710 εἰπών’

411 2776 428 2808 ι
472 2756 545 2810 Τὸ
572 2755 830 2826 ἀργύριον
853 2756 1051 2819 αὐτῶν,
1093 2754 1189 2807 καὶ
1219 2752 1276 2806 τὸ
1306 2752 1529 2824 χρυσίον
1566 2750 1824 2820 ἐποίησαν
1849 2750 1977 2802 ἐαυ-

404 2852 516 2911 τοῖς
550 2847 761 2915 εἴδωλα,
808 2848 956 2910 ὅπως
998 2843 1469 2916 ὲξολοθρευθῶσιν.
1505 2861 1523 2894 ι
1559 2841 1722 2896 Ὅθεν
1768 2841 1874 2910 γὰρ
1909 2835 1977 2912 ἦν

405 2939 604 3001 αὐτοὺς
641 2937 943 3007 εὐδοκιμεῖν
992 2934 1272 3000 δύνασθαι,
1307 2933 1780 3004 κατοικτείροντας
1825 2929 1977 2983 ἀδελ-

408 3034 559 3101 φοὺς,
587 3031 833 3084 ἐντεῦθεν
859 3030 978 3100 Θεῷ
1007 3027 1425 3100 προσκρούουσι,
1458 3026 1552 3078 καὶ
1577 3025 1675 3094 τῆς
1709 3023 1978 3093 σωτηρίας

406 3123 498 3176 τὸν
525 3124 728 3192 τρόπον
748 3121 1130 3191 μετανιστᾶσιν
1150 3118 1391 3181 ἀϐούλως
1428 3116 1520 3170 ὲπί
1549 3132 1612 3185 γε
1640 3115 1700 3168 τὸ
1730 3113 1789 3179 ἐξ
1813 3111 1975 3166 αὑτοῦ

405 3215 710 3268 διόλλυσθαι
734 3214 863 3266 δεῖν.

495 3307 834 3373 Ἀπότριψαι
877 3305 985 3358 τὸν
1023 3304 1262 3373 μόσχον
1295 3319 1432 3366 σου,
1473 3298 1786 3368 Σαμάρεια,
1833 3311 1980 3364 παρ-

407 3399 645 3465 ωξύνθη
672 3401 702 3452 ὸ
734 3399 920 3466 θυμός
942 3413 1062 3466 μου
1090 3396 1181 3448 ἐπ’
1203 3393 1380 3460 αὐτῷ.
1409 3395 1555 3458 Ἕως
1592 3393 1754 3456 τίνος
1792 3391 1863 3442 οὐ
1890 3388 1976 3458 μὴ

407 3489 702 3542 δύνωνται
725 3484 1150 3556 καθαρισθῆναι
1173 3486 1242 3538 ὲν
1268 3484 1348 3550 τῷ
1391 3481 1639 3550 Ἰσραήλ
1655 3499 1672 3546 ;
1699 3480 1805 3534 Καὶ
1834 3477 1980 3532 αὐτὸ

410 3577 633 3630 τέκτων
661 3577 932 3644 ἐποίησε,
965 3573 1064 3628 καὶ
1099 3576 1170 3628 οὺ
1201 3574 1345 3639 Θεός
1372 3573 1524 3636 ἐστι,
1553 3570 1702 3624 διότι
1735 3567 1983 3622 πλανῶν

409 3667 490 3741 ἦν
511 3673 542 3723 ὁ
567 3670 802 3738 μόσχος
828 3685 964 3733 σου,
1005 3667 1316 3736 Σαμάρεια.

484 3762 614 3814 IIII'.
661 3760 746 3822 Ὠς
789 3756 914 3827 εὖγε
959 3758 1024 3828 δὴ
1071 3758 1191 3809 λίαν
1241 3756 1301 3809 τὸ
1335 3775 1352 3807 ι
1407 3753 1704 3825 ἀπότριψαι
1755 3771 1773 3803 ι
1814 3752 1980 3822 φησὶ,

411 3852 487 3915 ὼς
514 3852 606 3904 ἐπὶ
639 3851 875 3922 κηλίδος,
903 3851 995 3903 καὶ
1025 3847 1324 3919 μολυσμοῦ,
1357 3846 1450 3899 καὶ
1475 3846 1574 3916 τῆς
1601 3845 1832 3914 ἐσχάτης
1853 3844 1985 3896 ἀκα-

416 3944 680 4015 θαρσίαςί
710 3943 877 3996 Τοῦτο
919 3941 1029 4011 γὰρ
1071 3939 1284 4011 ἀληθῶς
1323 3939 1422 4010 τῆς
1471 3935 1882 4006 εἰδωλολατρίας
1926 3933 1986 3987 τὸ

414 4037 520 4106 χρῆ
528 4054 624 4106 μα,
632 4033 785 4104 βδελυ
793 4035 891 4105 ράν
907 4050 986 4097 τε,
1002 4031 1096 4084 καὶ
1117 4033 1415 4100 κάκοσμον,
1435 4030 1527 4082 καὶ
1549 4026 1986 4098 κατη[φη]μὲνην

417 4127 570 4198 παρά
591 4125 708 4196 Θεῷ
737 4125 834 4196 τὴν
855 4123 949 4177 τοῦ
971 4121 1284 4191 ἀκαθάρτου
1313 4119 1490 4190 ψυχὴν
1513 4118 1826 4172 ἀποτελοῦν.
1852 4117 1921 4168 Συ
1930 4135 1989 4187 με

416 4218 659 4272 ϐουλεύει
707 4217 772 4288 δὴ
801 4211 894 4269 οὖν
931 4215 1005 4278 ὼς
1047 4212 1459 4283 φιλοικτίρμων,
1498 4211 1591 4263 καὶ
1633 4209 1853 4278 ἀγαθὸς,
1892 4226 1989 4280 με·

415 4310 729 4366 τατίθεσθαι
753 4308 889 4380 πρὸς
913 4309 974 4358 τὸ
995 4308 1238 4377 ἄμεινον,
1273 4305 1367 4357 καὶ
1395 4300 1866 4363 ἀποσκευάζεσθαι
1893 4301 1990 4372 τὴν

415 4405 608 4474 ὀργὴν,
642 4400 865 4462 καὶ-τὰς
903 4395 1008 4451 τῶν
1043 4394 1470 4466 συμϐησομένων
1501 4393 1678 4455 αίτίας
1722 4395 1990 4464 περιστεῖ-

2079 1928 2160 1970 ter
2193 1915 2308 1985 ejus
2341 1919 2662 1972 sententiam
2711 1917 2790 1982 fit,
2829 1934 2927 1972 nec
2958 1918 3098 1972 scire
3138 1918 3354 1986 quidem
3385 1916 3640 1987 videtur),

2077 2007 2382 2062 debilitatus
2420 2018 2475 2063 et
2508 2020 2810 2078 expugnatu
2859 2009 3032 2064 facilis
3066 2010 3238 2064 evasit
3282 2011 3638 2079 principatus,

2075 2109 2130 2152 et
2156 2099 2223 2152 ad
2258 2099 2612 2154 resistendum
2650 2100 2969 2164 imbecillus,
3009 2111 3062 2154 et
3090 2102 3354 2170 impotens
3397 2104 3462 2154 ad
3487 2112 3642 2154 tuen-

2076 2190 2172 2242 dos
2222 2189 2510 2258 subjectos.
2558 2208 2575 2240 ι
2608 2189 2708 2244 Per
2765 2191 2938 2259 ipsum
2985 2191 3128 2245 enim
3190 2205 3343 2261 reges
3396 2200 3640 2262 regnant,

2074 2288 2129 2331 et
2163 2280 2371 2348 tyranni
2432 2280 2778 2334 dominantur
2815 2290 2970 2334 terra:
3000 2281 3101 2334 ⁸⁵.»
3135 2279 3286 2350 Ipsos
3312 2288 3488 2334 autem
3516 2296 3643 2349 pro-

2076 2379 2256 2437 pterea
2288 2370 2452 2424 multa
2497 2371 2763 2425 dementia
2807 2371 3076 2437 laborare,
3123 2383 3176 2427 et
3206 2373 3419 2427 donatis
3453 2388 3482 2426 a
3535 2373 3642 2426 Deo

2075 2462 2141 2514 ad
2177 2463 2348 2530 ipsum
2393 2461 2743 2529 irritandam,
2793 2463 2899 2517 imo
2959 2466 3024 2516 ad
3073 2465 3375 2518 animarum
3423 2479 3642 2519 suarum

2076 2555 2368 2621 perniciem
2405 2556 2622 2623 abusos,
2676 2557 2862 2610 docuit
2904 2558 2974 2611 ita
3009 2571 3022 2608 :
3061 2575 3078 2607 ι
3112 2559 3404 2626 Argentum
3454 2568 3509 2612 et
3543 2574 3642 2609 au-

2079 2660 2195 2698 rum
2227 2660 2380 2699 suum
2405 2645 2648 2701 fecerunt
2690 2647 2792 2701 sibi
2823 2647 2986 2713 idola,
3023 2657 3084 2702 ut
3115 2650 3438 2718 dispereant.
3478 2668 3498 2700 »
3530 2647 3642 2703 Un-

2078 2739 2144 2792 de
2179 2739 2322 2794 euim
2361 2739 2566 2793 laudari
2625 2748 2876 2809 poterant
2913 2740 2980 2794 ab
3026 2741 3298 2805 omnibus,
3330 2757 3395 2796 ex
3427 2741 3643 2796 miseri-

2076 2831 2258 2884 cordia
2300 2831 2352 2884 in
2383 2829 2578 2906 fratres
2621 2842 2926 2901 erogantes,
2969 2833 3089 2886 inde
3135 2832 3298 2887 Deum
3346 2830 3640 2899 oﬂenduut,

2076 2929 2131 2972 et
2164 2920 2576 2975 instrumentum
2622 2920 2810 2976 salutis
2840 2925 2903 2975 ad
2932 2923 3155 2976 exitium
3182 2923 3306 2976 inde
3349 2923 3452 2978 sibi
3495 2939 3641 2977 com-

2079 3010 2378 3078 parandum
2407 3012 2551 3065 fatue
2587 3021 2926 3066 convertunt.

2150 3293 2315 3358 Vens,
2362 3295 2417 3360 5,
2453 3294 2505 3348 6.
2552 3293 2740 3350 Exiere
2785 3299 3004 3352 vitulum
3036 3309 3205 3365 tuum,
3237 3299 3502 3371 Samaria,
3532 3321 3649 3358 cou-

2079 3388 2267 3439 citatus
2306 3397 2380 3440 est
2413 3387 2562 3456 {uror
2597 3404 2742 3441 meus
2773 3405 2930 3457 super
2955 3407 3035 3445 eo.
3078 3391 3354 3463 Usquequo
3403 3412 3506 3450 non
3555 3415 3650 3465 po-

2081 3490 2252 3533 terunt
2305 3482 2577 3534 emundari
2629 3482 2686 3534 in
2728 3480 2940 3536 Israel?
2981 3479 3052 3536 Et
3082 3483 3176 3538 hoc
3209 3485 3405 3553 artifex
3433 3489 3575 3555 fecit,
3604 3501 3650 3542 et

2083 3589 2186 3625 non
2242 3571 2378 3624 Deus
2421 3581 2519 3637 est,
2555 3572 2679 3641 quia
2712 3574 2960 3626 seducens
2998 3583 3110 3627 erat
3143 3575 3336 3630 vitulus
3377 3586 3518 3641 tuus.
3551 3579 3651 3633 Sa-

2082 3664 2273 3716 maria.

2154 3752 2483 3808 LXXXVIII.
2518 3752 2688 3821 Quam
2738 3755 2878 3810 belle
2929 3765 2984 3810 et
3027 3761 3432 3814 accommodate
3479 3760 3652 3830 inqu.t

2092 3865 2110 3897 ‹
2133 3858 2337 3908 extere,
2369 3863 2389 3896 ι
2421 3848 2573 3915 quasi
2601 3846 2666 3900 de
2703 3849 2912 3901 macula
2940 3855 2993 3902 et
3039 3847 3465 3923 inquinamento,
3501 3869 3562 3906 ac
3588 3855 3652 3908 de

2085 3947 2326 3991 extrema
2380 3938 2629 4008 quapiam
2661 3938 2918 4007 spurcitie
2963 3939 3310 4010 loqueretur!
3345 3940 3484 3998 Vere
3507 3945 3650 4000 enim

2086 4030 2386 4084 idololatria
2432 4029 2534 4083 ista
2587 4028 3018 4095 abominandam,
3065 4041 3120 4086 et
3152 4034 3287 4086 male
3308 4034 3562 4099 olentem,
3600 4047 3654 4089 ct

2087 4121 2324 4174 odiosam
2375 4119 2514 4188 apud
2551 4118 2716 4174 Deum
2759 4122 3017 4175 immundi
3050 4123 3282 4176 animam
3325 4123 3475 4180 facit.
3517 4126 3653 4181 Sua-

2089 4213 2179 4265 det
2210 4210 2372 4280 igitur
2402 4223 2458 4264 ut
2497 4210 2808 4264 misericors
2837 4220 2891 4265 et
2942 4212 3114 4268 bonus
3155 4214 3448 4270 transferre
3481 4233 3538 4272 se
3585 4220 3652 4272 ad

2092 4304 2336 4369 meliora,
2374 4314 2429 4357 et
2471 4303 2680 4357 amoliri
2715 4302 2874 4368 iram,
2909 4312 2966 4358 et
2990 4320 3187 4360 causas
3213 4307 3512 4362 futurorum
3556 4325 3650 4364 co-

2093 4395 2276 4448 hibere
2319 4401 2385 4447 dc
2422 4405 2641 4459 caetero,
2676 4404 2730 4449 et
2759 4395 3073 4464 ptruitentia
3116 4397 3409 4464 praacidere
3475 4400 3648 4466 mala,

416 4495 508 4546 λαι
528 4493 733 4555 λοιπὸν,
756 4491 852 4542 καὶ
870 4492 986 4551 ταῖς
1012 4485 1414 4557 μεταγνώσεσιν
1434 4484 1700 4553 ἀνακόψαι
1722 4485 1792 4536 τά
1814 4483 1980 4546 δεινὰ,

2093 4490 2251 4560 120
2299 4505 2419 4544 sero
2474 4490 2663 4545 saltem
2735 4491 3137 4559 resipisceutes.
3188 4490 3415 4560 Propter
3478 4492 3652 4562 ipsum

418 4585 523 4638 κᾶν
557 4583 688 4653 γοῦν
714 4581 811 4651 ὀψὲ
837 4579 1250 4650 διεκνήψαντας.
1291 4577 1409 4630 Ἐπ’
1432 4576 1579 4647 αὐτῷ
1615 4574 1723 4645 γὰρ
1750 4574 1988 4644 δηλονότι

416 4678 496 4747 τῷ
535 4678 718 4747 μόσχῳ
770 4671 1118 4744 παρωξύνθαι
1154 4670 1308 4739 φησὶ,
1351 4667 1584 4730 δεικνὺς,
1633 4667 1714 4719 ὅτι
1760 4666 1990 4736 παρίησι

422 4769 523 4836 μὲν
551 4765 663 4817 ἔσθ’
697 4765 784 4816 ὅτε
834 4761 1213 4832 φιλάνθρωπος
1256 4758 1334 4811 ὢν
1381 4757 1446 4810 τά
1474 4758 1532 4822 ἐξ
1575 4755 1854 4819 ἀσθενείας
1894 4758 1992 4826 τῆς

421 4855 767 4928 ἀνθρωπίνης
795 4853 1132 4922 πταίσματα,
1163 4848 1382 4912 κολάζει
1403 4849 1459 4901 δὲ
1492 4850 1702 4911 πάντως
1727 4849 1825 4919 τὴν
1858 4851 1994 4901 ἀπο-

424 4948 681 5020 στροφήν.
715 4944 1004 4997 Δύσοιστόν
1037 4961 1093 4995 τε
1126 4943 1358 4994 ποιεῖται
1389 4940 1488 5010 τὴν
1529 4940 1636 4993 τῶν
1668 4940 1993 5010 ὑϐριζόντων

423 5041 736 5102 ἀπόνευσιν,
765 5037 846 5100 εἷς
889 5053 953 5104 γε
984 5035 1044 5088 τὸ
1084 5035 1300 5106 χρῆναι,
1334 5034 1497 5104 φημὶ,
1544 5037 1657 5095 τοῖς
1701 5031 1996 5101 δαιμονίοις

421 5130 767 5198 προσκυνεῖν.
799 5127 977 5198 Μέχρι
1019 5125 1128 5196 γάρ
1158 5125 1298 5186 τίνος
1331 5125 1387 5176 ὲν
1429 5122 1737 5194 ἀκαθαρσίᾳ
1773 5122 1993 5192 γεγονό-

422 5238 512 5284 τες
536 5217 931 5290 ἀμεταποίητοι
960 5219 1202 5288 μενεῖτε;
1247 5216 1405 5278 Ποῖος
1447 5215 1575 5284 ὑμῖν
1606 5214 1834 5286 ἀρκέσει
1873 5230 1994 5266 και-

427 5313 516 5383 ρὸς
556 5313 632 5374 εἰς
655 5311 754 5380 τὴν
777 5311 876 5379 τῆς
898 5307 1147 5377 εὐηθείας
1167 5307 1423 5360 ἀπόθεσιν
1449 5324 1462 5371 ;
1483 5309 1546 5359 Ὃ
1571 5307 1679 5378 γὰρ
1699 5308 1992 5377 εἰργάσατο

423 5404 654 5466 τέκτων,
680 5399 809 5453 Θεὸν
837 5393 974 5452 εἶναι
1005 5398 1290 5451 πιστεύετε
1309 5415 1322 5430 ε
1351 5400 1444 5452 καὶ
1471 5399 1530 5451 τὸ
1557 5398 1800 5468 ὠφελοῦν
1821 5401 1990 5466 οὐδὲν,

424 5491 763 5563 ἀποκομίζον
786 5491 843 5543 δὲ
875 5489 1072 5560 μᾶλλον
1095 5489 1333 5561 ὀλεθρον,
1358 5492 1451 5543 καὶ
1472 5490 1767 5556 ἀπώλειαν,
1800 5491 1994 5546 σεπτὸν

424 5584 668 5653 ἡγεῖσθε,
699 5584 794 5635 καλ⁸
826 5582 1168 5652 ἀξιόληπτον.
1219 5583 1402 5653 Πλανᾷ
1441 5583 1548 5655 γὰρ
1578 5587 1605 5638 ὁ
1652 5585 1870 5656 μόσχος,
1902 5585 1995 5638 καὶ

424 5676 511 5726 ἓτε
523 5692 611 5745 ρον
645 5673 816 5727 οὐδέν.

497 5793 543 5823 ⁸⁵
576 5791 735 5847 Prov.
774 5807 890 5853 vm,
926 5794 1010 5846 l5.

748 5888 1012 5946 Parnm.
1065 5889 1179 5945 Gn.
1232 5885 1432 5944 LXXI.

2089 4585 2233 4636 enim
2271 4582 2494 4636 vitulum
2521 4583 2725 4638 scilicet
2759 4598 2817 4636 se
2871 4583 3206 4636 concitatum
3236 4585 3393 4656 dicit,
3464 4597 3654 4640 osten-

2091 4674 2224 4727 dens
2250 4688 2309 4727 se
2350 4687 2734 4740 nonnunquam
2788 4672 2978 4727 delicta
3019 4689 3086 4728 ex
3135 4675 3368 4729 hutnana
3416 4676 3656 4731 imbecil-

2094 4765 2241 4820 litate
2268 4765 2499 4819 admissa
2544 4780 2610 4819 ex
2656 4756 2986 4834 benignitate
3025 4766 3304 4834 prmterire
3327 4807 3342 4831 ,
3375 4767 3467 4822 sed
3501 4784 3660 4824 aver-

2094 4859 2297 4912 siouetn
2356 4859 2578 4911 Omnino
2637 4857 2848 4926 punire.
2897 4857 3280 4913 Protervorum
3324 4871 3501 4916 autem
3565 4864 3657 4917 de-

2093 4949 2434 5003 clinationem
2489 4951 2554 5003 ad
2602 4949 2853 5003 colendos
2923 4948 3196 5004 daemones
3267 4952 3658 5006 intolerandam

2093 5041 2258 5095 ducit.
2315 5040 2605 5108 Quousque
2655 5041 2795 5094 enim
2852 5041 2904 5093 in
2955 5040 3348 5094 immunditiam
3411 5042 3656 5110 delapsi,

2093 5132 2452 5186 immutabile‘s
2513 5131 2843 5185 manebitis?
2899 5131 3050 5198 Quod
3120 5132 3271 5186 vobis
3323 5141 3531 5201 tempus
3593 5137 3658 5189 ad

2091 5221 2456 5290 deponendam
2496 5218 2796 5274 fatuitatem
2830 5219 3063 5274 sufﬁcit?
3093 5218 3243 5286 Quod
3276 5223 3417 5274 enim
3463 5223 3658 5276 artifex

2098 5312 2392 5368 fabricatus
2443 5321 2544 5377 est,
2574 5312 2730 5366 deum
2784 5326 2906 5366 esse
2943 5311 3203 5376 creditis;
3240 5321 3293 5366 et
3335 5314 3476 5380 quod
3525 5314 3657 5366 nihil

2100 5413 2337 5476 prodest,
2363 5406 2470 5458 imo
2504 5414 2706 5473 pestem
2758 5414 2812 5457 et
2851 5403 3126 5458 interitum
3185 5401 3361 5469 aﬂ'ert,
3399 5421 3660 5460 veneran-

2101 5498 2226 5551 dum
2256 5492 2793 5565 amplecteudumque
2820 5490 3075 5546 statuitis.
3104 5489 3324 5545 Seducit
3344 5491 3500 5554 enim
3534 5492 3663 5544 vitu-

2100 5589 2203 5652 lus,
2233 5587 2372 5642 aliud
2410 5586 2542 5640 nihil
2575 5585 2712 5637 "alet
