4110 6368
481 345 590 402 205

561 463 722 520 Vnus.
764 466 814 519 7.
855 466 991 532 Qum
1048 474 1294 533 corrupta
1346 474 1492 518 vento
1550 466 1957 531 seminaverunt,
2004 475 2049 518 et
2083 476 2126 532 Α

484 558 747 610 ιιώυενεὶο
787 573 964 611 eorum
995 557 1240 621 suscipiet
1271 573 1351 610 ea.
1388 555 1687 624 Manipulus
1721 573 1822 608 non
1863 557 2056 609 habens

482 649 639 708 vires,
665 657 719 700 ut
753 645 908 700 faciat
941 646 1190 714 farinam.
1226 645 1283 699 Si
1309 657 1480 700 autem
1507 647 1706 715 fecerit,
1759 645 1919 699 alieni
1966 663 2056 700 co-

482 739 681 792 medent
710 754 850 791 eam.

557 825 845 881 LXXXIX.
884 824 1246 880 Similitudine
1279 826 1510 894 quadam
1568 824 1769 880 frustra
1812 823 1866 879 in
1919 823 2058 893 agri-

493 918 709 972 cultura
753 918 1155 983 laborantium,
1207 915 1438 970 infelicis
1505 930 1689 969 eorum
1745 914 1954 968 consilii
2005 923 2060 968 et

483 1011 645 1073 studii
707 1026 960 1065 vanarum
1003 1025 1182 1064 rerum
1229 1011 1434 1064 exitum
1473 1007 1864 1061 infructuosum
1924 1004 2056 1060 sub-

489 1101 710 1156 indicat.
771 1099 828 1155 In
875 1101 942 1156 iis
980 1102 1123 1155 enim
1166 1099 1302 1154 velle
1352 1099 1614 1169 quosdam
1665 1097 1906 1152 laborem
1966 1112 2058 1166 po-

485 1207 639 1258 nere,
672 1201 725 1246 et
751 1191 1152 1260 superstitionis
1182 1190 1448 1244 interdum
1481 1189 1765 1257 diligenter
1825 1188 1900 1242 uti
1957 1203 2061 1242 ca:-

487 1283 750 1337 remoniis
795 1283 1288 1351 anathematisque,
1346 1292 1398 1335 ct
1463 1280 1745 1348 sacrificiis
1801 1279 2056 1334 honorem

491 1375 775 1440 exhibere,
804 1373 933 1428 nihil
967 1373 1129 1428 fuerit
1162 1373 1326 1438 aliud,
1369 1387 1527 1442 quam
1550 1381 1708 1426 vento
1747 1378 2056 1440 corruptum

481 1480 664 1519 semen
679 1463 963 1536 colligere;
993 1478 1022 1519 e
1058 1479 1164 1534 quo
1195 1464 1290 1534 qui
1314 1463 1541 1528 laborat,
1563 1462 1846 1516 utilitatem
1867 1475 2058 1517 conse-

483 1557 572 1625 qui
597 1555 797 1610 nullam
824 1556 1015 1626 possit.
1036 1555 1164 1622 Quae
1187 1539 1330 1610 enim
1364 1555 1524 1610 studii
1545 1554 1860 1609 idololatrici
1888 1568 2059 1608 remu-

483 1648 739 1701 neratio!
791 1657 885 1701 aut
929 1661 1048 1716 qua:
1091 1646 1485 1716 esculptilibus
1531 1645 1934 1701 commoditas?
1966 1655 2059 1700 aut

477 1754 713 1809 quonam
770 1739 934 1794 modo
983 1739 1312 1793 recreabunt
1356 1739 1686 1808 quempiam,
1728 1753 1848 1806 qua:
1887 1737 2058 1791 omni-

1517 343 1574 400 S.
1614 339 1890 399 CYRlLLl
1924 338 2392 398 ALEXANDRINI
2427 297 2750 398 A‘RCI‘IIEP.

3627 337 3735 394 201

2230 466 2356 517 "Ott
2401 465 2776 534 ἀνεμόφθορα
2813 463 3104 532 ἕσπειραν
3128 505 3142 528 ,
3179 463 3278 518 καὶ
3317 461 3355 529 ἡ
3408 478 3733 531 καταστρο-

2157 556 2242 624 φὴ
2268 553 2466 609 αὐτῶν
2479 555 2777 620 ἐκδέξεται
2799 556 2968 609 αὑτά.
2986 554 3220 624 Δρᾶτμα
3243 557 3354 609 οὐκ
3377 555 3522 624 ἕχον
3553 555 3738 624 ἰσχὺν

2159 645 2268 699 τοῦ
2307 645 2556 714 ποιῆσαι
2597 647 2875 714 ἄλευρον.
2921 647 3055 701 Ἐὰν
3104 647 3172 700 δὲ
3205 647 3304 701 καί
3338 647 3585 714 ποιήσῃ,
3627 648 3738 701 ἀλ·-

2157 737 2377 803 λότριοι
2407 736 2846 806 καταφάγονται
2882 739 3046 792 αὐτό.

2228 827 2353 881 ΠΘ’.
2401 828 2488 890 Ὠς
2533 828 2590 894 ἐξ
2637 829 2951 898 ὁμοιότητος
2989 829 3098 882 τῶν
3146 831 3270 901 εἰκῆ
3319 829 3636 901 καμνόντων
3676 830 3734 881 ἐν

2158 919 2504 986 γεωπονίαις,
2549 920 2648 990 τῆς
2679 919 2903 991 ἐνούσης
2928 921 3110 984 αὐτοῖς
3144 921 3482 985 δυσϐουλίας,
3513 921 3605 974 καὶ
3635 921 3733 990 τῆς

2159 1013 2289 1081 περὶ
2334 1011 2402 1064 τά
2435 1011 2641 1079 μάταια
2695 1012 2930 1081 σπουδῆς
2953 1011 3015 1066 τὸ
3051 1012 3298 1084 ἄκαρπον
3341 1013 3614 1084 ὑποδηλοῖ.
3661 1014 3734 1065 Τὸ

2158 1101 2267 1171 γὰρ
2297 1099 2384 1152 ἐπ’
2415 1100 2597 1162 αὐτοῖς
2623 1102 2803 1152 πονεῖν
2852 1099 3064 1154 ἑλέσθαι
3093 1102 3267 1166 τινάς,
3299 1101 3582 1172 ’ἐπιμελῶς
3622 1100 3733 1153 ἔσθ’

2157 1191 2245 1244 ὅτε
2273 1189 2619 1260 θρησκεύειν,
2665 1189 2980 1260 ἀναθήμασί
3025 1207 3085 1244 τε
3141 1191 3236 1245 καὶ
3281 1191 3494 1254 θυσίαις
3546 1191 3733 1260 τιμᾷν,

2158 1283 2242 1352 εἴη
2280 1279 2346 1334 ἂν
2391 1280 2578 1352 ἓτερον
2628 1280 2800 1346 οὐδὲν,
2844 1280 2876 1351 ῆ
2919 1280 3012 1334 τὸν
3057 1281 3246 1352 ἀνέμῳ
3291 1280 3737 1351 κατεφθαρμένον

2161 1372 2504 1444 συναγείρειν
2535 1373 2758 1444 σπόρον,
2784 1373 2938 1426 οὐδὲν
2961 1373 3151 1444 ὀνῆσαι
3181 1374 3456 1438 παντελῶς
3486 1373 3576 1426 τὸν
3608 1390 3734 1426 ποι-

2158 1458 2323 1514 οῦντα
2351 1461 2670 1530 δυνάμενον.
2699 1462 2836 1514 Ποία
2897 1461 3005 1532 γὰρ
3032 1460 3299 1525 ἀντίδοσις
3323 1462 3422 1531 τῆς
3457 1464 3536 1525 εἰς
3579 1462 3734 1515 εἰδω-

2157 1551 2443 1625 λολατρίαν
2476 1555 2709 1624 σπουδῆς
2730 1571 2744 1620 ;
2769 1555 2803 1625 ἢ
2829 1554 2959 1607 ποία
2983 1553 3135 1626 παρά
3173 1554 3424 1624 γλυπτῶν
3453 1555 3668 1626 δνησιςς
3697 1554 3733 1624 ἢ

2159 1645 2298 1696 κατὰ
2323 1644 2441 1697 τίνα
2475 1645 2671 1718 τρόπον
2696 1645 3022 1717 εὖφρανοῦσί
3047 1663 3200 1710 τινας
3231 1645 3267 1700 ἃ
3296 1647 3378 1699 δεῖ
3409 1647 3625 1711 πάντως
3645 1648 3733 1700 ἐλ-

2159 1735 2271 1788 θεῖν
2300 1737 2380 1800 είς
2423 1740 2844 1809 καταστροφήν;
2883 1738 3123 1792 Ἐοίκασι
3159 1738 3338 1794 τοίνυν
3374 1741 3423 1794 οἰ
3467 1740 3534 1794 τὰ
3557 1740 3734 1794 τοιάδε

480 1846 553 1884 no
614 1831 972 1886 subvertenda
1006 1829 1173 1884 sunt?
1219 1829 1404 1899 Itaque
1449 1829 1540 1898 qui
1570 1828 1696 1883 talia
1726 1827 1904 1883 facere
1925 1843 2048 1882 con-

2160 1831 2334 1882 ποιεῖν
2356 1830 2628 1894 εἰωθότες,
2657 1830 2750 1883 καλ⁵
2775 1833 2894 1894 ταῖς
2918 1829 3151 1884 εἰδώλων
3177 1834 3361 1902 τιμαῖς
3393 1832 3734 1895 ἀνατιθέντες

478 1933 792 1987 sueverunt,
821 1930 874 1977 et
912 1924 1108 1976 seriam
1158 1936 1379 1991 operam
1432 1919 1584 1974 idolis
1639 1920 1839 1984 dicant,
1867 1934 2051 1974 eorum

477 2014 728 2068 videntur
758 2013 981 2076 similes,
1007 2013 1094 2081 qui
1148 2028 1175 2065 a
1211 2021 1369 2067 vento
1411 2021 1662 2080 corrupta
1695 2010 2050 2081 seminarunt,

479 2107 859 2174 spicarumque
919 2103 1190 2174 manipulo
1247 2088 1569 2158 frumentum
1643 2117 1746 2156 non
1792 2101 2049 2166 habenti,

477 2211 533 2254 et
582 2198 649 2254 ad
701 2212 855 2253 usum
905 2197 1089 2250 farinae
1145 2194 1366 2248 minime
1419 2193 1567 2248 facti.
1620 2191 1772 2258 Quod
1811 2193 1855 2247 si
1924 2192 2052 2262 quid

477 2291 642 2346 etiam
694 2287 1068 2360 praestiterint,
1107 2286 1211 2340 hoc
1234 2296 1341 2351 est,
1375 2285 1620 2355 quamvis
1651 2283 1818 2339 videri
1845 2286 2053 2353 possint

480 2384 661 2452 aliquo
697 2380 853 2436 modo
881 2380 1005 2435 boni
1046 2387 1100 2433 et
1143 2379 1339 2433 sinceri
1373 2379 1521 2433 circa
1561 2392 1720 2447 opera
1780 2377 2054 2432 seductio-

478 2478 605 2532 nis:
644 2483 699 2532 et
749 2477 849 2529 hoc
899 2475 950 2528 in
996 2474 1204 2527 alienos
1259 2472 1328 2527 ab
1375 2470 1505 2541 ipsis
1559 2470 1889 2537 conferetur,
1940 2469 2050 2525 Deo

477 2580 608 2621 vero
658 2567 974 2634 neutiquam
1020 2563 1212 2632 gaudio
1241 2561 1363 2615 erit.
1394 2561 1612 2616 Alienos
1648 2561 1891 2616 nominat
1917 2558 2051 2614 falso

477 2657 695 2712 nomine
725 2655 1019 2726 appellatos
1041 2654 1190 2708 deos.
1221 2650 1384 2706 Caret
1412 2651 1580 2721 igitur
1609 2651 1754 2706 omni
1797 2651 2050 2706 mercede

476 2759 532 2804 et
603 2748 843 2818 probitas
913 2755 1094 2800 nostra
1165 2744 1216 2798 in
1276 2742 1385 2810 his,
1453 2758 1574 2812 qua:
1625 2742 1766 2798 Deus
1817 2743 2051 2806 odit;et

478 2853 656 2894 mores
694 2838 820 2893 boni
851 2836 917 2891 ad
949 2851 1134 2891 verum
1175 2835 1374 2888 bonum
1418 2848 1523 2888 non
1554 2834 1876 2899 eminentes,
1907 2847 2049 2888 seir-

478 2947 575 3003 per
612 2941 667 2986 et
707 2930 1031 2985 omnimodis
1070 2929 1136 2984 ab
1166 2943 1230 2983 eo
1270 2927 1755 2998 reprehendentur.

555 3023 715 3078 Vens.
774 3020 828 3085 8,
874 3020 928 3075 9.
970 3021 1259 3086 Absorptus
1311 3027 1390 3072 est
1441 3018 1630 3084 Israel,
1693 3033 1830 3071 nunc
1875 3018 2045 3088 factus

475 3121 553 3168 est
596 3111 651 3165 in
696 3111 931 3180 gentibus
980 3108 1130 3176 quasi
1162 3123 1251 3160 vas
1291 3106 1498 3171 inutile,
1540 3108 1662 3176 quia
1710 3106 1810 3174 ipsi
1861 3123 2045 3159 ascen-

2157 1921 2220 1975 τὸ
2242 1921 2584 1993 σπούδασμα,
2606 1925 2717 1986 τοῖς
2742 1923 3058 1995 σπείρουσιν
3085 1924 3554 1995 ἀνεμόφθορα,καὶ
3572 1925 3734 1978 ἀστα-

2158 2012 2303 2084 χύων
2334 2012 2627 2084 δράγματι,
2675 2015 2819 2066 σῖτον
2868 2013 2968 2067 οὐκ
3007 2013 3206 2083 ἔχοντι,
3240 2013 3334 2067 καὶ
3378 2016 3458 2076 εἰς
3499 2013 3732 2086 ἀλεύρου

2157 2103 2345 2175 χρείαν
2378 2104 2438 2156 οὐ
2475 2104 2848 2175 πεποιημένῳ.
2880 2105 2943 2158 Εἰ
2967 2105 3023 2158 δὲ
3047 2105 3108 2176 δή
3138 2123 3190 2158 τι
3229 2105 3325 2159 καὶ
3361 2105 3570 2175 γένοιτο
3600 2105 3732 2177 παρ’

2157 2193 2356 2259 αὐτῶν,
2387 2195 2659 2258 τουτέστι,
2682 2195 2785 2246 κᾶν
2817 2196 2867 2247 εί
2891 2194 3100 2260 δόξειάν
3116 2211 3233 2259 πως
3257 2190 3400 2249 εἶναι
3428 2195 3728 2259 σπουδαῖοι,

2158 2285 2253 2338 καὶ
2285 2285 2497 2356 γνήσιοι
2532 2287 2661 2354 περὶ
2692 2285 2761 2338 τά
2793 2288 2892 2357 τῆς
2925 2286 3133 2356 πλάνης
3164 2286 3322 2358 ἔργα,
3348 2287 3439 2340 καὶ
3470 2287 3626 2339 τοῦτο
3651 2287 3731 2348 εἰς

2157 2375 2471 2445 ἀλλοτρίους
2519 2379 2808 2445 γενήσεται
2838 2378 2970 2448 παρ’
3021 2377 3220 2442 αὐτῶν,
3273 2381 3636 2448 κατευφρανεῖ
3673 2376 3731 2430 δὲ

2157 2463 2289 2517 Θεὸν
2330 2465 2451 2517 κατ’
2479 2465 2670 2518 οὐδένα
2714 2465 2936 2533 τρόπον.
2981 2467 3318 2538 Ἀλλοτρίους
3345 2468 3403 2521 δέ
3445 2484 3575 2538 φησι
3607 2467 3733 2530 τοὺς

2154 2555 2400 2626 ψευδωνύ
2410 2574 2544 2627 μους
2573 2557 2763 2621 Θεούς.
2803 2559 3068 2628 ’Λμισθον
3093 2555 3186 2613 οὖν
3209 2559 3316 2628 ἄρα
3343 2559 3619 2622 παντελῶς
3640 2559 3736 2613 καὶ

2155 2647 2217 2701 τὸ
2256 2649 2541 2702 σπουδαῖον
2568 2649 2748 2721 ἡμῶν,
2799 2651 2856 2702 ἐν
2891 2652 3003 2714 τοῖς
3045 2650 3274 2704 λυποῦσι
3319 2649 3471 2717 Θεὸν,
3502 2654 3594 2703 καὶ
3633 2651 3733 2721 τῆς

2156 2743 2458 2806 ἐπιεικείας
2486 2743 2537 2796 οἱ
2572 2743 2763 2814 τρόποι
2805 2745 3058 2810 πάντοτε,
3091 2745 3187 2799 καὶ
3213 2745 3429 2808 πάντως
3450 2743 3733 2814 διαόεόλή-

2156 2850 2339 2887 σονται
2389 2836 2520 2906 παρ’
2564 2836 2734 2908 αὐτῷ,
2776 2837 2878 2908 τῆς
2926 2836 3020 2890 τοῦ
3065 2836 3271 2908 ἀγαθοῦ
3326 2837 3731 2902 διεκπίπτοντες

2155 2925 2349 2997 θήρας.

2223 3018 2534 3085 Κατεπόθη
2577 3019 2846 3088 Ἰσραὴλ,
2891 3021 3009 3076 νῦν
3042 3022 3277 3092 ἐγένετο
3302 3023 3374 3076 ἓν
3410 3021 3534 3088 τοῖς
3569 3023 3735 3076 ἔθνε-

2153 3125 2258 3162 σιν
2283 3109 2363 3174 ὡς
2386 3107 2608 3176 σκεῦος
2638 3109 2966 3180 ἄχρηστον,
3006 3112 3095 3167 ὅτι
3124 3115 3292 3167 αὐτοὶ
3321 3115 3626 3181 ἀνέϐησαν
3645 3117 3734 3180 εἰς

477 3207 662 3260 derunt
708 3205 776 3257 ad
814 3202 1074 3271 Assyrios.
1106 3199 1353 3268 Reﬂoruit
1382 3218 1474 3270 per
1501 3204 1728 3266 seipsunt
1775 3198 2045 3269 Epltraim,

2164 3200 2534 3268 Ἀσσυρίους.
2598 3202 2908 3259 Ἀνέθαλεν
2993 3206 3123 3260 καθ’
3181 3205 3398 3260 ἑαυτὸν
3451 3207 3727 3276 Ἕφραῒμ.

476 3311 696 3349 munera
757 3294 1074 3359 dilexerunt,
1134 3301 1408 3361 prapterea
1485 3293 1760 3346 tradentur
1814 3291 1866 3346 in
1932 3307 2048 3362 gen-

2155 3289 2314 3357 δῶρα
2347 3291 2692 3361 ἠγάπησαν,
2725 3294 2821 3349 διὰ
2873 3296 3047 3350 τοῦτο
3097 3297 3620 3367 παραδοθήσονται
3656 3298 3727 3351 ἐν

477 3383 542 3438 ti!
556 3401 638 3439 us.

2152 3383 2279 3448 τοῖς
2314 3385 2537 3438 ἔθνεσι.

543 3477 703 3546 12],
754 3474 864 3531 XC.
916 3477 1248 3545 Absorptum
1289 3475 1421 3531 dicit
1447 3473 1724 3543 lsraelem,
1750 3475 2048 3529 utmisera-

2225 3477 2292 3540 ιζ.
2345 3473 2773 3527 Καταπεπόσθαι
2799 3473 2932 3546 φησὶ
2974 3476 3064 3529 τὸν
3114 3475 3350 3547 Ἰσραὴλ,
3384 3476 3460 3540 ὡς
3497 3475 3727 3548 οἰκτρὰν

476 3568 585 3624 hile
665 3567 1004 3639 naufragium
1072 3582 1426 3636 perpessum,
1479 3577 1533 3622 et
1578 3567 1632 3621 in
1700 3576 2047 3636 peccatorum

2153 3565 2520 3636 ὑπομείναντα
2541 3565 2826 3635 ναυαγίαν,
2865 3568 2958 3620 καὶ
2987 3569 3099 3631 τοῖς
3126 3567 3233 3621 τῶν
3265 3567 3409 3621 ἰδίων
3445 3567 3729 3639 ἁμαρτιῶν

480 3675 709 3715 suorum
752 3659 1006 3714 fluctibus
1043 3657 1386 3722 sull‘ocatum,
1424 3673 1488 3713 ac
1525 3659 1673 3713 velut
1711 3659 1776 3713 ad
1844 3667 2048 3728 petram

2151 3659 2579 3726 évammt-{évm
2598 3657 2664 3711 κύ
2673 3677 2830 3729 μασι,
2853 3660 2944 3712 καὶ
2972 3658 3160 3730 ῶσπερ
3185 3659 3293 3713 τινὶ
3323 3660 3500 3731 πέτρᾳ
3522 3662 3634 3723 τοῖς
3663 3660 3728 3712 ἐκ

475 3749 770 3820 quamdam
831 3749 1026 3803 divinae
1061 3749 1156 3804 irae
1223 3748 1540 3817 impulsibus
1581 3748 1790 3804 allisum
1845 3750 2048 3804 contri-

2153 3748 2303 3813 θείας
2355 3751 2523 3821 ὀργῆς
2571 3751 2837 3821 κινήμασι
2896 3752 3456 3823 περιτεθραυσμένον.
3523 3754 3728 3820 Ἥγουν

474 3854 716 3913 tumque.
757 3844 865 3898 Aut
921 3852 1070 3898 certe
1121 3839 1276 3911 juxta
1340 3842 1500 3896 aliam
1550 3843 2046 3912 interpretationem

474 3937 788 4004 absorptum
869 3934 999 3989 dicit
1045 3935 1198 4004 quasi
1252 3935 1318 3989 ab
1372 3934 1618 3988 horribili
1665 3942 1719 3989 et
1759 3933 2047 3988 insatiabili

473 4029 709 4082 dracone
770 4024 1322 4082 Nabuchodonosore.
1393 4024 1486 4081 Sic
1541 4027 1686 4081 enim
1758 4035 1841 4082 est
1906 4028 2046 4095 apud

472 4115 636 4170 alium
668 4124 978 4170 sanctorum
1031 4117 1438 4185 prophetarum,
1473 4115 1526 4168 in
1565 4128 1790 4185 persona
1835 4115 2046 4170 Israelis

429 4193 576 4274 ‘jam
612 4205 830 4273 captivi,
877 4214 934 4259 et
964 4205 1196 4259 dominis
1226 4205 1339 4259 suis
1367 4203 1655 4260 servientis
1695 4218 1710 4258 :
1745 4222 1764 4256 ι
1799 4204 2046 4260 Comedit

471 4311 577 4359 me,
607 4295 790 4351 divisit
826 4311 929 4360 me,
985 4296 1513 4365 comprehenderunt
1558 4311 1642 4348 me
1699 4295 1932 4351 tenebrze
1967 4307 2047 4351 te-

469 4402 626 4442 nues.
697 4386 1194 4442 Nabuchodonosor
1269 4400 1362 4442 rex
1429 4384 1718 4457 Babylonis
1767 4387 2045 4442 absorbuit

2149 3842 2245 3894 xa‘.
2270 3840 2390 3894 καθ’
2418 3842 2603 3912 ἕτερον
2645 3843 2794 3914 τρόπι
2817 3860 2866 3907 ν,
2904 3843 3323 3898 καταπεπόσθαι
3349 3844 3514 3915 φησὶν
3543 3844 3725 3908 αὑτὸν,

2148 3928 2224 3992 ὡς
2271 3929 2376 3982 ὑπὸ
2407 3929 2582 3983 δεινοῦ
2650 3933 2745 3985 καὶ
2794 3931 3073 4002 ἀπλήστου
3108 3932 3422 4004 δράκοντος,
3465 3931 3560 3985 τοῦ
3609 3933 3726 3986 Να-

2148 4008 2549 4095 ϐουχοδονόσορ.
2596 4025 2737 4096 Ἔφη
2788 4026 2896 4094 γὰρ
2933 4021 3034 4080 ὦδε
3078 4027 3172 4080 καὶ
3216 4026 3400 4098 ἕτερος
3439 4029 3574 4098 ἡμῖν
3617 4028 3725 4080 τῶν

2147 4112 2318 4181 ἁγίων
2353 4113 2670 4186 προφητῶν,
2717 4115 2778 4168 τὸ
2822 4117 2915 4170 τοῦ
2976 4117 3189 4188 Ἰσραὴλ
3227 4119 3516 4190 πρόσωπον
3552 4119 3726 4190 ἐαυτῷ

2146 4202 2445 4274 περιτιθεὶς
2469 4244 2483 4268 ,
2511 4205 2828 4277 δορικτήτου
2859 4224 2918 4260 τε
2955 4207 3106 4272 ὄντος
3134 4209 3256 4281 ἤδη,
3284 4212 3375 4264 καὶ
3403 4214 3516 4274 τοῖς
3543 4210 3723 4264 ἑλοῦσι

2143 4293 2508 4360 δουλεύοντοςο
2539 4317 2557 4349 ι
2583 4299 2876 4368 Κατέφαγέ
2909 4318 2998 4370 με,
3029 4303 3322 4374 ἐμερίσατό
3343 4320 3434 4373 με,
3460 4303 3724 4357 κατέλαϐέ

2149 4403 2216 4453 με
2253 4387 2444 4450 σκότος
2472 4387 2687 4443 λεπτόν.
2731 4389 3200 4464 Ναϐουχοδονόσορ
3242 4385 3494 4463 βασιλεὺς
3541 4396 3721 4447 Βαϐυ-

469 4493 558 4534 me
591 4479 747 4547 quasi
802 4479 989 4547 draco,
1045 4478 1289 4549 implevit
1351 4489 1596 4533 ventrem
1639 4495 1792 4533 suum
1842 4496 1871 4533 a
1923 4479 2043 4534 cibo

2150 4477 2336 4542 λῶνος,
2376 4479 2605 4532 κατέπιέ
2651 4499 2719 4551 με
2750 4482 2824 4545 ὡς
2854 4482 3090 4555 δράκων,
3143 4485 3345 4558 ἔπλησε
3391 4486 3490 4559 τὴν
3519 4487 3726 4542 κοιλίαν

469 4581 588 4621 meo
618 4568 716 4621 ³⁸.»
750 4567 842 4623 Est
871 4577 925 4622 et
960 4569 1158 4637 alioqui
1198 4584 1406 4634 verum,
1459 4569 1750 4623 draconem
1805 4569 2038 4625 multici-

467 4659 632 4728 pitem
682 4660 947 4714 charitate
980 4662 1032 4713 in
1067 4659 1234 4715 Deum
1285 4659 1598 4715 excidentes
1651 4661 1872 4716 sorbere
1908 4677 2038 4731 quo-

467 4751 774 4813 dammodo,
807 4761 864 4805 et
916 4765 1070 4805 suum
1132 4751 1234 4806 sibi
1287 4753 1467 4805 cibum
1517 4751 1740 4818 facere;
1789 4768 1948 4820 quem
1984 4764 2042 4808 et

465 4839 754 4895 Psalmista
789 4841 920 4897 dicit
959 4856 1142 4896 escam
1187 4841 1368 4896 datum
1413 4842 1623 4912 populis
1669 4841 2038 4913 Ethiopibus.

463 4933 642 5001 lnquit
671 4932 815 4986 enim
849 4949 862 4987 :
897 4951 914 4983 ι
945 4932 1024 4986 Tu
1069 4933 1381 5002 confregisti
1423 4943 1587 5001 caput
1632 4933 1903 5000 draconis,
1935 4937 2034 4991 de-

464 5022 591 5076 disti
627 5036 750 5075 eum
798 5034 976 5077 escam
1017 5022 1225 5090 populis
1254 5022 1599 5092 Ethiopibus
1623 5027 1720 5080 ³⁷.»
1758 5024 1857 5092 Qui
1888 5027 2033 5081 enim

465 5112 812 5183 nigerrimam
861 5121 918 5166 et
949 5111 1086 5166 lucis
1116 5113 1302 5167 orbam
1333 5113 1388 5167 in
1419 5115 1613 5186 seipsis
1664 5125 1898 5169 mentem
1933 5116 2032 5170 ha-

461 5206 611 5268 bent,
638 5204 759 5271 jure
780 5201 1062 5272 }Ethiopes
1090 5214 1143 5257 et
1175 5203 1400 5276 intelligi
1430 5218 1483 5261 et
1517 5208 1621 5262 dici
1663 5223 1691 5260 a
1717 5207 1874 5263 nobis
1901 5208 2032 5278 ipsis

460 5306 517 5350 et
539 5309 570 5349 a
599 5295 706 5349 Deo
721 5304 962 5364 possunt.
986 5295 1050 5350 Hi
1071 5295 1443 5366 multicipitem
1470 5299 1754 5353 draconem
1784 5307 2030 5367 pascunt,

461 5387 672 5456 ipsique
707 5387 946 5442 vicissim
988 5389 1056 5442 ab
1082 5401 1148 5443 eo
1185 5397 1500 5458 pascuntur.
1549 5406 1568 5441 ι
1604 5389 1904 5459 Absorptus
1949 5401 2032 5446 est

463 5477 627 5545 igitur
671 5473 858 5542 Israel,
894 5487 948 5533 et
989 5476 1165 5534 factus
1209 5488 1291 5533 est
1341 5479 1482 5534 inter
1542 5492 1728 5549 gentes
1776 5491 2026 5548 tanquam

459 5581 555 5622 v-as
601 5567 841 5624 inutile.»
869 5568 1148 5626 Abductus
1196 5569 1340 5625 enim
1371 5571 1438 5625 ad
1468 5571 1724 5642 Assyrios
1751 5582 1806 5629 et
1843 5573 2027 5631 Medos

525 5753 572 5784 ³⁸
601 5749 710 5806 Jer.
745 5766 818 5816 LI,
852 5751 940 5808 54.
1016 5753 1059 5785 ⁸⁷
1091 5750 1231 5807 Psal.
1259 5767 1450 5821 uxm,
1487 5753 1574 5808 14.

2146 4569 2309 4623 αὐτοῦ
2335 4571 2442 4624 ἀπὸ
2471 4573 2568 4645 τῆς
2591 4575 2796 4646 τροφῆς
2823 4594 2943 4648 μου.
2977 4596 2995 4628 ι
3043 4579 3263 4650 Ἀληθές
3291 4581 3345 4634 δὲ
3370 4583 3464 4634 καὶ
3499 4581 3722 4652 ἑτέρως,

2145 4661 2221 4728 ὡς
2249 4666 2587 4736 καταῤῥοφεῖ
2604 4667 2805 4738 τρόπον
2829 4670 2950 4723 τινὰ
2975 4673 3103 4734 τοὺς
3127 4673 3226 4743 τῆς
3242 4674 3322 4736 εἰς
3346 4673 3479 4729 Θεὸν
3505 4677 3721 4746 ἀγάπης

2145 4755 2529 4822 ἐκπίπτοντας,
2582 4759 2676 4811 καὶ
2729 4759 2867 4812 ἰδίαν
2908 4765 3142 4816 ποιεῖται
3179 4765 3383 4836 τροφὴν
3425 4767 3454 4818 ό
3499 4765 3722 4820 πολυκέ-

2147 4845 2312 4914 φαλος
2348 4846 2585 4918 δράκων,
2614 4848 2672 4901 ὃν
2703 4850 2796 4902 καὶ
2822 4852 2857 4921 ἡ
2885 4850 2980 4904 τοῦ
3003 4853 3309 4921 Ψάλλοντος
3339 4856 3492 4928 φωνὴ
3526 4857 3720 4929 βρῶμα

2139 4935 2380 4991 διδόσθαι
2423 4941 2556 5008 φησὶ
2589 4939 2740 5003 λαοῖς
2779 4944 2895 5004 τοῖς
2940 4943 3174 5015 Αἰθίοψι.
3213 4965 3230 4999 ι
3255 4947 3326 4999 Σὺ
3345 4948 3512 5020 γάρ,ι
3565 4952 3720 5021 φησι,

2143 5028 2473 5093 συνέθλασας
2537 5031 2636 5101 τὴν
2687 5031 2928 5104 κεφαλὴν
2989 5035 3082 5088 τοῦ
3131 5036 3420 5109 δράκοντος
3453 5057 3466 5069 ·
3512 5039 3718 5106 ἔδωκας

2139 5119 2303 5173 αὑτὸν
2337 5119 2530 5192 βρῶμα
2565 5121 2716 5187 λαοῖς
2761 5127 2874 5188 τοῖς
2913 5125 3180 5196 Αἰθίοψιν.
3207 5147 3226 5180 ι
3279 5131 3340 5182 Ol
3374 5130 3483 5200 γὰρ
3526 5131 3718 5201 μελάν-

2138 5229 2299 5264 τατον
2335 5213 2551 5282 ἔχοντες
2593 5215 2650 5269 ἕν
2687 5234 2750 5285 γε
2787 5218 2851 5289 δὴ
2901 5218 3084 5289 σφίσιν
3132 5221 3336 5288 αὺτοῖς.
3375 5224 3469 5275 καὶ
3502 5225 3716 5294 ἀφεγγῆ

2135 5302 2227 5356 τὸν
2271 5303 2416 5370 νοῦν,
2484 5305 2739 5372 Αἰθίοπες
2791 5310 3015 5374 εἰκότως
3077 5312 3170 5365 καὶ
3231 5315 3418 5368 νοοῖντ’
3481 5314 3568 5378 ἂν,
3623 5317 3719 5369 καὶ

2134 5391 2373 5461 λέγοιντο
2400 5395 2536 5464 πρός
2563 5413 2624 5448 τε
2657 5399 2811 5468 ἡμῶν
2834 5400 3034 5463 αὐτῶν,
3064 5401 3158 5454 καὶ
3188 5404 3338 5474 παρά
3368 5402 3523 5458 Θεοῦ.
3557 5397 3717 5458 Οὗτοι

2132 5483 2394 5555 τρέφουσι
2435 5486 2526 5539 τὸν
2573 5489 2944 5558 πολυκέφαλον
2992 5492 3278 5564 δράκοντα,
3328 5493 3422 5547 καὶ
3467 5495 3619 5548 αὐτοὶ
3659 5493 3717 5548 δὲ

2132 5577 2293 5632 αὑτὸν
2353 5577 2628 5635 σιτοῦνται
2688 5581 2872 5636 πάλιν.
2943 5585 3378 5640 (Καταπέποται
3408 5587 3620 5656 ,τοίνυν
3685 5589 3720 5642 6
