4110 6368
452 440 558 494 9.Οὸ

1372 431 1922 489 (ΣυΜᾷΕῘιΤΑίίιυδ
1966 431 2029 486 IN
2070 430 2297 486 OSEAM
2336 431 2779 488 PRUPIIETAM.

3594 439 3702 492 206

465 552 702 625 Ἰσραήλ,
755 553 848 605 καὶ
894 550 1115 619 γέγονεν
1165 553 1224 604 ἐν
1283 554 1396 616 τοῖς
1444 552 1651 605 ἔθνεσιν
1702 551 1777 614 ὡς
1840 548 2026 611 σκεῦος

2134 549 2304 603 evasit
2346 548 2551 603 inutilis
2610 548 2844 617 penitus,
2879 562 2941 603 ex
2989 562 3174 602 eorum
3229 549 3453 607 cerebro
3514 565 3706 623 sapere

451 645 744 716 ἄχρηστον.
793 662 812 694 ι
880 641 1349 713 ’Λπενηνεγμένος
1403 642 1511 713 γὰρ
1565 643 1645 705 εἰς
1708 639 2029 711 Ἀσσυρίους

452 738 546 789 καὶ
591 735 829 807 Μήδους,
874 733 1147 805 ήχρειώθη
1199 734 1496 799 παντελῶς,
1548 733 1618 786 τὰ
1665 732 1895 795 ἐκείνοις
1942 730 2029 784 δο-

452 826 653 879 κοῦντα
684 828 900 898 φρονεῖν
933 826 1075 895 τάχα
1123 842 1227 879 που
1271 825 1642 896 βεϐιασμένος.
1684 826 1907 893 νΗγουν,
1946 825 2029 877 ὅτι

452 917 645 986 γέγονε
689 917 881 981 σκεῦος
923 917 1234 988 ἄχρηστον,
1278 916 1537 988 ταύτῃτοι
1576 917 1669 969 καὶ
1729 914 2027 984 κατεπόθη,

452 1011 548 1062 καὶ
575 1009 672 1080 τήν
697 1010 1023 1078 ἐνεγκοῦσαν
1052 1010 1232 1079 ἀφεὶς,
1268 1010 1655 1081 μετεφοίτησεν
1682 1011 1761 1073 εἰς
1788 1010 1856 1062 τὰ
1878 1008 2026 1079 ἔθνη.

454 1101 674 1154 Τοιοῦτό
702 1102 753 1154 τί
779 1118 944 1173 φησιν
985 1103 1015 1154 ό
1049 1102 1266 1157 πάντων
1296 1102 1562 1174 δεσπότης
1588 1102 1683 1155 καὶ
1719 1100 1809 1154 διὰ
1849 1101 2030 1170 φωνῆς

467 1191 750 1262 Ἱερεμίου,
793 1192 922 1264 περί
957 1210 1102 1256 τινος
1134 1193 1243 1247 τῶν
1286 1196 1343 1246 ἐν
1384 1193 1667 1265 Σαμαρείᾳ
1720 1192 2031 1263 βεϐασιλευ-

448 1282 626 1336 κότων
680 1284 772 1337 ἐπὶ
816 1284 906 1336 τὸν
964 1282 1200 1357 Ἰσραήλ⁶
1264 1304 1285 1338 ι
1321 1283 1603 1354 Ἠτιμώθη
1663 1284 1914 1354 Ἰεχονίας
1954 1282 2029 1347 ὡς

453 1372 667 1438 σκεῦος,
698 1370 759 1429 οῦ
782 1376 884 1429 οὐκ
922 1374 1038 1429 ἐστι
1066 1376 1225 1448 χρεία
1253 1376 1442 1441 αὑτοῦ,
1497 1376 1578 1429 ὅτι
1613 1375 1894 1447 ἐξερρίφη,
1936 1377 2031 1428 καὶ

451 1466 716 1537 ἐξεϐλήθη
743 1469 825 1531 είς
853 1471 977 1538 γῆν,
1006 1468 1072 1539 ἢν
1096 1470 1195 1522 οὐκ
1232 1468 1371 1539 ⁴ᾔδει.
1418 1468 1515 1538 Γῆ,
1541 1467 1635 1537 γῆ,
1672 1467 1836 1520 ἄκουε
1873 1466 2030 1535 λόγον

451 1559 684 1630 Κυρίου,
709 1558 921 1629 γράψον
948 1559 1039 1612 τὸν
1060 1558 1231 1629 ἄνδρα
1258 1557 1447 1610 τοῦτον
1472 1558 1810 1630 ἐκκήρυκτον
1832 1556 2033 1626 ἄνθρω-

452 1669 574 1707 πον.
628 1670 647 1702 ι
692 1649 997 1722 Ἦχρειώθη
1040 1649 1218 1703 τοίνυν
1260 1651 1289 1704 ό
1350 1648 1584 1720 Ἰσραὴλ,
1630 1648 1723 1703 καὶ
1757 1648 2027 1720 ἠτιμώθη.

450 1741 587 1795 Ποία
630 1742 739 1813 γὰρ
782 1741 943 1812 χρεία
988 1740 1166 1811 ψυχῆς
1208 1739 1289 1810 τῷ
1332 1739 1451 1810 Θεῷ
1497 1739 1878 1811 πλανωμένης,
1937 1740 2030 1792 καὶ

449 1834 947 1905 φιλαμαρτήμονος,
977 1834 1071 1885 καὶ
1103 1831 1513 1903 ἀποτρεχούσης
1546 1832 1781 1895 εὐκόλως
1810 1833 1889 1895 εἰς
1918 1832 2026 1885 πᾶν

2131 640 2356 695 forsitan
2404 641 2737 711 compulsus.
2768 641 2875 695 Aut
2903 655 3037 696 sane
3080 642 3205 711 quia
3252 644 3428 698 l'actus
3479 656 3564 699 est
3614 661 3706 699 vas

2133 730 2340 796 inutile,
2389 731 2589 787 idcirco
2630 742 2684 786 et
2712 734 3002 802 absorptus
3044 741 3145 797 est,
3206 744 3259 788 ct
3296 734 3479 791 relicta
3525 738 3703 805 patria

2132 824 2197 876 ad
2231 834 2418 893 gentes
2453 826 2881 896 transniigravit.
2915 823 3102 879 Simile
3131 826 3260 895 quid
3300 828 3377 880 ait
3406 827 3569 881 etiam
3604 844 3702 899 per

2130 914 2420 970 Jeremiam
2443 918 2682 972 omnium
2719 918 2982 973 Dominus
3014 920 3079 973 de
3104 921 3336 988 quodam
3373 936 3498 992 rege
3527 922 3700 976 Israe-

2138 1008 2201 1061 Iis
2236 1007 2289 1061 in
2331 1007 2575 1063 Samaria
2603 1028 2657 1064 ιι
2695 1009 3051 1064 Inbouoratus
3084 1021 3169 1065 est
3210 1010 3516 1079 Jeclionias,
3548 1016 3700 1083 quasi

2132 1114 2226 1153 vas
2284 1099 2438 1169 cujus
2478 1116 2586 1155 non
2643 1111 2729 1155 est
2768 1116 2898 1155 usus
2951 1102 3089 1169 ejus,
3130 1103 3255 1172 quia
3307 1103 3579 1174 projectus
3617 1118 3703 1162 εει

2133 1192 2185 1246 in
2231 1202 2430 1247 terram
2467 1208 2627 1261 quam
2664 1194 2957 1249 nesciebat.
2988 1193 3177 1262 Terra,
3213 1206 3381 1258 terra,
3420 1198 3544 1251 audi
3577 1213 3700 1253 ver-

2131 1285 2256 1338 bum
2300 1285 2531 1338 Domini.
2564 1286 2753 1341 Scribe
2791 1287 2962 1340 virum
3014 1286 3177 1341 istum
3237 1288 3543 1343 abdiCatum
3598 1291 3700 1344 lto-

2133 1376 2328 1429 minem
2352 1373 2450 1429 ³⁸.»
2489 1373 2687 1431 Factus
2714 1385 2798 1432 est
2826 1376 2992 1446 igitur
3019 1375 3224 1430 inutilis
3260 1388 3314 1431 et
3346 1378 3702 1434 inbonoralus

2130 1466 2314 1522 Israel.
2359 1467 2489 1535 Qua:
2520 1483 2752 1537 namque
2778 1469 2983 1524 utilitas
3004 1470 3072 1525 ab
3101 1470 3281 1524 anima
3313 1469 3408 1524 Dei
3434 1460 3696 1525 desertri-

2132 1576 2213 1622 ce,
2252 1569 2307 1613 et
2342 1560 2580 1630 peccatis
2609 1560 2811 1627 dedita,
2861 1570 2918 1617 et
2952 1560 3113 1617 facile
3141 1562 3194 1617 in
3237 1576 3399 1617 omne
3454 1577 3625 1632 genus
3668 1579 3701 1617 a

2133 1650 2337 1706 ratione
2372 1651 2780 1707 abhorrentium
2829 1653 3224 1723 praecipitante,
3266 1663 3323 1708 et
3351 1655 3497 1723 quod
3527 1655 3700 1710 malo-

2133 1757 2250 1796 rum
2292 1751 2454 1813 caput
2488 1750 2606 1806 est,
2648 1757 2678 1795 a
2706 1743 2969 1798 servitute
2999 1742 3093 1797 Dei
3121 1758 3243 1799 sese
3268 1750 3574 1810 avertente,
3599 1759 3699 1798 ex-

2129 1835 2417 1902 spectanda
2451 1833 2768 1902 estiQuam
2808 1835 2973 1905 igitur
3010 1835 3079 1890 ob
3109 1850 3329 1891 causam
3365 1836 3481 1890 haec
3508 1850 3702 1905 passus

446 1923 626 1977 ὁτιοῦν
656 1924 764 1976 τῶν
790 1922 1057 1988 ἐκτόπων,
1096 1923 1191 1976 καὶ
1209 1924 1289 1986 είς
1314 1923 1375 1975 τὸ
1400 1923 1616 1977 πάντων
1641 1923 1897 1977 ἐπέκεινα
1920 1922 2026 1976 τῶν

2130 1934 2211 1979 est
2251 1924 2464 1980 Israel?
2502 1943 2520 1977 ‹
2551 1924 2684 1993 Quia
2746 1926 2846 1995 ipsi
2896 1926 3277 1980 ascenderunt.
3311 1943 3329 1976 ι
3377 1924 3457 1978 Ad
3520 1924 3702 1980 hostes

446 2016 656 2081 κακῶν,
696 2014 795 2085 τῆς
824 2014 928 2067 ὑπὸ
957 2013 1090 2067 Θεοῦ
1126 2013 1367 2077 δουλείας
1399 2015 1500 2085 τὴν
1532 2014 1883 2085 ἀποστροφήν
1917 2031 1932 2078 ;
1965 2014 2030 2067 Τί

445 2105 541 2162 οὖν
566 2110 599 2179 ή
625 2108 774 2160 αίτία
805 2106 899 2160 τοῦ
929 2106 998 2160 τὰ
1019 2106 1197 2161 τοιάδε
1227 2107 1459 2177 πάσχειν
1480 2106 1569 2159 τὸν
1595 2104 1844 2177 Ἰσραήλ;
1876 2105 2030 2157 «Ὅτι

446 2202 603 2255 αὐτοὶ
634 2199 927 2269 ἀνέϐησαν.
955 2218 973 2251 ι
1005 2200 1307 2269 Μονονουχὶ
1350 2197 1480 2269 γὰρ,
1518 2196 1701 2267 φησιν,
1744 2195 2029 2267 αὐτόμολοι

447 2292 818 2363 δεδραμήκασι
848 2290 981 2362 πρὸς
1010 2288 1255 2360 ἐχθρούς.
1288 2288 1480 2358 Πῶς,ῆ
1504 2288 1623 2341 τίνα
1652 2288 1889 2358 τρόπον;
1930 2289 2027 2340 Δε·

447 2384 619 2447 διότες
645 2384 753 2452 γὰρ
778 2383 879 2454 τὴν
910 2380 1133 2436 ἐκείνων
1170 2380 1381 2450 ἔφοδον,
1429 2381 1491 2441 οὐ
1520 2379 1618 2448 τὴν
1651 2378 1785 2431 Θεοῦ
1831 2378 2030 2449 μᾶλλον

448 2474 770 2548 ἐπικουρίαν
825 2474 1070 2546 ἐζήτουν,
1134 2470 1656 2543 μεταγινώσκοντες.
1715 2470 1919 2539 Δώροις
1970 2470 2030 2524 δέ

452 2568 651 2640 μᾶλλον
704 2567 1157 2638 μεταπεπείκασι,
1210 2566 1596 2638 κατηρεμῆσαι
1653 2564 1850 2636 βραχὺ,
1910 2563 2030 2620 εἶτα

448 2661 547 2731 τήν
586 2660 795 2715 τοιάνδε
825 2659 1038 2729 σκέψιν,
1066 2658 1142 2722 ὡς
1171 2658 1385 2712 εἰκαίαν
1409 2658 1592 2723 αὐτοῖς
1623 2658 1907 2731 ἐσομένην,
1936 2660 2030 2712 καὶ

448 2753 741 2823 ἄχρηστον,
768 2753 990 2824 διαγελᾷ
1017 2752 1225 2824 τρόπον
1255 2751 1398 2819 τινὰ,
1429 2750 1603 2820 λέγων
1639 2750 1770 2821 περὶ
1805 2749 1915 2803 τῶν
1964 2752 2031 2804 ἐκ

450 2848 622 2917 φυλῆς
651 2846 892 2920 Ἐφραῒμ
922 2846 1408 2918 βεϐασιλευκότων,
1442 2848 1491 2900 οἳ
1524 2847 1619 2901 καὶ
1642 2844 1790 2919 δῶρα
1819 2846 2030 2917 πεπόμ-

446 2955 581 3007 φασι
634 2941 747 3002 τοῖς
797 2939 1100 3010 Ἀσσυρίων
1160 2939 1446 3010 τυράννοις
1476 2954 1493 2972 ο
1547 2958 1568 2991 ι
1603 2940 1853 2992 Ἀνέοαλε
1907 2940 2031 2993 καθ’

446 3030 636 3084 ἑαυτὸν
685 3031 944 3103 Ἐφραῒμ.
972 3050 991 3083 ι
1054 3032 1278 3101 ’Ὅμοιον
1329 3032 1405 3095 ὡς
1467 3033 1515 3083 εἰ
1565 3032 1751 3100 λέγοι·
1807 3031 2029 3084 Μέλλων

445 3124 807 3178 ἐκκόπτεσθαι
833 3123 1085 3195 καθάπερ
1107 3141 1159 3178 τι
1184 3125 1430 3195 στέλεχος
1457 3127 1485 3177 ὁ
1509 3126 1572 3177 ἐκ
1595 3124 1764 3195 φυλῆς
1794 3124 2028 3195 Ἑφραῖμ

448 3209 869 3279 βεϐασιλευκὼς,
910 3213 1004 3266 καί
1043 3209 1154 3266 οἷον
1190 3214 1292 3266 ὑπὸ
1325 3214 1495 3284 πυρὸς
1529 3214 1628 3283 τῆς
1665 3213 1813 3277 Θείας
1857 3214 2029 3285 ὀργῆς

2131 2016 2280 2082 quasi
2320 2015 2461 2071 ultro
2514 2016 2940 2088 transfugerunt.
2980 2016 3083 2084 Qui
3118 2016 3382 2071 tandem?
3420 2014 3698 2071 Timentes

2131 2107 2275 2161 cnim
2299 2107 2511 2163 illorum
2538 2108 2918 2178 irruptionem,
2940 2125 3068 2174 non,
3090 2117 3149 2164 ut
3164 2118 3407 2179 parerat,
3423 2110 3516 2166 Dei
3543 2125 3700 2180 opem

2130 2197 2457 2269 pmuitentes
2517 2209 2914 2269 poposcerunt;
2978 2200 3076 2255 sed
3145 2200 3458 2255 muneribus
3520 2203 3701 2271 potius

2132 2287 2236 2346 illis
2263 2289 2813 2358 persuaseruntaliud
2838 2328 2854 2355 ,
2886 2300 2944 2344 ut
2971 2291 3304 2359 aliquantum
3336 2291 3696 2361 quiescerent.

2132 2378 2333 2436 Deinde
2361 2380 2733 2450 hujuscemodi
2770 2381 3058 2436 consilium
3112 2389 3170 2436 ut
3225 2397 3420 2436 vanum
3462 2383 3592 2451 ipsis
3646 2392 3702 2437 et

2130 2469 2323 2526 inutile
2361 2469 2599 2525 futurum
2651 2471 2839 2527 irridet
2871 2472 3053 2543 aliquo
3105 2475 3284 2539 modo,
3322 2473 3480 2542 122
3512 2474 3701 2528 dicens

2131 2562 2197 2616 de
2250 2562 2468 2633 regibus
2528 2579 2595 2618 ex
2631 2564 2771 2618 tribu
2814 2565 3092 2635 Ephraim,
3120 2565 3212 2635 qui
3255 2574 3309 2619 et
3368 2566 3508 2620 dona
3537 2568 3700 2639 Assy-

2131 2654 2336 2709 riorum
2369 2656 2613 2727 tyrannis
2654 2657 2917 2711 miserunt
2946 2674 2962 2712 :
2998 2675 3016 2709 ι
3045 2656 3309 2713 Reﬂoruit
3340 2674 3436 2729 per
3465 2659 3698 2727 seipsqu

2130 2747 2409 2816 prraim.
2446 2768 2464 2800 ι
2498 2750 2573 2803 Ac
2618 2749 2664 2803 si
2700 2750 2841 2804 dicat
2876 2766 2890 2803 :
2930 2748 3337 2805 Exscindeudus
3384 2752 3523 2805 sicut
3550 2763 3701 2805 trun-

2130 2853 2227 2893 cus
2272 2854 2364 2894 rex
2418 2840 2486 2895 de
2546 2841 2686 2896 tribu
2728 2841 3008 2910 Epliraim,
3038 2851 3093 2896 et
3149 2852 3405 2912 tanquam
3456 2842 3525 2898 ab
3579 2844 3703 2914 igne

2130 2931 2324 2986 divina:
2397 2933 2492 2987 iraa
2542 2935 2963 2999 consumendus,
3010 2936 3250 2990 reﬂoruit
3306 2952 3403 3006 per
3437 2937 3698 3005 seipsum,

2130 3023 2233 3078 hoc
2265 3034 2370 3089 est,
2406 3024 2526 3079 sine
2569 3041 2689 3091 me;
2715 3035 2772 3081 et
2821 3026 3204 3096 aspirationem
3242 3042 3414 3081 meam
3446 3043 3553 3083 non
3602 3028 3702 3082 ha-

2131 3114 2284 3181 beus,
2316 3117 2524 3185 putavit
2571 3131 2631 3172 se
2656 3118 2946 3181 victurum,
2982 3125 3038 3173 et
3089 3118 3299 3173 radices
3340 3119 3478 3173 altas
3544 3128 3701 3173 actu-

2135 3224 2272 3274 rum,
2348 3219 2403 3263 et
2455 3211 2703 3263 thronum
2770 3226 2928 3265 suum
2994 3226 3099 3266 non
3167 3211 3512 3267 amissurum.
3559 3212 3703 3265 Emit

448 3303 951 3375 καταμαραίνεσθαι
978 3345 994 3369 ,
1049 3305 1274 3358 ἀνέθαλε
1308 3305 1433 3358 καθ’
1463 3306 1672 3368 ἑαυτὸν,
1725 3305 2023 3369 τουτέστιν,

2130 3299 2274 3353 enim
2300 3299 2614 3354 dilationem
2650 3301 2778 3355 mali
2810 3302 2875 3356 ad
2908 3309 3118 3370 tempus
3146 3304 3439 3367 modicum,
3478 3315 3703 3358 conten-

444 3395 581 3466 ἐμοῦ
613 3396 755 3467 δίχα,
786 3399 879 3450 καὶ
900 3396 1206 3467 σύμπνοιαν
1235 3396 1331 3467 τήν
1363 3397 1502 3467 ἐμὴν
1531 3398 1629 3450 οὐκ
1657 3396 1814 3467 ἔχων,
1846 3396 2019 3469 ᾠήθη,

446 3487 630 3557 φησὶν,
667 3489 748 3541 ὅτι
778 3488 1025 3559 ζήσεται,
1080 3490 1176 3543 καὶ
1199 3487 1359 3541 δώσει
1387 3488 1541 3559 ῥίζαν
1579 3490 1659 3552 εὶς
1699 3488 1883 3559 βάθος,
1929 3489 2021 3541 καὶ

440 3578 554 3629 τῶν
580 3578 724 3632 ἰδίων
749 3579 847 3632 οὐκ
867 3580 1288 3650 ἁπολισθήσεται
1314 3579 1538 3651 θρόνων.
1573 3581 1887 3653 Ἐξεπρίατο
1911 3580 2020 3653 γὰρ

445 3669 778 3741 πρόσκαιρόν
839 3688 898 3724 τε
958 3674 1050 3725 καὶ
1101 3672 1287 3742 ὀλίγην
1339 3672 1634 3744 ἀνάϐλησιν
1675 3673 1771 3725 τοῦ
1827 3671 2020 3739 κακοῦ,

443 3758 593 3829 δῶρα
622 3761 916 3831 ἀγαπήσας
959 3762 1022 3815 οὐ
1068 3761 1318 3832 δέχεσθαι
1360 3761 1583 3834 μᾶλλον,
1624 3760 1760 3815 ἀλλὰ
1797 3762 2018 3815 διδόναι.

444 3854 557 3905 Καὶ
584 3853 638 3906 τί
672 3855 734 3907 τὸ
774 3854 1051 3921 ἐντεῦθεν;
1110 3856 1299 3925 ὄφελος
1342 3854 1442 3926 μὲν
1480 3854 1654 3920 οὐδὲν,
1708 3853 2017 3926 παραδοθή-

2135 3401 2223 3445 tus
2261 3391 2398 3445 dona
2435 3406 2540 3447 non
2588 3392 2857 3460 accipere,
2898 3393 2992 3449 sed
3022 3394 3169 3449 dare.
3202 3394 3339 3460 Quid
3374 3394 3541 3449 inde?
3581 3394 3701 3450 Uti-

2128 3484 2254 3539 Iitas
2290 3483 2459 3539 nulla.
2515 3483 2823 3540 Tradentur
2888 3495 3069 3540 autem
3117 3487 3383 3557 gentibus,
3418 3496 3473 3541 et
3508 3501 3603 3555 per
3634 3502 3698 3543 ea

2127 3593 2248 3647 quae
2277 3576 2457 3632 futura
2487 3587 2613 3633 sunt
2653 3586 3002 3648 cognoscent,
3034 3579 3299 3633 neminem
3330 3580 3698 3648 regerminare

2130 3684 2225 3737 per
2275 3682 2355 3733 se,
2388 3684 2561 3739 neque
2611 3670 2867 3739 prodesse
2900 3669 3068 3725 Deum
3118 3669 3513 3726 olfendentibus
3556 3672 3696 3727 dona

2129 3763 2259 3815 dare
2300 3760 2595 3827 hostibus;
2650 3760 2808 3830 paqu
2836 3770 2957 3832 post
3004 3761 3148 3816 enim
3200 3762 3462 3831 supplicio
3512 3740 3735 3831 ειιΙιᾸιι-ἵ

2124 3852 2343 3909 cebunt.

446 3962 631 3998 σονται
660 3945 717 3999 δὲ
746 3949 856 4009 τοῖς
881 3947 1082 4015 ἔθνεσι,
1125 3949 1221 4003 καὶ
1259 3948 1328 4003 δι’
1369 3946 1548 4001 αὐτῶν
1578 3947 1877 4018 μαθήσουσι
1947 3947 2054 4000 τῶν
2092 3944 2544 4016 συμϐησομένων,
2572 3944 2647 4008 ὡς
2667 3944 2767 3997 οὐκ
2793 3944 2859 3999 ἄν
2921 3962 3005 4008 τις
3036 3944 3292 4000 ἀναθάλοι
3322 3946 3442 4000 καθ’
3481 3947 3695 4010 ἐαυτὸν,

441 4034 551 4087 οὐδ’
582 4036 645 4089 Ξιν
689 4037 900 4108 ὀνήσειε
948 4040 1075 4102 τοὺς
1128 4038 1247 4109 Θεῷ
1294 4037 1732 4110 προσκρούοντας
1777 4039 1838 4092 τὸ
1868 4037 2019 4109 δῶρα
2050 4036 2251 4091 διδόναι
2283 4037 2399 4100 τοῖς
2453 4034 2667 4108 ἐχθροῖς
2701 4050 2719 4066 ⁸

445 4129 689 4200 μακρὰν,
718 4133 785 4200 τῇ
816 4130 962 4202 δίκῃ.

511 4222 641 4277 Νῦν
653 4222 1000 4292 εἰσδέξομαι
1021 4223 1264 4290 αὐτοὺς,
1293 4224 1391 4277 καὶ
1414 4222 1757 4277 κοπάσουσι
1784 4221 2020 4292 μικρὸν,

440 4312 550 4369 τοῦ
578 4315 771 4383 χρίειν
800 4315 1069 4379 βασιλέα
1095 4316 1194 4370 καί
1220 4315 1535 4386 ἄρχοντας.

515 4406 630 4472 ιιΑι.
684 4406 949 4478 Ἀπάσης,
985 4406 1062 4472 ὡς
1102 4406 1232 4472 ἔπος
1269 4410 1465 4472 εἰπεῖν,
1527 4407 1627 4477 τῆς
1665 4405 1759 4460 τοῦ
1807 4405 2019 4478 Ἰσραὴλ
2051 4439 2099 4500 D

437 4498 783 4569 φαυλότητος
832 4497 1113 4569 παραίτιοι
1164 4498 1453 4567 γεγόνασιν
1495 4499 1546 4550 oi
1579 4498 1645 4550 ἐκ
1703 4495 1875 4566 φυλῆς
1926 4495 2022 4548 τοῦ

453 4590 693 4661 Ἐφραῖμ
739 4591 829 4643 ἐπ’
875 4590 1071 4655 αὐτοὺς
1135 4589 1603 4660 βεϐασιλευκὸτες.
1655 4587 1878 4659 Πρῶτος
1921 4584 2021 4657 μὲν

440 4683 551 4755 γὰρ
587 4684 616 4735 ὁ
652 4683 926 4754 ἐπάρατος
977 4680 1258 4754 Ίεροϐοὰμ
1300 4684 1397 4754 τῆς
1424 4679 1761 4743 ἁποστασίας
1794 4678 2021 4747 γέγονεν

437 4777 696 4847 εὑρετής,
743 4776 1006 4847 δαμάλεις
1051 4776 1236 4839 αὐτοῖς
1281 4776 1590 4847 ἀναστήσας
1649 4773 1875 4845 χρυσᾶς,
1926 4771 2019 4824 καὶ

435 4869 548 4923 τῶν
593 4869 945 4940 καλουμένων
993 4868 1234 4941 ὑψηλῶν,
1280 4867 1550 4931 τουτέστι,
1590 4866 1699 4919 τῶν
1736 4866 1795 4919 ἐν
1841 4864 2013 4934 ὄρεσι,

437 4961 535 5014 καὶ
587 4959 798 5031 βουνοῖς
829 4959 1071 5030 τεμενῶν
1116 4958 1380 5023 καθιστὰς
1419 4960 1603 5029 ἱερεῖς,
1640 4957 1764 5019 τοὺς
1807 4956 1909 5009 οὐκ
1953 4956 2019 5007 ἐκ

437 5051 612 5122 φυλῆς
648 5051 800 5115 Δευῒ,
837 5050 953 5104 ἀλλ’
983 5051 1097 5104 ὅσοι
1121 5049 1322 5121 μᾶλλον
1348 5067 1369 5101 ι
1409 5048 1707 5120 Ἐπλήρουν
1739 5046 1837 5119 τήν
1864 5046 2021 5117 χεῖρα

438 5142 642 5203 αὐτῶν,
668 5160 687 5195 ι
736 5140 878 5195 κατὰ
916 5141 978 5195 τὸ
1011 5141 1414 5214 γεγραμμένον.
1456 5136 1591 5194 Εἶτα
1636 5139 1752 5209 μετ’
1792 5140 2020 5205 ἐκεῖνον,

435 5235 547 5288 τῶν
584 5235 887 5307 Ἀσσυρίων
916 5234 1401 5305 προσδοκωμένων,
1446 5233 1505 5286 ἐν
1529 5231 1706 5302 καιρῴ
1733 5230 1833 5300 τῆς
1869 5230 2022 5300 βασι-

437 5329 590 5393 λείας
612 5329 859 5400 Μαναῖμ,
896 5328 1223 5399 πεπόμφασι
1259 5328 1537 5397 χρήματα,
1568 5323 1847 5385 πείθοντες
1885 5322 2022 5374 ἀπο-

441 5421 666 5493 σχέσθαι
704 5421 804 5492 τῆς
851 5423 974 5493 γῆς.
1015 5420 1284 5493 Ταύτῃτοι
1328 5417 1612 5488 δικαίωςή
1652 5415 1771 5469 θεία
1802 5414 2022 5482 γέγονεν

440 5512 639 5584 ἀπειλὴ
663 5512 810 5566 κατὰ
834 5512 938 5582 τῆς
974 5510 1273 5582 βασιλείας,
1314 5509 1414 5579 τῆς
1451 5510 1515 5561 ἐκ
1562 5506 1736 5577 φυλῆς
1782 5501 2023 5574 Ἐφραῖμ

438 5605 815 5676 γεγενημένης
862 5605 954 5657 ἐπὶ
1010 5602 1100 5656 τὸν
1160 5601 1393 5673 Ἰσραήλ.
1456 5618 1475 5651 ι
1504 5597 1616 5652 Νῦν
1668 5598 1776 5667 γὰρ
1823 5596 2021 5660 αὐτοὺς

442 5698 770 5767 εἰσδέξομαι,
803 5716 821 5748 ι
862 5697 1047 5766 φησὶν,
1091 5695 1188 5765 οὐχ
1212 5694 1285 5758 ὡς
1318 5693 1519 5765 τρόπον
1549 5691 1767 5761 ἔχοντας
1795 5686 2019 5757 ἀγαθὸν,

512 5881 560 5915 ³⁸
590 5878 703 5937 iet.
747 5896 881 5948 ml,
914 5878 1112 5935 28-50.

2761 4036 3140 4091 ὑποκείσονται
3177 4037 3305 4109 γὰρ,
3347 4038 3439 4092 καὶ
3472 4040 3571 4093 οὐκ
3615 4042 3695 4102 εἰς

2201 4210 2367 4268 Vens.
2392 4211 2482 4270 10.
2514 4209 2569 4265 Ν
2573 4229 2672 4266 unc
2689 4213 2973 4283 suscipiam
2995 4232 3104 4283 eos,
3127 4228 3173 4271 et
3197 4220 3460 4288 quiescent
3479 4236 3692 4291 paruam

2128 4321 2185 4358 ut
2211 4314 2407 4375 ungunt
2436 4321 2607 4374 regem
2631 4314 2682 4359 et
2713 4306 2994 4378 principes.

2196 4395 2328 4451 XCI.
2375 4394 2563 4453 Omnis
2592 4396 2948 4467 improbitatis
2971 4398 3158 4467 Israel,
3198 4410 3257 4454 ut
3280 4402 3453 4457 dicam
3480 4407 3692 4473 paucis,

2127 4501 2291 4542 causa
2326 4486 2564 4552 fuerunt,
2596 4488 2685 4557 qui
2740 4488 2807 4543 de
2867 4489 3007 4544 tribu
3056 4489 3312 4559 prraim
3356 4508 3574 4564 regnum
3638 4498 3694 4553 in

2128 4591 2223 4631 eos
2293 4586 2606 4631 tenuerunt.
2666 4576 2879 4633 Primus
2936 4579 3080 4633 enim
3137 4588 3507 4641 exsecrandus
3551 4588 3696 4642 .Iero-

2127 4667 2285 4722 beam
2334 4668 2617 4736 apostasia
2664 4668 2910 4724 inventor
2933 4668 3061 4745 fuit,
3092 4677 3309 4743 quando
3340 4675 3470 4744 ipsis
3521 4679 3696 4733 erexit

2125 4761 2259 4814 duos
2287 4759 2503 4826 vitulos,
2554 4769 2610 4815 et
2668 4765 2879 4816 excelsa
2932 4778 3051 4832 quae
3104 4774 3385 4833 vocantur,
3435 4776 3537 4822 hoc
3588 4777 3691 4833 est,

2125 4851 2318 4920 templa
2348 4852 2400 4906 in
2435 4852 2705 4908 montibus
2746 4862 2801 4908 et
2832 4853 3076 4919 collibus,
3107 4858 3412 4913 constitutis
3441 4863 3695 4914 sacerdo-

2124 4943 2266 4998 tibus
2316 4945 2406 5014 qui
2436 4961 2539 5001 uon
2565 4955 2719 5000 erant
2765 4947 2833 5000 de
2864 4947 3005 5002 tribu
3053 4945 3202 5017 Levi,
3239 4951 3333 5005 sed
3371 4952 3461 5019 qui
3509 4953 3687 5023 potius

2132 5055 2151 5087 ι
2190 5036 2477 5107 implerent
2524 5053 2739 5092 manum
2792 5053 2943 5094 suam
2975 5042 3019 5073 ²⁹
3049 5080 3064 5105 ,
3110 5061 3128 5093 ι
3178 5052 3235 5096 ut
3278 5045 3536 5113 scriptum
3586 5055 3688 5099 est.

2126 5127 2330 5186 Deinde
2366 5138 2485 5199 post
2539 5129 2713 5193 illum,
2777 5144 2897 5184 cunt
2945 5131 3152 5202 Assyrii
3209 5144 3688 5203 exspectarentur,

2130 5231 2386 5292 regnante
2418 5219 2681 5285 Manaim,
2714 5222 2973 5277 miserunt
3013 5225 3292 5292 pecunias,
3348 5226 3546 5294 quibus
3594 5241 3690 5279 eos

2128 5330 2157 5367 a
2189 5313 2506 5367 vastitudine
2536 5311 2818 5368 inferenda
2856 5315 3187 5370 abstinerent
3215 5315 3279 5367 ³ο.
3318 5315 3496 5381 Quare
3526 5318 3692 5371 meri-

2129 5419 2180 5463 to
2211 5408 2369 5463 minae
2416 5416 2604 5463 contra
2655 5422 2898 5477 regnum,
2929 5421 2996 5462 ex
3031 5405 3168 5459 tribu
3228 5404 3481 5475 Epliraim
3527 5420 3692 5475 super

2125 5498 2288 5554 Israel
2319 5497 2619 5553 institutqu
2651 5498 2908 5553 divinitus
2961 5498 3234 5551 intentata:
3294 5505 3441 5551 sunt.
3480 5514 3500 5548 ι
3540 5496 3693 5552 Nunc

2125 5591 2268 5647 enim
2302 5605 2397 5647 eos
2428 5590 2715 5661 suscipiam
2741 5630 2758 5657 ,
2782 5609 2800 5643 ι
2834 5590 3025 5660 inquit,
3058 5605 3160 5644 non
3185 5599 3239 5644 ut
3260 5592 3395 5645 bene
3430 5603 3693 5656 moratos,

2127 5698 2299 5753 neque
2340 5683 2677 5753 ut0ptimam
2730 5683 2942 5738 vivendi
2976 5682 3114 5737 viam
3176 5685 3467 5752 ingressos,
3520 5697 3694 5755 neque

1192 5879 1234 5909 ²¹
1272 5874 1334 5930 ιιι
1369 5874 1499 5943 Reg.
1540 5888 1658 5939 xm,
1692 5874 1778 5928 '53.
1867 5872 1909 5903 ³⁰
1940 5868 2005 5926 IV
2040 5868 2170 5939 Reg.
2214 5883 2300 5933 xv,
2337 5865 2423 5920 19.
