4110 6368
461 417 565 473 207

1494 412 1550 468 S.
1595 410 1862 467 CYRILLI
1903 399 2369 465 ALEXANDIUNI
2409 408 2729 465 ARCIHEP.

3589 410 3698 467 208

464 533 709 605 legalium
752 532 1139 611 institutorum
1173 529 1415 598 cupidos,
1450 528 1543 583 sed
1590 538 1648 583 ut
1679 538 1954 584 corrector
1986 544 2012 580 e

2140 525 2260 578 οὐδὲ
2298 524 2373 588 ὡς
2401 526 2599 595 ἄριστα
2630 524 2777 594 βιοῦν
2803 524 3108 595 ἑλομένους,
3152 524 3275 579 οὔτε
3312 524 3420 596 μὴν
3452 526 3592 580 κατά
3619 527 3717 581 τὶν

462 637 650 694 poenas
674 621 916 692 exigens,
945 628 1000 674 et
1026 618 1131 686 jam
1176 616 1241 671 ad
1272 617 1534 687 judicium
1569 632 1788 672 vocans.
1817 616 2035 686 Suppli-

461 717 545 768 cia
577 713 743 777 enim,
797 725 920 781 quae
954 711 1123 764 iratus
1191 707 1534 771 inveherem,
1564 708 1837 778 praeterito
1896 717 2034 760 tem-

462 817 594 876 pore
644 818 713 859 ex
761 800 1175 857 mansuetudine
1222 799 1427 854 distuli.
1492 797 1601 854 Sed
1633 814 1775 853 nunc
1809 816 1827 849 ι
1860 798 2034 853 susci-

458 898 600 967 piam
630 909 744 962 eos,
787 912 806 947 ο
836 893 1029 965 inquit,
1060 902 1119 948 ut
1154 892 1413 947 malorum
1451 891 1781 960 experientia
1826 889 2035 944 discant

458 988 673 1041 tandem
715 999 774 1040 se
827 985 927 1039 sub
980 982 1230 1050 Domino,
1268 998 1366 1036 nec
1402 990 1550 1036 extra
1595 994 1812 1034 manum
1860 994 2033 1034 meam

463 1095 606 1135 esse.
664 1077 777 1133 Non
818 1085 996 1132 autem
1031 1091 1220 1147 poenas
1255 1075 1468 1129 diutius
1499 1073 1721 1128 dilatum
1748 1073 1833 1139 iri,
1887 1081 2035 1128 certo

472 1181 721 1237 testatur,
749 1170 948 1226 utendo
974 1168 1239 1239 particula
1288 1184 1449 1223 nunc.
1494 1166 1741 1235 Suscepti
1786 1165 1949 1241 igitur
1978 1174 2035 1218 ut

460 1264 842 1332 corripiantur,
877 1262 1129 1330 deinceps
1159 1274 1363 1327 ungere
1422 1274 1603 1329 regem
1656 1268 1710 1312 et
1759 1256 2031 1327 principes

471 1355 755 1415 desistent.
788 1352 1028 1422 Assyriis
1079 1365 1317 1420 namque
1346 1359 1400 1405 et
1430 1349 1597 1404 Medis
1630 1346 2033 1408 servientes,ad

456 1461 619 1515 opera
654 1444 934 1513 apostasia;
981 1440 1370 1510 frequentanda
1421 1440 1564 1509 quod
1627 1438 1841 1492 tandem
1866 1438 2033 1492 otium

457 1538 740 1599 haberent,
770 1534 925 1604 123
960 1533 1315 1587 lamentantes
1356 1530 1652 1593 assidue,et
1695 1530 2033 1599 inexspecta-

458 1637 563 1681 tam
630 1626 992 1680 calamitatem
1054 1621 1432 1690 deplorantes?
1492 1619 1779 1675 Sciendum
1831 1628 2031 1689 autem,

457 1726 744 1788 postquam
807 1715 980 1787 Cyrus
1053 1712 1335 1783 Cambysae
1397 1712 1539 1767 ﬁlius
1587 1711 1838 1767 lsraelem
1897 1711 2033 1765 libe-

455 1826 574 1863 rum
597 1809 825 1874 dimisit,
850 1824 952 1862 non
983 1808 1147 1862 fuisse
1175 1815 1369 1860 unctos
1401 1804 1454 1859 in
1496 1804 1740 1858 Samaria
1785 1804 1852 1858 de
1887 1801 2029 1856 tribu

2136 617 2301 687 νόμον
2334 616 2607 678 πολιτείας
2636 615 2975 685 ἐφιεμένους,
3008 616 3124 670 ἀλλ’
3162 616 3239 680 ὡς
3270 616 3581 689 παιδευτὴς,
3614 621 3711 673 καὶ

2133 708 2288 770 δίκας
2316 705 2499 769 αἰτῶν,
2538 706 2631 759 καὶ
2662 706 2765 758 ὑπὸ
2793 706 2970 777 κρίσιν
2999 707 3098 777 ἤδη
3127 706 3328 761 καλῶν.
3357 708 3588 779 Παρῆκα
3613 709 3713 779 μὲν

2134 798 2245 869 γὰρ
2267 798 2326 864 ἐξ
2352 797 2690 869 ἡμερότητος
2715 799 2796 860 εἰς
2834 796 3124 867 ὑπέρθεσιν
3151 798 3218 850 τὰ
3250 798 3315 851 ἐκ
3346 798 3497 861 θείας
3516 798 3705 867 ὀργῆς,

2134 889 2278 942 κατά
2294 889 2385 943 τὸν
2412 890 2513 960 ἤδη
2542 890 2909 960 παρῳχηκότα
2937 890 3146 960 καιρόν.
3178 889 3336 943 Ἀλλά
3371 888 3493 941 «νῦν
3516 890 3711 955 αὐτοὺς

2135 980 2464 1051 εἰσδέξομαι,
2490 998 2509 1031 ι
2549 982 2733 1050 φησὶν,
2787 981 2873 1035 ’ίνα
2917 983 2981 1051 τῇ
3013 979 3121 1033 τῶν
3155 980 3342 1034 δεινῶν
3374 983 3542 1052 πείρᾳ
3576 998 3710 1052 μαν-

2135 1070 2339 1125 θάνωσι
2375 1071 2546 1141 μόλις,
2583 1072 2663 1124 ὅτι
2712 1071 2806 1124 καὶ
2854 1071 2959 1123 ὑπὸ
3004 1071 3272 1139 δεσπότην
3309 1070 3435 1133 εἰσὶ,
3483 1071 3575 1124 καὶ
3612 1071 3713 1140 τῆς

2136 1163 2278 1233 ὲμῆς
2305 1163 2406 1216 οὐκ
2443 1162 2547 1229 ἔξω
2584 1162 2785 1233 χειρός.
2821 1163 2943 1215 Ὀτι
2974 1162 3053 1224 δὲ,
3086 1162 3187 1214 οὐκ
3218 1163 3297 1224 εἰς
3319 1161 3616 1231 ἀνάδλησιν
3641 1164 3710 1215 τὰ

2133 1254 2195 1318 ἐξ
2234 1254 2426 1324 ὀργῆς,
2453 1254 2533 1307 ἔτι
2569 1254 3052 1324 πεπληροφόρηκε,
3083 1252 3254 1321 λέγων
3300 1254 3382 1318 τὸ,
3422 1253 3536 1306 νῦν.
3584 1254 3711 1306 Eia-

2131 1343 2409 1414 δεχθέντες
2462 1344 2526 1415 δὴ
2585 1340 2676 1397 οὖν
2731 1345 2818 1397 ἵνα
2882 1343 3260 1408 παιδεύωνται,
3336 1343 3708 1398 πεπαύσονται

2132 1435 2317 1489 λοιπὸν
2341 1436 2436 1489 τοῦ
2459 1436 2634 1507 χρίειν
2659 1436 2884 1506 βασιλέα
2913 1436 3008 1490 καί
3049 1436 3334 1505 ἄρχοντας.
3358 1434 3708 1498 Δουλεύοντες

2132 1528 2242 1597 γὰρ
2282 1529 2585 1599 Ἀσσυρίοις
2613 1530 2709 1581 καὶ
2736 1529 2959 1599 Μήδοις,
2986 1528 3143 1582 ποίαν
3166 1527 3274 1599 γὰρ
3304 1526 3460 1597 ἔσχον
3513 1527 3709 1598 σχολὴν

2131 1620 2201 1672 τά
2224 1620 2322 1690 τῆς
2350 1619 2687 1684 ἁποστασίας
2716 1620 2853 1690 ἔργα
2880 1619 3142 1691 πληροῦν,
3167 1619 3283 1688 οἵγε
3312 1621 3407 1673 καὶ
3433 1617 3708 1688 κατοιμώ-

2132 1711 2318 1777 ξοντες
2383 1714 2681 1778 διετέλουν,
2731 1713 2826 1767 καὶ
2873 1713 2973 1783 τὴν
3027 1712 3288 1783 ἀδόκητον
3340 1710 3707 1779 κατεθρήνουν

2136 1804 2459 1873 συμφοράν;
2516 1804 2712 1858 ’ἰστέον
2756 1803 2813 1857 δὲ
2842 1805 2947 1868 ὅτι,
2981 1802 3119 1872 μετὰ
3181 1802 3243 1854 τὸ
3280 1802 3490 1855 ἀνεῖναι
3524 1800 3706 1871 Κῦρον

458 1900 739 1969 Ephraim,
776 1899 870 1953 sed
895 1912 1091 1953 censos
1141 1898 1209 1951 ab
1239 1910 1345 1951 uno
1383 1896 1512 1967 jugo
1540 1909 1747 1959 omnes,
1781 1892 2018 1950 Hieroso-

2132 1895 2226 1949 τοῦ
2278 1894 2577 1965 Καμϐύσου
2630 1893 2730 1963 τῆς
2783 1893 3158 1967 αἰχμαλωσίας
3206 1893 3297 1948 τὸν
3351 1892 3586 1963 Ἰσραὴλ,
3642 1892 3703 1945 ού

455 1992 615 2061 lymis
644 1992 710 2045 de
744 1990 883 2045 tribu
926 1987 1061 2043 Juda
1109 1988 1478 2058 regnantibus.
1527 1986 1643 2043 Non
1702 1988 1845 2041 enim
1889 1986 2033 2043 ultra,

451 2081 665 2135 divisim
720 2079 1055 2143 habitabant,
1097 2079 1188 2133 sed
1219 2076 1610 2148 Hierosolymis
1652 2077 1910 2132 universi.
1944 2076 2027 2131 ln-

449 2172 577 2240 cipit
609 2181 787 2226 autem
820 2172 1027 2240 primus
1058 2180 1181 2238 post
1207 2170 1575 2239 captivitatem
1605 2177 1788 2222 tenere
1807 2177 2019 2222 utrum-

449 2271 557 2326 que
587 2272 828 2326 regnum,
877 2256 1064 2323 Israel,
1096 2263 1336 2324 inquam,
1366 2268 1415 2311 et
1448 2256 1611 2323 Inda,
1635 2257 1749 2311 sive
1780 2257 2017 2311 omnium

2142 1984 2451 2055 (εχρίκασιν
2498 1987 2557 2038 ὲν
2607 1986 2892 2055 Σαμαρείᾳ
2938 1986 3065 2049 τοὺς
3103 1986 3168 2037 ἐκ
3212 1983 3388 2053 φυλῆς
3443 1981 3699 2053 Ἐφρατμ,

2127 2075 2241 2128 ἀλλ’
2271 2076 2357 2144 ὑφ’
2380 2075 2477 2129 ’ἐνα
2508 2075 2707 2139 πάντες
2730 2077 2986 2145 γεγόνασι
3012 2076 3196 2144 ζυγὸν,
3230 2074 3616 2145 βασιλευόντων
3642 2075 3701 2126 ἐν

2134 2168 2528 2238 Ἰεροσολύμοις
2556 2168 2662 2221 τῶν
2684 2169 2742 2234 ἐξ
2776 2167 2945 2221 Ἰούδα
2972 2168 3163 2237 φυλῆς.
3194 2168 3566 2237 Κατῳκήκασι
3594 2164 3703 2235 γὰρ

2122 2258 2307 2311 οὐκέτι
2383 2259 2749 2331 διῃρημένως,
2832 2260 2947 2313 ἀλλ’
3001 2262 3059 2312 ὲν
3130 2262 3242 2323 τοῖς
3313 2257 3703 2331 Ἰεροσολύμοις

447 2348 730 2403 duodecim
793 2349 1053 2413 tribuum,
1113 2349 1411 2404 Zorobabel
1467 2348 1613 2404 ﬁlius
1668 2348 1929 2405 Salathiel
1964 2350 2018 2403 de

2134 2351 2389 2412 ἅπαντες.
2422 2352 2685 2420 ’Δρχεται
2705 2350 2761 2403 δὲ
2802 2350 3013 2421 πρῶτος
3050 2350 3188 2421 μετά
3232 2352 3357 2413 τοὺς
3390 2350 3489 2419 τῆς
3538 2350 3702 2418 αἰχμ-

450 2440 587 2493 tribu
638 2437 773 2494 Juda
800 2440 867 2502 ⁸³,
899 2438 1025 2494 Jesu
1058 2440 1167 2495 ﬁlio
1210 2439 1435 2496 Josedec
1512 2440 1755 2509 principe
1821 2441 2018 2512 ordini,

2134 2443 2371 2506 αλωσίας
2401 2444 2624 2512 καιροὺς
2650 2442 2749 2511 τῆς
2780 2443 2867 2496 ἐπ’
2899 2444 3102 2513 ἀμφοῖν
3145 2442 3445 2513 βασιλείας,
3476 2442 3617 2512 φημί
3639 2438 3707 2509 δὴ

448 2528 688 2595 Levitici,
723 2540 777 2587 et
817 2533 1011 2587 summi
1053 2532 1337 2587 sacerdotii
1389 2532 1755 2587 ministerium
1799 2533 2018 2587 admini-

2131 2535 2229 2586 τοῦ
2268 2552 2327 2587 τε
2370 2535 2584 2606 Ἰσραὴλ
2634 2535 2728 2587 καὶ
2770 2535 2865 2587 τοῦ
2904 2535 3098 2598 Ἰούδα,
3148 2535 3264 2604 ἦτοι
3315 2533 3505 2587 πασῶν
3530 2531 3704 2604 ἀπαξο

452 2631 680 2676 strante.
2130 2622 2314 2685 απλῶς
2340 2623 2447 2676 τῶν
2471 2623 2791 2676 δυοκαίδεκα
2826 2623 3008 2692 φυλῶν
3036 2624 3337 2695 Ζοροϐάϐελ
3367 2624 3396 2677 ὁ
3425 2622 3515 2676 τοῦ
3532 2623 3702 2675 Σαλα-

449 2715 574 2785 θιὴλ
598 2718 661 2769 ὲκ
690 2716 861 2786 φυλῆς
904 2715 1093 2781 Ἰούδα,
1126 2715 1237 2770 τῶν
1307 2717 1613 2771 Λευιτῖκῶν
1682 2714 2093 2787 καθηγουμένου
2129 2716 2446 2786 ταγμάτων,
2502 2717 2598 2771 καὶ
2650 2721 2748 2787 τήν
2796 2718 2897 2787 τῆς
2958 2717 3368 2789 ἀρχιερωσύνης
3424 2716 3702 2772 διέποντος

446 2810 789 2882 λειτουργίαν
850 2811 1024 2880 Ἰησοῦ
1073 2810 1168 2864 τοῦ
1228 2812 1493 2879 Ἰωσεδὲκ,
1544 2811 1637 2865 τοῦ
1689 2811 1879 2882 ἱερέως
1930 2811 2021 2865 τοῦ
2061 2812 2319 2880 μεγάλου.

520 2902 684 2958 Vens.
717 2904 806 2969 11,
844 2903 931 2957 12.
962 2903 1103 2968 Quia
1135 2904 1500 2973 multiplicauit
1546 2904 1800 2975 Ephraim
1830 2907 2022 2960 altaria

446 2997 499 3049 in
524 2996 913 3066 peccata,farla
945 3004 1064 3048 sunt
1092 2996 1138 3048 ei
1164 2998 1358 3050 altaria
1388 2998 1600 3051 dilecta.
1628 2997 1938 3052 Describam
1976 3014 2024 3096 εἰ

446 3091 852 3152 multitudinem,
894 3100 939 3144 et
965 3089 1195 3159 legitima
1225 3088 1522 3147 eorumJn
1556 3089 1741 3146 aliena’
1766 3101 2004 3161 reputata

446 3193 566 3235 sunt
596 3184 641 3236 ei
667 3181 862 3235 altaria
891 3184 1101 3237 dilecta.

516 3357 670 3413 XCII.
701 3358 929 3414 Causam
960 3360 1188 3430 profert,
1227 3370 1445 3430 propter
1484 3377 1647 3432 quam
1693 3360 1838 3432 juste
1864 3373 2016 3431 pote-

447 3458 557 3503 stas
574 3450 718 3521 regia
744 3450 961 3505 tollatur
984 3450 1035 3505 in
1058 3451 1543 3522 posterum.Longe
1561 3453 1789 3524 plurima
1817 3455 2015 3525 quippe

445 3540 634 3593 altaria
660 3540 712 3594 in
738 3548 1088 3610 peccat-a,seu
1115 3541 1182 3595 ad
1213 3544 1545 3612 peccandum
1578 3544 1709 3599 fecit
1736 3545 2010 3616 Epliraim.

445 3631 706 3702 Taugitur
736 3633 884 3701 prior
910 3632 1218 3701 Jeroboam,
1249 3634 1340 3705 qui
1374 3635 1439 3690 de
1467 3636 1605 3690 tribu
1639 3637 1891 3706 Epltraim
1920 3654 2014 3692 na-

445 3732 532 3777 tus
554 3724 816 3794 regnavit,
853 3734 909 3779 et
943 3726 1034 3795 qui
1065 3740 1189 3781 eum
1220 3727 1411 3783 ordine
1440 3738 1791 3796 exceperunt,
1814 3729 2013 3797 quique

445 3816 499 3867 iu
534 3814 681 3868 omni
724 3824 905 3868 monte
928 3825 982 3867 et
1010 3815 1149 3871 colle
1179 3830 1305 3871 aras
1338 3816 1671 3873 daemonibus
1697 3828 2011 3884 erexerunt,

444 3916 498 3958 ct
551 3905 819 3961 Israelitas
849 3905 916 3961 ad
968 3908 1384 3962 sacrificandum
1426 3908 1777 3965 induxerunt.
1810 3912 2014 3967 Deinde

445 4012 565 4051 cum
579 4011 739 4065 super
753 3998 887 4053 adeo
910 4000 1141 4056 infandis
1167 3999 1495 4056 facinoribus
1526 4001 1706 4056 dolere
1734 4002 2011 4067 deberent,

450 4106 468 4138 ι
492 4088 914 4158 multiplicarunt
953 4092 1095 4145 enim
1127 4091 1318 4146 altaria
1352 4092 1406 4146 in
1445 4104 1718 4163 peccata,»
1745 4092 2010 4159 fecerunt,

446 4180 639 4251 inquit,
658 4181 820 4236 etiam
844 4202 862 4234 ι
890 4182 1081 4238 dilecta
1149 4191 1203 4237 et
1234 4183 1453 4253 insuper
1478 4184 1531 4239 in
1558 4185 1730 4241 aliena
1765 4198 2012 4257 reputata

445 4269 716 4336 suntilli,s
743 4271 929 4341 utique
948 4271 1251 4340 Ephraim,c
1267 4272 1453 4328 altaria
1479 4274 2015 4347 dilectaaSignilicat

444 4358 602 4429 plane
632 4360 683 4415 iu
716 4361 881 4415 veteri
901 4361 1265 4428 tabernaculo,
1294 4364 1405 4418 sive
1432 4363 1819 4437 Hierosolymis
1853 4368 1903 4423 in
1934 4369 2013 4423 di-

441 4452 567 4505 vino
585 4450 778 4521 templo
807 4452 997 4521 posita.
1024 4451 1191 4507 Erant
1214 4464 1393 4509 autem
1420 4454 1546 4521 duo,
1575 4471 1736 4511 unum
1770 4458 2011 4512 victima-

444 4558 562 4596 rum
612 4543 665 4597 in
711 4544 886 4613 primo
938 4560 1030 4600 seu
1070 4548 1341 4602 exteriore
1385 4548 1752 4616 tabernaculo,
1785 4550 2010 4605 alterum

446 4632 806 4703 thymiamatis
832 4649 1075 4700 aureum,
1102 4636 1155 4690 in
1186 4637 1426 4693 secundo
1450 4647 1504 4692 et
1533 4639 1726 4693 intimo
1758 4639 2009 4695 taberna-

443 4723 565 4778 culo
582 4723 648 4778 ³³.
680 4722 841 4778 Multa
878 4726 1040 4794 igitur
1070 4739 1256 4797 regum
1282 4727 1741 4796 Ephraimitarum
1767 4731 2005 4787 scelera:

443 4815 676 4883 primum
707 4815 944 4885 quidem,
975 4817 1101 4885 quia
1124 4817 1552 4888 multiplicarunt
1580 4820 1767 4876 altaria
1802 4821 1855 4876 in
1887 4838 2009 4892 pec-

444 4915 601 4965 rata;
630 4914 835 4974 postea,
862 4907 986 4974 quia
1016 4916 1071 4961 et
1108 4906 1301 4961 dilecta
1333 4907 1601 4976 fecerunt,
1635 4908 1706 4964 ob
1751 4926 1870 4978 qum
1890 4914 2011 4982 jure

444 4996 728 5050 lamentari
758 5006 811 5051 et
845 4996 1027 5069 lugere
1066 4998 1395 5061 debuissent,
1428 5010 1484 5055 ut
1515 5003 1606 5071 qui
1641 5001 1808 5058 Deum
1841 5004 2012 5059 οπεο-

443 5090 678 5156 dissent;
731 5100 787 5146 et
824 5091 968 5159 quod
1012 5090 1185 5161 majus
1224 5100 1330 5158 est,
1364 5101 1422 5145 ut
1462 5094 1554 5163 qui
1606 5094 1657 5147 in
1702 5098 2007 5152 vecordiam

444 5183 722 5246 abiissent,
767 5182 1048 5251 alienaque
1085 5184 1363 5239 duxissent
1412 5185 1604 5239 dilecta
1632 5186 1846 5253 altaria,
1891 5205 2010 5260 qua:

445 5275 579 5329 adeo
601 5274 826 5345 diligere
869 5284 923 5329 et
944 5275 1091 5329 omni
1121 5278 1422 5330 reverentia
1442 5279 1690 5346 prosequi
1721 5283 2010 5335 convenie-

444 5368 551 5419 bat.
586 5366 925 5436 lnterjectum
960 5378 1041 5422 est
1080 5378 1296 5423 autem:
1328 5388 1347 5421 ι
1372 5368 1705 5437 Describam,
1755 5387 1847 5427 seu
1877 5389 2011 5429 cun-

443 5456 673 5511 scribam
706 5458 755 5511 ei
784 5458 1178 5514 multitudinem
1203 5472 1258 5514 et
1284 5461 1519 5529 legitima
1551 5462 1685 5530 ejus.
1708 5483 1727 5518 ι
1764 5464 2005 5531 Quonam

442 5548 649 5604 sensu?
681 5550 838 5622 124
866 5550 1254 5607 Multitudiuem
1295 5554 1437 5607 enim
1489 5554 1776 5622 altarium,
1810 5558 2003 5627 inquit,

444 5642 498 5695 in
540 5653 757 5711 peccata
788 5646 854 5699 ab
901 5645 1034 5715 ipsis
1067 5655 1520 5705 constructorum.
1557 5658 1610 5704 et
1639 5650 1877 5722 legitima
1920 5667 2006 5707 eo-

512 5814 557 5847 ⁸⁸
589 5813 789 5871 lEsdr.
819 5832 895 5876 Ill,
931 5816 982 5871 8.
1059 5818 1101 5848 ³²
1143 5819 1308 5873 Exod.
1354 5837 1441 5884 ιι,
1470 5821 1558 5876 27.

2197 2908 2326 2960 Ὅτι
2400 2907 2745 2974 ἐπλήθυνεν
2824 2907 3073 2976 Ἐφραῒμ
3136 2903 3535 2973 θυσιαστήρια
3613 2905 3701 2969 εἰς

2124 2998 2433 3066 ἁμαρτίας,
2485 2999 2762 3068 ἐγένοντο
2808 2998 2968 3063 αὐτῷ
3018 2997 3416 3065 θυσιαστήρια
3467 2997 3698 3065 ἠγαπη-

2120 3090 2294 3156 μένα.
2324 3089 2697 3160 Καταποάψω
2746 3090 2905 3155 αὐτῷ
2934 3090 3188 3159 πλῆθος,
3244 3089 3341 3142 καὶ
3370 3089 3443 3142 τὰ
3480 3089 3699 3156 νόμιμα

2044 3174 2086 3231 C
2120 3178 2339 3235 αὐτῶν.
2390 3183 2493 3245 Εἰς
2521 3182 2805 3249 ἀλλότρια
2838 3182 3249 3253 ἐλογίσθησαν
3280 3178 3439 3243 αὐτῷ
3486 3182 3697 3232 θυσια-

2116 3271 2335 3341 στήρια
2364 3273 2437 3325 τὰ
2458 3272 2833 3343 ήγαπημένα.

2184 3366 2297 3431 1,,Βθ.
2356 3366 2656 3435 Ἐξηγείται
2708 3362 2807 3435 τὴν
2849 3362 3051 3429 αἰτίαν,
3102 3362 3167 3417 δι’
3213 3362 3279 3433 ἢν
3326 3360 3546 3424 εἰκότως
3582 3360 3695 3421 τοῖς

2115 3456 2455 3527 βασιλεύουσι
2496 3458 2557 3509 τὸ
2605 3457 2995 3510 ἀποπεσεῖσθαι
3023 3456 3121 3527 τῆς
3147 3456 3319 3527 ἀρχῆς
3349 3454 3476 3516 δεῖν,
3504 3453 3695 3521 ἐπιφέ-

2117 3566 2196 3619 ρει
2218 3548 2420 3603 λοιπόν.
2450 3548 2680 3601 Πλεῖστα
2704 3548 2803 3619 μὲν
2833 3548 2942 3618 γὰρ
2967 3548 3065 3600 ὅσα
3099 3547 3479 3616 θυσιαστήρια,
3512 3543 3580 3597 τὰ
3613 3546 3697 3607 εἰς

2112 3642 2389 3711 ἁμαρτίας
2412 3640 2708 3709 πεποίηται
2739 3638 2817 3709 τῷ
2852 3640 3110 3709 Ἐφραΐμ.
3148 3640 3343 3691 "Amat
3378 3637 3435 3690 δὲ
3473 3639 3501 3690 ὁ
3536 3636 3693 3703 λόγος

2112 3732 2207 3785 καὶ
2228 3732 2320 3785 ἐπὶ
2348 3732 2439 3787 τὸν
2464 3732 2678 3800 πρῶτον
2715 3732 3018 3803 Ἰερο6οἀμ,
3052 3731 3142 3785 τὸν
3167 3733 3231 3785 ὲκ
3256 3729 3428 3800 φυλῆς
3444 3728 3639 3798 Ἐφραῒ
3654 3747 3693 3797 μ

2115 3820 2527 3890 βασιλεύσαντα,
2562 3822 2655 3875 καὶ
2688 3825 2806 3893 μετ’
2838 3825 3045 3876 ἐκεῖνον
3081 3824 3162 3885 εἰς
3198 3822 3324 3887 τοὺς
3372 3820 3590 3891 ἐφεξῆς,
3638 3820 3689 3872 οἳ

2114 3914 2173 3965 ὲν
2200 3912 2315 3984 ὄρει
2336 3914 2499 3965 παντί
2523 3915 2615 3966 καὶ
2649 3913 2821 3984 βουνῷ
2853 3913 3070 3983 βωμοὺς
3102 3913 3414 3975 ἀνιστάντες
3439 3913 3551 3995 τοῖς
3572 3910 3691 3964 δαί-

2116 4020 2261 4074 μοσι,
2294 4004 2441 4057 θύειν
2474 4004 2690 4058 ἔπειθον
2715 4005 2842 4067 τοὺς
2867 4005 2925 4071 ἐξ
2976 4006 3206 4076 Ἰσραήλ.
3238 3999 3370 4057 Εἶτα
3404 4002 3694 4057 λυπεῖσθαι

2111 4090 2226 4144 δέον
2252 4093 2342 4144 ἐπὶ
2368 4094 2480 4155 τοῖς
2501 4092 2670 4158 οὕτως
2692 4094 2940 4156 ὲκτόποις
2959 4095 3207 4165 ὲπιχειρή
3218 4112 3404 4165 μασιν,
3440 4114 3458 4145 ι
3490 4093 3691 4163 Ἑπλήο

2113 4181 2276 4236 θυναν
2298 4182 2407 4254 γάρ
2431 4183 2789 4256 θυσιαστήρια
2810 4185 2880 4239 τὰ
2900 4186 2978 4249 εἰς
2997 4186 3288 4256 ἁμαρτίας,
3303 4205 3321 4237 ι
3344 4186 3692 4257 ἐποιήσαντο,

2112 4275 2298 4346 φησὶν,
2336 4275 2473 4329 αὐτὰ
2504 4278 2599 4329 καὶ
2639 4298 2656 4328 ι
2696 4276 3077 4348 Ἠγαπημένα,
3110 4278 3203 4331 καὶ
3224 4276 3448 4348 προσέτι
3480 4274 3692 4337 τούτοις

2112 4369 2192 4429 εἰς
2242 4367 2499 4437 ἀλλότρια
2544 4368 2903 4440 ἐλογίσθησαν
2930 4368 3077 4439 αύτῷ
3106 4387 3125 4420 ι
3179 4369 3365 4440 (δῆλον
3395 4368 3451 4421 δὲ
3481 4368 3562 4420 ὅτι
3616 4365 3689 4435 τῷ

2126 4456 2407 4530 Ἐφραῖμ)
2465 4457 2829 4529 θυσιαστήρια
2888 4458 2955 4513 τά
3010 4459 3360 4529 ἡγαπημένα.
3419 4456 3579 4527 Δηλοῖ
3632 4454 3689 4506 δὲ

2118 4549 2337 4611 πάντως
2363 4547 2429 4602 τὰ
2452 4550 2511 4602 ὲν
2540 4551 2606 4619 τῇ
2639 4550 2844 4621 ἀρχαία
2867 4553 3061 4621 σκηνῇ,
3090 4550 3256 4620 ἤγουν
3284 4550 3341 4603 ὲν
3368 4550 3480 4611 τοῖς
3524 4548 3686 4617 Ἰερο-

2120 4640 2393 4710 σολύμοις,
2448 4642 2506 4694 ὲν
2549 4639 2627 4710 τῷ
2665 4640 2792 4711 θείῳ
2833 4641 3058 4711 κείμενα
3106 4640 3240 4711 ναῷ.
3292 4639 3397 4692 Δύο
3454 4638 3509 4691 δὲ
3549 4634 3687 4708 ἦσαν

2117 4733 2296 4797 ταυτὶ,
2316 4732 2376 4785 τὸ
2400 4733 2497 4803 μὲν
2520 4733 2629 4786 τῶν
2662 4734 3068 4804 καρπωμάτων,
3103 4734 3160 4785 ὲν
3185 4734 3252 4803 τῇ
3279 4731 3468 4802 πρώτῃ
3492 4732 3686 4801 σκηνῇ,

2114 4826 2174 4878 τὸ
2206 4825 2262 4878 δὲ
2298 4824 2484 4896 ἕτερον
2514 4825 2610 4880 τοῦ
2642 4826 2983 4896 θυμιάματος
3006 4826 3065 4878 τὸ
3090 4823 3346 4895 χρυσοῦν,
3378 4826 3435 4875 ἐν
3463 4827 3527 4893 τῇ
3567 4822 3687 4875 δευ-

2109 4919 2265 4989 τέρᾳ,
2295 4920 2390 4972 καὶ
2411 4919 2684 4973 ἐσωτάτω.
2708 4916 2886 4972 Πολλά
2909 4914 3197 4986 τοιγαροῦν
3224 4917 3332 4969 τῶν
3363 4914 3421 4981 ἐξ
3452 4912 3687 4984 Ἐφραῒμ

2112 5011 2573 5081 βεδασιλευκότων
2636 5010 2705 5063 τά
2758 5009 3097 5080 ὲγκλήματα’
3152 5007 3370 5079 πρῶτον
3439 5006 3538 5076 μὲν
3602 5005 3685 5058 ὅτι

2108 5103 2415 5175 ὲπλήθυναν
2458 5104 2818 5174 θυσιαστήρια
2852 5105 2932 5166 εἱς
2962 5101 3271 5172 ἀμαρτίαςο
3317 5095 3437 5152 εἶτα
3471 5098 3550 5150 ὅτι
3592 5097 3686 5150 καὶ

2106 5195 2439 5267 ῆγαπημένα
2482 5195 2824 5266 πεποίηνται,
2859 5195 2957 5259 τά,
2977 5193 3063 5263 ἐφ’
3100 5186 3182 5256 οἷς
3205 5188 3271 5263 ἦν
3305 5190 3451 5253 εἰκὸς
3487 5188 3684 5258 ὀλοφύ-

2114 5286 2302 5357 ρεσθαι
2332 5288 2426 5341 καὶ
2463 5287 2700 5357 θρηνεῖν,
2750 5287 2825 5347 ὼς
2868 5282 3379 5355 προσκεκρουκότας
3413 5297 3427 5311 ·
3481 5279 3577 5332 καὶ
3624 5278 3685 5330 τὸ

2113 5379 2194 5431 ἔτι
2226 5379 2433 5445 μεῖζον,
2466 5379 2541 5441 ὡς
2566 5376 2984 5440 ἀπονενευκότες
3008 5377 3086 5439 εἰς
3113 5375 3389 5436 ἀπόνοιαν,
3428 5371 3684 5440 ἀλλότρια

2113 5470 2434 5542 πεποίηνται
2483 5470 2552 5523 τά
2604 5470 2937 5541 ὴγαπημένα
2971 5468 3368 5539 θυσιαστήρια,
3423 5464 3459 5518 ἃ
3515 5463 3684 5533 ἐχρῆν

2110 5560 2284 5625 οὕτως
2318 5563 2539 5632 ἀγαπᾷν
2582 5562 2676 5615 καὶ
2719 5563 2779 5614 ἐν
2816 5560 2977 5617 παντὶ
3020 5557 3285 5613 ποιεῖσθαι
3325 5556 3483 5625 λογῳ.
3503 5555 3684 5623 Προσ-

2110 5653 2335 5724 έρῤιπτε
2367 5652 2423 5707 δὲ
2451 5653 2538 5709 διὰ
2575 5654 2761 5724 μέσου,
2793 5653 2852 5706 τό
2878 5671 2890 5683 ·
2930 5672 2947 5704 ι
2985 5649 3337 5721 Καταγράψω
3364 5644 3511 5715 αὐτῷ
3544 5642 3682 5714 πλῆ-
