4110 6368
414 326 519 384 τοι)
1333 329 1887 390 COMMENTARIUS
1926 334 1991 389 IN
2032 334 2266 391 OSEAM
2309 332 2758 391 PROPHETAM.
3575 322 3686 383 ilo

417 444 533 508 υος,
558 438 654 493 καὶ
681 437 749 492 τὰ
778 440 984 511 νόμιμα
1014 438 1200 494 αὐτοῦ.
1230 462 1247 493 ι
1293 444 1402 497 Καὶ
1428 444 1479 496 τί
1510 444 1749 498 τοιοῦτον
1795 446 1997 519 ὑποδηέ

2128 464 2244 514 um,
2279 450 2379 503 hoc
2402 459 2506 515 est,
2535 460 2795 519 praeterea
2826 444 3063 516 legitima
3112 445 3351 514 ipsorum
3393 441 3685 512 sacriﬁcia,
3712 505 3718 511 ν

414 532 535 596 λοῖ;
587 531 647 583 τὸ
704 531 811 601 γάρ
850 548 933 585 τοι
981 532 1205 601 πλῆθος,
1247 534 1399 604 φησὶ,
1456 533 1562 588 τῶν
1608 537 1686 598 είς
1733 537 2010 608 ἁμαρτίας

2128 538 2229 593 sive
2258 539 2651 594 sacriﬁciorum
2698 546 2962 606 tempora,
2985 542 3077 589 aut
3117 534 3326 598 modos,
3359 533 3554 603 quibus
3590 532 3694 586 im-

417 624 601 684 αὐτοῖς
645 622 1031 691 πεποιημένων
1070 621 1494 695 θυσιαστηρίων,
1539 625 1634 678 καὶ
1683 627 1750 677 τά
1803 627 2009 697 νόμιμα

2128 646 2276 685 iuras
2327 632 2673 687 caerimonias
2717 630 3024 685 tractabant
3053 628 3501 698 (concidebautur
3546 628 3690 680 enim

416 716 618 779 αὐτῶν,
677 715 952 783 τουτέστι,
1005 717 1170 770 πάλιν
1218 718 1318 781 τὰς
1367 718 1552 781 αὐτοῖς
1607 720 2008 790 νενομισμένας

2128 738 2274 792 super
2318 724 2594 779 frumento
2634 735 2687 777 et
2727 724 2876 789 vino,
2899 732 2954 777 et
3002 722 3106 777 alia
3140 720 3399 775 nonnulla
3451 719 3570 774 istis
3604 732 3695 771 co-

419 808 632 871 θυσίας,
673 808 789 879 ἦτοι
839 808 966 872 τοὺς
1011 808 1121 861 τῶν
1166 807 1366 861 θυσιῶν
1405 810 1628 877 καιροὺς
1672 810 1705 882 ἢ
1750 812 2005 884 τρόπους,

2128 825 2274 882 gnata
2308 814 2490 872 facere
2519 815 2855 885 studebant),
2889 817 2943 870 in
2982 826 3203 886 peccata
3236 814 3365 885 ipsis
3408 823 3465 869 et
3497 812 3692 867 delicta

419 903 543 956 καθ’
598 902 690 966 οὓς
737 901 839 966 τὰς
888 902 1149 973 βεϐήλους
1200 902 1480 974 προσῆγον
1551 902 1776 967 τελετὰς
1833 902 2008 967 (κατ-

2128 910 2473 965 :onscribam.

421 993 707 1063 ετέμνοντο
740 991 850 1062 γὰρ
895 992 987 1044 ἐπὶ
1035 991 1166 1062 σίτῳ
1200 992 1295 1045 καὶ
1334 993 1482 1062 οἴνῳ,
1526 993 1622 1045 καὶ
1661 992 1826 1065 ’ἐτερα
1866 995 2003 1049 ἄττα
2035 996 2246 1063 τούτοις
2288 1001 2507 1056 ἐοικότα
2566 1001 2701 1073 δρᾷν
2726 998 3100 1068 ἐσπούδαζον)
3145 1000 3226 1063 είς
3270 996 3543 1071 ἁμαρτίας
3574 994 3675 1048 αύ-

421 1090 535 1149 τοῖς
566 1086 904 1157 καταγρὰψω
932 1085 1001 1139 τά
1030 1086 1199 1157 ὲγκλή
1209 1103 1373 1155 ματα.

493 1177 699 1246 Χρῆμα
756 1176 821 1249 δὴ
860 1173 952 1230 οῦν
1003 1178 1289 1248 σωτήριον,
1346 1177 1408 1231 τὸ
1439 1179 1549 1234 τῶν
1596 1180 1756 1234 θείων
1791 1181 2010 1253 ἔχεσθαι

426 1269 850 1339 θυσιαστηρίων,
894 1270 990 1322 καὶ
1044 1270 1459 1341 μεταποιεῖσθαι
1508 1271 1616 1326 τῶν
1667 1272 1820 1345 παρά
1849 1272 2006 1338 Θεοῦ,

425 1361 519 1413 καὶ
558 1360 634 1430 μὴ
666 1360 849 1429 ζητεῖν
878 1360 948 1413 τὰ
978 1360 1200 1431 ἐτέρων,
1229 1360 1265 1415 δι
1294 1362 1388 1415 καὶ
1411 1361 1559 1417 ἔστιν
1592 1365 1673 1427 είς
1705 1363 2004 1435 ἁμαρτίαν.

424 1453 594 1506 Τοῦτο
668 1452 912 1506 ποιοῦσιν
962 1454 1010 1506 oi
1064 1452 1139 1524 μὴ
1200 1454 1437 1525 γνησίως
1503 1455 2005 1527 χριστιανίζοντες,

427 1546 790 1610 ἐκπίπτοντες
838 1545 895 1598 δὲ
942 1545 1082 1616 μετὰ
1128 1546 1187 1600 τὸ
1232 1549 1501 1620 σωτήριον
1544 1548 1829 1621 βάπτισμα
1873 1551 2010 1623 πρὸς

426 1641 522 1712 ἐοη
568 1642 660 1695 καὶ
704 1643 1121 1713 παρατηρήσεις
1177 1642 1493 1714 Ἑλληνικὰς
1520 1687 1536 1712 ,
1585 1640 1668 1710 οἷς
1720 1646 2011 1701 ἀκόλουθον

2187 1183 2437 1239 Salutare
2459 1185 2643 1255 itaque
2664 1183 2863 1239 divinis
2896 1181 3159 1238 altaribus
3189 1180 3556 1247 adhaerere,et
3576 1196 3698 1249 qua

2117 1282 2244 1329 sunt
2297 1290 2327 1327 a
2375 1275 2507 1343 Deo,
2535 1289 2843 1345 capessere,
2880 1289 2980 1329 nec
3018 1273 3248 1327 aliorum
3282 1287 3547 1342 qnmere,
3577 1289 3699 1341 «gnte

2115 1366 2169 1421 in
2194 1376 2472 1436 peccatum
2505 1377 2651 1424 sunt.
2673 1368 2784 1423 Hoc
2816 1367 3020 1423 faciunt
3042 1382 3151 1423 non
3172 1366 3369 1421 sinceri
3382 1365 3694 1431 Christiani,

2112 1460 2203 1530 qui
2233 1469 2354 1530 post
2382 1461 2673 1516 salutarem
2710 1461 3038 1531 baptismum
3085 1459 3153 1515 ad
3200 1459 3620 1516 consuetudines
3644 1470 3701 1515 et

2109 1550 2517 1608 observationes
2561 1552 2809 1609 ethnicas
2840 1549 3203 1607 delabuntur:
3239 1549 3439 1620 quibus
3462 1565 3697 1607 consen-

2115 1651 2334 1699 taneum
2361 1654 2446 1700 est
2474 1646 2727 1701 occinere
2751 1643 2879 1699 illud
2914 1642 3067 1699 Pauli
3092 1662 3107 1699 :
3132 1642 3277 1699 «Non
3308 1643 3534 1714 potestis
3550 1660 3700 1699 men-

427 1736 602 1789 είπεῖν
635 1736 696 1789 τό
720 1736 808 1790 διὰ
841 1736 938 1807 τῆς
978 1734 1071 1790 τοῦ
1110 1735 1323 1790 Παύλου
1368 1738 1589 1809 φωνῆς’
1629 1758 1647 1791 t
1677 1739 1753 1793 Ού
1790 1738 2019 1793 δύνασθε

2128 1752 2197 1792 sas
2216 1737 2426 1793 Domini
2450 1739 2742 1809 participes
2756 1752 2898 1805 esse,
2912 1745 2965 1792 et
2992 1751 3193 1793 mensa:
3207 1737 3663 1793 daemoniorum”.
3678 1756 3696 1788 ι

429 1826 711 1899 τραπέζης
764 1829 971 1900 Κυρίου
1021 1829 1293 1900 μετέχειν,
1358 1832 1453 1884 καὶ
1493 1830 1777 1903 τραπέζης
1827 1833 2019 1902 δαιμο-

432 1921 582 1974 νίων.
616 1940 634 1971 ι
678 1919 789 1973 Καὶ
850 1919 957 1991 μὴν
1017 1921 1110 1975 καὶ
1160 1922 1211 1973 οἱ
1264 1923 1378 1986 τοῖς
1428 1922 1664 1985 ἀνοσίοις
1724 1925 2020 1995 αἱρετικοῖς

437 2013 856 2083 συναπτόμενοι,
913 2013 1012 2067 καὶ
1046 2012 1155 2067 τῶν
1194 2016 1326 2084 παρ’
1375 2014 1559 2078 αὐτοῖς
1613 2014 2020 2087 θυσιαστηρίων

439 2106 776 2177 μετέχοντες,
829 2099 911 2169 οἷς
974 2105 1069 2158 καὶ
1124 2106 1265 2159 κατὰ
1315 2105 1579 2176 ἀληθειαν
1625 2108 1706 2172 είς
1758 2107 2020 2179 ἀλλότρια

435 2197 772 2268 ἐγενήθησαν
804 2197 1168 2267 θυσιαστήρια
1194 2196 1262 2250 τὰ
1282 2199 1637 2270 ἡγαπημένα.
1682 2198 2021 2272 Ἐπλήθυναν

434 2291 544 2363 γὰρ
600 2292 814 2355 ἑαυτοῖς
867 2290 935 2342 τὰ
985 2291 1067 2353 είς
1127 2290 1426 2362 ἁμαρτίας,
1488 2290 1592 2357 ἔξω
1656 2291 1877 2356 θύοντες
1929 2292 2023 2345 τὸν

435 2383 627 2454 ἀμνὸν,
660 2382 758 2453 τῆς
796 2383 950 2454 ἱερᾶς
995 2399 1054 2435 τε
1082 2385 1175 2436 καὶ
1210 2382 1362 2446 θείας
1394 2383 1585 2453 αὐλῆς,
1618 2385 1888 2451 τουτέστι,
1924 2384 2022 2455 τῆς

449 2475 797 2545 Ἑκκλησίας.

506 2567 658 2619 Διότι
704 2548 819 2619 ἐὰν
872 2566 1101 2619 θύσωσι
1133 2564 1372 2628 θυσίαν,
1427 2564 1525 2617 καὶ
1574 2564 1806 2633 φάγωσι
1856 2564 2019 2633 κρέα,

437 2658 651 2725 Κύριος
684 2659 754 2711 οὐ
792 2655 1189 2724 προσδέξεται
1232 2655 1402 2711 αὐτά.
1446 2657 1575 2711 Νῦν
1608 2657 2025 2726 μνησθήσεται

439 2748 546 2814 τὰς
575 2748 812 2815 ἀδικίας
846 2746 1066 2815 αὐτῶν,
1096 2749 1195 2802 καὶ
1238 2748 1549 2817 ἐκδικήσει
1596 2750 1699 2815 τὰς
1732 2750 2025 2819 ἁμαρτίας

437 2837 657 2893 αὐτῶν.

512 2932 624 2998 LJ".
667 2932 789 2985 Ὅτι
836 2930 1093 3000 γεγόνασι
1142 2930 1240 2984 καὶ
1301 2930 1677 3001 πεπλὴθυνται
1726 2931 1877 3003 παρά
1929 2937 2024 2983 τοῦ

454 3024 694 3096 Ἐφραῖμ
722 3024 789 3077 τὰ
817 3025 895 3087 είς
923 3022 1198 3095 ἁμαρτίας
1227 3023 1609 3095 θυσιαστήρια,
1658 3023 1753 3079 καὶ
1782 3024 1869 3077 διὰ
1898 3022 2026 3076 τού--

442 3089 668 3171 wJes'
682 3117 825 3187 μάλα
859 3089 1142 3188 δηλέιῖ.ὀΑ
1174 3115 1281 3188 γὰρ
1330 3089 1539 3182 θύουάὶ,
1579 3089 1766 3188 ιρησὶν,
1794 3118 1855 3169 ού
1905 3115 2024 3185 Θεῷ
2051 3089 2095 3147 C

446 3208 668 3279 μᾶλλον,
692 3208 829 3263 ἀλλά
855 3210 968 3271 τοῖς
993 3208 1100 3262 τῶν
1133 3208 1365 3263 εἰδώλων
1399 3210 1652 3279 τεμένεσι
1682 3210 1811 3280 παρ’
1846 3211 2025 3265 αὐτῶν

445 3301 836 3373 προσφέρεται.
870 3300 988 3355 Κᾶν
1016 3300 1344 3372 έορτάζωσιν
1372 3301 1466 3355 ἐπὶ
1491 3304 1613 3365 ταῖς
1637 3300 1869 3367 θυσίαις,
1900 3319 2025 3373 τρο-

445 3390 561 3458 φῶν
587 3391 620 3459 ἢ
648 3390 826 3443 ποτῶν
847 3391 1350 3462 ἀναπιμπλάμενοι,
1396 3392 1534 3463 πρὸς
1571 3392 1702 3447 Θεὸν
1746 3393 1806 3447 τὸ
1839 3397 2030 3465 χρῆμα

442 3483 615 3537 οὐδέν.
648 3484 722 3537 Οὐ
752 3482 859 3554 γὰρ
894 3482 1042 3554 αὐτῷ
1077 3483 1291 3538 τελοῦσι
1331 3484 1430 3555 τὴν
1461 3485 1787 3556 πανήγυριν,
1833 3487 1916 3538 ὅτι
1958 3484 2030 3539 τὰ

446 3577 528 3639 εἱς
553 3574 711 3640 δόξαν
742 3575 1032 3646 δαιμονίων
1058 3576 1429 3648 πραττόμενα,
1468 3578 1590 3629 κατ’
1616 3577 1807 3629 οὐδένα
1828 3578 2029 3648 τρόπον

449 3670 811 3742 παραδέξαιτό
840 3671 904 3724 ἂν
939 3672 972 3740 ἡ
1000 3669 1118 3723 θεία
1151 3687 1211 3723 τε
1252 3669 1347 3721 καὶ
1375 3670 1649 3739 ἀκήρατος
1672 3669 1853 3737 φύσις.
1880 3670 2031 3740 [Iap-

446 3763 695 3827 οξύνεται
739 3763 797 3817 δὲ
852 3762 1052 3832 μᾶλλον
1095 3762 1171 3825 ὼς
1211 3761 1535 3832 ὑϐρισμένη.
1590 3762 1765 3816 Μόνον
1812 3763 1869 3815 δὲ
1910 3764 2033 3833 οὐχὶ

451 3857 547 3911 καὶ
568 3858 665 3927 οὐχ
695 3855 893 3910 ἑκοῦσα
917 3854 1306 3920 καταϐιάζεται
1337 3856 1475 3927 πρός
1502 3873 1566 3924 γε
1603 3856 1664 3909 τὸ
1702 3855 1899 3926 χρῆναι
1924 3855 2034 3908 λοι-

453 3950 553 4002 πὸν
615 3952 726 4012 τοῖς
774 3951 853 4011 είς
901 3947 1060 4002 τοῦτο
1119 3947 1374 4001 καλοῦσιν
1426 3949 1597 4019 ὀργῆς
1652 3949 1876 4016 ἐπάγειν
1934 3949 2034 4011 τὰς

451 4046 627 4108 δίκας,
665 4045 757 4098 καὶ
780 4043 965 4097 λοιπὸν
1007 4042 1139 4096 ἱέναι
1168 4041 1304 4111 πρὸς
1335 4041 1638 4111 ἀνάμνησιν
1680 4041 1914 4105 πάντων,
1957 4040 2035 4103 ὡς

450 4137 582 4200 ἔπος
634 4138 827 4199 εἰπεῖν,
878 4136 985 4188 τῶν
1032 4136 1145 4196 τοῖς
1194 4133 1590 4205 προσκρούουσι
1641 4132 2036 4203 πεπλημμελη-

459 4231 654 4299 μὲνων.
680 4225 754 4282 UB
778 4229 841 4297 δὴ
872 4227 1179 4296 γεγονότος,
1211 4228 1353 4291 ὀξεῖς
1374 4229 1423 4279 οἱ
1452 4225 1633 4297 θυμοὶ,
1678 4225 1828 4297 παρὰ
1869 4225 2036 4288 πόδας

455 4323 490 4390 ἡ
539 4320 685 4390 δίκη,
722 4320 814 4372 καὶ
847 4318 1020 4382 οὐδεὶς
1070 4320 1099 4371 ὀ
1148 4317 1551 4390 ἐξαιρούμενος.
1615 4335 1635 4369 ι
1663 4316 1897 4388 Ψοὸερὸν
1941 4312 2035 4371 οῦν

2118 1830 2426 1897 Quinetiam
2462 1832 2553 1900 qui
2586 1830 2869 1885 sceleratis
2895 1828 3165 1885 haereticis
3197 1843 3257 1885 se
3290 1828 3615 1900 adiungunt,
3645 1840 3700 1884 et

2119 1937 2241 1993 quae
2268 1922 2408 1992 apud
2440 1922 2585 1994 ipsos
2608 1930 2756 1985 sunt,
2793 1921 3043 1977 altarium
3073 1920 3363 1991 participes
3394 1920 3547 1986 ﬁunt,
3579 1921 3700 1991 qui-

2118 2015 2222 2071 bus
2241 2030 2369 2070 vere
2402 2015 2456 2069 in
2492 2014 2665 2069 aliena
2692 2013 2835 2069 facta
2863 2023 2994 2069 sunt
3029 2012 3222 2068 altaria
3259 2011 3488 2075 dilecta;
3519 2011 3701 2066 multi-

2121 2107 2389 2177 plicarunt
2429 2108 2573 2162 enim
2615 2107 2719 2163 sibi
2754 2105 2946 2161 altaria
2978 2106 3032 2161 in
3071 2113 3316 2176 peccata,
3354 2104 3561 2177 Agnum
3601 2119 3699 2159 ev-

2123 2210 2205 2255 tra
2250 2215 2467 2255 sacrum
2499 2208 2554 2256 et
2600 2199 2842 2256 divinum
2890 2196 3054 2263 ovile,
3090 2196 3387 2255 Ecclesiani
3428 2197 3698 2259 videlicet,

2123 2292 2523 2348 sacriﬁcantes.

2196 2586 2361 2639 Vsus.
2393 2584 2480 2637 15.
2534 2582 2673 2647 Quia
2702 2598 2747 2635 si
2775 2579 3158 2635 immolaverint
3184 2579 3433 2641 hostiam,
3463 2588 3509 2632 et
3535 2593 3706 2631 came—

2124 2679 2295 2732 derint
2354 2690 2573 2737 carnes,
2620 2672 2878 2726 Dominus
2945 2688 3051 2725 non
3100 2671 3346 2739 suscipiet
3400 2686 3483 2724 ea.
3547 2667 3705 2723 Nunc

2127 2768 2489 2825 recordabitur
2529 2766 2837 2836 iniquitates
2865 2780 3068 2828 eorum,
3098 2772 3149 2817 et
3190 2762 3473 2817 ulciscatur
3495 2772 3706 2831 peccata

2126 2880 2331 2919 eorum.
2506 2866 2509 2874 ‘

2196 2954 2374 3009 XCIII.
2433 2953 2601 3007 Facta
2651 2960 2706 3005 et
2754 2949 3107 3019 multiplicata
3152 2962 3275 3004 esse
3328 2947 3398 3003 ab
3450 2946 3705 3017 Ephraim

2128 3048 2320 3101 altaria
2368 3046 2422 3100 in
2472 3054 2719 3111 peccata,
2778 3044 2941 3098 etiam
2994 3041 3081 3095 his
3125 3040 3400 3095 evidenter
3452 3038 3705 3094 ostendit.

2128 3142 2259 3209 Qua:
2287 3141 2432 3198 enim
2458 3137 2791 3202 sacriﬁcant,
2821 3134 3020 3205 inquit,
3054 3148 3160 3188 non
3194 3132 3304 3188 Deo
3330 3129 3521 3200 magis,
3546 3144 3707 3199 quam

2127 3234 2393 3289 idolorum
2424 3232 2667 3288 delubris
2701 3230 2769 3284 ab
2799 3227 2933 3299 ipsis
2972 3225 3296 3281 oﬁ‘eruntur.
3324 3224 3502 3294 Atque
3543 3222 3706 3277 etiam

2127 3322 2171 3377 si
2227 3322 2367 3377 diem
2432 3321 2633 3375 festum
2684 3319 2737 3373 in
2795 3315 3080 3372 sacriﬁciis
3144 3314 3266 3369 cibo
3338 3321 3433 3366 aut
3491 3310 3709 3381 potione

2129 3414 2378 3483 completi
2421 3413 2700 3475 duxerint,
2749 3409 2886 3465 nihil
2936 3409 3039 3463 hoc
3078 3405 3368 3461 ad‘Deum.
3411 3402 3529 3458 Non
3563 3403 3706 3457 enim

2132 3506 2232 3574 ipsi
2280 3506 2596 3575 panegyrim
2647 3518 2743 3557 seu
2793 3499 3168 3556 celebritatem
3216 3496 3530 3551 instituunt.
3581 3494 3709 3561 Qua-

2134 3609 2367 3664 namque
2402 3594 2466 3647 ad
2494 3595 2797 3648 daemonum
2822 3588 3051 3660 gloriam
3092 3587 3248 3652 ﬁunt,
3279 3585 3461 3641 divina
3483 3584 3708 3637 immor-

2132 3686 2363 3756 talisque
2398 3696 2587 3740 natura
2627 3684 2772 3738 nullo
2803 3680 2964 3736 modo
2991 3678 3264 3742 admittit;
3295 3677 3427 3747 quin
3458 3676 3698 3730 ἰηίιαιυι

2134 3778 2332 3847 potius,
2366 3784 2426 3829 ut
2452 3775 2707 3845 iniuriam
2742 3785 2916 3842 passa,
2952 3778 3008 3823 et
3042 3775 3253 3821 tantum
3295 3780 3399 3820 non
3438 3764 3602 3818 invita
3643 3764 3709 3818 ad

2134 3886 2322 3940 pmnas
2366 3872 2471 3925 huc
2518 3883 2636 3923 eam
2682 3862 3104 3936 provocantibus
3152 3874 3220 3915 ex
3272 3859 3353 3913 ira
3392 3856 3709 3928 inﬁigendas

2136 3964 2389 4035 adigitur,
2433 3974 2491 4017 et
2533 3962 2601 4014 ad
2650 3955 3042 4014 recordandum
3083 3953 3151 4007 de
3196 3959 3396 4007 caetero
3441 3949 3707 4015 omnium,

2135 4063 2195 4107 ut
2225 4052 2387 4105 verbo
2412 4050 2614 4113 dicam,
2644 4062 2763 4117 quae
2790 4062 2819 4099 a
2852 4042 3288 4111 delinquentibus
3328 4041 3382 4096 in
3409 4055 3468 4095 se
3497 4047 3705 4109 patrata

2137 4155 2283 4199 sunt.
2313 4141 2466 4209 Quod
2495 4143 2585 4196 ubi
2617 4141 2821 4195 factum
2860 4136 3044 4199 fuerit,
3074 4135 3367 4188 vehemens
3396 4132 3502 4187 erit
3535 4130 3707 4194 furor,

2139 4246 2263 4290 ante
2293 4235 2458 4304 pedes
2492 4231 2748 4299 vindicta,
2778 4237 2832 4284 et
2859 4243 3017 4285 nemo
3046 4227 3139 4298 qui
3167 4224 3382 4294 eripiat.
3414 4240 3433 4272 ι
3467 4220 3709 4275 Ilorren-

2136 4328 2263 4382 dum
2316 4327 2478 4395 igitur
2527 4325 2767 4379 incidere
2829 4325 2882 4377 in
2936 4334 3130 4375 manus
3191 4318 3285 4372 Dei
3329 4312 3563 4370 viventis
3585 4311 3651 4365 ⁸⁸.
3685 4331 3704 4363 ι

456 4414 564 4484 ἄρα
621 4412 682 4464 τὸ
716 4413 977 4482 ἐμπεσεῖν
1014 4412 1093 4474 είς
1123 4413 1312 4481 χεῖρας
1351 4408 1485 4462 Θεοῦ
1525 4409 1726 4474 ζῶντος
1755 4451 1767 4463 .
1795 4429 1813 4461 ι
1851 4411 2028 4480 Προσ-

2140 4421 2305 4477 Decet
2327 4419 2523 4489 magis,
2553 4427 2609 4472 et
2640 4418 2775 4472 citra
2807 4413 3265 4485 comparationem
3302 4407 3496 4463 melius
3522 4415 3627 4470 est,
3656 4412 3711 4458 et

456 4510 578 4576 ήκει
611 4504 668 4557 δὲ
706 4503 928 4573 μᾶλλον,
967 4503 1062 4556 καὶ
1088 4502 1311 4572 ἄμεινον
1341 4502 1707 4573 ἀσυγκρίτως,
1735 4503 1829 4555 καὶ
1853 4503 2033 4574 πάσης

456 4600 586 4669 ἡμῖν
613 4596 911 4669 εὐημερίας
935 4595 1213 4667 πρόξενον,
1232 4594 1314 4657 τὸ,
1346 4594 1467 4664 Θεῷ
1501 4595 1795 4664 προσάγειν
1823 4594 2032 4663 θυσίας,

458 4688 833 4760 πνευματικὰς
882 4686 1147 4758 δηλονότι,
1205 4686 1299 4740 καὶ
1348 4686 1496 4756 αὐτῷ
1534 4685 1775 4756 πληροῦν
1820 4687 2031 4757 ἑορτὰς,

454 4781 697 4836 διαϐιοῦν
719 4780 898 4852 ὀρθῶς
930 4779 1262 4851 ᾑρημένους,
1295 4780 1390 4833 καὶ
1421 4779 1484 4831 τὸ
1505 4778 1645 4833 κατά
1667 4794 1720 4830 τι
1739 4777 1871 4847 γοῦν
1900 4778 2036 4841 ὅλως

454 4875 764 4928 διαπίπτειν
799 4870 1328 4936 ἀποσπουδάζοντας.

521 4964 697 5019 Αὐτοὶ
744 4963 813 5017 δὲ
876 4968 965 5030 εις
1010 4964 1315 5035 Αἴγυπτον
1359 4962 1769 5034 ἀπέστρεψαν,
1820 4964 1918 5017 καὶ
1965 4963 2035 5017 ἐν

471 5058 806 5127 Ἀσσυρίοις
826 5056 1126 5125 ἀκάθαρτα
1152 5054 1463 5125 φάγονται.

530 5153 643 5216 ιμ’.
675 5150 925 5203 Δίτιᾶται
951 5149 1134 5213 πάλιν,
1155 5148 1230 5212 ὡς
1249 5147 1552 5201 ἀνούστατὰ
1582 5165 1641 5201 τε
1689 5149 1781 5201 καὶ
1807 5148 2035 5211 ἀνοσίως

460 5243 659 5313 κομιδῇ
710 5241 902 5315 διαξῇν
952 5242 1255 5308 ἐθέλοντας,
1295 5240 1388 5295 καὶ
1432 5240 1661 5293 εἰσάπαν
1698 5242 2034 5311 ἠγνοηκότας

458 5336 560 5406 τὴν
581 5336 679 5388 τοῦ
710 5336 1081 5406 συμφέροντος
1105 5334 1312 5406 τρίϐον.
1361 5331 1501 5403 Ἐγὼ
1532 5333 1631 5403 μὲν
1676 5333 1805 5403 γὰρ,
1846 5334 2031 5404 φησὶν,

461 5428 542 5491 είς
579 5425 737 5480 τοῦτο
762 5425 989 5497 γνώμης
1028 5425 1421 5496 ἔνηνεγμένους
1459 5424 1665 5486 λοιπὸν,
1715 5425 2034 5493 ὑπενεγκεῖν

460 5520 734 5590 ἠπείλησα
764 5520 887 5582 ταῖς
911 5520 1120 5590 ὀργαῖς,
1154 5518 1250 5570 καὶ
1282 5517 1589 5587 ὲκδικήσειν
1625 5517 1723 5579 τὰς
1763 5517 2034 5587 ἁμαρτίας

462 5610 665 5676 αὐτῶν,
712 5612 805 5665 καὶ
862 5609 1376 5683 ἀναμνησθήσεσθαι
1424 5611 1603 5673 πάσας
1656 5607 1755 5674 τὰς
1808 5609 2035 5680 ἀνομίας

538 5789 627 5843 ³³1
666 5790 787 5846 Cor.
830 5807 883 5856 κ,
911 5789 999 5844 9.0.
1078 5789 1121 5821 ³⁸
1156 5788 1315 5845 llebr.
1352 5804 1409 5855 χ,
1444 5788 1529 5843 5|.

2130 4528 2347 4570 omnem
2404 4512 2563 4567 nobis
2622 4509 2935 4565 felicitatem
2995 4504 3280 4569 conciliat,
3335 4501 3448 4556 Deo
3502 4496 3709 4552 hostias

2130 4602 2350 4668 offerre,
2386 4598 2698 4669 spirituales
2726 4598 3000 4661 nimirum,
3026 4603 3082 4649 et
3116 4592 3216 4663 ipsi
3249 4589 3527 4646 celebrare
3550 4587 3705 4649 festa,

2131 4698 2301 4750 vitam
2336 4703 2484 4749 recte
2514 4690 2868 4753 instituendo,
2900 4695 2953 4742 et
2978 4687 3061 4742 vel
3091 4685 3340 4740 minimas
3361 4681 3527 4736 animi
3558 4679 3707 4734 Iabes

2133 4803 2360 4860 prorsus
2388 4784 2720 4856 repellendo.

2209 4967 2368 5037 125
2398 4965 2511 5033 Ipsi
2545 4979 2663 5020 vero
2700 4963 2755 5016 in
2796 4959 3089 5031 Egyptian
3125 4952 3355 5010 conversi
3383 4957 3524 5013 sunt,
3564 4956 3611 5001 et
3651 4946 3707 5000 in

2138 5058 2369 5127 Assyriis
2395 5057 2667 5110 immunda
2698 5050 2986 5106 comedent.

2209 5126 2389 5203 XCIV.
2444 5146 2680 5200 Rursum
2729 5157 2827 5198 eos
2874 5140 2929 5195 in
2969 5134 3393 5206 reprehensione
3431 5126 3601 5198 ponit,
3648 5133 3706 5178 ut

2135 5241 2227 5309 qui
2288 5235 2730 5307 insipientissime
2781 5239 2836 5287 et
2888 5227 3215 5298 impiissilne
3278 5222 3442 5275 vitam
3502 5216 3707 5309 agitare

2139 5306 2542 5393 constituerint,
2584 5336 2641 5383 et
2686 5324 2781 5397 qui
2828 5322 3078 5378 semitam
3112 5312 3364 5371 utilitatis
3406 5306 3708 5380 ignorarint

2139 5427 2378 5495 penitus.
2417 5421 2527 5491 Ego
2572 5419 2815 5490 quidem,
2849 5413 3049 5485 inquit,
3089 5411 3145 5465 in
3180 5422 3298 5464 eam
3340 5415 3571 5460 mentem
3594 5400 3711 5495 iam

2141 5492 2333 5571 delatis
2364 5516 2561 5569 iratum
2602 5513 2720 5568 fore
2749 5524 2834 5565 me
2860 5505 3221 5565 comminatus
3256 5515 3400 5564 sum,
3433 5508 3488 5552 et
3527 5492 3707 5550 vinni-

2138 5618 2385 5666 caturum
2425 5613 2646 5677 peccata
2701 5615 2910 5663 eorum,
2967 5609 3023 5657 et
3067 5594 3475 5655 recordaturum
3520 5598 3709 5644 omnes
