4110 6368
320 402 331 421 ι
366 378 475 434 913
1295 368 1851 427 COMMENTARIUS
1890 367 1955 423 ΙΝ
1994 368 2223 424 OSEAM
2262 367 2702 425 PROPIIETAM.
3513 367 3618 422 ΞΗ

369 486 696 555 ὀφείλοντες,
735 480 1093 554 κατηρέθιζον
1122 483 1203 551 ἐφ’
1227 483 1441 546 ἑαυτοῖς
1464 481 1559 534 καὶ
1587 480 1667 533 ἐτι
1692 480 1941 551 μειζόνως

2050 492 2101 535 et
2143 482 2197 535 in
2254 496 2349 537 eas
2387 490 2636 537 tenentes
2677 476 2985 549 imperium,
3039 478 3169 543 diis,
3216 486 3274 533 ut
3320 493 3349 532 a
3403 479 3617 535 miseris

368 578 459 631 τὸν
481 575 591 629 τῶν
623 574 761 627 ὅλων
788 572 1092 644 κρατοῦντα
1140 572 1291 626 Θεόν.
1334 572 1391 625 '0
1420 571 1517 641 μὲν
1555 569 1664 640 γὰρ
1706 570 1941 639 Ἰσραὴλ,

2049 570 2416 639 captivitatem
2473 568 2846 639 depellerent,
2904 578 2962 624 et
3011 568 3243 623 hostium
3320 569 3619 641 phalangas

371 667 667 731 τουτέστιν,
714 668 769 718 αἰ
800 667 931 719 δέκα
956 664 1141 734 φυλαὶ,
1174 664 1266 717 καὶ
1299 663 1348 715 οἱ
1387 662 1591 717 τούτων
1637 660 1940 731 ἀνημμένοι

2048 671 2377 725 everterent,
2423 664 2626 729 majora
2676 660 2934 730 obsequia
2985 661 3332 725 exhibebant,
3378 671 3433 717 et
3462 664 3615 732 quasi

370 758 430 809 τὸ
468 757 690 828 κράτος,
733 755 808 820 ὡς
848 756 1241 825 λελυπημένοις
1291 753 1389 825 τὴν
1432 752 1650 817 ἅλωσιν,
1708 752 1799 805 καὶ
1842 752 1941 816 τὰς

2046 766 2140 807 eos
2157 750 2542 814 demulcentes,
2567 765 2864 820 eorumque
2888 750 2989 805 sibi
3010 751 3440 807 benevolentiam
3470 767 3619 806 com-

371 847 481 901 τῶν
531 848 802 918 πολεμίων
843 848 1175 919 ἀνατρέπειν
1208 845 1512 916 φάλαγγας,
1552 845 1647 896 καὶ
1691 844 1940 907 πλείονας

2048 853 2320 913 parantes,
2354 845 2476 898 fana
2508 844 2866 907 aedificabant,
2899 852 2954 897 et
2994 858 3119 898 aras
3147 844 3201 897 in
3239 844 3304 899 iis
3333 852 3617 900 construe-

372 941 455 993 ἔτι
498 942 598 1002 τὰς
651 940 942 1010 θεραπείας
993 938 1286 1010 προσῆγον.
1346 934 1819 1007 Ἐκμελισσόμενοι
1888 934 1941 988 δὲ

2051 933 2201 1000 bant,
2242 942 2298 989 et
2334 934 2577 1004 pluribus
2607 949 2700 989 eos
2739 934 3021 989 sacrificiis
3067 935 3422 991 honorabant.
3451 935 3619 989 ludas

369 1029 583 1099 ῶσπερ,
615 1030 708 1083 καὶ
736 1028 1089 1091 καθιστάντες
1118 1028 1362 1096 εὐμενεῖς
1382 1024 1692 1095 ᾠκοδόμουν
1718 1023 1941 1093 τεμένη,

2052 1028 2212 1082 urbes
2245 1042 2372 1081 suas
2412 1026 2816 1082 communiebat
2850 1026 3101 1092 validius,
3132 1027 3316 1095 potius
3346 1026 3616 1095 lapidibus

372 1119 469 1171 καὶ
497 1119 712 1188 βωμοὺς
761 1117 1158 1179 ἐναπετίθεντο,
1199 1115 1296 1167 καὶ
1337 1113 1577 1167 πλείοσιν
1614 1114 1693 1166 ἔτι
1734 1111 1941 1176 θυσίαις

2050 1132 2213 1188 quam
2247 1118 2356 1174 Deo
2379 1117 2638 1183 confisus,
2664 1118 2914 1189 quamvis
2940 1118 3030 1172 ille
3056 1119 3122 1173 de
3160 1116 3460 1173 Jerusalem
3492 1132 3616 1187 per-

372 1210 594 1280 ἐτίμων.
631 1208 690 1264 Ὁ
719 1209 775 1262 δέ
801 1226 864 1277 γε
898 1208 1097 1270 Ἰούδας
1129 1205 1475 1278 ὀχυρωτέρας
1498 1204 1667 1257 ἐποίει
1690 1203 1787 1267 τὰς
1818 1204 1941 1256 ἐαυ-

2050 1209 2250 1279 spicuis
2293 1210 2477 1264 verbis
2520 1210 2792 1266 dixisset:
2837 1227 2857 1262 ι
2885 1208 2997 1278 Ego
3039 1222 3132 1263 ero
3160 1209 3232 1271 ei,
3268 1208 3400 1261 dicit
3437 1207 3617 1262 Domi-

370 1299 465 1353 τοῦ
495 1300 693 1364 πόλεις,
720 1299 886 1362 λίθοις
923 1298 1122 1368 μᾶλλον
1151 1296 1546 1368 ἐπιθαρσὴσας,
1583 1296 1676 1349 καὶ
1704 1296 1764 1349 οὺ
1798 1294 1938 1365 Θεῷ,

2047 1316 2170 1366 ιιυε,
2213 1316 2399 1356 murus
2432 1303 2623 1371 igneus
2671 1302 2725 1355 in
2774 1301 3027 1364 circuitu,
3059 1310 3113 1354 et
3161 1301 3213 1354 in
3256 1300 3482 1371 gloriam
3520 1316 3617 1355 ero

373 1390 550 1442 καίτοι
600 1389 811 1458 λέγοντι
865 1387 1050 1456 σαφῶς
1098 1388 1227 1458 περὶ
1271 1390 1371 1457 τῆς
1424 1385 1800 1457 Ἰερουσαλὴμ,
1859 1386 1941 1438 ὅτι

2040 1394 2092 1447 in
2152 1394 2334 1448 medio
2388 1393 2506 1461 ejus
2527 1394 2594 1451 ⁸ο.
2635 1413 2653 1446 ι
2709 1394 2908 1449 Verum
2963 1393 3099 1446 nihil
3149 1409 3212 1447 ex
3270 1409 3336 1447 eo
3388 1392 3617 1461 profecit

374 1500 393 1533 ι
428 1480 568 1550 Ἐγὼ
610 1481 805 1551 ἔσομαι
867 1481 1027 1551 αὐτῇ,
1081 1478 1229 1546 λέγει
1272 1479 1497 1550 Κύριος,
1540 1482 1718 1549 τεῖχος
1772 1478 1941 1549 πυρὸς

2046 1485 2236 1541 Israel.
2286 1488 2468 1556 Ignem
2521 1498 2703 1542 autem
2758 1487 3011 1555 deinceps
3059 1485 3112 1539 in
3154 1485 3316 1540 urbes
3364 1484 3501 1539 Juda
3558 1501 3617 1540 se

369 1573 653 1637 κυκλόθεν,
683 1573 778 1626 καὶ
820 1575 901 1636 εἰς
952 1571 1108 1637 δόξαν
1149 1572 1342 1642 ἔσομαι
1390 1573 1449 1624 ἐν
1502 1572 1650 1643 μέσῳ
1695 1572 1882 1640 αὐτῆς.
1922 1590 1941 1623 ι

2044 1578 2412 1633 immissurum
2473 1579 2709 1633 minatur
2770 1580 2949 1643 Deus,
3009 1576 3317 1647 Babyloniis
3360 1578 3614 1631 nimirum

380 1664 517 1717 Ἀλλ’
552 1664 702 1717 οὐδὲν
739 1665 837 1734 μὲν
865 1662 1044 1735 ὤνησε
1072 1664 1132 1716 τὸ
1171 1664 1358 1734 χρῆμα
1402 1663 1492 1716 τὸν
1537 1664 1772 1735 Ἰσραήλ.
1829 1665 1941 1736 Πῦρ

2045 1670 2141 1725 ira:
2172 1670 2370 1726 divinae
2396 1671 2731 1726 administris
2764 1685 2856 1726 eas
2887 1669 3323 1724 incendentibus.

366 1754 422 1810 δὲ
458 1759 578 1819 ταῖς
612 1756 827 1810 πόλεσιν
866 1758 1168 1826 ἐπαφήσειν
1208 1759 1327 1819 ταῖς
1370 1756 1561 1820 Ἰούδα,
1602 1758 1785 1811 λοιπὸν
1848 1760 2135 1830 ἐπηπείλει
2192 1764 2322 1828 Θεός
2360 1780 2373 1794 ·
2413 1763 2921 1834 καταπιμπράντων
2985 1761 3155 1825 αὺτάς
3221 1761 3465 1831 δηλονότι
3506 1759 3615 1813 τῶν

367 1847 742 1912 Βαϐυλωνίων,
797 1849 845 1901 οἳ
895 1848 994 1919 τῆς
1048 1851 1127 1911 εἰς
1178 1848 1376 1911 αὐτοὺς
1422 1849 1588 1919 ὀργῆς
1651 1851 1936 1919 γεγόνασιν
1968 1854 2253 1927 ὑπουργοί.

963 1981 1212 2035 ΚΕΦΑΛ.
1263 1981 1340 2035 Θ⁹.

435 2089 530 2157 Μὴ
564 2090 753 2159 χαῖρε,
793 2089 1054 2158 Ἰσραὴλ,
1099 2089 1237 2159 μηδ’
1277 2091 1606 2159 εὐφραίνου
1658 2092 1849 2159 καθὼς
1888 2096 1943 2147 οἱ

363 2178 521 2244 λαοὶ,
563 2180 651 2232 ὅτι
680 2179 1056 2248 ἐπόρνευσας
1099 2180 1219 2236 ἀπὸ
1255 2181 1363 2236 τοῦ
1397 2182 1544 2236 Θεοῦ
1587 2197 1723 2236 σου.
1769 2184 1941 2252 Ἠγά-

365 2288 567 2339 πησας
611 2272 836 2342 δόματα
876 2273 975 2326 ἐπὶ
1006 2274 1202 2328 πάντα
1255 2275 1458 2329 ἅλωνα
1490 2276 1684 2329 σίτου.
1729 2275 1940 2339 Ἄλων,

366 2366 464 2417 καί
484 2366 673 2432 ληνὸς
696 2366 806 2418 οὐκ
832 2365 984 2434 ἔγνω
1009 2366 1251 2432 αὐτοὺς,
1276 2368 1373 2420 καὶ
1402 2370 1435 2421 ό
1453 2368 1616 2433 οἶνος
1642 2368 1944 2435 ἐψεύσατο

365 2458 603 2521 αὐτούς.
668 2460 749 2511 Οὐ
788 2456 1145 2526 κατῴκησαν
1192 2459 1265 2512 ἐν
1307 2458 1382 2528 τῇ
1423 2458 1501 2529 γῆ
1546 2459 1652 2514 τοῦ
1696 2460 1939 2527 Κυρίου.

366 2547 731 2617 Κατῴκησεν
758 2541 1350 2618 ἘφραῒμηΑτγυπτον,
1382 2551 1478 2606 καὶ
1496 2552 1566 2605 ἐν
1602 2554 1944 2621 Ἀσσυρίοις

365 2639 673 2706 ἀκάθαρτα
731 2638 1041 2710 φάγονται.
1093 2642 1217 2695 Οὐκ
1274 2641 1571 2696 ἔσπεισαν
1621 2642 1700 2707 τῷ
1751 2644 1944 2710 Κυρίῳ

365 2726 553 2796 οἶνον,
586 2732 683 2784 καί
709 2734 819 2800 οὐχ
858 2731 1095 2799 ἢδυναν
1118 2731 1300 2799 αὐτῷ,
1328 2736 1388 2786 αἰ
1414 2734 1612 2787 θυσίαι
1639 2733 1836 2787 αὐτῶν
1865 2735 1946 2799 ὡς

364 2824 540 2893 ἄρτος
574 2825 831 2891 πένθους
860 2825 1083 2891 αὐτοῖς.
1122 2825 1351 2891 Πάντες
1385 2828 1441 2879 οὶ
1467 2826 1772 2892 ἐσθίοντες
1794 2826 1946 2880 αὐτὰ

362 2917 818 2987 μιανθήσονται,
854 2918 1003 2972 διότι
1033 2922 1086 2972 οἱ
1124 2919 1290 2987 ἄρτοι
1319 2918 1518 2972 αὐτῶν
1561 2918 1691 2985 ταῖς
1718 2920 1946 2988 ψυχαῖς

368 3007 571 3061 αὐτῶν
606 3010 717 3062 οὐκ
748 3009 1202 3061 εἰσελεύσονται
1247 3010 1335 3073 είς
1362 3008 1470 3062 τὸν
1505 3004 1675 3062 οἶκον
1704 3010 1944 3076 Κυρίου.

437 3124 535 3188 ιτς
536 3130 567 3172 ⁸.
600 3122 730 3184 Ταῖς
766 3120 872 3174 τῶν
916 3120 1085 3173 ἐθνῶν
1119 3120 1361 3189 ἀγέλαις,
1395 3122 1515 3174 ἐπεί
1564 3139 1647 3175 τοι
1685 3121 1946 3193 πλείστην

365 3214 498 3282 ὅσην
529 3212 742 3266 νοσοῦσι
764 3212 861 3281 τὴν
891 3211 1145 3266 ἀϐουλίαν
1184 3212 1579 3284 (πεπλάνηνται
1607 3213 1717 3284 γὰρ
1760 3214 1947 3284 ὁμολο·

364 3304 831 3374 γουμένωςὶ,ἐθος
868 3298 936 3374 ἦν
989 3305 1311 3374 ἀρχομένοις
1359 3308 1456 3375 τῆς
1503 3306 1800 3373 γεωπόνου,
1851 3306 1945 3359 καὶ

365 3393 533 3464 ἀροῦν
556 3394 806 3464 μέλλουσι
822 3394 917 3466 τὴν
940 3394 1063 3464 γῆν,
1088 3394 1274 3458 θυσίας
1295 3396 1557 3448 ἐπιτελεῖν
1577 3399 1687 3460 τοῖς
1702 3397 1937 3466 δαίμοσι,

366 3487 460 3537 καὶ
494 3488 620 3557 παρ’
654 3485 833 3540 αὐτῶν
886 3488 1056 3539 αἰτεῖν
1106 3485 1205 3550 τὰς
1241 3487 1349 3539 τῶν
1392 3487 1577 3557 ἀγρῶν
1613 3488 1936 3558 εὐκαρπίας.

379 3580 652 3651 ’Δμῶντες
679 3581 735 3634 δὲ
768 3581 949 3648 πάλιν,
980 3580 1171 3651 καιροῦ
1204 3579 1495 3644 καλοῦντος
1528 3581 1607 3643 εἰς
1632 3578 1808 3644 τοῦτο,
1845 3580 1939 3632 καὶ

369 3674 477 3743 μὴν
516 3673 610 3725 καὶ
662 3672 842 3742 ληνοῖς
886 3673 1185 3735 ἐντιθέντες
1227 3672 1317 3726 τὸν
1383 3672 1599 3743 βότρυν,
1661 3670 1937 3737 ἔσπενδον,

362 3763 521 3817 ἔθυον
549 3766 667 3827 ταῖς
695 3763 884 3835 ὥραις,
906 3758 1033 3837 ᾖδον
1079 3762 1177 3827 τάς
1205 3762 1513 3833 ἐπιληνίους
1541 3761 1706 3832 ᾠδὰς,
1742 3760 1939 3828 ἀναφέ-

367 3870 550 3922 ροντες
574 3853 640 3906 τά
664 3854 1010 3925 χαριστήρια,
1042 3852 1321 3924 χαίροντές
1346 3870 1405 3905 τε
1454 3852 1548 3905 καὶ
1578 3851 1936 3921 εὐφραινόμε-

364 3962 445 3997 νοι
470 3943 759 3997 διετέλουν.
797 3945 967 3998 Τοῦτο
997 3946 1240 4017 δρῶντας
1280 3945 1404 4007 τοὺς
1425 3941 1486 4009 ἐξ
1526 3943 1740 4015 Ἰσραὴλ
1782 3945 1939 3995 ἐπαι-

362 4038 546 4089 τιᾶται
602 4037 752 4100 Θεός.
814 4038 906 4109 Μὴ
971 4037 1078 4108 γὰρ
1126 4036 1191 4108 δὴ
1246 4040 1444 4109 χρῆναι
1514 4037 1726 4107 χαίρειν
1776 4036 1936 4089 αὐτὸν

363 4128 753 4199 διισχυρίζεται
788 4129 994 4198 σαφῶς,
1026 4127 1168 4181 καθά
1199 4130 1293 4182 καὶ
1325 4128 1392 4182 τά
1420 4127 1580 4181 λοιπά
1610 4128 1717 4182 τῶν
1746 4127 1934 4182 ἐθνῶν.

363 4222 465 4274 Διά
493 4221 650 4274 ποίαν
674 4222 878 4287 αἰτίαν,
908 4224 954 4274 οἰ
992 4222 1090 4292 μὲν
1128 4221 1237 4293 γάρ
1284 4220 1617 4291 ἠγνοηκότες
1662 4221 1936 4285 παντελῶς

362 4312 457 4365 ’τὸν
505 4312 663 4381 φύσει
693 4330 753 4365 τε
788 4313 881 4365 καὶ
906 4312 1122 4383 ἀληθῶς
1154 4313 1284 4366 ὄντα
1325 4312 1477 4375 Θεὸν,
1505 4311 1857 4381 γεννηθέντες
1879 4312 1936 4365 δὲ

367 4406 569 4474 μᾶλλον
615 4407 673 4458 ἐν
718 4405 913 4476 πλάνῃ,
949 4405 1089 4474 τάχα
1125 4422 1225 4457 που
1260 4404 1357 4474 τῆς
1398 4403 1727 4474 ἀρρωστίας,
1768 4403 1934 4473 ἤγουν

362 4495 602 4564 ἀμαθίας
617 4496 714 4549 οὐκ
733 4496 993 4549 ἀπίθανον
1013 4495 1193 4566 ἔχουσι
1217 4495 1391 4564 λόγον.
1426 4494 1486 4547 'U
1513 4494 1569 4547 δέ
1599 4511 1660 4562 γε
1697 4492 1931 4564 Ἰσραὴλ,

362 4590 542 4642 καίτοι
575 4589 723 4659 νόμῳ
750 4587 1279 4658 παιδαγωγοῦμενος,
1311 4588 1402 4639 καὶ
1426 4587 1516 4639 τὸν
1541 4585 1647 4638 τῶν
1677 4585 1812 4637 ὃλων
1840 4587 1934 4637 Δε-

2689 1984 2839 2042 CAP.
2877 1985 2968 2075 IX.

2118 2099 2277 2154 Vens.
2330 2101 2445 2154 1-4.
2513 2100 2596 2155 Ne
2642 2102 2893 2171 gaudeas,
2928 2099 3137 2165 Israel,
3204 2115 3363 2169 neque
3422 2098 3613 2153 lwteris

2043 2193 2176 2246 sicut
2205 2193 2402 2261 populi,
2431 2194 2555 2262 quia
2590 2192 2882 2262 fornicatus
2921 2208 2974 2245 es
3011 2208 3042 2243 a
3078 2191 3185 2243 Deo
3225 2200 3335 2243 tuo.
3371 2188 3614 2243 Dilexisli

2043 2285 2167 2337 data
2191 2301 2348 2353 super
2381 2301 2583 2339 omnem
2612 2301 2787 2338 aream
2816 2284 3081 2351 frumenti.
3136 2282 3270 2335 Area
3296 2291 3343 2334 et
3382 2280 3616 2333 torcular

2046 2392 2146 2429 non
2184 2376 2422 2444 cognovit
2457 2391 2569 2437 eos,
2594 2383 2642 2427 et
2678 2375 2851 2427 vinum
2885 2374 3079 2441 decepit
3123 2388 3229 2426 eos.
3263 2372 3382 2425 Non
3410 2372 3615 2423 habita-

2043 2476 2221 2521 verunt
2252 2467 2307 2519 in
2348 2476 2487 2520 terra
2538 2466 2777 2520 Domini.
2829 2465 3098 2518 Habitavit
3142 2463 3398 2530 Ephraim
3442 2461 3613 2532 Egy-

2041 2567 2209 2627 ptum,
2236 2569 2282 2611 et
2312 2558 2367 2611 in
2388 2558 2622 2627 Assyriis
2651 2558 2925 2611 immunda
2954 2557 3242 2610 comedent.
3277 2554 3399 2607 Non
3426 2554 3615 2607 libave-

2042 2659 2162 2701 runt
2203 2648 2422 2702 Domino
2450 2650 2645 2711 vinum,
2681 2657 2727 2701 et
2763 2664 2866 2701 non
2891 2646 3197 2715 placuerunt
3232 2646 3315 2709 ei;
3349 2646 3613 2714 sacriﬁcia

2044 2756 2242 2805 eorum,
2275 2741 2428 2810 quasi
2446 2740 2599 2806 panis
2634 2739 2802 2793 luctus
2838 2740 2983 2807 ipsis.
3025 2738 3215 2793 Omnes
3245 2739 3614 2790 manducantcs

2044 2847 2105 2885 ea
2128 2831 2647 2893 contuminabuntur,
2674 2832 2797 2900 quia
2819 2847 2977 2898 panes
3002 2832 3274 2884 animabus
3306 2845 3483 2883 eorum
3512 2845 3614 2881 non

2044 2923 2403 2991 ingrediantur
2436 2922 2489 2974 in
2522 2922 2733 2974 domum
2766 2920 2998 2974 Domini.

2121 3123 2278 3193 127
2312 3121 2491 3178 XCV).
2537 3121 2786 3177 Gentium
2826 3120 3102 3199 gregibus,
3150 3128 3337 3190 utpote
3380 3119 3613 3174 stultitia

2047 3214 2335 3283 plurimum
2372 3214 2745 3269 laborantibus
2768 3214 3181 3283 (aberraverunt
3206 3213 3484 3269 enimvero
3507 3227 3614 3265 uno

2047 3308 2358 3377 consensu),
2392 3321 2507 3361 mos
2545 3316 2663 3360 erat
2692 3304 3074 3374 agriculturam
3100 3305 3528 3374 auspicantibus,
3561 3313 3616 3359 et

2045 3406 2243 3453 terram
2274 3408 2454 3452 aratro
2484 3398 2860 3467 proscissnris,
2907 3398 3116 3453 hostias
3146 3406 3385 3451 mactare
3415 3396 3615 3452 daemo-

2044 3488 2235 3551 nibus,
2287 3488 2354 3543 ab
2402 3488 2574 3557 iisque
2632 3488 2847 3559 frugum
2901 3488 3197 3543 ubertatem
3252 3488 3611 3558 comprecari.

2042 3577 2252 3632 Rursus
2296 3586 2539 3646 tempore
2571 3577 2824 3631 hortante
2870 3587 3104 3646 segetem
3138 3577 3488 3642 demetentes,
3525 3584 3612 3629 at-

2040 3682 2148 3738 que
2198 3668 2363 3722 etiam
2423 3666 2789 3721 torcularibus
2855 3682 2988 3721 uvas
3039 3665 3356 3730 inferentes,
3406 3666 3613 3719 deabus

2040 3769 2272 3831 quatuor
2334 3759 2461 3813 anni
2527 3768 2821 3828 temporum
2873 3758 3191 3827 prmsidihus
3258 3758 3498 3811 libabant
3558 3768 3612 3809 ct

2040 3848 2439 3913 sacrificabant,
2474 3848 2880 3916 torcularesque
2923 3848 3222 3903 cantilenas
3269 3848 3610 3903 modulantes

2040 3940 2269 4009 gratias,
2310 3948 2362 3994 et
2394 3940 2650 4009 gaudium
2685 3939 3034 4008 laatitiamque
3064 3940 3409 3994 continenter
3438 3940 3606 4009 agita-

2041 4032 2191 4084 hant.
2220 4028 2332 4084 Hoc
2375 4030 2517 4084 idem
2550 4030 2810 4085 facientes
2854 4028 3129 4084 Israelitas
3179 4040 3396 4084 accusat
3442 4029 3605 4094 Deus,

2038 4121 2308 4176 afﬁrmans
2331 4122 2498 4187 clare,
2546 4137 2651 4175 non
2699 4122 2892 4176 decere
2919 4121 3063 4191 ipsos
3100 4136 3251 4177 more
3286 4132 3604 4177 caeteraruw

2038 4213 2277 4282 gentium
2304 4213 2495 4266 lmtari.
2530 4213 2701 4279 Quam
2732 4213 2801 4266 ob
2831 4212 3205 4279 causamiQui
3242 4214 3384 4267 enim
3415 4222 3605 4267 natura

2038 4316 2092 4359 et
2134 4320 2262 4360 vere
2308 4303 2476 4359 Deum
2527 4319 2630 4358 non
2675 4313 3029 4373 agnoverunt,
3085 4319 3437 4372 erroremque
3481 4320 3604 4358 cum

2036 4395 2176 4450 lacte
2260 4395 2487 4450 nutricis
2559 4404 2855 4461 suxcrunt,
2930 4395 3178 4450 fortassis
3257 4397 3430 4450 morbi
3493 4397 3607 4452 sive

2036 4490 2287 4545 ruditatis
2335 4504 2446 4545 suae.
2494 4492 2893 4545 excusationem
2938 4506 3042 4545 non
3080 4491 3455 4546 incredibilem
3502 4493 3603 4546 lia-

2034 4582 2182 4636 bent.
2230 4580 2394 4635 Israel
2431 4590 2608 4636 autem
2648 4582 2859 4636 tametsi
2900 4581 3021 4651 lege
3068 4583 3366 4648 institutus,
3422 4592 3477 4638 et
3510 4583 3602 4638 Dei

364 4680 571 4748 σπότην
628 4678 979 4746 ἐπεγνωκὼς,
1035 4677 1405 4748 πεπόρνευκεν
1464 4676 1543 4738 είς
1612 4674 1930 4728 ἀπόστασιν.

2040 4672 2339 4742 cognitione
2369 4672 2632 4740 imbutus,
2667 4673 2734 4726 ad
2768 4671 3126 4727 defectionem
3156 4683 3239 4727 est
3281 4672 3602 4728 fornicatus.

362 4769 576 4823 Οὐκοῦν
602 4771 756 4822 νοοῖτ⁹
813 4770 879 4822 ἂν
928 4768 1150 4831 εἰκότως
1181 4768 1273 4821 καὶ
1312 4769 1370 4820 ἐν
1416 4766 1562 4836 αἰτίᾳ.
1591 4764 1829 4833 γεγονὼς
1873 4767 1937 4835 τῇ

364 4860 761 4931 φορτικωτέρᾳ,
784 4862 877 4913 καὶ
904 4860 1294 4929 δυσδιάφυκτον
1328 4857 1464 4928 ἔχων
1495 4858 1593 4927 τῆς
1622 4858 1938 4921 δυσσεὸείας

361 4952 427 5003 τὸ
455 4950 725 5021 ἔγκλημα.
759 4950 930 5013 Εἰδὼς
954 4951 1061 5021 γὰρ
1087 4950 1148 5003 τὸ
1175 4950 1384 5021 θέλημα
1400 4946 1492 5002 τοῦ
1514 4949 1720 5019 Κυρίου
1751 4948 1936 5012 αὐτοῦ,

364 5044 765 5114 κατημέλησεν,
797 5044 856 5095 οὐ
899 5043 1186 5112 πεποίηκε.
1241 5043 1544 5113 Δαρήσεται
1576 5041 1638 5111 δὴ
1681 5038 1772 5093 οῦν
1807 5040 1937 5093 πολ-

363 5134 491 5197 λάς·
526 5133 620 5186 τοῦ
652 5134 726 5204 μὴ
749 5133 968 5198 εἰδότος,
1010 5128 1127 5186 εἶτα
1156 5133 1229 5204 μὴ
1261 5132 1600 5201 δεδρακότος,
1628 5131 1813 5199 ὀλίγας
1842 5130 1933 5184 δα-

366 5219 689 5290 ρησομένου,
724 5220 863 5273 κατά
884 5221 981 5289 τὴν
1008 5219 1101 5272 τοῦ
1136 5221 1384 5291 Σωτῆρος
1415 5221 1595 5289 φωνήν
1616 5257 1631 5272 .
1660 5219 1751 5289 Μὴ
1778 5222 1931 5289 χαῖρε

362 5311 432 5381 δὴ
466 5307 558 5364 οὖν
599 5310 781 5374 καθὼς
804 5312 853 5363 οἱ
878 5311 1016 5377 λαοὶ,
1054 5312 1237 5381 φησίν.
1277 5313 1335 5364 (ll
1368 5311 1465 5381 μὲν
1501 5312 1605 5381 γὰρ
1635 5330 1653 5361 ι
1704 5312 1799 5364 Ἐκ
1831 5311 1935 5382 μή·

362 5416 500 5468 τρας
557 5401 970 5472 πεπλάνηνται’
1018 5420 1036 5452 ι
1084 5403 1147 5454 σὺ
1180 5401 1236 5454 δὲ
1275 5403 1423 5472 νόμῳ
1475 5399 1933 5470 παιδαγωγηθεπ,

363 5494 807 5563 ἐκπεπόρνευκας
834 5493 944 5546 ἀπὸ
986 5492 1141 5546 Θεοῦ.
1171 5494 1280 5547 Καὶ
1302 5493 1385 5556 τίς
1415 5494 1592 5547 αὐτῶν
1621 5494 1811 5562 γέγονε
1839 5495 1936 5564 τῆς

364 5584 624 5654 πορνείας
659 5585 687 5636 ὁ
723 5585 955 5655 τρόπος;
1022 5584 1301 5655 Ἠγάπησε
1348 5584 1574 5656 δόματα,
1630 5584 1817 5655 φησὶν,
1873 5586 1933 5638 οὐ

2038 4763 2215 4833 Quare
2274 4763 2466 4817 merito
2515 4764 2779 4833 gravioris
2840 4762 3009 4832 culpae
3062 4778 3211 4825 reus,
3272 4771 3328 4817 et
3378 4763 3607 4819 crimine

2037 4855 2331 4926 impietatis
2360 4856 2668 4925 neutiquam
2700 4856 2992 4910 excusabili
3033 4856 3330 4911 obstrictus
3381 4854 3603 4924 intelligi

2036 4955 2231 5016 potest.
2262 4944 2396 5000 Nam
2448 4946 2627 5000 sciens
2658 4945 2987 5000 voluntatem
3022 4944 3232 4999 Domini
3269 4945 3374 5011 sui,
3427 4944 3606 4998 facere

2035 5038 2290 5108 neglexit,
2315 5038 2586 5108 vapulabit
2613 5038 2774 5109 igitur
2799 5038 2980 5093 multis
3006 5056 3022 5106 ;
3046 5053 3171 5093 cum
3197 5052 3226 5091 c
3251 5038 3485 5101 diverso,
3511 5037 3602 5105 qui

2038 5128 2282 5194 nescivit,
2326 5140 2382 5186 et
2414 5139 2590 5185 tamen
2632 5145 2737 5185 non
2780 5128 2926 5193 fecit,
2967 5128 3318 5196 vapulaturus
3368 5127 3438 5183 sit
3470 5142 3603 5196 pau-

2039 5219 2206 5284 cis“,
2234 5221 2387 5290 juxta
2435 5236 2619 5277 vocem
2676 5220 2991 5276 Salvatoris.
3058 5220 3134 5276 Ne
3189 5220 3360 5289 gaude
3419 5219 3600 5287 itaque

2038 5313 2179 5367 sicut
2221 5313 2421 5382 populi,
2467 5313 2658 5383 inquit.
2701 5311 2780 5366 Illi
2829 5314 2972 5367 enim
3012 5331 3030 5363 (
3065 5313 3130 5367 ab
3177 5321 3332 5367 utero
3379 5326 3594 5366 errave-

2038 5403 2231 5457 runt“
2260 5425 2271 5458 :
2305 5422 2325 5455 ›
2378 5413 2434 5458 ιιι
2480 5414 2660 5458 autem
2729 5402 2862 5473 legis
2911 5404 3158 5458 doctrina
3212 5404 3525 5466 instructus,
3564 5418 3593 5454 a

2038 5494 2146 5549 Deo
2178 5495 2470 5550 fornicatus
2510 5510 2589 5549 es.
2635 5494 2880 5561 Quonam
2926 5505 3106 5550 autem
3148 5494 3305 5548 modo
3347 5492 3596 5547 fornicati

2034 5586 2190 5641 sunt?
2225 5585 2422 5642 Dilcxit
2451 5587 2595 5651 data,
2641 5586 2837 5655 inquit,
2872 5602 2975 5642 non
3016 5586 3235 5655 quidem
3276 5601 3305 5641 a
3342 5585 3470 5649 Deo,
3505 5586 3600 5641 sed

437 5760 482 5790 ‘°
518 5757 683 5815 Zat‘ll.
717 5777 771 5824 ll,
803 5760 854 5815 5.
933 5762 975 5792 ³¹
1012 5761 1140 5817 Luc.
1179 5777 1276 5827 xu,
1305 5762 1393 5830 47,
1423 5762 1509 5816 48.
1590 5762 1633 5792 ⁸³
1666 5760 1808 5817 Psal.
1840 5776 1968 5816 Lvtt.
1999 5761 2051 5816 4.
