  <div class='ocr_page' id='page_1' title='image "/cluster/home/n/w/nwhite01/storage/ocr_20150623/71/nnc1.0046980199/123.png"; bbox 0 0 4110 6368; ppageno 0'>
   <div class='ocr_carea' id='block_1_1' title="bbox 457 359 565 417">
    <p class='ocr_par' dir='ltr' id='par_1_1' title="bbox 457 359 565 417">
     <span class='ocr_line' id='line_1_1' title="bbox 457 359 565 417; baseline 0.019 -2"><span class='ocrx_word' id='word_1_1' title='bbox 457 359 565 417; x_wconf 70' lang='grc'><strong>⁸215</strong></span> 
     </span>
    </p>
   </div>
   <div class='ocr_carea' id='block_1_2' title="bbox 1490 361 2733 422">
    <p class='ocr_par' dir='ltr' id='par_1_2' title="bbox 1490 361 2733 422">
     <span class='ocr_line' id='line_1_2' title="bbox 1490 361 2733 422; baseline 0.005 -6"><span class='ocrx_word' id='word_1_2' title='bbox 1490 362 1550 420; x_wconf 89' lang='lat' dir='ltr'><strong>S.</strong></span> <span class='ocrx_word' id='word_1_3' title='bbox 1590 361 1864 418; x_wconf 77' lang='lat' dir='ltr'><strong>CYRILLI</strong></span> <span class='ocrx_word' id='word_1_4' title='bbox 1904 362 2373 418; x_wconf 70' lang='lat' dir='ltr'><strong>ALEXANDRINI</strong></span> <span class='ocrx_word' id='word_1_5' title='bbox 2411 365 2733 422; x_wconf 79' lang='lat' dir='ltr'><strong>ARCHIEP.</strong></span> 
     </span>
    </p>
   </div>
   <div class='ocr_carea' id='block_1_3' title="bbox 3621 367 3726 423">
    <p class='ocr_par' dir='ltr' id='par_1_3' title="bbox 3621 367 3726 423">
     <span class='ocr_line' id='line_1_3' title="bbox 3621 367 3726 423; baseline 0.01 -1"><span class='ocrx_word' id='word_1_6' title='bbox 3621 367 3726 423; x_wconf 73' lang='grc'><strong>216</strong></span> 
     </span>
    </p>
   </div>
   <div class='ocr_carea' id='block_1_4' title="bbox 459 473 2058 554">
    <p class='ocr_par' dir='ltr' id='par_1_4' title="bbox 459 473 2040 549">
     <span class='ocr_line' id='line_1_4' title="bbox 459 473 2040 549; baseline 0.003 -22"><span class='ocrx_word' id='word_1_7' title='bbox 459 491 485 527; x_wconf 88' lang='lat' dir='ltr'><strong>a</strong></span> <span class='ocrx_word' id='word_1_8' title='bbox 529 473 714 530; x_wconf 88' lang='lat' dir='ltr'><strong>vitulis</strong></span> <span class='ocrx_word' id='word_1_9' title='bbox 743 483 798 530; x_wconf 92' lang='lat' dir='ltr'><strong>et</strong></span> <span class='ocrx_word' id='word_1_10' title='bbox 831 489 860 529; x_wconf 93' lang='lat' dir='ltr'><strong>a</strong></span> <span class='ocrx_word' id='word_1_11' title='bbox 893 473 1044 540; x_wconf 86' lang='lat' dir='ltr'><strong>Baal,</strong></span> <span class='ocrx_word' id='word_1_12' title='bbox 1079 490 1390 546; x_wconf 82' lang='lat' dir='ltr'><strong>quanquam</strong></span> <span class='ocrx_word' id='word_1_13' title='bbox 1421 477 1557 532; x_wconf 81' lang='lat' dir='ltr'><strong>nihil</strong></span> <span class='ocrx_word' id='word_1_14' title='bbox 1595 477 1792 534; x_wconf 92' lang='lat' dir='ltr'><strong>darent</strong></span> <span class='ocrx_word' id='word_1_15' title='bbox 1819 482 2040 549; x_wconf 83' lang='lat' dir='ltr'><strong>petent-i-</strong></span> 
     </span>
    </p>
   </div>
   <div class='ocr_carea' id='block_1_5' title="bbox 2156 473 3720 554">
    <p class='ocr_par' dir='ltr' id='par_1_5' title="bbox 2156 482 3720 554">
     <span class='ocr_line' id='line_1_5' title="bbox 2156 482 3720 554; baseline 0.004 -22"><span class='ocrx_word' id='word_1_16' title='bbox 2156 482 2296 552; x_wconf 73' lang='grc' dir='ltr'>παρὰ</span> <span class='ocrx_word' id='word_1_17' title='bbox 2334 483 2468 536; x_wconf 86' lang='grc' dir='ltr'>Θεοῦ</span> <span class='ocrx_word' id='word_1_18' title='bbox 2519 485 2736 554; x_wconf 78' lang='grc' dir='ltr'>μᾶλλον,</span> <span class='ocrx_word' id='word_1_19' title='bbox 2786 483 2920 537; x_wconf 75' lang='grc' dir='ltr'>ἀλλὰ</span> <span class='ocrx_word' id='word_1_20' title='bbox 2950 485 3016 539; x_wconf 74' lang='grc' dir='ltr'>τὰ</span> <span class='ocrx_word' id='word_1_21' title='bbox 3044 485 3107 538; x_wconf 86' lang='grc' dir='ltr'><strong>ἐκ</strong></span> <span class='ocrx_word' id='word_1_22' title='bbox 3139 485 3248 537; x_wconf 83' lang='grc' dir='ltr'><strong>τῶν</strong></span> <span class='ocrx_word' id='word_1_23' title='bbox 3277 483 3581 553; x_wconf 87' lang='grc' dir='ltr'>δαμάλεων,</span> <span class='ocrx_word' id='word_1_24' title='bbox 3623 488 3720 540; x_wconf 71' lang='grc' dir='ltr'><strong>καὶ</strong></span> 
     </span>
    </p>
   </div>
   <div class='ocr_carea' id='block_1_6' title="bbox 462 565 2038 641">
    <p class='ocr_par' dir='ltr' id='par_1_6' title="bbox 462 565 2038 641">
     <span class='ocr_line' id='line_1_6' title="bbox 462 565 2038 641; baseline 0.005 -25"><span class='ocrx_word' id='word_1_25' title='bbox 462 566 584 620; x_wconf 88' lang='lat' dir='ltr'><strong>bus.</strong></span> <span class='ocrx_word' id='word_1_26' title='bbox 619 565 876 631; x_wconf 64' lang='lat' dir='ltr'><strong>Quasnam</strong></span> <span class='ocrx_word' id='word_1_27' title='bbox 921 581 1050 637; x_wconf 83' lang='lat' dir='ltr'><strong>ergo</strong></span> <span class='ocrx_word' id='word_1_28' title='bbox 1077 569 1197 622; x_wconf 88' lang='lat' dir='ltr'><strong>data</strong></span> <span class='ocrx_word' id='word_1_29' title='bbox 1230 583 1325 623; x_wconf 90' lang='lat' dir='ltr'><strong>seu</strong></span> <span class='ocrx_word' id='word_1_30' title='bbox 1357 583 1582 623; x_wconf 84' lang='lat' dir='ltr'><strong>munera</strong></span> <span class='ocrx_word' id='word_1_31' title='bbox 1618 573 1685 626; x_wconf 92' lang='lat' dir='ltr'><strong>ab</strong></span> <span class='ocrx_word' id='word_1_32' title='bbox 1723 573 1854 641; x_wconf 84' lang='lat' dir='ltr'><strong>ipsis</strong></span> <span class='ocrx_word' id='word_1_33' title='bbox 1883 574 2038 625; x_wconf 91' lang='lat' dir='ltr'><strong>amb-</strong></span> 
     </span>
    </p>
   </div>
   <div class='ocr_carea' id='block_1_7' title="bbox 467 655 2042 727">
    <p class='ocr_par' dir='ltr' id='par_1_7' title="bbox 467 655 2042 727">
     <span class='ocr_line' id='line_1_7' title="bbox 467 655 2042 727; baseline 0.005 -23"><span class='ocrx_word' id='word_1_34' title='bbox 467 655 691 709; x_wconf 81' lang='lat' dir='ltr'><strong>iebant?</strong></span> <span class='ocrx_word' id='word_1_35' title='bbox 734 674 752 706; x_wconf 83' lang='grc' dir='ltr'>ι</span> <span class='ocrx_word' id='word_1_36' title='bbox 785 656 960 726; x_wconf 87' lang='lat' dir='ltr'><strong>Super</strong></span> <span class='ocrx_word' id='word_1_37' title='bbox 999 671 1216 711; x_wconf 89' lang='lat' dir='ltr'><strong>omnem</strong></span> <span class='ocrx_word' id='word_1_38' title='bbox 1265 673 1446 712; x_wconf 85' lang='lat' dir='ltr'><strong>aream</strong></span> <span class='ocrx_word' id='word_1_39' title='bbox 1498 658 1776 712; x_wconf 76' lang='lat' dir='ltr'><strong>frumenti.</strong></span> <span class='ocrx_word' id='word_1_40' title='bbox 1814 679 1831 711; x_wconf 83' lang='grc' dir='ltr'>ι</span> <span class='ocrx_word' id='word_1_41' title='bbox 1876 658 2042 727; x_wconf 87' lang='lat' dir='ltr'><strong>lmpie</strong></span> 
     </span>
    </p>
   </div>
   <div class='ocr_carea' id='block_1_8' title="bbox 469 745 2041 816">
    <p class='ocr_par' dir='ltr' id='par_1_8' title="bbox 469 745 2041 816">
     <span class='ocr_line' id='line_1_8' title="bbox 469 745 2041 816; baseline 0.005 -20"><span class='ocrx_word' id='word_1_42' title='bbox 469 745 732 812; x_wconf 81' lang='lat' dir='ltr'><strong>siquidem</strong></span> <span class='ocrx_word' id='word_1_43' title='bbox 787 755 842 801; x_wconf 85' lang='lat' dir='ltr'><strong>et</strong></span> <span class='ocrx_word' id='word_1_44' title='bbox 890 747 1211 816; x_wconf 86' lang='lat' dir='ltr'><strong>insipienter</strong></span> <span class='ocrx_word' id='word_1_45' title='bbox 1259 748 1433 802; x_wconf 90' lang='lat' dir='ltr'><strong>visum</strong></span> <span class='ocrx_word' id='word_1_46' title='bbox 1490 759 1574 804; x_wconf 88' lang='lat' dir='ltr'><strong>est</strong></span> <span class='ocrx_word' id='word_1_47' title='bbox 1619 750 1699 805; x_wconf 90' lang='lat' dir='ltr'><strong>eis</strong></span> <span class='ocrx_word' id='word_1_48' title='bbox 1752 750 1820 804; x_wconf 83' lang='lat' dir='ltr'><strong>ab</strong></span> <span class='ocrx_word' id='word_1_49' title='bbox 1883 751 2041 804; x_wconf 82' lang='lat' dir='ltr'><strong>idolis</strong></span> 
     </span>
    </p>
   </div>
   <div class='ocr_carea' id='block_1_9' title="bbox 471 833 2037 910">
    <p class='ocr_par' dir='ltr' id='par_1_9' title="bbox 471 833 2037 910">
     <span class='ocr_line' id='line_1_9' title="bbox 471 833 2037 910; baseline 0.004 -23"><span class='ocrx_word' id='word_1_50' title='bbox 471 833 723 890; x_wconf 87' lang='lat' dir='ltr'><strong>inanibus</strong></span> <span class='ocrx_word' id='word_1_51' title='bbox 768 835 986 905; x_wconf 80' lang='lat' dir='ltr'><strong>frugum</strong></span> <span class='ocrx_word' id='word_1_52' title='bbox 1017 839 1226 906; x_wconf 91' lang='lat' dir='ltr'><strong>copiam</strong></span> <span class='ocrx_word' id='word_1_53' title='bbox 1269 853 1335 892; x_wconf 78' lang='lat' dir='ltr'><strong>ex</strong></span> <span class='ocrx_word' id='word_1_54' title='bbox 1371 841 1518 910; x_wconf 83' lang='lat' dir='ltr'><strong>agris</strong></span> <span class='ocrx_word' id='word_1_55' title='bbox 1558 851 1764 908; x_wconf 87' lang='lat' dir='ltr'><strong>petere,</strong></span> <span class='ocrx_word' id='word_1_56' title='bbox 1802 851 1860 894; x_wconf 95' lang='lat' dir='ltr'><strong>ut</strong></span> <span class='ocrx_word' id='word_1_57' title='bbox 1905 841 2037 894; x_wconf 83' lang='lat' dir='ltr'><strong>dixi.</strong></span> 
     </span>
    </p>
   </div>
   <div class='ocr_carea' id='block_1_10' title="bbox 471 924 2037 994">
    <p class='ocr_par' dir='ltr' id='par_1_10' title="bbox 471 924 2037 994">
     <span class='ocr_line' id='line_1_10' title="bbox 471 924 2037 994; baseline 0.006 -18"><span class='ocrx_word' id='word_1_58' title='bbox 471 924 726 989; x_wconf 67' lang='lat' dir='ltr'><strong>Quaasivit</strong></span> <span class='ocrx_word' id='word_1_59' title='bbox 761 927 922 994; x_wconf 82' lang='lat' dir='ltr'><strong>igitur</strong></span> <span class='ocrx_word' id='word_1_60' title='bbox 953 926 1119 984; x_wconf 86' lang='lat' dir='ltr'><strong>Israel</strong></span> <span class='ocrx_word' id='word_1_61' title='bbox 1160 930 1282 982; x_wconf 89' lang='lat' dir='ltr'><strong>data</strong></span> <span class='ocrx_word' id='word_1_62' title='bbox 1332 945 1428 985; x_wconf 88' lang='lat' dir='ltr'><strong>seu</strong></span> <span class='ocrx_word' id='word_1_63' title='bbox 1463 931 1727 986; x_wconf 83' lang='lat' dir='ltr'><strong>beneﬁcia</strong></span> <span class='ocrx_word' id='word_1_64' title='bbox 1761 934 1828 986; x_wconf 90' lang='lat' dir='ltr'><strong>ab</strong></span> <span class='ocrx_word' id='word_1_65' title='bbox 1861 933 2037 987; x_wconf 83' lang='lat' dir='ltr'><strong>idolis.</strong></span> 
     </span>
    </p>
   </div>
   <div class='ocr_carea' id='block_1_11' title="bbox 468 1020 2042 1089">
    <p class='ocr_par' dir='ltr' id='par_1_11' title="bbox 468 1020 2042 1089">
     <span class='ocr_line' id='line_1_11' title="bbox 468 1020 2042 1089; baseline 0.004 -18"><span class='ocrx_word' id='word_1_66' title='bbox 468 1020 551 1072; x_wconf 90' lang='lat' dir='ltr'><strong>An</strong></span> <span class='ocrx_word' id='word_1_67' title='bbox 585 1033 715 1074; x_wconf 92' lang='lat' dir='ltr'><strong>vero</strong></span> <span class='ocrx_word' id='word_1_68' title='bbox 750 1022 1040 1089; x_wconf 89' lang='lat' dir='ltr'><strong>petitiones</strong></span> <span class='ocrx_word' id='word_1_69' title='bbox 1066 1021 1114 1075; x_wconf 91' lang='lat' dir='ltr'><strong>ei</strong></span> <span class='ocrx_word' id='word_1_70' title='bbox 1142 1032 1444 1076; x_wconf 87' lang='lat' dir='ltr'><strong>evenerunt</strong></span> <span class='ocrx_word' id='word_1_71' title='bbox 1478 1039 1545 1077; x_wconf 86' lang='lat' dir='ltr'><strong>ex</strong></span> <span class='ocrx_word' id='word_1_72' title='bbox 1569 1025 1872 1078; x_wconf 88' lang='lat' dir='ltr'><strong>sententia?</strong></span> <span class='ocrx_word' id='word_1_73' title='bbox 1898 1022 2042 1077; x_wconf 87' lang='lat' dir='ltr'><strong>Nihil</strong></span> 
     </span>
    </p>
   </div>
   <div class='ocr_carea' id='block_1_12' title="bbox 469 1109 2039 1187">
    <p class='ocr_par' dir='ltr' id='par_1_12' title="bbox 469 1109 2039 1187">
     <span class='ocr_line' id='line_1_12' title="bbox 469 1109 2039 1187; baseline 0.004 -21"><span class='ocrx_word' id='word_1_74' title='bbox 469 1113 671 1168; x_wconf 87' lang='lat' dir='ltr'><strong>minus.</strong></span> <span class='ocrx_word' id='word_1_75' title='bbox 717 1133 735 1166; x_wconf 84' lang='grc' dir='ltr'><strong>ι</strong></span> <span class='ocrx_word' id='word_1_76' title='bbox 766 1113 905 1168; x_wconf 81' lang='lat' dir='ltr'><strong>Area</strong></span> <span class='ocrx_word' id='word_1_77' title='bbox 938 1116 1105 1178; x_wconf 89' lang='lat' dir='ltr'><strong>enim,</strong></span> <span class='ocrx_word' id='word_1_78' title='bbox 1147 1123 1203 1170; x_wconf 93' lang='lat' dir='ltr'><strong>et</strong></span> <span class='ocrx_word' id='word_1_79' title='bbox 1229 1117 1465 1170; x_wconf 85' lang='lat' dir='ltr'><strong>torcular</strong></span> <span class='ocrx_word' id='word_1_80' title='bbox 1495 1132 1601 1171; x_wconf 90' lang='lat' dir='ltr'><strong>non</strong></span> <span class='ocrx_word' id='word_1_81' title='bbox 1638 1109 1895 1187; x_wconf 78' lang='lat' dir='ltr'><strong>cognovit</strong></span> <span class='ocrx_word' id='word_1_82' title='bbox 1924 1132 2039 1180; x_wconf 90' lang='lat' dir='ltr'><strong>eos,</strong></span> 
     </span>
    </p>
   </div>
   <div class='ocr_carea' id='block_1_13' title="bbox 468 1205 2040 1275">
    <p class='ocr_par' dir='ltr' id='par_1_13' title="bbox 468 1205 2040 1275">
     <span class='ocr_line' id='line_1_13' title="bbox 468 1205 2040 1275; baseline 0.002 -18"><span class='ocrx_word' id='word_1_83' title='bbox 468 1213 526 1257; x_wconf 87' lang='lat' dir='ltr'><strong>et</strong></span> <span class='ocrx_word' id='word_1_84' title='bbox 554 1205 738 1259; x_wconf 92' lang='lat' dir='ltr'><strong>vinum</strong></span> <span class='ocrx_word' id='word_1_85' title='bbox 771 1206 981 1275; x_wconf 87' lang='lat' dir='ltr'><strong>decepit</strong></span> <span class='ocrx_word' id='word_1_86' title='bbox 1020 1221 1132 1260; x_wconf 91' lang='lat' dir='ltr'><strong>eos.</strong></span> <span class='ocrx_word' id='word_1_87' title='bbox 1177 1227 1196 1258; x_wconf 77' lang='grc' dir='ltr'><strong>ι</strong></span> <span class='ocrx_word' id='word_1_88' title='bbox 1231 1205 1308 1260; x_wconf 79' lang='lat' dir='ltr'><strong>Ac</strong></span> <span class='ocrx_word' id='word_1_89' title='bbox 1344 1207 1613 1262; x_wconf 91' lang='lat' dir='ltr'><strong>neminem</strong></span> <span class='ocrx_word' id='word_1_90' title='bbox 1653 1208 1892 1262; x_wconf 86' lang='lat' dir='ltr'><strong>discendi</strong></span> <span class='ocrx_word' id='word_1_91' title='bbox 1924 1218 2040 1262; x_wconf 91' lang='lat' dir='ltr'><strong>stu-</strong></span> 
     </span>
    </p>
   </div>
   <div class='ocr_carea' id='block_1_14' title="bbox 471 1294 2041 1366">
    <p class='ocr_par' dir='ltr' id='par_1_14' title="bbox 471 1294 2041 1366">
     <span class='ocr_line' id='line_1_14' title="bbox 471 1294 2041 1366; baseline 0.002 -18"><span class='ocrx_word' id='word_1_92' title='bbox 471 1294 762 1351; x_wconf 90' lang='lat' dir='ltr'><strong>diosiorem</strong></span> <span class='ocrx_word' id='word_1_93' title='bbox 791 1296 958 1351; x_wconf 87' lang='lat' dir='ltr'><strong>latent</strong></span> <span class='ocrx_word' id='word_1_94' title='bbox 995 1296 1343 1366; x_wconf 77' lang='lat' dir='ltr'><strong>peStilentiae,</strong></span> <span class='ocrx_word' id='word_1_95' title='bbox 1387 1298 1701 1352; x_wconf 87' lang='lat' dir='ltr'><strong>sterilitates</strong></span> <span class='ocrx_word' id='word_1_96' title='bbox 1731 1307 1786 1351; x_wconf 92' lang='lat' dir='ltr'><strong>et</strong></span> <span class='ocrx_word' id='word_1_97' title='bbox 1820 1299 2041 1353; x_wconf 91' lang='lat' dir='ltr'><strong>siccita-</strong></span> 
     </span>
    </p>
   </div>
   <div class='ocr_carea' id='block_1_15' title="bbox 473 1387 2044 1459">
    <p class='ocr_par' dir='ltr' id='par_1_15' title="bbox 473 1387 2044 1459">
     <span class='ocr_line' id='line_1_15' title="bbox 473 1387 2044 1459; baseline 0.001 -18"><span class='ocrx_word' id='word_1_98' title='bbox 473 1397 557 1444; x_wconf 88' lang='lat' dir='ltr'><strong>tes</strong></span> <span class='ocrx_word' id='word_1_99' title='bbox 613 1387 824 1459; x_wconf 70' lang='lat' dir='ltr'><strong>longte,</strong></span> <span class='ocrx_word' id='word_1_100' title='bbox 883 1403 1002 1458; x_wconf 72' lang='lat' dir='ltr'><strong>qua:</strong></span> <span class='ocrx_word' id='word_1_101' title='bbox 1064 1389 1365 1443; x_wconf 84' lang='lat' dir='ltr'><strong>Samariam</strong></span> <span class='ocrx_word' id='word_1_102' title='bbox 1419 1398 1773 1459; x_wconf 91' lang='lat' dir='ltr'><strong>occuparunt.</strong></span> <span class='ocrx_word' id='word_1_103' title='bbox 1836 1387 2044 1456; x_wconf 82' lang='lat' dir='ltr'><strong>Lapsus</strong></span> 
     </span>
    </p>
   </div>
   <div class='ocr_carea' id='block_1_16' title="bbox 473 1479 2044 1552">
    <p class='ocr_par' dir='ltr' id='par_1_16' title="bbox 473 1479 2044 1552">
     <span class='ocr_line' id='line_1_16' title="bbox 473 1479 2044 1552; baseline -0.001 -19"><span class='ocrx_word' id='word_1_104' title='bbox 473 1487 556 1534; x_wconf 91' lang='lat' dir='ltr'><strong>est</strong></span> <span class='ocrx_word' id='word_1_105' title='bbox 596 1493 726 1550; x_wconf 89' lang='lat' dir='ltr'><strong>ergo</strong></span> <span class='ocrx_word' id='word_1_106' title='bbox 756 1494 871 1549; x_wconf 88' lang='lat' dir='ltr'><strong>spe,</strong></span> <span class='ocrx_word' id='word_1_107' title='bbox 901 1495 1005 1534; x_wconf 91' lang='lat' dir='ltr'><strong>non</strong></span> <span class='ocrx_word' id='word_1_108' title='bbox 1039 1481 1264 1552; x_wconf 89' lang='lat' dir='ltr'><strong>adeptus</strong></span> <span class='ocrx_word' id='word_1_109' title='bbox 1294 1493 1414 1548; x_wconf 69' lang='lat' dir='ltr'><strong>qua:</strong></span> <span class='ocrx_word' id='word_1_110' title='bbox 1443 1481 1685 1548; x_wconf 87' lang='lat' dir='ltr'><strong>petebat.</strong></span> <span class='ocrx_word' id='word_1_111' title='bbox 1726 1479 1792 1533; x_wconf 88' lang='lat' dir='ltr'><strong>Et</strong></span> <span class='ocrx_word' id='word_1_112' title='bbox 1821 1480 2044 1548; x_wconf 91' lang='lat' dir='ltr'><strong>insuper</strong></span> 
     </span>
    </p>
   </div>
   <div class='ocr_carea' id='block_1_17' title="bbox 475 1569 2044 1641">
    <p class='ocr_par' dir='ltr' id='par_1_17' title="bbox 475 1569 2044 1641">
     <span class='ocr_line' id='line_1_17' title="bbox 475 1569 2044 1641; baseline 0.001 -19"><span class='ocrx_word' id='word_1_113' title='bbox 475 1569 543 1624; x_wconf 90' lang='lat' dir='ltr'><strong>ab</strong></span> <span class='ocrx_word' id='word_1_114' title='bbox 572 1570 688 1639; x_wconf 91' lang='lat' dir='ltr'><strong>ipsa</strong></span> <span class='ocrx_word' id='word_1_115' title='bbox 717 1580 859 1625; x_wconf 88' lang='lat' dir='ltr'><strong>terra</strong></span> <span class='ocrx_word' id='word_1_116' title='bbox 906 1581 1096 1626; x_wconf 91' lang='lat' dir='ltr'><strong>sancta</strong></span> <span class='ocrx_word' id='word_1_117' title='bbox 1142 1581 1508 1635; x_wconf 80' lang='lat' dir='ltr'><strong>recesserunt,</strong></span> <span class='ocrx_word' id='word_1_118' title='bbox 1548 1582 1601 1625; x_wconf 91' lang='lat' dir='ltr'><strong>et</strong></span> <span class='ocrx_word' id='word_1_119' title='bbox 1640 1570 1869 1641; x_wconf 87' lang='lat' dir='ltr'><strong>ingressi</strong></span> <span class='ocrx_word' id='word_1_120' title='bbox 1919 1579 2044 1625; x_wconf 92' lang='lat' dir='ltr'><strong>sunt</strong></span> 
     </span>
    </p>
   </div>
   <div class='ocr_carea' id='block_1_18' title="bbox 476 1660 2044 1732">
    <p class='ocr_par' dir='ltr' id='par_1_18' title="bbox 476 1660 2044 1732">
     <span class='ocr_line' id='line_1_18' title="bbox 476 1660 2044 1732; baseline 0.001 -18"><span class='ocrx_word' id='word_1_121' title='bbox 476 1660 793 1732; x_wconf 67' lang='lat' dir='ltr'><strong>Egyptum,</strong></span> <span class='ocrx_word' id='word_1_122' title='bbox 843 1672 902 1718; x_wconf 90' lang='lat' dir='ltr'><strong>ut</strong></span> <span class='ocrx_word' id='word_1_123' title='bbox 950 1664 1227 1732; x_wconf 82' lang='lat' dir='ltr'><strong>regionem</strong></span> <span class='ocrx_word' id='word_1_124' title='bbox 1287 1663 1589 1728; x_wconf 88' lang='lat' dir='ltr'><strong>munitam,</strong></span> <span class='ocrx_word' id='word_1_125' title='bbox 1657 1661 1744 1716; x_wconf 89' lang='lat' dir='ltr'><strong>ubi</strong></span> <span class='ocrx_word' id='word_1_126' title='bbox 1801 1661 2044 1732; x_wconf 90' lang='lat' dir='ltr'><strong>pluribus</strong></span> 
     </span>
    </p>
   </div>
   <div class='ocr_carea' id='block_1_19' title="bbox 477 1753 2038 1825">
    <p class='ocr_par' dir='ltr' id='par_1_19' title="bbox 477 1753 2038 1825">
     <span class='ocr_line' id='line_1_19' title="bbox 477 1753 2038 1825; baseline -0.001 -16"><span class='ocrx_word' id='word_1_127' title='bbox 477 1755 642 1809; x_wconf 83' lang='lat' dir='ltr'><strong>etiam</strong></span> <span class='ocrx_word' id='word_1_128' title='bbox 675 1755 778 1809; x_wconf 86' lang='lat' dir='ltr'><strong>diis</strong></span> <span class='ocrx_word' id='word_1_129' title='bbox 815 1756 1143 1810; x_wconf 89' lang='lat' dir='ltr'><strong>servierunt.</strong></span> <span class='ocrx_word' id='word_1_130' title='bbox 1180 1755 1322 1810; x_wconf 83' lang='lat' dir='ltr'><strong>Mille</strong></span> <span class='ocrx_word' id='word_1_131' title='bbox 1354 1757 1498 1810; x_wconf 92' lang='lat' dir='ltr'><strong>enim</strong></span> <span class='ocrx_word' id='word_1_132' title='bbox 1536 1756 1586 1809; x_wconf 90' lang='lat' dir='ltr'><strong>in</strong></span> <span class='ocrx_word' id='word_1_133' title='bbox 1627 1753 1864 1825; x_wconf 61' lang='lat' dir='ltr'><strong>IEgypto</strong></span> <span class='ocrx_word' id='word_1_134' title='bbox 1900 1753 2038 1808; x_wconf 90' lang='lat' dir='ltr'><strong>idola</strong></span> 
     </span>
    </p>
   </div>
   <div class='ocr_carea' id='block_1_20' title="bbox 477 1831 2118 1916">
    <p class='ocr_par' dir='ltr' id='par_1_20' title="bbox 477 1831 2118 1916">
     <span class='ocr_line' id='line_1_20' title="bbox 477 1831 2118 1916; baseline 0.001 -18"><span class='ocrx_word' id='word_1_135' title='bbox 477 1846 814 1910; x_wconf 70' lang='lat' dir='ltr'><strong>visebantur,</strong></span> <span class='ocrx_word' id='word_1_136' title='bbox 859 1857 914 1902; x_wconf 93' lang='lat' dir='ltr'><strong>et</strong></span> <span class='ocrx_word' id='word_1_137' title='bbox 960 1849 1250 1902; x_wconf 87' lang='lat' dir='ltr'><strong>colentium</strong></span> <span class='ocrx_word' id='word_1_138' title='bbox 1308 1849 1422 1916; x_wconf 93' lang='lat' dir='ltr'><strong>ipsa</strong></span> <span class='ocrx_word' id='word_1_139' title='bbox 1470 1847 1695 1901; x_wconf 83' lang='lat' dir='ltr'><strong>miriﬁca</strong></span> <span class='ocrx_word' id='word_1_140' title='bbox 1739 1850 1804 1902; x_wconf 89' lang='lat' dir='ltr'><strong>de</strong></span> <span class='ocrx_word' id='word_1_141' title='bbox 1855 1861 2043 1900; x_wconf 88' lang='lat' dir='ltr'><strong>eorum</strong></span> <span class='ocrx_word' id='word_1_142' title='bbox 2079 1831 2118 1889; x_wconf 79' lang='grc' dir='ltr'>Β</span> 
     </span>
    </p>
   </div>
   <div class='ocr_carea' id='block_1_21' title="bbox 479 1937 2046 2009">
    <p class='ocr_par' dir='ltr' id='par_1_21' title="bbox 479 1937 2046 2009">
     <span class='ocr_line' id='line_1_21' title="bbox 479 1937 2046 2009; baseline -0.002 -18"><span class='ocrx_word' id='word_1_143' title='bbox 479 1938 716 2006; x_wconf 85' lang='lat' dir='ltr'><strong>potentia</strong></span> <span class='ocrx_word' id='word_1_144' title='bbox 741 1939 946 2008; x_wconf 89' lang='lat' dir='ltr'><strong>opinio.</strong></span> <span class='ocrx_word' id='word_1_145' title='bbox 975 1939 1135 2009; x_wconf 75' lang='grc'><strong>128</strong></span> <span class='ocrx_word' id='word_1_146' title='bbox 1153 1939 1373 2008; x_wconf 71' lang='lat' dir='ltr'><strong>MagiCis</strong></span> <span class='ocrx_word' id='word_1_147' title='bbox 1397 1939 1598 2008; x_wconf 81' lang='lat' dir='ltr'><strong>quippe</strong></span> <span class='ocrx_word' id='word_1_148' title='bbox 1627 1939 1834 1990; x_wconf 88' lang='lat' dir='ltr'><strong>artibus</strong></span> <span class='ocrx_word' id='word_1_149' title='bbox 1865 1937 2046 1990; x_wconf 89' lang='lat' dir='ltr'><strong>omnia</strong></span> 
     </span>
    </p>
   </div>
   <div class='ocr_carea' id='block_1_22' title="bbox 474 2027 2048 2096">
    <p class='ocr_par' dir='ltr' id='par_1_22' title="bbox 474 2027 2048 2096">
     <span class='ocr_line' id='line_1_22' title="bbox 474 2027 2048 2096; baseline -0.001 -16"><span class='ocrx_word' id='word_1_150' title='bbox 474 2027 582 2082; x_wconf 65' lang='lat' dir='ltr'><strong>levi</strong></span> <span class='ocrx_word' id='word_1_151' title='bbox 619 2029 834 2096; x_wconf 88' lang='lat' dir='ltr'><strong>negotio</strong></span> <span class='ocrx_word' id='word_1_152' title='bbox 861 2031 1140 2083; x_wconf 90' lang='lat' dir='ltr'><strong>commode</strong></span> <span class='ocrx_word' id='word_1_153' title='bbox 1171 2029 1496 2084; x_wconf 85' lang='lat' dir='ltr'><strong>elliciehant.</strong></span> <span class='ocrx_word' id='word_1_154' title='bbox 1533 2027 1695 2082; x_wconf 81' lang='lat' dir='ltr'><strong>Vctiti</strong></span> <span class='ocrx_word' id='word_1_155' title='bbox 1725 2036 1852 2080; x_wconf 87' lang='lat' dir='ltr'><strong>sunt</strong></span> <span class='ocrx_word' id='word_1_156' title='bbox 1882 2027 2048 2095; x_wconf 78' lang='lat' dir='ltr'><strong>igitur</strong></span> 
     </span>
    </p>
   </div>
   <div class='ocr_carea' id='block_1_23' title="bbox 480 2118 2050 2189">
    <p class='ocr_par' dir='ltr' id='par_1_23' title="bbox 480 2118 2050 2189">
     <span class='ocr_line' id='line_1_23' title="bbox 480 2118 2050 2189; baseline -0.004 -14"><span class='ocrx_word' id='word_1_157' title='bbox 480 2120 642 2175; x_wconf 91' lang='lat' dir='ltr'><strong>etiam</strong></span> <span class='ocrx_word' id='word_1_158' title='bbox 695 2120 946 2175; x_wconf 90' lang='lat' dir='ltr'><strong>habitare</strong></span> <span class='ocrx_word' id='word_1_159' title='bbox 979 2121 1032 2174; x_wconf 91' lang='lat' dir='ltr'><strong>in</strong></span> <span class='ocrx_word' id='word_1_160' title='bbox 1067 2132 1207 2174; x_wconf 90' lang='lat' dir='ltr'><strong>terra</strong></span> <span class='ocrx_word' id='word_1_161' title='bbox 1239 2139 1265 2173; x_wconf 72' lang='grc' dir='ltr'><strong>ει</strong></span> <span class='ocrx_word' id='word_1_162' title='bbox 1299 2121 1406 2176; x_wconf 91' lang='lat' dir='ltr'><strong>Deo</strong></span> <span class='ocrx_word' id='word_1_163' title='bbox 1452 2120 1646 2184; x_wconf 89' lang='lat' dir='ltr'><strong>electa,</strong></span> <span class='ocrx_word' id='word_1_164' title='bbox 1688 2135 1847 2189; x_wconf 89' lang='lat' dir='ltr'><strong>quam</strong></span> <span class='ocrx_word' id='word_1_165' title='bbox 1882 2118 2050 2172; x_wconf 90' lang='lat' dir='ltr'><strong>idolo-</strong></span> 
     </span>
    </p>
   </div>
   <div class='ocr_carea' id='block_1_24' title="bbox 481 2211 2046 2282">
    <p class='ocr_par' dir='ltr' id='par_1_24' title="bbox 481 2211 2046 2282">
     <span class='ocr_line' id='line_1_24' title="bbox 481 2211 2046 2282; baseline -0.001 -17"><span class='ocrx_word' id='word_1_166' title='bbox 481 2227 600 2266; x_wconf 85' lang='lat' dir='ltr'><strong>rum</strong></span> <span class='ocrx_word' id='word_1_167' title='bbox 632 2212 852 2282; x_wconf 79' lang='lat' dir='ltr'><strong>regione</strong></span> <span class='ocrx_word' id='word_1_168' title='bbox 877 2223 1303 2267; x_wconf 88' lang='lat' dir='ltr'><strong>commutarunt.</strong></span> <span class='ocrx_word' id='word_1_169' title='bbox 1345 2213 1449 2268; x_wconf 92' lang='lat' dir='ltr'><strong>Sed</strong></span> <span class='ocrx_word' id='word_1_170' title='bbox 1475 2213 1722 2281; x_wconf 83' lang='lat' dir='ltr'><strong>quamvis</strong></span> <span class='ocrx_word' id='word_1_171' title='bbox 1767 2213 1867 2264; x_wconf 91' lang='lat' dir='ltr'><strong>hoc</strong></span> <span class='ocrx_word' id='word_1_172' title='bbox 1907 2211 2046 2266; x_wconf 83' lang='lat' dir='ltr'><strong>fece-</strong></span> 
     </span>
    </p>
   </div>
   <div class='ocr_carea' id='block_1_25' title="bbox 482 2299 2048 2372">
    <p class='ocr_par' dir='ltr' id='par_1_25' title="bbox 482 2299 2048 2372">
     <span class='ocr_line' id='line_1_25' title="bbox 482 2299 2048 2372; baseline -0.001 -17"><span class='ocrx_word' id='word_1_173' title='bbox 482 2301 614 2366; x_wconf 84' lang='lat' dir='ltr'><strong>rint,</strong></span> <span class='ocrx_word' id='word_1_174' title='bbox 660 2301 974 2372; x_wconf 89' lang='lat' dir='ltr'><strong>migrabunt</strong></span> <span class='ocrx_word' id='word_1_175' title='bbox 1018 2302 1084 2356; x_wconf 91' lang='lat' dir='ltr'><strong>ad</strong></span> <span class='ocrx_word' id='word_1_176' title='bbox 1135 2302 1409 2370; x_wconf 76' lang='lat' dir='ltr'><strong>Assyrios.</strong></span> <span class='ocrx_word' id='word_1_177' title='bbox 1449 2319 1468 2352; x_wconf 80' lang='grc' dir='ltr'><strong>ι</strong></span> <span class='ocrx_word' id='word_1_178' title='bbox 1503 2301 1615 2353; x_wconf 84' lang='grc' dir='ltr'>Νοιι</span> <span class='ocrx_word' id='word_1_179' title='bbox 1664 2299 1905 2354; x_wconf 89' lang='lat' dir='ltr'><strong>libabant</strong></span> <span class='ocrx_word' id='word_1_180' title='bbox 1946 2299 2048 2354; x_wconf 40' lang='lat' dir='ltr'><strong>Do‘</strong></span> 
     </span>
    </p>
   </div>
   <div class='ocr_carea' id='block_1_26' title="bbox 482 2392 2048 2466">
    <p class='ocr_par' dir='ltr' id='par_1_26' title="bbox 482 2392 2048 2466">
     <span class='ocr_line' id='line_1_26' title="bbox 482 2392 2048 2466; baseline -0.001 -20"><span class='ocrx_word' id='word_1_181' title='bbox 482 2394 650 2449; x_wconf 92' lang='lat' dir='ltr'><strong>mino.</strong></span> <span class='ocrx_word' id='word_1_182' title='bbox 687 2412 706 2446; x_wconf 73' lang='grc' dir='ltr'><strong>ι</strong></span> <span class='ocrx_word' id='word_1_183' title='bbox 747 2395 1014 2466; x_wconf 90' lang='lat' dir='ltr'><strong>Congesto</strong></span> <span class='ocrx_word' id='word_1_184' title='bbox 1059 2395 1202 2448; x_wconf 87' lang='lat' dir='ltr'><strong>enim</strong></span> <span class='ocrx_word' id='word_1_185' title='bbox 1256 2395 1309 2448; x_wconf 93' lang='lat' dir='ltr'><strong>in</strong></span> <span class='ocrx_word' id='word_1_186' title='bbox 1353 2394 1594 2448; x_wconf 84' lang='lat' dir='ltr'><strong>torcular</strong></span> <span class='ocrx_word' id='word_1_187' title='bbox 1635 2392 1814 2447; x_wconf 77' lang='lat' dir='ltr'><strong>fructu</strong></span> <span class='ocrx_word' id='word_1_188' title='bbox 1858 2393 2048 2455; x_wconf 67' lang='lat' dir='ltr'><strong>vineae,</strong></span> 
     </span>
    </p>
   </div>
   <div class='ocr_carea' id='block_1_27' title="bbox 483 2484 2051 2552">
    <p class='ocr_par' dir='ltr' id='par_1_27' title="bbox 483 2484 2051 2552">
     <span class='ocr_line' id='line_1_27' title="bbox 483 2484 2051 2552; baseline -0.001 -14"><span class='ocrx_word' id='word_1_189' title='bbox 483 2485 748 2552; x_wconf 88' lang='lat' dir='ltr'><strong>primitias</strong></span> <span class='ocrx_word' id='word_1_190' title='bbox 773 2485 1016 2540; x_wconf 89' lang='lat' dir='ltr'><strong>libabant</strong></span> <span class='ocrx_word' id='word_1_191' title='bbox 1054 2485 1305 2550; x_wconf 77' lang='lat' dir='ltr'><strong>daunoni,</strong></span> <span class='ocrx_word' id='word_1_192' title='bbox 1341 2500 1444 2538; x_wconf 91' lang='lat' dir='ltr'><strong>non</strong></span> <span class='ocrx_word' id='word_1_193' title='bbox 1477 2484 1608 2549; x_wconf 90' lang='lat' dir='ltr'><strong>Deo,</strong></span> <span class='ocrx_word' id='word_1_194' title='bbox 1649 2485 1793 2539; x_wconf 92' lang='lat' dir='ltr'><strong>unde</strong></span> <span class='ocrx_word' id='word_1_195' title='bbox 1823 2499 2051 2552; x_wconf 85' lang='lat' dir='ltr'><strong>accepe-</strong></span> 
     </span>
    </p>
   </div>
   <div class='ocr_carea' id='block_1_28' title="bbox 482 2576 2052 2645">
    <p class='ocr_par' dir='ltr' id='par_1_28' title="bbox 482 2576 2052 2645">
     <span class='ocr_line' id='line_1_28' title="bbox 482 2576 2052 2645; baseline -0.001 -17"><span class='ocrx_word' id='word_1_196' title='bbox 482 2585 626 2633; x_wconf 86' lang='lat' dir='ltr'><strong>rant.</strong></span> <span class='ocrx_word' id='word_1_197' title='bbox 661 2576 990 2631; x_wconf 90' lang='lat' dir='ltr'><strong>Dedicabant</strong></span> <span class='ocrx_word' id='word_1_198' title='bbox 1017 2576 1177 2630; x_wconf 91' lang='lat' dir='ltr'><strong>etiam</strong></span> <span class='ocrx_word' id='word_1_199' title='bbox 1216 2591 1403 2644; x_wconf 89' lang='lat' dir='ltr'><strong>panes,</strong></span> <span class='ocrx_word' id='word_1_200' title='bbox 1449 2585 1508 2629; x_wconf 94' lang='lat' dir='ltr'><strong>ut</strong></span> <span class='ocrx_word' id='word_1_201' title='bbox 1541 2577 1810 2645; x_wconf 89' lang='lat' dir='ltr'><strong>primitias</strong></span> <span class='ocrx_word' id='word_1_202' title='bbox 1839 2576 2052 2630; x_wconf 89' lang='lat' dir='ltr'><strong>messis.</strong></span> 
     </span>
    </p>
   </div>
   <div class='ocr_carea' id='block_1_29' title="bbox 483 2669 2055 2736">
    <p class='ocr_par' dir='ltr' id='par_1_29' title="bbox 483 2669 2055 2736">
     <span class='ocr_line' id='line_1_29' title="bbox 483 2669 2055 2736; baseline 0 -14"><span class='ocrx_word' id='word_1_203' title='bbox 483 2669 555 2722; x_wconf 86' lang='lat' dir='ltr'><strong>At</strong></span> <span class='ocrx_word' id='word_1_204' title='bbox 594 2669 736 2729; x_wconf 89' lang='lat' dir='ltr'><strong>enim</strong></span> <span class='ocrx_word' id='word_1_205' title='bbox 780 2669 831 2722; x_wconf 92' lang='lat' dir='ltr'><strong>in</strong></span> <span class='ocrx_word' id='word_1_206' title='bbox 881 2669 1393 2723; x_wconf 87' lang='lat' dir='ltr'><strong>contaminationcm</strong></span> <span class='ocrx_word' id='word_1_207' title='bbox 1429 2677 1484 2723; x_wconf 91' lang='lat' dir='ltr'><strong>et</strong></span> <span class='ocrx_word' id='word_1_208' title='bbox 1526 2669 1957 2736; x_wconf 83' lang='lat' dir='ltr'><strong>profanationem</strong></span> <span class='ocrx_word' id='word_1_209' title='bbox 1991 2682 2055 2722; x_wconf 84' lang='lat' dir='ltr'><strong>ea</strong></span> 
     </span>
    </p>
   </div>
   <div class='ocr_carea' id='block_1_30' title="bbox 485 2757 2055 2828">
    <p class='ocr_par' dir='ltr' id='par_1_30' title="bbox 485 2757 2055 2828">
     <span class='ocr_line' id='line_1_30' title="bbox 485 2757 2055 2828; baseline 0.001 -18"><span class='ocrx_word' id='word_1_210' title='bbox 485 2772 574 2810; x_wconf 80' lang='lat' dir='ltr'><strong>res</strong></span> <span class='ocrx_word' id='word_1_211' title='bbox 603 2757 733 2826; x_wconf 86' lang='lat' dir='ltr'><strong>ipsis</strong></span> <span class='ocrx_word' id='word_1_212' title='bbox 774 2759 946 2820; x_wconf 88' lang='lat' dir='ltr'><strong>cedet,</strong></span> <span class='ocrx_word' id='word_1_213' title='bbox 993 2757 1187 2826; x_wconf 90' lang='lat' dir='ltr'><strong>inquit,</strong></span> <span class='ocrx_word' id='word_1_214' title='bbox 1224 2767 1275 2812; x_wconf 93' lang='lat' dir='ltr'><strong>et</strong></span> <span class='ocrx_word' id='word_1_215' title='bbox 1319 2767 1376 2812; x_wconf 92' lang='lat' dir='ltr'><strong>ut</strong></span> <span class='ocrx_word' id='word_1_216' title='bbox 1414 2773 1582 2827; x_wconf 87' lang='lat' dir='ltr'><strong>panes</strong></span> <span class='ocrx_word' id='word_1_217' title='bbox 1630 2758 1809 2813; x_wconf 91' lang='lat' dir='ltr'><strong>luctus</strong></span> <span class='ocrx_word' id='word_1_218' title='bbox 1840 2769 2055 2828; x_wconf 85' lang='lat' dir='ltr'><strong>reputa-</strong></span> 
     </span>
    </p>
   </div>
   <div class='ocr_carea' id='block_1_31' title="bbox 485 2846 2060 2917">
    <p class='ocr_par' dir='ltr' id='par_1_31' title="bbox 485 2846 2060 2917">
     <span class='ocr_line' id='line_1_31' title="bbox 485 2846 2060 2917; baseline 0.001 -15"><span class='ocrx_word' id='word_1_219' title='bbox 485 2847 708 2910; x_wconf 67' lang='lat' dir='ltr'><strong>buntur,</strong></span> <span class='ocrx_word' id='word_1_220' title='bbox 744 2864 862 2917; x_wconf 74' lang='lat' dir='ltr'><strong>qua:</strong></span> <span class='ocrx_word' id='word_1_221' title='bbox 911 2846 1230 2916; x_wconf 80' lang='lat' dir='ltr'><strong>oﬂ&#39;eruntur,</strong></span> <span class='ocrx_word' id='word_1_222' title='bbox 1283 2850 1385 2903; x_wconf 91' lang='lat' dir='ltr'><strong>hoc</strong></span> <span class='ocrx_word' id='word_1_223' title='bbox 1429 2861 1530 2914; x_wconf 88' lang='lat' dir='ltr'><strong>est,</strong></span> <span class='ocrx_word' id='word_1_224' title='bbox 1580 2852 1961 2916; x_wconf 87' lang='lat' dir='ltr'><strong>abominanda,</strong></span> <span class='ocrx_word' id='word_1_225' title='bbox 2003 2860 2060 2904; x_wconf 85' lang='lat' dir='ltr'><strong>et</strong></span> 
     </span>
    </p>
   </div>
   <div class='ocr_carea' id='block_1_32' title="bbox 487 2937 2058 3006">
    <p class='ocr_par' dir='ltr' id='par_1_32' title="bbox 487 2937 2058 3006">
     <span class='ocr_line' id='line_1_32' title="bbox 487 2937 2058 3006; baseline 0.003 -15"><span class='ocrx_word' id='word_1_226' title='bbox 487 2938 735 3006; x_wconf 78' lang='lat' dir='ltr'><strong>profana,</strong></span> <span class='ocrx_word' id='word_1_227' title='bbox 763 2948 820 2992; x_wconf 90' lang='lat' dir='ltr'><strong>et</strong></span> <span class='ocrx_word' id='word_1_228' title='bbox 861 2938 1074 2993; x_wconf 90' lang='lat' dir='ltr'><strong>odiosa.</strong></span> <span class='ocrx_word' id='word_1_229' title='bbox 1104 2937 1214 2992; x_wconf 89' lang='lat' dir='ltr'><strong>Cur</strong></span> <span class='ocrx_word' id='word_1_230' title='bbox 1249 2940 1361 2992; x_wconf 88' lang='lat' dir='ltr'><strong>ita?</strong></span> <span class='ocrx_word' id='word_1_231' title='bbox 1392 2939 1500 2994; x_wconf 81' lang='lat' dir='ltr'><strong>Lex</strong></span> <span class='ocrx_word' id='word_1_232' title='bbox 1531 2942 1674 2994; x_wconf 89' lang='lat' dir='ltr'><strong>enim</strong></span> <span class='ocrx_word' id='word_1_233' title='bbox 1725 2942 2058 2996; x_wconf 90' lang='lat' dir='ltr'><strong>immundum</strong></span> 
     </span>
    </p>
   </div>
   <div class='ocr_carea' id='block_1_33' title="bbox 490 3030 2060 3100">
    <p class='ocr_par' dir='ltr' id='par_1_33' title="bbox 490 3030 2060 3100">
     <span class='ocr_line' id='line_1_33' title="bbox 490 3030 2060 3100; baseline 0.001 -17"><span class='ocrx_word' id='word_1_234' title='bbox 490 3030 837 3096; x_wconf 88' lang='lat' dir='ltr'><strong>decernebat,</strong></span> <span class='ocrx_word' id='word_1_235' title='bbox 884 3032 977 3099; x_wconf 88' lang='lat' dir='ltr'><strong>qui</strong></span> <span class='ocrx_word' id='word_1_236' title='bbox 1023 3032 1481 3100; x_wconf 84' lang='lat' dir='ltr'><strong>apprOpinquaret</strong></span> <span class='ocrx_word' id='word_1_237' title='bbox 1516 3043 1730 3086; x_wconf 90' lang='lat' dir='ltr'><strong>mortuo</strong></span> <span class='ocrx_word' id='word_1_238' title='bbox 1754 3031 1819 3084; x_wconf 72' lang='lat'><strong>“.</strong></span> <span class='ocrx_word' id='word_1_239' title='bbox 1851 3032 2060 3100; x_wconf 86' lang='lat' dir='ltr'><strong>Appro-</strong></span> 
     </span>
    </p>
   </div>
   <div class='ocr_carea' id='block_1_34' title="bbox 2144 575 3724 639">
    <p class='ocr_par' dir='ltr' id='par_1_34' title="bbox 2144 575 3724 639">
     <span class='ocr_line' id='line_1_34' title="bbox 2144 575 3724 639; baseline 0.003 -12"><span class='ocrx_word' id='word_1_240' title='bbox 2144 575 2320 628; x_wconf 75' lang='grc' dir='ltr'>Βάαλσ</span> <span class='ocrx_word' id='word_1_241' title='bbox 2353 577 2529 629; x_wconf 83' lang='grc' dir='ltr'>καίτοι</span> <span class='ocrx_word' id='word_1_242' title='bbox 2558 576 2807 629; x_wconf 78' lang='grc' dir='ltr'><strong>διδόντων</strong></span> <span class='ocrx_word' id='word_1_243' title='bbox 2832 579 2942 639; x_wconf 90' lang='grc' dir='ltr'>τοῖς</span> <span class='ocrx_word' id='word_1_244' title='bbox 2975 576 3218 630; x_wconf 76' lang='grc' dir='ltr'><strong>αἰτοῦσιν</strong></span> <span class='ocrx_word' id='word_1_245' title='bbox 3243 576 3415 630; x_wconf 84' lang='grc' dir='ltr'>οὐδέν.</span> <span class='ocrx_word' id='word_1_246' title='bbox 3462 577 3584 629; x_wconf 73' lang='grc' dir='ltr'>Ἐπὶ</span> <span class='ocrx_word' id='word_1_247' title='bbox 3613 578 3724 631; x_wconf 84' lang='grc' dir='ltr'>τίσι</span> 
     </span>
    </p>
   </div>
   <div class='ocr_carea' id='block_1_35' title="bbox 2142 669 3714 740">
    <p class='ocr_par' dir='ltr' id='par_1_35' title="bbox 2142 669 3714 740">
     <span class='ocr_line' id='line_1_35' title="bbox 2142 669 3714 740; baseline 0 -18"><span class='ocrx_word' id='word_1_248' title='bbox 2142 670 2198 723; x_wconf 88' lang='grc' dir='ltr'>δὲ</span> <span class='ocrx_word' id='word_1_249' title='bbox 2231 672 2362 740; x_wconf 86' lang='grc' dir='ltr'>παρ’</span> <span class='ocrx_word' id='word_1_250' title='bbox 2392 671 2569 722; x_wconf 79' lang='grc' dir='ltr'>αὐτῶν</span> <span class='ocrx_word' id='word_1_251' title='bbox 2600 671 2780 740; x_wconf 76' lang='grc' dir='ltr'>ἐζήτει</span> <span class='ocrx_word' id='word_1_252' title='bbox 2805 670 3052 739; x_wconf 86' lang='grc' dir='ltr'>δόματα;</span> <span class='ocrx_word' id='word_1_253' title='bbox 3109 688 3128 719; x_wconf 76' lang='grc' dir='ltr'><strong>ι</strong></span> <span class='ocrx_word' id='word_1_254' title='bbox 3167 669 3290 722; x_wconf 70' lang='grc' dir='ltr'><strong>Ἐπὶ</strong></span> <span class='ocrx_word' id='word_1_255' title='bbox 3327 670 3505 722; x_wconf 88' lang='grc' dir='ltr'>πάντα</span> <span class='ocrx_word' id='word_1_256' title='bbox 3529 669 3714 722; x_wconf 77' lang='grc' dir='ltr'>ἅλωνα</span> 
     </span>
    </p>
   </div>
   <div class='ocr_carea' id='block_1_36' title="bbox 2145 759 3724 831">
    <p class='ocr_par' dir='ltr' id='par_1_36' title="bbox 2145 759 3724 831">
     <span class='ocr_line' id='line_1_36' title="bbox 2145 759 3724 831; baseline 0.001 -20"><span class='ocrx_word' id='word_1_257' title='bbox 2145 761 2312 814; x_wconf 89' lang='grc' dir='ltr'>σίτου.</span> <span class='ocrx_word' id='word_1_258' title='bbox 2366 780 2385 812; x_wconf 87' lang='grc'><strong>›</strong></span> <span class='ocrx_word' id='word_1_259' title='bbox 2433 761 2637 813; x_wconf 81' lang='grc' dir='ltr'>Ἐδόκει</span> <span class='ocrx_word' id='word_1_260' title='bbox 2687 760 2797 831; x_wconf 85' lang='grc' dir='ltr'>γὰρ</span> <span class='ocrx_word' id='word_1_261' title='bbox 2846 759 3076 823; x_wconf 79' lang='grc' dir='ltr'><strong>ἀνοσίως</strong></span> <span class='ocrx_word' id='word_1_262' title='bbox 3115 761 3300 822; x_wconf 88' lang='grc' dir='ltr'>αὐτοῖς</span> <span class='ocrx_word' id='word_1_263' title='bbox 3342 760 3438 812; x_wconf 55' lang='grc' dir='ltr'><strong>καὶ⁹</strong></span> <span class='ocrx_word' id='word_1_264' title='bbox 3482 759 3724 824; x_wconf 82' lang='grc' dir='ltr'>ἀϐούλως</span> 
     </span>
    </p>
   </div>
   <div class='ocr_carea' id='block_1_37' title="bbox 2141 851 3723 925">
    <p class='ocr_par' dir='ltr' id='par_1_37' title="bbox 2141 851 3723 925">
     <span class='ocr_line' id='line_1_37' title="bbox 2141 851 3723 925; baseline -0.001 -17"><span class='ocrx_word' id='word_1_265' title='bbox 2141 855 2239 918; x_wconf 89' lang='grc' dir='ltr'><strong>τάς</strong></span> <span class='ocrx_word' id='word_1_266' title='bbox 2287 854 2347 919; x_wconf 81' lang='grc' dir='ltr'>ἐξ</span> <span class='ocrx_word' id='word_1_267' title='bbox 2395 852 2582 925; x_wconf 82' lang='grc' dir='ltr'><strong>ἀγρῶν</strong></span> <span class='ocrx_word' id='word_1_268' title='bbox 2628 855 2798 906; x_wconf 83' lang='grc' dir='ltr'>αίτεῖν</span> <span class='ocrx_word' id='word_1_269' title='bbox 2853 852 3182 923; x_wconf 90' lang='grc' dir='ltr'>εὐκαρπίας,</span> <span class='ocrx_word' id='word_1_270' title='bbox 3220 852 3295 916; x_wconf 86' lang='grc' dir='ltr'>ὡς</span> <span class='ocrx_word' id='word_1_271' title='bbox 3329 851 3484 922; x_wconf 76' lang='grc' dir='ltr'>ἔφην,</span> <span class='ocrx_word' id='word_1_272' title='bbox 3517 854 3581 906; x_wconf 85' lang='grc' dir='ltr'><strong>ἐκ</strong></span> <span class='ocrx_word' id='word_1_273' title='bbox 3615 853 3723 906; x_wconf 85' lang='grc' dir='ltr'><strong>τῶν</strong></span> 
     </span>
    </p>
   </div>
   <div class='ocr_carea' id='block_1_38' title="bbox 2141 941 3722 1017">
    <p class='ocr_par' dir='ltr' id='par_1_38' title="bbox 2141 941 3722 1017">
     <span class='ocr_line' id='line_1_38' title="bbox 2141 941 3722 1017; baseline -0.004 -16"><span class='ocrx_word' id='word_1_274' title='bbox 2141 948 2402 1002; x_wconf 85' lang='grc' dir='ltr'>διακενῶν</span> <span class='ocrx_word' id='word_1_275' title='bbox 2431 945 2808 1017; x_wconf 77' lang='grc' dir='ltr'>σεϐασμάτων·</span> <span class='ocrx_word' id='word_1_276' title='bbox 2854 964 2871 996; x_wconf 78' lang='grc' dir='ltr'><strong>ι</strong></span> <span class='ocrx_word' id='word_1_277' title='bbox 2901 946 3025 1016; x_wconf 74' lang='grc' dir='ltr'><strong>’Ἆρ’</strong></span> <span class='ocrx_word' id='word_1_278' title='bbox 3072 941 3166 999; x_wconf 81' lang='grc' dir='ltr'>οῦν</span> <span class='ocrx_word' id='word_1_279' title='bbox 3197 945 3378 1016; x_wconf 77' lang='grc' dir='ltr'>ἐζήτει</span> <span class='ocrx_word' id='word_1_280' title='bbox 3416 947 3581 1014; x_wconf 73' lang='grc' dir='ltr'>μὲνσδ</span> <span class='ocrx_word' id='word_1_281' title='bbox 3619 946 3722 998; x_wconf 81' lang='grc' dir='ltr'>Ἰσι-</span> 
     </span>
    </p>
   </div>
   <div class='ocr_carea' id='block_1_39' title="bbox 2144 1037 3723 1112">
    <p class='ocr_par' dir='ltr' id='par_1_39' title="bbox 2144 1037 3723 1112">
     <span class='ocr_line' id='line_1_39' title="bbox 2144 1037 3723 1112; baseline -0.003 -19"><span class='ocrx_word' id='word_1_282' title='bbox 2144 1041 2281 1112; x_wconf 82' lang='grc' dir='ltr'>ραὴλ</span> <span class='ocrx_word' id='word_1_283' title='bbox 2313 1039 2465 1111; x_wconf 82' lang='grc' dir='ltr'><strong>παρά</strong></span> <span class='ocrx_word' id='word_1_284' title='bbox 2503 1039 2610 1091; x_wconf 81' lang='grc' dir='ltr'><strong>τῶν</strong></span> <span class='ocrx_word' id='word_1_285' title='bbox 2659 1037 2892 1092; x_wconf 83' lang='grc' dir='ltr'><strong>εἰδώλων</strong></span> <span class='ocrx_word' id='word_1_286' title='bbox 2936 1038 3006 1092; x_wconf 80' lang='grc' dir='ltr'>τὰ</span> <span class='ocrx_word' id='word_1_287' title='bbox 3047 1039 3274 1108; x_wconf 77' lang='grc' dir='ltr'><strong>δόματα.</strong></span> <span class='ocrx_word' id='word_1_288' title='bbox 3326 1039 3625 1107; x_wconf 82' lang='grc' dir='ltr'>Ἐκϐἐϐηκε</span> <span class='ocrx_word' id='word_1_289' title='bbox 3667 1037 3723 1090; x_wconf 76' lang='grc' dir='ltr'>δὲ</span> 
     </span>
    </p>
   </div>
   <div class='ocr_carea' id='block_1_40' title="bbox 2142 1129 3726 1202">
    <p class='ocr_par' dir='ltr' id='par_1_40' title="bbox 2142 1129 3726 1202">
     <span class='ocr_line' id='line_1_40' title="bbox 2142 1129 3726 1202; baseline -0.003 -15"><span class='ocrx_word' id='word_1_290' title='bbox 2142 1132 2290 1202; x_wconf 87' lang='grc' dir='ltr'>αὐτῷ</span> <span class='ocrx_word' id='word_1_291' title='bbox 2329 1132 2448 1186; x_wconf 84' lang='grc' dir='ltr'>κατ’</span> <span class='ocrx_word' id='word_1_292' title='bbox 2479 1131 2643 1201; x_wconf 84' lang='grc' dir='ltr'>εὐχὴν</span> <span class='ocrx_word' id='word_1_293' title='bbox 2691 1129 2760 1183; x_wconf 81' lang='grc' dir='ltr'><strong>τά</strong></span> <span class='ocrx_word' id='word_1_294' title='bbox 2805 1131 3116 1200; x_wconf 85' lang='grc' dir='ltr'>αἰτήματα;</span> <span class='ocrx_word' id='word_1_295' title='bbox 3159 1129 3456 1199; x_wconf 83' lang='grc' dir='ltr'>Οῦμενουν.</span> <span class='ocrx_word' id='word_1_296' title='bbox 3491 1151 3508 1181; x_wconf 78' lang='grc' dir='ltr'><strong>ι</strong></span> <span class='ocrx_word' id='word_1_297' title='bbox 3545 1129 3726 1183; x_wconf 72' lang='grc' dir='ltr'>’Ἄλων</span> 
     </span>
    </p>
   </div>
   <div class='ocr_carea' id='block_1_41' title="bbox 2143 1218 3726 1296">
    <p class='ocr_par' dir='ltr' id='par_1_41' title="bbox 2143 1218 3726 1296">
     <span class='ocr_line' id='line_1_41' title="bbox 2143 1218 3726 1296; baseline -0.003 -18"><span class='ocrx_word' id='word_1_298' title='bbox 2143 1227 2276 1296; x_wconf 75' lang='grc' dir='ltr'>γὰρ,</span> <span class='ocrx_word' id='word_1_299' title='bbox 2309 1226 2403 1278; x_wconf 66' lang='grc' dir='ltr'><strong>καῖ¹</strong></span> <span class='ocrx_word' id='word_1_300' title='bbox 2432 1223 2591 1294; x_wconf 82' lang='grc' dir='ltr'>ληνὸς</span> <span class='ocrx_word' id='word_1_301' title='bbox 2617 1224 2718 1276; x_wconf 87' lang='grc' dir='ltr'><strong>οὐκ</strong></span> <span class='ocrx_word' id='word_1_302' title='bbox 2754 1222 2894 1290; x_wconf 77' lang='grc' dir='ltr'>ἔγνω</span> <span class='ocrx_word' id='word_1_303' title='bbox 2927 1222 3146 1286; x_wconf 70' lang='grc' dir='ltr'>αὐτοὺς,</span> <span class='ocrx_word' id='word_1_304' title='bbox 3190 1223 3286 1276; x_wconf 73' lang='grc' dir='ltr'>καὶ</span> <span class='ocrx_word' id='word_1_305' title='bbox 3320 1223 3348 1274; x_wconf 94' lang='lat'><strong>6</strong></span> <span class='ocrx_word' id='word_1_306' title='bbox 3381 1218 3520 1284; x_wconf 72' lang='grc' dir='ltr'>οἶνος</span> <span class='ocrx_word' id='word_1_307' title='bbox 3561 1220 3726 1290; x_wconf 79' lang='grc' dir='ltr'>ἐψεύ-</span> 
     </span>
    </p>
   </div>
   <div class='ocr_carea' id='block_1_42' title="bbox 2145 1314 3728 1384">
    <p class='ocr_par' dir='ltr' id='par_1_42' title="bbox 2145 1314 3728 1384">
     <span class='ocr_line' id='line_1_42' title="bbox 2145 1314 3728 1384; baseline -0.004 -13"><span class='ocrx_word' id='word_1_308' title='bbox 2145 1335 2271 1371; x_wconf 89' lang='grc' dir='ltr'>σατο</span> <span class='ocrx_word' id='word_1_309' title='bbox 2303 1315 2516 1379; x_wconf 83' lang='grc' dir='ltr'>αὐτούς.</span> <span class='ocrx_word' id='word_1_310' title='bbox 2561 1336 2578 1366; x_wconf 75' lang='grc' dir='ltr'><strong>ι</strong></span> <span class='ocrx_word' id='word_1_311' title='bbox 2607 1317 2764 1368; x_wconf 88' lang='grc' dir='ltr'>Ἔστι</span> <span class='ocrx_word' id='word_1_312' title='bbox 2806 1317 2862 1369; x_wconf 81' lang='grc' dir='ltr'><strong>δὲ</strong></span> <span class='ocrx_word' id='word_1_313' title='bbox 2893 1316 3044 1370; x_wconf 80' lang='grc' dir='ltr'>οὐδὲν</span> <span class='ocrx_word' id='word_1_314' title='bbox 3082 1314 3192 1368; x_wconf 81' lang='grc' dir='ltr'>τῶν</span> <span class='ocrx_word' id='word_1_315' title='bbox 3245 1314 3728 1384; x_wconf 81' lang='grc' dir='ltr'>φιλομαθεστέρων</span> 
     </span>
    </p>
   </div>
   <div class='ocr_carea' id='block_1_43' title="bbox 2142 1406 3724 1480">
    <p class='ocr_par' dir='ltr' id='par_1_43' title="bbox 2142 1406 3724 1480">
     <span class='ocr_line' id='line_1_43' title="bbox 2142 1406 3724 1480; baseline -0.005 -16"><span class='ocrx_word' id='word_1_316' title='bbox 2142 1411 2462 1480; x_wconf 66' lang='grc' dir='ltr'>ἀμφίλογον,</span> <span class='ocrx_word' id='word_1_317' title='bbox 2511 1409 2592 1462; x_wconf 79' lang='grc' dir='ltr'><strong>ὅτι</strong></span> <span class='ocrx_word' id='word_1_318' title='bbox 2634 1407 2810 1478; x_wconf 74' lang='grc' dir='ltr'>λοιμοὶ</span> <span class='ocrx_word' id='word_1_319' title='bbox 2866 1407 3155 1476; x_wconf 86' lang='grc' dir='ltr'>γεγόνασιν</span> <span class='ocrx_word' id='word_1_320' title='bbox 3195 1408 3251 1460; x_wconf 89' lang='grc' dir='ltr'><strong>ἐν</strong></span> <span class='ocrx_word' id='word_1_321' title='bbox 3296 1409 3360 1476; x_wconf 82' lang='grc' dir='ltr'><strong>τῇ</strong></span> <span class='ocrx_word' id='word_1_322' title='bbox 3421 1406 3724 1475; x_wconf 78' lang='grc' dir='ltr'>Σαμαρείᾳ,</span> 
     </span>
    </p>
   </div>
   <div class='ocr_carea' id='block_1_44' title="bbox 2144 1494 3729 1572">
    <p class='ocr_par' dir='ltr' id='par_1_44' title="bbox 2144 1494 3729 1572">
     <span class='ocr_line' id='line_1_44' title="bbox 2144 1494 3729 1572; baseline -0.006 -17"><span class='ocrx_word' id='word_1_323' title='bbox 2144 1501 2365 1572; x_wconf 78' lang='grc' dir='ltr'>ἀφορίαι</span> <span class='ocrx_word' id='word_1_324' title='bbox 2420 1517 2476 1552; x_wconf 90' lang='grc' dir='ltr'><strong>τε</strong></span> <span class='ocrx_word' id='word_1_325' title='bbox 2532 1501 2627 1553; x_wconf 73' lang='grc' dir='ltr'><strong>καὶ</strong></span> <span class='ocrx_word' id='word_1_326' title='bbox 2672 1498 2922 1570; x_wconf 82' lang='grc' dir='ltr'>ἁϐροχίαι</span> <span class='ocrx_word' id='word_1_327' title='bbox 2986 1497 3218 1568; x_wconf 90' lang='grc' dir='ltr'>μακραί.</span> <span class='ocrx_word' id='word_1_328' title='bbox 3275 1496 3595 1566; x_wconf 81' lang='grc' dir='ltr'>Ἢμάρτηκε</span> <span class='ocrx_word' id='word_1_329' title='bbox 3663 1494 3729 1565; x_wconf 77' lang='grc' dir='ltr'>δὴ</span> 
     </span>
    </p>
   </div>
   <div class='ocr_carea' id='block_1_45' title="bbox 2143 1585 3727 1657">
    <p class='ocr_par' dir='ltr' id='par_1_45' title="bbox 2143 1585 3727 1657">
     <span class='ocr_line' id='line_1_45' title="bbox 2143 1585 3727 1657; baseline -0.005 -13"><span class='ocrx_word' id='word_1_330' title='bbox 2143 1587 2235 1644; x_wconf 74' lang='grc' dir='ltr'><strong>οὖν</strong></span> <span class='ocrx_word' id='word_1_331' title='bbox 2264 1590 2492 1653; x_wconf 84' lang='grc' dir='ltr'>ἐλπίδος,</span> <span class='ocrx_word' id='word_1_332' title='bbox 2522 1590 2580 1641; x_wconf 83' lang='grc' dir='ltr'><strong>οὐ</strong></span> <span class='ocrx_word' id='word_1_333' title='bbox 2605 1589 2787 1642; x_wconf 86' lang='grc' dir='ltr'>λαϐὼν</span> <span class='ocrx_word' id='word_1_334' title='bbox 2806 1589 2874 1643; x_wconf 80' lang='grc' dir='ltr'><strong>τά</strong></span> <span class='ocrx_word' id='word_1_335' title='bbox 2899 1589 3174 1657; x_wconf 75' lang='grc' dir='ltr'><strong>αἰτήματα</strong></span> <span class='ocrx_word' id='word_1_336' title='bbox 3195 1603 3209 1618; x_wconf 80' lang='lat'><strong>&#39;</strong></span> <span class='ocrx_word' id='word_1_337' title='bbox 3234 1586 3331 1640; x_wconf 71' lang='grc' dir='ltr'><strong>καὶ</strong></span> <span class='ocrx_word' id='word_1_338' title='bbox 3360 1586 3582 1654; x_wconf 79' lang='grc' dir='ltr'><strong>προσέτι</strong></span> <span class='ocrx_word' id='word_1_339' title='bbox 3603 1585 3727 1637; x_wconf 82' lang='grc' dir='ltr'>τού-</span> 
     </span>
    </p>
   </div>
   <div class='ocr_carea' id='block_1_46' title="bbox 2142 1676 3731 1753">
    <p class='ocr_par' dir='ltr' id='par_1_46' title="bbox 2142 1676 3731 1753">
     <span class='ocr_line' id='line_1_46' title="bbox 2142 1676 3731 1753; baseline -0.004 -18"><span class='ocrx_word' id='word_1_340' title='bbox 2142 1701 2240 1753; x_wconf 80' lang='grc' dir='ltr'>τῳ,</span> <span class='ocrx_word' id='word_1_341' title='bbox 2267 1682 2358 1735; x_wconf 77' lang='grc' dir='ltr'>καὶ</span> <span class='ocrx_word' id='word_1_342' title='bbox 2380 1681 2550 1752; x_wconf 83' lang='grc' dir='ltr'>αὐτῆς</span> <span class='ocrx_word' id='word_1_343' title='bbox 2571 1679 2856 1751; x_wconf 81' lang='grc' dir='ltr'>άπῴχοντο</span> <span class='ocrx_word' id='word_1_344' title='bbox 2889 1681 2990 1750; x_wconf 88' lang='grc' dir='ltr'><strong>τῆς</strong></span> <span class='ocrx_word' id='word_1_345' title='bbox 3027 1679 3186 1748; x_wconf 82' lang='grc' dir='ltr'>ἁγίας</span> <span class='ocrx_word' id='word_1_346' title='bbox 3217 1679 3338 1747; x_wconf 89' lang='grc' dir='ltr'>γῆς,</span> <span class='ocrx_word' id='word_1_347' title='bbox 3363 1679 3455 1730; x_wconf 74' lang='grc' dir='ltr'>καὶ</span> <span class='ocrx_word' id='word_1_348' title='bbox 3482 1676 3731 1745; x_wconf 83' lang='grc' dir='ltr'>εἰσῆλθον</span> 
     </span>
    </p>
   </div>
   <div class='ocr_carea' id='block_1_47' title="bbox 2147 1769 3730 1843">
    <p class='ocr_par' dir='ltr' id='par_1_47' title="bbox 2147 1769 3730 1843">
     <span class='ocr_line' id='line_1_47' title="bbox 2147 1769 3730 1843; baseline -0.004 -15"><span class='ocrx_word' id='word_1_349' title='bbox 2147 1779 2224 1840; x_wconf 78' lang='grc' dir='ltr'>εἰς</span> <span class='ocrx_word' id='word_1_350' title='bbox 2247 1774 2540 1843; x_wconf 77' lang='grc' dir='ltr'>Αἴγυπτον,</span> <span class='ocrx_word' id='word_1_351' title='bbox 2570 1773 2646 1832; x_wconf 84' lang='grc' dir='ltr'><strong>ὡς</strong></span> <span class='ocrx_word' id='word_1_352' title='bbox 2678 1774 2758 1834; x_wconf 83' lang='grc' dir='ltr'><strong>εἰς</strong></span> <span class='ocrx_word' id='word_1_353' title='bbox 2789 1769 2974 1842; x_wconf 85' lang='grc' dir='ltr'>χώραν</span> <span class='ocrx_word' id='word_1_354' title='bbox 3005 1770 3442 1842; x_wconf 82' lang='grc' dir='ltr'>τετειχισμένην,</span> <span class='ocrx_word' id='word_1_355' title='bbox 3489 1770 3584 1822; x_wconf 71' lang='grc' dir='ltr'><strong>καὶ</strong></span> <span class='ocrx_word' id='word_1_356' title='bbox 3617 1771 3730 1833; x_wconf 90' lang='grc' dir='ltr'>τοῖς</span> 
     </span>
    </p>
   </div>
   <div class='ocr_carea' id='block_1_48' title="bbox 2148 1859 3732 1936">
    <p class='ocr_par' dir='ltr' id='par_1_48' title="bbox 2148 1859 3732 1936">
     <span class='ocr_line' id='line_1_48' title="bbox 2148 1859 3732 1936; baseline -0.006 -13"><span class='ocrx_word' id='word_1_357' title='bbox 2148 1869 2228 1923; x_wconf 77' lang='grc' dir='ltr'>ἔτι</span> <span class='ocrx_word' id='word_1_358' title='bbox 2259 1869 2466 1924; x_wconf 87' lang='grc' dir='ltr'>πλείοσι</span> <span class='ocrx_word' id='word_1_359' title='bbox 2500 1867 2641 1929; x_wconf 84' lang='grc' dir='ltr'>θεοῖς</span> <span class='ocrx_word' id='word_1_360' title='bbox 2671 1867 2978 1936; x_wconf 88' lang='grc' dir='ltr'>ἐλάτρευον.</span> <span class='ocrx_word' id='word_1_361' title='bbox 3026 1864 3213 1935; x_wconf 88' lang='grc' dir='ltr'>Μυρία</span> <span class='ocrx_word' id='word_1_362' title='bbox 3249 1861 3356 1933; x_wconf 81' lang='grc' dir='ltr'>γὰρ</span> <span class='ocrx_word' id='word_1_363' title='bbox 3381 1859 3447 1935; x_wconf 87' lang='grc' dir='ltr'><strong>ἦν</strong></span> <span class='ocrx_word' id='word_1_364' title='bbox 3473 1865 3530 1915; x_wconf 90' lang='grc' dir='ltr'>ἐν</span> <span class='ocrx_word' id='word_1_365' title='bbox 3566 1861 3732 1930; x_wconf 74' lang='grc' dir='ltr'>Αίγύο</span> 
     </span>
    </p>
   </div>
   <div class='ocr_carea' id='block_1_49' title="bbox 2149 1953 3733 2032">
    <p class='ocr_par' dir='ltr' id='par_1_49' title="bbox 2149 1953 3733 2032">
     <span class='ocr_line' id='line_1_49' title="bbox 2149 1953 3733 2032; baseline -0.006 -18"><span class='ocrx_word' id='word_1_366' title='bbox 2149 1979 2268 2032; x_wconf 85' lang='grc' dir='ltr'>πτῳ</span> <span class='ocrx_word' id='word_1_367' title='bbox 2290 1961 2357 2014; x_wconf 81' lang='grc' dir='ltr'><strong>τά</strong></span> <span class='ocrx_word' id='word_1_368' title='bbox 2381 1960 2716 2028; x_wconf 90' lang='grc' dir='ltr'>σεϐάσματα,</span> <span class='ocrx_word' id='word_1_369' title='bbox 2743 1957 2836 2010; x_wconf 76' lang='grc' dir='ltr'><strong>καὶ</strong></span> <span class='ocrx_word' id='word_1_370' title='bbox 2857 1955 2969 2009; x_wconf 85' lang='grc' dir='ltr'>τῶν</span> <span class='ocrx_word' id='word_1_371' title='bbox 3000 1954 3413 2027; x_wconf 85' lang='grc' dir='ltr'>θεραπευόντων</span> <span class='ocrx_word' id='word_1_372' title='bbox 3435 1953 3573 2007; x_wconf 85' lang='grc' dir='ltr'><strong>αὐτά</strong></span> <span class='ocrx_word' id='word_1_373' title='bbox 3605 1953 3733 2006; x_wconf 83' lang='grc' dir='ltr'>θαυ-</span> 
     </span>
    </p>
   </div>
   <div class='ocr_carea' id='block_1_50' title="bbox 2152 2047 3736 2122">
    <p class='ocr_par' dir='ltr' id='par_1_50' title="bbox 2152 2047 3736 2122">
     <span class='ocr_line' id='line_1_50' title="bbox 2152 2047 3736 2122; baseline -0.004 -17"><span class='ocrx_word' id='word_1_374' title='bbox 2152 2053 2329 2122; x_wconf 86' lang='grc' dir='ltr'>μαστή</span> <span class='ocrx_word' id='word_1_375' title='bbox 2359 2068 2442 2114; x_wconf 89' lang='grc' dir='ltr'>τις</span> <span class='ocrx_word' id='word_1_376' title='bbox 2470 2049 2740 2119; x_wconf 82' lang='grc' dir='ltr'>ὑπόληψις</span> <span class='ocrx_word' id='word_1_377' title='bbox 2773 2049 2867 2101; x_wconf 75' lang='grc' dir='ltr'>ἐπὶ</span> <span class='ocrx_word' id='word_1_378' title='bbox 2899 2048 3262 2111; x_wconf 82' lang='grc' dir='ltr'>δυναστείαις,</span> <span class='ocrx_word' id='word_1_379' title='bbox 3299 2047 3375 2110; x_wconf 87' lang='grc' dir='ltr'>ὡς</span> <span class='ocrx_word' id='word_1_380' title='bbox 3413 2049 3534 2109; x_wconf 87' lang='grc' dir='ltr'>ταῖς</span> <span class='ocrx_word' id='word_1_381' title='bbox 3573 2064 3736 2116; x_wconf 77' lang='grc' dir='ltr'>μαγι-</span> 
     </span>
    </p>
   </div>
   <div class='ocr_carea' id='block_1_51' title="bbox 2150 2137 3734 2214">
    <p class='ocr_par' dir='ltr' id='par_1_51' title="bbox 2150 2137 3734 2214">
     <span class='ocr_line' id='line_1_51' title="bbox 2150 2137 3734 2214; baseline -0.004 -18"><span class='ocrx_word' id='word_1_382' title='bbox 2150 2147 2272 2206; x_wconf 82' lang='grc' dir='ltr'>καῖς</span> <span class='ocrx_word' id='word_1_383' title='bbox 2300 2137 2614 2214; x_wconf 64' lang='grc' dir='ltr'>ἐμπειρίαις</span> <span class='ocrx_word' id='word_1_384' title='bbox 2643 2141 2824 2196; x_wconf 91' lang='grc' dir='ltr'>πάντα</span> <span class='ocrx_word' id='word_1_385' title='bbox 2849 2139 3151 2212; x_wconf 75' lang='grc' dir='ltr'>κατορθοῦν</span> <span class='ocrx_word' id='word_1_386' title='bbox 3177 2139 3418 2201; x_wconf 77' lang='grc' dir='ltr'>εὐκόλως</span> <span class='ocrx_word' id='word_1_387' title='bbox 3439 2137 3734 2208; x_wconf 80' lang='grc' dir='ltr'>δεδυνημέ-</span> 
     </span>
    </p>
   </div>
   <div class='ocr_carea' id='block_1_52' title="bbox 2149 2231 3737 2308">
    <p class='ocr_par' dir='ltr' id='par_1_52' title="bbox 2149 2231 3737 2308">
     <span class='ocr_line' id='line_1_52' title="bbox 2149 2231 3737 2308; baseline -0.003 -21"><span class='ocrx_word' id='word_1_388' title='bbox 2149 2256 2275 2291; x_wconf 88' lang='grc' dir='ltr'>νων.</span> <span class='ocrx_word' id='word_1_389' title='bbox 2308 2237 2666 2308; x_wconf 85' lang='grc' dir='ltr'>Ἀπειρήκασι</span> <span class='ocrx_word' id='word_1_390' title='bbox 2691 2235 2755 2305; x_wconf 80' lang='grc' dir='ltr'>δὴ</span> <span class='ocrx_word' id='word_1_391' title='bbox 2777 2231 2872 2288; x_wconf 83' lang='grc' dir='ltr'><strong>οῦν</strong></span> <span class='ocrx_word' id='word_1_392' title='bbox 2887 2235 2948 2286; x_wconf 78' lang='grc' dir='ltr'>τὸ</span> <span class='ocrx_word' id='word_1_393' title='bbox 2967 2235 3240 2286; x_wconf 84' lang='grc' dir='ltr'>κατοικεῖν</span> <span class='ocrx_word' id='word_1_394' title='bbox 3269 2234 3327 2285; x_wconf 84' lang='grc' dir='ltr'><strong>ἐν</strong></span> <span class='ocrx_word' id='word_1_395' title='bbox 3355 2235 3422 2302; x_wconf 75' lang='grc' dir='ltr'>τῇ</span> <span class='ocrx_word' id='word_1_396' title='bbox 3451 2231 3737 2301; x_wconf 80' lang='grc' dir='ltr'>ἀπολέκτῳ</span> 
     </span>
    </p>
   </div>
   <div class='ocr_carea' id='block_1_53' title="bbox 2152 2323 3732 2400">
    <p class='ocr_par' dir='ltr' id='par_1_53' title="bbox 2152 2323 3732 2400">
     <span class='ocr_line' id='line_1_53' title="bbox 2152 2323 3732 2400; baseline -0.004 -18"><span class='ocrx_word' id='word_1_397' title='bbox 2152 2331 2303 2400; x_wconf 86' lang='grc' dir='ltr'><strong>παρά</strong></span> <span class='ocrx_word' id='word_1_398' title='bbox 2329 2328 2447 2399; x_wconf 82' lang='grc' dir='ltr'>Θεῷ</span> <span class='ocrx_word' id='word_1_399' title='bbox 2484 2331 2577 2398; x_wconf 80' lang='grc' dir='ltr'>γῇ,</span> <span class='ocrx_word' id='word_1_400' title='bbox 2604 2328 2700 2381; x_wconf 70' lang='grc' dir='ltr'><strong>καὶ</strong></span> <span class='ocrx_word' id='word_1_401' title='bbox 2725 2327 2826 2386; x_wconf 76' lang='grc' dir='ltr'><strong>τὴν</strong></span> <span class='ocrx_word' id='word_1_402' title='bbox 2858 2326 2968 2381; x_wconf 81' lang='grc' dir='ltr'>τῶν</span> <span class='ocrx_word' id='word_1_403' title='bbox 3017 2325 3253 2378; x_wconf 76' lang='grc' dir='ltr'>εἰδώλων</span> <span class='ocrx_word' id='word_1_404' title='bbox 3287 2323 3590 2394; x_wconf 78' lang='grc' dir='ltr'>ἠλλάξαντο</span> <span class='ocrx_word' id='word_1_405' title='bbox 3622 2323 3732 2394; x_wconf 85' lang='grc' dir='ltr'>χώ-</span> 
     </span>
    </p>
   </div>
   <div class='ocr_carea' id='block_1_54' title="bbox 2157 2415 3738 2493">
    <p class='ocr_par' dir='ltr' id='par_1_54' title="bbox 2157 2415 3738 2493">
     <span class='ocr_line' id='line_1_54' title="bbox 2157 2415 3738 2493; baseline -0.004 -19"><span class='ocrx_word' id='word_1_406' title='bbox 2157 2438 2274 2493; x_wconf 91' lang='grc' dir='ltr'>ραν.</span> <span class='ocrx_word' id='word_1_407' title='bbox 2317 2419 2454 2472; x_wconf 83' lang='grc' dir='ltr'>Ἀλλ’</span> <span class='ocrx_word' id='word_1_408' title='bbox 2477 2421 2526 2472; x_wconf 83' lang='grc' dir='ltr'>εἰ</span> <span class='ocrx_word' id='word_1_409' title='bbox 2564 2421 2660 2473; x_wconf 69' lang='grc' dir='ltr'><strong>καὶ</strong></span> <span class='ocrx_word' id='word_1_410' title='bbox 2702 2417 2862 2472; x_wconf 89' lang='grc' dir='ltr'>τοῦτο</span> <span class='ocrx_word' id='word_1_411' title='bbox 2899 2418 3214 2489; x_wconf 78' lang='grc' dir='ltr'>δεδράκασι,</span> <span class='ocrx_word' id='word_1_412' title='bbox 3253 2415 3562 2488; x_wconf 82' lang='grc' dir='ltr'>βαδιοῦνται</span> <span class='ocrx_word' id='word_1_413' title='bbox 3600 2415 3738 2486; x_wconf 73' lang='grc' dir='ltr'>πρὸς</span> 
     </span>
    </p>
   </div>
   <div class='ocr_carea' id='block_1_55' title="bbox 2165 2506 3733 2582">
    <p class='ocr_par' dir='ltr' id='par_1_55' title="bbox 2165 2506 3733 2582">
     <span class='ocr_line' id='line_1_55' title="bbox 2165 2506 3733 2582; baseline -0.005 -17"><span class='ocrx_word' id='word_1_414' title='bbox 2165 2511 2481 2582; x_wconf 82' lang='grc' dir='ltr'>Ἀσσυρίους</span> <span class='ocrx_word' id='word_1_415' title='bbox 2533 2528 2552 2560; x_wconf 80' lang='grc' dir='ltr'><strong>ι</strong></span> <span class='ocrx_word' id='word_1_416' title='bbox 2587 2510 2700 2562; x_wconf 87' lang='grc' dir='ltr'>Οὐκ</span> <span class='ocrx_word' id='word_1_417' title='bbox 2747 2507 2998 2561; x_wconf 71' lang='grc' dir='ltr'>ἔσπενδον</span> <span class='ocrx_word' id='word_1_418' title='bbox 3033 2506 3110 2578; x_wconf 82' lang='grc' dir='ltr'><strong>τῷ</strong></span> <span class='ocrx_word' id='word_1_419' title='bbox 3142 2507 3355 2579; x_wconf 84' lang='grc' dir='ltr'>Κυρίῳ.</span> <span class='ocrx_word' id='word_1_420' title='bbox 3409 2527 3428 2559; x_wconf 85' lang='grc'>›</span> <span class='ocrx_word' id='word_1_421' title='bbox 3466 2507 3733 2574; x_wconf 90' lang='grc' dir='ltr'>Συνενεγ-</span> 
     </span>
    </p>
   </div>
   <div class='ocr_carea' id='block_1_56' title="bbox 2155 2599 3741 2673">
    <p class='ocr_par' dir='ltr' id='par_1_56' title="bbox 2155 2599 3741 2673">
     <span class='ocr_line' id='line_1_56' title="bbox 2155 2599 3741 2673; baseline -0.005 -15"><span class='ocrx_word' id='word_1_422' title='bbox 2155 2606 2344 2668; x_wconf 86' lang='grc' dir='ltr'>κόντες</span> <span class='ocrx_word' id='word_1_423' title='bbox 2365 2602 2474 2673; x_wconf 83' lang='grc' dir='ltr'><strong>γὰρ</strong></span> <span class='ocrx_word' id='word_1_424' title='bbox 2505 2605 2562 2656; x_wconf 91' lang='grc' dir='ltr'>ἐν</span> <span class='ocrx_word' id='word_1_425' title='bbox 2592 2603 2776 2673; x_wconf 82' lang='grc' dir='ltr'>ληνοῖς</span> <span class='ocrx_word' id='word_1_426' title='bbox 2801 2603 2893 2656; x_wconf 84' lang='grc' dir='ltr'><strong>τὸν</strong></span> <span class='ocrx_word' id='word_1_427' title='bbox 2916 2601 2974 2669; x_wconf 80' lang='grc' dir='ltr'>ἐξ</span> <span class='ocrx_word' id='word_1_428' title='bbox 3005 2600 3252 2672; x_wconf 81' lang='grc' dir='ltr'>ἀμπέλου</span> <span class='ocrx_word' id='word_1_429' title='bbox 3281 2601 3513 2672; x_wconf 82' lang='grc' dir='ltr'>καρπὸν,</span> <span class='ocrx_word' id='word_1_430' title='bbox 3547 2599 3741 2652; x_wconf 77' lang='grc' dir='ltr'>ἔσπεν-</span> 
     </span>
    </p>
   </div>
   <div class='ocr_carea' id='block_1_57' title="bbox 2155 2689 3737 2765">
    <p class='ocr_par' dir='ltr' id='par_1_57' title="bbox 2155 2689 3737 2765">
     <span class='ocr_line' id='line_1_57' title="bbox 2155 2689 3737 2765; baseline -0.003 -17"><span class='ocrx_word' id='word_1_431' title='bbox 2155 2696 2242 2749; x_wconf 91' lang='grc' dir='ltr'><strong>δον</strong></span> <span class='ocrx_word' id='word_1_432' title='bbox 2269 2698 2380 2759; x_wconf 90' lang='grc' dir='ltr'>τοῖς</span> <span class='ocrx_word' id='word_1_433' title='bbox 2401 2694 2618 2765; x_wconf 86' lang='grc' dir='ltr'>δαίμοσι</span> <span class='ocrx_word' id='word_1_434' title='bbox 2643 2693 2742 2757; x_wconf 88' lang='grc' dir='ltr'><strong>τάς</strong></span> <span class='ocrx_word' id='word_1_435' title='bbox 2771 2693 3046 2765; x_wconf 79' lang='grc' dir='ltr'>ἀπαρχὰς,</span> <span class='ocrx_word' id='word_1_436' title='bbox 3073 2692 3170 2746; x_wconf 72' lang='grc' dir='ltr'><strong>καὶ</strong></span> <span class='ocrx_word' id='word_1_437' title='bbox 3197 2693 3321 2763; x_wconf 74' lang='grc' dir='ltr'><strong>οὐχὶ</strong></span> <span class='ocrx_word' id='word_1_438' title='bbox 3349 2691 3427 2763; x_wconf 83' lang='grc' dir='ltr'><strong>τῷ</strong></span> <span class='ocrx_word' id='word_1_439' title='bbox 3442 2689 3737 2760; x_wconf 84' lang='grc' dir='ltr'>δόντιΘεῷ.</span> 
     </span>
    </p>
   </div>
   <div class='ocr_carea' id='block_1_58' title="bbox 2169 2778 3739 2856">
    <p class='ocr_par' dir='ltr' id='par_1_58' title="bbox 2169 2778 3739 2856">
     <span class='ocr_line' id='line_1_58' title="bbox 2169 2778 3739 2856; baseline -0.006 -15"><span class='ocrx_word' id='word_1_440' title='bbox 2169 2788 2455 2856; x_wconf 76' lang='grc' dir='ltr'>Ἀνέφερον</span> <span class='ocrx_word' id='word_1_441' title='bbox 2488 2785 2546 2839; x_wconf 86' lang='grc' dir='ltr'>δὲ</span> <span class='ocrx_word' id='word_1_442' title='bbox 2575 2787 2670 2838; x_wconf 76' lang='grc' dir='ltr'><strong>καὶ</strong></span> <span class='ocrx_word' id='word_1_443' title='bbox 2710 2786 2931 2855; x_wconf 84' lang='grc' dir='ltr'>ἄρτους,</span> <span class='ocrx_word' id='word_1_444' title='bbox 2981 2785 3056 2846; x_wconf 82' lang='grc' dir='ltr'>ὡς</span> <span class='ocrx_word' id='word_1_445' title='bbox 3088 2785 3146 2836; x_wconf 86' lang='grc' dir='ltr'><strong>ἐν</strong></span> <span class='ocrx_word' id='word_1_446' title='bbox 3184 2783 3404 2853; x_wconf 80' lang='grc' dir='ltr'>ἀπαρχῇ</span> <span class='ocrx_word' id='word_1_447' title='bbox 3455 2778 3739 2850; x_wconf 84' lang='grc' dir='ltr'>Θερισμοῦ.</span> 
     </span>
    </p>
   </div>
   <div class='ocr_carea' id='block_1_59' title="bbox 2157 2872 3744 2946">
    <p class='ocr_par' dir='ltr' id='par_1_59' title="bbox 2157 2872 3744 2946">
     <span class='ocr_line' id='line_1_59' title="bbox 2157 2872 3744 2946; baseline -0.005 -16"><span class='ocrx_word' id='word_1_448' title='bbox 2157 2878 2305 2946; x_wconf 85' lang='grc' dir='ltr'>Πλὴν</span> <span class='ocrx_word' id='word_1_449' title='bbox 2342 2879 2423 2938; x_wconf 85' lang='grc' dir='ltr'><strong>είς</strong></span> <span class='ocrx_word' id='word_1_450' title='bbox 2455 2873 2732 2946; x_wconf 83' lang='grc' dir='ltr'>μολυσμὸν</span> <span class='ocrx_word' id='word_1_451' title='bbox 2777 2876 2871 2927; x_wconf 63' lang='grc' dir='ltr'>καὶ</span> <span class='ocrx_word' id='word_1_452' title='bbox 2912 2873 3213 2944; x_wconf 85' lang='grc' dir='ltr'>βεϐήλωσιν</span> <span class='ocrx_word' id='word_1_453' title='bbox 3239 2873 3299 2926; x_wconf 85' lang='grc' dir='ltr'><strong>τὸ</strong></span> <span class='ocrx_word' id='word_1_454' title='bbox 3327 2873 3517 2943; x_wconf 87' lang='grc' dir='ltr'>χρῆμα</span> <span class='ocrx_word' id='word_1_455' title='bbox 3558 2872 3744 2933; x_wconf 84' lang='grc' dir='ltr'>αὐτοῖς</span> 
     </span>
    </p>
   </div>
   <div class='ocr_carea' id='block_1_60' title="bbox 2157 2963 3744 3040">
    <p class='ocr_par' dir='ltr' id='par_1_60' title="bbox 2157 2963 3744 3040">
     <span class='ocr_line' id='line_1_60' title="bbox 2157 2963 3744 3040; baseline -0.005 -17"><span class='ocrx_word' id='word_1_456' title='bbox 2157 2971 2467 3040; x_wconf 84' lang='grc' dir='ltr'>γενήσεται,</span> <span class='ocrx_word' id='word_1_457' title='bbox 2511 2970 2666 3038; x_wconf 71' lang='grc' dir='ltr'>φησὶ,</span> <span class='ocrx_word' id='word_1_458' title='bbox 2703 2967 2798 3020; x_wconf 76' lang='grc' dir='ltr'><strong>καὶ</strong></span> <span class='ocrx_word' id='word_1_459' title='bbox 2823 2967 2900 3029; x_wconf 83' lang='grc' dir='ltr'>ὡς</span> <span class='ocrx_word' id='word_1_460' title='bbox 2931 2966 3131 3036; x_wconf 82' lang='grc' dir='ltr'>ἄρτους</span> <span class='ocrx_word' id='word_1_461' title='bbox 3171 2966 3402 3030; x_wconf 80' lang='grc' dir='ltr'>πένθους</span> <span class='ocrx_word' id='word_1_462' title='bbox 3449 2963 3744 3031; x_wconf 76' lang='grc' dir='ltr'><strong>καταλογι-⁸</strong></span> 
     </span>
    </p>
   </div>
   <div class='ocr_carea' id='block_1_61' title="bbox 2162 3055 3743 3133">
    <p class='ocr_par' dir='ltr' id='par_1_61' title="bbox 2162 3055 3743 3133">
     <span class='ocr_line' id='line_1_61' title="bbox 2162 3055 3743 3133; baseline -0.006 -19"><span class='ocrx_word' id='word_1_463' title='bbox 2162 3062 2421 3133; x_wconf 82' lang='grc' dir='ltr'>σθήσεται</span> <span class='ocrx_word' id='word_1_464' title='bbox 2446 3058 2515 3112; x_wconf 80' lang='grc' dir='ltr'><strong>τὰ</strong></span> <span class='ocrx_word' id='word_1_465' title='bbox 2542 3057 3048 3129; x_wconf 78' lang='grc' dir='ltr'>προσκομιζόμενα,</span> <span class='ocrx_word' id='word_1_466' title='bbox 3090 3057 3360 3122; x_wconf 79' lang='grc' dir='ltr'>τουτέστι,</span> <span class='ocrx_word' id='word_1_467' title='bbox 3401 3055 3631 3126; x_wconf 84' lang='grc' dir='ltr'>βδελυρά</span> <span class='ocrx_word' id='word_1_468' title='bbox 3659 3070 3743 3117; x_wconf 90' lang='grc' dir='ltr'><strong>τε,</strong></span> 
     </span>
    </p>
   </div>
   <div class='ocr_carea' id='block_1_62' title="bbox 489 3122 2058 3232">
    <p class='ocr_par' dir='ltr' id='par_1_62' title="bbox 489 3122 2058 3193">
     <span class='ocr_line' id='line_1_62' title="bbox 489 3122 2058 3193; baseline 0.002 -19"><span class='ocrx_word' id='word_1_469' title='bbox 489 3122 778 3190; x_wconf 87' lang='lat' dir='ltr'><strong>pinquaret</strong></span> <span class='ocrx_word' id='word_1_470' title='bbox 828 3131 1039 3188; x_wconf 87' lang='lat' dir='ltr'><strong>autem,</strong></span> <span class='ocrx_word' id='word_1_471' title='bbox 1101 3132 1194 3177; x_wconf 90' lang='lat' dir='ltr'><strong>aut</strong></span> <span class='ocrx_word' id='word_1_472' title='bbox 1240 3138 1334 3192; x_wconf 92' lang='lat' dir='ltr'><strong>per</strong></span> <span class='ocrx_word' id='word_1_473' title='bbox 1380 3124 1657 3193; x_wconf 84' lang='lat' dir='ltr'><strong>sanguinis</strong></span> <span class='ocrx_word' id='word_1_474' title='bbox 1707 3125 2058 3179; x_wconf 88' lang='lat' dir='ltr'><strong>communita-</strong></span> 
     </span>
    </p>
   </div>
   <div class='ocr_carea' id='block_1_63' title="bbox 2156 3122 3748 3232">
    <p class='ocr_par' dir='ltr' id='par_1_63' title="bbox 2162 3122 3748 3222">
     <span class='ocr_line' id='line_1_63' title="bbox 2162 3122 3748 3222; baseline -0.006 -16"><span class='ocrx_word' id='word_1_475' title='bbox 2162 3122 2506 3222; x_wconf 55' lang='grc' dir='ltr'>καῖβέϐηλα,</span> <span class='ocrx_word' id='word_1_476' title='bbox 2548 3122 2640 3202; x_wconf 76' lang='grc' dir='ltr'>καὶ</span> <span class='ocrx_word' id='word_1_477' title='bbox 2675 3122 3060 3220; x_wconf 60' lang='grc' dir='ltr'>ἀπῆχθτγμένα.</span> <span class='ocrx_word' id='word_1_478' title='bbox 3108 3146 3208 3200; x_wconf 81' lang='grc' dir='ltr'><strong>Διὰ</strong></span> <span class='ocrx_word' id='word_1_479' title='bbox 3256 3122 3415 3200; x_wconf 85' lang='grc' dir='ltr'>ποίαν</span> <span class='ocrx_word' id='word_1_480' title='bbox 3469 3122 3683 3206; x_wconf 77' lang='grc' dir='ltr'>αίτίανς</span> <span class='ocrx_word' id='word_1_481' title='bbox 3717 3145 3748 3196; x_wconf 88' lang='lat'><strong>6</strong></span> 
     </span>
    </p>
   </div>
   <div class='ocr_carea' id='block_1_64' title="bbox 491 3215 2061 3292">
    <p class='ocr_par' dir='ltr' id='par_1_64' title="bbox 491 3215 2061 3292">
     <span class='ocr_line' id='line_1_64' title="bbox 491 3215 2061 3292; baseline 0.006 -28"><span class='ocrx_word' id='word_1_482' title='bbox 491 3223 623 3277; x_wconf 90' lang='lat' dir='ltr'><strong>tem,</strong></span> <span class='ocrx_word' id='word_1_483' title='bbox 663 3223 757 3266; x_wconf 92' lang='lat' dir='ltr'><strong>aut</strong></span> <span class='ocrx_word' id='word_1_484' title='bbox 802 3229 896 3283; x_wconf 92' lang='lat' dir='ltr'><strong>per</strong></span> <span class='ocrx_word' id='word_1_485' title='bbox 949 3215 1121 3284; x_wconf 90' lang='lat' dir='ltr'><strong>ipsum</strong></span> <span class='ocrx_word' id='word_1_486' title='bbox 1173 3227 1499 3274; x_wconf 88' lang='lat' dir='ltr'><strong>contactum.</strong></span> <span class='ocrx_word' id='word_1_487' title='bbox 1551 3218 1851 3291; x_wconf 87' lang='lat' dir='ltr'><strong>Oportebat</strong></span> <span class='ocrx_word' id='word_1_488' title='bbox 1899 3222 2061 3292; x_wconf 82' lang='lat' dir='ltr'><strong>igitur</strong></span> 
     </span>
    </p>
   </div>
   <div class='ocr_carea' id='block_1_65' title="bbox 492 3307 2063 3386">
    <p class='ocr_par' dir='ltr' id='par_1_65' title="bbox 492 3307 2063 3386">
     <span class='ocr_line' id='line_1_65' title="bbox 492 3307 2063 3386; baseline 0.006 -28"><span class='ocrx_word' id='word_1_489' title='bbox 492 3318 690 3372; x_wconf 85' lang='lat' dir='ltr'><strong>genere</strong></span> <span class='ocrx_word' id='word_1_490' title='bbox 719 3307 1069 3378; x_wconf 90' lang='lat' dir='ltr'><strong>propinquos,</strong></span> <span class='ocrx_word' id='word_1_491' title='bbox 1103 3319 1196 3364; x_wconf 94' lang='lat' dir='ltr'><strong>aut</strong></span> <span class='ocrx_word' id='word_1_492' title='bbox 1235 3313 1436 3365; x_wconf 89' lang='lat' dir='ltr'><strong>amicos</strong></span> <span class='ocrx_word' id='word_1_493' title='bbox 1476 3327 1812 3369; x_wconf 90' lang='lat' dir='ltr'><strong>mortuorum</strong></span> <span class='ocrx_word' id='word_1_494' title='bbox 1843 3325 2063 3386; x_wconf 89' lang='lat' dir='ltr'><strong>propter</strong></span> 
     </span>
    </p>
   </div>
   <div class='ocr_carea' id='block_1_66' title="bbox 493 3399 2060 3474">
    <p class='ocr_par' dir='ltr' id='par_1_66' title="bbox 493 3399 2060 3474">
     <span class='ocr_line' id='line_1_66' title="bbox 493 3399 2060 3474; baseline 0.006 -24"><span class='ocrx_word' id='word_1_495' title='bbox 493 3399 695 3453; x_wconf 90' lang='lat' dir='ltr'><strong>luctum</strong></span> <span class='ocrx_word' id='word_1_496' title='bbox 726 3401 1106 3466; x_wconf 91' lang='lat' dir='ltr'><strong>contaminari,</strong></span> <span class='ocrx_word' id='word_1_497' title='bbox 1139 3412 1394 3458; x_wconf 89' lang='lat' dir='ltr'><strong>curantes</strong></span> <span class='ocrx_word' id='word_1_498' title='bbox 1438 3417 1731 3474; x_wconf 86' lang='lat' dir='ltr'><strong>mortunm,</strong></span> <span class='ocrx_word' id='word_1_499' title='bbox 1761 3416 1815 3460; x_wconf 91' lang='lat' dir='ltr'><strong>et</strong></span> <span class='ocrx_word' id='word_1_500' title='bbox 1836 3407 1981 3474; x_wconf 86' lang='lat' dir='ltr'><strong>justa</strong></span> <span class='ocrx_word' id='word_1_501' title='bbox 2013 3409 2060 3462; x_wconf 91' lang='lat' dir='ltr'><strong>ei</strong></span> 
     </span>
    </p>
   </div>
   <div class='ocr_carea' id='block_1_67' title="bbox 494 3489 2065 3566">
    <p class='ocr_par' dir='ltr' id='par_1_67' title="bbox 494 3489 2065 3566">
     <span class='ocr_line' id='line_1_67' title="bbox 494 3489 2065 3566; baseline 0.005 -24"><span class='ocrx_word' id='word_1_502' title='bbox 494 3489 676 3544; x_wconf 80' lang='lat' dir='ltr'><strong>facere</strong></span> <span class='ocrx_word' id='word_1_503' title='bbox 714 3493 1011 3560; x_wconf 88' lang='lat' dir='ltr'><strong>cupientes.</strong></span> <span class='ocrx_word' id='word_1_504' title='bbox 1069 3494 1135 3548; x_wconf 84' lang='lat' dir='ltr'><strong>Et</strong></span> <span class='ocrx_word' id='word_1_505' title='bbox 1175 3505 1331 3548; x_wconf 90' lang='lat' dir='ltr'><strong>erant</strong></span> <span class='ocrx_word' id='word_1_506' title='bbox 1376 3496 1647 3549; x_wconf 80' lang='lat' dir='ltr'><strong>immumla</strong></span> <span class='ocrx_word' id='word_1_507' title='bbox 1704 3497 1906 3565; x_wconf 89' lang='lat' dir='ltr'><strong>omnia,</strong></span> <span class='ocrx_word' id='word_1_508' title='bbox 1945 3513 2065 3566; x_wconf 85' lang='lat' dir='ltr'><strong>quae</strong></span> 
     </span>
    </p>
   </div>
   <div class='ocr_carea' id='block_1_68' title="bbox 495 3582 2063 3660">
    <p class='ocr_par' dir='ltr' id='par_1_68' title="bbox 495 3582 2063 3660">
     <span class='ocr_line' id='line_1_68' title="bbox 495 3582 2063 3660; baseline 0.005 -25"><span class='ocrx_word' id='word_1_509' title='bbox 495 3582 568 3635; x_wconf 89' lang='lat' dir='ltr'><strong>illi</strong></span> <span class='ocrx_word' id='word_1_510' title='bbox 605 3582 739 3637; x_wconf 77' lang='lat' dir='ltr'><strong>forte</strong></span> <span class='ocrx_word' id='word_1_511' title='bbox 787 3586 1114 3656; x_wconf 84' lang='lat' dir='ltr'><strong>attigissent.</strong></span> <span class='ocrx_word' id='word_1_512' title='bbox 1153 3587 1315 3642; x_wconf 88' lang='lat' dir='ltr'><strong>Panis</strong></span> <span class='ocrx_word' id='word_1_513' title='bbox 1369 3589 1551 3658; x_wconf 83' lang='lat' dir='ltr'><strong>itaque</strong></span> <span class='ocrx_word' id='word_1_514' title='bbox 1596 3590 1772 3645; x_wconf 88' lang='lat' dir='ltr'><strong>luctus</strong></span> <span class='ocrx_word' id='word_1_515' title='bbox 1821 3599 1926 3658; x_wconf 90' lang='lat' dir='ltr'><strong>est,</strong></span> <span class='ocrx_word' id='word_1_516' title='bbox 1971 3593 2063 3660; x_wconf 76' lang='lat' dir='ltr'><strong>qui</strong></span> 
     </span>
    </p>
   </div>
   <div class='ocr_carea' id='block_1_69' title="bbox 496 3673 2063 3749">
    <p class='ocr_par' dir='ltr' id='par_1_69' title="bbox 496 3673 2063 3749">
     <span class='ocr_line' id='line_1_69' title="bbox 496 3673 2063 3749; baseline 0.007 -26"><span class='ocrx_word' id='word_1_517' title='bbox 496 3683 768 3726; x_wconf 78' lang='lat' dir='ltr'><strong>mortuum</strong></span> <span class='ocrx_word' id='word_1_518' title='bbox 793 3673 1096 3745; x_wconf 80' lang='lat' dir='ltr'><strong>lugentibus</strong></span> <span class='ocrx_word' id='word_1_519' title='bbox 1123 3679 1412 3746; x_wconf 88' lang='lat' dir='ltr'><strong>apponitur</strong></span> <span class='ocrx_word' id='word_1_520' title='bbox 1443 3679 1494 3731; x_wconf 89' lang='lat' dir='ltr'><strong>in</strong></span> <span class='ocrx_word' id='word_1_521' title='bbox 1523 3679 1866 3746; x_wconf 86' lang='lat' dir='ltr'><strong>alimentum,</strong></span> <span class='ocrx_word' id='word_1_522' title='bbox 1901 3696 2063 3749; x_wconf 78' lang='lat' dir='ltr'><strong>quem</strong></span> 
     </span>
    </p>
   </div>
   <div class='ocr_carea' id='block_1_70' title="bbox 495 3764 2069 3839">
    <p class='ocr_par' dir='ltr' id='par_1_70' title="bbox 495 3764 2069 3839">
     <span class='ocr_line' id='line_1_70' title="bbox 495 3764 2069 3839; baseline 0.006 -24"><span class='ocrx_word' id='word_1_523' title='bbox 495 3764 579 3817; x_wconf 87' lang='lat' dir='ltr'><strong>vel</strong></span> <span class='ocrx_word' id='word_1_524' title='bbox 609 3775 828 3833; x_wconf 83' lang='lat' dir='ltr'><strong>gustare</strong></span> <span class='ocrx_word' id='word_1_525' title='bbox 865 3766 1211 3822; x_wconf 85' lang='lat' dir='ltr'><strong>durissimum</strong></span> <span class='ocrx_word' id='word_1_526' title='bbox 1241 3769 1545 3836; x_wconf 85' lang='lat' dir='ltr'><strong>videbatur,</strong></span> <span class='ocrx_word' id='word_1_527' title='bbox 1591 3769 1940 3839; x_wconf 86' lang='lat' dir='ltr'><strong>pollutionem</strong></span> <span class='ocrx_word' id='word_1_528' title='bbox 1984 3786 2069 3824; x_wconf 87' lang='lat' dir='ltr'><strong>su-</strong></span> 
     </span>
    </p>
   </div>
   <div class='ocr_carea' id='block_1_71' title="bbox 498 3857 2070 3932">
    <p class='ocr_par' dir='ltr' id='par_1_71' title="bbox 498 3857 2070 3932">
     <span class='ocr_line' id='line_1_71' title="bbox 498 3857 2070 3932; baseline 0.004 -23"><span class='ocrx_word' id='word_1_529' title='bbox 498 3871 596 3923; x_wconf 84' lang='lat' dir='ltr'><strong>per</strong></span> <span class='ocrx_word' id='word_1_530' title='bbox 641 3867 856 3912; x_wconf 89' lang='lat' dir='ltr'><strong>mortuo</strong></span> <span class='ocrx_word' id='word_1_531' title='bbox 895 3857 1132 3926; x_wconf 84' lang='lat' dir='ltr'><strong>ell‘ugere</strong></span> <span class='ocrx_word' id='word_1_532' title='bbox 1183 3860 1504 3915; x_wconf 90' lang='lat' dir='ltr'><strong>nitentibus.</strong></span> <span class='ocrx_word' id='word_1_533' title='bbox 1566 3861 1761 3916; x_wconf 84' lang='lat' dir='ltr'><strong>Polluti</strong></span> <span class='ocrx_word' id='word_1_534' title='bbox 1814 3862 1978 3932; x_wconf 89' lang='lat' dir='ltr'><strong>igitur</strong></span> <span class='ocrx_word' id='word_1_535' title='bbox 2014 3871 2070 3918; x_wconf 89' lang='lat' dir='ltr'><strong>ct</strong></span> 
     </span>
    </p>
   </div>
   <div class='ocr_carea' id='block_1_72' title="bbox 501 3945 2069 4022">
    <p class='ocr_par' dir='ltr' id='par_1_72' title="bbox 501 3945 2069 4022">
     <span class='ocr_line' id='line_1_72' title="bbox 501 3945 2069 4022; baseline 0.003 -21"><span class='ocrx_word' id='word_1_536' title='bbox 501 3945 784 4013; x_wconf 76' lang='lat' dir='ltr'><strong>abiiciendi</strong></span> <span class='ocrx_word' id='word_1_537' title='bbox 818 3947 980 4001; x_wconf 90' lang='lat' dir='ltr'><strong>etiam</strong></span> <span class='ocrx_word' id='word_1_538' title='bbox 1029 3948 1125 4017; x_wconf 87' lang='lat' dir='ltr'><strong>ipsi</strong></span> <span class='ocrx_word' id='word_1_539' title='bbox 1157 3965 1342 4018; x_wconf 91' lang='lat' dir='ltr'><strong>panes,</strong></span> <span class='ocrx_word' id='word_1_540' title='bbox 1377 3952 1568 4020; x_wconf 88' lang='lat' dir='ltr'><strong>inquit,</strong></span> <span class='ocrx_word' id='word_1_541' title='bbox 1606 3955 1694 4022; x_wconf 89' lang='lat' dir='ltr'><strong>qui</strong></span> <span class='ocrx_word' id='word_1_542' title='bbox 1733 3954 1848 4008; x_wconf 88' lang='lat' dir='ltr'><strong>loco</strong></span> <span class='ocrx_word' id='word_1_543' title='bbox 1881 3953 2069 4022; x_wconf 84' lang='lat' dir='ltr'><strong>primi-</strong></span> 
     </span>
    </p>
   </div>
   <div class='ocr_carea' id='block_1_73' title="bbox 503 4038 2072 4113">
    <p class='ocr_par' dir='ltr' id='par_1_73' title="bbox 503 4038 2072 4113">
     <span class='ocr_line' id='line_1_73' title="bbox 503 4038 2072 4113; baseline 0.004 -23"><span class='ocrx_word' id='word_1_544' title='bbox 503 4039 701 4092; x_wconf 91' lang='lat' dir='ltr'><strong>tiarum</strong></span> <span class='ocrx_word' id='word_1_545' title='bbox 754 4039 947 4093; x_wconf 89' lang='lat' dir='ltr'><strong>messis</strong></span> <span class='ocrx_word' id='word_1_546' title='bbox 994 4039 1154 4092; x_wconf 88' lang='lat' dir='ltr'><strong>oblati</strong></span> <span class='ocrx_word' id='word_1_547' title='bbox 1206 4038 1425 4107; x_wconf 87' lang='lat' dir='ltr'><strong>fuerint,</strong></span> <span class='ocrx_word' id='word_1_548' title='bbox 1478 4060 1496 4092; x_wconf 80' lang='grc' dir='ltr'>ι</span> <span class='ocrx_word' id='word_1_549' title='bbox 1531 4051 1585 4096; x_wconf 89' lang='lat' dir='ltr'><strong>et</strong></span> <span class='ocrx_word' id='word_1_550' title='bbox 1636 4045 1724 4113; x_wconf 90' lang='lat' dir='ltr'><strong>qui</strong></span> <span class='ocrx_word' id='word_1_551' title='bbox 1785 4045 2072 4098; x_wconf 88' lang='lat' dir='ltr'><strong>comedunt</strong></span> 
     </span>
    </p>
   </div>
   <div class='ocr_carea' id='block_1_74' title="bbox 503 4129 2070 4203">
    <p class='ocr_par' dir='ltr' id='par_1_74' title="bbox 503 4129 2070 4203">
     <span class='ocr_line' id='line_1_74' title="bbox 503 4129 2070 4203; baseline 0.003 -19"><span class='ocrx_word' id='word_1_552' title='bbox 503 4144 617 4194; x_wconf 89' lang='lat' dir='ltr'><strong>eos,</strong></span> <span class='ocrx_word' id='word_1_553' title='bbox 646 4129 968 4198; x_wconf 90' lang='lat' dir='ltr'><strong>polluentur.</strong></span> <span class='ocrx_word' id='word_1_554' title='bbox 1005 4149 1023 4182; x_wconf 77' lang='grc' dir='ltr'><strong>ι</strong></span> <span class='ocrx_word' id='word_1_555' title='bbox 1062 4129 1232 4186; x_wconf 76' lang='lat' dir='ltr'><strong>Utiles</strong></span> <span class='ocrx_word' id='word_1_556' title='bbox 1255 4144 1435 4188; x_wconf 91' lang='lat' dir='ltr'><strong>autem</strong></span> <span class='ocrx_word' id='word_1_557' title='bbox 1469 4133 1646 4203; x_wconf 91' lang='lat' dir='ltr'><strong>potius</strong></span> <span class='ocrx_word' id='word_1_558' title='bbox 1672 4143 1828 4188; x_wconf 89' lang='lat' dir='ltr'><strong>erunt</strong></span> <span class='ocrx_word' id='word_1_559' title='bbox 1863 4135 2070 4188; x_wconf 88' lang='lat' dir='ltr'><strong>anima-</strong></span> 
     </span>
    </p>
   </div>
   <div class='ocr_carea' id='block_1_75' title="bbox 501 4221 2070 4293">
    <p class='ocr_par' dir='ltr' id='par_1_75' title="bbox 501 4221 2070 4293">
     <span class='ocr_line' id='line_1_75' title="bbox 501 4221 2070 4293; baseline 0.003 -18"><span class='ocrx_word' id='word_1_560' title='bbox 501 4221 602 4275; x_wconf 88' lang='lat' dir='ltr'><strong>bus</strong></span> <span class='ocrx_word' id='word_1_561' title='bbox 637 4223 898 4291; x_wconf 88' lang='lat' dir='ltr'><strong>ipsorum,</strong></span> <span class='ocrx_word' id='word_1_562' title='bbox 950 4222 1004 4277; x_wconf 90' lang='lat' dir='ltr'><strong>id</strong></span> <span class='ocrx_word' id='word_1_563' title='bbox 1049 4232 1149 4288; x_wconf 89' lang='lat' dir='ltr'><strong>est,</strong></span> <span class='ocrx_word' id='word_1_564' title='bbox 1184 4223 1250 4277; x_wconf 90' lang='lat' dir='ltr'><strong>ad</strong></span> <span class='ocrx_word' id='word_1_565' title='bbox 1297 4239 1446 4278; x_wconf 88' lang='lat' dir='ltr'><strong>csum</strong></span> <span class='ocrx_word' id='word_1_566' title='bbox 1494 4225 1752 4293; x_wconf 88' lang='lat' dir='ltr'><strong>ipsorum.</strong></span> <span class='ocrx_word' id='word_1_567' title='bbox 1785 4245 1802 4276; x_wconf 80' lang='grc' dir='ltr'><strong>ι</strong></span> <span class='ocrx_word' id='word_1_568' title='bbox 1832 4224 1948 4279; x_wconf 87' lang='grc' dir='ltr'>Νοιι</span> <span class='ocrx_word' id='word_1_569' title='bbox 1989 4228 2070 4279; x_wconf 82' lang='lat' dir='ltr'><strong>in-</strong></span> 
     </span>
    </p>
   </div>
   <div class='ocr_carea' id='block_1_76' title="bbox 501 4313 2072 4382">
    <p class='ocr_par' dir='ltr' id='par_1_76' title="bbox 501 4313 2072 4382">
     <span class='ocr_line' id='line_1_76' title="bbox 501 4313 2072 4382; baseline 0.003 -16"><span class='ocrx_word' id='word_1_570' title='bbox 501 4313 814 4382; x_wconf 85' lang='lat' dir='ltr'><strong>gredientur</strong></span> <span class='ocrx_word' id='word_1_571' title='bbox 855 4313 999 4368; x_wconf 89' lang='lat' dir='ltr'><strong>enim</strong></span> <span class='ocrx_word' id='word_1_572' title='bbox 1045 4315 1100 4368; x_wconf 91' lang='lat' dir='ltr'><strong>in</strong></span> <span class='ocrx_word' id='word_1_573' title='bbox 1131 4315 1346 4369; x_wconf 93' lang='lat' dir='ltr'><strong>domum</strong></span> <span class='ocrx_word' id='word_1_574' title='bbox 1392 4316 1605 4370; x_wconf 89' lang='lat' dir='ltr'><strong>Domini</strong></span> <span class='ocrx_word' id='word_1_575' title='bbox 1628 4317 1694 4369; x_wconf 73' lang='lat'><strong>“.</strong></span> <span class='ocrx_word' id='word_1_576' title='bbox 1731 4335 1748 4367; x_wconf 74' lang='grc' dir='ltr'><strong>ι</strong></span> <span class='ocrx_word' id='word_1_577' title='bbox 1785 4315 2072 4371; x_wconf 87' lang='lat' dir='ltr'><strong>Sciendum</strong></span> 
     </span>
    </p>
   </div>
   <div class='ocr_carea' id='block_1_77' title="bbox 504 4405 2071 4480">
    <p class='ocr_par' dir='ltr' id='par_1_77' title="bbox 504 4405 2071 4480">
     <span class='ocr_line' id='line_1_77' title="bbox 504 4405 2071 4480; baseline 0.004 -24"><span class='ocrx_word' id='word_1_578' title='bbox 504 4421 668 4472; x_wconf 90' lang='lat' dir='ltr'><strong>porro</strong></span> <span class='ocrx_word' id='word_1_579' title='bbox 703 4405 874 4474; x_wconf 88' lang='lat' dir='ltr'><strong>legem</strong></span> <span class='ocrx_word' id='word_1_580' title='bbox 926 4421 1140 4476; x_wconf 90' lang='lat' dir='ltr'><strong>quoque</strong></span> <span class='ocrx_word' id='word_1_581' title='bbox 1182 4407 1447 4475; x_wconf 88' lang='lat' dir='ltr'><strong>primitias</strong></span> <span class='ocrx_word' id='word_1_582' title='bbox 1496 4408 1710 4475; x_wconf 90' lang='lat' dir='ltr'><strong>messis,</strong></span> <span class='ocrx_word' id='word_1_583' title='bbox 1749 4409 2071 4480; x_wconf 90' lang='lat' dir='ltr'><strong>manipulos-</strong></span> 
     </span>
    </p>
   </div>
   <div class='ocr_carea' id='block_1_78' title="bbox 2167 3238 3750 3316">
    <p class='ocr_par' dir='ltr' id='par_1_78' title="bbox 2167 3238 3750 3316">
     <span class='ocr_line' id='line_1_78' title="bbox 2167 3238 3750 3316; baseline -0.006 -18"><span class='ocrx_word' id='word_1_584' title='bbox 2167 3248 2329 3316; x_wconf 84' lang='grc' dir='ltr'>νόμος</span> <span class='ocrx_word' id='word_1_585' title='bbox 2376 3243 2473 3314; x_wconf 82' lang='grc' dir='ltr'><strong>μὲν</strong></span> <span class='ocrx_word' id='word_1_586' title='bbox 2497 3241 2606 3314; x_wconf 81' lang='grc' dir='ltr'><strong>γὰρ</strong></span> <span class='ocrx_word' id='word_1_587' title='bbox 2638 3241 2950 3312; x_wconf 80' lang='grc' dir='ltr'>ἀκάθαρτον</span> <span class='ocrx_word' id='word_1_588' title='bbox 3000 3242 3174 3293; x_wconf 90' lang='grc' dir='ltr'>ἐποίει</span> <span class='ocrx_word' id='word_1_589' title='bbox 3217 3238 3308 3291; x_wconf 73' lang='grc' dir='ltr'><strong>τὸν</strong></span> <span class='ocrx_word' id='word_1_590' title='bbox 3347 3238 3633 3306; x_wconf 77' lang='grc' dir='ltr'>ἐγγίζοντα</span> <span class='ocrx_word' id='word_1_591' title='bbox 3661 3253 3750 3288; x_wconf 80' lang='grc' dir='ltr'><strong>νε-</strong></span> 
     </span>
    </p>
   </div>
   <div class='ocr_carea' id='block_1_79' title="bbox 2169 3330 3751 3412">
    <p class='ocr_par' dir='ltr' id='par_1_79' title="bbox 2169 3330 3751 3412">
     <span class='ocr_line' id='line_1_79' title="bbox 2169 3330 3751 3412; baseline -0.009 -18"><span class='ocrx_word' id='word_1_592' title='bbox 2169 3339 2306 3412; x_wconf 79' lang='grc' dir='ltr'>κρῷ·</span> <span class='ocrx_word' id='word_1_593' title='bbox 2344 3337 2632 3406; x_wconf 77' lang='grc' dir='ltr'>ἐγγίζοντα</span> <span class='ocrx_word' id='word_1_594' title='bbox 2666 3335 2743 3397; x_wconf 84' lang='grc' dir='ltr'><strong>δέ,</strong></span> <span class='ocrx_word' id='word_1_595' title='bbox 2775 3333 2807 3403; x_wconf 84' lang='grc' dir='ltr'>ἢ</span> <span class='ocrx_word' id='word_1_596' title='bbox 2833 3332 2954 3386; x_wconf 84' lang='grc' dir='ltr'>καθ’</span> <span class='ocrx_word' id='word_1_597' title='bbox 2977 3333 3209 3402; x_wconf 81' lang='grc' dir='ltr'>αἵματος</span> <span class='ocrx_word' id='word_1_598' title='bbox 3229 3331 3556 3402; x_wconf 80' lang='grc' dir='ltr'>οἰκειότητα,</span> <span class='ocrx_word' id='word_1_599' title='bbox 3580 3330 3751 3400; x_wconf 75' lang='grc' dir='ltr'>ἧγουν</span> 
     </span>
    </p>
   </div>
   <div class='ocr_carea' id='block_1_80' title="bbox 2169 3417 3752 3497">
    <p class='ocr_par' dir='ltr' id='par_1_80' title="bbox 2169 3417 3752 3497">
     <span class='ocr_line' id='line_1_80' title="bbox 2169 3417 3752 3497; baseline -0.009 -11"><span class='ocrx_word' id='word_1_600' title='bbox 2169 3434 2264 3486; x_wconf 67' lang='grc' dir='ltr'><strong>καὶ</strong></span> <span class='ocrx_word' id='word_1_601' title='bbox 2295 3430 2414 3483; x_wconf 89' lang='grc' dir='ltr'>κατ’</span> <span class='ocrx_word' id='word_1_602' title='bbox 2445 3425 2613 3497; x_wconf 74' lang='grc' dir='ltr'>αὐτὴν</span> <span class='ocrx_word' id='word_1_603' title='bbox 2631 3426 2730 3494; x_wconf 84' lang='grc' dir='ltr'><strong>τὴν</strong></span> <span class='ocrx_word' id='word_1_604' title='bbox 2754 3425 2849 3477; x_wconf 79' lang='grc' dir='ltr'><strong>τοῦ</strong></span> <span class='ocrx_word' id='word_1_605' title='bbox 2871 3424 3125 3493; x_wconf 84' lang='grc' dir='ltr'>σώματος</span> <span class='ocrx_word' id='word_1_606' title='bbox 3150 3423 3314 3493; x_wconf 76' lang='grc' dir='ltr'>ἁφήν.</span> <span class='ocrx_word' id='word_1_607' title='bbox 3338 3418 3448 3475; x_wconf 85' lang='grc' dir='ltr'><strong>Ἦν</strong></span> <span class='ocrx_word' id='word_1_608' title='bbox 3467 3417 3560 3474; x_wconf 84' lang='grc' dir='ltr'><strong>οῦν</strong></span> <span class='ocrx_word' id='word_1_609' title='bbox 3581 3421 3752 3488; x_wconf 75' lang='grc' dir='ltr'>ἀνάγ-</span> 
     </span>
    </p>
   </div>
   <div class='ocr_carea' id='block_1_81' title="bbox 2171 3511 3750 3593">
    <p class='ocr_par' dir='ltr' id='par_1_81' title="bbox 2171 3511 3750 3593">
     <span class='ocr_line' id='line_1_81' title="bbox 2171 3511 3750 3593; baseline -0.009 -17"><span class='ocrx_word' id='word_1_610' title='bbox 2171 3541 2241 3593; x_wconf 86' lang='grc' dir='ltr'>κη</span> <span class='ocrx_word' id='word_1_611' title='bbox 2271 3522 2396 3583; x_wconf 77' lang='grc' dir='ltr'>τοὺς</span> <span class='ocrx_word' id='word_1_612' title='bbox 2433 3518 2573 3572; x_wconf 80' lang='grc' dir='ltr'>κατὰ</span> <span class='ocrx_word' id='word_1_613' title='bbox 2599 3518 2755 3585; x_wconf 84' lang='grc' dir='ltr'>γένος</span> <span class='ocrx_word' id='word_1_614' title='bbox 2780 3515 2966 3584; x_wconf 76' lang='grc' dir='ltr'>ἐγγὺς,</span> <span class='ocrx_word' id='word_1_615' title='bbox 2996 3515 3029 3585; x_wconf 82' lang='grc' dir='ltr'>ἦ</span> <span class='ocrx_word' id='word_1_616' title='bbox 3064 3513 3252 3582; x_wconf 76' lang='grc' dir='ltr'>φίλους</span> <span class='ocrx_word' id='word_1_617' title='bbox 3289 3511 3398 3566; x_wconf 86' lang='grc' dir='ltr'><strong>τῶν</strong></span> <span class='ocrx_word' id='word_1_618' title='bbox 3432 3511 3750 3579; x_wconf 62' lang='grc' dir='ltr'>τετελευτηὲ</span> 
     </span>
    </p>
   </div>
   <div class='ocr_carea' id='block_1_82' title="bbox 2172 3603 3754 3680">
    <p class='ocr_par' dir='ltr' id='par_1_82' title="bbox 2172 3603 3754 3680">
     <span class='ocr_line' id='line_1_82' title="bbox 2172 3603 3754 3680; baseline -0.009 -10"><span class='ocrx_word' id='word_1_619' title='bbox 2172 3618 2343 3671; x_wconf 90' lang='grc' dir='ltr'>κότων</span> <span class='ocrx_word' id='word_1_620' title='bbox 2372 3612 2464 3666; x_wconf 74' lang='grc' dir='ltr'><strong>ἐπὶ</strong></span> <span class='ocrx_word' id='word_1_621' title='bbox 2515 3609 2593 3680; x_wconf 79' lang='grc' dir='ltr'>τῷ</span> <span class='ocrx_word' id='word_1_622' title='bbox 2640 3609 2826 3661; x_wconf 79' lang='grc' dir='ltr'>πένθει</span> <span class='ocrx_word' id='word_1_623' title='bbox 2879 3607 3210 3678; x_wconf 87' lang='grc' dir='ltr'>μιαίνεσθαι,</span> <span class='ocrx_word' id='word_1_624' title='bbox 3266 3606 3626 3676; x_wconf 82' lang='grc' dir='ltr'>περιέποντας</span> <span class='ocrx_word' id='word_1_625' title='bbox 3660 3603 3754 3656; x_wconf 78' lang='grc' dir='ltr'>τὸν</span> 
     </span>
    </p>
   </div>
   <div class='ocr_carea' id='block_1_83' title="bbox 2173 3695 3750 3777">
    <p class='ocr_par' dir='ltr' id='par_1_83' title="bbox 2173 3695 3750 3777">
     <span class='ocr_line' id='line_1_83' title="bbox 2173 3695 3750 3777; baseline -0.011 -15"><span class='ocrx_word' id='word_1_626' title='bbox 2173 3706 2385 3777; x_wconf 76' lang='grc' dir='ltr'>νεκρὸν,</span> <span class='ocrx_word' id='word_1_627' title='bbox 2412 3703 2506 3756; x_wconf 71' lang='grc' dir='ltr'><strong>καὶ</strong></span> <span class='ocrx_word' id='word_1_628' title='bbox 2534 3703 2664 3772; x_wconf 79' lang='grc' dir='ltr'>δρᾷν</span> <span class='ocrx_word' id='word_1_629' title='bbox 2691 3699 2973 3762; x_wconf 79' lang='grc' dir='ltr'>ἐθέλοντας</span> <span class='ocrx_word' id='word_1_630' title='bbox 2988 3700 3073 3751; x_wconf 81' lang='grc' dir='ltr'>ἐπ’</span> <span class='ocrx_word' id='word_1_631' title='bbox 3097 3695 3248 3768; x_wconf 87' lang='grc' dir='ltr'>αὐτῷ</span> <span class='ocrx_word' id='word_1_632' title='bbox 3270 3697 3338 3750; x_wconf 81' lang='grc' dir='ltr'><strong>τά</strong></span> <span class='ocrx_word' id='word_1_633' title='bbox 3357 3695 3750 3765; x_wconf 70' lang='grc' dir='ltr'><strong>νενομισμένα⁹</strong></span> 
     </span>
    </p>
   </div>
   <div class='ocr_carea' id='block_1_84' title="bbox 2174 3783 3752 3864">
    <p class='ocr_par' dir='ltr' id='par_1_84' title="bbox 2174 3783 3752 3864">
     <span class='ocr_line' id='line_1_84' title="bbox 2174 3783 3752 3864; baseline -0.01 -13"><span class='ocrx_word' id='word_1_634' title='bbox 2174 3799 2352 3851; x_wconf 86' lang='grc' dir='ltr'>πάντα</span> <span class='ocrx_word' id='word_1_635' title='bbox 2378 3794 2433 3847; x_wconf 89' lang='grc' dir='ltr'><strong>δέ</strong></span> <span class='ocrx_word' id='word_1_636' title='bbox 2459 3789 2526 3864; x_wconf 82' lang='grc' dir='ltr'><strong>ἦν</strong></span> <span class='ocrx_word' id='word_1_637' title='bbox 2553 3792 2838 3862; x_wconf 83' lang='grc' dir='ltr'>ἀκάθαρτα</span> <span class='ocrx_word' id='word_1_638' title='bbox 2869 3783 2944 3842; x_wconf 81' lang='grc' dir='ltr'><strong>ὧν</strong></span> <span class='ocrx_word' id='word_1_639' title='bbox 2987 3789 3052 3842; x_wconf 87' lang='grc' dir='ltr'>ἂν</span> <span class='ocrx_word' id='word_1_640' title='bbox 3101 3789 3299 3851; x_wconf 79' lang='grc' dir='ltr'>αὐτοὺς</span> <span class='ocrx_word' id='word_1_641' title='bbox 3329 3787 3528 3858; x_wconf 79' lang='grc' dir='ltr'>συνέϐη</span> <span class='ocrx_word' id='word_1_642' title='bbox 3558 3785 3752 3853; x_wconf 90' lang='grc' dir='ltr'>θίγειν.</span> 
     </span>
    </p>
   </div>
   <div class='ocr_carea' id='block_1_85' title="bbox 2179 3873 3757 3957">
    <p class='ocr_par' dir='ltr' id='par_1_85' title="bbox 2179 3873 3757 3957">
     <span class='ocr_line' id='line_1_85' title="bbox 2179 3873 3757 3957; baseline -0.011 -17"><span class='ocrx_word' id='word_1_643' title='bbox 2179 3887 2375 3957; x_wconf 83' lang='grc' dir='ltr'>Ἀρτος</span> <span class='ocrx_word' id='word_1_644' title='bbox 2399 3879 2492 3936; x_wconf 78' lang='grc' dir='ltr'><strong>οῦν</strong></span> <span class='ocrx_word' id='word_1_645' title='bbox 2533 3881 2760 3944; x_wconf 80' lang='grc' dir='ltr'>πένθους</span> <span class='ocrx_word' id='word_1_646' title='bbox 2786 3881 2813 3932; x_wconf 97' lang='lat'><strong>6</strong></span> <span class='ocrx_word' id='word_1_647' title='bbox 2843 3881 2954 3942; x_wconf 90' lang='grc' dir='ltr'>τοῖς</span> <span class='ocrx_word' id='word_1_648' title='bbox 2977 3876 3234 3932; x_wconf 76' lang='grc' dir='ltr'>πενθοῦσι</span> <span class='ocrx_word' id='word_1_649' title='bbox 3261 3877 3455 3946; x_wconf 83' lang='grc' dir='ltr'>νεκρὸν</span> <span class='ocrx_word' id='word_1_650' title='bbox 3489 3873 3757 3944; x_wconf 85' lang='grc' dir='ltr'>παρακεί-</span> 
     </span>
    </p>
   </div>
   <div class='ocr_carea' id='block_1_86' title="bbox 2179 3964 3758 4050">
    <p class='ocr_par' dir='ltr' id='par_1_86' title="bbox 2179 3964 3758 4050">
     <span class='ocr_line' id='line_1_86' title="bbox 2179 3964 3758 4050; baseline -0.009 -19"><span class='ocrx_word' id='word_1_651' title='bbox 2179 3993 2337 4050; x_wconf 86' lang='grc' dir='ltr'>μενος</span> <span class='ocrx_word' id='word_1_652' title='bbox 2364 3979 2443 4039; x_wconf 74' lang='grc' dir='ltr'>εἰς</span> <span class='ocrx_word' id='word_1_653' title='bbox 2492 3975 2726 4046; x_wconf 73' lang='grc' dir='ltr'>τροφήν·</span> <span class='ocrx_word' id='word_1_654' title='bbox 2780 3964 2841 4023; x_wconf 78' lang='grc' dir='ltr'>οῦ</span> <span class='ocrx_word' id='word_1_655' title='bbox 2894 3970 2988 4024; x_wconf 70' lang='grc' dir='ltr'><strong>καὶ</strong></span> <span class='ocrx_word' id='word_1_656' title='bbox 3026 3967 3418 4037; x_wconf 86' lang='grc' dir='ltr'>ἀπογεύεσθαι,</span> <span class='ocrx_word' id='word_1_657' title='bbox 3477 3966 3758 4020; x_wconf 87' lang='grc' dir='ltr'>πάνδεινον</span> 
     </span>
    </p>
   </div>
   <div class='ocr_carea' id='block_1_87' title="bbox 2177 4058 3840 4137">
    <p class='ocr_par' dir='ltr' id='par_1_87' title="bbox 2177 4058 3840 4137">
     <span class='ocr_line' id='line_1_87' title="bbox 2177 4058 3840 4137; baseline -0.008 -15"><span class='ocrx_word' id='word_1_658' title='bbox 2177 4070 2481 4130; x_wconf 84' lang='grc' dir='ltr'>ἐδόκειτοῖς</span> <span class='ocrx_word' id='word_1_659' title='bbox 2505 4063 2892 4137; x_wconf 88' lang='grc' dir='ltr'>παραιτεῖσθαι</span> <span class='ocrx_word' id='word_1_660' title='bbox 2918 4061 3318 4134; x_wconf 87' lang='grc' dir='ltr'>μεμελετηκόσι</span> <span class='ocrx_word' id='word_1_661' title='bbox 3346 4059 3438 4113; x_wconf 80' lang='grc' dir='ltr'>τὸν</span> <span class='ocrx_word' id='word_1_662' title='bbox 3465 4059 3559 4112; x_wconf 77' lang='grc' dir='ltr'><strong>ἐπὶ</strong></span> <span class='ocrx_word' id='word_1_663' title='bbox 3577 4058 3761 4129; x_wconf 87' lang='grc' dir='ltr'>νεκρῷ</span> <span class='ocrx_word' id='word_1_664' title='bbox 3829 4108 3840 4116; x_wconf 64' lang='lat'><strong>,</strong></span> 
     </span>
    </p>
   </div>
   <div class='ocr_carea' id='block_1_88' title="bbox 2181 4151 3760 4235">
    <p class='ocr_par' dir='ltr' id='par_1_88' title="bbox 2181 4151 3760 4235">
     <span class='ocr_line' id='line_1_88' title="bbox 2181 4151 3760 4235; baseline -0.008 -18"><span class='ocrx_word' id='word_1_665' title='bbox 2181 4163 2477 4235; x_wconf 81' lang='grc' dir='ltr'>μολυσμόν.</span> <span class='ocrx_word' id='word_1_666' title='bbox 2513 4161 2715 4231; x_wconf 76' lang='grc' dir='ltr'>Μιαροὶ</span> <span class='ocrx_word' id='word_1_667' title='bbox 2756 4155 3046 4228; x_wconf 84' lang='grc' dir='ltr'>τοιγαροῦν</span> <span class='ocrx_word' id='word_1_668' title='bbox 3080 4156 3175 4209; x_wconf 75' lang='grc' dir='ltr'>καὶ</span> <span class='ocrx_word' id='word_1_669' title='bbox 3201 4152 3495 4225; x_wconf 82' lang='grc' dir='ltr'>ἀπόϐλητοι</span> <span class='ocrx_word' id='word_1_670' title='bbox 3533 4153 3626 4205; x_wconf 71' lang='grc' dir='ltr'>καὶ</span> <span class='ocrx_word' id='word_1_671' title='bbox 3655 4151 3760 4206; x_wconf 82' lang='grc' dir='ltr'>αὐ-</span> 
     </span>
    </p>
   </div>
   <div class='ocr_carea' id='block_1_89' title="bbox 2178 4244 3762 4324">
    <p class='ocr_par' dir='ltr' id='par_1_89' title="bbox 2178 4244 3762 4324">
     <span class='ocr_line' id='line_1_89' title="bbox 2178 4244 3762 4324; baseline -0.008 -17"><span class='ocrx_word' id='word_1_672' title='bbox 2178 4255 2280 4317; x_wconf 77' lang='grc' dir='ltr'>τοὶ,</span> <span class='ocrx_word' id='word_1_673' title='bbox 2307 4253 2491 4324; x_wconf 76' lang='grc' dir='ltr'>φησὶν,</span> <span class='ocrx_word' id='word_1_674' title='bbox 2518 4253 2567 4304; x_wconf 86' lang='grc' dir='ltr'>οἱ</span> <span class='ocrx_word' id='word_1_675' title='bbox 2597 4251 2773 4321; x_wconf 86' lang='grc' dir='ltr'>ἄρτοι,</span> <span class='ocrx_word' id='word_1_676' title='bbox 2807 4249 2967 4319; x_wconf 79' lang='grc' dir='ltr'>οἵπερ</span> <span class='ocrx_word' id='word_1_677' title='bbox 2999 4248 3063 4301; x_wconf 87' lang='grc' dir='ltr'>ἂν</span> <span class='ocrx_word' id='word_1_678' title='bbox 3094 4244 3547 4318; x_wconf 83' lang='grc' dir='ltr'>προσκομισθεῖεν</span> <span class='ocrx_word' id='word_1_679' title='bbox 3581 4244 3657 4306; x_wconf 88' lang='grc' dir='ltr'>ὠς</span> <span class='ocrx_word' id='word_1_680' title='bbox 3702 4245 3762 4296; x_wconf 82' lang='grc' dir='ltr'>ἐν</span> 
     </span>
    </p>
   </div>
   <div class='ocr_carea' id='block_1_90' title="bbox 2180 4334 3760 4416">
    <p class='ocr_par' dir='ltr' id='par_1_90' title="bbox 2180 4334 3760 4416">
     <span class='ocr_line' id='line_1_90' title="bbox 2180 4334 3760 4416; baseline -0.008 -18"><span class='ocrx_word' id='word_1_681' title='bbox 2180 4347 2403 4416; x_wconf 84' lang='grc' dir='ltr'>άπαρχῇ</span> <span class='ocrx_word' id='word_1_682' title='bbox 2443 4342 2638 4414; x_wconf 83' lang='grc' dir='ltr'>θερῶν,</span> <span class='ocrx_word' id='word_1_683' title='bbox 2680 4360 2697 4392; x_wconf 80' lang='grc' dir='ltr'>ι</span> <span class='ocrx_word' id='word_1_684' title='bbox 2737 4341 2847 4395; x_wconf 72' lang='grc' dir='ltr'>Καὶ</span> <span class='ocrx_word' id='word_1_685' title='bbox 2875 4343 2923 4393; x_wconf 86' lang='grc' dir='ltr'><strong>οἱ</strong></span> <span class='ocrx_word' id='word_1_686' title='bbox 2957 4339 3228 4400; x_wconf 88' lang='grc' dir='ltr'>ἐσθίοντες</span> <span class='ocrx_word' id='word_1_687' title='bbox 3265 4338 3482 4399; x_wconf 75' lang='grc' dir='ltr'>αὐτοὺς,</span> <span class='ocrx_word' id='word_1_688' title='bbox 3526 4334 3760 4406; x_wconf 82' lang='grc' dir='ltr'>μιανθή-</span> 
     </span>
    </p>
   </div>
   <div class='ocr_carea' id='block_1_91' title="bbox 2183 4422 3759 4499">
    <p class='ocr_par' dir='ltr' id='par_1_91' title="bbox 2183 4422 3759 4499">
     <span class='ocr_line' id='line_1_91' title="bbox 2183 4422 3759 4499; baseline -0.01 -12"><span class='ocrx_word' id='word_1_689' title='bbox 2183 4451 2389 4487; x_wconf 88' lang='grc' dir='ltr'>σονται.</span> <span class='ocrx_word' id='word_1_690' title='bbox 2429 4453 2446 4483; x_wconf 73' lang='grc' dir='ltr'><strong>ι</strong></span> <span class='ocrx_word' id='word_1_691' title='bbox 2488 4432 2742 4483; x_wconf 85' lang='grc' dir='ltr'>Ἔσονται</span> <span class='ocrx_word' id='word_1_692' title='bbox 2771 4430 2827 4482; x_wconf 83' lang='grc' dir='ltr'><strong>δέ</strong></span> <span class='ocrx_word' id='word_1_693' title='bbox 2856 4430 3116 4499; x_wconf 85' lang='grc' dir='ltr'>χρήσιμοι</span> <span class='ocrx_word' id='word_1_694' title='bbox 3166 4425 3364 4495; x_wconf 82' lang='grc' dir='ltr'>μᾶλλον</span> <span class='ocrx_word' id='word_1_695' title='bbox 3405 4427 3524 4488; x_wconf 88' lang='grc' dir='ltr'>ταῖς</span> <span class='ocrx_word' id='word_1_696' title='bbox 3561 4422 3759 4493; x_wconf 76' lang='grc' dir='ltr'>ψυχαῖς</span> 
     </span>
    </p>
   </div>
   <div class='ocr_carea' id='block_1_92' title="bbox 505 4501 2058 4589">
    <p class='ocr_par' dir='ltr' id='par_1_92' title="bbox 505 4501 2050 4573">
     <span class='ocr_line' id='line_1_92' title="bbox 505 4501 2050 4573; baseline 0.006 -24"><span class='ocrx_word' id='word_1_697' title='bbox 505 4515 610 4566; x_wconf 88' lang='lat' dir='ltr'><strong>que</strong></span> <span class='ocrx_word' id='word_1_698' title='bbox 648 4510 703 4553; x_wconf 92' lang='lat' dir='ltr'><strong>et</strong></span> <span class='ocrx_word' id='word_1_699' title='bbox 732 4516 924 4569; x_wconf 87' lang='lat' dir='ltr'><strong>panem</strong></span> <span class='ocrx_word' id='word_1_700' title='bbox 973 4502 1025 4555; x_wconf 92' lang='lat' dir='ltr'><strong>in</strong></span> <span class='ocrx_word' id='word_1_701' title='bbox 1062 4501 1384 4556; x_wconf 79' lang='lat' dir='ltr'><strong>sacriﬁcium</strong></span> <span class='ocrx_word' id='word_1_702' title='bbox 1429 4501 1611 4556; x_wconf 80' lang='lat' dir='ltr'><strong>oﬂ&#39;erri</strong></span> <span class='ocrx_word' id='word_1_703' title='bbox 1645 4504 1965 4573; x_wconf 66' lang='lat' dir='ltr'><strong>praecepisse</strong></span> <span class='ocrx_word' id='word_1_704' title='bbox 2003 4504 2050 4536; x_wconf 77' lang='grc'><strong>’⁸⁵</strong></span> 
     </span>
    </p>
   </div>
   <div class='ocr_carea' id='block_1_93' title="bbox 2156 4501 3762 4589">
    <p class='ocr_par' dir='ltr' id='par_1_93' title="bbox 2180 4513 3762 4589">
     <span class='ocr_line' id='line_1_93' title="bbox 2180 4513 3762 4589; baseline -0.007 -12"><span class='ocrx_word' id='word_1_705' title='bbox 2180 4523 2378 4584; x_wconf 83' lang='grc' dir='ltr'>αὐτῶν,</span> <span class='ocrx_word' id='word_1_706' title='bbox 2429 4522 2724 4586; x_wconf 77' lang='grc' dir='ltr'>τουτέστιν,</span> <span class='ocrx_word' id='word_1_707' title='bbox 2749 4521 2828 4581; x_wconf 86' lang='grc' dir='ltr'>εἰς</span> <span class='ocrx_word' id='word_1_708' title='bbox 2854 4519 3053 4589; x_wconf 82' lang='grc' dir='ltr'>βρῶσιν</span> <span class='ocrx_word' id='word_1_709' title='bbox 3085 4517 3286 4579; x_wconf 86' lang='grc' dir='ltr'>αὐτοῖς.</span> <span class='ocrx_word' id='word_1_710' title='bbox 3331 4534 3349 4566; x_wconf 81' lang='grc' dir='ltr'><strong>ι</strong></span> <span class='ocrx_word' id='word_1_711' title='bbox 3379 4515 3494 4568; x_wconf 88' lang='grc' dir='ltr'>Οὐκ</span> <span class='ocrx_word' id='word_1_712' title='bbox 3524 4513 3762 4567; x_wconf 78' lang='grc' dir='ltr'>εἰσελεύ-</span> 
     </span>
    </p>
   </div>
   <div class='ocr_carea' id='block_1_94' title="bbox 501 4589 2057 4662">
    <p class='ocr_par' dir='ltr' id='par_1_94' title="bbox 501 4589 2057 4662">
     <span class='ocr_line' id='line_1_94' title="bbox 501 4589 2057 4662; baseline 0.002 -18"><span class='ocrx_word' id='word_1_713' title='bbox 501 4589 621 4644; x_wconf 83' lang='lat' dir='ltr'><strong>Jam</strong></span> <span class='ocrx_word' id='word_1_714' title='bbox 671 4606 801 4645; x_wconf 84' lang='lat' dir='ltr'><strong>vero</strong></span> <span class='ocrx_word' id='word_1_715' title='bbox 835 4591 1017 4648; x_wconf 83' lang='lat' dir='ltr'><strong>Israel.</strong></span> <span class='ocrx_word' id='word_1_716' title='bbox 1067 4607 1186 4662; x_wconf 65' lang='lat' dir='ltr'><strong>quae</strong></span> <span class='ocrx_word' id='word_1_717' title='bbox 1239 4591 1342 4646; x_wconf 90' lang='lat' dir='ltr'><strong>sibi</strong></span> <span class='ocrx_word' id='word_1_718' title='bbox 1379 4592 1545 4662; x_wconf 86' lang='lat' dir='ltr'><strong>gloria</strong></span> <span class='ocrx_word' id='word_1_719' title='bbox 1589 4592 1684 4646; x_wconf 91' lang='lat' dir='ltr'><strong>Dei</strong></span> <span class='ocrx_word' id='word_1_720' title='bbox 1729 4593 2057 4659; x_wconf 85' lang='lat' dir='ltr'><strong>vindicabat,</strong></span> 
     </span>
    </p>
   </div>
   <div class='ocr_carea' id='block_1_95' title="bbox 507 4680 2072 4745">
    <p class='ocr_par' dir='ltr' id='par_1_95' title="bbox 507 4680 2072 4745">
     <span class='ocr_line' id='line_1_95' title="bbox 507 4680 2072 4745; baseline 0.002 -14"><span class='ocrx_word' id='word_1_721' title='bbox 507 4680 811 4733; x_wconf 82' lang='lat' dir='ltr'><strong>simulacris</strong></span> <span class='ocrx_word' id='word_1_722' title='bbox 847 4680 1128 4745; x_wconf 74' lang='lat' dir='ltr'><strong>offerebat,</strong></span> <span class='ocrx_word' id='word_1_723' title='bbox 1166 4680 1275 4734; x_wconf 84' lang='lat' dir='ltr'><strong>Deo</strong></span> <span class='ocrx_word' id='word_1_724' title='bbox 1322 4682 1450 4735; x_wconf 87' lang='lat' dir='ltr'><strong>licet</strong></span> <span class='ocrx_word' id='word_1_725' title='bbox 1489 4682 1770 4736; x_wconf 79' lang='lat' dir='ltr'><strong>manifeste</strong></span> <span class='ocrx_word' id='word_1_726' title='bbox 1815 4681 2028 4736; x_wconf 83' lang='lat' dir='ltr'><strong>dicente</strong></span> <span class='ocrx_word' id='word_1_727' title='bbox 2060 4701 2072 4735; x_wconf 92' lang='lat'>:</span> 
     </span>
    </p>
   </div>
   <div class='ocr_carea' id='block_1_96' title="bbox 516 4769 2078 4842">
    <p class='ocr_par' dir='ltr' id='par_1_96' title="bbox 516 4769 2078 4842">
     <span class='ocr_line' id='line_1_96' title="bbox 516 4769 2078 4842; baseline 0.006 -24"><span class='ocrx_word' id='word_1_728' title='bbox 516 4787 533 4818; x_wconf 80' lang='grc' dir='ltr'>ι</span> <span class='ocrx_word' id='word_1_729' title='bbox 564 4769 804 4823; x_wconf 86' lang='lat' dir='ltr'><strong>Gloriam</strong></span> <span class='ocrx_word' id='word_1_730' title='bbox 855 4785 1030 4823; x_wconf 90' lang='lat' dir='ltr'><strong>meam</strong></span> <span class='ocrx_word' id='word_1_731' title='bbox 1078 4772 1232 4826; x_wconf 89' lang='lat' dir='ltr'><strong>alteri</strong></span> <span class='ocrx_word' id='word_1_732' title='bbox 1271 4788 1376 4825; x_wconf 88' lang='lat' dir='ltr'><strong>non</strong></span> <span class='ocrx_word' id='word_1_733' title='bbox 1431 4773 1590 4841; x_wconf 85' lang='lat' dir='ltr'><strong>dabo,</strong></span> <span class='ocrx_word' id='word_1_734' title='bbox 1635 4789 1810 4842; x_wconf 89' lang='lat' dir='ltr'><strong>neque</strong></span> <span class='ocrx_word' id='word_1_735' title='bbox 1853 4775 2078 4827; x_wconf 77' lang='lat' dir='ltr'><strong>virtutes</strong></span> 
     </span>
    </p>
   </div>
   <div class='ocr_carea' id='block_1_97' title="bbox 508 4861 1118 4917">
    <p class='ocr_par' dir='ltr' id='par_1_97' title="bbox 508 4861 1118 4917">
     <span class='ocr_line' id='line_1_97' title="bbox 508 4861 1118 4917; baseline 0.003 -5"><span class='ocrx_word' id='word_1_736' title='bbox 508 4875 654 4914; x_wconf 90' lang='lat' dir='ltr'><strong>meas</strong></span> <span class='ocrx_word' id='word_1_737' title='bbox 685 4861 986 4916; x_wconf 88' lang='lat' dir='ltr'><strong>simulacris</strong></span> <span class='ocrx_word' id='word_1_738' title='bbox 1004 4862 1069 4917; x_wconf 72' lang='lat'><strong>&quot;.</strong></span> <span class='ocrx_word' id='word_1_739' title='bbox 1098 4883 1118 4914; x_wconf 73' lang='grc' dir='ltr'><strong>ι</strong></span> 
     </span>
    </p>
   </div>
   <div class='ocr_carea' id='block_1_98' title="bbox 582 5151 2081 5224">
    <p class='ocr_par' dir='ltr' id='par_1_98' title="bbox 582 5151 2081 5224">
     <span class='ocr_line' id='line_1_98' title="bbox 582 5151 2081 5224; baseline 0.007 -21"><span class='ocrx_word' id='word_1_740' title='bbox 582 5153 845 5219; x_wconf 85' lang='lat' dir='ltr'><strong>Quocirca</strong></span> <span class='ocrx_word' id='word_1_741' title='bbox 876 5151 946 5207; x_wconf 89' lang='lat' dir='ltr'><strong>ad</strong></span> <span class='ocrx_word' id='word_1_742' title='bbox 978 5153 1145 5206; x_wconf 91' lang='lat' dir='ltr'><strong>vitam</strong></span> <span class='ocrx_word' id='word_1_743' title='bbox 1177 5154 1584 5208; x_wconf 88' lang='lat' dir='ltr'><strong>sustentandam</strong></span> <span class='ocrx_word' id='word_1_744' title='bbox 1619 5155 1876 5224; x_wconf 88' lang='lat' dir='ltr'><strong>requisita</strong></span> <span class='ocrx_word' id='word_1_745' title='bbox 1905 5172 1933 5208; x_wconf 93' lang='lat' dir='ltr'><strong>a</strong></span> <span class='ocrx_word' id='word_1_746' title='bbox 1970 5158 2081 5212; x_wconf 92' lang='lat' dir='ltr'><strong>Deo</strong></span> 
     </span>
    </p>
   </div>
   <div class='ocr_carea' id='block_1_99' title="bbox 510 5246 2078 5316">
    <p class='ocr_par' dir='ltr' id='par_1_99' title="bbox 510 5246 2078 5316">
     <span class='ocr_line' id='line_1_99' title="bbox 510 5246 2078 5316; baseline 0.006 -20"><span class='ocrx_word' id='word_1_747' title='bbox 510 5248 737 5313; x_wconf 82' lang='lat' dir='ltr'><strong>petenda</strong></span> <span class='ocrx_word' id='word_1_748' title='bbox 790 5255 935 5312; x_wconf 89' lang='lat' dir='ltr'><strong>sunt,</strong></span> <span class='ocrx_word' id='word_1_749' title='bbox 969 5246 1439 5316; x_wconf 82' lang='lat' dir='ltr'><strong>conﬁtendumque</strong></span> <span class='ocrx_word' id='word_1_750' title='bbox 1466 5248 1637 5316; x_wconf 83' lang='lat' dir='ltr'><strong>ipsum</strong></span> <span class='ocrx_word' id='word_1_751' title='bbox 1677 5264 1796 5303; x_wconf 84' lang='lat' dir='ltr'><strong>esse</strong></span> <span class='ocrx_word' id='word_1_752' title='bbox 1836 5250 2078 5305; x_wconf 87' lang='lat' dir='ltr'><strong>datorem</strong></span> 
     </span>
    </p>
   </div>
   <div class='ocr_carea' id='block_1_100' title="bbox 510 5338 2081 5409">
    <p class='ocr_par' dir='ltr' id='par_1_100' title="bbox 510 5338 2081 5409">
     <span class='ocr_line' id='line_1_100' title="bbox 510 5338 2081 5409; baseline 0.003 -17"><span class='ocrx_word' id='word_1_753' title='bbox 510 5349 563 5392; x_wconf 84' lang='lat' dir='ltr'><strong>et</strong></span> <span class='ocrx_word' id='word_1_754' title='bbox 611 5339 918 5409; x_wconf 84' lang='lat' dir='ltr'><strong>largitorem</strong></span> <span class='ocrx_word' id='word_1_755' title='bbox 963 5339 1142 5394; x_wconf 92' lang='lat' dir='ltr'><strong>omnis</strong></span> <span class='ocrx_word' id='word_1_756' title='bbox 1173 5338 1438 5392; x_wconf 89' lang='lat' dir='ltr'><strong>ubertatis</strong></span> <span class='ocrx_word' id='word_1_757' title='bbox 1473 5350 1690 5406; x_wconf 71' lang='lat' dir='ltr'><strong>nostrae,</strong></span> <span class='ocrx_word' id='word_1_758' title='bbox 1733 5342 1847 5394; x_wconf 88' lang='lat' dir='ltr'><strong>sive</strong></span> <span class='ocrx_word' id='word_1_759' title='bbox 1897 5342 1983 5394; x_wconf 91' lang='lat' dir='ltr'><strong>illa</strong></span> <span class='ocrx_word' id='word_1_760' title='bbox 2016 5343 2081 5396; x_wconf 90' lang='lat' dir='ltr'><strong>ad</strong></span> 
     </span>
    </p>
   </div>
   <div class='ocr_carea' id='block_1_101' title="bbox 514 5430 2082 5500">
    <p class='ocr_par' dir='ltr' id='par_1_101' title="bbox 514 5430 2082 5500">
     <span class='ocr_line' id='line_1_101' title="bbox 514 5430 2082 5500; baseline 0.004 -17"><span class='ocrx_word' id='word_1_761' title='bbox 514 5445 732 5498; x_wconf 87' lang='lat' dir='ltr'><strong>corpus,</strong></span> <span class='ocrx_word' id='word_1_762' title='bbox 766 5431 880 5485; x_wconf 90' lang='lat' dir='ltr'><strong>sive</strong></span> <span class='ocrx_word' id='word_1_763' title='bbox 906 5431 972 5484; x_wconf 90' lang='lat' dir='ltr'><strong>ad</strong></span> <span class='ocrx_word' id='word_1_764' title='bbox 1013 5431 1261 5500; x_wconf 91' lang='lat' dir='ltr'><strong>spiritum</strong></span> <span class='ocrx_word' id='word_1_765' title='bbox 1293 5430 1582 5498; x_wconf 90' lang='lat' dir='ltr'><strong>pertineat.</strong></span> <span class='ocrx_word' id='word_1_766' title='bbox 1623 5431 1732 5486; x_wconf 88' lang='lat' dir='ltr'><strong>Nec</strong></span> <span class='ocrx_word' id='word_1_767' title='bbox 1762 5434 1903 5486; x_wconf 89' lang='lat' dir='ltr'><strong>enim</strong></span> <span class='ocrx_word' id='word_1_768' title='bbox 1946 5434 2082 5490; x_wconf 83' lang='lat' dir='ltr'><strong>alius</strong></span> 
     </span>
    </p>
   </div>
   <div class='ocr_carea' id='block_1_102' title="bbox 514 5520 2080 5592">
    <p class='ocr_par' dir='ltr' id='par_1_102' title="bbox 514 5520 2080 5592">
     <span class='ocr_line' id='line_1_102' title="bbox 514 5520 2080 5592; baseline 0.001 -15"><span class='ocrx_word' id='word_1_769' title='bbox 514 5532 598 5577; x_wconf 89' lang='lat' dir='ltr'><strong>est</strong></span> <span class='ocrx_word' id='word_1_770' title='bbox 627 5532 822 5590; x_wconf 64' lang='lat' dir='ltr'><strong>prmter</strong></span> <span class='ocrx_word' id='word_1_771' title='bbox 853 5523 1003 5577; x_wconf 91' lang='lat' dir='ltr'><strong>illum</strong></span> <span class='ocrx_word' id='word_1_772' title='bbox 1036 5523 1125 5592; x_wconf 93' lang='lat' dir='ltr'><strong>qui</strong></span> <span class='ocrx_word' id='word_1_773' title='bbox 1159 5520 1387 5591; x_wconf 79' lang='lat' dir='ltr'><strong>pluat&quot;,</strong></span> <span class='ocrx_word' id='word_1_774' title='bbox 1431 5529 1488 5574; x_wconf 89' lang='lat' dir='ltr'><strong>ut</strong></span> <span class='ocrx_word' id='word_1_775' title='bbox 1527 5523 1786 5590; x_wconf 87' lang='lat' dir='ltr'><strong>scriptum</strong></span> <span class='ocrx_word' id='word_1_776' title='bbox 1833 5534 1952 5588; x_wconf 85' lang='lat' dir='ltr'><strong>est;</strong></span> <span class='ocrx_word' id='word_1_777' title='bbox 1985 5526 2080 5579; x_wconf 91' lang='lat' dir='ltr'><strong>sed</strong></span> 
     </span>
    </p>
   </div>
   <div class='ocr_carea' id='block_1_103' title="bbox 516 5613 2084 5685">
    <p class='ocr_par' dir='ltr' id='par_1_103' title="bbox 516 5613 2084 5685">
     <span class='ocr_line' id='line_1_103' title="bbox 516 5613 2084 5685; baseline 0.005 -20"><span class='ocrx_word' id='word_1_778' title='bbox 516 5624 645 5666; x_wconf 87' lang='lat' dir='ltr'><strong>nutu</strong></span> <span class='ocrx_word' id='word_1_779' title='bbox 678 5613 794 5682; x_wconf 88' lang='lat' dir='ltr'><strong>ejus</strong></span> <span class='ocrx_word' id='word_1_780' title='bbox 828 5615 1006 5685; x_wconf 84' lang='lat' dir='ltr'><strong>fruges</strong></span> <span class='ocrx_word' id='word_1_781' title='bbox 1039 5615 1370 5684; x_wconf 85' lang='lat' dir='ltr'><strong>temporibus</strong></span> <span class='ocrx_word' id='word_1_782' title='bbox 1408 5615 1520 5671; x_wconf 90' lang='lat' dir='ltr'><strong>suis</strong></span> <span class='ocrx_word' id='word_1_783' title='bbox 1549 5616 1662 5671; x_wconf 85' lang='lat' dir='ltr'><strong>ruri</strong></span> <span class='ocrx_word' id='word_1_784' title='bbox 1705 5617 1996 5683; x_wconf 78' lang='lat' dir='ltr'><strong>exsistunt,</strong></span> <span class='ocrx_word' id='word_1_785' title='bbox 2027 5627 2084 5673; x_wconf 85' lang='lat' dir='ltr'><strong>et</strong></span> 
     </span>
    </p>
   </div>
   <div class='ocr_carea' id='block_1_104' title="bbox 584 5796 1714 5864">
    <p class='ocr_par' dir='ltr' id='par_1_104' title="bbox 584 5796 1714 5864">
     <span class='ocr_line' id='line_1_104' title="bbox 584 5796 1714 5864; baseline 0.008 -14"><span class='ocrx_word' id='word_1_786' title='bbox 584 5797 630 5830; x_wconf 75' lang='grc'>⁸³</span> <span class='ocrx_word' id='word_1_787' title='bbox 660 5796 815 5852; x_wconf 85' lang='grc' dir='ltr'>Νυιιι.</span> <span class='ocrx_word' id='word_1_788' title='bbox 852 5815 962 5863; x_wconf 72' lang='lat' dir='ltr'><strong>xix,</strong></span> <span class='ocrx_word' id='word_1_789' title='bbox 990 5801 1077 5854; x_wconf 71' lang='lat'><strong>2:2.</strong></span> <span class='ocrx_word' id='word_1_790' title='bbox 1155 5802 1198 5831; x_wconf 72' lang='lat'>“</span> <span class='ocrx_word' id='word_1_791' title='bbox 1239 5801 1401 5856; x_wconf 73' lang='lat' dir='ltr'><strong>Exod.</strong></span> <span class='ocrx_word' id='word_1_792' title='bbox 1440 5820 1594 5864; x_wconf 66' lang='grc' dir='ltr'>χχιιι.</span> <span class='ocrx_word' id='word_1_793' title='bbox 1634 5804 1714 5859; x_wconf 84' lang='lat' dir='ltr'><strong>l9.</strong></span> 
     </span>
    </p>
   </div>
   <div class='ocr_carea' id='block_1_105' title="bbox 2185 4606 3761 4685">
    <p class='ocr_par' dir='ltr' id='par_1_105' title="bbox 2185 4606 3761 4685">
     <span class='ocr_line' id='line_1_105' title="bbox 2185 4606 3761 4685; baseline -0.008 -15"><span class='ocrx_word' id='word_1_794' title='bbox 2185 4633 2365 4670; x_wconf 90' lang='grc' dir='ltr'>σονται</span> <span class='ocrx_word' id='word_1_795' title='bbox 2393 4613 2501 4685; x_wconf 88' lang='grc' dir='ltr'><strong>γάρ</strong></span> <span class='ocrx_word' id='word_1_796' title='bbox 2533 4615 2611 4676; x_wconf 81' lang='grc' dir='ltr'>εἰς</span> <span class='ocrx_word' id='word_1_797' title='bbox 2648 4609 2796 4666; x_wconf 81' lang='grc' dir='ltr'>οἷκον</span> <span class='ocrx_word' id='word_1_798' title='bbox 2836 4612 3062 4680; x_wconf 75' lang='grc' dir='ltr'>Κυρίου.</span> <span class='ocrx_word' id='word_1_799' title='bbox 3105 4627 3123 4658; x_wconf 84' lang='grc'><strong>›</strong></span> <span class='ocrx_word' id='word_1_800' title='bbox 3159 4607 3372 4660; x_wconf 81' lang='grc' dir='ltr'>Είδέναι</span> <span class='ocrx_word' id='word_1_801' title='bbox 3403 4607 3460 4659; x_wconf 82' lang='grc' dir='ltr'>δὲ</span> <span class='ocrx_word' id='word_1_802' title='bbox 3508 4606 3635 4677; x_wconf 77' lang='grc' dir='ltr'>χρὴ,</span> <span class='ocrx_word' id='word_1_803' title='bbox 3680 4606 3761 4658; x_wconf 79' lang='grc' dir='ltr'>ὅτι</span> 
     </span>
    </p>
   </div>
   <div class='ocr_carea' id='block_1_106' title="bbox 2183 4696 3763 4776">
    <p class='ocr_par' dir='ltr' id='par_1_106' title="bbox 2183 4696 3763 4776">
     <span class='ocr_line' id='line_1_106' title="bbox 2183 4696 3763 4776; baseline -0.007 -17"><span class='ocrx_word' id='word_1_804' title='bbox 2183 4709 2276 4759; x_wconf 72' lang='grc' dir='ltr'>καὶ</span> <span class='ocrx_word' id='word_1_805' title='bbox 2308 4707 2336 4758; x_wconf 95' lang='lat'><strong>6</strong></span> <span class='ocrx_word' id='word_1_806' title='bbox 2373 4706 2566 4776; x_wconf 84' lang='grc' dir='ltr'>νόμος,</span> <span class='ocrx_word' id='word_1_807' title='bbox 2619 4702 2871 4774; x_wconf 85' lang='grc' dir='ltr'>ἀπαρχὴν</span> <span class='ocrx_word' id='word_1_808' title='bbox 2907 4699 3190 4773; x_wconf 83' lang='grc' dir='ltr'>θερισμοῦ,</span> <span class='ocrx_word' id='word_1_809' title='bbox 3225 4697 3514 4768; x_wconf 88' lang='grc' dir='ltr'>δράγματά</span> <span class='ocrx_word' id='word_1_810' title='bbox 3548 4713 3608 4748; x_wconf 88' lang='grc' dir='ltr'><strong>τε</strong></span> <span class='ocrx_word' id='word_1_811' title='bbox 3669 4696 3763 4749; x_wconf 73' lang='grc' dir='ltr'><strong>καὶ</strong></span> 
     </span>
    </p>
   </div>
   <div class='ocr_carea' id='block_1_107' title="bbox 2185 4787 3766 4868">
    <p class='ocr_par' dir='ltr' id='par_1_107' title="bbox 2185 4787 3766 4868">
     <span class='ocr_line' id='line_1_107' title="bbox 2185 4787 3766 4868; baseline -0.007 -18"><span class='ocrx_word' id='word_1_812' title='bbox 2185 4798 2346 4868; x_wconf 86' lang='grc' dir='ltr'>ἄρτον</span> <span class='ocrx_word' id='word_1_813' title='bbox 2364 4796 2660 4866; x_wconf 85' lang='grc' dir='ltr'>προσάγειν</span> <span class='ocrx_word' id='word_1_814' title='bbox 2691 4795 2936 4847; x_wconf 82' lang='grc' dir='ltr'>ἐκέλευεν</span> <span class='ocrx_word' id='word_1_815' title='bbox 2961 4794 3040 4856; x_wconf 87' lang='grc' dir='ltr'><strong>είς</strong></span> <span class='ocrx_word' id='word_1_816' title='bbox 3069 4790 3280 4845; x_wconf 84' lang='grc' dir='ltr'>θυσίαν.</span> <span class='ocrx_word' id='word_1_817' title='bbox 3327 4789 3672 4859; x_wconf 87' lang='grc' dir='ltr'>Μετεκόμισε</span> <span class='ocrx_word' id='word_1_818' title='bbox 3707 4787 3766 4840; x_wconf 81' lang='grc' dir='ltr'>δὲ</span> 
     </span>
    </p>
   </div>
   <div class='ocr_carea' id='block_1_108' title="bbox 2185 4881 3767 4959">
    <p class='ocr_par' dir='ltr' id='par_1_108' title="bbox 2185 4881 3767 4959">
     <span class='ocr_line' id='line_1_108' title="bbox 2185 4881 3767 4959; baseline -0.007 -16"><span class='ocrx_word' id='word_1_819' title='bbox 2185 4893 2214 4943; x_wconf 90' lang='lat'><strong>6</strong></span> <span class='ocrx_word' id='word_1_820' title='bbox 2253 4888 2467 4959; x_wconf 80' lang='grc' dir='ltr'>Ἰσραὴλ</span> <span class='ocrx_word' id='word_1_821' title='bbox 2497 4887 2565 4941; x_wconf 87' lang='grc' dir='ltr'><strong>τά</strong></span> <span class='ocrx_word' id='word_1_822' title='bbox 2594 4889 2672 4951; x_wconf 86' lang='grc' dir='ltr'>εἰς</span> <span class='ocrx_word' id='word_1_823' title='bbox 2700 4888 2861 4953; x_wconf 81' lang='grc' dir='ltr'>δόξαν</span> <span class='ocrx_word' id='word_1_824' title='bbox 2896 4885 3030 4939; x_wconf 87' lang='grc' dir='ltr'>Θεοῦ</span> <span class='ocrx_word' id='word_1_825' title='bbox 3080 4888 3194 4949; x_wconf 88' lang='grc' dir='ltr'>τοῖς</span> <span class='ocrx_word' id='word_1_826' title='bbox 3245 4884 3525 4952; x_wconf 83' lang='grc' dir='ltr'>γλυπτοῖς.</span> <span class='ocrx_word' id='word_1_827' title='bbox 3568 4881 3767 4935; x_wconf 84' lang='grc' dir='ltr'>Καίτοι</span> 
     </span>
    </p>
   </div>
   <div class='ocr_carea' id='block_1_109' title="bbox 2186 4972 3766 5049">
    <p class='ocr_par' dir='ltr' id='par_1_109' title="bbox 2186 4972 3766 5049">
     <span class='ocr_line' id='line_1_109' title="bbox 2186 4972 3766 5049; baseline -0.004 -18"><span class='ocrx_word' id='word_1_828' title='bbox 2186 4977 2321 5031; x_wconf 91' lang='grc' dir='ltr'>Θεοῦ</span> <span class='ocrx_word' id='word_1_829' title='bbox 2363 4978 2610 5045; x_wconf 82' lang='grc' dir='ltr'>λέγοντος</span> <span class='ocrx_word' id='word_1_830' title='bbox 2643 4976 2923 5049; x_wconf 74' lang='grc' dir='ltr'>ἐναργῶςο</span> <span class='ocrx_word' id='word_1_831' title='bbox 2954 4996 2971 5026; x_wconf 82' lang='grc' dir='ltr'>ι</span> <span class='ocrx_word' id='word_1_832' title='bbox 3007 4975 3118 5046; x_wconf 83' lang='grc' dir='ltr'><strong>Τὴν</strong></span> <span class='ocrx_word' id='word_1_833' title='bbox 3145 4974 3302 5039; x_wconf 82' lang='grc' dir='ltr'>δόξαν</span> <span class='ocrx_word' id='word_1_834' title='bbox 3344 4991 3446 5044; x_wconf 89' lang='grc' dir='ltr'><strong>μου</strong></span> <span class='ocrx_word' id='word_1_835' title='bbox 3491 4972 3659 5043; x_wconf 77' lang='grc' dir='ltr'>ἐτέρῳ</span> <span class='ocrx_word' id='word_1_836' title='bbox 3703 4972 3766 5024; x_wconf 84' lang='grc' dir='ltr'>οὐ</span> 
     </span>
    </p>
   </div>
   <div class='ocr_carea' id='block_1_110' title="bbox 2187 5065 3480 5138">
    <p class='ocr_par' dir='ltr' id='par_1_110' title="bbox 2187 5065 3480 5138">
     <span class='ocr_line' id='line_1_110' title="bbox 2187 5065 3480 5138; baseline -0.006 -16"><span class='ocrx_word' id='word_1_837' title='bbox 2187 5066 2343 5122; x_wconf 85' lang='grc' dir='ltr'>δώσω</span> <span class='ocrx_word' id='word_1_838' title='bbox 2375 5067 2495 5120; x_wconf 82' lang='grc' dir='ltr'>οὐδὲ</span> <span class='ocrx_word' id='word_1_839' title='bbox 2522 5066 2620 5130; x_wconf 83' lang='grc' dir='ltr'>τὰς</span> <span class='ocrx_word' id='word_1_840' title='bbox 2650 5067 2854 5138; x_wconf 86' lang='grc' dir='ltr'>ἀρετάς</span> <span class='ocrx_word' id='word_1_841' title='bbox 2886 5082 2988 5135; x_wconf 88' lang='grc' dir='ltr'><strong>μου</strong></span> <span class='ocrx_word' id='word_1_842' title='bbox 3015 5066 3129 5128; x_wconf 88' lang='grc' dir='ltr'>τοῖς</span> <span class='ocrx_word' id='word_1_843' title='bbox 3154 5065 3430 5132; x_wconf 78' lang='grc' dir='ltr'>γλυπτοῖς.</span> <span class='ocrx_word' id='word_1_844' title='bbox 3461 5080 3480 5113; x_wconf 72' lang='grc' dir='ltr'><strong>ι</strong></span> 
     </span>
    </p>
   </div>
   <div class='ocr_carea' id='block_1_111' title="bbox 2259 5151 3763 5228">
    <p class='ocr_par' dir='ltr' id='par_1_111' title="bbox 2259 5151 3763 5228">
     <span class='ocr_line' id='line_1_111' title="bbox 2259 5151 3763 5228; baseline -0.003 -16"><span class='ocrx_word' id='word_1_845' title='bbox 2259 5160 2467 5212; x_wconf 83' lang='grc' dir='ltr'>Οὐκοῦν</span> <span class='ocrx_word' id='word_1_846' title='bbox 2499 5161 2795 5228; x_wconf 90' lang='grc' dir='ltr'>ἀναγκαῖον</span> <span class='ocrx_word' id='word_1_847' title='bbox 2829 5160 3004 5211; x_wconf 83' lang='grc' dir='ltr'>αἰτεῖν</span> <span class='ocrx_word' id='word_1_848' title='bbox 3038 5156 3190 5227; x_wconf 82' lang='grc' dir='ltr'>παρὰ</span> <span class='ocrx_word' id='word_1_849' title='bbox 3220 5155 3354 5209; x_wconf 86' lang='grc' dir='ltr'>Θεοῦ</span> <span class='ocrx_word' id='word_1_850' title='bbox 3395 5155 3464 5208; x_wconf 90' lang='grc' dir='ltr'><strong>τά</strong></span> <span class='ocrx_word' id='word_1_851' title='bbox 3516 5151 3763 5223; x_wconf 82' lang='grc' dir='ltr'>ζωαρκῆ,</span> 
     </span>
    </p>
   </div>
   <div class='ocr_carea' id='block_1_112' title="bbox 2189 5246 3770 5322">
    <p class='ocr_par' dir='ltr' id='par_1_112' title="bbox 2189 5246 3770 5322">
     <span class='ocr_line' id='line_1_112' title="bbox 2189 5246 3770 5322; baseline -0.005 -18"><span class='ocrx_word' id='word_1_852' title='bbox 2189 5253 2282 5304; x_wconf 69' lang='grc' dir='ltr'>καὶ</span> <span class='ocrx_word' id='word_1_853' title='bbox 2333 5251 2496 5305; x_wconf 84' lang='grc' dir='ltr'>αὐτὸν</span> <span class='ocrx_word' id='word_1_854' title='bbox 2551 5251 2834 5321; x_wconf 83' lang='grc' dir='ltr'>ὁμολογεῖν</span> <span class='ocrx_word' id='word_1_855' title='bbox 2885 5250 3088 5322; x_wconf 85' lang='grc' dir='ltr'>δοτῆρα</span> <span class='ocrx_word' id='word_1_856' title='bbox 3132 5250 3228 5302; x_wconf 75' lang='grc' dir='ltr'><strong>καὶ</strong></span> <span class='ocrx_word' id='word_1_857' title='bbox 3266 5247 3499 5319; x_wconf 82' lang='grc' dir='ltr'>χορηγὸν</span> <span class='ocrx_word' id='word_1_858' title='bbox 3547 5246 3770 5314; x_wconf 80' lang='grc' dir='ltr'>ἀπάσης</span> 
     </span>
    </p>
   </div>
   <div class='ocr_carea' id='block_1_113' title="bbox 2186 5337 3768 5414">
    <p class='ocr_par' dir='ltr' id='par_1_113' title="bbox 2186 5337 3768 5414">
     <span class='ocr_line' id='line_1_113' title="bbox 2186 5337 3768 5414; baseline -0.004 -18"><span class='ocrx_word' id='word_1_859' title='bbox 2186 5346 2318 5413; x_wconf 77' lang='grc' dir='ltr'>ἡμῖν</span> <span class='ocrx_word' id='word_1_860' title='bbox 2369 5345 2674 5414; x_wconf 75' lang='grc' dir='ltr'>εὐκαρπίας</span> <span class='ocrx_word' id='word_1_861' title='bbox 2727 5343 3047 5413; x_wconf 84' lang='grc' dir='ltr'>σωματικῆς</span> <span class='ocrx_word' id='word_1_862' title='bbox 3085 5341 3180 5395; x_wconf 79' lang='grc' dir='ltr'>καὶ</span> <span class='ocrx_word' id='word_1_863' title='bbox 3233 5338 3611 5409; x_wconf 84' lang='grc' dir='ltr'>πνευματικῆς</span> <span class='ocrx_word' id='word_1_864' title='bbox 3641 5354 3652 5364; x_wconf 92' lang='grc'><strong>·</strong></span> <span class='ocrx_word' id='word_1_865' title='bbox 3705 5337 3768 5390; x_wconf 81' lang='grc' dir='ltr'><strong>οὐ</strong></span> 
     </span>
    </p>
   </div>
   <div class='ocr_carea' id='block_1_114' title="bbox 2184 5430 3769 5506">
    <p class='ocr_par' dir='ltr' id='par_1_114' title="bbox 2184 5430 3769 5506">
     <span class='ocr_line' id='line_1_114' title="bbox 2184 5430 3769 5506; baseline -0.005 -17"><span class='ocrx_word' id='word_1_866' title='bbox 2184 5436 2293 5506; x_wconf 88' lang='grc' dir='ltr'><strong>γάρ</strong></span> <span class='ocrx_word' id='word_1_867' title='bbox 2326 5438 2470 5489; x_wconf 81' lang='grc' dir='ltr'>ἐστιν</span> <span class='ocrx_word' id='word_1_868' title='bbox 2497 5437 2683 5506; x_wconf 82' lang='grc' dir='ltr'>’ἐτερος</span> <span class='ocrx_word' id='word_1_869' title='bbox 2717 5437 2844 5506; x_wconf 80' lang='grc' dir='ltr'>παρ’</span> <span class='ocrx_word' id='word_1_870' title='bbox 2877 5434 3038 5489; x_wconf 85' lang='grc' dir='ltr'>αὐτὸν</span> <span class='ocrx_word' id='word_1_871' title='bbox 3071 5431 3326 5500; x_wconf 78' lang='grc' dir='ltr'>ὑετίζων,</span> <span class='ocrx_word' id='word_1_872' title='bbox 3373 5430 3514 5484; x_wconf 86' lang='grc' dir='ltr'><strong>κατά</strong></span> <span class='ocrx_word' id='word_1_873' title='bbox 3566 5430 3628 5482; x_wconf 88' lang='grc' dir='ltr'><strong>τὸ</strong></span> <span class='ocrx_word' id='word_1_874' title='bbox 3670 5446 3769 5498; x_wconf 81' lang='grc' dir='ltr'>γε-</span> 
     </span>
    </p>
   </div>
   <div class='ocr_carea' id='block_1_115' title="bbox 2185 5520 3775 5598">
    <p class='ocr_par' dir='ltr' id='par_1_115' title="bbox 2185 5520 3775 5598">
     <span class='ocr_line' id='line_1_115' title="bbox 2185 5520 3775 5598; baseline -0.004 -19"><span class='ocrx_word' id='word_1_875' title='bbox 2185 5528 2521 5598; x_wconf 77' lang='grc' dir='ltr'>γραμμένον,</span> <span class='ocrx_word' id='word_1_876' title='bbox 2548 5526 2683 5579; x_wconf 86' lang='grc' dir='ltr'><strong>ἀλλά</strong></span> <span class='ocrx_word' id='word_1_877' title='bbox 2711 5528 2822 5588; x_wconf 88' lang='grc' dir='ltr'>τοῖς</span> <span class='ocrx_word' id='word_1_878' title='bbox 2849 5525 3013 5578; x_wconf 85' lang='grc' dir='ltr'>αὐτοῦ</span> <span class='ocrx_word' id='word_1_879' title='bbox 3037 5527 3296 5597; x_wconf 82' lang='grc' dir='ltr'>νεύμασι,</span> <span class='ocrx_word' id='word_1_880' title='bbox 3317 5524 3411 5576; x_wconf 75' lang='grc' dir='ltr'><strong>καὶ</strong></span> <span class='ocrx_word' id='word_1_881' title='bbox 3436 5523 3505 5575; x_wconf 84' lang='grc' dir='ltr'>τὰ</span> <span class='ocrx_word' id='word_1_882' title='bbox 3531 5520 3590 5585; x_wconf 82' lang='grc' dir='ltr'><strong>ἐξ</strong></span> <span class='ocrx_word' id='word_1_883' title='bbox 3606 5520 3775 5592; x_wconf 80' lang='grc' dir='ltr'>ώρῶν</span> 
     </span>
    </p>
   </div>
   <div class='ocr_carea' id='block_1_116' title="bbox 2182 5611 3775 5690">
    <p class='ocr_par' dir='ltr' id='par_1_116' title="bbox 2182 5611 3775 5690">
     <span class='ocr_line' id='line_1_116' title="bbox 2182 5611 3775 5690; baseline -0.003 -18"><span class='ocrx_word' id='word_1_884' title='bbox 2182 5617 2392 5690; x_wconf 86' lang='grc' dir='ltr'>ἀνίσχει</span> <span class='ocrx_word' id='word_1_885' title='bbox 2417 5620 2538 5672; x_wconf 86' lang='grc' dir='ltr'>κατ’</span> <span class='ocrx_word' id='word_1_886' title='bbox 2575 5618 2800 5689; x_wconf 77' lang='grc' dir='ltr'>ἀγροὺς,</span> <span class='ocrx_word' id='word_1_887' title='bbox 2831 5618 2924 5670; x_wconf 76' lang='grc' dir='ltr'><strong>καὶ</strong></span> <span class='ocrx_word' id='word_1_888' title='bbox 2964 5618 3066 5688; x_wconf 77' lang='grc' dir='ltr'><strong>τῆς</strong></span> <span class='ocrx_word' id='word_1_889' title='bbox 3093 5617 3304 5674; x_wconf 81' lang='grc' dir='ltr'>ἄνωθεν</span> <span class='ocrx_word' id='word_1_890' title='bbox 3348 5611 3598 5681; x_wconf 57' lang='grc' dir='ltr'>εὐλογίας</span> <span class='ocrx_word' id='word_1_891' title='bbox 3633 5613 3775 5667; x_wconf 78' lang='grc' dir='ltr'>ἀνα·</span> 
     </span>
    </p>
   </div>
   <div class='ocr_carea' id='block_1_117' title="bbox 1797 5795 3443 5872">
    <p class='ocr_par' dir='ltr' id='par_1_117' title="bbox 1797 5795 3443 5872">
     <span class='ocr_line' id='line_1_117' title="bbox 1797 5795 3443 5872; baseline -0.006 -13"><span class='ocrx_word' id='word_1_892' title='bbox 1797 5805 1836 5837; x_wconf 73' lang='lat'><strong><em>“</em></strong></span> <span class='ocrx_word' id='word_1_893' title='bbox 1865 5803 2036 5860; x_wconf 84' lang='lat' dir='ltr'><strong>Levit.</strong></span> <span class='ocrx_word' id='word_1_894' title='bbox 2070 5819 2163 5869; x_wconf 89' lang='lat' dir='ltr'><strong>vn,</strong></span> <span class='ocrx_word' id='word_1_895' title='bbox 2201 5803 2286 5868; x_wconf 81' lang='lat' dir='ltr'><strong>ll,</strong></span> <span class='ocrx_word' id='word_1_896' title='bbox 2323 5804 2406 5860; x_wconf 74' lang='lat' dir='ltr'><strong>l2.</strong></span> <span class='ocrx_word' id='word_1_897' title='bbox 2480 5806 2526 5838; x_wconf 77' lang='lat'><strong>“</strong></span> <span class='ocrx_word' id='word_1_898' title='bbox 2558 5803 2660 5862; x_wconf 86' lang='lat' dir='ltr'><strong>Isa.</strong></span> <span class='ocrx_word' id='word_1_899' title='bbox 2695 5807 2901 5872; x_wconf 79' lang='lat' dir='ltr'><strong>XLll,8.</strong></span> <span class='ocrx_word' id='word_1_900' title='bbox 2979 5807 3020 5837; x_wconf 66' lang='grc'><strong>⁸⁷</strong></span> <span class='ocrx_word' id='word_1_901' title='bbox 3053 5804 3165 5860; x_wconf 85' lang='lat' dir='ltr'><strong>Jer.</strong></span> <span class='ocrx_word' id='word_1_902' title='bbox 3204 5813 3324 5860; x_wconf 69' lang='grc' dir='ltr'>τιν,</span> <span class='ocrx_word' id='word_1_903' title='bbox 3352 5795 3443 5850; x_wconf 78' lang='lat'><strong>‘22.</strong></span> 
     </span>
    </p>
   </div>
  </div>
