4110 6368
423 281 524 334 ΞΠ

1345 283 1898 343 COMMENTARIUS
1937 287 2008 341 IN
2043 287 2275 344 OSEAM
2315 287 2760 345 PROPIIETAM.

3584 295 3688 350 213

426 383 808 473 πιμπλάμεθα,
843 402 934 456 τὸν
959 403 1147 474 νοητὸν
1180 404 1342 475 ἄρτον
1369 406 1714 478 τρεφόμενοι,
1746 409 1841 461 καὶ
1861 403 2003 462 οἰνον

2116 427 2342 482 superna
2398 414 2776 468 benedictione
2825 413 3116 482 repletnnr,
3160 431 3302 485 pane
3346 416 3448 470 sub
3492 417 3691 470 intelli-

427 494 638 564 ἔχοντες
666 493 760 546 τὸν
791 493 850 560 ἐξ
881 495 1136 566 ούρανοῦ,
1168 514 1188 548 ι
1229 497 1333 551 Τὸν
1383 498 1742 569 εὐφραίνοντα
1775 500 2003 572 καρδίαν

428 585 732 657 ἀνθρώπου.
773 603 792 636 ι
828 586 1013 640 Ταῦτα
1044 591 1257 658 φρονεῖν
1285 589 2005 663 ᾑρημένοι,’κατοικήσομεν

431 678 526 748 τὴν
582 677 744 746 ἁγίαν
781 677 906 748 γῆν.
975 679 1244 750 Ἐσόμεθα
1292 698 1401 754 γαρ
1443 682 1578 752 μετά
1610 683 1769 746 Θεοῦ,
1821 684 1913 737 καὶ
1946 687 2006 737 ἐν

443 767 752 838 Ἀσσυρίοις
783 766 1068 838 ἀκάθαρτα
1098 769 1158 820 οὑ
1212 770 1520 839 φαγόμεθα.
1587 771 2005 825 Καταδόσκουσι

427 856 537 926 γὰρ
562 858 620 910 ὲν
644 856 1004 927 ἀκαθαρσίαις
1027 858 1152 921 τοὺς
1187 858 1512 929 προσιόντας
1543 859 1726 924 αὐτοῖς
1769 879 1787 912 ι
1823 862 1886 914 Οί
1913 879 2004 914 κο-

431 949 805 1019 σμοκράτορες
835 950 930 1002 τοῦ
965 951 1159 1014 αἰῶνος
1179 951 1392 1016 τούτου,
1423 950 1493 1003 τὰ
1530 952 1876 1023 πνευματικά
1907 953 2006 1024 τῆς

430 1042 692 1112 πονηρίας
725 1043 781 1093 ἐν
808 1044 917 1103 τοῖς
947 1043 1308 1114 ἐπουρανίοις.
1345 1064 1364 1097 ι

506 1132 564 1187 Ti
601 1131 886 1198 ποιήσετε
905 1133 974 1186 ἐν
999 1133 1188 1202 ἡμέρᾳ
1211 1138 1617 1207 πανηγύρεως,
1649 1137 1747 1191 καὶ
1775 1139 1847 1191 ἐν
1866 1137 2006 1208 ἡμέ-

425 1241 558 1304 ραις
594 1221 804 1291 ἑορτῆς
833 1224 1056 1292 Κυρίου
1075 1241 1094 1288 ;

501 1317 612 1381 ιιΖκ
633 1315 851 1387 Ἐπειδὴ
865 1316 973 1388 γὰρ
996 1318 1075 1380 εἰς
1097 1315 1276 1383 τοῦτο,
1297 1318 1452 1389 φησὶ,
1476 1318 1768 1372 καθίκεσθε
1780 1319 2008 1373 δυσϐου-

424 1403 544 1468 λίας
586 1405 682 1458 καὶ
727 1406 1116 1477 ἀσεϐημάτων,
1163 1407 1410 1480 βδελυροὶ
1457 1408 1514 1462 δὲ
1549 1408 1692 1462 οὕτω
1724 1409 2002 1478 γεγόνατε,

425 1499 523 1551 καὶ
553 1499 775 1569 ἀπηχθη
787 1499 958 1569 μένοι,
991 1503 1141 1564 ποῖος
1169 1501 1297 1571 ὑμῖν
1328 1501 1436 1570 ἄρα
1479 1501 1734 1574 βοηθήσει
1765 1503 2003 1573 τρόπος;

424 1591 459 1662 ἢ
487 1592 538 1644 τί
572 1593 914 1664 πεπραχότες
963 1595 1056 1646 καὶ
1106 1594 1550 1666 βουλευσάμενοι,
1597 1595 1700 1666 τῆς
1731 1594 1874 1649 οὕτω
1900 1595 2007 1648 δει-

424 1684 524 1752 νῆς
555 1685 651 1739 καὶ
688 1686 890 1756 ἀγρίας
932 1687 1221 1741 ἐκνεύσετε
1271 1691 1592 1761 συμφορᾶς,
1628 1691 1755 1743 ὅταν
1811 1692 1846 1762 ὴ
1897 1689 2005 1760 ἐμὴ

2107 504 2340 572 gentiam
2389 507 2621 559 cadente
2671 507 2884 570 nutriti,
2935 517 2990 561 et
3038 507 3223 560 vinum
3271 508 3538 562 habentes
3571 524 3687 562 co:-

2106 595 2260 662 leste,
2295 612 2314 646 ι
2345 597 2485 665 quod
2525 596 2764 650 laetiﬁcat
2807 613 2901 650 cor
2946 597 3264 652 hominis“.
3293 617 3312 650 ι
3357 597 3432 652 lta
3485 597 3682 664 allecti,

2107 695 2309 740 terram
2361 696 2606 740 sanctam
2662 686 3049 743 habitabimus.
3096 688 3313 744 Erimus
3361 689 3505 744 enim
3562 703 3699 744 cum.

2109 777 2240 844 Deo,
2292 787 2347 832 et
2396 779 2540 833 inter
2587 779 2840 850 Assyrios
2881 779 3178 835 immundis
3225 797 3330 834 non
3377 795 3682 835 vescemnr.

2105 868 2345 926 Pascunt
2376 871 2537 925 ‘enim
2599 872 2651 925 in
2711 871 3068 927 immunditiis
3123 875 3189 926 ad
3251 887 3311 927 se
3365 874 3685 927 accedentes

2112 982 2130 1014 ι
2163 964 2431 1034 principes
2486 965 2666 1018 mundi
2728 965 2908 1034 bnjus,
2961 963 3264 1034 spiritualia
3324 966 3578 1035 nequitiae
3631 969 3684 1020 in

2107 1054 2416 1110 coelestibus
2437 1056 2504 1109 ⁸³.
2542 1076 2561 1109 ι

2182 1145 2342 1215 129
2387 1146 2525 1210 Quid
2554 1147 2759 1214 facietis
2800 1148 2852 1202 in
2883 1147 2968 1202 die
3011 1159 3313 1216 conventus,
3344 1159 3390 1204 et
3420 1152 3473 1204 in
3507 1149 3688 1204 diebus

2105 1237 2450 1292 solemuitatis
2510 1238 2766 1293 Domini?

2175 1327 2383 1386 XCVII.
2414 1329 2678 1394 Quoniam
2710 1331 2854 1386 enim
2880 1331 2984 1386 huc
3011 1347 3184 1402 usque
3211 1333 3351 1387 male
3380 1333 3533 1388 vobis
3557 1349 3688 1387 con-

2105 1421 2332 1476 sulendo
2356 1431 2409 1476 et
2442 1421 2608 1491 impie
2635 1424 2843 1493 agendo
2895 1425 3258 1494 processistis,
3309 1426 3551 1496 adeoque
3595 1427 3689 1479 de-

2108 1513 2384 1569 testabiles
2418 1522 2471 1567 et
2504 1515 2677 1568 odiosi
2725 1515 3009 1580 evasistis,
3057 1532 3292 1586 quonam
3340 1517 3499 1572 modo
3536 1519 3687 1573 vobis

2107 1607 2486 1675 succurretur'?
2513 1617 2605 1660 aut
2628 1607 2755 1675 quid
2788 1607 3078 1676 incipietis,
3113 1610 3313 1678 quidve
3341 1610 3550 1664 consilii
3599 1626 3689 1665 ca-

2109 1701 2290 1768 pietis,
2319 1708 2377 1753 ut
2408 1709 2514 1754 tam
2539 1701 2710 1754 diram
2741 1709 2792 1754 et
2821 1709 3056 1756 atrocem
3092 1702 3451 1757 calamitatem
3469 1699 3690 1769 elingia-

424 1776 647 1848 τελῆται
702 1780 1026 1852 πανήγυρις,
1081 1779 1429 1844 δαπανῶντος
1469 1781 1564 1835 τοῦ
1607 1781 1847 1853 πολέμου
1880 1784 2008 1845 τοὺς

2116 1793 2201 1859 lis,
2235 1793 2452 1861 quando
2482 1793 2691 1847 scilicet
2724 1793 2868 1847 bello
2904 1792 3222 1847 absumente
3251 1794 3344 1862 qui
3397 1806 3482 1846 me
3515 1791 3688 1845 oﬂ'en-

424 1868 818 1941 λελυπηκότας;
848 1870 1056 1924 Οὐκοῦν
1095 1870 1288 1942 ἑορτὴν
1323 1871 1457 1924 ίδίαν
1501 1872 1758 1942 ὀνομάζει
1793 1872 1824 1925 ὁ
1852 1871 2004 1937 Θεὸς,

423 1962 516 2015 τὸν
542 1963 729 2034 καιρὸν
754 1963 1015 2035 δηλονότι,
1043 1965 1166 2017 καθ’
1183 1963 1241 2017 δν
1267 1965 1296 2016 ό
1321 1965 1542 2038 Ἰσραὴλ
1563 1964 1829 2030 ἐξαιτοῖτο
1854 1965 2010 2028 δίκας

425 2053 532 2107 τῶν
563 2056 644 2118 είς
674 2055 836 2109 αὐτὸν
862 2057 1441 2127 πεπλημμελημένων.

495 2149 615 2218 Χρὴ
638 2149 937 2221 τοιγαροῦν
970 2149 1046 2219 μὴ
1069 2148 1258 2212 ἁπλῶς
1287 2148 1347 2202 τὸ
1371 2145 1563 2201 δοκοῦν
1590 2146 2010 2217 ἀπερισκέπτως

426 2241 712 2303 ἐπιτελεῖν,
747 2242 842 2294 καὶ
868 2243 982 2304 τοῖς
1014 2241 1282 2311 παροῦσιν
1307 2238 1626 2309 ἐφήδεσθαι,
1662 2237 2007 2309 συναρπαζο-

429 2331 626 2403 μένους
687 2337 806 2397 ταῖς
856 2333 1172 2404 ἐπιθυμίαις
1217 2335 1297 2395 εἰς
1347 2331 1408 2384 τὸ
1455 2329 1822 2403 προσκρούειν
1867 2328 2007 2398 Θεῷ,

430 2427 754 2496 περιαθρεῖν
816 2425 872 2478 δὲ
927 2425 1126 2495 μᾶλλον
1156 2423 1250 2476 καὶ
1284 2422 1352 2474 τὰ
1379 2421 1636 2490 ἐσόμενα,
1678 2420 1773 2473 καὶ
1800 2418 2011 2472 διεκδύ-

428 2539 540 2576 νειν
571 2518 886 2588 ἐπείγεσθαι
917 2517 984 2570 τὰ
1020 2519 1086 2570 ἐκ
1109 2517 1260 2579 θείας
1294 2517 1482 2587 ὀργῆς·
1515 2514 1751 2584 ἐσόμεθα
1779 2513 1890 2585 γὰρ
1917 2511 2008 2565 οῦ-

427 2632 506 2668 τω
534 2614 707 2683 σοφοὶ,
737 2613 828 2665 καί
852 2611 960 2664 τῶν
989 2611 1378 2682 συμφερόντων
1410 2608 1794 2679 ἐπιστήμονες.

504 2791 605 2845 Διά
626 2788 801 2844 τοῦτο
830 2788 962 2843 ἰδοὺ
985 2788 1339 2856 πορεύονται
1369 2786 1437 2839 ἐκ
1475 2784 1879 2851 ταλαιπωρΙας
1913 2784 2011 2837 Al-

432 2888 686 2956 τύπτου,
714 2884 811 2937 καὶ
840 2881 1142 2948 ἐκδέξεται
1175 2878 1396 2944 αὐτοὺς
1425 2879 1676 2946 Μέμφις,
1711 2877 1808 2928 καὶ
1833 2874 2012 2943 θάψει

433 2978 658 3044 αὐτοὺς
708 2975 982 3045 Μαχμάς.
1041 2975 1109 3028 Τό
1167 2972 1451 3041 ἀργύριον
1520 2966 1718 3021 αὐτῶν
1767 2965 2012 3032 ὄλεθρος

434 3068 910 3138 κληρονομήσει,
985 3066 1235 3119 ἄκανθαι
1301 3063 1372 3115 ἐν
1440 3060 1564 3126 τοῖς
1617 3057 2013 3128 σκηνώμασιν

433 3163 650 3217 αὐτῶν.

507 3257 629 3322 ι,Η’.
662 3251 1092 3324 Καταδῃούντων
1121 3250 1218 3322 τὴν
1255 3250 1568 3321 Σαμάρειαν
1605 3247 1714 3301 τῶν
1758 3245 2014 3299 Βαϐυλω-

435 3352 582 3411 νίων,
607 3349 656 3400 οἰ
686 3347 963 3416 διαφυγεῖν
999 3344 1341 3414 ἰσχύσαντες,
1396 3344 1551 3414 μόλις
1582 3341 1902 3412 ἀπέδραμον
1935 3339 2016 3401 εἰς

434 3446 535 3514 τὴν
553 3441 888 3510 Αἰγυπτίων.
904 3438 1065 3492 Ἀλλά
1081 3440 1176 3491 καὶ
1198 3437 1364 3508 αὐτὴν
1384 3437 1612 3489 ἑλόντων
1633 3436 1732 3507 τὴν
1748 3435 2017 3504 Ἰερουσασ

435 3529 566 3599 λὴμ,
603 3530 660 3580 ἐν
697 3526 908 3597 χρόνοις
952 3523 1050 3593 τῆς
1088 3522 1353 3593 Ἰερεμίου
1404 3521 1778 3593 προφητείας,
1830 3515 2017 3587 εὐαρί-

436 3621 634 3692 θμητοι
678 3619 873 3690 κομιδῇ
913 3616 1346 3688 κατελείφθησαν
1379 3618 1444 3670 ἐκ
1485 3615 1587 3685 τῆς
1632 3613 1799 3666 ’ἰούδα
1843 3612 2018 3682 φυλῆς

434 3720 530 3770 καὶ
554 3715 828 3786 Βενιαμίν.
861 3707 1019 3767 Οὗτοί
1045 3729 1103 3765 τε
1132 3709 1380 3778 εἰσῆλθον
1411 3711 1490 3773 είς
1517 3708 1815 3775 Αἴγυπτον,
1839 3705 2015 3757 καίτοι

438 3805 859 3878 παρεγγυῶντος
889 3803 1024 3857 Θεοῦ
1042 3803 1128 3855 διὰ
1153 3799 1635 3872 φωνῆς’ῐερεμίου,
1657 3798 1751 3850 καὶ
1766 3796 2016 3863 λέγοντος

437 3900 704 3972 ἐναργῶς,
741 3898 816 3970 μὴ
838 3899 1034 3968 χρῆναι
1067 3895 1304 3967 βαδίζειν
1347 3894 1448 3964 τὴν
1481 3891 1812 3960 ἐνεγκοῦσαν
1854 3889 2018 3958 ἀφέν-

436 4011 535 4057 τας
566 3995 643 4056 είς
673 3992 773 4061 τὴν
803 3990 1141 4058 Αἰγυπτίων,
1174 3985 1532 4055 ἠπειληκότος
1569 3983 1650 4047 δὲ,
1698 3985 1780 4037 ὅτι
1823 3981 1927 4036 κᾶν
1967 3981 2016 4034 εί

438 4092 592 4146 τοῦτο
613 4089 781 4160 δρῷεν
807 4087 955 4160 παρὰ
974 4087 1034 4138 τὺ
1055 4083 1199 4154 αύτῷ
1217 4080 1427 4147 δοκοῦν,
1451 4079 1876 4152 περιπεσοῦνται
1906 4079 2019 4139 τοῖς

444 4184 599 4246 ἴσοις,
641 4181 674 4252 ἢ
720 4183 836 4245 τοῖς
868 4179 948 4232 ἔτι
997 4177 1437 4248 φορτικωτέροις.
1498 4173 1652 4242 Ἔχει
1688 4171 1744 4224 δὲ
1782 4170 1925 4224 οὕτω
1957 4170 2019 4223 τὸ

441 4275 821 4347 γεγραμμένον
838 4291 851 4304 ·
885 4271 1059 4334 οὕτως
1087 4267 1209 4324 εἷπε
1236 4270 1442 4341 Κύριος
1462 4282 1476 4297 ⁶
1509 4286 1528 4318 ι
1552 4265 1678 4319 Ἐἀν
1705 4265 1862 4334 ὑμεῖς
1883 4262 2018 4317 δῶτε

439 4369 500 4422 τὸ
533 4368 820 4438 πρόσωπον
843 4366 996 4436 ὑμῶν
1026 4367 1105 4429 εἰς
1139 4362 1414 4432 Αἴγυπτον
1447 4362 1540 4415 καὶ
1589 4357 1867 4429 εἰσέλθητε
1902 4358 2019 4409 ἐκεῖ

2040 3144 2086 3204 C

2111 1885 2322 1948 derant,
2345 1884 2635 1939 celebritas
2661 1900 2776 1939 mea
2808 1885 3136 1955 peragetur?
3162 1884 3346 1954 Itaque
3377 1884 3692 1940 solemnita-

2113 1985 2220 2030 tem
2256 1990 2407 2030 suam
2437 1987 2594 2030 vocat
2630 1977 2789 2042 Deus,
2821 1986 3031 2048 tempus
3071 1979 3336 2041 videlicet,
3377 1993 3482 2047 quo
3523 1977 3689 2032 Israel

2111 2083 2334 2122 suorum
2372 2069 2424 2121 in
2457 2069 2631 2138 ipsum
2662 2080 3002 2137 peccatormn
3036 2083 3223 2139 poenas
3257 2071 3327 2124 sit
3357 2071 3599 2124 daturus.

2183 2161 2540 2228 Quamobrem
2572 2162 2712 2230 quod
2751 2160 3000 2225 lnbescil,
3027 2176 3129 2214 non
3161 2159 3484 2229 simpliciter
3516 2169 3566 2212 et
3608 2160 3689 2213 in-

2111 2253 2450 2309 considerate
2477 2254 2902 2321 exsequendum,
2950 2259 3004 2306 et
3043 2251 3402 2320 praesentibus
3447 2252 3688 2320 gauden-

2111 2344 2235 2398 dtnn
2258 2349 2362 2407 est,
2388 2343 2432 2397 si
2464 2357 2562 2396 nos
2590 2343 2912 2410 cupiditates
2941 2351 3138 2396 nostrae
3178 2341 3244 2394 ad
3288 2340 3381 2395 Dei
3431 2339 3689 2396 oli‘ensam

2109 2436 2457 2506 pertrabant;
2492 2434 2586 2488 sed
2617 2433 2793 2487 l‘utnra
2837 2433 3014 2502 potius
3051 2432 3558 2498 circumspicienda,
3595 2445 3691 2483 cu-

2110 2529 2446 2595 randumque
2476 2526 2685 2590 sedulo,
2723 2527 2795 2579 uti
2829 2525 3106 2594 suppliciis
3153 2525 3219 2578 ab
3263 2525 3402 2578 irato
3440 2521 3552 2575 Deo
3592 2523 3694 2575 im-

2111 2619 2390 2672 mittendis
2422 2617 2720 2672 elabamur.
2755 2615 2846 2671 Sic
2875 2618 3018 2670 enim
3049 2617 3323 2685 sapientes
3351 2624 3405 2670 et
3439 2615 3692 2670 utilitatis

2112 2721 2311 2764 nostra!
2339 2709 2574 2763 scientes
2601 2710 2824 2763 erimus.

2183 2801 2346 2855 Vsus.
2380 2802 2433 2865 5,
2466 2799 2520 2855 6.
2572 2800 2795 2865 Propter
2843 2801 2940 2854 hoc
2991 2817 3105 2854 ecce
3167 2801 3314 2852 ibunt
3365 2814 3430 2852 ex
3481 2798 3694 2851 miseria

2111 2893 2350 2962 Egypli,
2373 2904 2422 2946 et
2444 2893 2685 2962 suscipiet
2711 2909 2796 2946 eos
2816 2891 3093 2962 Memphis,
3113 2903 3157 2947 et
3180 2891 3390 2957 sepeliet
3409 2907 3494 2944 eos
3514 2889 3696 2944 Marh-

2112 3005 2244 3040 mas.
2292 2987 2580 3054 Argentum
2628 2987 2763 3038 enim
2813 3002 2994 3038 eorum
3042 2986 3286 3039 interitus
3338 2982 3696 3045 Itazreditabit;

2113 3082 2279 3150 spiuw
2305 3081 2362 3134 in
2398 3081 2750 3134 tabernaculis
2779 3097 2980 3134 eorum.

2185 3253 2414 3313 XCVIII.
2470 3257 2828 3313 Vastantibns
2879 3255 3182 3311 Samariam
3235 3253 3564 3326 Babyloniis,
3605 3253 3696 3321 qui

2115 3349 2348 3420 effugere
2391 3359 2699 3418 pomernnt.
2739 3350 2829 3402 vix
2876 3349 2930 3402 in
2979 3346 3274 3418 IEgyptum
3319 3354 3697 3416 penetrarunt.

2117 3443 2216 3509 Qui
2247 3457 2368 3496 cum
2417 3453 2471 3496 et
2515 3443 2684 3510 ipsam
2725 3440 3178 3511 Hierosolymam,
3237 3436 3472 3492 Ieremia
3509 3437 3700 3492 vatici-

2117 3542 2300 3598 nante,
2334 3540 2679 3594 evertissent,
2709 3531 3020 3600 paucissimi
3052 3529 3120 3585 de
3154 3529 3294 3582 tribu
3323 3527 3456 3582 Juda
3485 3527 3698 3582 etBen-

2111 3624 2281 3690 jamin
2314 3623 2509 3688 relicti,
2547 3622 2601 3675 in
2635 3620 2928 3692 Egyptum
2963 3635 3022 3676 se
3052 3621 3428 3685 contulerunt;
3481 3619 3698 3673 tametsi

2117 3717 2258 3772 Deus
2281 3732 2376 3786 per
2403 3714 2693 3770 Jeremiam
2753 3727 3011 3780 expresse
3054 3713 3251 3780 iubens
3306 3713 3539 3778 dixerat,
3590 3727 3701 3766 non

2118 3825 2241 3866 esse
2282 3809 2387 3863 illis
2427 3808 2600 3878 patria
2651 3807 2867 3862 deserta
2927 3807 3333 3876 ingrediendam
3384 3805 3698 3876 Egyptum,

2118 3902 2481 3959 comminatus
2510 3901 2748 3967 insuper,
2783 3899 2827 3954 si
2876 3899 2926 3953 id
2954 3914 3012 3953 se
3057 3899 3272 3953 nolente
3321 3899 3596 3962 fecissent,
3647 3896 3700 3950 in

2119 3994 2346 4060 similes,
2371 4003 2460 4048 aut
2486 3993 2648 4047 etiam
2679 3992 2959 4064 graviores
2991 3990 3329 4044 calamitates
3363 3990 3697 4044 incursuros.

2122 4091 2214 4145 Sic
2246 4099 2427 4143 autem
2457 4097 2541 4144 est
2566 4088 2633 4142 ad
2673 4085 2932 4142 verbum:
2970 4104 2988 4137 ι
3017 4084 3108 4139 Sic
3138 4084 3273 4138 dixit
3307 4085 3562 4138 Dominus
3593 4100 3606 4136 :
3643 4082 3700 4136 Si

2122 4196 2218 4237 vos
2259 4182 2518 4237 dederitis
2552 4178 2740 4234 faciem
2787 4187 3023 4234 vestram
3071 4178 3123 4231 in
3168 4175 3484 4247 Egyptum,
3513 4185 3566 4230 et
3619 4176 3702 4229 in-

2120 4275 2291 4344 gressi
2345 4272 2553 4327 fueritis
2603 4271 2727 4326 illuc
2770 4279 2830 4324 ut
2881 4269 3162 4333 habitetis;
3215 4278 3272 4323 et
3331 4269 3455 4336 erit,
3491 4269 3702 4340 gladius

2121 4381 2282 4433 quem
2319 4380 2411 4418 vos
2437 4363 2733 4417 formidatis
2760 4377 2790 4416 a
2831 4362 2968 4416 facie
3013 4362 3152 4431 ejus,
3207 4362 3446 4416 inveniet
3494 4375 3590 4416 vos
3648 4362 3702 4416 in

441 4461 536 4513 τοῦ
597 4461 890 4523 κατοικεῖν,
927 4458 1022 4511 καὶ
1063 4457 1236 4521 ἔσται,
1270 4456 1303 4526 ἠ
1340 4452 1582 4526 ῥομφαία
1623 4454 1691 4522 ἢν
1725 4452 1884 4522 ὑμεῖς
1923 4465 2018 4516 φο-

2124 4455 2359 4526 ὢεγριο
2389 4455 2458 4508 ⁸ο.
2499 4473 2518 4506 ι
2556 4451 2851 4523 Postquam
2883 4452 3028 4507 enim
3067 4451 3445 4525 Egyptiornm
3488 4453 3704 4508 auxiliis

443 4551 624 4605 δεῖσθε
650 4551 758 4604 ἀπὸ
783 4549 1075 4622 προσώπου
1105 4549 1295 4618 αὐτῆς,
1319 4547 1541 4618 εὑρήσει
1580 4545 1725 4614 ὑμᾶς
1754 4545 1811 4595 ἐν
1851 4540 2018 4608 Αἰγύ-

443 4662 613 4714 πτῳ.»
661 4642 877 4714 Ἐπειδὴ
906 4643 1014 4714 γὰρ
1041 4645 1158 4704 ταῖς
1185 4638 1498 4709 Αἰγυπτίων
1533 4635 1872 4707 ἐπικουρίαις
1899 4637 2018 4686 ἐπι-

443 4737 813 4808 θαρσήσαντες
833 4735 1190 4806 ἀντεφέροντο
1216 4737 1327 4796 τοῖς
1357 4729 1742 4793 Βαόυλωνίοις,
1763 4727 2018 4799 ταύτῃτοι

442 4829 807 4899 λελυπημένοι
869 4827 1008 4898 μετά
1049 4827 1148 4897 τὴν
1185 4825 1294 4879 τῶν
1341 4821 1732 4896 Ἱεροσολύμων
1776 4820 1871 4874 καὶ
1919 4819 2019 4887 τῆς

446 4921 756 4991 Σαμαρείας
781 4920 1002 4984 ἅλωσιν,
1040 4918 1340 4988 ἐτράποντο
1385 4915 1526 4969 κατά
1563 4914 1673 4966 τῶν
1705 4911 2019 4980 Αἰγυπτίων

445 5016 496 5066 οἱ
541 5012 893 5074 Βαϐυλώνιοι,
937 5013 1030 5065 καὶ
1079 5011 1317 5081 ἀμογητί
1345 5009 1684 5078 νενικήκασι,
1730 5005 1850 5057 τότε
1886 5021 2022 5074 συμ-

448 5105 647 5177 σέὸηκε
677 5105 804 5168 τοὺς
849 5101 1292 5174 περιλειφθέντας
1325 5099 1384 5164 ἐξ
1425 5097 1692 5153 Ἰουδαίων
1723 5095 2025 5150 συνδιόλλυ-

451 5199 573 5252 σθαι
614 5200 727 5261 τοῖς
767 5196 1101 5265 Αἰγυπτίοις.
1139 5195 1202 5247 Oi
1250 5193 1306 5246 δὲ
1360 5192 1424 5262 δὴ
1485 5193 1769 5258 διαφυγεῖν
1826 5188 1925 5259 τὴν
1967 5190 2025 5241 ἐν

448 5291 708 5362 Αἰγύπτῳ
763 5290 1134 5360 ταλαιπωρίαν
1191 5287 1528 5357 ίσχύσαντες,
1565 5283 1717 5354 μόλις
1768 5283 2025 5336 ἐπέκεινα

448 5383 868 5453 δεδραμήκασιν,
901 5382 994 5435 tua
1023 5383 1123 5452 τὴν
1158 5379 1433 5450 Ἀρκάδων
1464 5377 1632 5440 ἰόντες
1665 5374 1868 5447 χώραν.
1913 5376 2024 5428 Καὶ

449 5475 525 5536 ὡς
549 5477 623 5537 εἰς,
665 5475 818 5528 πόλιν
860 5475 1211 5545 ὀχυρωτάτην
1248 5471 1603 5542 κατῳκήκασι
1649 5468 1746 5539 τὴν
1775 5467 2020 5538 Μέμφιν,

449 5567 544 5618 καὶ
571 5565 666 5623 τὴν
695 5565 958 5637 Μαλμάς,
986 5564 1148 5636 ἐτέρα
1172 5565 1227 5617 δὲ
1249 5563 1384 5634 αῦτη
1419 5563 1616 5631 γείτων
1645 5578 1746 5613 που
1783 5561 2018 5622 πάντως,

2124 4549 2266 4613 freti,
2301 4546 2609 4617 Babyloniis
2641 4547 2974 4613 restiterunt,
3006 4557 3179 4614 eaQUe
3209 4560 3266 4600 re
3299 4545 3496 4599 irritati
3529 4543 3706 4614 Baby-

2125 4639 2275 4704 lonii,
2305 4635 2672 4706 Hierosolyma
2706 4648 2760 4692 et
2789 4636 3035 4692 Samaria
3067 4637 3388 4708 subiugatis,
3441 4637 3493 4690 in
3537 4635 3706 4706 Egy-

2126 4733 2267 4802 ptios
2296 4739 2601 4794 moverunt,
2633 4744 2697 4783 ac
2735 4729 2881 4783 nullo
2935 4730 3152 4799 negotio
3184 4730 3250 4784 de
3295 4729 3360 4784 iis
3408 4729 3706 4797 triumpha-

2132 4833 2272 4886 runt,
2321 4835 2434 4877 tum
2470 4822 2560 4891 qui
2593 4821 2870 4876 restabant
2901 4821 3066 4877 Judaei
3099 4821 3256 4877 simul
3286 4837 3407 4876 cum
3439 4821 3706 4891 Egyptiis

2129 4918 2427 4987 perierunt.
2464 4913 2672 4980 Quibus
2704 4924 2884 4968 autem
2917 4915 3192 4969 miseriam
3227 4912 3536 4984 IEgyptiam
3584 4916 3705 4982 luga

2129 5011 2301 5064 vitare
2336 5007 2507 5072 licuit,
2557 5006 2770 5060 tandem
2812 5007 2864 5060 in
2911 5007 3178 5061 Arcadum
3226 5005 3498 5076 regionem
3543 5019 3708 5060 vene-

2132 5109 2276 5166 runt,
2309 5110 2362 5155 et
2387 5098 2677 5167 Memphim
2721 5099 2933 5161 urbem,
2984 5107 3044 5151 nt
3085 5096 3528 5161 munitissimam,
3559 5097 3708 5150 inco-

2127 5193 2359 5260 luerunt,
2401 5193 2560 5264 13o
2584 5191 2858 5246 Machmas
2890 5192 3014 5244 item
3045 5190 3204 5242 aliam
3250 5188 3456 5254 urbem,
3493 5199 3546 5242 et
3577 5189 3710 5243 viei-

2128 5300 2250 5338 nam
2295 5283 2474 5354 plane,
2522 5293 2578 5338 et
2633 5283 2854 5352 reliquis
2899 5280 3290 5335 ﬂorentiorem.
3347 5278 3421 5333 lbi
3469 5293 3707 5348 quoque,

2125 5375 2385 5429 coniectis
2411 5374 2659 5429 videlicet
2695 5372 2867 5441 longis
2894 5371 3016 5425 vitae
3047 5369 3258 5438 spatiis,
3287 5369 3559 5434 obierunt,
3585 5384 3706 5423 cmn

2127 5466 2179 5520 in
2212 5465 2446 5520 Judaaam
2478 5465 2675 5520 reverti
2719 5463 3110 5527 nequivissent.
3159 5458 3252 5514 Ait
3291 5475 3454 5530 porro
3494 5477 3707 5515 rursum

2122 5555 2386 5613 Jeremias
2409 5558 2491 5613 his
2520 5556 2700 5613 verbis
2733 5571 2745 5607 :
2783 5571 2801 5606 ι
2841 5552 3069 5624 Propter
3091 5552 3194 5608 hoc
3224 5551 3304 5609 sic
3345 5552 3478 5610 dicit
3525 5551 3705 5607 Domi-

523 5737 568 5774 ιι
605 5740 876 5800 Εοςιὶ.ιι.,
920 5740 1006 5794 eo.
1059 5707 1127 5771 ἠ
1173 5737 1586 5806 Ephes.\'t,1'.’..
1664 5730 2207 5799 ’°Jcr.xz.,15,16.
