4110 6368
403 271 509 327 219

1422 276 1482 331 S.
1521 272 1798 331 CYRILLI
1838 273 2309 331 ALEXANDRINI
2349 274 2668 332 ARClllEP.

3548 276 3658 335 2‘20

401 409 505 446 nus
536 410 553 446 :
590 391 729 446 Ecce
773 408 876 461 ego
914 408 1058 462 pono
1104 393 1296 450 faciem
1336 410 1537 461 meam,
1579 406 1638 450 ut
1679 396 1982 465 disperdatn

2096 398 2185 451 ml.
2213 397 2321 451 τῶν
2351 397 2525 451 ἀλλων
2554 399 2929 467 ἐπισημοτερα
2959 394 3129 460 πόλις.
3186 397 3333 450 Ἐκεῖ
3376 397 3469 451 καὶ
3507 414 3659 451 τετε-

402 501 594 540 omues
623 486 859 554 reliquos
884 487 935 541 iu
981 486 1239 559 Egypto,
1286 497 1340 541 et
1373 488 1567 543 cadent
1603 488 1654 541 in
1694 488 1890 558 gladio,
1927 497 1981 543 et

405 579 457 631 in
488 578 633 634 fame
666 578 919 633 deﬁcient
968 594 997 631 a
1037 595 1204 647 parvo
1243 596 1413 653 usque
1473 581 1541 636 ad
1593 595 1867 651 magnum,
1925 590 1981 634 et

402 671 646 724 eruntin
685 670 1055 742 opprobrium,
1099 682 1153 728 et
1190 674 1241 727 in
1290 673 1667 744 perditionem,
1699 680 1754 728 et
1779 673 1831 727 in
1866 688 1981 726 ma—

402 761 769 817 ledictionem.
808 762 871 816 Et
920 763 1152 818 visitabo
1205 780 1370 834 super
1419 767 1672 821 sedentes
1738 765 1791 819 in
1839 774 1980 819 terra

400 851 639 923 Egypti.
675 854 739 908 Et
767 868 869 908 non
901 854 1008 909 erit
1048 855 1287 910 salvatus
1323 855 1462 911 ullus
1507 856 1574 912 de
1602 856 1822 926 reliquis
1846 855 1980 911 .luda

402 944 875 1013 peregrinantibus
904 947 956 999 in
999 954 1142 1000 terra
1187 946 1426 1017 Egypti,
1478 957 1537 1003 ut
1584 955 1882 1003 revertatur
1929 947 1982 1001 in

402 1044 604 1090 terram
632 1034 788 1101 Juda,
821 1038 886 1090 ad
926 1052 1086 1106 quam
1139 1038 1237 1107 ipsi
1280 1049 1502 1107 sperant
1548 1039 1828 1094 animabus
1872 1038 1985 1094 suis

404 1124 603 1178 reverti
639 1123 786 1179 illuc.
820 1124 935 1179 Non
972 1136 1313 1180 revertentur
1346 1127 1413 1181 ⁸¹.
1456 1146 1475 1180 ι
1520 1128 1691 1183 Audis
1743 1137 1984 1183 mortuos

403 1228 526 1270 esse
556 1216 606 1269 in
634 1215 891 1285 AEgypto,
926 1218 1087 1272 etiam
1115 1219 1224 1274 illic
1253 1220 1433 1275 divina
1471 1235 1566 1276 eos
1618 1221 1821 1275 ultione
1865 1236 1987 1290 pcr-

407 1307 707 1375 scquente?
739 1307 870 1361 Cum
909 1309 1069 1378 igitur
1101 1310 1317 1365 miseria
1352 1312 1405 1364 in
1434 1310 1670 1382 Egypto
1696 1312 1983 1376 declinata,

408 1396 719 1466 Memphim,
751 1399 885 1452 utin
920 1399 1107 1454 urbem
1146 1401 1462 1468 praeclaram
1495 1402 1834 1466 advenerint,
1862 1418 1983 1458 sus~

407 1490 572 1560 cipiet
602 1493 819 1559 quidem
862 1506 991 1556 eos;
1048 1504 1418 1548 verumtamen
1458 1496 1510 1548 in
1546 1495 1825 1551 Machmas
1872 1511 1988 1550 mo-

410 1581 638 1636 rientur.
660 1582 773 1639 Hoc
792 1583 934 1637 enim
954 1584 1056 1639 sibi
1076 1584 1206 1650 vult,
1241 1603 1259 1636 ι
1274 1585 1505 1653 Sepeliet
1528 1600 1620 1641 eos
1638 1585 1935 1641 Maehmas.
1961 1604 1980 1638 ι

408 1672 672 1739 Quocirca
710 1674 906 1729 infesto
938 1676 1069 1740 Deo,
1113 1692 1270 1731 nemo
1315 1677 1573 1746 periculis
1614 1678 1872 1748 agitatum
1919 1677 1986 1732 ad

409 1766 638 1823 salutem
669 1768 948 1837 pristinam
994 1745 1437 1835 revocabitased
1469 1745 1792 1841 quocunque
1833 1772 1990 1826 iverit
2021 1745 2061 1796 Β

408 1856 698 1925 quispiam,
753 1859 871 1927 ejus
911 1860 1047 1915 iram
1098 1861 1427 1931 experietur.
1486 1863 1553 1917 Et
1600 1864 1710 1918 hsce
1768 1863 1983 1933 quidem

412 1949 542 2018 ipsis
569 1950 619 2002 in
650 1949 885 2019 AEgypto
918 1950 1095 2006 futura
1135 1964 1339 2008 narrat.
1376 1953 1639 2021 Quoniam
1669 1969 1797 2009 vero
1821 1954 1984 2009 etiam

411 2055 443 2094 e
473 2041 675 2096 divitiis
701 2044 813 2098 suis
851 2058 973 2097 eum
1002 2043 1356 2111 odeudernnt,
1393 2064 1412 2096 ‹
1447 2046 1742 2116 Argentum
1762 2047 1906 2100 enim
1933 2054 1987 2100 et

412 2149 604 2191 aurum
628 2150 782 2189 suum
812 2134 1057 2190 fecerunt
1088 2136 1189 2190 sibi
1221 2136 1357 2191 idola
1392 2137 1458 2199 ",
1494 2155 1512 2188 ι
1553 2136 1745 2205 inquit,
1789 2136 1993 2191 idcirco

414 2226 587 2292 ipsum
613 2226 737 2294 jure
771 2227 1021 2282 interitus
1053 2228 1411 2293 hazreditabit,
1447 2231 1546 2283 hoc
1575 2236 1679 2293 est,
1726 2243 1844 2283 sors
1888 2228 1994 2281 erit

412 2319 674 2374 vastatori
708 2337 722 2373 :
757 2320 1034 2374 interitum
1083 2320 1226 2374 enim
1291 2328 1451 2375 vocat
1480 2319 1785 2390 Assyrium,
1816 2327 1873 2373 ut
1903 2318 1994 2388 qui

414 2409 560 2465 ferus
586 2420 642 2465 ct
669 2411 901 2466 crudelis
935 2412 988 2465 in
1022 2411 1390 2466 exscindendo
1435 2412 1837 2481 praeliandoqne
1879 2410 1994 2465 fue-

414 2502 504 2556 rit.
539 2501 914 2557 Producentur
942 2512 1120 2555 autem
1155 2512 1210 2555 et
1240 2520 1258 2552 ι
1292 2503 1482 2571 spinas,
1515 2502 1705 2571 inquit,
1733 2503 1784 2555 in
1814 2503 1990 2557 taber-

414 2592 622 2647 naculis
648 2607 856 2647 eorum.
888 2612 909 2645 ι
941 2593 1021 2648 Ad
1051 2604 1255 2648 tantam
1288 2595 1485 2663 quippe
1517 2595 1864 2649 solitudinem
1908 2608 1993 2649 re-

414 2685 585 2739 dacta:
618 2695 742 2739 sunt
767 2667 949 2751 urbes,
980 2695 1038 2739 ut
1069 2688 1238 2755 spinis
1264 2685 1627 2755 replerentur,
1654 2687 1796 2757 quod
1835 2696 1994 2742 terrae

414 2774 570 2828 invia:
598 2785 653 2829 et
686 2775 942 2830 desolata:
968 2776 1179 2845 signum
1215 2783 1320 2830 est.

2083 489 2402 560 λευτήκασι,
2438 489 2683 560 μακροὺς
2705 489 2948 558 δηλονότι
2978 488 3390 551 διατελέσαντες
3411 489 3656 560 χρόνους,
3693 485 3699 531 ἱ

2084 581 2450 651 ὑπονοστῆσαί
2500 598 2560 633 τε
2615 581 2688 651 μὴ
2739 580 3059 652 δυνηθέντες
3118 580 3198 643 είς
3240 579 3338 651 τὴν
3379 581 3656 635 Ἰουδαίαν.
3696 608 3701 621 ι

2087 673 2233 742 ’Ἔφη
2279 671 2337 724 δὲ
2383 670 2526 725 οὕτω
2579 670 2738 724 πάλιν
2768 671 2797 723 6
2826 672 3113 742 προφήτης
3165 670 3449 742 Ἱερεμίας
3499 690 3516 721 ι
3563 670 3662 724 Διὰ

2082 762 2239 815 τοῦτο
2294 762 2466 826 οὕτως
2514 759 2634 815 εἶπε
2680 761 2919 831 Κύριος·
2970 761 3098 814 Ἰδοὺ
3137 761 3248 830 ἐγὼ
3291 760 3552 830 ἐφίστημι
3599 760 3661 813 τὸ

2084 854 2373 926 πρόσωπόν
2406 872 2529 925 μου,
2570 853 2665 908 τοῦ
2708 853 2969 907 ἀπολέσαι
3015 854 3225 918 πάντας
3254 854 3380 917 τοὺς
3410 852 3661 907 καταλοί-

2084 963 2223 1009 πους
2268 946 2398 1010 τοὺς
2443 948 2501 1000 ἐν
2548 946 2832 1017 Αἰγύπτῳ,
2869 946 2962 1000 καὶ
2994 947 3239 998 πεσεῖται
3289 947 3348 998 ἐν
3393 944 3659 1015 ῥομφαίᾳ,

2085 1038 2180 1090 καὶ
2208 1040 2267 1091 ὲν
2299 1037 2442 1108 λιμῷ
2471 1038 2813 1108 ἐκλείψουσιν
2851 1038 2960 1091 ἀπὸ
3008 1036 3205 1109 μικροῦ
3256 1036 3361 1100 ἕως
3400 1034 3659 1107 μεγάλου,

2086 1128 2181 1181 καὶ
2206 1127 2418 1182 ἔσονται
2448 1131 2530 1192 είς
2546 1129 2872 1199 ὀνειδισμὸν,
2899 1128 2996 1182 καλ⁵
3028 1128 3108 1191 είς
3131 1126 3426 1184 ἀπώλειαν.
3459 1126 3555 1180 καὶ
3582 1127 3661 1188 εἰς

2086 1218 2350 1290 κατάραν.
2396 1221 2505 1273 Καὶ
2538 1220 2905 1289 ἐπισκέψομαι
2946 1219 3038 1271 ἐπὶ
3068 1217 3197 1279 τοὺς
3233 1215 3574 1287 καθημένους
3604 1218 3662 1268 ἐν

2086 1316 2156 1385 γῇ
2187 1312 2467 1382 Αἰγύπτῳ.
2500 1312 2612 1364 Καὶ
2644 1312 2744 1365 οὐκ
2773 1312 2927 1364 ἔσται
2970 1310 3310 1381 σεσωσμένος
3343 1308 3516 1372 οὐδεὶς
3554 1307 3664 1360 τῶν

2087 1404 2381 1457 ἐπιλοίπων
2418 1403 2610 1465 Ἰούδα,
2634 1402 2743 1457 τῶν
2770 1404 3181 1474 παροικούντων
3207 1405 3264 1457 ἐν
3287 1406 3357 1473 γῇ
3382 1399 3662 1469 Αἰγύπτῳ,

2087 1492 2540 1564 ’ποῦ’ἐπιστρέψαι
2571 1494 2651 1563 είς
2684 1492 2788 1563 γῆν
2833 1493 3023 1561 Ἰούδα,
3075 1495 3158 1562 ἐφ’
3187 1494 3254 1564 ἢν
3306 1492 3458 1545 αὐτοὶ
3512 1489 3666 1543 ἐλπί-

2088 1585 2238 1649 ζουσι
2267 1586 2386 1646 ταῖς
2422 1583 2619 1654 ψυχαῖς
2662 1583 2841 1636 αὐτῶν
2895 1585 2989 1638 τοῦ
3036 1584 3364 1656 ἐπιστρέψαι
3403 1584 3538 1635 ἐκεῖ.
3590 1581 3664 1634 Οὐ

2093 1674 2167 1745 μὴ
2203 1672 2624 1745 ἐπιστρέψωσιν.
2669 1690 2688 1724 ι
2738 1673 2983 1737 Ἀκούεις
3014 1674 3097 1727 ὅτι
3127 1673 3578 1742 τετελευτήκασιν
3609 1670 3668 1722 ἐν

2093 1766 2374 1836 Αἰγύπτῳ,
2404 1765 2565 1817 κάκεῖ
2586 1768 2684 1836 τῆς
2707 1763 2857 1828 θείας
2884 1764 3068 1828 αὐτοῖς
3091 1764 3259 1835 ὀργῆς
3295 1760 3666 1833 ἐπενηνεγμέ-

2095 1872 2227 1926 νης;
2258 1856 2424 1908 Ὅταν
2456 1856 2637 1910 τοίνυν
2656 1856 2755 1926 τὴν
2786 1857 2846 1908 ἐν
2876 1856 3134 1927 Αἰγύπτῳ
3162 1854 3531 1925 ταλαιπωρίαν
3565 1869 3670 1904 πα-

2093 1949 2461 2021 ραιτούμενοι,
2493 1949 2749 2023 καθάπερ
2783 1952 2861 2014 είς
2901 1951 3169 2020 ἐπίσημον
3211 1948 3365 2002 πόλιν
3394 1947 3672 2018 ἀφίκοιντο

2091 2042 2189 2113 τὴν
2220 2042 2459 2111 Μέμφιν,
2487 2040 2766 2105 ἐκδέξεται
2803 2042 2902 2113 μὲν
2928 2043 3147 2105 αὐτοὺς,
3171 2040 3310 2112 πλὴν
3340 2040 3397 2093 ἐν
3430 2039 3671 2109 Μαχμάς

2089 2132 2453 2204 τεθνήξονται.
2479 2132 2649 2186 Τοῦτο
2671 2133 2779 2205 γάρ
2798 2134 2879 2199 τὸ,
2908 2153 2926 2185 ι
2956 2134 3127 2203 Θάψει
3144 2133 3341 2196 αὐτοὺς
3362 2131 3621 2200 Μαχμάς.
3646 2148 3664 2180 ι

2095 2226 2262 2279 Ὅταν
2296 2225 2477 2277 τοίνυν
2511 2224 2683 2297 διώκῃ
2710 2225 2864 2290 Θεὸς,
2908 2225 3085 2289 οὐδεὶς
3124 2223 3395 2279 ἀνασώσει
3427 2224 3517 2276 τὸν
3568 2240 3676 2276 κιν-

2092 2316 2401 2381 δυνεύοντα,
2420 2316 2535 2369 ἀλλ’
2569 2315 2805 2388 ἔνθαπερ
2828 2316 2893 2371 ἂν
2922 2317 2992 2369 ἴοι
3014 2335 3120 2380 τις,
3151 2317 3270 2370 ἐκεῖ
3300 2314 3673 2385 περιτεύξεται

2094 2408 2173 2479 τῷ
2202 2407 2379 2478 θυμῷ.
2414 2409 2526 2461 Καὶ
2560 2410 2719 2462 ταυτὶ¹
2756 2408 2855 2479 μὲν
2885 2409 3071 2471 αὐτοῖς
3096 2410 3154 2460 ἐν
3183 2406 3446 2477 Αἰγύπτῳ
3474 2406 3677 2476 συμϐή-

2098 2498 2285 2552 σεσθαι
2319 2498 2486 2567 λέγει.
2523 2498 2745 2572 Ἐπειδὴ
2782 2501 2840 2553 δὲ
2874 2502 2970 2553 καὶ
3016 2504 3128 2565 τοῖς
3184 2500 3244 2565 ἐξ
3285 2500 3413 2554 ἰδίου
3444 2499 3673 2553 πλούτου

2096 2592 2462 2661 λελυπήκασι,
2502 2611 2521 2644 ι
2556 2592 2630 2645 Τὸ
2652 2592 2760 2664 γὰρ
2780 2592 3047 2664 ἀργύριον
3078 2594 3280 2660 αὐτῶν,
3326 2592 3422 2647 καὶ
3441 2592 3502 2645 τὸ
3544 2611 3676 2664 χρυ-

2100 2684 2215 2737 σίον
2245 2684 2507 2755 ἐποίησαν
2547 2685 2760 2749 ἐαυτοῖς
2806 2685 3020 2751 εἴδωλα,
3062 2704 3081 2738 ι
3130 2690 3282 2757 φησὶ,
3311 2684 3572 2756 ταύτῃτοι
3595 2683 3675 2736 δι-

2097 2776 2268 2840 καίως
2296 2776 2518 2848 ὄλεθρος
2539 2778 2701 2831 αὑτὸν
2723 2778 3145 2849 κληρονομήσει,
3172 2779 3441 2841 τουτέστι,
3472 2776 3674 2847 κλῆρος

412 2866 566 2921 ἐσται
619 2867 697 2937 τῷ
746 2868 1061 2938 ὁλοθρευτῇ.
1127 2869 1385 2939 Ὀλεθρον
1438 2869 1548 2940 γὰρ
1606 2867 1871 2921 ἀποκαλεῖ
1907 2867 1999 2921 τὸν
2036 2869 2345 2941 Ἀσσύριον,
2408 2869 2485 2933 ὡς
2522 2869 2729 2939 ἀγρίως
2757 2887 2839 2936 τε,
2904 2872 2997 2924 καὶ
3026 2873 3248 2942 ἀπηνῶς
3294 2871 3549 2925 ἀνελόντα
3586 2861 3680 2924 καὶ

417 2962 820 3034 μεμαχημένον.
865 2962 1251 3030 Ἀναερύσονται
1314 2963 1371 3016 δὲ
1398 2966 1490 3018 καὶ
1526 2982 1543 3015 ι
1588 2961 1874 3023 Ἀκανθαι,
1940 2962 2123 3031 φησὶν,
2155 2964 2214 3015 ἐν
2269 2952 2384 3023 τοῖς
2428 2963 2782 3033 σκηνώμασιν
2846 2963 3044 3018 αὒτῶν.
3083 2984 3101 3014 ι
3136 2964 3403 3036 Ἐρημίας
3438 2963 3545 3034 γὰρ
3587 2965 3670 3027 είς

411 3053 572 3108 τοῦτο
596 3056 1002 3126 κατηντήκασιν
1030 3057 1087 3109 αἱ
1118 3055 1321 3121 πόλεις,
1347 3056 1421 3121 ὼς
1468 3055 1721 3110 ἀκανθῶν
1777 3053 2031 3124 γενέσθαι
2073 3055 2295 3125 μεστάς.
2326 3055 2559 3126 Σημεῖον
2614 3055 2671 3108 δὲ
2703 3055 2862 3108 τοῦτο
2894 3056 2997 3127 γῆς
3028 3055 3232 3109 ἀϐάτου
3266 3057 3358 3108 καὶ
3388 3072 3659 3125 κεχερσω-
3690 3098 3697 3126 ,

417 3148 605 3219 μένης.

487 3239 713 3306 Quando
728 3239 889 3310 igitur
904 3239 1062 3295 bonis
1078 3249 1169 3294 aut
1187 3240 1578 3309 corporalibus,
1598 3249 1690 3295 aut
1704 3238 2001 3311 spirituali—
2027 3245 2069 3301 c

416 3333 516 3387 bus
532 3348 560 3385 a
589 3332 697 3386 Deo
713 3332 1064 3401 suppeditatis
1080 3333 1348 3403 quispiam
1369 3349 1467 3389 nec
1489 3343 1656 3398 recte,
1670 3347 1769 3386 nec
1786 3332 1852 3386 ad
1878 3331 1997 3401 ejus

416 3422 644 3492 gloriam
668 3422 857 3488 utitur,
894 3421 1022 3477 facit
1060 3434 1237 3476 autem
1268 3423 1404 3476 citra
1451 3422 1611 3476 ullam
1660 3421 1993 3489 religionem,

420 3509 617 3578 quibus
652 3526 773 3564 eum
797 3510 1072 3565 ollendere
1097 3519 1149 3564 et
1189 3510 1404 3566 irritare
1428 3513 1799 3577 convincatur,
1830 3510 2000 3565 abibit

420 3603 472 3657 in
502 3602 748 3668 exitium,
776 3604 985 3672 eritque
1014 3605 1281 3672 peculium
1305 3605 1610 3673 diripientis
1659 3604 1895 3668 Satanae,
1943 3614 1997 3658 et

419 3693 698 3761 spinarum
745 3693 1102 3761 domicilium,
1144 3696 1461 3751 immanium
1512 3696 1717 3751 scilicet
1775 3708 1827 3750 et
1874 3710 1995 3749 cum

423 3786 633 3840 ratione
681 3787 1034 3857 pugnantium
1077 3788 1455 3857 cupiditatum,
1504 3796 1559 3842 et
1600 3787 1808 3841 fructus
1843 3785 1998 3840 mites

427 3875 480 3929 in
514 3875 695 3929 animo
720 3890 816 3930 suo
840 3891 943 3930 non
978 3875 1213 3930 habebit.
1249 3875 1530 3945 Coutingit
1553 3876 1671 3941 hoc,
1702 3885 1757 3929 et
1781 3874 1996 3943 quidem

422 3966 691 4021 haereticis
720 3975 845 4021 ante
871 3982 1082 4032 omnes,
1111 3968 1203 4036 qui
1246 3982 1550 4022 sermonem
1591 3967 1751 4037 impie
1794 3968 1845 4021 in
1886 3967 1997 4020 fra—

424 4060 597 4112 tribus
639 4060 1068 4127 corrumpendis,
1112 4059 1265 4129 131
1306 4068 1361 4114 et
1391 4057 1603 4113 inﬁrma
1640 4074 1826 4113 eorum
1868 4074 2000 4113 eon-

425 4151 653 4207 scientia
684 4151 1029 4221 percutienda
1068 4160 1414 4218 consumunt,
1467 4152 1713 4221 quamvis
1753 4152 2000 4207 Christus

424 4258 524 4313 pro
553 4243 707 4297 nobis
729 4253 974 4298 mortuus
1002 4244 1094 4298 sit.

496 4332 659 4390 Vsus.
687 4333 737 4388 7.
785 4335 1047 4390 Venerunt
1079 4336 1188 4391 dies
1213 4336 1457 4398 ultionis,
1489 4344 1732 4390 venerunt
1758 4335 1870 4390 dies
1900 4335 2001 4389 tri—

425 4429 709 4483 bulationis
740 4440 864 4493 tum,
895 4438 943 4482 et
969 4429 1224 4499 aﬂligetur
1247 4428 1416 4483 Israel
1442 4429 1577 4482 sicut
1596 4430 1846 4497 propheta
1868 4431 2003 4484 insa-

425 4519 590 4582 niens,
617 4518 769 4572 homo
798 4519 888 4588 qui
908 4518 1061 4572 habet
1087 4519 1351 4586 spiritum.

498 4695 685 4751 XCIX.
719 4696 974 4752 Solebant
996 4696 1251 4752 lsraelitze
1282 4706 1589 4752 sanctorum
1617 4698 2000 4768 prophetarum

428 4803 706 4843 sermones
750 4789 1053 4856 repudiare,
1089 4803 1316 4858 quaeque
1360 4805 1392 4844 a
1427 4790 1537 4845 Deo
1584 4793 2001 4855 mandabantur,

431 4896 527 4949 pro
556 4880 725 4935 nihilo
753 4890 964 4948 putare,
1004 4896 1312 4950 quanquam
1344 4882 1505 4937 toties
1533 4882 1637 4937 illis
1674 4884 1811 4937 mala
1843 4898 2004 4938 even-

431 4984 551 5027 tura
580 4972 942 5042 praadixisset.
972 4972 1155 5041 Itaque
1186 4972 1381 5028 alicubi
1412 4973 1724 5043 prophetam
1747 4975 2006 5029 Ezechie-

435 5064 540 5118 lem
583 5064 663 5119 sic
700 5064 984 5134 compellat
1039 5081 1052 5118 :
1096 5083 1115 5116 ‹
1167 5064 1266 5119 Fili
1332 5064 1588 5127 hominis,
1649 5080 1774 5120 ecce
1817 5067 2007 5121 domus

432 5155 593 5210 Israel
618 5172 976 5224 exasperans;
1007 5155 1249 5210 dicentes
1277 5156 1499 5211 dicunt:
1537 5156 1682 5211 Visio
1714 5172 1874 5226 quam
1905 5158 2007 5213 iste

433 5246 600 5310 videt,
636 5246 688 5298 in
725 5246 839 5301 dies
871 5246 1086 5313 mullos,
1117 5254 1171 5301 et
1204 5246 1257 5299 in
1290 5257 1530 5316 tempora
1569 5246 1721 5316 longa
1751 5249 1851 5302 iste
1881 5262 2006 5317 pro-

434 5340 637 5408 phetat.
660 5339 951 5409 Propterea
974 5340 1061 5394 dic
1090 5342 1157 5394 ad
1187 5354 1282 5395 eos
1314 5358 1327 5394 :
1363 5338 1485 5394 Haec
1512 5340 1641 5394 dicit
1661 5340 1866 5395 Adonai
1904 5339 2007 5395 Do-

437 5428 615 5483 minus
647 5447 660 5482 :
689 5428 803 5484 Non
823 5430 1279 5501 prolongabuntur
1300 5429 1438 5484 ultra
1465 5430 1647 5485 omnia
1673 5430 1832 5486 verba
1864 5445 2003 5499 mea,

432 5534 770 5590 quaecunque
805 5521 1012 5576 locutus
1051 5520 1221 5576 fuero.
1256 5519 1391 5586 Quia
1443 5518 1630 5589 loquar
1673 5520 1916 5588 verbum,
1953 5530 2007 5578 et

506 5701 550 5733 ⁸¹
583 5700 780 5757 Jeretn.
817 5718 958 5767 μιν,
996 5701 1174 5756 Η-Η.
1255 5703 1298 5734 δ’
1327 5701 1461 5757 Οδοο
1496 5716 1611 5765 vm,
1636 5700 1686 5755 ι.

2173 3229 2343 3284 Ὅταν
2375 3230 2553 3284 τοίνυν
2588 3233 2701 3295 τοῖς
2733 3231 2886 3302 παρά
2914 3230 3049 3285 Θεοῦ
3100 3231 3331 3285 δοθεῖσιν
3373 3232 3613 3299 ἀγαθοῖς,
3644 3234 3677 3303 ἢ

2099 3324 2452 3391 σωματικοῖς,
2485 3322 2518 3393 ἢ
2550 3326 2937 3390 πνευματικοῖς
2972 3324 3045 3395 μὴ
3070 3323 3133 3393 δὴ
3167 3325 3343 3394 χρῷτό
3372 3343 3455 3389 τις
3483 3326 3679 3393 ὀρθῶς,

2101 3414 2237 3484 μήτε
2271 3415 2375 3483 μὴν
2402 3414 2482 3476 εἰς
2504 3413 2660 3480 δόξαν
2700 3413 2888 3479 αὐτοῦ,
2919 3415 3148 3485 πράττοι
3179 3416 3235 3467 δὲ
3265 3417 3681 3487 ἀπερισκέπτως

2095 3504 2165 3557 τά
2189 3503 2257 3557 δι’
2292 3498 2368 3558 ὧν
2398 3504 2463 3559 ἂν
2489 3507 2845 3577 προσκρούοι,
2872 3507 2964 3559 καὶ¹
2986 3507 3259 3561 ἁλίσκοιτο
3275 3509 3481 3573 λυπῶν,
3500 3528 3683 3564 κατοι-

2098 3596 2327 3667 χήσεται
2361 3598 2458 3667 μὲν
2486 3598 2564 3662 είς
2589 3596 2829 3667 ὄλεθρον,
2855 3597 3008 3650 ἔσται
3035 3598 3091 3651 δὲ
3118 3599 3306 3670 κλῆσις
3328 3601 3422 3653 τοῦ
3448 3596 3701 3672 διαρπά-1

2099 3688 2284 3750 ζοντος
2341 3689 2577 3753 Σατανᾶ,
2633 3690 2727 3742 καὶ
2776 3690 3019 3760 ἀκάνθης
3088 3690 3418 3763 ἐναύλισμα,
3472 3694 3682 3765 ἀγρίων

2097 3777 2365 3844 δηλονότι,
2383 3779 2479 3831 καὶ¹
2509 3778 2753 3831 ἐκτόπων
2786 3776 3094 3848 ἐπιθυμιῶν
3114 3791 3128 3806 ⁸
3169 3779 3265 3833 καὶ⁹
3284 3782 3529 3849 καρποὺς
3546 3782 3681 3851 ήμέ-

2102 3885 2229 3939 ρους
2252 3870 2349 3922 ούκ
2378 3868 2443 3922 ἂν
2474 3869 2586 3940 έχοι
2611 3869 2749 3924 κατὰ
2779 3869 2869 3922 τὸν
2910 3869 3053 3924 νοῦν.
3090 3870 3322 3924 Πάθοιεν
3343 3872 3387 3924 δ’
3426 3871 3493 3927 ἀν
3522 3873 3681 3926 τοῦτο

2101 3962 2195 4015 καὶ
2219 3963 2323 4033 πρό
2347 3980 2411 4031 γε
2428 3965 2536 4017 τῶν
2557 3964 2731 4018 ἄλλων
2754 3964 3047 4034 αἱρετικοὶ,
3072 3965 3172 4035 τὴν
3195 3965 3287 4017 τοῦ
3313 3965 3473 4033 λόγου
3492 3967 3679 4037 χρείαν

2099 4054 2443 4118 δαπανῶντες
2486 4056 2760 4121 δυσσεϐῶς
2805 4059 2899 4121 εἰς’
2932 4058 2993 4111 τὸ
3035 4057 3340 4129 παραλύειν
3385 4057 3682 4127 ἀδελφοὺς,

2102 4146 2195 4198 καὶ
2226 4145 2450 4201 τύπτειν
2471 4148 2650 4203 αὐτῶν
2676 4148 3010 4203 ἀσθενοῦσαν
3033 4150 3133 4221 τὴν
3160 4149 3485 4221 συνείδησιν,
3509 4151 3686 4204 καίτοι

2102 4239 2342 4311 Χριστοῦ
2370 4240 2637 4305 παθόντος
2674 4242 2813 4314 ὑπὲρ
2836 4243 3014 4314 ήμῶν.

2178 4331 2442 4386 Ἦκασιν
2475 4336 2535 4387 al
2567 4334 2781 4403 ἡμέραι
2833 4334 2944 4403 τῆς
2997 4334 3401 4405 ἐκδικήσεως,
3460 4336 3689 4405 ﬁxaqu-

2102 4425 2162 4477 αἱ
2190 4425 2400 4494 ἡμέραι
2428 4424 2538 4493 τῆς
2562 4425 3021 4491 ἀνταποδόσεώς
3069 4442 3205 4490 σου,
3264 4427 3362 4480 καὶ
3414 4424 3685 4492 κακωθῆ-

2105 4528 2277 4567 σεται
2315 4514 2551 4581 Ἰσραὴλ
2589 4513 2792 4583 ὥσπερ
2845 4518 2877 4569 ό
2919 4516 3229 4583 προφήτης
3262 4518 3295 4569 ό
3321 4514 3690 4584 παρεξεστη-

2035 4611 2078 4666 D
2108 4606 2246 4673 κὼς,
2280 4605 2590 4673 ἅνθρωπος
2611 4610 2644 4661 ὀ
2669 4607 3176 4677 πνευματοφόρος.

2177 4697 2292 4764 ιιιΘ¹.
2318 4698 2480 4762 ’Έθος
2503 4693 2572 4769 ἦν
2603 4700 2717 4762 τοῖς
2748 4699 2807 4764 ἐξ
2842 4701 3060 4771 Ἰσραὴλ
3082 4702 3209 4763 τοὺς
3233 4700 3339 4753 τῶν
3362 4699 3534 4767 ἁγίων
3554 4714 3688 4767 προ-

2109 4787 2299 4858 φητῶν
2333 4788 2686 4841 ἀποσείεσθαι
2722 4790 2935 4857 λόγους,
2997 4791 3089 4843 καὶ
3131 4789 3282 4842 οὐδὲν
3339 4788 3588 4860 ἡγεῖσθαι
3620 4786 3691 4840 τὰ

2112 4879 2263 4949 παρὰ
2290 4878 2449 4942 Θεοῦ,
2483 4881 2664 4933 καίτοι
2697 4881 2957 4945 πολλάκις
2988 4883 3069 4935 ὃτι
3107 4881 3298 4934 παθεῖν
3328 4881 3510 4944 αὐτοῖς
3549 4896 3689 4948 συμ-

2112 4969 2341 5040 ϐήσεται
2375 4970 2444 5024 τὰ
2478 4971 2628 5025 δεινά
2678 4973 3189 5042 περιηγορευκότος·
3235 4973 3329 5025 καὶ
3356 4972 3485 5039 γοῦν
3516 4973 3545 5024 6
3579 4969 3689 5022 τῶν

2111 5065 2248 5119 ὅλων
2269 5065 2404 5127 Θεὸς
2425 5064 2861 5136 προσπεφώνηκέ
2894 5083 2995 5117 που
3028 5063 3105 5134 τῷ
3130 5066 3382 5136 προφήτῃ
3414 5062 3686 5133 Ἰεζεχιὴλ,

2104 5158 2299 5226 λέγων’
2340 5175 2358 5208 ι
2393 5157 2490 5210 Υἱὲ
2514 5156 2823 5228 ἀνθρώπου,
2859 5156 2968 5210 ἰδοὺ
3001 5156 3030 5207 6
3084 5152 3229 5219 οἶκος
3272 5155 3485 5227 Ἰσραὴλ
3522 5156 3551 5207 6
3579 5171 3687 5207 πα-

2111 5250 2504 5322 ραπικραίνων,
2534 5250 2782 5317 λέγοντες
2812 5249 3081 5318 λέγουσιν’
3119 5249 3182 5301 Ἦ
3218 5248 3404 5320 ὅρασις
3431 5247 3497 5319 ἢν
3524 5240 3685 5310 οὗτος

2107 5343 2229 5413 ὁρᾷ,
2266 5343 2346 5404 είς
2392 5340 2606 5413 ἡμέρας
2652 5326 2874 5406 πολλὰς,
2933 5341 3026 5395 καὶ
3058 5343 3139 5404 εἰς
3187 5342 3410 5412 καιροὺς
3443 5339 3687 5410 μακροὺς

2112 5427 2267 5497 οὗτος
2289 5434 2640 5506 προφητεύει.
2660 5435 2756 5489 Διά
2783 5434 2941 5488 τοῦτο
2971 5434 3122 5487 εἰπὸν
3151 5434 3284 5503 πρὸς
3306 5432 3522 5497 αὐτούς·
3550 5433 3687 5487 Τάδε

2107 5527 2259 5596 λέγει
2299 5528 2524 5583 Ἀδωναῖ
2575 5528 2774 5600 Κύριος
2811 5542 2825 5559 ⁸
2868 5529 2943 5582 Οὐ
3007 5528 3080 5599 μὴ
3138 5525 3451 5598 μηκύνωσιν
3506 5525 3692 5581 οὐκέτι
