4110 6368
313 333 412 389 εει-ι

1222 338 1771 396 COMMENTARIUS
1812 340 1876 397 ΙΝ
1916 344 2146 400 OSEAM
2184 346 2623 405 PROPHETAM.

3458 349 3565 404 2'39.

317 449 517 509 πάντες
538 448 587 501 οἱ
618 447 766 517 λόγοι
814 468 938 519 μου,
970 450 1063 515 οὓς
1118 450 1185 506 ἂν
1238 455 1474 525 λαλήσω.
1506 456 1627 509 ’ὐτι
1674 457 1890 527 λαλήσω

2013 462 2207 523 ’aciam.
2237 464 2365 519 dicit
2395 465 2602 519 Adonai
2636 463 2892 518 Dominus
2921 463 2987 518 ⁵³.
3022 482 3039 514 ι
3071 462 3199 517 Tale
3224 462 3477 532 quiddam
3509 471 3564 514 ct

316 540 492 608 λόγον,
522 554 616 593 και
640 542 870 612 ποιήσω,
891 542 1039 612 λέγει
1071 544 1295 599 Ἀδωναϊ
1349 546 1568 616 Κύριος.
1611 569 1630 601 ο
1675 547 1893 601 Τοιοῦτό

316 634 371 686 τί
394 652 525 704 φησι
565 635 820 691 κάνθάδε.
876 655 896 689 ι
935 639 1139 693 Ἤκασι
1169 641 1298 712 γὰρ,
1342 643 1527 712 φησιν,
1570 646 1625 697 αί
1686 646 1894 715 ἡμέραι

323 724 420 795 τῆς
439 727 792 798 ἐκδικήσεως.
821 749 838 781 ι
864 730 1087 801 Ὅμοιον
1117 732 1194 795 ὡς
1216 736 1262 786 εἰ
1294 733 1463 802 λέγοι,
1486 736 1651 805 ἐγγὺς
1674 738 1705 807 ἡ
1731 736 1855 807 δίκη
1874 777 1890 803 ,

322 820 415 872 καὶ
434 820 520 873 ἐπ’
542 820 729 884 αὐταῖς
751 822 848 893 ἤδη
872 822 1064 894 θύραις
1087 826 1116 877 6
1143 824 1314 894 ἀγὼν,
1338 827 1533 894 γείτων
1554 829 1588 897 ἡ
1616 830 1891 900 συμφορὰ,

323 911 415 963 καὶ
442 913 500 963 ἐν
533 910 829 979 ὀφθαλμοῖς
865 914 893 966 6
926 912 1179 983 πόλεμος.
1234 916 1550 986 Ἐνέστηκεν
1576 919 1610 987 ὴ
1646 918 1744 989 τῆς
1772 919 1895 972 ἀντ-

322 1003 631 1066 αποδόσεως
682 1003 883 1076 ἡμέρα.
944 1006 1286 1079 Κακουμένῳ
1348 1008 1406 1062 δέ
1473 1010 1810 1080 σοι,·φησὶν,
1848 1005 1894 1065 ὧ

335 1093 572 1165 Ἰσραὴλ,
592 1095 1079 1167 συγκακωθήσεται
1110 1100 1347 1166 πάντως,
1378 1101 1473 1155 καὶ
1499 1103 1557 1155 ἐν
1580 1102 1681 1173 ἴσῳ
1705 1104 1894 1174 τρόπῳ

328 1183 543 1253 μεθέξει
576 1186 673 1255 τῆς
704 1187 882 1259 δίκης,
908 1190 938 1242 6
984 1191 1092 1253 πᾶς
1134 1192 1192 1243 ἐν
1246 1192 1329 1245 σοὶ
1362 1191 1827 1265 ψευδοπροφήτης,
1862 1195 1891 1247 6

325 1276 741 1347 παρεξεστηκὼς
799 1278 1103 1350 ἄνθρωπος,
1128 1282 1426 1350 τουτέστιν,
1479 1285 1508 1336 6
1562 1284 1749 1349 ἔνθους
1798 1287 1894 1339 καὶ

329 1367 674 1437 μαινόμενος,
717 1370 808 1423 καὶ
850 1370 1209 1437 ἀπολωλεκὼς
1250 1374 1350 1438 τὰς
1383 1375 1605 1447 φρένας,
1626 1376 1685 1431 ὃν
1716 1379 1779 1431 σὺ
1805 1396 1895 1431 νε-

324 1456 553 1526 νόμικας
575 1456 715 1513 εἶναι
754 1465 1217 1536 πνευματοφόρον.
1270 1464 1437 1535 Ὁμοῦ
1486 1466 1595 1536 γὰρ
1639 1469 1755 1528 τοῖς
1798 1467 1895 1521 άλ-

324 1546 437 1610 λοις
463 1549 746 1605 διολώλασι
776 1554 916 1607 οἵτε
951 1557 1116 1627 ἱερεῖς
1152 1556 1259 1610 τῶν
1296 1558 1537 1629 ὑψηλῷν,
1579 1559 1672 1612 καὶ
1703 1560 1751 1612 oi
1789 1560 1896 1613 τῶν

326 1639 556 1694 εἰδώλων
598 1643 960 1715 θεραπευταὶ,
1002 1621 1111 1701 ⁷καὶ
1160 1621 1530 1716 πάντεςίόσὸι
1578 1648 1897 1719 ψευδοεπεῖς

325 1749 387 1786 τε
420 1734 513 1786 καὶ
543 1735 933 1807 ψευδομάντεις
980 1735 1119 1810 ἦσαν
1166 1744 1224 1795 ἐν
1258 1742 1335 1812 τῷ
1392 1742 1628 1813 Ἰσραήλ.
1676 1744 1895 1814 Ἐπειδὴ

1995 555 2083 610 hic
2111 556 2387 625 loquitur:
2413 575 2432 608 ι
2476 558 2746 613 Venerunt
2772 556 2889 611 dies
2913 555 3151 609 ultionis.
3178 574 3197 605 ι
3229 556 3307 608 Ae
3336 554 3380 608 si
3399 553 3561 613 dicat,

1995 660 2159 713 prope
2189 655 2272 702 est
2305 646 2459 711 ultio,
2489 657 2543 701 et
2571 646 2682 713 jam
2718 647 2771 700 in
2808 646 2940 715 ipsis
2982 645 3188 700 foribus
3219 644 3508 699 discrimen
3544 654 3560 693 :

1994 736 2167 790 vicina
2195 736 2395 799 clades,
2429 747 2484 791 et
2531 737 2727 791 bellum
2759 746 2886 792 ante
2924 736 3109 791 oculos
3154 743 3254 790 est.
3308 732 3562 788 Retribu-

2000 828 2161 884 tionis
2189 829 2303 885 dies
2346 829 2517 883 adest.
2554 828 2688 882 Dum
2742 836 2796 882 tu
2842 838 3020 882 autem
3072 825 3343 896 aﬂligeris,
3376 823 3559 886 Israel,

1994 921 2214 976 omnino
2263 930 2319 975 et
2373 919 2567 991 aequali
2622 934 2779 989 poena
2829 927 3011 973 tecum
3074 917 3337 987 aﬂligetttr
3387 914 3563 968 onmis

1994 1014 2454 1084 pseudopmpheta
2483 1014 2619 1083 apud
2657 1022 2730 1076 te,
2764 1013 2924 1068 homo
2954 1011 3023 1068 de
3070 1020 3209 1065 statu
3240 1007 3435 1063 mentis
3476 1006 3562 1059 di-

1996 1114 2191 1169 motus,
2216 1106 2317 1160 hoc
2345 1114 2445 1169 est,
2481 1104 2766 1167 fanaticus,
2802 1113 2857 1157 et
2901 1104 3142 1167 insanus,
3174 1109 3227 1155 et
3272 1099 3364 1170 qui
3416 1111 3566 1149 men-

1998 1201 2105 1248 tem
2154 1194 2404 1264 perdidit,
2445 1209 2602 1264 quem
2642 1205 2695 1247 tu
2742 1193 2938 1264 putasti
2987 1189 3341 1259 spiritualem.
3392 1185 3566 1241 Sinml

1997 1285 2264 1356 siquidem
2291 1301 2410 1341 cum
2431 1287 2549 1341 aliis
2574 1286 2849 1357 perierunt
2864 1282 3180 1339 sacerdotes
3200 1277 3563 1339 excelsorum,

2001 1388 2052 1434 et
2089 1378 2324 1434 cultores
2353 1379 2643 1445 idolorum,
2668 1386 2722 1433 et
2754 1386 3016 1447 quotquot
3046 1373 3331 1429 mendaces
3360 1379 3415 1425 et
3446 1368 3565 1423 falsi

1995 1479 2147 1525 vates
2174 1480 2329 1525 erant
2355 1471 2407 1525 in
2440 1470 2623 1525 Israel.
2650 1469 2783 1536 Quia
2819 1468 2962 1523 enim
2999 1463 3345 1521 vaticinaturi
3387 1462 3567 1515 furere

1997 1574 2056 1616 se
2104 1560 2452 1627 simulabant,
2500 1570 2555 1616 et
2593 1560 2747 1627 quasi
2794 1557 3046 1613 Phtebzeo
3094 1554 3313 1609 numine
3358 1550 3568 1606 amatos

1997 1651 2291 1722 ﬁngebant,
2329 1653 2450 1708 ideo
2500 1661 2554 1708 et
2601 1651 2872 1707 hominem
2927 1649 3174 1703 insanum
3230 1659 3324 1701 seu
3386 1651 3568 1698 mente

1999 1754 2213 1815 captum
2244 1744 2547 1801 istiusmodi
2578 1742 2896 1799 nominavit.

327 1825 436 1896 γὰρ
460 1827 742 1897 μαίνεσθαι
808 1832 1227 1901 προσεποιοῦντο
1284 1833 1384 1896 τὰς
1423 1836 1683 1904 μαντείας
1730 1836 2117 1908 ποιησόμενοι,
2170 1838 2266 1890 καὶ
2314 1836 2510 1909 φοιὸᾷν
2580 1836 2957 1906 ὑπεκρίνοντο,
3016 1831 3271 1905 ταύτῃτοι
3329 1828 3425 1882 καὶ
3475 1826 3571 1881 άν-

329 1919 546 1992 θρωπον
584 1923 1028 1996 παρεξεστηκότα
1064 1927 1156 1981 τὸν
1186 1927 1425 1982 τοιοῦτον
1452 1929 1729 2000 ὀνομάζει.

412 2015 559 2070 Ὑπὸ
583 2018 690 2072 τοῦ
720 2018 990 2087 πλήθους
1010 2019 1127 2073 τῶν
1154 2020 1398 2075 ἀδικιῶν
1420 2037 1535 2076 σου
1562 2022 1906 2092 ἐπληθύνθη

2082 2021 2208 2077 Prw
2234 2021 2568 2075 multitudine
2598 2019 2932 2090 iniquitatum
2973 2026 3183 2070 tuarum
3223 2012 3572 2082 multiplicata

325 2109 511 2177 μανία
530 2124 668 2163 σου.

400 2199 477 2253 Ρ¹.
520 2200 730 2271 Πλῆθος
763 2201 976 2265 ἀδικίας
1009 2201 1194 2274 φησὶν,
1224 2203 1388 2257 οἱονεὶ
1425 2204 1525 2275 τὴν
1567 2204 1904 2276 πολύτροπόν

331 2308 391 2345 τε
432 2291 525 2344 καὶ
569 2292 820 2361 πολυειδῆ
852 2292 1146 2364 θρησκείαν
1199 2294 1293 2348 τοῦ
1341 2294 1575 2368 Ἰσραήλ.
1642 2296 1753 2349 Ἑνὶ
1806 2296 1905 2367 μὲν

333 2383 499 2453 λόγῳ,
529 2382 892 2455 πεπλάνηντο,
927 2386 1021 2439 καὶ
1068 2386 1269 2450 πάντες
1307 2382 1450 2458 ἦσαν
1498 2388 1901 2460 εἰδωλολάτραι.

333 2476 483 2548 Πλὴν
509 2476 824 2548 ἐμερίζοντο
866 2478 992 2541 τοὺς
1031 2477 1131 2549 τῆς
1164 2479 1485 2548 πλανήσεως
1520 2480 1773 2552 τρόπους,
1813 2481 1907 2534 άλ-

333 2565 417 2619 λοι
469 2583 529 2619 τε
584 2567 767 2630 ἀλλοις
829 2568 1106 2639 προσῆγον
1174 2569 1271 2632 τὰς
1327 2570 1583 2634 τελετὰς,
1646 2572 1740 2625 καὶ
1792 2573 1906 2635 τοῖς

335 2658 655 2730 προσιοῦσιν
684 2659 959 2714 ἐποιοῦντο
978 2661 1075 2725 τάς
1104 2662 1547 2732 ψευδομαντείας.
1578 2664 1640 2717 Ol
1665 2663 1761 2734 μὲν
1800 2664 1907 2733 γάρ

336 2753 456 2813 ταῖς
480 2750 775 2821 δαμάλεσιν
804 2751 1115 2821 ἐλάτρευονο
1153 2753 1204 2805 οἱ
1247 2753 1301 2806 δὲ
1340 2752 1418 2823 τῷ
1451 2752 1675 2823 Χαμὼς,
1706 2754 1908 2824 εἰδώλῳ

335 2844 530 2898 Μωάϐ·
568 2844 745 2914 ἕτεροι
781 2844 838 2897 δὲ
867 2847 935 2916 τῇ
987 2844 1277 2916 Ἀστάρτῃ.
1311 2843 1491 2899 *Ησαν
1520 2846 1597 2909 δέ,
1633 2847 1682 2900 οἳ
1719 2847 1813 2900 καὶ
1832 2845 1909 2917 τῷ

336 2937 506 3003 Βάαλ,
536 2937 630 2990 καὶ
674 2939 739 3008 τῇ
768 2938 999 3008 στρατιᾷ
1046 2936 1142 2990 τοῦ
1180 2938 1430 3008 οὐρανοῦ.
1465 2938 1733 3009 Ταύτῃτοι
1778 2938 1910 3003 Θεὸς

338 3027 616 3099 emetat-0,
661 3027 834 3096 λέγων
876 3028 964 3081 διὰ
1019 3030 1198 3099 φωνῆς
1242 3030 1533 3100 Ἰερεμίου,
1563 3031 1645 3082 ὅτι
1701 3048 1718 3080 ι
1756 3029 1912 3082 Κατὰ

338 3118 568 3190 ἀριθμὸν
593 3118 799 3171 πόλεών
828 3136 945 3183 σου,
966 3115 1104 3191 ἦσαν
1134 3120 1243 3173 θεοί
1275 3137 1389 3186 σου,
1420 3120 1641 3173 Ἰούδα.»
1674 3120 1909 3191 Ἐκάστη

339 3211 450 3282 γὰρ
477 3211 631 3274 πόλις
684 3210 793 3263 τῶν
851 3212 982 3282 παρ’
1036 3211 1220 3275 αὐτοῖς
1269 3210 1399 3264 ίδιον
1446 3211 1587 3281 ἔχειν
1647 3210 1911 3281 ὡμολόγει

346 3303 468 3356 οεόν
481 3345 493 3356 .
509 3303 679 3357 Τοῦτο
698 3304 829 3357 αὐτὸ
850 3322 868 3353 ι
892 3304 1103 3373 Πλῆθος
1119 3302 1335 3366 ἀδικίας
1357 3321 1375 3354 ι
1393 3301 1648 3373 ὀνομάζει
1665 3302 1909 3364 δικαίως.

2004 2124 2078 2168 est
2100 2113 2312 2166 insania
2341 2121 2453 2165 tua.

2075 2203 2138 2259 C.
2171 2201 2565 2257 Multitudinem
2597 2198 2898 2268 iniquitatis
2931 2196 3172 2252 nominat
3211 2193 3361 2262 quasi
3395 2190 3576 2246 multi-

2008 2298 2219 2351 modam
2244 2302 2299 2351 et
2328 2292 2708 2348 multiformem
2735 2288 3168 2359 superstitionem
3198 2285 3425 2341 lsraelis.
3452 2283 3575 2341 Uno

2007 2387 2193 2455 verbo,
2216 2386 2452 2455 corrupti
2482 2393 2637 2440 erant
2664 2397 2851 2438 omnes
2889 2389 2945 2435 et
2988 2378 3302 2434 idololatraa.
3353 2374 3575 2430 Verum-

2013 2491 2190 2536 tamen
2214 2478 2509 2535 secundum
2541 2475 2730 2531 modos
2762 2470 3096 2540 deceptionis
3129 2466 3307 2533 divisi,
3340 2465 3429 2519 alii
3458 2464 3577 2518 aliis

2012 2586 2164 2626 sacra
2193 2569 2480 2634 faciebant,
2505 2576 2561 2622 et
2586 2581 2644 2622 se
2670 2562 3121 2621 convenientibus
3148 2560 3281 2613 falsa
3320 2556 3578 2627 praedica-

2008 2666 2156 2719 bant.
2184 2663 2316 2717 Nam
2349 2660 2566 2730 quidam
2620 2656 2837 2721 vitulos,
2871 2654 3088 2725 quidam
3115 2652 3346 2707 Cbamos
3375 2649 3575 2703 idolum

2010 2756 2194 2819 Moab,
2225 2753 2314 2807 alii
2345 2754 2597 2806 Astarten
2622 2747 2892 2804 colebant.
2921 2744 3037 2799 Non
3067 2744 3290 2798 deerant
3318 2740 3443 2794 item
3484 2736 3579 2806 qui

2010 2845 2138 2899 Baal
2182 2852 2237 2898 et
2280 2841 2523 2895 militiam
2557 2838 2680 2893 coeli
2726 2838 2783 2891 in
2831 2836 3052 2891 deorum
3099 2844 3323 2886 numero
3357 2841 3581 2883 venerao

2011 2948 2216 2994 rentur.
2276 2936 2480 2991 Idcirco
2523 2933 2667 2989 Deus
2698 2932 2953 2987 incusans
3002 2942 3116 2991 eos,
3156 2942 3253 2997 per
3291 2922 3582 2979 Jeremiam

2012 3032 2089 3086 ait
2121 3049 2134 3085 :
2174 3029 2330 3099 132
2367 3046 2384 3080 ι
2422 3026 2727 3082 Secundum
2752 3037 3032 3078 numerum
3061 3020 3338 3074 civitatum
3365 3026 3581 3069 tuarum

2010 3131 2163 3179 erant
2196 3121 2267 3176 dii
2300 3120 2396 3182 tui,
2425 3117 2558 3172 Juda
2588 3116 2655 3171 “.
2694 3135 2711 3167 ι
2754 3114 3099 3182 Uuaqumque
3131 3110 3275 3165 enim
3312 3106 3441 3161 urbs
3467 3105 3584 3158 illo-

2013 3230 2131 3269 rum
2157 3212 2430 3283 proprium
2458 3211 2615 3266 deum
2669 3207 2869 3261 habere
2916 3219 2976 3259 se
3032 3201 3405 3271 proﬁtebatur.
3464 3195 3582 3251 Hoc

2014 3308 2187 3377 ipsum
2231 3323 2251 3358 ι
2300 3301 2699 3359 multitudinem
2758 3294 3061 3365 iniquitatis
3123 3312 3143 3346 ι
3205 3290 3586 3346 convenienter

354 3395 626 3466 Ἀδίκημα
646 3395 755 3466 γὰρ
783 3394 1018 3465 άληθῶς,
1063 3396 1158 3447 καὶ
1187 3392 1343 3463 ὕϐρις
1383 3395 1462 3457 είς
1501 3393 1653 3459 Θεὸν,
1676 3392 1737 3445 τὸ
1779 3394 1909 3446 ἀπο-

2019 3397 2270 3469 appellat.
2308 3395 2446 3451 Vere
2476 3394 2619 3449 enim
2654 3390 2909 3459 iniquitas
2938 3399 3020 3441 est
3050 3386 3103 3440 in
3136 3384 3324 3449 Deum,
3352 3390 3406 3437 et
3445 3378 3588 3447 inju-

344 3489 535 3558 φοιτᾷν
587 3488 683 3558 μὲν
731 3486 916 3548 αὑτοῦ,
958 3485 1315 3556 προσκεῖσθαι
1359 3484 1415 3538 δὲ
1478 3484 1655 3549 ξύλοις
1700 3501 1760 3537 τε
1817 3484 1913 3537 καὶ

343 3577 534 3642 λίθοις,
570 3579 662 3631 καὶ
690 3597 708 3629 ι
749 3578 874 3641 Τοῖς
905 3576 1088 3648 ἔργοις
1122 3577 1230 3630 τῶν
1268 3576 1465 3647 χειρῶν
1501 3575 1664 3630 αὑτοῦ
1690 3617 1706 3642 ,
1748 3593 1768 3626 ι
1816 3591 1915 3629 κα-

346 3670 523 3743 θάπερ
565 3671 891 3742 γέγραπται.
935 3669 1151 3724 Μανίαν
1204 3669 1261 3721 δὲ
1313 3668 1462 3737 λέγει
1491 3668 1591 3738 τὴν
1633 3665 1911 3737 μαντείαν.

346 3763 560 3817 Οὐκοῦν
593 3763 891 3833 ἐπειδήπερ
928 3760 1130 3831 πλῆθος
1175 3760 1390 3823 ἀδικίας
1437 3758 1664 3829 εὓρηται
1703 3758 1760 3810 ἐν
1808 3757 1913 3821 σοὶ,

344 3855 502 3924 φησι,
529 3854 782 3926 ταύτῃτοι
816 3854 913 3908 καὶ⁹
962 3852 1112 3924 παρά
1152 3852 1236 3905 σοὶ
1291 3850 1664 3922 πεπλήθυνται
1709 3848 1875 3918 μανία
1899 3887 1915 3913 ,

344 3946 644 4012 τουτέστιν,
673 3948 707 4017 ἡ
736 3944 1154 4017 ψευδομαντεία,
1201 3943 1433 3997 ἑκάστου
1486 3941 1627 3995 κατὰ
1666 3940 1725 3993 τὸ
1770 3940 1918 4002 εἰκὸς

345 4040 457 4095 τῶν
488 4040 903 4111 ψευδομάντεων
962 4038 1090 4091 ἴδιον
1151 4036 1365 4107 ἔχοντος
1416 4034 1638 4106 τρόπον,
1696 4032 1817 4086 καθ’
1858 4032 1917 4085 ὃν

349 4132 695 4204 ἐμαντεύετο.
725 4131 994 4185 Ἔκτοπον
1014 4125 1106 4184 οῦν
1141 4129 1269 4199 ἄρα,
1301 4128 1397 4182 καὶ
1438 4126 1781 4197 παράνομον,
1824 4123 1921 4177 καὶ

351 4225 580 4297 βὲὅηλον
613 4222 845 4295 ἀληθῶς,
879 4222 972 4277 καὶ
1003 4222 1104 4275 οὐκ
1159 4219 1427 4281 ἀνικάνως
1462 4217 1605 4289 ἕχον,
1637 4214 1723 4279 είς
1765 4230 1828 4283 γε
1859 4213 1921 4267 τὸ

348 4317 610 4371 δύνασθαι
666 4317 878 4379 λυπεῖν,
932 4313 1027 4367 καὶ
1073 4311 1410 4382 παροτρόναι
1447 4308 1632 4372 δεινῶς
1678 4308 1771 4359 τὸν
1813 4306 1921 4360 τῶν

350 4410 490 4463 ὅελων
521 4406 674 4470 Θεὸν,
712 4407 773 4460 τὸ
791 4404 1168 4475 ψευδοεπείαις
1206 4402 1562 4473 προσκεῖσθαι
1591 4400 1786 4470 φιλεῖν,
1814 4398 1922 4451 τῶν

350 4499 534 4551 λαλεῖν
576 4496 842 4551 εἰωθότων
893 4513 912 4546 ι
953 4494 1035 4547 Τὰ
1076 4494 1183 4549 ἀπὸ
1228 4491 1451 4563 καρδίας
1490 4490 1687 4552 αὐτῶν,
1724 4507 1742 4539 ι
1781 4486 1925 4541 καθά

352 4593 683 4662 γέγραπται,
720 4608 738 4640 ι
768 4589 864 4643 καὶ
884 4590 984 4640 οὐκ
1004 4587 1115 4640 ἀπὸ
1155 4586 1418 4657 στόματος
1440 4581 1666 4654 Κυρίου.
1693 4599 1711 4633 ι
1738 4582 1925 4649 Παρα-

355 4682 655 4753 φυλακτέον
700 4681 763 4751 δὴ
802 4677 894 4734 οὖν
924 4681 1266 4748 Χριστιανοῖς
1287 4678 1346 4731 τὸ
1370 4676 1770 4747 πλημμέλημα.
1802 4673 1920 4727 Μό-

2020 3493 2124 3557 ria,
2178 3491 2246 3544 ab
2295 3488 2386 3543 illo
2436 3485 2721 3542 recedere.
2752 3491 2805 3535 et
2858 3480 3048 3549 lignis,
3106 3475 3375 3546 lapidibus
3423 3480 3587 3541 atque

1974 3576 1981 3583 ’
2026 3604 2045 3638 ι
2080 3581 2332 3653 operibus
2357 3593 2609 3633 manuum
2640 3590 2859 3629 suarum
2901 3573 2967 3633 ⁸⁵,
3009 3590 3027 3623 ι
3074 3579 3132 3623 ιιι
3182 3567 3439 3635 scriptum
3483 3573 3586 3626 est,

2022 3674 2260 3736 colendis
2309 3672 2546 3726 deditum
2583 3682 2724 3723 esse.
2775 3663 3046 3719 Insaniam
3093 3669 3272 3714 autem
3317 3665 3590 3726 nuncupat

2022 3765 2478 3822 vaticinationem.
2510 3758 2709 3826 Quare,
2740 3756 2993 3826 quoniam
3023 3750 3308 3807 multitudo
3335 3748 3592 3817 iniquita-

2027 3860 2094 3915 tis
2121 3858 2175 3912 in
2206 3868 2257 3911 te
2278 3857 2493 3910 inventa
2522 3861 2627 3916 est,
2652 3851 2847 3916 inquit,
2875 3847 3076 3901 idcirco
3112 3852 3166 3895 et
3204 3841 3343 3911 apud
3374 3849 3426 3894 te
3456 3837 3593 3893 mul-

2027 3949 2261 4019 tiplicata
2289 3943 2629 4009 estinsauia,
2664 3940 2717 3995 id
2747 3948 2853 4001 est,
2896 3933 3232 3998 vaticinatio,
3272 3943 3593 4000 unoquoque

2028 4018 2161 4094 falso
2190 4046 2332 4100 vate,
2363 4044 2421 4088 ut
2462 4039 2881 4089 consentaneum
2919 4036 3022 4093 est,
3059 4040 3214 4080 suum
3264 4018 3590 4077 vaticinandi

2027 4132 2243 4187 modum
2292 4130 2542 4185 habente.
2588 4123 2891 4179 Absurdum
2927 4133 3056 4189 ergo
3110 4125 3163 4172 et
3226 4116 3466 4184 iniquum
3511 4120 3597 4167 est

2028 4237 2238 4288 revera,
2276 4229 2330 4276 et
2355 4218 2499 4288 quod
2523 4217 2656 4273 satis
2681 4215 2753 4269 sit
2775 4213 2839 4266 ad
2872 4212 3109 4281 graviter
3133 4205 3511 4263 oll‘endendum
3541 4211 3597 4257 et

2029 4312 2348 4367 irritandum
2378 4308 2543 4363 Deum
2594 4305 2995 4364 universorum,
3043 4298 3275 4353 libenter
3321 4294 3597 4349 attendere

2029 4404 2180 4458 falsis
2208 4398 2545 4457 sermonibus
2569 4395 2853 4451 solitorum
2884 4390 3027 4460 loqui
3064 4408 3081 4440 ι
3116 4388 3181 4442 de
3234 4386 3394 4441 corde
3424 4399 3544 4447 suo,
3573 4404 3591 4436 ι

2029 4496 2169 4551 sicut
2190 4493 2447 4562 scriptum
2465 4497 2571 4553 est,
2601 4497 2683 4541 «et
2704 4501 2806 4539 non
2828 4482 2894 4537 de
2908 4496 3002 4536 ore
3024 4478 3233 4533 Domini
3259 4479 3326 4530 ⁸⁸.
3342 4497 3359 4529 ι
3388 4477 3598 4531 Caven-

2030 4589 2155 4643 dum
2181 4585 2343 4654 igitur
2370 4579 2690 4638 Christianis
2731 4583 3031 4647 peccatum.
3076 4570 3231 4626 Solos
3278 4570 3419 4625 enim
3474 4582 3600 4623 san-

2033 4688 2239 4734 ctarum
2292 4687 2471 4728 rerum
2502 4670 2737 4725 cultores
2776 4666 2842 4721 ad
2893 4663 3196 4733 huiusmodi
3250 4661 3507 4731 languere
3546 4666 3602 4714 et

354 4740 467 4837 νοις
498 4773 607 4845 γὰρ
630 4773 696 4827 ἂν
750 4740 952 4843 πρέποι
979 4740 1041 4823 τὸ
1068 4740 1259 4823 τοιάδε
1274 4770 1451 4822 νοσεῖν
1465 4740 1586 4829 ’τοῖς
1611 4740 1718 4819 τιῖλν
1751 4764 1909 4833 ἀγίωι

2036 4768 2279 4825 inﬁrmos
2301 4779 2424 4820 esse
2452 4763 2728 4819 condecet.

354 4869 413 4923 θε
423 4866 742 4939 ραπευταῖς.

428 4956 660 5022 Σκοπὸς
710 4953 958 5024 Ἔφραῒμ
1000 4951 1149 5022 μετὰ
1190 4948 1336 5004 Θεοῦ
1380 4945 1711 5017 προφήτης,
1750 4943 1931 5015 παγίς

358 5048 578 5106 σκολιὰ
602 5047 700 5102 ἐπὶ
733 5046 933 5112 πάσας
965 5045 1072 5109 τὰς
1093 5042 1269 5107 ὀδοὺς
1304 5040 1514 5095 αὑτοῦ.

429 5143 554 5195 PA'.
580 5140 822 5202 Σκοποὺς
848 5135 1133 5205 ὀνομάζειν
1165 5133 1283 5197 ἔθος
1309 5135 1376 5203 τῇ
1405 5130 1526 5203 θείᾳ.
1579 5130 1768 5202 Γραφῇ
1801 5128 1929 5192 τοὺς

359 5230 470 5284 τῶν
492 5230 636 5284 λαῶν
660 5227 1085 5300 προεστηκότας,
1100 5223 1234 5294 ὑψοῦ
1264 5241 1322 5276 τε
1344 5222 1614 5293 ὴρμὲνους
1636 5219 1725 5273 διὰ
1742 5219 1928 5290 τιμὴν,

361 5320 445 5386 οἷς
468 5322 533 5377 ἂν
564 5322 660 5376 καὶ
695 5318 901 5391 ἐνορῴη
927 5336 1031 5381 τις,
1062 5318 1109 5370 εί
1147 5316 1211 5388 δὴ
1247 5314 1488 5385 βούλοιτο
1518 5312 1608 5366 τὸν
1637 5310 1807 5384 ὀρθὸνΙ
1838 5311 1933 5364 καὶ

363 5414 765 5483 ἀνεπίπληκτον
796 5412 1045 5482 διαζῆσαι
1079 5410 1212 5480 βίον.
1236 5408 1347 5461 Καὶ
1375 5407 1505 5475 γοῦν
1529 5408 1629 5476 ἔφη
1671 5424 1773 5459 που
1801 5406 1932 5469 Θεὸς

367 5507 502 5578 πρὸς
526 5506 617 5558 τὸν
654 5506 921 5576 μακάριον
960 5502 1243 5573 προφήτην
1294 5499 1551 5568 Ἰεζεχιήλ
1595 5515 1609 5531 ο
1644 5517 1662 5548 ι
1698 5498 1791 5551 Υἱὲ
1837 5498 1934 5549 ἀν-

366 5598 605 5671 θρώπου,
648 5595 846 5650 σκοπὸν
897 5591 1104 5647 δέδωκά
1158 5608 1216 5644 σε
1263 5588 1342 5660 τῷ
1374 5589 1505 5659 οἴκῳ
1552 5587 1784 5657 Ἰσραὴλ,
1843 5586 1934 5638 καὶ

2105 4942 2270 4997 Vens.
2311 4940 2364 4996 8.
2398 4939 2596 5009 Scopas
2624 4936 2875 5002 Epitraim
2901 4952 3015 4989 cum
3041 4934 3148 4987 Deo
3187 4933 3458 4996 orooheta,
3520 4929 3603 4983 la-

2035 5050 2197 5106 queus
2230 5042 2496 5085 tortuosae
2529 5043 2683 5094 sitper
2716 5042 2890 5079 omnes
2920 5025 3027 5079 vias
3057 5024 3188 5094 ejus.

2106 5125 2191 5183 Cl.
2220 5123 2369 5179 Solet
2398 5121 2574 5177 divina
2607 5120 2887 5188 Scriptura
2920 5131 3114 5186 scopos
3154 5114 3437 5169 nominare
3467 5126 3603 5179 pra:-

2038 5219 2183 5274 sides
2202 5224 2256 5271 et
2282 5214 2647 5269 moderatores
2670 5208 2867 5279 populi,
2892 5217 2944 5263 et
2968 5207 3020 5259 iu
3049 5204 3262 5258 sublimi
3283 5201 3602 5270 dignitatum

2040 5308 2206 5379 gradu
2242 5305 2549 5367 collocatos,
2590 5301 2643 5355 in
2687 5314 2822 5370 quos
2865 5298 3139 5351 intueatur
3170 5293 3259 5363 qui
3301 5300 3501 5345 rectam
3548 5297 3603 5342 et

2041 5398 2366 5466 inculpatam
2397 5394 2560 5449 vitam
2600 5392 2797 5461 degere
2841 5388 2984 5442 velit.
3013 5385 3191 5452 Quare
3234 5381 3428 5435 alicubi
3467 5379 3605 5434 Deus

2041 5491 2108 5545 ad
2131 5489 2342 5543 beatum
2371 5484 2687 5554 prophetam
2728 5477 3063 5534 Ezechielem
3094 5493 3107 5529 :
3148 5493 3166 5525 ι
3202 5472 3301 5527 Fili
3348 5467 3601 5529 hominis.

2042 5594 2260 5650 scopum
2283 5576 2403 5633 dedi
2432 5585 2483 5631 te
2519 5572 2699 5629 domui
2737 5569 2919 5638 Israel,
2968 5575 3023 5624 et
3065 5577 3366 5623 sermonem
3417 5558 3606 5615 audies

442 5778 488 5809 "
517 5775 715 5831 Ezecb.
744 5790 837 5839 xu,
874 5773 963 5842 27,
993 5771 1083 5827 9.8.
1161 5769 1205 5801 l”
1233 5766 1435 5833 Jer.'u,
1460 5765 1548 5823 28.
1625 5766 1669 5798 ⁵³
1704 5764 1839 5819 Osce
1868 5775 1977 5829 XIV,
2004 5758 2056 5813 4.
2133 5758 2179 5791 ⁵⁸
2210 5755 2320 5812 Jer.
2357 5769 2510 5822 nm,
2541 5751 2626 5807 16.
