4110 6368
526 276 633 331 293

1545 273 1601 329 S.
1643 273 1916 330 CYRILLI
1954 273 2419 330 ALEXANDRINl
2459 272 2776 329 ARCHIEP.

3662 267 3768 324 22$

526 408 589 446 ρτ
615 408 711 448 ore
737 406 878 453 meo.
910 403 964 446 et
991 390 1281 447 minaberis
1326 391 1406 446 eis
1444 407 1473 446 a
1510 407 1595 448 me
1644 393 1710 446 ".
1749 413 1768 446 ›
1821 395 2090 452 Usitatum

2206 396 2400 470 Ξικούσῃ
2427 399 2493 450 ἑκ
2516 392 2782 465 στόματός
2813 409 2914 462 μου
2945 390 3125 459 λόγον,
3173 388 3269 442 καὶ
3316 387 3641 460 οιαπειλήσῃ
3667 390 3768 441 αὺ-

528 485 670 536 enim
694 493 811 538 erat
839 482 920 536 his
944 483 1140 549 scopis,
1168 497 1270 536 nou
1298 482 1468 537 solum
1489 483 1554 537 iis
1574 500 1710 552 quos
1736 485 2098 554 instituerent,

530 574 596 627 ad
629 574 1042 642 descriptionem
1073 583 1128 626 et
1156 571 1385 627 formam
1418 573 1654 641 virtutis,
1679 591 1781 630 una
1812 593 1931 630 cum
1965 577 2097 646 legi-

529 667 628 719 bus
656 681 805 720 suatn
837 666 1074 733 ipsorum
1107 665 1270 718 vitam
1303 680 1634 735 proponere,
1671 669 1764 722 sed
1811 669 1973 724 etiam
2001 685 2098 740 op-

530 759 658 810 tima
691 766 956 826 praecepta
989 756 1220 822 tradere,
1243 766 1297 810 et
1329 756 1417 810 Dei
1449 757 1773 812 voluntatem
1819 761 1982 826 probe
2011 761 2098 814 in-

532 847 837 917 terpretari.
883 845 1148 900 Caeterum
1195 847 1283 900 alii
1312 848 1528 916 quidem
1572 851 1748 918 scopis
1785 851 1939 906 bonis
1967 855 2099 907 sub-

523 938 676 1008 jecti,
711 939 973 992 directum
1015 940 1116 992 iter
1149 937 1307 992 ollieii
1351 940 1688 995 ambulantes
1721 941 2096 1010 salvabantur;

529 1029 619 1080 alii
645 1028 826 1096 pravis
851 1036 906 1081 et
932 1027 1190 1094 improbis
1217 1027 1525 1081 hnminibus
1556 1030 1858 1082 animorum
1877 1046 2096 1086 suorum

533 1127 804 1172 momenta
840 1119 1263 1182 committentes,
1303 1121 1563 1175 seducere
1602 1129 1659 1176 et
1689 1122 1872 1176 seduci
1917 1138 2100 1190 perse-

529 1209 809 1274 verabant,
843 1219 1022 1264 mente
1053 1212 1120 1264 ab
1141 1213 1286 1264 omni
1319 1228 1480 1280 opere
1520 1213 1664 1268 bono
1710 1222 1765 1268 et
1797 1216 2101 1285 cognitione

530 1314 654 1352 vera
689 1301 896 1355 inanes.
920 1299 1149 1369 Propter
1173 1301 1541 1371 hujuscemodi
1571 1304 1797 1360 tribules
1821 1305 2096 1373 Ephraim,

482 1437 487 1442 .
531 1391 645 1445 sive
669 1391 921 1445 lsraelem
952 1401 1006 1446 et
1039 1407 1181 1446 nunc
1226 1396 1477 1462 castigat.
1531 1412 1550 1446 ι
1600 1394 1794 1449 Factus
1826 1405 1909 1450 est
1953 1399 2098 1449 enim

532 1481 606 1534 illi
638 1496 852 1551 scopus,
882 1483 1076 1552 inquit,
1101 1498 1220 1537 cum
1259 1485 1368 1538 Deo
1397 1485 1708 1553 praphetaa
1745 1485 1905 1554 Quasi
1936 1490 2098 1553 dicat,

534 1572 800 1642 cujusque
831 1573 924 1628 Dei
973 1574 1112 1641 falsi,
1158 1575 1323 1628 falsus
1354 1576 1632 1646 propheta.
1672 1577 1742 1632 Ut
1769 1579 1912 1632 enim
1938 1594 2102 1649 supra

533 1665 666 1730 dixi,
703 1663 758 1718 in
782 1665 1103 1735 multiplices
1123 1681 1338 1720 errores
1371 1669 1636 1734 dispertiti
1660 1668 1894 1725 fuerunt.
1931 1671 2098 1725 Etalii

2197 491 2308 550 τοῖς
2347 486 2478 556 παρ’
2517 484 2672 555 ἐμοῦ.
2707 503 2725 536 ι
2789 481 2952 546 Ἔθος
3007 481 3116 551 γάρ
3146 480 3323 534 τοῖσδε
3377 481 3619 542 σκοποῖς,
3649 479 3770 549 οὐχὶ

2201 580 2361 648 μόνον
2391 581 2503 641 τοῖς
2537 575 2943 645 παιδευομένοις
2989 573 3125 645 πρὸς
3153 571 3498 626 ὑποτύπωσιν
3528 570 3729 642 ἀρετῆς
3750 611 3766 633 ,

2197 672 2315 742 ἦτοι
2344 669 2617 732 πολιτείας
2638 670 2733 722 σὺν
2749 667 2932 737 νόμοις
2951 665 3041 718 τὸν
3061 664 3266 718 ἑαυτῶν
3300 660 3609 733 προτιθέναι
3634 661 3765 731 βίον,

2198 759 2333 814 ἀλλά
2358 757 2466 829 γάρ
2523 759 2619 811 καὶ
2665 755 3000 827 εἰσηγεῖσθαι
3043 754 3111 807 τὰ
3157 754 3420 826 χρήσιμα,
3477 754 3569 806 καὶ
3605 751 3666 805 τὸ
3692 753 3772 822 τῷ

2198 853 2316 921 Θεῷ
2348 851 2536 906 δοκοῦν
2589 848 2965 921 διερμηνεύειν
3015 846 3207 918 ὀρθῶς.
3251 847 3392 900 Ἀλλ’
3439 847 3490 899 οί
3539 845 3637 917 μὲν
3665 845 3770 900 ὑπὸ

2202 945 2437 1008 σκοποὺς
2486 943 2636 1004 ὄντες
2679 941 2938 1010 ἀγαθοὺς,
2992 942 3112 993 κατ’
3156 939 3285 993 εὐθὺ
3328 939 3422 992 τοῦ
3467 939 3792 1010 πρέποντος⁴

2202 1035 2390 1098 ἰόντες,
2413 1032 2694 1096 ἐσώζοντοο
2722 1033 2772 1086 οἱ
2795 1031 2852 1084 δὲ
2884 1032 3138 1102 πονηροῖς
3181 1029 3276 1084 καὶ
3303 1029 3524 1096 φαύλοις
3546 1030 3768 1102 ἀνδράσι

2197 1123 2295 1192 τῆς
2332 1121 2539 1175 ἑαυτῶν
2566 1120 2800 1183 διανοίας
2830 1119 3226 1191 προσνέμοντες
3259 1119 3358 1189 τὴν
3398 1117 3591 1190 ῥοπὴν,
3631 1119 3773 1172 πλαυ

2199 1214 2396 1277 νῶντές
2438 1231 2519 1278 τε,
2566 1214 2661 1266 καὶ
2713 1211 3052 1283 πλανώμενοι
3097 1211 3382 1276 διετέλουν,
3413 1212 3509 1264 και.
3552 1211 3772 1280 ἀπάσης

2199 1303 2564 1374 ἀγαθουργίας
2621 1305 2715 1358 καὶ
2776 1303 3031 1370 γνώσεως
3097 1302 3330 1372 ἀληθοῦς
3411 1303 3772 1374 ἐξῳκισμένον

2200 1393 2412 1462 ἔχοντες
2434 1393 2524 1446 τὸν
2569 1393 2713 1446 νοῦν.
2747 1392 2900 1447 Οὕτω
2940 1391 3274 1456 πεπονθότας
3309 1395 3652 1446 καταιτιᾶται
3679 1394 3773 1446 καὶ

2199 1485 2292 1538 νῦν
2323 1486 2448 1548 τοὺς
2478 1485 2542 1538 ὲκ
2583 1484 2685 1552 τῆς
2732 1485 2904 1554 φυλῆς
2953 1483 3208 1555 Ἐφραίμ,
3242 1484 3360 1554 ἦτοι
3404 1484 3496 1538 τὸν
3533 1483 3769 1554 Ἰσραήλ.

2205 1594 2224 1628 ι
2256 1576 2451 1644 Γέγονε
2481 1574 2589 1646 γὰρ
2620 1563 2787 1645 ἆὺτῷ,
2823 1576 2975 1645 φησι,
3034 1575 3234 1638 σκοπὸς
3267 1575 3407 1647 μετὰ
3457 1575 3592 1629 Θεοῦ
3639 1593 3775 1648 προ-

2202 1671 2396 1738 φήτης.
2425 1687 2443 1719 ι
2479 1669 2704 1732 Ὅμοιον
2722 1667 2798 1730 ὡς
2832 1669 2880 1720 εί
2903 1667 3073 1734 λέγοι,
3109 1666 3227 1720 καθ’
3253 1667 3480 1720 ἑκαστον
3509 1668 3616 1721 τῶν
3642 1667 3776 1737 ψευ-

532 1755 747 1823 qnidetn
777 1756 1081 1810 servierunt
1113 1757 1272 1822 Baal,
1308 1758 1396 1816 alii
1428 1757 1684 1824 Chamos,
1709 1760 1822 1815 sive
1844 1761 2102 1830 Beelphe-

2206 1759 2466 1829 δωνύμων
2492 1758 2651 1823 θεῶν,
2682 1759 2778 1812 καὶ
2802 1758 3162 1828 ψευδόμαντις
3204 1758 3388 1822 ἱδικός.
3429 1759 3515 1822 Ὠς
3536 1760 3643 1831 γάρ
3672 1760 3774 1830 ήδη

532 1859 630 1910 gor
662 1845 856 1915 :133
892 1857 946 1900 et
980 1847 1030 1900 in
1062 1848 1298 1916 quolibet
1325 1848 1450 1902 fano
1491 1848 1783 1904 formatum
1823 1861 1878 1904 et
1912 1866 2100 1905 manur

535 1936 734 1990 factum
768 1938 1114 1994 simulacrum
1142 1939 1359 2008 aliquod
1416 1941 1724 2012 idolumque
1755 1942 2102 2010 cernebatur,

533 2028 621 2081 cui
660 2029 930 2085 assidebat
959 2033 1284 2101 assiduoque
1328 2035 1601 2088 serviebat
1639 2035 2102 2105 pseudopropheta

534 2122 802 2190 proprius,
841 2133 1064 2192 eratque
1108 2127 1246 2196 apud
1277 2139 1372 2181 eos
1421 2142 1592 2196 genus
1641 2129 1971 2182 vaticinandi
2013 2144 2104 2182 va-

535 2212 695 2266 rium.
743 2213 808 2267 Et
851 2217 1168 2271 eructabant
1212 2219 1594 2275 accedentibus
1631 2223 1774 2290 quod
1831 2223 2101 2290 volebant,

533 2303 651 2358 sine
682 2305 887 2358 ratione
934 2315 1188 2375 tanquatn
1227 2311 1566 2366 conducibile
1613 2323 1668 2366 et
1716 2315 2101 2369 necessarium.

532 2393 795 2460 Quoniam
825 2397 984 2464 igitur
1010 2396 1183 2453 factus
1198 2409 1282 2454 est
1309 2415 1506 2471 scopus
1533 2403 1816 2458 tribulibus
1850 2404 2102 2474 Ephraim

533 2502 655 2540 cum
684 2501 1003 2556 unoquoque
1028 2488 1168 2545 falso
1196 2492 1297 2546 deo
1327 2493 1489 2546 etiam
1531 2495 1790 2564 propheta
1832 2499 2103 2564 proprius,

531 2578 738 2632 idcirco
763 2591 947 2648 postea
981 2583 1050 2637 ad
1096 2584 1314 2652 quidvis
1361 2587 1730 2653 turpissimum
1783 2589 2108 2658 impotenter

533 2683 592 2722 se
614 2671 895 2726 dederunt.
933 2672 1043 2728 Hoc
1073 2675 1175 2728 illis
1210 2675 1410 2730 factum
1453 2687 1537 2732 est
1590 2698 1608 2729 ι
1650 2688 1702 2732 et
1740 2680 1962 2748 laqueus
1995 2693 2107 2735 tor-

2205 1853 2484 1921 προεῖπον,
2521 1851 2600 1914 είς
2625 1848 2961 1920 πολύτροπον
2986 1848 3304 1922 ἐμερίζοντο
3327 1847 3553 1921 πλάνην.
3585 1851 3696 1904 Καὶ
3726 1852 3776 1904 οἱ

2208 1942 2304 2011 μὲν
2324 1940 2719 2012 λελατρεύκασι
2741 1939 2818 2008 τῷ
2838 1939 3003 1994 Bia):
3023 1942 3071 1992 οί
3087 1940 3143 1994 δὲ
3165 1940 3242 2011 τῷ
3263 1941 3489 2010 Χαμὼς,
3507 1941 3672 2010 ἡγουν
3700 1939 3778 2010 τῷ

2204 2032 2540 2102 Βεελφεγὼρ.
2567 2033 2674 2087 Καὶ
2705 2035 2762 2086 ἑν
2783 2033 2996 2101 ἑκάστῳ
3028 2032 3250 2102 τεμένει
3293 2032 3778 2102 πεπλαστούργητό

2203 2140 2256 2176 τι
2309 2123 2404 2177 καὶ
2443 2124 2801 2194 χειρόκμητον
2850 2123 3072 2194 ἄγαλμά
3127 2139 3186 2176 τε
3223 2123 3318 2178 καλ⁸
3363 2122 3586 2195 βρέτας,
3615 2123 3708 2176 καὶ
3749 2124 3778 2175 ὁ

2204 2213 2578 2284 προσεδρεύων
2601 2214 2815 2283 ἑκάστῳ
2845 2213 3293 2284 ψευδοπροφήτης
3333 2211 3519 2277 ίδικὸς,
3550 2215 3642 2267 καὶ
3661 2213 3778 2267 διά-

2205 2323 2366 2377 φορος
2394 2306 2522 2378 παρ’
2552 2307 2733 2370 αὐτοῖς
2771 2308 2798 2360 ὁ
2827 2306 2926 2376 τῆς
2950 2305 3208 2376 μαντείας
3238 2301 3305 2376 ἦν
3325 2305 3542 2376 τρόπος.
3587 2304 3780 2378 Ἦρεύ-

2204 2416 2360 2468 γοντο
2403 2399 2461 2452 δὲ
2503 2401 2615 2462 τοῖς
2651 2398 3110 2470 προσερχομένοις
3164 2397 3227 2452 τὸ
3271 2397 3461 2450 δοκοῦν
3493 2398 3674 2462 ἁπλῶς
3704 2398 3780 2460 ὡς

2206 2491 2472 2562 χρήσιμόν
2496 2509 2555 2544 τε
2615 2491 2707 2543 καὶ
2748 2492 3064 2554 ἀναγκαῖον.
3115 2490 3328 2545 Οὐκοῦν
3367 2491 3664 2561 ἐπειδήπερ
3687 2491 3780 2559 γέ-

2205 2599 2330 2649 γονε
2367 2582 2563 2645 σκοπὸς
2591 2585 2700 2645 τοῖς
2734 2581 2792 2645 ἑξ
2824 2580 3062 2652 Ἐφραῒμ
3099 2581 3216 2651 μεθ’
3247 2581 3477 2634 ἑκάστου
3511 2580 3619 2634 τῶν
3645 2581 3780 2650 ψευ-

2208 2673 2472 2744 δωνύμων
2507 2673 2664 2732 θεῶν.
2694 2675 2788 2726 καὶ
2811 2674 3094 2744 προφήτης
3121 2672 3302 2737 ίδικὸς,
3321 2671 3574 2745 ταύτῃτοι
3594 2672 3779 2724 λοιπὸν

536 2770 742 2816 tuosus.
781 2782 799 2812 ι
824 2762 935 2816 Non
968 2766 1111 2818 enim
1140 2777 1388 2835 poterant
1423 2771 1601 2837 dirigi,
1625 2782 1678 2824 et
1709 2782 1851 2826 recta
1868 2789 2105 2841 unquam

2209 2765 2344 2835 πρὸς
2370 2768 2477 2819 πᾶν
2515 2765 2690 2819 ὁτιοῦν
2716 2765 2821 2818 τῶν
2877 2765 3170 2834 αἰσχίστων
3201 2765 3443 2835 ἀσχέτως
3487 2764 3780 2818 ἀπονενεύ-

533 2853 788 2909 incedere
818 2855 869 2908 in
919 2866 995 2910 tot
1031 2858 1252 2914 deorum
1311 2862 1512 2914 cultum
1565 2863 1823 2932 prolapsi.
1883 2877 1941 2918 ut
1981 2882 2105 2920 cum

2208 2873 2358 2911 κασι.
2395 2855 2567 2911 Τοῦτο
2611 2857 2836 2926 γέγονεν
2865 2857 3014 2928 αὐτῷ
3049 2877 3067 2908 ι
3098 2857 3193 2910 καὶ
3220 2855 3384 2924 παγὶς
3411 2855 3616 2909 σκολία.
3648 2873 3666 2906 ι
3703 2854 3778 2906 Οὐ

533 2945 774 3011 quolibet
815 2949 913 3000 deo
957 2959 1009 3003 et
1052 2952 1324 3019 pr0prium
1369 2955 1684 3022 prophetam
1733 2956 2012 3019 baberent,
2053 2969 2108 3012 et

2206 2952 2315 3022 γάρ
2345 2948 2413 3024 ἦν
2436 2953 2885 3020 κατευθύνεσθαι,
2912 2952 3006 3005 καὶ
3027 2951 3204 3022 ὀρθῶς
3247 2949 3484 3021 βαδίζειν
3521 2945 3783 3001 δύνασθαί

537 3038 754 3105 insuper
775 3053 994 3107 scopum
1027 3043 1128 3096 sibi
1157 3043 1418 3108 facerent,
1452 3047 1540 3114 qui
1571 3062 1665 3102 eos
1699 3063 1727 3098 a
1754 3049 1953 3116 pietate
1978 3065 2103 3119 erga

537 3129 702 3180 Deum
731 3130 1054 3197 abducebat,
1091 3144 1141 3188 et
1173 3134 1224 3188 in
1255 3134 1464 3189 loream
1499 3137 1815 3205 perdit-iouis
1860 3140 2105 3208 praecipi-

535 3221 706 3274 tabat.
752 3220 1000 3280 Volentes
1032 3226 1191 3296 igitur
1225 3228 1430 3296 legibus
1469 3231 1858 3284 convenienter
1904 3231 2104 3298 vivere,

533 3313 844 3370 auscultare
878 3315 1072 3372 debent
1114 3334 1218 3373 non
1261 3323 1574 3376 docentibus
1619 3323 1955 3392 simpliciter,
2009 3340 2108 3379 nec

537 3400 879 3470 loquentibus
903 3408 970 3462 de
999 3408 1161 3463 corde
1191 3425 1288 3464 suo
1330 3411 1398 3474 ⁸⁸,
1457 3412 1548 3467 sed
1586 3413 1784 3482 quibus
1829 3415 2010 3468 divina
2055 3422 2109 3468 et

532 3508 770 3562 superna
805 3499 975 3566 gratia
1003 3500 1232 3555 sincera:
1275 3517 1402 3571 erga
1431 3502 1597 3557 Deum
1635 3505 1919 3559 charitatis
1953 3507 2107 3558 testi-

536 3586 776 3640 tnnnium
821 3591 1050 3645 dederit.
1108 3592 1241 3648 Iliuc
1289 3604 1342 3648 et
1384 3594 1681 3651 Christus:
1737 3615 1757 3649 ι
1810 3597 2105 3662 Attendite,

540 3678 732 3744 inquit,
771 3696 798 3733 a
823 3682 976 3736 falsis
1007 3687 1306 3752 prophetis,
1344 3689 1433 3755 qui
1473 3689 1690 3743 veniunt
1719 3690 1785 3743 ad
1816 3705 1910 3744 vos
1937 3691 1987 3744 in
2017 3706 2108 3744 ve-

538 3770 808 3826 stimentis
845 3774 1047 3840 ovium,
1085 3777 1410 3836 intrinsecus
1443 3793 1619 3837 autem
1650 3792 1776 3837 sunt
1816 3783 1924 3852 lupi
1954 3800 2108 3852 rapa-

534 3875 629 3915 ces
659 3863 724 3914 ⁵⁸.
756 3881 776 3914 ι

607 4037 646 4088 Α
673 4038 980 4093 crudelibus
1017 4051 1194 4094 autem
1245 4043 1374 4096 leris
1416 4059 1604 4112 parum
1643 4046 1954 4112 discrepare
1999 4062 2103 4099 non

540 4124 672 4178 falso
703 4128 1028 4182 allirmamus
1072 4131 1356 4197 impiarum
1399 4134 1661 4188 baeresum
1703 4135 2010 4189 inventores
2052 4146 2109 4190 et

540 4222 816 4279 patronos,
849 4218 938 4284 qui
968 4233 1064 4272 ore
1097 4220 1312 4274 diducto
1341 4221 1589 4276 lsraelem
1635 4225 1916 4278 devorant.
1965 4225 2107 4292 Quo-

537 4305 824 4360 dammodo
869 4310 1013 4363 enim
1066 4323 1394 4366 consumunt
1447 4313 1833 4383 simpliciorum
1871 4317 2102 4380 animas,

2211 3061 2340 3097 ποτε
2372 3045 2498 3107 τοὺς
2531 3045 2612 3108 εἰς
2644 3043 2913 3112 τοσαύτην
2955 3041 3243 3096 πολυθεῒαν
3269 3038 3666 3108 ὠλισθηκότας,
3707 3036 3784 3100 ὡς

2210 3136 2306 3188 σὺν
2356 3135 2572 3205 ἑκάστῳ
2603 3134 2720 3204 Θεῷ
2763 3135 2858 3188 καὶ
2913 3135 3198 3205 προφήτην
3249 3131 3393 3202 ἔχειν
3447 3131 3640 3183 ίδικόν·
3690 3131 3786 3183 καὶ

2211 3226 2458 3296 προσέτι,
2481 3225 2752 3280 ποιεῖσθαι
2784 3227 3004 3290 σκοπὸν,
3029 3225 3120 3278 τὸν
3140 3224 3240 3294 τῆς
3259 3225 3338 3286 είς
3351 3223 3484 3276 Θεὸν
3500 3221 3785 3284 εὐσεϐείας

2208 3317 2627 3387 ἀποκομίζοντα,
2648 3319 2740 3371 καὶ
2767 3320 2878 3380 τοῖς
2903 3317 3000 3387 τῆς
3021 3314 3292 3377 ἀπωλείας
3324 3314 3533 3368 ἑνιέντα
3555 3313 3642 3381 βόθ
3653 3328 3783 3383 ροις.

2210 3407 2544 3477 Προσεκτέον
2575 3407 2640 3478 δὴ
2669 3403 2760 3460 οὖν
2791 3411 2897 3470 τοῖς
2923 3407 3168 3460 ἐθέλουσι
3205 3404 3353 3476 βιοῦν
3377 3404 3635 3469 ἑννὸμως,
3665 3402 3787 3472 οὐχὶ

2207 3500 2318 3561 τοῖς
2349 3498 2691 3552 διδάσκουσιν
2741 3499 2948 3561 ἁπλῶς,
3009 3499 3132 3551 οὐδὲ
3164 3499 3280 3560 τοῖς
3311 3495 3531 3549 λαλοῦσι
3562 3494 3627 3547 τά
3677 3493 3786 3547 ἀπὸ

2209 3589 2434 3661 καρδίας
2463 3588 2662 3650 αὐτῶν,
2681 3583 2887 3652 ἀλλὀἷς
2908 3588 2975 3641 ἂν
2995 3590 3028 3660 ἡ
3050 3588 3169 3640 θεία
3192 3588 3285 3640 καὶ
3312 3584 3518 3640 ἄνωθεν
3547 3587 3787 3654 ἐπιμαρο

2206 3683 2416 3752 τυρήσῃ
2441 3681 2597 3751 χάρις
2638 3681 2740 3749 τῆς
2777 3682 2856 3742 είς
2878 3679 3010 3732 Θεὸν
3041 3679 3261 3747 ἀγάπης
3291 3676 3350 3730 τὸ
3381 3676 3623 3746 γνήσιον.
3662 3675 3788 3727 Τοι-

2207 3774 2396 3842 γάρτοι
2422 3773 2514 3826 καὶ
2541 3775 2569 3826 ὁ
2601 3771 2854 3843 Χριστός·
2892 3790 2910 3822 t
2948 3771 3274 3841 Προσέχετε,
3315 3768 3500 3839 φησὶν,
3533 3767 3640 3830 ἀπὸ
3677 3767 3787 3820 τῶν

2207 3863 2664 3935 ψευδοπροφητῶν
2681 3902 2696 3924 ,
2725 3863 2918 3924 οἵτινες
2941 3860 3190 3931 ἔρχονται
3223 3859 3357 3930 πρὸς
3382 3859 3524 3930 ὑμᾶς
3545 3860 3602 3911 ὲν
3632 3858 3785 3911 ἑνδύο

2211 3973 2346 4026 μασι
2373 3955 2679 4026 προϐάτων,
2722 3952 2924 4006 ἔσωθεν
2945 3951 3001 4003 δέ
3035 3953 3140 4004 είσι
3169 3950 3322 4004 λύκοι
3352 3951 3620 4022 ἅρπαγες.
3654 3969 3672 4002 ι

2280 4044 2474 4115 Θηρῶν
2511 4043 2618 4114 γάρ
2647 4043 2852 4112 ἀγρίων
2883 4040 3038 4109 ὀλίγα
3087 4041 3381 4108 διενεγκεῖν
3429 4057 3606 4110 φαμεν
3658 4041 3788 4109 ἀλη-

2209 4136 2476 4199 θεύοντες,
2510 4137 2636 4197 τοὺς
2665 4133 2771 4186 τῶν
2806 4133 3031 4186 ἀνοσίων
3087 4131 3352 4206 αἱρέσεων
3400 4130 3648 4202 εὑρετάς,
3690 4133 3787 4186 καὶ

2209 4227 2631 4299 προεστηκότας,
2656 4227 2780 4288 τοὺς
2809 4223 3190 4287 κατεσθίοντας
3215 4223 3307 4277 τὸν
3335 4223 3551 4294 Ἰσραὴλ
3577 4224 3683 4294 ὅλῳ
3706 4223 3786 4294 τῷ

2211 4320 2457 4388 στόματι.
2493 4317 2783 4369 Δαπανῶσι
2814 4317 2921 4385 γάρ
2955 4314 3145 4385 ὥσπερ
3176 4314 3277 4377 τὰς
3324 4313 3433 4367 τῶν
3485 4314 3788 4370 ἁπλουστέο

534 4395 763 4452 fallacia:
791 4400 1043 4476 dentibus
1067 4417 1161 4457 eos
1189 4404 1639 4461 comminueutes.
1682 4406 1898 4462 Dicatur
1924 4409 2106 4477 itaque

2213 4426 2319 4478 ρων
2345 4407 2544 4477 ψυχάς,
2586 4409 2701 4485 τοῖς
2752 4404 2851 4474 τῆς
2905 4404 3122 4473 ἀπάτης
3164 4403 3342 4456 ὀδοῦσι
3384 4403 3783 4475 συντρίϐοντες.

542 4501 569 4539 τι
597 4487 750 4543 nobis
780 4493 984 4548 etiam:
1022 4513 1041 4546 ι
1095 4496 1234 4550 Deus
1271 4508 1519 4553 conteret
1565 4499 1753 4554 dentes
1798 4514 1984 4553 eorum
2050 4503 2101 4553 in

531 4595 632 4632 ore
660 4584 923 4650 ipsorum;
972 4587 1140 4641 molas
1167 4589 1377 4644 leonum
1412 4593 1677 4661 confregit
1712 4591 1992 4658 Dominus.
2022 4591 2102 4645 Ad

536 4673 766 4728 nihilum
803 4678 1108 4745 devenient,
1142 4689 1198 4734 ut
1225 4697 1362 4753 aqua
1398 4687 1713 4740 decurrens.
1753 4685 2106 4739 luteudetar-

535 4779 663 4819 cum
698 4781 851 4821 suum
876 4769 1046 4824 donec
1076 4772 1416 4830 inlirmeutur
1445 4777 1510 4829 ‘°.
1557 4795 1575 4827 ι

612 4946 776 5000 Vens.
801 4947 854 5001 9.
887 4946 1154 5002 Insaniam
1184 4952 1239 5003 in
1281 4952 1436 5006 domo
1484 4953 1576 5007 Dei
1608 4954 1923 5022 deﬁxerant.
1974 4953 2106 5008 Cor-

541 5039 682 5105 rupti
713 5048 832 5091 sunt
858 5041 1140 5095 secundum
1165 5043 1273 5096 dies
1303 5045 1472 5099 collis.
1505 5045 1887 5100 Recordabitur
1913 5047 2111 5117 iniqui-

541 5130 669 5182 tatis
699 5146 900 5192 eorum,
931 5132 1211 5187 ulciscetur
1229 5147 1435 5199 peccata
1466 5154 1667 5191 eorum.

614 5218 721 5274 Cll.
751 5220 1020 5277 insaniant
1053 5235 1106 5278 et
1134 5225 1220 5278 hic
1253 5242 1401 5279 more
1427 5228 1584 5282 solito
1615 5227 1781 5285 falsas
1805 5230 2110 5299 praedictio-

544 5328 644 5366 nes
669 5315 934 5379 nominat,
979 5317 1193 5370 domum
1225 5328 1400 5373 autem
1451 5321 1658 5374 Domini
1697 5320 1970 5376 lsraelem.
2023 5322 2110 5375 Di-

544 5413 694 5458 ctum
720 5415 801 5460 est
825 5408 986 5477 igitur
1005 5411 1233 5478 quodam
1255 5411 1370 5466 loco
1392 5427 1485 5482 per
1503 5411 1676 5467 Jerem
1686 5414 1788 5466 iam
1808 5415 1873 5467 ad
1894 5412 2106 5469 Judaeoc

545 5509 666 5548 rum
704 5494 1063 5570 Synagogam,
1105 5501 1252 5556 velut
1283 5517 1347 5558 ex
1411 5518 1638 5570 persona
1677 5505 1766 5558 Dei
1803 5521 1866 5558 :t
1919 5502 2108 5559 Nonne

607 5670 660 5705 ⁸⁷
701 5673 892 5728 Ezet-h.
936 5692 1016 5736 in.
1059 5678 1144 5731 17.

2213 4499 2462 4571 Εἰρήσθω
2485 4500 2548 4569 δὴ
2586 4494 2679 4552 οὖν
2708 4499 2801 4552 καὶ
2831 4495 2966 4566 πρὸς
2997 4496 3175 4567 ἡμῶνο
3211 4515 3230 4547 t
3264 4496 3322 4550 '0
3340 4495 3473 4558 Θεὸς
3507 4495 3786 4566 συντρίψει

2211 4593 2337 4654 τοὺς
2360 4590 2574 4654 ὀδόντας
2603 4589 2782 4642 αὐτῶν
2810 4587 2960 4659 ὲντῷ
2992 4588 3218 4657 στόματι
3245 4586 3444 4650 αὐτῶν,
3481 4586 3580 4649 τάς
3612 4585 3784 4655 μύλας

2210 4681 2318 4736 τῶν
2348 4681 2580 4734 λεόντων
2632 4679 2952 4733 συνέθλασεν
2972 4679 3000 4731 ὁ
3024 4678 3248 4748 Κύριος.
3297 4676 3788 4748 Ἐξουδενωθήσον-

2211 4791 2300 4827 ται
2320 4774 2394 4837 ὡς
2423 4772 2564 4842 ὕδωρ
2582 4772 3055 4842 διαπορευόμενον.
3087 4770 3318 4824 Ἐντενεῖ
3343 4769 3402 4822 τὸ
3422 4767 3573 4833 τόξον
3595 4765 3783 4833 αὐτοῦ,

2210 4865 2314 4928 ἓως
2339 4861 2399 4917 οἶ)
2429 4863 2818 4933 ἀσθενήσωσιν.
2863 4881 2879 4914 ι

2274 4957 2509 5011 Μανίαν
2539 4957 2607 5009 ἐν
2640 4955 2784 5018 οἴκῳ
2822 4953 3050 5022 Κυρίου
3077 4950 3445 5020 κατέπηξαν.
3495 4947 3789 5018 Ἔφθάρη-

2207 5065 2328 5104 σαν
2383 5048 2534 5101 κατὰ
2596 5046 2818 5116 ἡμέρας
2882 5044 2988 5099 τοῦ
3043 5043 3300 5109 βουνοῦ.
3355 5041 3785 5108 Μνησθήσεται

2205 5139 2439 5204 ἀδικίας
2465 5135 2682 5201 αὐτῶν,
2711 5135 3017 5203 ἐκδικήσει
3037 5135 3324 5205 ἁμαρτίας
3355 5131 3573 5188 αὐτό».

2286 5231 2406 5284 PB'.
2428 5230 2639 5283 Μανίαν
2670 5227 2900 5282 κάνθάδε
2931 5227 3174 5298 συνήθως
3197 5226 3328 5296 φησὶ
3363 5224 3462 5294 τὴν
3481 5223 3786 5292 ψευδομανο

2214 5323 2384 5378 τείαν.
2421 5322 2623 5392 Κυρίου
2652 5320 2708 5371 δὲ
2761 5315 2906 5371 οἷκον
2935 5317 3187 5387 ὀνομάζει
3232 5318 3323 5368 τὸν
3388 5314 3625 5386 Ἰσραήλ.
3670 5313 3783 5366 Καὶ

2214 5413 2344 5483 γοῦν
2372 5413 2581 5484 εἴρηταί
2619 5428 2722 5463 που
2745 5411 2832 5463 διὰ
2871 5409 3053 5479 φωνῆς
3087 5408 3348 5479 Ἱερεμίου
3381 5406 3515 5477 πρὸς
3542 5405 3639 5476 τὴν
3669 5402 3782 5458 τῶν

2227 5505 2491 5560 Ἰουδαίων
2543 5500 2890 5572 Συναγωγὴν,
2914 5499 2990 5564 ὼς
3028 5501 3093 5554 ὲκ
3142 5498 3432 5570 προσώπου
3468 5497 3561 5551 τοῦ
3607 5493 3776 5550 Θεοῦ’

1224 5679 1268 5711 ⁸⁸
1297 5679 1407 5736 .ler.
1437 5696 1589 5744 uin,
1621 5680 1703 5736 16.
1782 5682 1826 5712 δ’
1858 5679 2045 5736 Matth.
2079 5696 2172 5747 vn,
2205 5681 2288 5736 15.
2367 5683 2410 5713 ⁶⁰
2437 5679 2579 5735 l’sal.
2611 5694 2736 5742 ινιι,
2759 5677 2808 5741 7,
2834 5676 2890 5733 8.
