4110 6368
341 416 448 470 223
1248 412 1795 472 COMMENTARIUS
1830 411 1894 466 IN
1935 411 2169 467 OSEAM
2210 412 2650 469 I’ROPIIETAM.
3478 403 3583 465 226

352 553 370 585 ι
397 534 507 603 Οὐχ
534 532 610 597 ώς
641 527 787 587 οἶκόν
812 548 879 602 με
906 532 1194 598 ἐκάλεσας,
1231 534 1323 587 καὶ
1371 535 1603 604 πατέρα,
1640 532 1735 585 καὶ
1779 532 1912 601 ἀρχ-
1945 540 1975 593 Α

1955 540 1991 593 Α
2022 540 2080 583 ιιι
2114 532 2328 583 domum
2370 545 2456 584 me
2484 529 2711 593 vocasti,
2747 535 2800 581 et
2835 533 3064 595 patrem,
3099 533 3152 579 et
3189 525 3379 578 ducem
3418 523 3578 592 virgi-

344 627 477 698 ηγδν
521 625 622 695 τῆς
670 624 968 695 παρθενίας
1001 643 1129 692 σου;
1161 646 1179 678 ι
1231 625 1679 696 Καταπλήττεται
1704 623 1769 693 δὴ
1815 619 1909 676 οὖν

2016 622 2201 676 uitatis
2234 631 2338 675 tua:
2372 620 2451 673 υἷ’
2488 640 2507 672 ›
2544 619 2912 689 Magnitudine
2939 618 3100 686 igitur
3126 617 3374 670 amentia:
3403 624 3459 670 et
3490 630 3583 670 ne-

340 720 440 789 τῆς
465 715 807 786 ἀποπληξίας
821 716 883 769 τὸ
906 716 1153 786 μέγεθος,
1173 716 1265 769 καὶ
1285 716 1393 769 τῶν
1413 716 1627 769 ἀτόπων
1657 716 1911 784 ἐγχειρη-

2014 713 2296 767 fandarum
2334 714 2704 769 .molitionum
2781 711 3161 778 exsuperantia
3228 707 3582 777 obstupescit.

353 812 537 882 μάτων
567 811 669 881 τὴν
697 809 1023 879 ὑπερϐολήν.
1073 808 1397 879 Ἐληλάκασι
1433 807 1542 878 γὰρ
1591 806 1729 877 πρὸς
1755 806 1915 859 τοῦτο

2014 805 2295 875 Progressi
2331 814 2458 861 sunt
2500 806 2644 857 enim
2691 803 2827 873 jam,
2875 802 3070 872 inquit,
3106 817 3169 856 eo
3194 800 3503 870 impietatis,
3527 808 3587 853 ut

347 901 533 955 λοιπὸν
564 899 928 970 ἀνοσιότητος.
965 900 1147 969 φησιν,
1188 899 1263 962 ὼς
1304 898 1500 969 μανίαν
1536 900 1594 951 ἐν
1626 896 1761 967 οἴκῳ
1797 898 1913 949 Κυ-

2015 898 2278 952 insaniam
2316 898 2367 950 iu
2404 897 2562 950 domo
2610 896 2703 950 Dei
2751 896 3055 959 deﬁxerint,
3100 894 3202 946 hoc
3235 903 3339 956 est,
3384 891 3582 946 falsum

347 994 468 1064 ρίου
502 992 834 1062 καταπῆξαι,
879 992 1159 1054 τουτέστι,
1212 989 1661 1059 ψευδομαντείαν,
1709 988 1804 1041 καὶ
1845 986 1914 1041 τὰ

2016 992 2328 1045 vaticinium
2376 990 2793 1056 divinarumque
2825 988 3000 1056 legqu
3031 987 3397 1040 violationem.
3447 985 3585 1051 Apte

342 1089 460 1149 τοῖς
492 1085 656 1149 θείοις
691 1085 873 1155 νόμοις
903 1085 1328 1156 ἀπηγορευμένα
1364 1084 1723 1155 πλημμελεῖν.
1755 1079 1827 1137 Εὖ
1857 1084 1914 1136 δὲ

2015 1095 2193 1138 autem
2222 1094 2274 1137 et
2308 1083 2436 1137 illud
2477 1082 2701 1146 dictum,
2754 1099 2772 1132 ι
2837 1082 3227 1135 ἀείὶχετυοι-»
3271 1076 3428 1148 134
3468 1077 3582 1130 Non

343 1173 411 1245 δὴ
464 1175 557 1228 καὶ
582 1173 644 1227 τὸ
697 1192 715 1225 ι
750 1173 1083 1243 κατέπηξαν,
1119 1192 1138 1226 ›
1193 1173 1346 1243 φησί.
1396 1171 1471 1227 Οὐ
1506 1174 1613 1244 γὰρ
1642 1174 1912 1226 πέπαυται

2015 1178 2157 1233 enim
2193 1178 2348 1232 desiit
2378 1177 2636 1230 audacter
2666 1183 2937 1244 patratum
2972 1172 3159 1233 semel,
3196 1172 3288 1225 sed
3318 1171 3584 1239 quodam~

310 1320 313 1321 ,
342 1264 608 1334 τολμηθὲν
633 1263 884 1328 εἰσάπαξ.
903 1265 1016 1317 ἁλλ’
1033 1265 1192 1318 οἱονεὶ
1211 1266 1423 1336 πέπηγε
1448 1266 1540 1318 καὶ
1558 1265 1911 1336 ἐνεϐοθρεύθη

2018 1271 2176 1324 modo
2214 1270 2316 1323 fixa
2366 1278 2451 1323 est
2509 1280 2565 1323 et
2610 1269 2661 1320 iu
2714 1267 2962 1323 scrobem
3023 1266 3254 1333 impacta
3305 1263 3582 1332 impietas;

346 1356 529 1409 λοιπὸν
560 1357 657 1426 τῆς
684 1357 1001 1420 δυσσεϐείας
1042 1357 1102 1410 τὸ
1151 1358 1357 1428 χρῆμα·
1389 1358 1449 1410 ού
1494 1358 1602 1428 γὰρ
1650 1356 1914 1426 κατέληξε

2015 1360 2139 1427 quia
2174 1374 2277 1413 non
2316 1360 2550 1413 cessavit
2597 1356 2767 1411 falsos
2807 1365 2955 1410 vates
3007 1364 3062 1409 et
3091 1354 3589 1424 pseudoprophetas

343 1446 731 1517 ψευδομάντεις
774 1448 911 1517 ἔχων
977 1449 1072 1501 καὶ
1110 1448 1557 1519 ψευδοπροφήτας
1610 1450 1639 1502 6
1678 1447 1910 1519 Ἰσραήλ.

2016 1452 2216 1506 habere
2242 1451 2426 1506 Israel.
2464 1451 2599 1517 Quia
2634 1465 2763 1504 vero
2791 1450 2843 1503 in
2888 1449 3028 1503 hanc
3059 1447 3340 1501 audaciam
3392 1460 3584 1513 erupe-

358 1537 574 1605 Ἐπειδὴ
632 1537 688 1591 δὲ
735 1538 803 1591 τὰ
848 1538 1027 1592 τοιάδε
1076 1538 1509 1609 τετολμήκασιν,
1563 1538 1788 1600 εἰκότως
1838 1531 1913 1590 ὧν

2015 1551 2161 1605 runt,
2196 1542 2389 1594 merito
2420 1539 2681 1594 factorum
2710 1552 2907 1608 poenas
2929 1538 3128 1602 exacti,
3159 1555 3179 1587 ι
3202 1536 3438 1604 corrupti
3463 1544 3589 1589 sunt

344 1631 573 1700 ἔδρασαν
639 1629 1005 1700 ἐξαιτούμενοι
1065 1629 1252 1693 δίκας,
1313 1647 1332 1681 ι
1379 1627 1723 1698 Ἐφθάρησαν
1774 1627 1914 1681 κατὰ

2014 1636 2306 1689 secundum
2341 1635 2457 1687 dies
2490 1633 2664 1686 collis.
2688 1632 3091 1686 ‘Recordabitur
3118 1630 3261 1685 enim
3289 1630 3588 1699 iniquitatis

344 1724 442 1787 τάς
464 1722 679 1794 ἡμέρας
698 1723 793 1775 τοῦ
818 1722 1029 1793 βουνοῦ.
1050 1722 1403 1792 Μεμνήσεται
1430 1721 1537 1791 γάρ
1572 1723 1671 1792 τῆς
1703 1720 1913 1784 ἀδικίας

2018 1725 2279 1792 ipsorum,
2308 1733 2362 1776 et
2395 1723 2678 1776 ulciscetur
2698 1723 2879 1775 omnia
2909 1732 3125 1791 peccata
3150 1736 3358 1776 eorum.
3385 1740 3403 1771 ι
3424 1720 3588 1786 Quid-

346 1812 547 1877 αὐτῶν,
575 1812 671 1864 καὶ
701 1811 975 1881 ἐκδικήσει
1012 1809 1190 1872 πάσας
1229 1809 1327 1871 τὰς
1359 1806 1632 1878 ἁμαρτίας
1654 1806 1851 1860 αὐτῶν.
1889 1825 1907 1857 ι

2018 1833 2141 1870 nam
2174 1826 2349 1870 autent
2383 1815 2476 1879 sit,
2512 1832 2533 1867 ε
2561 1816 2799 1884 corrupti
2832 1824 2957 1868 sunt
2990 1815 3283 1869 secundum
3321 1815 3433 1868 dies
3475 1811 3592 1866 col-

345 1904 457 1957 Kal
487 1903 541 1956 τί
578 1901 643 1973 δὴ
672 1901 830 1956 τοῦτό
882 1903 1003 1955 ἐστι
1052 1901 1134 1966 τὸ,
1193 1919 1213 1952 ί
1252 1900 1596 1970 Ἐφθάρησαν
1628 1899 1767 1951 κατὰ
1815 1898 1913 1961 τὰς
1944 1934 1968 1988 ε

1967 1936 1986 1988 ς
2018 1906 2103 1973 lis,
2149 1925 2167 1958 ι
2207 1923 2325 1976 age,
2362 1911 2549 1976 paucis
2584 1921 2961 1976 suggeramus.
3009 1906 3281 1975 Scriptum
3309 1916 3392 1960 est
3429 1906 3590 1973 quid-

343 1993 557 2062 ἡμέρας
586 1993 677 2045 τοῦ
713 1990 923 2062 βουνοῦ,
950 2010 968 2043 ι
1000 1992 1156 2062 φέρε,
1189 1990 1277 2045 διὰ
1309 1990 1553 2062 βραχέων
1585 1988 1912 2061 ὑπομνήσω-

2014 2000 2157 2071 piam
2198 1997 2500 2067 huiusmodi
2543 2000 2593 2052 in
2623 1999 2762 2053 libro
2795 1999 3074 2064 Iudicum;
3114 2009 3277 2052 totam
3323 1997 3591 2052 narratio-

348 2101 468 2153 μεν.
504 2083 810 2155 Γέγραπται
842 2101 894 2136 τι
925 2083 1165 2137 τοιοῦτον
1186 2085 1243 2136 ἐν
1262 2086 1330 2154 τῇ
1358 2082 1522 2152 βίϐλῳ
1545 2084 1652 2135 τῶν
1674 2080 1910 2153 Κριτῶν,

2014 2107 2137 2147 nem
2157 2107 2321 2161 quam
2361 2102 2549 2159 potero
2596 2092 2918 2146 brevissime
2956 2090 3333 2159 perstringam,
3375 2098 3430 2141 et
3477 2088 3591 2141 lon-

346 2174 681 2245 ἐπιτομάδην
700 2174 755 2227 δέ
786 2176 1023 2240 ἃπασαν,
1040 2175 1115 2238 ὡς
1139 2173 1239 2238 ἐνι,
1265 2175 1563 2245 ποιήσομαι
1583 2175 1681 2243 τὴν
1704 2175 1916 2244 ἀφήγη-

2015 2182 2216 2251 giorem
2248 2181 2300 2235 in
2331 2197 2498 2251 pauca
2527 2180 2827 2235 conferant.
2869 2200 2888 2231 ι
2930 2182 2984 2235 In
3015 2181 3202 2235 diebus
3234 2180 3364 2241 illis,
3394 2180 3592 2248 inquit,

348 2281 455 2332 σιν,
514 2265 610 2317 καὶ
667 2264 1011 2335 μακροτέραν
1057 2261 1221 2317 οὖσαν
1279 2263 1538 2316 ωστελῶ.
1604 2282 1622 2313 ι
1674 2262 1764 2315 Ἐν
1795 2264 1916 2327 ταῖς

2017 2289 2121 2327 non
2154 2281 2271 2327 erat
2301 2287 2393 2326 rex
2428 2274 2480 2327 in
2512 2272 2696 2337 Israel,
2727 2284 2776 2326 et
2803 2275 3031 2341 quisque
3055 2274 3197 2341 quod
3238 2281 3443 2324 rectum
3471 2279 3592 2325 erat

345 2357 581 2428 ἡμέραις
603 2356 858 2419 ἐκείναις,
884 2357 1070 2426 φησὶν,
1099 2358 1199 2409 οὐκ
1219 2352 1285 2426 ἦν
1317 2354 1568 2425 βασιλεὺς
1589 2357 1647 2408 ἐν
1677 2354 1914 2425 Ἰσραὴλ,

2018 2362 2073 2416 in
2102 2362 2274 2416 oculis
2305 2363 2438 2425 suis,
2486 2362 2735 2417 faciebat.
2787 2364 2851 2416 Et
2884 2362 2985 2415 fuit
3019 2360 3229 2429 juvenis
3275 2361 3325 2413 in
3376 2360 3596 2414 Bethle—

349 2449 488 2519 ἀνὴρ
503 2448 561 2500 τὺ
576 2447 731 2510 εὐθὲς
747 2450 803 2501 ἐν
825 2447 1122 2517 ὀφθαλμοῖς
1151 2448 1314 2501 αὑτοῦ
1337 2447 1528 2500 ἐποίει.
1545 2448 1655 2499 Kal
1683 2445 1916 2516 ἐγενήθη

2017 2454 2161 2517 bent,
2190 2455 2363 2508 tribus
2393 2454 2548 2513 Juda.
2580 2463 2633 2508 et
2671 2455 2788 2522 ipse
2830 2454 3060 2518 Levites,
3098 2462 3151 2505 et
3187 2454 3274 2506 hic
3319 2453 3597 2507 habitabat

346 2538 563 2601 νεανίας
584 2539 649 2591 ἐκ
672 2538 940 2610 Βηθλεέμ,
957 2539 1129 2610 δήμου
1159 2537 1348 2602 Ἰούδα,
1383 2538 1476 2592 καὶ
1494 2537 1654 2601 αὐτὸς
1665 2537 1915 2607 Λευῖτης,

2021 2545 2114 2599 ibi.
2156 2544 2220 2598 Et
2255 2547 2386 2600 abiit
2413 2546 2497 2599 vir
2528 2546 2617 2600 ille
2651 2561 2680 2598 a
2726 2545 3038 2600 Bethlehem
3080 2544 3298 2599 civitate
3333 2544 3465 2598 Juda
3501 2547 3598 2598 lia-

349 2635 444 2689 καὶ
476 2628 630 2697 οὗτος
665 2633 915 2706 παρῲκει
968 2635 1103 2687 ἐκεῖ.
1148 2634 1261 2687 Kal
1296 2632 1566 2705 ἐπορεύθη
1588 2633 1616 2684 6
1648 2632 1787 2702 ἀνὴρ
1812 2631 1921 2685 ἀπὸ

2020 2637 2195 2691 bitare
2226 2637 2277 2690 in
2311 2636 2426 2691 loco
2453 2652 2615 2705 quem
2659 2637 2976 2698 invenisset.
3021 2646 3076 2691 et
3122 2637 3271 2690 venit
3315 2651 3486 2704 usque
3531 2637 3597 2689 ad

349 2724 599 2799 Βηθλεὲμ
650 2724 751 2796 τῆς
787 2725 994 2789 πόλεως
1026 2723 1217 2791 Ἰούδα,
1275 2724 1610 2795 παροικῆσαι
1654 2724 1711 2777 ἐν
1764 2718 1808 2792 ᾧ
1855 2723 1921 2777 ἃν

2024 2738 2260 2783 montem
2294 2728 2571 2796 Ephraim,
2608 2736 2663 2782 et
2693 2742 2863 2796 usque
2893 2729 2959 2781 ad
3005 2728 3222 2781 domum
3278 2726 3491 2789 Michaz,
3542 2737 3600 2779 ιιι

347 2816 486 2889 εὕρῃ
512 2817 681 2888 τόπῳ,
712 2815 817 2869 Καὶ
862 2812 1025 2887 ἦλθεν
1058 2815 1162 2879 ἕως
1219 2815 1377 2887 ὅρους
1410 2813 1674 2886 Ἐφραῒμ,
1699 2816 1795 2867 καὶ
1819 2815 1923 2877 ἓως

2025 2818 2230 2873 faceret
2259 2820 2361 2874 iter
2394 2834 2575 2873 suum.
2608 2818 2675 2873 Et
2712 2819 2848 2874 dixit
2873 2820 2920 2874 ei
2954 2818 3135 2873 Micha
3163 2838 3175 2871 :
3212 2817 3366 2871 Unde
3414 2818 3602 2871 venis?

348 2910 499 2965 οἴκου
524 2908 779 2979 Μιχαίου,
815 2907 909 2962 τοῦ
966 2907 1191 2979 ποιῆσαι
1232 2908 1349 2961 ὁδὸν
1398 2907 1584 2961 αὑτοῦ.
1636 2908 1747 2961 Kal
1773 2902 1924 2961 εἶπεν

2023 2910 2092 2964 Ει
2128 2911 2403 2980 respondit
2429 2909 2643 2963 Levites
2681 2928 2695 2963 :
2732 2909 2842 2975 Ego
2865 2924 2985 2963 sum
3011 2912 3077 2963 de
3110 2908 3418 2962 Bethlehem
3441 2906 3599 2971 Inda,

352 3002 502 3074 αὐτῷ
525 3002 763 3071 Μιχαίας
787 3015 800 3029 ·
832 2999 1005 3053 Πόθεν
1042 3000 1210 3071 ἐρχῃς
1252 3000 1363 3053 Καὶ
1415 2995 1536 3053 εἶπε
1600 2999 1735 3070 πρὸς
1766 2999 1925 3053 αὐτὸν

2025 3013 2081 3055 et
2101 3016 2200 3068 ego
2221 3003 2359 3055 vado
2387 3002 2634 3056 habitare
2656 3001 2708 3054 in
2732 3002 2849 3055 loco
2872 3017 3030 3073 quem
3068 3002 3344 3054 invenero.
3386 3001 3449 3052 Iit
3469 3001 3605 3053 dixit

352 3097 621 3165 Λευῖτης·
661 3091 801 3161 Ἐγώ
844 3094 959 3161 είμι
1007 3092 1116 3145 ἀπὸ
1164 3091 1411 3162 Βηθλεέμ
1456 3091 1645 3157 Ἰούδα,
1677 3093 1770 3145 καὶ
1817 3091 1927 3159 ἐγὼ

2028 3096 2078 3148 ei
2109 3094 2285 3148 Micha
2319 3113 2332 3148 :
2375 3094 2517 3148 Sede
2545 3110 2777 3159 mecum,
2813 3104 2867 3148 et
2891 3104 3009 3148 esto
3042 3094 3173 3146 mihi
3204 3094 3253 3145 in
3298 3101 3526 3154 patrem,
3551 3100 3605 3145 et

354 3186 661 3259 πορεύομαι
679 3186 1005 3254 κατοικῆσαι
1033 3187 1090 3238 ἐν
1114 3178 1158 3253 ᾧ
1185 3186 1253 3240 ἂν
1271 3184 1416 3255 εὕρω
1444 3184 1612 3254 τόπῳ.
1642 3185 1751 3237 Kal
1775 3178 1927 3236 εἶπεν

2034 3188 2086 3240 in
2111 3188 2473 3251 sacerdotem,
2503 3196 2559 3240 et
2580 3202 2681 3256 ego
2711 3189 2850 3241 dabo
2874 3188 2969 3241 tibi
3004 3187 3189 3243 decem
3228 3198 3514 3253 argenteos
3551 3185 3604 3238 in

356 3280 508 3351 αὐτῷ
544 3280 783 3350 Μιχαίας
804 3295 820 3311 ο
852 3277 1037 3332 Κάθου
1071 3279 1185 3349 μετ’
1212 3274 1372 3347 ἐμοῦ,
1418 3277 1514 3328 καὶ
1540 3277 1690 3344 γίνου
1722 3292 1811 3345 μοι
1848 3276 1927 3338 είς
1958 3264 1979 3323 (

1981 3263 2003 3324 3
2033 3282 2199 3344 diem,
2229 3291 2282 3336 et
2312 3280 2502 3334 stolam
2538 3281 2790 3341 vestium,
2827 3290 2882 3332 et
2917 3293 3037 3348 qua:
3089 3278 3156 3333 ad
3207 3278 3404 3331 victum
3455 3287 3604 3331 tuum

356 3373 573 3444 ¹’ματέρα
602 3372 696 3425 καὶ
720 3372 799 3433 εἰς
828 3370 998 3441 ἱερέα·
1036 3368 1132 3422 καὶ
1157 3366 1268 3436 ἐγὼ
1293 3365 1451 3419 δώσω
1481 3382 1563 3419 σοι
1606 3365 1739 3420 δέκα
1760 3367 1931 3437 ἀργυ-

2033 3371 2321 3442 pertinent.
2344 3372 2413 3425 Et
2448 3372 2581 3426 abiit
2610 3370 2849 3435 Levites,
2875 3381 2930 3425 et
2956 3371 3155 3440 incepit
3191 3369 3438 3424 habitare
3467 3367 3604 3436 apud

361 3463 510 3533 ρίους
534 3462 615 3523 εἰς
651 3459 888 3530 ἡμέραν,
915 3459 1011 3511 καὶ
1051 3456 1241 3528 στολὴν
1278 3454 1531 3526 ἱματίων,
1560 3454 1656 3509 καὶ
1680 3454 1749 3507 τά
1795 3455 1931 3525 πρὸς

2032 3464 2227 3519 virum.
2252 3464 2317 3518 Et
2347 3463 2451 3517 fuit
2476 3463 2795 3518 adolescens
2820 3462 2960 3531 apud
2985 3462 3157 3527 illum,
3189 3470 3248 3516 ut
3273 3477 3410 3515 ttuus
3445 3459 3514 3513 de
3547 3460 3609 3512 li-

360 3554 507 3625 ζωήν
559 3570 673 3606 σου.
732 3552 841 3606 Kal
892 3548 1165 3621 ἐπορεύθη
1214 3550 1242 3601 6
1295 3549 1548 3619 Λευῖτης,
1596 3548 1689 3603 καὶ
1733 3546 1934 3620 ἤρξατο

2034 3554 2122 3610 liis
2156 3553 2294 3620 ejus.
2333 3554 2397 3607 Et
2426 3552 2876 3623 implevit‘Micha
2910 3567 3130 3605 manum
3160 3549 3384 3614 Levitae,
3410 3560 3466 3602 et
3509 3548 3610 3603 fuit

362 3645 648 3714 παροικεῖν
692 3640 845 3713 παρὰ
889 3639 969 3711 τῷ
1018 3638 1191 3711 ἀνδρί.
1248 3639 1360 3694 Kal
1403 3638 1636 3711 ἐγενήθη
1666 3642 1695 3693 6
1720 3640 1933 3704 νεανίας

2033 3648 2082 3700 ei
2108 3646 2161 3700 in
2191 3645 2550 3707 sacerdotem,
2582 3652 2637 3697 et
2667 3643 2767 3697 fuit
2796 3643 2851 3697 in
2881 3643 3040 3696 domo
3065 3641 3252 3695 Michaa
3285 3642 3348 3695 ⁶².
3382 3660 3401 3692 ι
3438 3641 3611 3695 Idolu-

361 3735 490 3805 παρ’
514 3732 663 3803 αὐτῷ
691 3732 765 3796 ὡς
818 3727 900 3795 εἷς
930 3730 1039 3786 ἀπὸ
1086 3731 1214 3784 υίῶν
1266 3729 1456 3784 αὑτοῦ.
1516 3731 1625 3784 Kal
1652 3731 1935 3802 ἐπλήρωσε

2037 3737 2172 3789 Iatra
2222 3736 2385 3804 igitur
2429 3734 2528 3788 fuit
2560 3733 2789 3799 Miehas,
2848 3733 3099 3788 mercede
3151 3733 3500 3787 nihilominus
3544 3733 3612 3785 de

361 3826 603 3897 Μιχαίας
633 3824 733 3896 τὴν
768 3826 924 3895 χεῖρα
966 3821 1061 3876 τοῦ
1110 3823 1361 3889 Λευΐτου,
1387 3822 1481 3875 καὶ
1528 3822 1762 3893 ἐγενήθη
1788 3821 1936 3892 αύτῷ

2037 3829 2299 3894 sanguine
2328 3826 2455 3881 Levi
2507 3836 2861 3896 propagatum
2915 3827 3192 3890 conduxit,
3245 3835 3302 3880 et
3348 3825 3609 3879 cultorem

361 3920 441 3982 εἰς
470 3917 639 3987 ἱερέα,
676 3916 771 3969 καὶ
798 3914 1015 3983 ἐγένετο
1045 3915 1102 3967 ἐν
1129 3913 1263 3984 οἴκῳ
1285 3912 1544 3983 Μιχαίου.
1590 3933 1609 3965 ι
1639 3912 1936 3968 Είδωλολά-

2037 3922 2169 3977 fecit
2209 3920 2491 3987 sculptilis,
2527 3920 2906 3989 idulorumque
2948 3918 3137 3975 usibus
3165 3934 3287 3973 eum
3320 3918 3609 3973 dedicavit.

361 4026 501 4081 τρης
535 4008 632 4079 μὲν
656 4003 749 4061 οὖν
776 4009 805 4060 6
847 4006 1109 4077 Μιχαίας,
1142 4004 1540 4076 κατεμισθοῦτό
1572 4022 1635 4074 γε
1693 4004 1800 4077 μὴν
1845 4006 1938 4059 τὸν

2038 4012 2176 4079 Quid
2210 4010 2433 4080 postea?
2455 4009 2653 4064 Narrat
2684 4026 2898 4064 rursum
2919 4007 3195 4078 Scriptura
3219 4023 3370 4063 sacra
3392 4007 3444 4060 in
3471 4007 3614 4060 hunc

364 4100 427 4166 ἐξ
446 4101 677 4171 αἵματος
702 4099 797 4154 τοῦ
810 4100 963 4163 Λευῒ,
985 4100 1079 4153 καὶ
1104 4098 1443 4169 θεραπευτὴν
1464 4099 1637 4152 ἐποίει
1671 4098 1935 4168 γλυπτοῦ,

2040 4108 2255 4160 ntodum
2287 4121 2300 4157 :
2336 4104 2433 4159 «Et
2460 4102 2511 4157 in
2542 4102 2732 4158 diebus
2761 4101 2869 4157 illis
2886 4102 3058 4155 tribus
3081 4099 3191 4155 Dan
3211 4101 3487 4169 quaarebat
3507 4100 3611 4153 sibi

364 4194 462 4246 καὶ
492 4195 612 4257 ταῖς
643 4191 750 4245 τῶν
781 4190 1014 4245 εἰδώλων
1044 4189 1286 4245 ἀνετέθει
1312 4191 1543 4261 χρείαις.
1596 4191 1703 4243 Kal
1728 4191 1779 4244 τί
1803 4191 1941 4261 μετά

2041 4196 2435 4267 possessionem
2467 4195 2537 4248 ad
2566 4194 2942 4257 habitandum,
2986 4192 3239 4261 quoniam
3274 4208 3378 4245 non
3420 4190 3615 4245 cecidit

365 4282 526 4337 τοῦτο
576 4283 829 4352 γενέσθαι
889 4281 1268 4352 συμϐέϐηκεν;
1330 4284 1476 4352 Ἔφη
1538 4282 1701 4336 πάλιν
1747 4283 1844 4337 ὡδὶ
1878 4285 1942 4336 τὸ

2042 4288 2115 4343 illi
2142 4302 2311 4356 usque
2340 4287 2406 4340 ad
2439 4286 2579 4341 diem
2622 4284 2772 4340 illum
2816 4286 2870 4339 in
2926 4284 3104 4338 medio
3159 4283 3393 4337 tribuum
3450 4281 3614 4336 Israel

366 4376 408 4429 Γ
415 4376 610 4447 ράμμα
663 4374 724 4427 τὸ
757 4374 918 4444 ἱερόν·
961 4392 979 4423 ι
1006 4375 1112 4427 Kal
1131 4377 1188 4427 ἐν
1218 4376 1339 4437 ταῖς
1367 4374 1604 4446 ήμέραις
1639 4375 1872 4439 ἐκείναις
1904 4379 1936 4446 ή

2040 4378 2334 4449 possessio.
2367 4376 2568 4431 Deinde
2598 4376 2835 4445 quinque
2877 4374 3098 4429 delectis
3140 4382 3199 4427 ut
3249 4372 3616 4440 praecederent

368 4468 513 4540 φυλὴ
539 4466 646 4521 Δάν
677 4466 859 4537 ἐζήτει
888 4467 1024 4536 αὐτῇ
1058 4465 1421 4537 κληρονομίαν
1447 4464 1540 4519 τοῦ
1583 4467 1938 4537 κατοικῆσαι,

2043 4475 2445 4539 persuaserunt,
2472 4476 2527 4521 et
2566 4466 2912 4535 explorarent
2955 4472 3172 4528 terram,
3216 4478 3378 4533 quam
3409 4462 3617 4532 possint

365 4561 451 4613 ὅτι
492 4559 593 4612 οὐκ
643 4559 899 4611 ἐνέπεσεν
945 4558 1082 4627 αὐτῇ
1116 4557 1221 4621 ἕως
1265 4558 1365 4628 τῆς
1394 4557 1607 4628 ἡμέρας
1634 4558 1850 4629 ἐκείνης
1884 4560 1941 4612 ἐν
1975 4601 1988 4655 1

1989 4601 2017 4654 D
2043 4577 2327 4631 occupare,
2357 4575 2412 4616 et
2442 4561 2495 4614 in
2540 4569 2743 4615 sortem
2777 4573 2928 4614 suam
2970 4566 3306 4611 convertere.
3340 4554 3417 4608 Illi
3450 4570 3612 4609 vene-

370 4650 522 4721 μέσῳ
552 4647 730 4717 φυλῶν
778 4648 992 4719 Ἰσραὴλ
1045 4648 1395 4719 κληρονομία.
1440 4645 1572 4702 Εἶτα
1603 4650 1763 4703 πέντε
1791 4651 1943 4716 τινὰς
1975 4645 1993 4655 ’

1994 4645 2010 4654 ’
2050 4665 2174 4709 runt
2200 4669 2371 4724 usque
2408 4654 2474 4708 ad
2502 4662 2738 4707 montem
2770 4650 3047 4714 Ephraim,
3082 4649 3133 4702 in
3161 4649 3376 4702 domum
3409 4646 3617 4709 Michae,

370 4738 771 4808 ἐπιλεξάμενοι,
802 4738 1145 4811 προϐαδίζειν
1205 4740 1413 4794 ἐαυτῶν
1443 4742 1816 4809 ἀναπείθουσι,
1847 4745 1943 4796 καὶ

2043 4759 2098 4803 et
2128 4748 2510 4816 requieverunt
2533 4744 2627 4808 ibi,
2655 4750 2712 4796 et
2735 4741 2977 4796 Levitam
2996 4748 3053 4793 ut
3077 4746 3363 4808 cognatum
3388 4753 3619 4806 agnove-

370 4835 772 4903 κατερευνῆσαι
823 4831 923 4904 τὴν
950 4833 1055 4902 γῆν
1100 4833 1167 4903 ἢν
1213 4834 1281 4887 ἂν
1332 4834 1576 4888 δύναιντο
1607 4834 1814 4899 λαϐεῖν,
1845 4835 1941 4889 καὶ

2046 4850 2190 4902 runt,
2219 4837 2360 4907 quod
2393 4852 2578 4890 eorum
2611 4835 2786 4902 lingua
2826 4830 3360 4886 uteretur.AHebra:is
3390 4828 3532 4883 enim
3562 4838 3620 4881 ut

369 4919 572 4971 οἰκεῖον
599 4918 872 4972 ποιεῖσθαι
898 4920 1119 4991 κλῆρον.
1151 4923 1213 4975 Ol
1238 4921 1297 4976 δέ
1320 4922 1599 4992 ἀφίκοντο,
1632 4925 1817 4995 φησιν,
1836 4924 1941 4987 ἕως

2042 4931 2303 4986 Hebraeus
2354 4928 2692 4997 loquebatur.
2753 4924 3060 4979 Percontati
3098 4922 3260 4991 igitur
3292 4935 3532 4982 causam,
3569 4928 3622 4973 et

371 5012 535 5081 ὃρους
573 5012 828 5085 Ἐφραῖμ,
862 5014 967 5078 ἕως
992 5016 1144 5069 οἴκου
1186 5018 1445 5087 Μιχαίου,
1482 5016 1576 5071 καὶ
1609 5018 1939 5089 ηὐλίσθησαν

2041 5023 2258 5093 cognitu
2286 5020 2553 5089 quomodo
2587 5031 2651 5072 ex
2697 5017 2836 5075 tribu
2869 5015 2994 5070 Levi
3014 5023 3203 5081 natus,
3229 5028 3257 5066 a
3287 5012 3458 5066 Micha
3490 5026 3620 5064 eon-

372 5108 512 5172 ἐκεῖ,
548 5107 642 5159 καὶ
668 5107 760 5161 τὸν
779 5108 1012 5178 Λευῖτην
1050 5108 1519 5177 ἐπιγινώσκουσιν,
1542 5111 1617 5175 ὼς
1670 5112 1903 5182 ὁμογενῆ
1934 5152 1949 5178 ,

2051 5116 2245 5168 ductus
2270 5122 2435 5177 esset,
2466 5122 2520 5167 et
2551 5111 2619 5165 ab
2642 5125 2707 5166 eo
2739 5110 3019 5164 sacriﬁcus
3070 5105 3331 5163 idolorum
3369 5103 3489 5173 ejus
3537 5102 3620 5155 in-

374 5198 465 5251 διά
490 5215 571 5250 τοι
608 5198 669 5252 τὸ
697 5199 912 5270 γλώττῃ
944 5200 1180 5271 χρῆσθαι
1208 5205 1276 5273 τῇ
1304 5204 1425 5258 κατ’
1451 5205 1641 5274 αὐτῆςο
1681 5204 1951 5275 Ἑϐραίοις

2053 5206 2294 5268 stitutus,
2336 5217 2459 5260 cum
2489 5200 2741 5257 miserari
2790 5208 2849 5252 ut
2882 5198 3175 5267 captivum,
3211 5203 3270 5251 et
3316 5195 3622 5263 deceptum,

374 5288 487 5358 γὰρ
531 5284 703 5354 οὖσιν,
749 5289 826 5352 ώς
866 5288 1118 5359 Ἐϐραῖος
1180 5289 1383 5347 ἐλάλει.
1444 5292 1724 5363 Ἐρόμενοι
1756 5291 1815 5344 δὲ
1850 5290 1949 5362 τὴν

2055 5306 2111 5352 et
2141 5310 2391 5351 erronem
2433 5295 2710 5359 deberent,
2762 5291 2926 5363 135
2968 5288 3259 5345 confestim
3307 5286 3361 5342 in
3407 5285 3626 5339 eosdem

377 5380 582 5444 αἰτίαν,
609 5380 701 5434 καὶ
729 5380 1122 5452 ἀναμαθόντες,
1181 5384 1331 5449 ὅπως
1381 5387 1448 5439 ἐκ
1475 5386 1648 5457 φυλῆς
1668 5385 1796 5442 ὄντα
1818 5384 1953 5444 Asti";

2055 5384 2391 5457 deceptionis
2422 5383 2643 5455 laqueos
2699 5385 3023 5447 inciderunt,
3078 5389 3131 5435 et
3183 5394 3307 5433 eum
3346 5392 3418 5431 ex
3469 5376 3638 5431 idolis

379 5490 511 5526 κατε
522 5473 779 5544 μισθοῦτο
812 5476 909 5546 μὲν
930 5477 958 5529 6
987 5476 1250 5546 Μιχαίας,
1284 5479 1586 5552 .ίερουργδν
1604 5477 1663 5534 δὲ
1696 5478 1804 5535 τῶν
1823 5480 1951 5535 ἐαυ-

2060 5480 2395 5536 sciscitatum
2432 5478 2533 5533 sibi
2566 5476 2773 5532 referre
2801 5473 3155 5543 postularunt,
3190 5470 3232 5525 si
3268 5469 3349 5524 eis
3394 5483 3460 5523 ex
3506 5482 3641 5522 sen—

378 5564 477 5618 τοῦ
518 5568 935 5642 κεχειροτόνηκε
968 5568 1361 5642 σεϐασμάτων.
1422 5573 1753 5644 συναλγῆσαι
1799 5573 1953 5637 δέον,

2062 5573 2227 5628 tentia
2270 5579 2505 5641 emptum
2548 5579 2689 5626 esset
2743 5580 3140 5638 processurum,
3194 5575 3252 5618 ut
3298 5563 3631 5625 obtinerent.

376 5659 457 5726 ὡς
506 5659 838 5734 αἰχμαλώτῳ
859 5702 875 5728 ,
924 5665 1018 5717 xal
1064 5664 1420 5735 linatnttéqu,
1462 5665 1554 5719 καὶ
1599 5665 1949 5739 ἀλητεύοντι,

2060 5667 2301 5737 inquam,
2336 5664 2625 5734 regionem,
2653 5678 2812 5733 quant
2848 5659 3184 5729 exploratum
3205 5656 3513 5712 veniebant.
3538 5654 3634 5711 Ille

462 5840 508 5873 “
536 5838 647 5895 δεῖ.
676 5858 757 5907 ttt,
789 5843 839 5896 4.
920 5844 963 5874 ⁸³
988 5841 1163 5898 Judic.
1199 5859 1332 5909 xvn,
1364 5845 1519 5898 6-15.
