4110 6368
574 366 670 423 2%"!

1588 360 1648 419 S.
1694 360 1967 416 CYRILLI
2010 356 2481 414 ALEXANDllINl
2519 357 2837 415 AllClllEP.

3722 359 3827 413 $28

572 481 709 550 quod
743 477 975 543 lubebat,
1000 485 1255 547 tanquam
1283 490 1311 528 ιι
1361 476 1468 530 Deo
1514 493 1829 550 responsum
1856 480 2136 536 referebat.

2259 475 2700 547 συγκατώλισθον
2729 476 2891 540 εὐθὺς
2918 477 2998 540 είς
3026 478 3150 535 τοὺς
3172 477 3270 548 τῆς
3297 477 3510 549 ἀπάτης
3558 476 3786 549 βρόχους
3808 517 3827 544 ,

571 570 926 627 Considerata
975 568 1143 639 igitur
1172 577 1339 634 terra,
1370 567 1531 636 legati
1572 573 1953 628 renuntiarunt
1983 575 2069 643 iis,
2118 592 2149 632 a

570 665 769 734 quibus
798 662 949 718 missi
986 669 1163 727 erant,
1197 661 1393 716 bonam
1426 670 1480 717 et
1510 663 1761 733 pinguem
1780 679 1926 734 esse,
1958 682 2057 723 nec
2077 670 2151 724 ci-

568 766 651 809 tra
682 754 935 810 sudorem
968 768 1129 823 posse
1162 754 1334 824 redigi
1374 753 1427 809 in
1459 762 1796 825 potestatem.
1829 756 1924 814 llis
1945 773 2150 816 sermo-

568 847 727 901 nibus
773 846 998 911 auditis,
1048 846 1272 901 tribules
1318 844 1457 911 Dan,
1495 848 1735 902 sexcenti
1784 865 2029 917 numero,
2061 868 2151 908 ar-

569 939 698 994 mati
734 939 1115 994 ascenderunt.
1145 936 1425 995 Venerunt
1468 950 1644 996 autem
1694 950 1747 996 et
1785 943 1885 1013 ipsi
1924 945 1974 998 in
2007 946 2149 998 aedes

567 1028 785 1084 Micbze.
819 1029 886 1085 Et
934 1030 1325 1100 responderunt
1350 1070 1364 1095 ,
1409 1031 1617 1100 inquit,
1668 1032 1742 1087 illi
1782 1035 2019 1103 quinque
2045 1019 2148 1089 viri

562 1120 657 1188 qui
690 1122 936 1177 abierant
959 1121 1363 1177 consideratum
1397 1131 1595 1179 terram
1615 1123 1793 1189 Laisa,
1817 1136 1872 1180 et
1896 1126 2149 1181 dixerunt

563 1212 822 1267 fratribus
846 1212 961 1267 suis
990 1226 1005 1265 :
1038 1210 1250 1266 Scitote
1275 1215 1419 1282 quod
1444 1214 1498 1268 in
1526 1214 1685 1269 domo
1713 1215 1813 1269 ista
1830 1224 1912 1270 est
1936 1215 2146 1286 Ephod,

560 1313 617 1357 et
648 1302 1006 1373 Theraphim,
1054 1312 1107 1358 et
1142 1303 1413 1370 sculptile,
1458 1314 1515 1359 et
1555 1304 1845 1360 conflatile.
1891 1304 1957 1359 Et
2004 1320 2148 1361 nunc

562 1394 760 1448 scitote
795 1393 925 1463 quid
966 1392 1200 1449 facietis.
1238 1391 1425 1463 Ephod
1464 1394 1627 1464 igitur
1666 1404 1824 1449 sonat
1874 1394 2142 1458 liberalia,

563 1484 892 1554 'l'herapbim
925 1485 1187 1550 remissio,
1215 1495 1307 1539 aut
1331 1502 1527 1539 sanans
1548 1486 1709 1553 ipsos.
1746 1484 1947 1540 Idolum
1997 1486 2140 1541 enim

563 1572 750 1627 falsam
786 1573 1098 1643 opinionem
1131 1573 1387 1639 habebat,
1434 1574 1590 1644 quasi
1641 1588 1834 1629 sanare
1878 1574 2138 1643 quosdam

562 1674 763 1732 posset.
793 1662 965 1719 Graeci
1010 1665 1155 1719 enim
1204 1664 1511 1735 bujusmodi
1549 1666 1615 1721 de
1642 1666 1960 1736 quibusdam
1997 1665 2139 1720 scul-

563 1759 785 1827 ptilibus
814 1758 1318 1814 comminiscuntur.
1356 1757 1470 1813 Hoc
1498 1773 1623 1813 cum
1672 1757 1987 1814 didicissent
2036 1757 2136 1811 tri-

2253 568 2346 621 καὶ
2386 568 2671 639 ἀγορεύειν
2695 568 2857 621 αὑτὸν
2893 567 3096 638 ἠξίουν,
3129 569 3490 639 ἐπερωτῶντα
3518 570 3577 622 τὸ
3608 568 3825 622 εῐδωλον

2251 661 2300 713 εἰ
2334 661 2475 715 κατά
2501 659 2727 731 γνώμην
2761 660 2943 722 αὐτοῖς
2977 658 3269 731 ἐκϐήσεται
3301 661 3362 712 τὸ
3380 660 3723 730 ἐγχείρημα,
3763 656 3826 710 τὸ

2252 750 2546 820 κρατῆσαι,
2598 749 2762 819 φημὶ,
2808 749 2906 819 τῆς
2960 748 3166 819 χώρας,
3228 750 3295 819 ἢν
3356 749 3616 817 ἀφίκοντο
3689 763 3823 801 κατ-

2250 840 2317 892 αθ
2326 841 2391 911 ρή
2401 856 2600 903 σοντες.
2620 840 2678 892 '0
2709 839 2767 893 δὲ
2792 839 2852 892 τὸ
2865 839 3053 892 δοκοῦν
3074 839 3368 910 λελάληκεν
3390 839 3466 903 ὡς
3488 840 3638 911 παρὰ
3663 837 3821 893 Θεοῦ.

2251 931 2745 1001 Κατασκεψάμενοι
2796 931 2853 984 δὲ
2882 931 2981 1001 τὴν
3013 932 3116 1003 γῆν
3149 933 3199 984 οἱ
3234 932 3666 1003 ἀπεσταλμένοι,
3708 935 3825 996 τοῖς

2250 1023 2598 1093 πεπομφόσιν
2624 1022 2987 1094 ἀπήγγελλον,
3012 1023 3087 1087 ὡς
3116 1023 3295 1095 ἀγαθὴ
3317 1026 3409 1079 καὶ
3432 1024 3592 1089 πίων,
3632 1024 3725 1078 καὶ
3759 1025 3822 1077 οὐ

2252 1116 2349 1169 σὺν
2372 1117 2559 1189 ἱδρῶτι
2592 1117 2792 1189 ληπτή.
2826 1116 3044 1188 Ἐπειδὴ
3073 1118 3128 1171 δὲ
3154 1118 3262 1171 τῶν
3282 1116 3536 1171 τοιούτων
3562 1116 3823 1171 ἐπύθοντο

2249 1208 2440 1275 λόγων,
2463 1212 2512 1263 οἱ
2532 1211 2641 1264 ἀπὸ
2672 1209 2844 1279 φυλῆς
2878 1208 2974 1263 τοῦ
3004 1211 3130 1277 Δάν,
3166 1210 3436 1275 ἑξακόσιοι
3456 1211 3548 1264 τὸν
3569 1210 3820 1282 ἀριθμὸν,

2248 1296 2305 1347 ὲν
2329 1295 2511 1359 ὅπλοις
2562 1297 2714 1361 ὄντες
2761 1296 3063 1353 ἀνέϐαινον.
3117 1299 3401 1367 Ἀφίκοντο
3446 1299 3501 1353 δὲ
3543 1300 3634 1352 καὶ
3670 1299 3824 1354 αὐτοὶ

2250 1387 2441 1457 μέχρις
2471 1388 2621 1441 οἴκου
2652 1390 2908 1460 Μιχαίου.
2959 1390 3071 1443 Καὶ
3104 1392 3503 1462 ἀπεκρίθησαν,
3551 1393 3736 1462 φησὶν,
3770 1393 3821 1444 οἱ

2246 1479 2406 1533 πέντε
2461 1480 2671 1551 ἄνδρες,
2711 1484 2760 1535 οἱ
2820 1481 3173 1555 πορευθέντες
3224 1483 3668 1553 κατασκέψασθαι
3722 1483 3822 1554 τὴν

2244 1570 2348 1641 γῆν
2376 1570 2572 1635 Λαῖσά,
2618 1572 2714 1625 καὶ
2745 1568 2900 1627 εἶπον
2938 1574 3075 1645 πρὸς
3123 1576 3250 1639 τοὺς
3310 1574 3571 1645 ἀδελφοὺς
3617 1574 3818 1628 αὐτῶν.

2249 1664 2514 1731 Ἔγνωτε,
2566 1664 2647 1717 ὃτι
2699 1664 2846 1718 ἔστιν
2878 1668 2937 1720 ὲν
2990 1665 3068 1737 τῷ
3097 1667 3231 1738 οῐκῳ
3264 1667 3436 1738 τούτῳ
3500 1667 3695 1736 Ἐφὼδ,
3725 1667 3823 1720 καὶ

2242 1753 2518 1827 Θεραφὶμ,
2540 1756 2635 1808 καὶ
2668 1756 2925 1824 γλυπτδν,
2958 1757 3052 1811 καὶ
3078 1758 3362 1829 χωνευτόν.
3389 1759 3499 1812 Καὶ
3522 1758 3615 1812 νῦν
3647 1760 3821 1827 γνῶτε

562 1850 713 1906 bules
769 1851 903 1915 Dan,
938 1850 1138 1906 tollunt
1166 1850 1430 1920 sculptile,
1459 1862 1515 1906 et
1563 1849 1802 1906 Levitam
1854 1859 1914 1904 ut
1959 1848 2130 1905 Micha

2237 1844 2284 1897 τί
2315 1846 2588 1915 ποιήσετε.
2621 1846 2695 1900 Τὸ
2719 1846 2819 1916 μὲν
2840 1844 2934 1901 οὖν
2977 1847 3153 1917 Ἐφὼδ
3191 1847 3555 1919 ἑρμηνεύεται
3592 1849 3820 1919 λύτρω-

561 1942 820 1997 derelicto
860 1951 1121 2011 sequatur
1174 1951 1509 2009 permovent.
1537 1940 1824 2011 Congressi
1854 1950 2056 2006 autem,
2086 1950 2140 1995 et

562 2034 792 2089 victoria
843 2034 1018 2104 potiti,
1066 2040 1122 2088 et
1164 2033 1384 2103 regione
1425 2042 1710 2102 occupata,
1745 2032 1932 2087 urbem
1970 2031 2139 2085 {edifi—

560 2134 686 2180 cant
712 2124 974 2181 vocabulo
1005 2124 1144 2193 Dan,
1176 2124 1335 2196 primi
1360 2124 1605 2195 parentis
1623 2125 1707 2180 sui
1738 2139 1929 2179 nomen
1959 2124 2010 2179 ei
2045 2125 2140 2179 de-

559 2225 846 2272 cernentes
878 2234 893 2271 :
928 2225 1086 2271 erant
1124 2217 1304 2281 enim,
1342 2225 1398 2271 ut
1438 2216 1573 2281 dixi,
1613 2215 1681 2271 de
1719 2214 1862 2270 tribu
1911 2224 1965 2269 et
2009 2231 2136 2271 san-

558 2308 721 2378 guine
748 2307 885 2361 Dan.
919 2306 1199 2362 Collocato
1223 2318 1402 2361 autem
1447 2306 1521 2361 ibi
1556 2314 1613 2360 et
1646 2305 1809 2370 idolo,
1859 2305 2135 2359 sacrilica-

558 2399 691 2453 bant
714 2398 912 2462 eidem,
944 2405 997 2451 et
1022 2410 1147 2452 cum
1172 2408 1319 2452 terra
1347 2396 1507 2451 deum
1524 2410 1740 2466 quoque
1755 2395 2131 2466 possidebant:

559 2498 706 2545 tanta
750 2488 851 2545 fuit
898 2489 1133 2559 ipsorum
1185 2489 1433 2544 vecordia
1478 2488 1576 2542 ⁸³.»
1630 2486 1782 2542 lianc
1809 2488 1880 2541 ob
1909 2500 2133 2541 causam

557 2589 743 2651 postea
772 2581 945 2636 iratus
965 2590 1050 2637 est
1075 2580 1237 2644 Deus,
1267 2589 1321 2635 et
1349 2580 1683 2649 aequissime,
1720 2588 1776 2632 ut
1799 2578 2014 2646 indigne
2038 2580 2135 2632 ba-

560 2672 726 2726 bitus.
759 2670 894 2725 Cum
926 2680 1105 2725 autem
1131 2684 1294 2725 omne
1332 2684 1528 2724 nomen
1559 2669 1775 2724 lsraelis
1802 2670 1921 2723 loco
1949 2669 2133 2723 inimi-

557 2778 743 2818 corum
802 2763 1400 2831 infensissimorumque
1441 2762 1684 2816 hostium
1742 2761 1966 2816 tribules
2018 2760 2132 2815 Dan

556 2856 778 2916 ducere,
808 2862 864 2909 et
892 2854 1145 2909 admissae
1191 2853 1246 2908 in
1296 2852 1464 2907 Deum
1522 2852 1813 2922 impietatis
1868 2853 2130 2907 rationem

555 2961 650 3001 eos
693 2960 918 3016 poscere
960 2953 1257 3014 oporteret,
1307 2945 1471 3000 etiam
1525 2944 1756 3001 fortasse
1809 2945 1878 3000 iis
1922 2947 2131 3002 assensi

565 3047 714 3103 sunt,
741 3047 799 3092 et
827 3037 1124 3094 laudandos
1150 3045 1499 3103 censuerunt,
1547 3047 1604 3091 ut
1655 3038 1747 3107 qui
1795 3037 1925 3091 nihil
1975 3038 2133 3106 plane

555 3127 927 3197 deliquissent.
967 3127 1083 3183 Jam
1112 3142 1242 3183 vero
1271 3142 1392 3198 qua:
1426 3126 1585 3197 hujus
1616 3127 1839 3195 ignavize
1865 3127 2129 3196 stipendia

2240 1950 2363 2002 σις,
2399 1935 2656 2008 Θεραφὶμ
2681 1938 2738 1990 δὲ
2789 1938 2973 2003 πάλιν,
3012 1938 3281 2010 ἄνεσιςῆ
3314 1940 3810 2010 ἱὼμενοςαὺτούς.

2240 2028 2472 2082 Εἴδωλον
2494 2029 2604 2100 γάρ
2630 2025 2698 2100 ἦν
2724 2030 2991 2102 ὑπόληψιν
3024 2030 3146 2102 ἔχον
3178 2033 3263 2101 ἐφ’
3302 2031 3480 2103 ἐαυτῷ
3504 2032 3695 2101 ψευδῆ,
3723 2030 3819 2084 τοῦ

2240 2117 2562 2190 θεραπεύειν
2598 2119 2861 2175 δύνασθαί
2888 2138 3059 2185 τινας.
3095 2123 3527 2195 Περιπλάττουσι
3556 2123 3663 2195 γάρ
3702 2124 3823 2177 Ἐλ-

2237 2210 2413 2282 λήνων
2443 2210 2626 2277 παίδες
2658 2211 2772 2266 ἐσθ’
2797 2213 2886 2268 ὅτε
2915 2216 3037 2277 ταῖς
3062 2214 3333 2278 τοιαύταις
3353 2214 3529 2282 δόξαις
3558 2215 3625 2269 τὰ
3648 2233 3820 2288 χειρο-

2240 2302 2457 2373 ποίητα.
2492 2301 2664 2355 Τοῦτο
2701 2302 3085 2375 μεμαθηκότες
3113 2306 3161 2358 οί
3212 2306 3320 2359 ἀπὸ
3350 2305 3477 2370 Δάν,
3502 2306 3819 2377 ἀναλαμϐά-

2237 2408 2387 2445 νουσι
2420 2394 2482 2445 τὸ
2516 2392 2776 2459 γλυπτὸν,
2810 2395 3169 2449 ἀναπείθουσι
3196 2396 3253 2450 δὲ
3298 2397 3393 2450 καῖ⁸
3421 2397 3512 2451 τὸν
3558 2396 3618 2462 ἐξ
3652 2399 3819 2469 αἷμα·

2235 2501 2327 2548 τος
2355 2483 2446 2539 τοῦ
2488 2483 2620 2538 Λευῒ
2660 2486 3126 2557 κατακολουθῆσαί
3180 2504 3387 2557 σφισιν,
3438 2488 3818 2558 ἀποφοιτῶντα

2236 2576 2494 2646 Μιχαίου.
2552 2578 3005 2649 Παραταξάμενοι
3068 2579 3145 2643 δὲ,
3182 2581 3277 2633 καὶ
3307 2582 3673 2652 νενικηκότες,
3722 2584 3819 2636 καὶ⁹

2236 2666 2341 2719 ὑπὸ
2370 2671 2527 2738 χεῖρα
2553 2668 2808 2734 λαϐόντες
2850 2671 2952 2741 τὴν
2991 2672 3114 2743 γῆν,
3160 2672 3512 2744 ἀνεδείμαντο
3545 2673 3719 2739 πόλιν,
3748 2676 3818 2746 ῆν

2235 2758 2600 2828 ἐπωνόμασαν
2662 2759 2805 2827 Δάν,
2850 2761 2910 2813 τὸ
2971 2761 3067 2815 τοῦ
3121 2764 3463 2834 προπάτορος
3515 2766 3818 2836 γράφοντες

2234 2850 2395 2921 αὑτῇο
2438 2851 2611 2922 φυλῆς
2638 2851 2747 2923 γὰρ
2784 2848 2925 2924 ἦσαν
2981 2853 3073 2906 καὶ⁵
3124 2853 3357 2935 αἵματος
3404 2857 3502 2927 τῆς
3547 2856 3656 2909 ἀπὸ
3686 2857 3815 2921 Δάν,

2235 2940 2310 3002 ὼς
2339 2941 2495 3011 ἔφην.
2542 2942 2911 3014 Ὶδρυσάμενοι
2954 2943 3009 2997 δὲ
3066 2945 3160 2998 καὶ
3194 2945 3254 2998 τὸ
3303 2946 3518 3000 είδωλον
3546 2949 3604 3000 ὲν
3638 2950 3815 3020 αὐτῇ,

2234 3029 2424 3096 θυσίας
2442 3034 2738 3105 προσῆγον,
2757 3036 2853 3089 καὶ
2873 3036 3010 3106 ὁμοῦ
3033 3040 3099 3108 τῇ
3119 3039 3190 3108 γῇ
3217 3039 3311 3090 καὶ
3346 3037 3466 3092 θεὸν
3492 3041 3814 3112 ἐκτήσαντο·

2235 3121 2371 3192 πρὸς
2396 3123 2553 3177 τοῦτο
2572 3125 2755 3189 αὐτοῖς
2779 3126 3036 3191 ἀϐουλίας
3061 3129 3432 3201 κατεκομίσθη
3461 3130 3520 3185 τὸ
3541 3133 3815 3205 φρόνημα.

554 3219 888 3289 acceperint,
923 3232 1023 3289 age
1054 3229 1563 3273 commemoremus.
1607 3215 1765 3269 Nullo
1795 3214 1970 3269 adhuc
2005 3230 2132 3285 rege

2237 3186 2501 3287 Ταύτῃτοι
2532 3216 2664 3282 Θεὸς
2696 3186 2995 3287 ἠγανάκτει
3016 3186 3227 3287 λοιπὸν,
3258 3186 3352 3275 καὶ
3393 3186 3817 3294 μάλα

555 3310 788 3380 Israelis,
838 3310 923 3365 vir
974 3310 1194 3381 quidam
1250 3308 1489 3374 Levites,
1550 3306 1802 3364 habitans
1854 3310 1907 3362 in
1961 3306 2132 3363 latere

554 3402 754 3457 montis
796 3400 1075 3470 prraim,
1124 3414 1347 3455 uxorem
1399 3396 1866 3454 Bethleemitidem
1954 3398 2129 3454 duxit.

556 3494 687 3560 Quae
711 3507 833 3548 cum
871 3493 1097 3562 fugisset
1141 3492 1212 3546 ad
1259 3498 1467 3562 patrem
1518 3505 1696 3555 suum,
1746 3500 1966 3547 secutus
2010 3504 2131 3546 ean:

555 3585 805 3651 maritus,
837 3585 1125 3654 persuasit,
1166 3592 1225 3638 ut
1257 3597 1438 3639 secum
1494 3584 1668 3639 redire
1713 3598 1776 3639 ac
1814 3582 1879 3639 de
1934 3592 2131 3639 caetero

552 3677 866 3733 cohabitare
897 3676 1077 3733 vellet.
1113 3675 1233 3743 Quo
1265 3675 1429 3742 facto,
1479 3676 1531 3730 in
1562 3676 1740 3731 'medio
1781 3676 1977 3731 itinere
2007 3691 2129 3730 cum

552 3786 615 3823 ea
649 3769 702 3823 in
732 3768 915 3824 Gabaa
944 3769 1221 3839 oppidum,
1258 3768 1403 3838 quod
1446 3768 1871 3839 interpretantur
1922 3768 2127 3835 collem,

553 3860 792 3914 divertit.
817 3857 1033 3927 Gabaae,
1064 3860 1177 3915 sive
1200 3859 1355 3916 collis
1385 3860 1573 3916 incolae
1601 3869 1757 3915 erant
1786 3858 2127 3931 Benjamiue.

561 3950 722 4022 136
749 3948 817 4004 lis
840 3953 982 4021 apud
1009 3966 1192 4006 senem
1234 3951 1520 4020 quemdam
1556 3951 1975 4018 diversantibus,
2026 3967 2129 4007 no-

555 4053 641 4096 cte
670 4042 843 4096 media
878 4042 1157 4098 venientes
1188 4043 1434 4098 nonnulli
1482 4043 1627 4099 cives
1657 4042 1993 4114 Benjamitze,
2035 4046 2132 4099 ho-

554 4136 727 4189 mines
755 4134 1015 4204 improbi,
1066 4143 1125 4189 ut
1174 4136 1434 4205 scriptum
1484 4144 1606 4202 est,
1663 4134 1845 4190 Levita
1903 4145 1957 4191 et
2008 4136 2131 4192 aliis

552 4224 699 4279 abuti
731 4224 798 4279 ad
825 4223 1102 4279 libidinem
1138 4223 1443 4279 voluerunt.
1476 4222 1572 4278 Vix
1620 4222 1835 4278 tandem
1870 4238 1929 4279 re
1962 4223 2131 4279 scele-

552 4318 792 4373 stissima
854 4318 1108 4388 precibus
1166 4316 1492 4383 condonata,
1542 4317 1843 4387 corripiunt
1905 4332 2129 4373 uxorem

552 4409 689 4480 ejus,
721 4409 1202 4478 mulierculamque
1230 4423 1325 4479 per
1351 4416 1518 4463 totam
1552 4420 1763 4464 noctem
1800 4410 2011 4479 impura
2059 4408 2128 4464 li-

552 4501 735 4556 bidine
777 4509 1028 4573 vexatam
1075 4499 1215 4555 mori
1252 4511 1473 4571 cogunt.
1511 4500 1607 4556 Vir
1637 4516 1836 4571 corpus
1878 4500 2129 4555 exanime
2158 4528 2203 4584 Β

552 4592 605 4647 in
646 4602 828 4662 partes
869 4592 1170 4657 concisum,
1213 4606 1309 4662 per
1364 4592 1534 4648 tribus
1566 4592 1891 4648 lsraeliticas
1939 4592 2124 4647 distri-

550 4684 688 4749 buit,
725 4682 1255 4754 Benjamitarumque
1301 4690 1356 4739 et
1398 4685 1451 4738 in
1502 4684 1740 4755 hospites
1788 4683 2024 4749 facinus,
2077 4692 2133 4739 et

552 4776 868 4831 effrenatam
895 4774 1193 4842 lasciviam,
1218 4784 1273 4831 et
1306 4774 1621 4831 Sodomitici
1650 4774 1836 4844 flagitii
1866 4775 2126 4831 imitatio-

554 4883 682 4921 nem
718 4865 1028 4921 manifestat
1059 4865 1125 4922 “.
1162 4866 1244 4923 Ex
1294 4879 1360 4922 eo
1409 4866 1718 4935 indignatus
1764 4872 1910 4921 totus
1960 4865 2130 4921 lsrael

554 4968 937 5029 congregatur,
970 4965 1026 5013 et
1054 4958 1244 5027 copias
1279 4962 1471 5013 contra
1505 4954 1833 5027 Benjamitas
1862 4956 2127 5026 Gabaam,

554 5061 648 5101 seu
676 5046 741 5099 ad
771 5043 962 5100 collem
999 5045 1200 5100 educit.
1236 5044 1439 5100 Tantas
1472 5054 1651 5101 autem
1695 5058 1905 5117 strages
1943 5049 2130 5105 edide-

555 5146 701 5203 runt,
732 5145 791 5192 ut
820 5138 1069 5209 quamvis
1090 5138 1349 5209 populosa
1376 5149 1520 5194 esset
1551 5140 1861 5206 admodum,
1898 5142 1985 5196 vix
2008 5158 2133 5212 per-

554 5230 707 5299 pauci
738 5230 1035 5286 incolumes
1060 5230 1116 5284 in
1148 5230 1495 5292 solitudinem
1545 5231 1670 5307 fuga
1726 5248 1786 5289 se
1836 5234 2131 5303 eriperent.

556 5314 635 5375 Ex
663 5321 810 5377 omni
851 5321 979 5376 item
1003 5320 1167 5377 Israel
1203 5321 1445 5378 bellicosi
1488 5324 1592 5379 viri
1646 5324 1850 5394 ingenti
1905 5341 2134 5385 numero

554 5413 897 5470 interierunt.
925 5415 996 5469 At
1023 5414 1165 5469 enim
1202 5430 1306 5471 non
1335 5417 1671 5487 permisisset
1697 5418 1835 5476 Deus
1857 5418 2131 5476 lsraelitas

553 5519 843 5561 conserere
898 5522 1125 5573 manus,
1171 5510 1272 5564 nisi
1318 5508 1565 5579 sculptile
1617 5524 1683 5565 ex
1726 5512 1887 5567 domo
1943 5512 2132 5567 Mieha:

554 5598 823 5652 sublatum
853 5600 945 5669 qui
978 5608 1134 5655 erant
1162 5600 1228 5657 de
1258 5601 1398 5657 tribu
1433 5603 1543 5657 Dan
1575 5602 1892 5669 coluissent,
1923 5614 1979 5660 et
2011 5604 2131 5660 alite

626 5776 671 5807 ⁸³
703 5774 877 5833 Judic.
921 5793 1073 5844 ιιι-ιιι,
1112 5779 1260 5833 1-51.
1337 5778 1580 5836 "‘Judic.
1616 5795 1726 5847 xIx,
1756 5779 1976 5849 passim.

2232 3306 2308 3369 ὡς
2339 3306 2686 3378 ὑϐρισμένος.
2741 3305 2876 3365 Εἶτα
2919 3310 3038 3365 δέον
3088 3314 3302 3378 πάντας
3329 3317 3456 3379 τοὺς
3487 3316 3544 3383 ἐξ
3581 3319 3816 3392 Ἰσραὴλ,

2233 3394 2461 3465 ἐχθροὺς
2491 3398 2746 3468 ἡγεῖσθαι
2775 3400 2869 3454 καὶ
2898 3400 3339 3472 πολεμιωτάτους
3370 3406 3496 3470 τοὺς
3528 3408 3636 3461 ἀπὸ
3685 3411 3816 3476 Δάν,

2233 3488 2328 3539 καὶ
2357 3488 2455 3558 τῆς
2487 3491 2567 3553 είς
2599 3488 2732 3543 Θεὸν
2760 3490 3077 3557 δυσσεϐείας
3106 3495 3389 3567 ἐξαιτῆσαι
3429 3497 3638 3567 λόγους,
3678 3501 3821 3571 τάχα

2233 3596 2338 3631 που
2376 3580 2470 3633 καὶ
2497 3581 2928 3654 συνηνέχθησαν,
2958 3585 3053 3639 καὶ
3077 3588 3321 3641 ἐπαινεῖν
3344 3588 3548 3659 ἠξίουν,
3576 3592 3653 3656 ὼς
3694 3597 3818 3648 κατ’

2232 3670 2383 3723 οὐδὲν
2437 3671 2575 3737 ὅλως
2626 3675 3037 3747 ἡμαρτηκότας,
3084 3680 3175 3731 καὶ
3205 3682 3332 3733 ποῖα
3364 3682 3585 3750 γέγονεν
3633 3686 3821 3751 αὐτοῖς

2230 3764 2331 3832 τῆς
2385 3765 2463 3826 είς
2508 3763 2667 3819 τοῦτο
2712 3767 2987 3838 ῥᾳθυμίας
3016 3769 3086 3822 τὰ
3117 3770 3343 3841 ὀψώνια,
3394 3774 3526 3847 φέρε
3568 3775 3821 3849 λέγωμεν

2232 3851 2451 3923 ἐφεξῆς.
2525 3856 2908 3910 Ἀϐασιλεύτου
2984 3863 3354 3933 μεμενηκότος
3408 3865 3502 3919 τοῦ
3577 3868 3816 3940 Ἰσραὴλ,

2233 3946 2372 4018 ἀνήρ
2390 3963 2471 4011 τις
2490 3948 2738 4019 Λευϊτης,
2756 3952 3033 4023 παροικῶν
3058 3956 3115 4007 ὲν
3142 3958 3337 4027 μηροῖς
3371 3957 3528 4028 ὅρους
3556 3959 3817 4031 Ἐφραῖμ,

2237 4037 2485 4093 σύνοικον
2518 4041 2813 4111 ἐποιήσατό
2839 4061 2957 4097 τινα
2999 4046 3110 4100 τῶν
3158 4049 3223 4101 ὲκ
3282 4047 3550 4123 Βηθλεέμ.
3597 4052 3818 4125 Ἐπειδη

2230 4130 2287 4184 δὲ
2309 4130 2532 4200 γύναιον
2581 4134 2794 4206 ἀπέδρα
2840 4136 2976 4208 πρὸς
3006 4138 3099 4193 τὸν
3159 4141 3393 4213 πατέρα,
3420 4144 3605 4197 εἵπετο
3655 4145 3758 4216 μὲν
3788 4150 3820 4200 ό

2233 4227 2487 4297 Λευῖτης.
2526 4228 2835 4281 Ἀναπείθει
2867 4229 2923 4282 δὲ
2951 4225 3107 4294 αὖθις
3135 4231 3499 4305 ὑπονοστῆσαι
3520 4237 3617 4290 σὺν
3643 4238 3815 4309 αὐτῷ,

2232 4317 2325 4371 καὶ
2344 4316 2483 4372 οἴκοι
2512 4318 2763 4387 γενέσθαι
2796 4319 3001 4399 λοιπόν.
3035 4316 3110 4376 Ob
3138 4322 3201 4394 δὴ
3226 4326 3531 4393 γεγονότος,
3555 4331 3696 4384 κατά
3721 4332 3821 4402 μέ-

2233 4424 2333 4479 σην
2371 4406 2465 4463 ίὼν
2507 4410 2608 4481 τὴν
2640 4410 2779 4477 ὁδὸν,
2834 4403 2977 4482 ὁμοῦ
3021 4412 3100 4484 τῷ
3151 4417 3357 4488 γυναίῳ
3413 4420 3711 4475 κατέλυσεν
3757 4426 3818 4478 ἐν

2231 4498 2453 4563 Γαϐαά,
2507 4500 2542 4571 ἢ
2594 4500 3013 4573 διερμηνεύεται
3052 4505 3307 4573 βουνός.
3354 4510 3554 4580 ’ῼκουν
3614 4512 3672 4566 δὲ
3718 4516 3818 4587 τῆν

2234 4591 2443 4658 Γαϐαά,
2462 4592 2581 4663 ῆτοι
2604 4593 2696 4648 τὸν
2724 4593 2913 4664 βουνὸν
2934 4596 2984 4648 οἱ
3000 4596 3065 4650 ὲκ
3085 4598 3258 4669 φυλῆς
3286 4599 3566 4672 Βενιαμίν.
3598 4604 3818 4678 Ἐπειδὴ

2233 4682 2475 4754 δὲπαρά
2524 4702 2645 4738 τινα
2693 4686 3051 4758 κατηυλίζετο
3098 4690 3401 4763 πρεσϐύτῃ,
3454 4695 3596 4750 κατὰ
3644 4698 3820 4769 μέσην

2232 4772 2330 4846 τὴν
2357 4774 2530 4830 νύκτα
2581 4776 2827 4842 ἐλθόντες
2864 4779 2973 4833 τῶν
3014 4781 3079 4833 ὲκ
3121 4782 3295 4853 φυλῆς
3320 4784 3595 4858 Βενιαμὶν,
3624 4788 3819 4862 ἄνδρες

2233 4865 2579 4957 παράνομοι,
2635 4867 2780 4923 καθὰ
2816 4870 3143 4942 γέγραπται,
3197 4877 3626 4942 καταϐιάζεσθαι
3682 4886 3821 4957 πρὸς

2233 4956 2526 5025 ἀσέλγειαν
2554 4959 2645 5012 τόν
2699 4975 2760 5012 τε
2795 4961 3052 5032 Λευττην,
3108 4964 3204 5017 καὶ
3254 4966 3438 5032 αὑτὸν,
3470 4970 3564 5021 καὶ
3597 4971 3820 5042 ἑτέρους

2232 5046 2445 5117 ήθελον.
2503 5051 2928 5123 Δυσωπηθέντες
2971 5053 3029 5106 δὲ
3078 5055 3237 5125 μόλις
3283 5056 3385 5129 τῆς
3430 5060 3663 5126 ἀτοπίας
3721 5065 3821 5135 τὴν

2235 5140 2561 5213 ὑπερϐολὴν,
2608 5142 2707 5215 τὴν
2757 5145 2853 5198 τοῦ
2909 5148 3137 5201 Λευΐτου
3179 5150 3619 5219 συλλαμϐάνουσι
3681 5156 3821 5209 παλ-

2234 5232 2445 5289 λακίδα.
2488 5236 2600 5289 Καὶ
2625 5236 2689 5308 δὴ
2719 5239 2815 5292 καὶ
2845 5239 3200 5307 ἀπεκτόνασι,
3244 5243 3313 5297 δι’
3333 5245 3461 5317 ὅλης
3488 5246 3592 5317 τῆς
3624 5248 3821 5313 νυκτὸς

2232 5326 2313 5391 είς
2338 5325 2399 5378 τὸ
2422 5326 2644 5395 γύναιον
2678 5330 3111 5399 ἀσελγαίνοντες.
3148 5333 3206 5387 '0
3234 5333 3291 5388 δὲ
3341 5335 3531 5390 διελὼν
3564 5341 3645 5401 εἰς
3676 5339 3818 5410 μέλη

2230 5417 2293 5471 τὸ
2316 5419 2473 5492 σῶμα
2505 5422 2744 5493 διένειμε
2787 5426 2903 5489 τοῖς
2936 5425 3001 5478 ὲκ
3051 5424 3222 5495 φυλῆς
3268 5428 3503 5500 Ἰσραὴλ,
3529 5431 3819 5500 καταφανῆ

2233 5512 2495 5578 καθιστὰς
2555 5514 2663 5569 τῶν
2709 5518 2772 5569 ὲκ
2824 5516 2997 5589 φυλῆς
3024 5518 3285 5590 Βενιαμὶν
3316 5520 3416 5591 τήν
3456 5536 3516 5573 τε
3566 5522 3645 5584 εἰς
3690 5524 3820 5585 τοὺς

2233 5604 2417 5672 ξένους
2442 5605 2739 5679 ἁμαρτίαν,
2772 5609 2949 5664 καὶτὸ
2976 5611 3227 5681 ἀχάλινον
3271 5611 3352 5675 εἰς
3382 5609 3692 5681 ἀσέλγειαν·
3724 5615 3823 5670 καὶ
