4110 6368
399 391 506 447 229
1317 386 1872 447 COMMENTARIUS
1908 387 1976 442 IN
2014 387 2247 446 OSEAM
2283 391 2728 450 PROPHETAM.
3544 399 3651 454 250

398 511 482 563 ὅτι
518 508 586 563 τά
631 507 935 580 Σοδομιτῶν
966 510 1315 581 μεμίμηνται
1350 508 1818 580 πλημμελήματα.
1865 509 1967 562 Ἑν·

2084 511 2253 565 tribus
2293 512 2345 565 id
2377 512 2562 581 inique
2606 509 3007 567 dissimulantes
3054 512 3401 581 quievissent.
3430 554 3436 559 .
3463 513 3651 569 Simile

398 599 587 654 τεῦθεν
616 600 1003 670 ἀγανακτήσας
1032 602 1442 671 συναγήγερται
1473 601 1580 662 πᾶς
1602 598 1838 669 Ἰσραὴλ,
1878 598 1967 652 καὶ

2075 603 2203 672 quid
2233 603 2396 659 etiam
2430 614 2649 672 propter
2694 604 2887 659 vitulos
2922 619 3115 660 aureos
3166 605 3273 659 Deo
3324 607 3650 660 exacerbata

397 690 887 760 κατεστρατεύοντο
907 691 1007 761 τῆς
1034 692 1203 761 φυλῆς
1222 692 1479 761 Βενιαμὶν
1502 693 1561 743 ἐν
1596 690 1832 753 Γαὸαάν,
1849 706 1967 742 του-

2074 696 2277 749 evenit.
2309 694 2679 751 Conﬂixerunt
2708 697 2849 750 enim
2885 697 3002 750 duae
3032 696 3202 751 tribus
3232 696 3368 751 .luda
3403 712 3526 751 cum
3552 698 3650 752 de-

395 781 599 843 τέστιν,
648 781 706 833 ἐν
746 779 825 850 τῷ
858 780 1052 850 βουνῷ·
1101 779 1243 833 οὕτω
1295 798 1354 833 τε
1413 781 1585 851 αὐτὴν
1641 782 1967 851 ἀνῃρήκασι,

2074 800 2190 841 cem
2219 786 2473 856 prraim
2497 805 2511 853 ;
2537 797 2590 843 et
2628 787 2853 857 perinde
2885 796 2945 840 ut
2972 789 3301 855 temporibus
3324 787 3494 851 collis,
3528 788 3649 843 mil-

396 871 574 924 καίτοι
614 871 1044 943 πολυανδροῦσαν
1068 872 1208 940 λίαν,
1235 872 1311 935 ὡς
1341 871 1553 941 ὀλίγους
1593 874 1787 944 κομιδῇ
1820 890 1967 943 περι·

2074 873 2143 927 lia
2170 875 2334 929 multa
2357 874 2749 939 occubuerunt,
2774 884 2830 928 et
2855 874 2934 928 ira
2965 874 3057 929 Dei
3088 874 3383 944 instigante
3415 889 3536 928 cum
3561 876 3646 926 vi-

398 960 692 1025 σωθέντας,
716 962 870 1033 μόλις
886 963 1181 1032 ἀναφυγεῖν
1202 966 1281 1027 είς
1298 962 1396 1035 τὴν
1426 966 1649 1035 ἔρημον.
1678 964 1967 1018 Διολὼλασι

2075 964 2178 1020 ctis
2205 966 2303 1034 ipsi
2332 968 2565 1021 victores
2596 965 2705 1021 dati
2729 976 2854 1020 sunt
2895 966 3060 1019 exitio
3083 966 3149 1019 ⁸³.
3191 966 3355 1020 Gesta
3384 974 3507 1019 sunt
3535 965 3649 1019 [nec

395 1053 561 1105 δὲκαὶ
583 1054 647 1107 ἐκ
664 1054 865 1118 παντὸς
893 1054 1109 1126 Ἰσραήλ
1132 1055 1242 1109 τῶν
1268 1055 1522 1127 μαχίμων
1549 1055 1647 1107 οὐκ
1674 1055 1967 1127 εὐαρίθμη-

2073 1070 2237 1124 super
2279 1055 2471 1111 Judam
2518 1067 2775 1124 regnante
2806 1056 3044 1120 Amasia,
3095 1070 3257 1125 super
3317 1056 3479 1129 lsrael
3525 1054 3644 1120 Joa,

396 1162 500 1198 τοι.
537 1146 675 1198 Ἀλλ’
697 1146 799 1199 οὐκ
832 1146 898 1201 ἂν
932 1147 1083 1215 ήφίει
1115 1146 1246 1209 Θεὸς
1274 1146 1527 1217 ἀλλήλοις
1569 1145 1967 1215 συμπλέκεσθαι

2076 1149 2167 1219 qui
2199 1149 2275 1204 ita
2307 1149 2520 1220 subegit
2548 1148 3000 1219 Hierosolymam,
3031 1158 3090 1201 ut
3120 1158 3327 1217 partem
3374 1149 3512 1202 muri
3554 1163 3651 1203 cu-

396 1237 524 1299 τοὺς
545 1236 605 1301 ἐξ
634 1237 870 1308 Ἰσραὴλ,
911 1240 957 1290 εί
991 1238 1066 1309 μὴ
1098 1239 1160 1291 τὸ
1197 1238 1256 1302 ἐξ
1288 1238 1438 1290 οἴκου
1465 1238 1702 1307 Μιχαίου
1737 1236 1967 1305 γλυπτὸν

2078 1238 2311 1294 biturum
2345 1239 2862 1308 quadringentorum
2898 1238 3136 1293 dirueret
3166 1239 3232 1292 °‘.

395 1330 445 1379 οί
474 1328 572 1398 μὲν
598 1328 705 1382 ἀπὸ
732 1328 840 1382 Δάν
876 1331 1223 1400 τετιμήκασι,
1284 1330 1675 1401 κατηρέμησαν
1710 1329 1768 1382 δὲ
1833 1329 2160 1399 παραλόγως
2208 1332 2259 1383 οί
2298 1332 2363 1384 ἐκ
2410 1332 2518 1385 τῶν
2583 1331 2784 1403 ἐτέρων
2845 1330 3047 1400 φυλῶν.
3087 1330 3338 1383 Τοιοῦτόν
3374 1348 3424 1383 τι
3459 1330 3647 1398 γέγονε

395 1424 489 1476 καὶ
544 1423 638 1476 ἐπὶ
673 1426 795 1487 ταῖς
838 1424 1102 1494 δαμάλεσι
1156 1428 1275 1488 ταῖς
1320 1428 1545 1495 χρυσαῖς
1598 1424 1974 1496 λελυπημένου
2012 1425 2170 1479 Θεοῦ.
2222 1426 2648 1495 Συνεπλάκησαν
2706 1426 2816 1497 γάρ
2852 1426 3111 1495 ἀλλήλαις
3155 1425 3216 1477 αἴ
3248 1442 3309 1476 τε
3338 1424 3431 1476 τοῦ
3479 1423 3649 1476 Ἰούδα

396 1511 563 1583 φυλαὶ
592 1513 707 1576 δύο,
740 1514 835 1567 καὶ
862 1516 919 1566 αί
951 1513 1083 1567 δέκα
1109 1513 1204 1567 τοῦ
1236 1513 1498 1584 Ἐφραῒμ.
1534 1516 1645 1568 Καὶ
1682 1513 1758 1577 ὡς
1806 1515 1864 1566 ἐν
1886 1517 2004 1579 ταῖς
2073 1516 2309 1587 ἡμέραις
2363 1517 2458 1569 τοῦ
2521 1515 2710 1586 βουνοῦ
2768 1516 2951 1586 μυρίοι
3010 1517 3108 1587 μὲν
3148 1518 3261 1570 ὅσοι
3304 1515 3646 1578 πεπτώκασι,

396 1604 858 1678 συνωλοθρεύοντο
888 1606 945 1659 δὲ
966 1610 1079 1670 τοῖς
1116 1608 1339 1661 νικῶσιν
1374 1610 1422 1661 οί
1461 1609 1781 1678 ἡττημένοι,
1853 1609 2003 1672 θείας
2073 1613 2154 1673 είς
2202 1611 2361 1665 τοῦτο
2414 1611 2682 1680 καλούσης
2738 1612 2929 1682 ὀργῆς.
2984 1611 3304 1682 Πέπρακται
3362 1610 3420 1663 δὲ
3474 1610 3647 1663 ταῦτα

394 1694 661 1765 Ἀμασίου
720 1697 819 1766 μὲν
858 1696 1233 1768 βασιλεύοντος
1281 1700 1376 1751 ἐπὶ
1414 1700 1504 1752 τὸν
1532 1698 1757 1765 Ἰούδαν,
1786 1699 1881 1752 τοῦ
1913 1716 1977 1768 γε
2020 1700 2125 1772 μὴν
2153 1702 2307 1765 Ἰωὰς
2370 1704 2461 1756 ἐπὶ
2520 1704 2612 1757 τὸν
2638 1703 2878 1774 Ἰσραὴλ,
2918 1702 2977 1766 ὃς
3018 1697 3161 1756 εἷλεν
3188 1702 3333 1756 οὕτω
3368 1701 3437 1755 τὰ
3478 1701 3643 1774 Ἰερο-

395 1786 625 1855 σόλυμα,
655 1786 730 1851 ὡς
759 1789 853 1842 καὶ
891 1789 1136 1842 καθελεῖν
1172 1788 1267 1842 τοῦ
1293 1789 1509 1859 τείχους
1540 1789 1704 1861 μέρος
1737 1790 1816 1853 είς
1851 1790 2047 1861 πήχεις
2070 1792 2453 1862 τετρακοσίας.

477 1880 573 1946 Ὡς
590 1879 921 1949 σταφυλὴν
961 1882 1032 1935 ἐν
1085 1880 1281 1950 ἐρήμῳ
1315 1878 1496 1951 εὗρον
1541 1882 1648 1936 τὸν
1693 1883 1967 1951 Ἰσραὴλ,

2150 1885 2311 1939 Vens.
2344 1886 2430 1939 l0.
2465 1884 2616 1942 Sicut
2663 1904 2815 1942 uvam
2854 1889 2908 1942 in
2944 1888 3148 1943 deserto
3177 1888 3347 1942 iuveni
3380 1886 3649 1952 lsrael,et

392 1972 491 2025 arat
541 1972 622 2037 ὠς
659 1972 859 2026 σῦκον
898 1973 969 2025 ἐν
1009 1971 1174 2041 συκῇ
1215 1974 1478 2043 πρώζαον
1516 1970 1682 2027 εἶδον
1716 1975 1967 2045 πατέρας

2078 1974 2210 2029 sicut
2259 1977 2416 2045 ﬁcum
2468 1978 2523 2031 in
2554 1978 2658 2047 ﬁcu
2693 1980 3042 2048 tempestivam
3088 1979 3193 2033 vidi
3233 1988 3407 2046 patres
3445 1994 3646 2034 eorum.

391 2062 608 2117 αὐτῶν,
642 2064 821 2117 Αὐτοὶ
853 2063 1147 2132 εἰσῆλθον
1170 2065 1321 2135 πρὸς
1352 2066 1462 2119 τὸν
1486 2064 1856 2134 Βεελφεπὼρ,
1877 2068 1967 2123 καί

2076 2064 2192 2135 Ipsi
2223 2066 2442 2136 ingressi
2469 2078 2591 2121 sunt
2619 2069 2687 2122 ad
2720 2069 3063 2139 Beelphegor,
3104 2080 3150 2123 et
3195 2069 3479 2123 abalienati
3527 2079 3647 2123 sunt

391 2155 978 2223 ἀπηλλοτριώθησαν
1008 2158 1098 2221 εὶς
1120 2158 1443 2225 αἰσχύνην.
1477 2158 1588 2211 Καὶ
1616 2156 1893 2227 ἐγένοντο
1921 2162 1967 2214 oi

2076 2159 2133 2212 in
2162 2159 2541 2227 confusionem.
2585 2161 2651 2214 Et
2694 2161 2825 2230 {acti
2864 2171 2984 2215 sunt
3013 2161 3190 2216 dilecti
3217 2162 3351 2216 sicut
3379 2162 3650 2217 abomina-

390 2245 763 2315 ἠγαπημένοι
786 2246 866 2312 ὡς
892 2248 947 2299 oi
972 2245 1410 2317 ἐϐδελυγμένοι.

466 2336 585 2391 ΡΓ’,
619 2336 745 2388 Ὀτι
772 2336 848 2407 μὴ
877 2336 1054 2407 μάτην
1092 2338 1274 2400 αὐτοῖς
1300 2336 1362 2390 τὸ
1390 2337 1805 2410 καταφθαρῆναι
1838 2357 1977 2412 συμο

391 2426 651 2497 ὕέϐηκεν,
696 2426 810 2480 ἀλλ’
842 2429 901 2480 ἐν
947 2427 1093 2499 δίκῃ,
1145 2427 1331 2481 λοιπὸν
1380 2430 1636 2499 πειρᾶται
1680 2430 1971 2487 διδάσκειν.

392 2517 538 2586 Ἐγὼ
574 2517 674 2588 μὲν
732 2518 877 2589 γὰρ,
935 2520 1091 2589 φησι,
1141 2518 1488 2589 ἐπελεξάμην
1551 2520 1774 2587 αὐτοὺς,
1804 2521 1880 2585 ὡς
1916 2524 1974 2576 ἐν

389 2609 584 2680 ἐρήμῳ
609 2609 880 2682 σταφυλὴν
915 2609 1113 2681 εὑρὼν,
1149 2612 1243 2665 καὶ
1265 2610 1340 2675 ὡς
1389 2611 1556 2665 σῦκον
1577 2612 1837 2685 πέπειρον
1866 2614 1974 2669 ἀπὸ

390 2700 567 2770 συκῆς
610 2700 886 2771 ἀρπάσας*
930 2700 1199 2771 ἐξήγαγον
1229 2702 1339 2773 γὰρ
1377 2705 1477 2774 τῆς
1515 2704 1833 2772 Αἰγυπτίων
1860 2706 1972 2777 χώ-

391 2808 512 2863 ρας,
550 2791 1042 2863 είδωλολατρούσης
1074 2793 1222 2861 ὅλης,
1252 2793 1347 2846 καὶ
1393 2793 1843 2865 πεπλανημένης,
1875 2796 1971 2851 καί

387 2883 593 2952 πολλὴν
632 2885 894 2955 νοσούσης
920 2885 1018 2956 τὴν
1044 2884 1278 2956 ἐρημίαν
1303 2886 1503 2948 παντὸς
1533 2886 1760 2955 ἀγαθοῦ.
1787 2887 1852 2940 Τί
1879 2884 1972 2942 οὖν

386 2975 439 3026 οἱ
480 2974 792 3042 ἀπόλεκτοι,
847 2976 899 3027 οἰ
939 2974 1027 3027 διά
1072 2975 1173 3045 τῆς
1206 2976 1346 3047 ἐμῆς
1375 2976 1724 3047 ήρπαγμένοι
1751 2980 1969 3050 χειρός;

388 3068 821 3139 Προσκέκλινται
848 3067 927 3139 τῷ
980 3067 1324 3138 Βεελφεγὼρ,
1364 3069 1591 3139 ἐξῆλθον
1641 3073 1970 3139 οἰκειότητος

388 3164 489 3233 τῆς
522 3163 658 3235 πρός
691 3180 758 3233 με
796 3165 877 3227 είς
906 3162 1190 3232 αίσχύνην,
1228 3162 1385 3215 τοῦτό
1419 3164 1536 3216 ἐστι
1571 3162 1653 3229 τὺ,
1714 3184 1733 3217 ι
1769 3165 1971 3235 Ἀπηλ·

2076 2249 2224 2307 biles.

2146 2340 2274 2396 Clll.
2298 2340 2416 2397 Non
2451 2350 2672 2408 temere,
2710 2343 2804 2398 sed
2828 2344 2949 2411 jure
2976 2343 3266 2412 perniciem
3296 2342 3401 2398 illis
3445 2342 3646 2397 illatam

2073 2446 2194 2488 esse
2219 2443 2447 2488 conatur
2491 2435 2650 2488 modo
2703 2435 3009 2489 ostendere.
3063 2434 3175 2503 Ego
3233 2434 3395 2499 enim,
3451 2434 3643 2503 inquit,

2074 2523 2208 2594 elegi
2239 2538 2332 2579 eos
2358 2524 2498 2579 utin
2532 2525 2819 2581 solitudine
2845 2541 3000 2581 uvam
3035 2525 3331 2589 inventam,
3381 2533 3435 2579 et
3482 2535 3541 2579 ut
3583 2525 3648 2579 ti-

2075 2630 2197 2671 cum
2222 2625 2486 2671 maturam
2518 2617 2585 2671 ab
2611 2618 2805 2673 arbore
2842 2618 3149 2687 decerptam
3181 2636 3195 2670 :
3221 2616 3379 2671 eduxi
3407 2617 3550 2671 enim
3576 2632 3645 2672 ex

2073 2704 2329 2778 zEgypto,
2358 2722 2518 2776 quam
2549 2718 2712 2761 totam
2766 2707 3090 2772 idololatria,
3131 2716 3187 2762 et
3215 2722 3390 2771 error,
3443 2718 3497 2761 et
3532 2722 3646 2761 ma-

2073 2812 2177 2865 gna
2228 2797 2407 2853 omnis
2454 2797 2578 2852 boni
2631 2798 2854 2870 penuria
2907 2797 3244 2852 obsidebant.
3295 2797 3432 2863 Quid
3484 2798 3647 2866 igitur

2072 2888 2253 2952 electi,
2287 2889 2415 2958 quid
2464 2905 2622 2943 manu
2676 2904 2793 2943 mea
2847 2889 3053 2958 erepti?
3121 2888 3533 2943 Declinaverunt
3574 2890 3642 2943 ad

2073 2978 2428 3049 Bcelphcgor,
2464 2981 2531 3034 ab
2576 2980 2811 3035 amicitia
2846 2995 2963 3034 mea
2992 2979 3335 3036 desciverunt
3365 2980 3416 3034 in
3449 2979 3641 3034 confu-

2072 3069 2311 3137 sionem;
2359 3071 2463 3126 boc
2489 3072 2631 3125 enim
2664 3082 2766 3133 est,
2798 3072 2940 3139 quod
2972 3071 3048 3125 ait
3082 3089 3097 3125 :
3142 3090 3159 3123 ι
3188 3070 3490 3126 Abalienati
3517 3081 3644 3127 sunt

2074 3165 2127 3218 in
2155 3163 2550 3219 confusionem.
2585 3184 2604 3218 ι
2644 3164 2798 3235 137
2831 3164 3216 3219 Coniusionem
3265 3174 3446 3219 autem
3486 3174 3642 3219 vocat

388 3230 765 3325 λοτριῶθησαν
806 3255 886 3317 είς
937 3230 1228 3326 αἰσχύνην·
1259 3272 1278 3305 ι
1314 3254 1577 3326 αἰσχύνην
1621 3256 1678 3310 δὲ
1719 3230 1967 3328 ὀνομάζει

2077 3255 2408 3327 Beelpbegor
2432 3274 2446 3311 :
2474 3266 2591 3312 erat
2629 3230 2781 3310 enini
2821 3257 3018 3311 idolum
3058 3257 3230 3312 forma
3259 3257 3499 3313 omnium
3531 3266 3644 3313 tur-

385 3342 482 3396 τοῦ
514 3342 859 3414 Βεελφεγώρ’
900 3338 969 3414 ἢν
1017 3343 1127 3414 γὰρ
1180 3344 1238 3396 ἐν
1294 3343 1678 3417 ἀκαλλεστάτῳ
1733 3348 1969 3417 σχήματι

386 3434 497 3489 τῶν
520 3434 695 3489 ἄλλων
723 3434 981 3505 μάλιστα,
1010 3435 1103 3488 καὶ
1124 3434 1358 3505 ἄσεμνον
1390 3435 1537 3490 ίδείν.

458 3526 687 3592 Οὐκοῦν,
716 3524 1040 3593 ἀγαπῶντες
1087 3523 1188 3595 μὲν
1212 3524 1275 3577 τὸ
1316 3521 1457 3580 εῖναι
1507 3526 1650 3597 μετά
1685 3526 1841 3592 Θεοῦ,
1874 3529 1969 3582 καὶ

385 3614 654 3686 τιμῶντες
677 3615 753 3678 ὡς
774 3614 1099 3681 καλέσαντα,
1124 3615 1218 3668 καὶ
1232 3614 1639 3686 ἐπιλεξάμενον.
1663 3618 1756 3670 καί
1781 3618 1968 3687 ὥσπερ

386 3712 447 3777 ἐξ
494 3712 702 3782 ἐρήμου
753 3708 849 3763 καὶ
882 3706 1247 3764 άκανθοτόκου
1279 3708 1385 3779 γῆς
1432 3709 1755 3781 ἁρπάσαντα
1784 3710 1883 3782 τῆς
1908 3713 1968 3765 ἐν

382 3801 523 3872 τῷδε
552 3800 632 3871 τῷ
662 3801 856 3872 κόσμῳ
913 3802 1321 3868 καταστάσεως,
1347 3801 1423 3866 ὡς
1474 3803 1748 3873 σταφυλήν
1775 3820 1835 3856 τε
1871 3804 1967 3857 καὶ

387 3892 555 3946 σῦκον
582 3894 910 3963 ήγαπηκότα
936 3892 1204 3965 πρὼῖμον,
1232 3892 1588 3964 διασώσωμεν
1620 3895 1837 3967 ἀρραγῆ
1866 3895 1966 3966 τὴν

383 3985 524 4056 πρὸς
562 3985 725 4038 αὐτὸν
770 3985 986 4049 ἕνωσιν,
1016 3985 1175 4056 δῆλον
1204 3986 1261 4039 δὲ
1309 3987 1397 4039 ὅτε
1430 3987 1530 4058 τήν
1566 3989 1960 4058 πνευματικήν.

385 4079 450 4132 Et
490 4077 547 4130 δὲ
578 4077 642 4147 δὴ
674 4077 880 4145 γένοιτό
908 4094 995 4141 τις
1044 4077 1344 4140 ἀπόνευσις
1390 4078 1465 4142 είς
1496 4078 1557 4130 τὸ
1587 4078 1840 4143 ἀκαλλὲς,
1870 4079 1964 4132 καὶ

385 4169 467 4231 εἰς
495 4167 556 4220 τὸ
579 4167 781 4222 λυποῦν
810 4168 992 4234 αὐτὸν,
1022 4168 1171 4221 οὐδὲν
1208 4167 1289 4221 ἐτι
1330 4168 1600 4238 διοίσομεν
1642 4169 1751 4223 τῶν
1772 4170 1960 4234 ἐθνῶν.

397 4254 666 4325 Ἐσόμεθα
699 4254 807 4325 γὰρ
835 4256 885 4307 oi
924 4257 1269 4328 ἠγαπημένοι
1297 4257 1374 4321 ὡς
1395 4258 1446 4310 οἱ
1488 4258 1886 4330 ἐϐδελυγμένοι,
1913 4261 1962 4314 οἳ

383 4346 481 4399 καὶ
513 4345 747 4415 εὐλόγως
784 4346 1133 4418 μεμίσηνται.
1183 4367 1203 4400 ι
1249 4350 1578 4420 Δικαιοσύνη
1627 4350 1756 4423 γάρ,
1804 4354 1960 4424 φησὶ,

382 4436 593 4489 δικαίου
638 4438 701 4490 ού
755 4437 831 4509 μὴ
894 4438 1143 4509 ἐξέληται
1196 4441 1395 4495 αὐτόν·
1447 4444 1506 4497 ἐν
1650 4445 1717 4498 ἂν
1776 4445 1962 4516 ἡμέρᾳ

383 4527 631 4600 ἁμάρτῃ,
662 4528 1032 4624 ἀποθανεῖται.
1074 4548 1094 4582 s
1131 4531 1242 4585 Καὶ
1268 4533 1471 4606 σφόδρα
1503 4536 1681 4605 σοφῶς
1722 4538 1750 4589 ὁ
1780 4537 1960 4605 μακά·
1990 4564 2038 4624 D

385 4636 501 4690 ριος
528 4619 727 4690 γράφει
756 4618 966 4684 Παῦλος
987 4636 1003 4652 ο
1042 4639 1061 4674 ι
1100 4622 1264 4677 Ὥστε
1292 4626 1322 4678 ὀ
1369 4625 1541 4681 δοκῶν
1573 4627 1814 4692 ἐστάναι,
1850 4626 1964 4697 βλέ-

382 4710 534 4763 πέτω
567 4712 641 4782 μὴ
671 4711 833 4784 πέσῃ·
867 4730 887 4763 ι

466 4803 711 4872 Ἐφριιῒμ
737 4804 819 4869 ὡς
860 4803 1072 4871 ὄρνεον
1099 4804 1490 4877 ἐξεπετάσθη.

454 4893 728 4948 ΡΔ’.”Οσα
752 4892 859 4948 τῶν
888 4894 1088 4965 ὀρνέων
1112 4896 1187 4968 μὴ
1216 4896 1330 4953 ἐστι
1356 4898 1589 4953 τίθασσά
1608 4916 1667 4953 τε
1720 4899 1812 4954 καὶ
1840 4918 1964 4957 κατ-

380 4985 604 5047 οικίδια,
657 4985 1028 5056 συλληφθέντα
1091 4989 1438 5058 φυλάττεται,
1491 4992 1585 5045 καὶ
1626 4977 1960 5065 κατατέρπει

379 5079 763 5150 πὺςέχοντας.
797 5082 860 5135 Ei
883 5081 941 5136 δέ
977 5080 1041 5152 δὴ
1072 5082 1282 5150 γένοιτό
1311 5100 1395 5146 τις
1422 5082 1516 5135 τοῦ
1542 5081 1819 5155 διαδράναι
1843 5102 1965 5139 και-

384 5172 500 5242 ρὸς,
530 5172 913 5244 ἀνυπερθέτως
934 5174 1227 5245 ἀποφοιτᾷ,
1257 5175 1351 5228 καὶ
1384 5173 1533 5245 ὀξείᾳ
1569 5175 1791 5247 φέρεται
1819 5177 1959 5247 πτή-

384 5280 470 5316 σει
519 5263 660 5335 πρδς
716 5264 778 5318 τὸ
825 5266 1009 5328 αὐτοῖς
1064 5264 1293 5335 σύνηθες
1363 5264 1704 5336 ἐνδιαίτημα.
1751 5266 1960 5320 Οὐκοῦν

380 5354 680 5425 τεθήρευτο
708 5354 810 5426 μὲν
835 5356 1036 5429 τρόπον
1062 5356 1187 5410 τινὰ
1216 5356 1304 5412 διὰ
1328 5357 1569 5421 Μωσέως
1596 5358 1781 5428 ὀρνέου
1808 5357 1962 5429 δίκην

382 5448 414 5497 ὁ
458 5447 695 5519 Ἰσραὴλ,
740 5449 836 5501 καὶ
868 5447 1307 5520 προσκεκόμιστο
1351 5448 1429 5520 τῷ
1459 5448 1597 5520 Θεῷ,
1649 5450 1743 5504 καὶ
1788 5444 1857 5519 ἦν
1903 5450 1961 5502 ἐν

384 5538 535 5609 καλῷ
578 5538 678 5609 τῆς
721 5541 1023 5610 εὐημερίας
1072 5541 1223 5611 νόμῳ
1278 5541 1811 5611 παιδαγωγούμενος,
1869 5541 1961 5594 καὶ

383 5628 665 5699 φροντίδος
715 5629 1024 5699 ἀπολαύων,
1056 5632 1150 5686 καὶ
1179 5631 1395 5702 φειδοῦς
1430 5633 1528 5704 τῆς
1559 5632 1784 5687 ἄνωθεν.
1828 5633 1959 5685 ’Δπο

2071 3348 2293 3419 pissima
2325 3355 2379 3403 et
2400 3357 2625 3418 aspectu
2655 3348 3020 3403 inhonestum.

2140 3523 2321 3592 Quare
2348 3522 2625 3594 cupientes
2653 3536 2774 3579 esse
2803 3538 2922 3578 cum
2956 3520 3088 3587 Deo,
3117 3536 3348 3592 eumque
3374 3537 3641 3579 veneran-

2070 3626 2170 3681 tes,
2198 3625 2255 3671 ut
2284 3616 2374 3687 qui
2405 3631 2505 3672 nos
2534 3616 2762 3679 vocavit,
2794 3625 2848 3671 et
2871 3615 3054 3685 elegit,
3086 3624 3140 3669 et
3168 3624 3422 3683 tanquam
3454 3631 3520 3670 ex
3549 3631 3643 3671 so-

2067 3708 2295 3765 litudine
2326 3718 2381 3764 et
2417 3719 2562 3764 terra
2597 3709 2783 3779 spinas
2816 3720 3110 3779 generante
3142 3708 3364 3776 eripuit,
3392 3722 3458 3762 ex
3494 3718 3641 3762 statu

2065 3801 2316 3856 videlicet
2345 3800 2526 3856 mundi
2558 3799 2745 3869 hujus,
2777 3810 2939 3869 atque
2969 3809 3026 3855 ut
3051 3816 3206 3854 uvam
3232 3810 3288 3854 et
3315 3799 3473 3854 ticum
3503 3810 3641 3854 tem-

2067 3893 2330 3963 pestivam
2364 3892 2665 3957 adamavit,
2700 3893 3135 3961 conjunctionem
3167 3907 3288 3947 cum
3322 3892 3439 3962 ipso
3472 3892 3644 3948 indis-

2066 3981 2374 4048 solubilem,
2417 3981 2776 4051 spiritualem,
2816 3980 3058 4050 inquam,
3097 3981 3449 4035 retineamus.
3487 3982 3641 4048 Quod

2065 4074 2110 4129 si
2141 4073 2208 4128 ad
2241 4074 2496 4128 indecora
2541 4073 2786 4142 quaedam
2822 4072 2984 4140 eique
3012 4071 3198 4127 odiosa
3228 4070 3641 4138 deﬂexerimus,

2064 4163 2199 4219 nihil
2224 4179 2253 4217 a
2282 4164 2531 4233 gentibus
2560 4162 2888 4218 diﬂ'eremus.
2914 4162 3131 4219 Erimus
3156 4163 3301 4218 enim
3333 4176 3430 4216 nos
3456 4162 3639 4217 dilecti

2063 4270 2129 4310 eo
2156 4254 2275 4311 loco
2304 4270 2412 4325 quo
2437 4255 2731 4319 exsecrati,
2752 4269 2887 4324 quos
2915 4270 3127 4325 aequum
3152 4263 3237 4310 est
3264 4254 3461 4310 odisse.
3493 4273 3512 4305 ι
3542 4253 3640 4309 Ju-

2063 4349 2210 4404 stitia
2243 4350 2388 4403 enim
2417 4348 2582 4418 justi,
2612 4347 2819 4419 inquit,
2852 4364 2958 4403 non
2990 4347 3245 4404 liberabit
3275 4361 3435 4411 eum;
3470 4346 3524 4401 in
3556 4347 3642 4400 die

2063 4455 2166 4509 qua
2203 4441 2531 4511 peccaverit,
2564 4442 2828 4496 morietur
2849 4442 2917 4499 ⁵⁷.
2956 4460 2977 4494 ι
3007 4440 3073 4496 Ει
3104 4438 3477 4511 persapienter
3499 4437 3639 4492 seri»

2063 4533 2145 4588 bit
2174 4535 2366 4589 beatus
2396 4532 2597 4589 Paulus
2626 4551 2640 4589 :
2680 4553 2698 4587 ι
2739 4535 2924 4603 Itaque
2952 4533 3044 4604 qui
3075 4548 3135 4589 se
3163 4530 3440 4587 existimat
3470 4539 3637 4596 stare,

2068 4626 2247 4683 videat
2280 4642 2346 4682 ne
2376 4628 2533 4683 cadat
2553 4626 2619 4679 ⁸⁸.
2656 4645 2677 4680 ι

2146 4801 2304 4857 Vens.
2337 4801 2426 4856 11.
2459 4801 2713 4870 Ephraim
2741 4801 2891 4871 quasi
2920 4801 3030 4854 avis
3057 4811 3269 4855 extensa
3298 4811 3396 4857 est.

2139 4893 2273 4951 CIV.
2314 4893 2662 4963 Quaecunque
2692 4907 2820 4948 aves
2850 4907 2953 4946 non
2986 4893 3195 4948 cicures
3221 4903 3275 4949 et
3305 4891 3639 4955 domesticae.

2062 4986 2151 5042 ubi
2198 4994 2369 5055 captaa
2414 4983 2647 5049 fuerint,
2689 4984 3088 5052 custodiuntur,
3126 4992 3181 5040 et
3224 4984 3471 5040 dominos
3510 4998 3638 5039 suos

2063 5076 2352 5132 delectant.
2390 5074 2487 5129 Sin
2526 5089 2647 5144 quae
2687 5076 3063 5145 opportunitas
3101 5074 3312 5130 volandi
3353 5073 3635 5135 inciderit,

2064 5170 2198 5223 citra
2227 5183 2431 5222 moram
2459 5168 2743 5224 celerrime
2763 5168 2830 5222 ad
2857 5180 3173 5225 consuetum
3200 5169 3300 5223 sibi
3323 5167 3444 5221 vita:
3467 5180 3637 5235 genus

2066 5260 2302 5315 avolant.
2343 5260 2527 5329 itaque
2572 5268 2764 5330 captus
2804 5268 2893 5315 est
2935 5260 3332 5330 quodammodo
3380 5275 3411 5312 a
3452 5258 3637 5329 Moyse

2066 5351 2301 5406 volucris
2344 5352 2513 5406 instar
2550 5350 2741 5417 Israel,
2781 5360 2837 5406 et
2880 5352 3093 5408 oblatus
3136 5351 3265 5416 Deo,
3303 5360 3358 5406 et
3396 5353 3533 5405 bene
3571 5365 3634 5403 ac

2066 5443 2222 5498 beate
2262 5443 2528 5507 habebat,
2560 5442 2842 5513 disciplina
2877 5442 3011 5515 legis
3044 5442 3384 5507 docel'actus,
3419 5452 3473 5497 et
3510 5456 3635 5496 cum

2067 5550 2193 5591 cura
2230 5533 2668 5605 indulgentiaque
2705 5543 2970 5591 tractatus
3000 5535 3250 5605 desuper.
3280 5535 3385 5591 Sed
3420 5549 3635 5589 rursum

2066 5628 2155 5683 ubi
2195 5628 2343 5699 prius
2382 5637 2496 5683 erat
2530 5625 2798 5695 avolavit,
2834 5638 3041 5684 tantum
3076 5643 3181 5686 non
3217 5644 3378 5685 manu
3413 5627 3639 5697 aucupis

457 5801 506 5835 “
531 5803 705 5864 Judic.
732 5825 825 5877 xx,
848 5807 1071 5881 passim.
1148 5810 1194 5843 “
1231 5807 1296 5865 ιν
1331 5809 1463 5878 Reg.
1497 5808 1723 5878 x1v,l3.
1798 5806 1843 5839 ⁸⁷
1874 5804 1967 5864 Ezt

2067 5846 2073 5858 .
2103 5819 2292 5872 sunt,
2325 5804 2415 5861 i2.
2492 5806 2539 5838 ⁵⁸
2567 5805 2583 5859 1
2608 5812 2736 5870 Cor.
2769 5823 2822 5873 χ,
2848 5806 2931 5861 19..
