4110 6368
515 339 630 393 ³231
1562 342 1619 397 S.
1663 343 1941 399 CYRILLI
1979 343 2444 399 ALEXANDRINI
2479 344 2803 402 AllCHlEP.
3661 345 3788 400 ΞΩ

531 465 614 520 sui
661 464 897 535 elapsus.
924 463 1146 521 .Poteris
1181 474 1234 520 et
1270 465 1376 520 alio
1414 481 1576 521 sensu
1613 469 1756 536 quod
1797 469 1998 522 dictum
2037 484 2094 522 es

2225 469 2364 538 έπτη
2399 468 2454 521 δὲ
2476 469 2757 538 πάλιν,ἐῳ⁹
2787 469 2921 539 ὅπερ
2948 463 3016 539 ἦν
3043 469 3100 520 ἐν
3132 469 3351 538 ἀρχαῖς,
3391 463 3671 535 μονονουχὶ
3696 467 3788 532 τὴν

531 557 799 627 accipere.
837 557 1016 612 Multa:
1047 572 1175 612 aves
1212 556 1446 612 climatis
1491 559 1574 613 sui
1614 559 1846 614 hiemem
1887 575 1993 614 non
2035 560 2094 613 fe

2216 560 2311 614 τοῦ
2345 561 2599 625 λαϐόντος
2646 565 2798 633 χεῖρα
2833 558 3160 630 διεκφυγών.
3204 561 3275 611 Ἦ
3323 559 3417 610 καὶ
3452 556 3570 609 καθ’
3607 555 3788 625 ἕτερον

531 660 734 718 rentes,
769 650 942 704 aliena
973 660 1182 718 petunt,
1213 659 1270 704 et
1299 652 1419 705 sine
1445 652 1702 722 magistro
1728 652 1858 722 quid
1890 652 1992 707 sibi
2019 667 2094 707 ex-

2216 653 2415 721 τρόπον
2469 655 2723 725 συνήσεις
2769 653 2830 706 τὸ
2881 653 3192 724 εἰρημένον.
3225 650 3405 703 Πολλὰ
3451 649 3559 701 τῶν
3593 647 3789 718 ὀρνέων

530 742 714 812 pediat
769 751 1068 807 noverunt,
1119 751 1280 812 prout
1331 743 1607 799 Conditori
1662 744 1882 813 placuit.
1936 743 2113 800 Simili

531 834 692 888 modo
716 842 771 886 et
797 833 1053 901 Ephraim
1081 833 1392 890 bellicarum
1418 837 1788 892 calamitatum
1811 847 1960 892 metu
1987 853 2113 907 per-

530 940 752 992 cussus,
785 926 836 979 in
864 924 1157 995 [Egyptum
1189 927 1444 982 avolavit.

604 1210 765 1264 Vens.
794 1210 880 1264 12.
909 1209 1109 1265 Gloria:
1133 1228 1313 1265 eorum
1343 1229 1406 1266 ea:
1433 1216 1706 1280 partubus,
1732 1226 1778 1268 et
1811 1217 2102 1286 doloribus,

525 1312 572 1354 et
611 1300 960 1367 conceptibus.
997 1299 1176 1365 Quare
1214 1304 1418 1356 etiamsi
1461 1306 1742 1358 nulriert’nt
1781 1305 1922 1374 ﬁlios
1962 1323 2106 1373 suos,

525 1397 638 1448 sine
664 1394 792 1462 ﬁliis
822 1404 973 1447 erunt
1006 1410 1068 1447 ea:
1097 1393 1420 1457 hominibus,
1449 1397 1574 1465 quia
1603 1410 1650 1452 et
1685 1413 1762 1452 va:
1793 1399 1867 1452 eis
1900 1410 1999 1454 est.

593 1594 702 1650 CV.
742 1594 1040 1665 Aufugiens
1072 1595 1141 1651 ad
1169 1595 1454 1669 Egyptios
1486 1613 1515 1652 a
1549 1601 1738 1670 patriis
1773 1602 1990 1659 sedibus
2024 1604 2106 1658 ls-

523 1687 666 1751 rael,
706 1684 872 1741 Deum
912 1687 1058 1754 regni
1096 1687 1238 1743 illius
1278 1690 1557 1744 tutelarem
1595 1692 1853 1747 auxilium
1889 1699 2101 1750 orabat.

520 1773 661 1828 Num
706 1775 860 1844 quasi
902 1774 1042 1830 Deus
1087 1786 1233 1831 esset
1271 1778 1605 1848 imbecillus,
1642 1797 1843 1853 eosque
1885 1801 2104 1840 servare

2215 746 2339 808 τοὺς
2369 746 2695 816 ἐπιχωρίους
2726 745 3003 815 χειμῶνας
3035 745 3097 797 οὐ
3140 744 3393 813 φέροντα,
3423 743 3556 812 πρὸς
3599 739 3790 808 ἐτέρας

2218 837 2572 907 μεθίστανται
2607 836 2811 908 χώρας,
2843 837 3138 900 ἀδιδάκτως
3166 836 3360 906 ἔχοντα
3400 835 3499 904 τὴν
3529 833 3621 885 τοῦ
3655 849 3788 900 συμ-

2215 929 2473 1000 φέροντος
2517 929 2744 998 γνῶσιν,
2793 929 2935 982 κατὰ
2983 928 3044 981 τὸ
3085 925 3272 980 δοκοῦν
3322 925 3399 996 τῷ
3449 922 3784 992 πεποιηκότι.

2225 1021 2366 1074 Ἀλλ’
2412 1023 2471 1075 ὲν
2505 1022 2606 1091 ἴσῳ
2649 1023 2834 1093 τρόπῳ
2869 1023 2962 1075 καὶ
2992 1025 3020 1074 ὁ
3057 1020 3296 1092 Ἑφραῒμ
3324 1020 3423 1082 τὰς
3456 1020 3522 1071 ὲκ
3551 1017 3782 1087 πολέμου

2211 1112 2404 1177 δεδιὼς
2433 1114 2720 1187 συμφορὰς
2749 1117 2970 1185 ἁπέπτη
2998 1114 3136 1185 πρὸς
3165 1112 3511 1182 Αἰγυπτίους.
3624 1181 3627 1184 _
3809 1110 3811 1112 ’

2272 1207 2342 1257 Αἱ
2388 1204 2560 1269 δόξαι
2610 1203 2809 1259 αὐτῶν
2849 1205 2919 1259 ἐκ
2972 1205 3184 1270 τόκων,
3238 1206 3337 1258 καὶ
3385 1203 3635 1270 ὠδίνων,
3689 1201 3784 1258 καὶ

2209 1296 2597 1365 συλλήψεων.
2633 1299 2785 1351 Διότι
2833 1298 2932 1351 καὶ
2978 1298 3086 1353 ἐὰν
3131 1297 3464 1365 ἐκτρέψωσι
3498 1296 3566 1351 τὰ
3610 1296 3786 1351 τέκνα

2209 1386 2426 1450 αὐτῶν,
2474 1388 2994 1455 ἀτεκνωθήσονται
3029 1389 3098 1453 ἐξ
3130 1389 3473 1456 ἀνθρώπιον,
3505 1388 3653 1441 διότι
3689 1390 3782 1442 καὶ

2207 1479 2339 1530 οὐαὶ
2379 1480 2582 1544 αὐτοῖς
2625 1481 2753 1532 ἐστι
2766 1520 2779 1533 .

2279 1570 2398 1623 PE'.
2455 1571 2688 1644 Ἀπέδρα
2741 1573 2878 1645 πρὸς
2933 1573 3262 1641 Αἰγυπτίους
3309 1573 3408 1646 τὴν
3459 1573 3783 1643 ὲνεγκοῦσαν

2209 1661 2368 1729 ἀφεὶς
2399 1665 2427 1714 ὁ
2471 1663 2706 1734 Ἰσραὴλ,
2735 1663 3011 1735 ὲπαμῦναί
3041 1666 3102 1718 τὲ
3131 1667 3180 1719 οἱ
3210 1666 3508 1736 παρεκάλει
3534 1666 3624 1718 τὸν
3652 1665 3782 1718 Θεὸν

2206 1753 2302 1821 τῆς
2332 1753 2512 1823 χώρας
2541 1755 2863 1825 ἡγούμενον.
2902 1753 3029 1828 Ἆρ’
3057 1757 3131 1821 ώς
3161 1757 3474 1819 ἀτονοῦντος
3503 1756 3661 1824 Θεοῦ,
3691 1758 3782 1811 καὶ

522 1881 628 1920 ιιοη
666 1867 886 1937 posset?
923 1867 1260 1937 Neutiquam.
1299 1870 1392 1925 Est
1433 1873 1576 1926 enim
1612 1875 1981 1932 valentissima
2010 1879 2094 1932 Di-

2208 1840 2398 1905 σώζειν
2424 1845 2620 1907 αὐτοὺς
2647 1845 2745 1915 οὐχ
2772 1847 2883 1898 οἴου
2909 1863 2968 1898 τε
2991 1863 3006 1912 ;
3039 1846 3336 1917 Οῦμενουν.
3371 1846 3652 1912 Παναλκὲς
3675 1846 3782 1918 γὰρ

522 1959 750 2024 vinitas,
782 1969 836 2015 et
871 1961 1066 2014 bellum
1103 1961 1171 2015 ab
1201 1961 1440 2032 Assyriis
1479 1965 1767 2022 imminens
1802 1971 2100 2038 reprimere

518 2049 679 2106 facile
704 2062 936 2122 poterat.
962 2052 1205 2122 Contigit
1232 2065 1412 2109 autem
1440 2056 1554 2111 haec
1582 2061 1790 2128 perpeti
1819 2060 2097 2130 prraim,

521 2143 635 2196 sive
665 2142 940 2209 lsraelem,
970 2146 1092 2211 quia
1127 2145 1319 2199 relicto
1350 2146 1462 2201 Deo
1492 2149 1783 2215 salvatore,
1813 2160 1867 2206 et
1898 2153 1950 2206 in
1985 2154 2100 2222 ipso

519 2246 584 2285 ac
614 2231 728 2286 solo
757 2231 1018 2299 gloriandi
1056 2233 1216 2303 138
1245 2236 1668 2303 perseverantia,
1696 2247 1755 2291 ut
1787 2254 1845 2293 re
1869 2240 1982 2309 jam
2009 2256 2100 2296 ve-

521 2324 622 2378 teri
649 2333 809 2393 atque
833 2325 1070 2379 obsoleta
1092 2365 1107 2388 ,
1137 2326 1445 2394 posthabita
1469 2367 1484 2391 ,
1512 2327 1897 2387 existimabant
1923 2349 2019 2402 per
2042 2351 2100 2390 se

518 2413 764 2469 hostibus
793 2415 1161 2470 formidabiles
1192 2416 1341 2482 fore,
1371 2433 1470 2472 nec
1497 2419 1564 2474 ab
1594 2420 1658 2474 iis
1689 2422 1970 2477 subactum
2001 2427 2096 2494 iri,

515 2517 637 2556 cum
675 2503 728 2558 in
767 2511 974 2559 tantam
1010 2505 1370 2574 frequentiam
1413 2519 1600 2561 essent
1639 2512 1818 2578 aucti,
1856 2513 2098 2568 abunda-

518 2604 748 2662 rcntque
798 2593 1090 2647 liberorum
1141 2593 1485 2649 multitudine
1531 2595 1763 2651 inllnita.
1807 2599 2098 2657 Pariebant

515 2685 657 2739 enim
708 2686 959 2741 mulieres
1003 2701 1188 2741 eorum
1237 2687 1534 2742 secundum
1577 2692 1994 2758 promissionem
2043 2707 2098 2751 et

516 2779 972 2842 benedictionem,
1004 2777 1186 2848 Moyse
1215 2780 1285 2834 ita
1313 2780 1606 2834 vaticinato
1637 2800 1647 2834 :
1687 2800 1706 2833 ι
1743 2783 1856 2836 Non
1885 2787 1988 2839 erit
2016 2787 2099 2840 iu-

513 2866 775 2931 fecunda,
817 2884 916 2922 nec
955 2868 1157 2923 sterilis
1200 2869 1253 2925 in
1300 2871 1423 2925 ﬁliis
1456 2872 1710 2928 Israel".
1754 2893 1774 2927 ι
1817 2874 1921 2930 Sed
1962 2878 2098 2933 mire

515 2958 723 3011 fatuum
745 2967 859 3012 erat
882 2967 1101 3028 propter
1119 2958 1514 3016 multitudinem
1541 2977 1828 3031 corporum
1853 2977 2097 3022 contem-

517 3062 647 3102 nere
677 3048 770 3102 Dei
805 3048 1086 3103 auxilium.
1117 3045 1472 3118 Cogitandum
1503 3052 1607 3107 illis
1635 3055 1831 3123 potius,
1861 3057 1904 3112 si
1938 3073 2096 3128 sape-

517 3147 658 3205 rent,
683 3155 803 3194 cum
834 3140 972 3210 ipso,
996 3149 1052 3195 et
1080 3156 1174 3210 per
1203 3142 1376 3210 ipsum
1404 3161 1423 3195 ι
1455 3149 1706 3215 persequi
1736 3162 1894 3216 posse
1930 3165 2094 3203 unum

2200 1929 2462 1998 τὸῸεῖον,
2488 1934 2583 1989 καὶ
2613 1935 2711 1988 οὐκ
2733 1938 3004 2000 ἀνικάνως
3035 1939 3177 2008 ἕχον,
3217 1941 3307 1992 τὸν
3333 1939 3441 1992 τῶν
3485 1941 3781 2011 Ἀσσυρίων

2201 2025 2543 2096 ἀποσοϐῆσαι
2574 2027 2826 2099 πόλεμον.
2858 2031 3177 2100 Συμὸἑϐηκε
3206 2032 3262 2084 δὲ
3300 2031 3369 2084 τὰ
3392 2032 3572 2086 τοιάδε
3596 2032 3780 2085 παθεῖν

2199 2118 2325 2180 τοὺς
2353 2119 2413 2183 ἐξ
2447 2118 2713 2190 Ἐφραῒμ,
2738 2121 2856 2191 ἦτοι
2883 2123 2974 2175 τὸν
3010 2123 3238 2194 Ἰσραὴλ,
3267 2125 3351 2177 ὅτι
3380 2124 3510 2177 Θεὸν
3557 2125 3781 2193 ἀφέντες

2198 2211 2290 2264 τὸν
2317 2211 2578 2278 σώζοντα,
2615 2214 2707 2267 καὶ
2760 2216 2820 2269 τὸ
2852 2218 2939 2268 ἐπ’
2972 2216 3120 2286 αὐτῷ
3153 2218 3217 2285 δὴ
3265 2217 3361 2270 καὶ
3395 2216 3541 2287 μόνῳ
3573 2215 3781 2286 μεγάλα

2201 2306 2414 2372 φρονεῖν
2443 2303 2793 2370 διατελῶντες
2817 2307 2891 2377 (1)
2933 2307 3008 2370 ώς
3042 2308 3230 2374 ἕωλον,
3259 2307 3426 2378 ῷοντο
3458 2309 3599 2362 κατὰ
3643 2311 3781 2378 σφᾶς

2198 2392 2381 2456 δεινοὶ,
2419 2395 2806 2450 καὶ-ἀνάλωτοι
2831 2398 3156 2468 γενήσεσθαι
3186 2403 3296 2462 τοῖς
3325 2399 3559 2469 ἐχθροῖς,
3585 2400 3673 2453 διά
3697 2417 3781 2453 τοι

2199 2484 2260 2536 τὸ
2303 2487 2384 2548 εἰς
2422 2485 2631 2556 πληθὺν
2661 2488 2985 2542 ἐκτετάσθαι
3017 2489 3236 2560 πολλὴν,
3287 2493 3382 2544 καὶ
3412 2492 3780 2562 ἀναρίθμητον

2200 2572 2344 2642 ἔχειν
2378 2577 2475 2645 τὴν
2516 2577 2894 2632 πολυπαιδίαν.
2945 2579 3197 2632 Ἔτικτον
3243 2579 3342 2649 μὲν
3395 2581 3504 2650 γὰρ
3548 2583 3605 2633 αἱ
3649 2582 3778 2653 παρ’

2199 2669 2380 2730 αὐτοῖς
2425 2671 2678 2736 γυναῖκες
2721 2671 2841 2722 κατ’
2893 2670 3246 2738 ἐπαγγελίαν,
3284 2673 3377 2725 καὶ
3423 2676 3480 2725 ἐν
3533 2674 3781 2742 εὐλογίας

2196 2757 2369 2824 τάξει,
2413 2758 2656 2822 Μωσέως
2711 2763 3124 2832 προειρηκότος,
3189 2783 3205 2813 ι
3232 2764 3344 2818 Οὐκ
3369 2764 3520 2819 ἔσται
3565 2767 3777 2835 ἄγονος,

2197 2849 2318 2902 οὐδὲ
2366 2853 2555 2921 στεῖρα
2593 2854 2650 2905 ὲν
2677 2852 2813 2916 υίοῖς
2857 2853 3092 2924 Ἰσραήλ.
3131 2872 3149 2904 ι
3207 2855 3343 2908 Ἀλλ’
3370 2852 3438 2927 ἦν
3471 2855 3662 2927 εὔηθες
3688 2876 3779 2912 κον-

2201 2939 2349 3010 μιδῇ.
2376 2940 2462 2992 διὰ
2495 2940 2704 3010 πληθὺν
2735 2943 3002 3012 σωμάτων
3048 2945 3336 3016 ἀφειδῆσαι
3386 2948 3636 3017 βοηθείας
3678 2951 3780 3018 τῆς

2199 3033 2349 3102 παρὰ
2377 3031 2533 3085 Θεοῦ.
2592 3033 2870 3103 Ἑννοῆσαι
2915 3035 2975 3088 δὲ
3025 3035 3224 3106 μᾶλλον
3270 3037 3404 3109 ὀρθὰ
3449 3040 3778 3110 φρονοῦντας

2200 3123 2385 3192 ἐχρῆν,
2411 3124 2501 3176 δτία
2526 3125 2623 3177 σὺν
2649 3123 2799 3195 αὺτῷ
2828 3141 2885 3178 τε
2937 3127 3031 3178 καὶ
3057 3127 3124 3179 δι’
3154 3129 3317 3183 αὑτοῦ
3352 3149 3370 3182 ι
3397 3132 3658 3198 Διώξεται
3680 3134 3780 3203 μὲν

645 3192 658 3205 .
693 3192 707 3194 -
759 3192 766 3193 κ
836 3192 971 3210 τ--.
1006 3192 1050 3195 --
1081 3192 1163 3210 τη
1412 3192 1422 3195 ε
1455 3192 1706 3215 τ---ηιη-
1737 3192 1893 3216 rw“
1932 3192 2094 3203 ..υ-η-

516 3228 696 3294 mille,
729 3238 785 3283 et
818 3229 954 3283 duos
987 3228 1267 3301 fugaturos
1299 3232 1484 3286 decem
1519 3235 1684 3289 millia
1710 3237 1778 3289 ⁷ο.
1816 3256 1837 3290 ι
1878 3237 2094 3294 Placent

2201 3207 2281 3274 εἷς
2313 3211 2536 3282 χιλίους,
2569 3213 2662 3267 δύο
2689 3213 2744 3267 δὲ
2771 3192 3197 3287 μετακινήσουσι
3223 3192 3534 3289 μυριάδας.⁷
3555 3242 3573 3274 ι
3617 3192 3780 3276 ’Δποο

517 3320 700 3388 itaque
727 3319 851 3386 sibi,
880 3329 934 3374 et
955 3319 1165 3390 jactant
1191 3337 1272 3386 se,
1301 3322 1497 3392 inquit,
1527 3339 1631 3378 non
1663 3324 1716 3378 in
1747 3327 1856 3381 Deo
1881 3330 2099 3398 potissi-

515 3425 693 3476 mum;
718 3412 811 3465 sed
837 3410 1021 3481 gloriae
1042 3412 1142 3466 sibi
1165 3413 1368 3468 ducunt
1387 3422 1592 3483 partus,
1617 3426 1672 3471 et
1691 3420 2092 3488 conceptiones,

513 3510 569 3556 ct
597 3501 808 3557 dolores
841 3503 1256 3572 parturientium
1283 3503 1606 3560 feminarum
1635 3521 1874 3565 suarum.
1907 3510 2098 3566 Sciant

516 3593 701 3663 igitur,
741 3594 953 3648 etiamsi
999 3595 1284 3665 genuerint
1327 3595 1494 3663 filios,
1540 3598 1756 3653 etiamsi
1801 3599 2097 3658 laborarint

514 3684 850 3755 enlutrientes
891 3683 1111 3750 liberos,
1155 3683 1270 3740 fore
1309 3694 1367 3738 ut
1412 3686 1750 3754 paenitudine
1789 3692 2093 3760 capiantur,

513 3794 634 3832 cum
677 3791 736 3832 se
777 3775 980 3831 frustra
1026 3775 1260 3830 viderint
1306 3777 1603 3834 laborasse.
1647 3779 1904 3837 Filiorum
1948 3785 2093 3839 enim

512 3868 801 3922 orbitatem
831 3865 1157 3920 omnimodis
1188 3867 1509 3936 plorabunt,
1543 3879 1597 3924 et
1625 3871 1833 3940 gladius
1864 3874 2094 3946 Babylo-

516 3959 670 4013 nicns
711 3960 777 4013 ad
820 3973 990 4028 genus
1034 3959 1272 4028 ipsorum
1313 3959 1473 4017 facile
1514 3962 1800 4019 delendum
1843 3965 2090 4022 suﬂiciet.

520 4069 540 4102 ‹
577 4050 711 4117 Quia
741 4059 796 4106 et
824 4065 899 4104 vae
928 4049 1034 4104 illis
1063 4060 1164 4105 est.
1203 4069 1222 4103 ι
1256 4051 1419 4118 Quasi
1451 4053 1625 4120 dicat,
1653 4053 1764 4109 Deo
1789 4055 1842 4109 in
1871 4055 1990 4111 illos
2017 4072 2095 4112 vae

515 4143 794 4206 vibrante,
827 4142 948 4210 quis
988 4141 1095 4197 illis
1134 4141 1374 4196 laetitiam
1418 4145 1814 4214 suppeditabit?
1849 4145 1905 4201 Si
1947 4149 2091 4202 enim

523 4250 541 4282 ι
584 4230 838 4287 clauserit
880 4240 1070 4286 contra
1115 4232 1420 4300 hominem,
1452 4235 1574 4304 quis
1615 4237 1821 4307 aperiet
1851 4237 1936 4291 7‘?
1975 4257 1996 4292 ι
2035 4249 2092 4294 ιιι

516 4324 772 4390 scriptum
799 4332 998 4378 exstat.
2076 4328 2079 4331 ’

583 4411 714 4467 CVI.
756 4412 894 4470 Caro
931 4430 1048 4469 mea
1082 4432 1148 4469 ea:
1177 4415 1272 4470 eis.

2200 3305 2552 3376 σεμνύνονται
2578 3305 2780 3371 τοίνυν,
2808 3309 2994 3376 φησιν,
3030 3311 3131 3361 οὐκ
3161 3311 3254 3363 ἐπὶ
3272 3310 3392 3381 Θεῷ
3418 3312 3637 3382 μᾶλλον,
3665 3331 3780 3368 ποι·

2197 3398 2384 3452 οῦνται
2412 3399 2467 3451 δὲ
2494 3398 2650 3462 δόξαν
2692 3399 2911 3464 τόκους,
2953 3399 3047 3452 καὶ
3099 3401 3408 3472 συλλήψεις,
3455 3405 3549 3458 καὶ
3583 3405 3779 3469 ὠδῖνας

2195 3490 2302 3544 τῶν
2335 3491 2462 3560 παρ’
2495 3490 2678 3554 αὐτοῖς
2706 3491 3002 3558 γυναικῶν.
3041 3493 3306 3546 Ἴστωσαν
3330 3494 3394 3565 δὴ
3420 3492 3533 3561 οὖν,
3560 3497 3641 3549 ὅτι
3673 3498 3778 3552 κᾶν

2195 3584 2244 3635 εί
2276 3583 2482 3635 τέκοιεν
2510 3583 2679 3648 υἱοὺς,
2729 3582 2832 3635 κᾶν
2860 3584 2907 3634 εί
2942 3583 3172 3652 κάμοιεν
3203 3585 3559 3654 ἐκτρέφοντες
3586 3589 3777 3652 τέκνα,

2199 3675 2634 3746 μεταγνώσονται
2702 3673 2986 3738 πονοῦντες
3047 3673 3194 3744 εἰκῆ.
3263 3676 3603 3747 Θρηνήσουσι
3665 3679 3776 3750 γὰρ

2196 3767 2374 3837 πάντη
2401 3783 2462 3819 τε
2490 3767 2586 3820 καὶ
2621 3765 2845 3829 πάντως
2874 3766 2972 3837 τὴν
3013 3766 3290 3820 ἀπαιδίαν.
3336 3769 3582 3840 Ἀρκέσει
3605 3771 3661 3824 δὲ
3692 3772 3774 3836 ξί-

2195 3877 2294 3929 φος
2338 3861 2518 3923 αὐτοῖς
2547 3859 2608 3914 τὸ
2639 3858 2979 3914 Βαϐυλώνιον
3013 3862 3095 3924 εἰς
3127 3861 3187 3915 τὸ
3237 3861 3542 3933 δαπανῆσαι
3573 3865 3777 3936 ῥᾳδίως

2195 3953 2302 4006 πᾶν
2321 3951 2444 4006 ὅσον
2463 3951 2642 4006 αὐτῶν
2664 3952 2836 4022 γένος.
2871 3970 2888 4003 ι
2914 3951 3060 4004 Διότι
3087 3953 3180 4006 καὶ
3202 3954 3324 4007 οὐαὶ
3348 3956 3530 4019 αὐτοῖς
3550 3959 3716 4011 ἐστιν.
3744 3975 3765 4008 ι

2195 4042 2416 4114 Ὅμοιον
2447 4043 2521 4108 ώς
2549 4044 2598 4096 εί
2631 4043 2800 4112 λέγοι,
2827 4043 2964 4097 Θεοῦ
3009 4045 3194 4108 αὐτοῖς
3230 4047 3680 4117 ἐπιῤῥιπτοῦντος
3711 4048 3776 4102 τὸ

2190 4135 2334 4199 οὐαὶ,
2371 4135 2457 4199 τίς
2485 4133 2739 4189 ἐπιδώσει
2763 4136 2861 4206 τὴν
2890 4135 3188 4207 εὐθυμίαν;
3227 4139 3351 4192 Ἐὰν
3381 4139 3489 4210 γὰρ
3515 4159 3534 4194 ι
3565 4139 3775 4213 κλείσῃ

2190 4228 2332 4281 κατὰ
2376 4225 2686 4298 ἀνθρώπου,
2721 4228 2806 4291 τίς
2857 4229 3097 4298 ἁνοίξει;
3157 4247 3177 4282 ι
3231 4229 3372 4284 κατὰ
3418 4231 3479 4284 τὸ
3525 4249 3775 4304 γεγραμ-

2194 4319 2374 4389 μένον.

2261 4408 2420 4478 Eripis
2445 4426 2563 4478 μου
2589 4409 2658 4474 ἐξ
2693 4410 2909 4464 αὐτῶν.

585 4507 821 4563 Minante
867 4505 979 4564 Deo
1019 4519 1184 4579 atque
1223 4509 1386 4564 etiam
1429 4508 1643 4564 dicente
1683 4509 1752 4565 de
1792 4510 2084 4580 Ephraim,

2258 4504 2396 4571 Ρςν.
2451 4505 2824 4570 Ἀπειλοῦντυς
2875 4505 3033 4573 Θεοῦ,
3075 4506 3169 4558 καὶ
3215 4505 3279 4575 δὴ
3325 4507 3418 4558 καὶ
3469 4507 3772 4574 φάσκοντος

514 4602 628 4655 sive
661 4602 727 4657 de
760 4602 904 4656 omni
937 4601 1125 4667 Israel,
1164 4601 1421 4655 radicitus
1455 4601 1775 4670 periturum,
1814 4612 1869 4657 et
1903 4603 2084 4672 deplo-

514 4698 754 4744 raturum
785 4691 1100 4755 orbitatem,
1133 4690 1612 4760 laboraturumque
1643 4690 1841 4747 frustra
1872 4693 1925 4748 in
1956 4695 2084 4749 edu-

512 4781 727 4836 catione
751 4781 1066 4845 liberorum,
1093 4781 1329 4851 seipsum
1353 4783 1614 4852 propheta
1640 4784 1707 4838 ab
1731 4782 1936 4838 ultione
1960 4787 2086 4840 sub-

511 4871 690 4936 ducit,
716 4881 770 4926 et
803 4872 1196 4927 immunitatem
1231 4871 1300 4926 ab
1335 4874 1413 4927 ira
1449 4874 1528 4929 sic
1564 4887 1813 4944 precatur
1845 4895 1860 4931 :
1903 4894 1922 4928 ι
1945 4876 2085 4933 Caro

513 4979 630 5017 mea
658 4979 723 5018 ex
749 4963 850 5019 eis.
886 4981 904 5014 ι
940 4963 1176 5035 Intellige
1208 4981 1228 5015 ι
1261 4979 1327 5019 ex
1353 4965 1451 5032 eis,
1489 4984 1508 5018 ι
1544 4965 1727 5035 procul
1758 4967 1825 5021 ab
1849 4969 1946 5022 eis.
1979 4967 2084 5023 Ex-

510 5064 592 5108 tra
627 5055 766 5123 illos,
794 5055 988 5125 inquit,
1016 5057 1184 5124 enim,
1213 5066 1268 5111 et
1298 5072 1457 5126 quam
1488 5057 1797 5127 longissime
1829 5074 1927 5130 ego
1959 5062 2081 5125 sim,

509 5156 564 5200 et
613 5162 774 5202 omne
827 5162 1242 5218 genustmeum.
1285 5148 1556 5204 Interdum
1605 5150 1749 5205 enim
1795 5152 1918 5206 huic
1963 5155 2085 5210 voci

516 5257 536 5289 ε
585 5254 732 5305 caro,
785 5257 807 5291 ⁴ι
857 5241 1068 5311 generis
1111 5256 1326 5311 quoque
1369 5242 1609 5311 subjecta
1654 5254 1738 5297 est
1779 5245 1950 5302 notio.
1991 5245 2084 5300 Sic

511 5334 655 5385 enim
681 5344 736 5388 et
761 5333 889 5388 illud
913 5331 1088 5398 Pauli,
1112 5342 1173 5388 ut
1199 5341 1342 5387 recte
1366 5331 1566 5387 dictum
1591 5334 1935 5402 accipiemus,
1961 5351 2082 5391 cum

512 5425 700 5479 scribit
738 5443 750 5478 :
795 5443 814 5477 ‹
857 5425 1104 5492 Quandiu
1144 5438 1244 5495 ego
1279 5425 1490 5493 quidem
1529 5439 1644 5479 sum
1681 5426 1921 5494 gentium
1957 5441 2085 5496 apo-

582 5605 628 5636 ”
656 5605 824 5660 Exod.
861 5621 1015 5672 χλιιι,
1046 5606 1135 5661 26.

582 5782 657 5856 (1)
684 5784 800 5837 ’1σ.
830 5780 1214 5852 διεκπερῶντες.

2191 4596 2318 4666 περὶ
2345 4594 2440 4648 τοῦ
2490 4597 2746 4668 Ἐφραῒμ,
2780 4599 2897 4669 ἦτοι
2933 4599 3132 4662 παντὸς
3159 4598 3252 4650 τοῦ
3296 4597 3531 4668 Ἰσραὴλ,
3562 4597 3636 4660 ὡς
3672 4599 3772 4650 καὶ

2188 4687 2462 4759 ὁλόρῤιζος
2492 4689 2791 4754 ἀπολεῖται,
2820 4691 2913 4743 καὶ
2944 4674 3212 4762 ’θρηνήσει
3244 4690 3344 4760 τὴν
3372 4690 3768 4755 ἀπαιδίαν,καὶ

2190 4783 2413 4850 πονήσει
2461 4780 2638 4852 μάτην
2701 4783 2794 4835 ἐπὶ
2834 4784 2956 4845 ταῖς
3007 4782 3115 4834 τῶν
3173 4781 3378 4835 τέκνων
3410 4783 3763 4854 ἀνατροφαῖς,

2188 4872 2378 4924 ἑαυτὸν
2403 4873 2431 4924 ὁ
2465 4875 2750 4945 προφήτης
2781 4874 3040 4943 ὑπεξάγει
3072 4873 3175 4944 τῆς
3203 4873 3380 4945 δίκης,
3431 4871 3536 4938 ἔξω
3581 4890 3642 4926 τε
3672 4891 3776 4942 γε-

2189 4965 2374 5019 νὲσθαι
2398 4965 2497 5036 τῆς
2543 4965 2714 5037 ὀργῆς
2754 4967 3135 5037 προσεύχεται,
3170 4965 3374 5034 λέγων·
3419 4984 3438 5016 ι
3490 4964 3636 5037 Σάρξ
3664 4982 3776 5034 μου

2191 5057 2249 5122 ἐξ
2283 5057 2480 5111 αὐτῶν.
2523 5076 2542 5110 ι
2577 5055 2650 5111 Τὸ
2681 5058 2739 5112 δὲ
2773 5077 2790 5109 ι
2832 5059 2890 5124 ἐξ
2917 5058 3096 5112 αὐτῶν
3136 5076 3156 5110 ι
3196 5059 3468 5128 συνήσεις,
3511 5058 3633 5110 ἀντὶ
3672 5061 3777 5111 τοῦ

2193 5145 2412 5216 μακρὰν
2440 5147 2536 5199 ἀπ’
2575 5147 2776 5204 αὐτῶν.
2813 5147 2958 5211 Ἐξω
2987 5147 3094 5219 γὰρ
3136 5148 3316 5202 αὐτῶν
3349 5149 3444 5202 καὶ
3489 5150 3780 5214 ἀποτὰπω,

2191 5240 2376 5309 φησιν,
2425 5241 2586 5306 αὐτός
2614 5259 2675 5295 τε
2721 5243 2979 5312 γενοίμην
3023 5240 3155 5310 ἐγὼ,
3205 5242 3297 5296 καὶ
3339 5242 3400 5296 τὺ
3448 5242 3580 5313 ἐμὸν
3623 5242 3785 5296 ἅπαν

2189 5335 2364 5402 γένος.
2405 5335 2566 5407 Δηλοῖ
2597 5335 2707 5409 γὰρ
2736 5336 2846 5390 ἔσθ’
2875 5338 2965 5391 ὅτε
2999 5336 3094 5390 καὶ
3129 5336 3191 5390 τὸ
3219 5337 3375 5406 γένος
3410 5355 3429 5386 ι
3474 5337 3507 5408 ἡ
3543 5335 3703 5408 σάρξ.
3761 5357 3782 5388 ι

2203 5425 2558 5498 Ἐκδεξόμεθα
2583 5427 2692 5500 γὰρ
2713 5427 2856 5482 οὕτω
2878 5429 2972 5483 καὶ
2991 5429 3078 5484 διὰ
3103 5432 3200 5501 τῆς
3225 5428 3318 5483 τοῦ
3342 5427 3556 5482 Παύλου
3586 5429 3792 5501 φωνῆς

1213 5607 1256 5639 τ’
1285 5608 1436 5662 Deut.
1468 5622 1637 5674 χχχιι,
1659 5604 1750 5662 30.
1827 5605 1867 5636 "
1907 5605 2008 5658 lsa.
2050 5619 2182 5671 χχιι,
2211 5604 2299 5658 22.
