4110 6368
379 389 485 446 233

1302 386 1864 445 COMMENTARIUS
1896 385 1971 445 ,ΙΝ
2011 387 2240 443 OSEMI
2284 388 2731 447 PROPHETAM.

3543 368 3648 454 est

376 503 552 575 ὀρθῶς
581 501 891 576 εἰρημένον.
928 503 1179 575 Γέγραφε
1206 501 1314 574 γὰρ
1344 503 1463 556 ώδίο
1507 522 1526 554 ι
1573 502 1689 571 Ἐφ’
1712 503 1837 556 ὅσον
1866 486 1961 572 μὲν

2067 501 2258 567 stolus,
2282 503 2643 558 ministerium
2670 518 2849 559 meum
2877 496 3266 573 lionoriﬁcabo,
3292 507 3337 563 si
3363 498 3469 579 quo
3492 500 3651 565 modo

374 590 468 649 οὖν
512 594 624 663 ἐγώ
656 597 771 663 είμι
820 594 992 649 ἐθνῶν
1038 595 1356 659 ἀπόστολος,
1389 594 1489 665 τὴν
1530 592 1807 649 διακονίαν
1858 610 1962 663 μου

374 688 601 754 δοξάζω,
627 688 680 740 εί
715 705 827 752 ιτως
877 687 1260 760 παραζηλώσω
1312 704 1413 758 μου
1457 686 1556 758 τὴν
1603 686 1805 757 σάρκα,
1868 685 1966 739 καὶ

376 778 533 832 σώσω
566 777 718 842 τινάς
744 778 803 844 ἐξ
831 778 1029 831 αὐτῶν.
1064 797 1081 829 ι
1126 777 1287 840 Ἐθος
1319 776 1376 831 δὲ
1404 778 1517 839 τοῖς
1542 776 1720 844 ἁγίοις
1748 777 1963 848 προφή-

373 887 517 937 ταις,
561 870 688 923 ὅταν
721 868 872 922 ίδωσι
916 868 1178 931 πολλάκις
1210 868 1360 922 δεινά
1415 868 1512 921 καὶ
1539 867 1851 939 δυσφὸρητα
1896 866 1966 919 τά

372 979 536 1014 τινων
568 961 915 1032 ἐγκλήματα,
943 961 1131 1014 λοιπὸν
1178 960 1245 1014 τὰ
1276 960 1398 1015 καθ’
1432 961 1658 1023 ἑαυτοὺς
1688 959 1789 1028 τῆς
1821 959 1965 1011 ὲκεί-

375 1069 485 1105 νων
511 1052 791 1123 βδελυρίας
823 1051 1158 1124 ἀλλοτριοῦν.
1200 1052 1311 1106 Καὶ
1339 1051 1472 1122 γοῦν
1498 1052 1526 1103 ὁ
1549 1051 1837 1122 προφήτης
1870 1048 1966 1103 Ἰε-

379 1144 576 1215 ρεμίας
632 1144 906 1209 πλείστοις
963 1147 1108 1209 ὅσοις
1152 1145 1476 1216 αἰτιάμασιν
1530 1143 1966 1216 ὲμπεπτωκότας

377 1238 505 1300 τοὺς
554 1237 865 1302 Ἰουδαίους,
928 1239 1022 1292 καὶ
1066 1238 1185 1308 Θεῷ
1229 1237 1744 1310 προσκεκρουκότας
1799 1235 1962 1307 ὁρῶν,

383 1344 405 1377 ‹
426 1327 620 1398 Κύριε,
641 1329 795 1399 φησι,
822 1330 1241 1401 παντοκράτωρ,
1260 1329 1360 1383 οὐκ
1388 1330 1614 1383 ἐκάθισα
1632 1331 1688 1383 ἐν
1707 1327 1965 1398 συνεδρίῳ

375 1418 555 1471 αὐτῶν
590 1418 919 1490 παιζόντων,
974 1423 1089 1476 ἀλλ’
1119 1423 1474 1494 ηὐλαϐούμην
1520 1423 1627 1476 ἀπὸ
1670 1420 1964 1494 προσώπου

375 1513 555 1581 χειρός
586 1530 678 1565 σου
700 1528 713 1542 ⁶
766 1517 1078 1585 καταμόνας
1122 1516 1431 1587 ἐκαθήμην,
1462 1517 1542 1570 ὅτι
1577 1515 1808 1586 πικρίας
1872 1513 1965 1566 ὲν·-

376 1602 674 1675 επλήσθην.
714 1624 731 1656 ι
764 1609 856 1658 Δεῖ
882 1606 945 1677 δὴ
987 1602 1080 1661 οὖν
1110 1607 1218 1679 ἄρα
1250 1609 1528 1677 θαυμάσαι
1576 1607 1669 1661 τὸν
1696 1606 1966 1678 μακάριον

379 1694 613 1759 Παῦλον,
645 1697 775 1750 ὅταν
798 1698 931 1769 ἡμῖν
962 1699 1273 1770 ὲπιστέλλῃ’
1306 1718 1324 1751 ι
1355 1700 1555 1753 Σαυτὸν
1589 1699 1752 1765 ἁγνὸν
1785 1698 1963 1767 τήρει,

379 1787 473 1839 καὶ
503 1788 576 1858 μὴ
609 1788 852 1842 κοινώνει
881 1791 1179 1862 ἁμαρτίαις
1199 1791 1530 1862 ἀλλοτρίαις.
1571 1809 1592 1843 ι
1627 1790 1785 1844 Εἴποι
1828 1789 1869 1841 δ’
1900 1789 1966 1841 ἂν

2069 593 2133 648 ad
2167 594 2525 649 aemulandum
2559 610 2846 664 provocem
2884 611 3103 651 carnem
3139 614 3347 665 meam,
3383 611 3437 655 et
3471 603 3649 656 salvos

2069 686 2261 740 faciam
2302 686 2511 756 aliquos
2551 702 2616 741 ex
2658 686 2765 741 illis
2790 687 2858 742 τ’.
2906 706 2924 739 ι
2968 687 3083 744 Mos
3122 707 3284 760 porro
3323 703 3404 748 est
3446 695 3650 749 sanctis

2068 777 2379 847 prophetis,
2419 778 2463 831 si
2505 793 2648 846 saepe
2688 778 2872 846 gravia
2909 790 2961 834 et
3005 781 3346 838 intoleranda
3389 799 3648 853 quorum-

2067 869 2187 922 dam
2225 870 2429 923 scelcra
2461 870 2733 936 viderint,
2771 872 2835 925 de
2872 881 3067 926 caetero
3100 890 3157 929 se
3191 876 3260 929 ab
3296 876 3510 931 illorum
3547 878 3649 930 im-

2068 958 2302 1026 puritate
2334 966 2389 1012 et
2426 957 2662 1026 nequitia
2700 957 3005 1029 seiungere.
3041 960 3219 1027 Quare
3253 961 3518 1018 Jeremias
3551 961 3649 1016 ,1η-

2068 1052 2210 1103 dmos
2240 1050 2291 1102 in
2324 1049 2554 1117 plurima
2586 1049 2779 1103 delicta
2812 1050 3118 1120 prolapsos,
3152 1063 3207 1107 et
3240 1054 3405 1109 Deum
3442 1056 3648 1111 laesisse

2066 1155 2313 1203 cernens,
2335 1160 2353 1191 ι
2375 1140 2600 1195 Domine
2616 1141 2976 1209 omnipotens,
3001 1161 3019 1194 ι
3039 1144 3132 1208 ait,
3154 1164 3173 1197 ι
3197 1161 3299 1199 non
3318 1148 3429 1201 sedi
3449 1149 3499 1201 in
3519 1164 3649 1203 con-

2067 1234 2190 1288 cilio
2209 1233 2529 1296 ludentium,
2549 1234 2642 1288 sed
2662 1234 2813 1287 timui
2831 1248 2859 1285 a
2880 1232 3016 1288 facie
3037 1250 3225 1290 manus
3249 1246 3379 1303 tuae;
3400 1252 3647 1293 seorsum

2072 1324 2233 1394 139
2256 1324 2527 1387 sedebam,
2556 1321 2679 1390 quia
2709 1322 3079 1377 amaritudine
3100 1324 3332 1392 repletus
3357 1340 3505 1380 eram
3522 1326 3590 1380 ".
3621 1345 3641 1377 ι

2067 1414 2433 1469 Admirandus
2463 1422 2545 1466 est
2572 1413 2756 1482 itaque
2786 1413 2975 1467 beatus
3003 1412 3219 1480 Paulus,
3251 1419 3466 1485 quando
3492 1416 3649 1472 nobis

2070 1510 2139 1561 ita
2172 1506 2389 1560 mandat
2414 1524 2426 1559 :
2461 1523 2480 1557 ι
2514 1504 2591 1559 Te
2621 1506 2793 1573 ipsum
2823 1514 3029 1560 castum
3058 1507 3292 1569 custodi,
3319 1517 3373 1561 et
3404 1524 3469 1562 ne
3496 1524 3648 1561 com-

2070 1601 2310 1652 munices
2350 1598 2583 1667 peccatis
2621 1596 2813 1651 alienis
2837 1596 2905 1651 ⁷⁸.
2948 1616 2968 1649 ι
3006 1598 3197 1654 Omnis
3233 1610 3412 1654 autem
3452 1601 3649 1669 impius

2069 1695 2133 1746 de
2161 1690 2556 1745 ntl‘endentibus
2587 1689 2774 1755 Deum,
2800 1697 2856 1745 et
2882 1704 3006 1743 mox
3036 1690 3322 1759 puniendis
3346 1692 3469 1762 jure
3492 1693 3648 1748 dixe-

2073 1787 2135 1838 rit
2170 1805 2182 1839 :
2222 1806 2239 1836 ‹
2274 1783 2413 1839 Caro
2445 1797 2561 1836 mea
2591 1797 2655 1836 ex
2688 1783 2789 1837 eis.
2826 1800 2845 1833 ι

378 1879 606 1942 εἰκότως
657 1881 765 1944 πᾶς
817 1880 1019 1954 ἀσεϐὴς
1060 1884 1188 1953 περὶ
1241 1883 1351 1937 τῶν
1408 1882 1855 1955 προσκρουόντων
1887 1877 1965 1948 τῷ
2001 1876 2143 1947 Θεῷ,
2181 1876 2273 1928 καὶ
2337 1874 2458 1928 ὅσον
2521 1872 2733 1925 οὐδέπω
2765 1870 3273 1943 κολασθησομὲνων,
3313 1893 3332 1927 ι
3367 1873 3511 1946 Σάρξ
3545 1888 3647 1945 μου

376 1967 438 2033 ἐξ
465 1968 663 2021 αὐτῶν.
702 1987 721 2019 ι

460 2062 709 2131 Ἑφραῒμ
738 2061 811 2117 ὃν
826 2067 1051 2132 τρόπον
1081 2061 1263 2131 εἶδον,
1288 2068 1376 2132 εἰς
1395 2065 1587 2135 θήραν
1615 2064 1961 2134 παρέστησε

2137 2054 2302 2107 Vens.
2331 2050 2419 2106 15.
2451 2051 2724 2120 Ephraim,
2760 2052 2895 2106 sicut
2934 2052 3061 2116 vidi,
3094 2052 3151 2107 in
3185 2052 3474 2122 captionem
3506 2071 3647 2123 prte-

377 2152 452 2207 τὰ
481 2153 664 2208 τέκνα
696 2157 904 2219 αὐτοῦ,
947 2158 1053 2213 τοῦ
1084 2158 1401 2229 ἐξαγαγεῖν
1435 2161 1524 2226 εὶς
1555 2158 1965 2214 ἁποκέντπσιν

377 2244 451 2298 τὰ
484 2244 665 2299 τέκνα
705 2249 910 2303 αὐτοῦ.

450 2338 569 2391 ΡΖ’.
610 2340 899 2404 Ταλανίζει
936 2342 1030 2395 καὶ
1064 2341 1158 2396 νῦν
1187 2344 1215 2395 ὁ
1246 2345 1535 2415 προφήτης
1572 2345 1665 2398 τὸν
1702 2343 1961 2415 Ἐφραῖμ,

375 2426 495 2497 ἦτοι
518 2428 609 2480 τὸν
656 2429 891 2501 Ἰσραὴλ,
919 2434 1079 2486 αὐτόν
1102 2450 1162 2487 τε
1193 2435 1445 2503 γενέσθαι
1474 2435 1758 2507 παραίτιον
1785 2433 1964 2506 ἑαυτῷ

378 2536 512 2588 φησι
532 2521 627 2572 καὶ
648 2521 748 2590 τῆς
769 2523 1048 2591 ἀπαιδίας,
1074 2524 1167 2579 καὶ
1195 2527 1295 2596 τῆς
1319 2527 1623 2596 ἀνηκέστου
1649 2526 1957 2597 συμφορᾶς.

390 2609 479 2673 Ὠς
510 2612 618 2683 γάρ
638 2613 899 2685 τεθέαμαι
934 2617 1026 2670 καὶ
1047 2619 1111 2671 ὲκ
1139 2617 1247 2671 τῶν
1278 2619 1387 2673 σῶν
1412 2619 1607 2687 λόγων,
1626 2608 1670 2671 ὧ
1692 2618 1961 2679 Δέσποτα,

378 2702 535 2770 φησὶ,
571 2704 664 2755 καὶ
703 2705 811 2758 ἀπό
854 2723 918 2775 γε
960 2707 1067 2762 τῶν
1117 2710 1459 2780 πραγμάτοιν
1493 2708 1693 2774 αὐτῶν,
1727 2709 1891 2773 αὐτὸς
1934 2710 1965 2763 ὁ

391 2792 631 2864 Ἐφραῒμ
661 2797 741 2859 εἰς
775 2797 964 2867 θήραν,
997 2800 1090 2852 καὶ
1119 2800 1481 2871 ἀποκέντησιν
1503 2800 1572 2853 τά
1601 2800 1794 2853 ἑαυτοῦ
1824 2818 1965 2873 παρ-

378 2882 575 2955 ἐστησε
604 2888 785 2941 τέκνα.
822 2890 933 2943 Καὶ
978 2893 1078 2944 οὐκ
1115 2891 1182 2945 ἂν
1223 2893 1442 2963 ἑτέρους
1492 2892 1710 2963 αἰτιῷτο
1755 2893 1961 2958 λοιπὸν,

375 2976 487 3029 οὐδ’
511 2976 579 3029 ἂν
606 2979 706 3049 τῆς
734 2979 884 3044 θείας
916 2982 1307 3054 καταϐοήσειεν
1337 2986 1526 3056 ὀργῆς,
1576 2986 1624 3038 εί
1669 2985 1737 3038 τὰ
1779 2986 1964 3039 εἰκότα

380 3070 596 3137 φρονεῖν
618 3068 811 3125 ἕλοιτο.
841 3073 1156 3128 Αίτιάσεται
1182 3076 1237 3128 δὲ
1264 3077 1465 3147 μᾶλλον
1491 3077 1589 3148 τὴν
1616 3078 1809 3131 ἑαυτοῦ
1840 3079 1964 3132 δυσ-

377 3159 601 3213 ϐουλίαν
646 3163 740 3215 καὶ
774 3164 1093 3221 ἀπόστασιν.
1143 3169 1361 3241 Ἐπειδὴ
1411 3171 1519 3242 γάρ
1552 3171 1859 3243 λελύπηκεν
1899 3173 1960 3225 ού

384 3252 621 3321 μετρίως
653 3253 745 3306 τὸν
780 3256 1131 3327 ἐπαμύνοντά
1177 3278 1237 3313 τε
1270 3263 1363 3315 καὶ
1398 3262 1641 3327 σώζοντα
1686 3264 1837 3330 Θεὸν,
1868 3282 1963 3336 μο-

382 3345 596 3413 νονουχὶ
638 3348 732 3399 καὶ
780 3347 885 3419 ἰδία
918 3352 1062 3423 χειρὶ
1114 3355 1497 3424 παραδέδωκεν
1551 3357 1692 3411 ἑκὼν
1742 3360 1808 3429 τῇ
1854 3358 1961 3412 τῶν

381 3433 554 3489 ἐθνῶν
591 3438 876 3509 ἀγριότητι
912 3442 975 3493 τὸ
1010 3442 1141 3497 ῐδιον
1185 3446 1429 3517 σπέρμα,
1476 3449 1571 3501 καὶ
1620 3448 1962 3522 παρέστησεν

380 3526 797 3602 είςάπαγωγὴν
854 3532 947 3586 καὶ
976 3535 1377 3606 αἰχμαλωσίαν.
1406 3538 1575 3592 Τοῦτο
1600 3541 1709 3611 γάρ
1742 3542 1858 3593 ἐστι
1899 3540 1959 3593 τὸ

384 3632 408 3666 ο
442 3618 523 3678 είς
557 3615 752 3689 θήραν,
790 3640 808 3672 ι
845 3624 938 3675 καὶ
984 3624 1091 3695 μὴν
1139 3626 1232 3679 καὶ
1268 3646 1286 3679 ι
1332 3629 1412 3691 είς
1440 3628 1829 3697 ἀποκέντησιν,
1877 3652 1896 3681 ι
1933 3631 1961 3682 ὅ

376 3706 495 3760 ἐστι
522 3712 758 3780 σφαγήν.
792 3713 930 3776 Τοὺς
954 3715 1175 3786 μὲνγὰρ
1205 3716 1413 3772 ἀνεῖλον
1434 3718 1482 3769 οἱ
1505 3716 1834 3772 Βαϐυλώνιοι
1855 3720 1962 3775 τῶν

390 3796 609 3867 Ἰσραήλ
629 3816 641 3828 ’
677 3800 802 3863 τοὺς
832 3800 888 3853 δὲ
922 3803 1268 3874 άπεκόμισαν
1300 3807 1380 3869 εἰς
1408 3806 1506 3876 τὴν
1534 3807 1765 3861 ἑαυτῶν.

450 3888 619 3942 Ὅταν
646 3891 823 3945 τοίνυν
851 3893 958 3964 πλη
968 3895 1263 3967 μμελῶμεν
1288 3900 1471 3968 ἡμεῖς,
1503 3899 1732 3964 ἑαυτοὺς
1761 3900 1962 3971 μᾶλλον

374 3982 734 4053 αἰτιασόμεθα
765 3986 1088 4055 φρονοῦντες
1120 3989 1317 4059 ὀρθῶς,
1365 3992 1458 4047 καὶ
1500 3993 1622 4064 ούχὶ
1662 3993 1760 4065 τὴν
1811 3994 1962 4048 θείαν

371 4073 567 4145 ὀργήν.
612 4075 1201 4151 Καταπεφρονήκαμεν
1244 4087 1351 4154 γὰρ
1388 4084 1482 4138 τοῦ
1515 4085 1839 4158 πρέποντος,
1865 4088 1961 4141 καὶ

374 4166 611 4236 ῥᾴθυμοι
635 4171 981 4241 γεγενήμεθα
1009 4174 1135 4245 περὶ
1160 4175 1220 4228 τὸ
1246 4170 1471 4230 ἁνδάνον
1498 4176 1576 4249 τῷ
1616 4178 1753 4250 Θεῷ.
1786 4179 1961 4234 Κολὰ-

373 4255 564 4319 ζεσθαι
608 4257 665 4310 δὲ
712 4260 927 4333 ἀνάγκη
978 4263 1068 4315 τὸν
1104 4259 1388 4338 ὑϐριστὴν,
1442 4268 1536 4320 καὶ
1583 4268 1813 4341 ὲξήνιον,
1866 4272 1960 4324 καὶ

375 4349 659 4418 μονονουχὶ
673 4349 899 4419 λέγοντα
929 4352 1005 4423 τῷ
1035 4354 1253 4408 πάντων
1272 4358 1573 4430 Δεσπότῃοι
1609 4360 1845 4415 Ἀπόστα
1863 4361 1959 4415 ἀπ’

373 4436 532 4506 ἐμοῦ,
560 4438 713 4503 ὁδούς
745 4458 839 4495 σου
873 4442 1071 4498 εἰδέναι
1099 4446 1161 4498 ού
1198 4445 1480 4518 βούλομαι.
1523 4470 1542 4501 ι

444 4529 558 4595 Δὸς
590 4532 795 4598 αὐτοῖς
831 4536 1027 4603 Κύριε.
1082 4538 1142 4591 Τί
1176 4535 1390 4606 δώσεις
1418 4543 1659 4609 αὑτοῗς;
1707 4543 1813 4611 δὸς
1854 4547 1959 4602 αὐ-

369 4616 499 4682 τοῖς
540 4619 777 4687 μήτραν
835 4624 1216 4681 ἀτεκνοῦσαν
1260 4629 1361 4683 καὶ
1392 4632 1667 4700 μαστοὺς
1713 4634 1957 4702 ξηρούς.

445 4708 575 4760 ΡΗ’.
615 4708 678 4762 Εἰ
710 4710 774 4781 δὴ
813 4713 1075 4781 μέλλοιεν,
1124 4718 1309 4788 φησὶν,
1357 4721 1459 4774 οὐκ
1500 4721 1695 4776 εἰδέναι
1744 4724 1877 4778 Θεὸν
1908 4727 1958 4778 oi

2064 2145 2175 2199 buit
2202 2144 2340 2211 ﬁlios
2367 2160 2517 2198 suos.
2540 2153 2596 2197 ut
2622 2145 2861 2199 educeret
2883 2144 2951 2197 ad
2974 2144 3307 2212 punctionem
3334 2145 3474 2213 ﬁlios
3499 2163 3643 2202 suos.

2137 2316 2291 2372 CVII.
2324 2315 2493 2371 Deﬂet
2520 2318 2681 2371 etiam
2715 2332 2857 2372 nunc
2884 2317 3161 2386 Ephraim,
3190 2318 3305 2373 sive
3334 2318 3497 2375 Israel
3526 2335 3649 2389 pro-

2058 2411 2249 2480 pheta,
2274 2419 2327 2463 el
2356 2410 2529 2477 ipsum
2552 2409 2653 2463 sibi
2677 2423 2894 2463 causam
2922 2408 3169 2464 attulisse
3191 2410 3450 2479 praedicat
3472 2421 3527 2465 et
3551 2428 3647 2466 or-

2064 2501 2251 2556 bitatis
2284 2500 2540 2566 ﬁliorum,
2570 2510 2625 2555 et
2657 2499 2984 2554 calamitatis
3017 2498 3367 2570 gravissimae.
3404 2500 3472 2556 Ut
3501 2503 3646 2557 enim

2064 2594 2174 2648 vidi
2202 2608 2267 2648 ex
2294 2593 2638 2647 sermonibus
2667 2594 2791 2657 tuis,
2818 2591 3065 2657 Domine,
3091 2591 3285 2661 inquit,
3309 2600 3365 2647 et
3387 2607 3455 2647 ex
3485 2594 3647 2649 rebus

2066 2685 2217 2755 ipsis,
2247 2685 2362 2752 ipse
2391 2684 2666 2751 prraim,
2692 2692 2747 2736 et
2777 2683 3074 2751 capiendos
3123 2693 3179 2738 et
3206 2685 3555 2739 trucidandos
3584 2687 3648 2738 lio

2067 2774 2167 2829 lios
2198 2788 2326 2829 suos
2360 2772 2609 2843 praebuit,
2644 2787 2745 2827 nec
2778 2771 2914 2827 alios
2945 2771 3205 2842 deinceps
3237 2772 3516 2827 criminari
3551 2789 3648 2843 po-

2068 2866 2209 2933 terit,
2242 2880 2339 2921 nec
2375 2865 2571 2921 divina:
2605 2866 2699 2919 irae
2734 2865 3147 2932 reclamaverit;
3181 2868 3276 2921 sed
3312 2866 3357 2920 si
3390 2882 3458 2921 ex
3490 2882 3647 2936 aequo

2064 2966 2120 3012 et
2155 2959 2305 3026 justo
2341 2973 2455 3013 rem
2495 2958 2764 3012 aestimare
2797 2956 3054 3020 voluerit,
3090 2971 3245 3012 suam
3288 2958 3469 3027 potius
3513 2959 3647 3013 insi-

2065 3051 2325 3119 pientiam
2362 3060 2418 3104 et
2455 3050 2783 3120 aposutsiam
2823 3049 3123 3105 amusabit.
3162 3049 3453 3120 Postquam
3496 3050 3642 3104 enim

2065 3142 2417 3211 Opitulantem
2463 3152 2519 3197 et
2563 3150 2873 3197 servantem
2924 3141 3092 3195 Deum
3141 3157 3250 3196 non
3301 3142 3649 3196 mediocriter

2064 3235 2315 3299 oﬂendit,
2353 3244 2557 3289 tantum
2594 3250 2701 3288 non
2737 3235 2900 3289 etiam
2939 3248 3101 3287 manu
3137 3248 3234 3288 sua
3269 3248 3455 3288 semen
3487 3249 3646 3299 suum

2066 3325 2284 3379 saevitia:
2316 3325 2554 3394 gentium
2580 3324 2767 3379 volens
2796 3323 3157 3388 contradidit,
3188 3332 3243 3377 et
3273 3325 3326 3377 in
3358 3323 3642 3391 captivita-

1989 3422 2036 3483 C
2068 3427 2175 3471 tem
2206 3417 2578 3471 abducendum
2605 3416 2869 3470 exhibuit.
2898 3416 3009 3470 Hoc
3037 3416 3181 3469 enim
3210 3415 3343 3479 vult,
3378 3433 3397 3466 ι
3435 3415 3487 3469 in
3544 3430 3648 3469 uca-i

2068 3510 2332 3577 ptionem,
2373 3527 2393 3559 ι
2427 3508 2560 3576 quin
2590 3517 2645 3562 et
2680 3526 2700 3558 ‹
2739 3509 2805 3562 ad
2835 3508 3239 3577 punctionem,»
3274 3507 3326 3561 id
3356 3509 3530 3570 est,ad
3555 3506 3646 3573 ju-

2064 3601 2410 3669 gulatiouem.
2457 3599 2606 3653 Alios
2652 3599 2852 3668 quippe
2899 3600 2968 3654 de
3018 3598 3279 3655 Israelitis
3325 3600 3646 3655 occiderunt

2062 3689 2366 3760 Babylonii,
2397 3689 2535 3743 alios
2561 3704 2745 3744 secum
2777 3689 3175 3744 abstraxerunt.

2134 3873 2270 3930 Cum
2301 3873 2467 3943 igitur
2492 3872 2921 3943 peccaverimus,
2945 3872 2990 3927 si
3018 3887 3125 3927 non
3157 3872 3477 3941 desipimus,
3511 3889 3643 3928 nos-

2065 3967 2324 4036 metipsos
2361 3966 2561 4035 potius,
2599 3980 2703 4019 non
2746 3966 2882 4019 iram
2927 3963 3020 4019 Dei
3064 3964 3462 4020 damnabimns.
3495 3964 3642 4020 Con-

2063 4060 2381 4129 tempsimus
2420 4058 2565 4113 enim
2606 4057 2865 4123 oilicium,
2900 4068 2956 4113 et
2994 4057 3050 4112 in
3097 4058 3189 4112 Dei
3232 4059 3508 4113 voluntate
3544 4074 3642 4113 ex-

2062 4151 2333 4221 sequenda
2389 4165 2581 4223 segnes
2638 4149 2860 4206 fuimus.
2913 4150 3265 4220 Contemptor
3316 4160 3532 4214 autem,
3586 4160 3644 4206 et

2062 4256 2377 4310 contumax,
2404 4254 2459 4299 et
2488 4242 2877 4314 propemodum
2907 4243 3020 4298 Deo
3049 4242 3236 4298 dicens
3265 4258 3281 4297 :
3316 4261 3335 4293 ι
3369 4242 3580 4298 Recede
3609 4260 3643 4299 a

2063 4351 2169 4399 nne,
2196 4336 2312 4392 vias
2341 4346 2461 4391 tuas
2489 4336 2631 4391 scire
2658 4336 2781 4390 nolo
2800 4335 2873 4401 ⁷⁸,
2907 4353 2927 4386 ι
2964 4335 3267 4405 puniendus
3295 4344 3401 4389 est.

2137 4550 2298 4603 Vens.
2332 4549 2418 4603 14.
2453 4548 2534 4601 Da
2569 4565 2664 4613 eis,
2698 4545 2937 4602 Domine.
2971 4546 3111 4612 Quid
3144 4546 3291 4601 dabis
3322 4547 3436 4602 eis?
3465 4552 3535 4602 da
3565 4549 3641 4603 eis

2060 4642 2266 4695 vulvam
2298 4639 2409 4693 sine
2433 4640 2560 4708 ﬁliis
2591 4649 2637 4693 et
2670 4640 2832 4693 ubera
2861 4639 3085 4691 arentia.

2133 4730 2314 4787 CVIII.
2343 4730 2400 4785 Si
2428 4746 2531 4785 non
2555 4732 2731 4785 scient
2754 4729 3037 4784 Dominum
3062 4727 3339 4793 Israelita,
3365 4729 3639 4799 abripien-

386 4798 634 4893 Ἰσραὴλ,
689 4802 1064 4876 ἀποφέρεσθαι
1113 4808 1170 4861 δὲ
1229 4809 1427 4879 μᾶλλον
1488 4812 1626 4883 πρὸς
1703 4815 1956 4888 ἀνωφελῆ

2065 4830 2261 4893 turque
2287 4823 2459 4890 magis
2484 4835 2581 4891 spe
2608 4820 2783 4876 inutili
2809 4829 2863 4876 et
2887 4820 3193 4890 insipienti,
3218 4820 3641 4875 existimabunt-

371 4890 471 4941 καὶ
510 4889 739 4959 ἀνόητον
768 4893 983 4960 ἐλπίδα,
1014 4894 1221 4950 οἴεσθαί
1257 4916 1315 4951 τε
1356 4901 1436 4953 ὅτι
1475 4904 1815 4973 περιέσονται
1845 4906 1956 4960 τῶν

368 4979 606 5051 ἐχθρῶν,
629 4982 717 5035 διὰ
745 4984 949 5054 πλῆθος
977 4987 1203 5053 τέκνων,
1223 4991 1318 5044 καὶ
1344 4993 1426 5045 ὅτι
1454 4995 1589 5047 πολὺ
1622 4998 1751 5067 παρ’
1773 4999 1956 5063 αὐτοῖς

367 5073 429 5124 τὸ
448 5075 687 5144 μάχιμον
718 5076 891 5143 γένος,
921 5078 1124 5150 ταύτης
1151 5098 1208 5134 τε
1235 5081 1398 5136 ἕνεκα
1414 5085 1513 5152 τῆς
1540 5086 1718 5150 αἰτίας
1744 5089 1842 5142 ούκ
1863 5091 1954 5143 ἀνι

365 5166 599 5231 αγκαῖον
630 5165 691 5217 τὸ
712 5167 864 5237 παρά
886 5170 987 5240 τῆς
1028 5172 1123 5241 σῆς
1140 5173 1549 5245 ὲπικουρεῖσθαι
1575 5179 1777 5251 χειρὸς,
1818 5182 1954 5250 μηδὲ

370 5256 706 5310 τικτέτωσαν
724 5258 863 5322 ὅλως
881 5261 935 5312 αί
953 5262 1082 5333 παρ’
1094 5263 1276 5327 αὐτοῖς
1295 5267 1572 5333 γυναῖκες.
1608 5268 1780 5323 Τοῦτο
1795 5271 1903 5342 γάρ
1919 5273 1953 5342 ἡ

363 5348 671 5403 ἀτεκνοῦσα
694 5352 1028 5423 μήτρα.Κᾶν
1052 5357 1100 5407 εί
1120 5357 1328 5410 τέκοιεν
1355 5359 1435 5423 δὲ,
1474 5361 1548 5433 μὴ
1582 5362 1953 5433 ἀνατρεφέτω-

2066 4931 2168 4985 que
2193 4931 2253 4971 se
2280 4915 2520 4970 uostibus
2546 4923 2763 4983 propter
2790 4913 3184 4967 Iunltitudiuem
3218 4914 3447 4967 filiorum
3476 4930 3640 4982 supe—

2064 5012 2237 5063 riores
2263 5008 2400 5069 fore,
2426 5015 2477 5061 et
2507 5022 2565 5062 se
2594 5007 2920 5061 militaribus
2945 5005 3074 5059 viris
3101 5006 3394 5069 abundare,
3422 5014 3475 5059 et
3504 5007 3642 5059 hanc

2064 5100 2132 5153 ob
2172 5116 2386 5154 causam
2429 5115 2620 5153 manus
2659 5106 2762 5152 tum
2798 5096 3012 5150 auxiliis
3050 5112 3153 5149 non
3188 5111 3382 5165 egere,
3419 5099 3643 5151 omnino

2065 5209 2131 5246 ne
2168 5191 2379 5260 pariant
2416 5190 2668 5244 rnulieres
2702 5188 2937 5252 illorum,
2972 5189 3075 5241 hoc
3108 5187 3250 5239 enim
3285 5195 3387 5247 est,
3425 5207 3442 5236 ι
3484 5188 3641 5241 Vulva

2063 5284 2180 5337 sine
2209 5283 2412 5337 liberis.
2445 5301 2462 5332 ι
2493 5281 2644 5348 Quod
2676 5281 2721 5335 si
2754 5280 3083 5350 pepereriut,
3112 5294 3177 5331 ne
3205 5277 3370 5341 alant,
3404 5279 3504 5332 hoc
3536 5292 3639 5335 est.

2061 5377 2414 5427 absumantur
2448 5384 2573 5426 ante
2611 5380 2843 5440 tempus,
2884 5378 2937 5423 et
2979 5370 3287 5437 priusquam
3334 5384 3502 5422 annos
3542 5388 3641 5434 pu-

364 5442 770 5509 σαν,τουτέστι,
813 5444 1245 5503 δαπανάσθωσαν
1274 5450 1382 5521 πρὸ
1404 5449 1568 5524 ὥρας,
1600 5456 1695 5507 καὶ
1726 5458 1855 5526 πρὶν
1872 5460 1953 5521 είς

2063 5464 2284 5518 bertatis
2313 5464 2572 5533 attingat,
2604 5463 2811 5517 occidat
2842 5476 3029 5532 genus.
3065 5458 3155 5513 Sic
3185 5462 3329 5513 enim
3363 5473 3638 5530 amputata

359 5533 505 5605 ῆόην
527 5533 705 5588 ἐλθεῖν
742 5537 991 5591 πιπτέτω
1026 5539 1088 5593 τὺ
1138 5542 1313 5609 γένος.
1338 5546 1817 5618 Περιτεμνομένης
1846 5551 1955 5622 γάρ

2063 5568 2164 5622 qua
2196 5555 2320 5607 hinc
2347 5563 2656 5609 tumescunt
2680 5552 2960 5621 superbia,
2989 5549 3148 5622 ιω
3172 5560 3226 5603 et
3252 5548 3461 5604 sublata
3488 5554 3640 5605 dein-

362 5625 509 5680 οὕτω
520 5628 617 5699 τῆς
633 5628 859 5701 ἐνούσης
872 5632 1051 5696 αὐτοῖς
1064 5633 1311 5688 ἐντεῦθεν
1327 5636 1647 5708 ὑπεροψίας,
1662 5641 1755 5693 καὶ
1772 5642 1956 5695 λοιπὸν

2063 5661 2188 5714 ceps
2216 5661 2309 5715 spe
2337 5646 2388 5699 in
2419 5646 2573 5715 copia
2603 5645 2740 5700 bello
2768 5644 3080 5699 idoneorum
3106 5641 3367 5713 reposita,
3396 5649 3461 5699 ad
3492 5655 3639 5703 luant

445 5805 495 5839 "
525 5806 684 5866 Rom.
714 5827 792 5875 XI,
826 5812 911 5877 15,
943 5814 1030 5869 14.
1108 5817 1155 5849 ⁷³
1188 5817 1299 5873 Jcr.
1334 5837 1424 5888 xv,
1456 5826 1540 5879 Π.
1619 5825 1706 5879 ⁷⁸1
1735 5824 1937 5893 Tim.v,

2142 5831 2187 5862 ⁷⁵
2211 5830 2310 5888 Job
2346 5832 2577 5902 “1,”.

686 5903 961 5970 Parnm.
1006 5909 1127 5972 Gn.
1179 5912 1395 5978 LXXI.
3208 5939 3243 6000 8
