4110 6368
522 341 629 398 235

1595 347 1655 400 S.
1696 344 1970 404 CYRILLI
2010 341 2483 403 ALEXANDRINI
2524 341 2842 401 ARCHIEP.

3689 351 3790 406 236

521 460 909 533 indulgentiam
938 462 1273 534 confugient,
1304 471 1361 518 et
1395 470 1447 519 te
1479 462 1815 521 Salvatorem
1848 466 2083 523 liberato

2202 468 2553 539 ἀνῃρημένης
2568 468 2665 538 τῆς
2684 467 2778 519 ἐπὶ
2794 464 2871 536 τῷ
2886 465 3078 537 πλήθει
3095 467 3200 521 τῶν
3218 468 3543 541 μαχομένων
3561 469 3786 537 ἐλπίδος,

522 570 744 625 remque
761 554 1272 611 vindicabuntJizec
1294 571 1455 624 porro
1480 572 1622 611 nunc
1641 558 1805 613 etiam
1830 574 1893 613 ex
1918 574 2103 614 amore

521 647 613 701 Dei
645 647 906 717 loquitur,
934 656 990 702 et
1018 647 1183 702 simul
1213 647 1426 703 Domini
1458 648 1542 704 sui
1572 648 1821 718 gloriam,
1854 660 1911 705 et
1938 650 2103 706 Israe-

519 739 737 793 litarum
771 750 1016 795 coactam
1049 740 1460 796 conversionem
1495 740 1691 811 quaerit
1755 741 1801 797 si
1835 740 2008 809 ultro,
2044 752 2102 799 et

516 846 640 886 cum
670 830 824 887 bona:
844 832 1138 889 voluntatis
1162 833 1338 889 fructu
1362 834 1598 891 converti
1623 833 1817 891 nolint.

588 1112 757 1169 Vulva
782 1122 965 1169 autem
987 1113 1212 1182 sterilis,
1234 1122 1290 1169 et
1315 1114 1479 1169 ubera
1505 1114 1712 1169 arentia
1739 1112 2097 1184 spiritualiter

511 1208 679 1261 etiam
718 1207 1062 1277 quadrabuut
1103 1206 1156 1261 in
1200 1204 1372 1260 malos
1412 1206 1716 1274 operarios,
1755 1213 1812 1259 et
1848 1206 2095 1275 quemvis

512 1311 810 1365 errantem,
840 1308 896 1355 et
927 1314 958 1354 a
993 1309 1141 1354 recta
1173 1298 1261 1352 via
1299 1305 1446 1353 recte
1478 1297 1686 1367 ingredi
1721 1295 1914 1351 solitos
1947 1309 2098 1351 aver-

514 1402 717 1447 tentem
744 1392 832 1464 (in
860 1391 994 1456 fide,
1018 1388 1302 1461 inquam),
1327 1398 1383 1445 et
1406 1390 1459 1444 in
1483 1390 1587 1443 viis
1609 1389 1723 1444 suis
1745 1389 1951 1445 directe
1974 1403 2097 1460 pro-

510 1485 785 1539 cedentes.
831 1482 979 1538 Nihil
1026 1483 1171 1538 enim
1222 1481 1438 1553 ingenio
1484 1480 1616 1550 ipsis
1662 1482 1942 1551 pariente.
1992 1481 2094 1536 nisi

509 1591 817 1632 sermonem
848 1574 1067 1640 falsum,
1097 1575 1199 1630 nisi
1236 1576 1512 1630 theorema
1545 1576 1812 1644 spurium,
1843 1590 1943 1630 nec
1970 1576 2095 1630 edu-

510 1670 755 1723 caverint
784 1668 837 1722 in
868 1666 1183 1724 seductione
1212 1665 1351 1723 filios
1378 1682 1528 1733 suos,
1568 1667 1865 1721 secundum
1897 1667 2095 1722 doctri-

509 1777 634 1816 nam
679 1762 835 1829 dico;
881 1769 936 1816 et
954 1760 1106 1815 arida
1136 1760 1396 1815 habentes
1437 1760 1604 1814 ubera
1650 1759 1908 1815 Ecclesiae
1949 1759 2096 1815 mali-

506 1851 819 1922 gnautium,
850 1850 1198 1921 deceptorum
1233 1859 1434 1905 matres
1465 1851 1578 1905 fieri
1615 1861 1902 1921 nequeant.

578 2029 739 2087 Vens.
776 2030 866 2085 £5.
899 2028 1093 2083 Omnes
1127 2028 1374 2098 nequitia:
1405 2044 1587 2082 eorum
1622 2028 1677 2082 in
1711 2025 1923 2097 Galgal,
1958 2028 2083 2098 quia

502 2123 575 2175 ibi
601 2121 691 2175 odi
715 2135 826 2184 eos,
856 2130 1070 2189 propter
1090 2118 1325 2172 malitias
1351 2118 1778 2173 adinventionum
1804 2135 2006 2173 eorum.
2037 2118 2086 2173 E

502 2214 658 2265 domo
687 2226 805 2265 mea
833 2210 1045 2281 ejiciam
1075 2226 1184 2277 eos,
1214 2226 1317 2265 non
1348 2211 1542 2265 addam
1573 2210 1794 2281 diligere
1820 2228 1927 2266 eos.

573 2390 709 2448 CIX.
748 2390 945 2462 Incipit
985 2404 1204 2446 rursum
1253 2391 1628 2447 universorum
1673 2393 1812 2448 Deus
1850 2409 2080 2451 enumeo

501 2500 625 2540 rare
656 2484 921 2549 crimina,
948 2495 1003 2540 et
1036 2484 1280 2538 meminit
1312 2483 1519 2552 Galgal.
1547 2483 1708 2539 Urbis
1741 2501 1935 2540 nomen
1968 2495 2079 2556 est,

500 2578 554 2630 in
581 2592 685 2646 qua
711 2577 1063 2631 vehementer
1082 2575 1372 2644 imprimis,
1396 2585 1450 2630 et
1476 2575 1757 2631 infandum
1783 2579 1833 2631 iu
1859 2580 2079 2634 modum

499 2667 867 2737 superstitiosi
891 2676 1188 2723 statuarum
1214 2667 1394 2721 cultus
1411 2667 1681 2736 vigebant.
1707 2668 1879 2725 Habet
1898 2682 2078 2727 autem

499 2759 643 2830 quod
679 2759 811 2815 dicit
852 2760 991 2814 hanc
1030 2760 1373 2814 sententiam.
1412 2759 1691 2827 Flagitiosi
1732 2775 1838 2816 non
1877 2778 1987 2818 uno
2025 2765 2078 2819 in

499 2867 700 2923 genere
731 2851 991 2907 Israelita:
1025 2851 1259 2905 fuerunt.
1296 2850 1372 2905 Ac
1402 2851 1585 2906 videre
1623 2852 1765 2917 licet,
1796 2870 1959 2924 quam
1998 2856 2081 2910 in-

497 2947 731 3016 signiter
755 2946 984 3013 improbi
1011 2945 1211 3000 fuerint
1233 2948 1278 3002 si
1306 2945 1495 3017 Galgal
1517 2947 1737 3017 cogites.
1763 2948 1837 3003 lbi
1860 2964 2078 3005 omnem

497 3054 685 3095 eorum
712 3038 820 3093 vidi
841 3037 1170 3107 nequitiam,
1200 3038 1271 3093 ibi
1300 3039 1389 3093 odi
1417 3053 1530 3094 eos.
1556 3038 1671 3093 Non
1704 3041 1921 3108 quidem
1950 3057 2079 3112 pro-

497 3144 620 3203 pter
650 3131 857 3198 locum,
890 3138 1036 3185 esset
1067 3133 1210 3184 enim
1245 3130 1296 3183 id
1332 3129 1737 3198 imprudentiae;
1773 3134 1865 3187 sed
1900 3134 2078 3203 potius

497 3226 552 3278 in
582 3239 647 3278 eo
675 3229 988 3293 perpetrata
1017 3230 1144 3275 ante
1173 3220 1360 3276 oculos
1387 3222 1747 3277 constituens.
1772 3224 1862 3278 Ait
1891 3225 2073 3295 igitur,

502 3333 523 3365 σ
552 3313 816 3384 expellam
845 3326 942 3368 eos
968 3312 1130 3367 domo
1156 3326 1295 3379 mea,
1326 3330 1345 3363 ι
1373 3320 1428 3368 et
1454 3315 1651 3367 arcebo
1675 3314 1744 3370 ab
1770 3315 1910 3369 atrio
1933 3331 2074 3379 meo,

494 3417 551 3462 et
588 3405 956 3460 familiaritate
992 3420 1109 3460 mea
1145 3403 1451 3459 excludam.
1483 3406 1617 3459 Cum
1652 3417 1832 3462 autem
1868 3407 2075 3462 oderim

498 3500 617 3554 illos
637 3498 805 3568 juste,
834 3497 1048 3551 instabo
1074 3496 1142 3551 de
1166 3505 1388 3564 caetero,
1419 3511 1518 3551 nec
1546 3497 1795 3552 mutabor
1819 3498 2074 3567 amplius,

496 3602 554 3644 ut
584 3590 744 3645 velim
778 3603 872 3643 eos
907 3602 1144 3655 unquam
1178 3586 1402 3656 diligere
1438 3585 1600 3639 tantis
1632 3586 1927 3642 sceleribus
1958 3585 2076 3641 'alli-

496 3690 670 3753 gatos.
695 3678 959 3735 Occurret
986 3677 1202 3748 aliquis,
1232 3677 1427 3747 opinor
1456 3693 1471 3730 :
1503 3677 1783 3742 Quomodo
1815 3677 1979 3748 igitur
2007 3694 2074 3733 ex

492 3773 715 3844 Assyria
748 3770 966 3825 reduxit
991 3784 1107 3835 eos,
1130 3779 1223 3822 aut.
1250 3770 1518 3838 quomodo
1543 3783 1574 3822 e
1600 3768 1911 3837 captivitate
1941 3769 2070 3824 libe-

494 3865 677 3919 ravit?
704 3864 786 3919 An
818 3879 922 3918 non
956 3862 1138 3917 mitior
1164 3862 1360 3928 factus,
1389 3872 1445 3917 et
1477 3861 1825 3930 indulgentia,
1858 3870 1915 3917 et
1944 3863 2073 3917 cha-

495 3956 656 4008 ritate
684 3967 780 4008 eos
807 3952 1060 4022 dignatus
1087 3950 1207 4007 est?
1236 3949 1353 4007 Non
1384 3952 1693 4020 negaverim
1721 3961 1776 4006 et
1802 3964 1904 4021 ego
1934 3952 2073 4008 istuc

494 4049 567 4101 ita
601 4060 743 4100 esse.
774 4042 1204 4099 Misericordiam
1238 4042 1385 4098 enim
1418 4056 1485 4096 ex
1524 4042 1852 4113 benignitate
1882 4057 2073 4098 conse-

2203 558 2302 630 τὴν
2334 559 2432 630 σὴν
2474 557 2913 630 ὑπώραμοῦνται
2959 558 3147 627 φειδὼ,
3184 558 3279 611 καί
3311 577 3371 613 σε
3412 560 3641 633 Σωτῆρα
3703 568 3791 617 καὶ

2202 650 2481 721 λυτρωτὴν
2513 650 2928 721 ὲπιγράψονται.
2974 651 3069 703 Ἐκ
3101 650 3376 720 φιλοθεῖας
3407 652 3463 706 δὲ
3502 655 3572 707 τὰ
3616 657 3788 710 τοιάδε

2201 743 2297 796 καὶ
2331 741 2428 795 νῦν
2470 742 2499 794 6
2528 743 2812 813 προφήτης
2841 740 3026 812 φησίν.
3068 743 3157 797 Ἐν
3192 742 3377 814 ταυτῷ
3410 743 3465 797 δὲ
3506 743 3660 816 ζητεῖ
3699 748 3789 801 καὶ

2205 832 2300 886 τοῦ
2347 833 2487 887 ἰδίου
2535 834 2807 886 Δεσπότου
2845 833 2943 905 τὴν
2976 832 3152 900 δόξαν,
3177 834 3407 889 καὶτῶν
3451 836 3509 902 ἐξ
3564 837 3788 907 αἵματος

2214 925 2453 997 Ἰσραὴλ,
2483 925 2581 997 τὴν
2607 926 2683 990 ὡς
2705 926 2763 993 ἐξ
2795 925 3045 997 ἀνάγκης
3075 928 3433 999 ἐπιστροφὴν,
3462 931 3512 983 εί
3554 930 3630 1001 μὴ
3658 948 3787 1002 προ-

2200 1015 2466 1085 αιρέσεως
2493 1016 2707 1086 ἀγαθῆς
2738 1016 2919 1087 ἔχουσι
2945 1016 3006 1070 τὸ
3034 1017 3225 1088 χρῆμα
3260 1019 3493 1089 καρπόν.

2284 1107 2606 1161 Ἀτεκνοῦσα
2646 1108 2703 1161 δὲ
2751 1109 2955 1179 μήτρα,
3019 1111 3113 1163 καὶ⁹
3168 1111 3364 1181 μαστοὶ
3422 1111 3597 1184 ξηροὶ,
3650 1113 3783 1186 πρέ-

2203 1216 2357 1252 ποιεν
2384 1198 2451 1252 ἂν
2474 1199 2681 1268 νοητῶς
2711 1200 2806 1254 καὶ
2831 1202 2944 1264 τοῖς
2992 1201 3100 1255 τῶν
3137 1201 3355 1271 φαύλων
3384 1205 3664 1275 ἐργάταις,
3693 1207 3785 1258 καὶ⁸

2199 1288 2362 1342 παντὶ
2404 1286 2698 1354 πλανῶντι,
2749 1290 2843 1343 καὶ
2890 1290 3221 1361 ἀποφέροντι
3271 1291 3371 1362 τῆς
3415 1293 3632 1358 εὐθείας
3665 1294 3782 1348 ὁδοῦ

2196 1381 2321 1444 τοὺς
2375 1381 2689 1451 ὀρθοποδεῖν
2728 1382 3011 1446 εἰωθότας,
3057 1384 3116 1435 ἐν
3147 1385 3326 1438 πίστει
3379 1384 3463 1457 δὴ,
3498 1386 3659 1455 λέγω,
3692 1389 3782 1441 καὶ¹

2196 1470 2629 1536 κατευθύνοντας
2657 1472 2716 1525 ὲν
2738 1475 2856 1536 ταῖς
2876 1473 3018 1537 ὁδοῖς
3045 1474 3244 1529 αὐτῶν.
3269 1476 3435 1529 Οὐδὲν
3469 1477 3574 1549 γὰρ
3603 1478 3782 1542 αὐτοξ

2194 1563 2486 1635 τικτούσης
2516 1565 2616 1636 τῆς
2643 1566 2902 1632 διανοίας,
2932 1568 2993 1620 οὐ
3023 1568 3182 1637 λόγον
3210 1567 3399 1639 ψευδῆ,
3430 1570 3490 1622 οὐ
3523 1569 3782 1642 θεώρημα

2194 1656 2367 1721 νόθον,
2405 1657 2516 1710 οὐδ’
2546 1657 2613 1711 ἂν
2656 1657 2979 1729 ὲκθρέψειαν
3025 1661 3084 1712 ὲν
3124 1659 3300 1732 πλάνῃ
3347 1661 3416 1713 τὰ
3446 1661 3552 1714 ἴδια
3595 1663 3778 1725 τέκνα,

2193 1748 2262 1802 τὰ
2296 1746 2440 1802 κατὰ
2466 1748 2702 1819 μάθησιν
2731 1748 2897 1817 λέγω,
2925 1751 3021 1803 καὶ
3052 1750 3248 1822 ξηροὺς
3276 1752 3495 1822 ἔχουσαι
3522 1754 3648 1816 τοὺς
3680 1771 3780 1826 μα-

2115 1850 2159 1907 B
2190 1839 2347 1899 στοῦς
2395 1839 2457 1890 αἱ
2499 1837 2610 1890 τῶν
2654 1840 3109 1910 πονηρευομένων
3169 1841 3509 1913 Ἐκκλησίαι,
3560 1846 3661 1897 οὐκ
3711 1846 3777 1898 ἂν

2186 1928 2427 1996 γένοιντο
2460 1928 2699 2000 μητέρες
2729 1929 2840 1983 τῶν
2874 1930 3265 2003 ἠπατημένων.

2255 2018 2454 2073 Πᾶσαι
2507 2023 2567 2074 αι
2612 2022 2814 2075 κακίαι
2843 2022 3043 2076 αὐτῶν
3094 2024 3165 2077 ἐν
3215 2025 3485 2093 Γαλγὰλ,
3528 2025 3619 2079 ὅτι
3657 2026 3783 2081 ἐκεῖ

2184 2111 2451 2179 ἐμίσησα
2480 2112 2723 2180 αὐτοὺς,
2758 2112 2858 2168 διὰ
2905 2113 3013 2179 τὰς
3051 2115 3266 2181 κακίας
3309 2115 3429 2169 τῶν
3471 2118 3777 2186 ἐπιτηδευ-

2178 2200 2406 2272 μάτων.
2443 2203 2545 2258 Ἐκ
2572 2205 2680 2259 τοῦ
2703 2206 2875 2260 οΖκου
2900 2225 3023 2277 μου
3050 2207 3288 2262 ἐκϐαλῶ
3313 2210 3557 2277 αὐτοὺς,
3592 2215 3664 2267 οὺ
3684 2216 3773 2283 μὴ

2184 2296 2516 2365 προσθήσω
2545 2296 2857 2367 ἀγαπῆσαι
2891 2301 3135 2367 αὐτούς.

2261 2389 2377 2444 PO’.
2424 2390 2685 2462 Ἀρχεται
2717 2392 2879 2446 πάλιν
2909 2394 2938 2446 6
2963 2393 3073 2448 τῶν
3115 2395 3251 2449 ὅλων
3281 2394 3414 2461 Θεὸς
3444 2396 3776 2469 ἀπαριθμεῖ-

2186 2476 2308 2531 σθαι
2351 2479 2421 2533 τὰ
2465 2481 2806 2553 ἐγκλήματα,
2850 2484 2944 2537 καὶ
2982 2483 3356 2556 διαμέμνηται
3402 2487 3499 2559 τῆς
3538 2487 3773 2554 Γαλγάλ.

2185 2567 2347 2631 Πόλις
2377 2568 2435 2622 δὲ
2464 2569 2625 2641 αὕτη,
2669 2571 2792 2625 καθ’
2824 2573 2891 2643 ἢν
2922 2574 3004 2626 ὅτι
3040 2573 3278 2643 μάλιστα
3306 2575 3496 2639 δεινῶς
3547 2576 3641 2629 καὶ
3683 2577 3776 2629 ἐκ·

2182 2659 2362 2723 τόπως
2398 2658 2763 2732 ὲθρησκεύετο
2807 2664 2875 2716 τά
2901 2666 3264 2736 χειρόκμητα.
3313 2668 3471 2720 Ἐστι
3495 2667 3551 2720 δὲ
3589 2668 3617 2721 ὃ
3641 2685 3775 2738 φησι

2181 2750 2423 2808 τοιοῦτόν
2456 2771 2509 2807 τι
2540 2755 2724 2808 πάλιν.
2766 2755 3018 2827 Βδελυροὶ
3068 2758 3169 2830 μὲν
3213 2758 3324 2830 γὰρ
3370 2760 3512 2814 κατὰ
3544 2761 3774 2827 πολλοὺς

2182 2843 2417 2916 τρόπους
2444 2847 2491 2900 ol
2536 2849 2593 2914 ἐξ
2634 2848 2874 2920 Ἰσραήλ.
2914 2850 3041 2903 Ἴδοι
3079 2851 3124 2903 δ’
3153 2852 3219 2907 ἄν
3266 2871 3352 2917 τις
3397 2853 3501 2923 τῆς
3548 2854 3774 2925 ἐνούσης

2183 2938 2365 3000 αὐτοῖς
2412 2939 2747 3011 φαυλότητος
2793 2941 2893 3013 τὴν
2941 2943 3271 3016 ὑπερϐολὴν,
3316 2946 3642 3017 ὲννενοηκὼς
3670 2948 3773 3018 τὴν

2181 3026 2393 3097 Γαλγάλ
2423 3027 2605 3083 ,Ἐκεῖ
2647 3032 2827 3085 πᾶσαν
2869 3032 3048 3086 αὐτῶν
3100 3032 3364 3105 τεθέαμαι
3410 3036 3510 3107 τὴν
3553 3036 3768 3099 κακίαν,

2181 3118 2300 3172 ἐκεῖ
2337 3120 2620 3192 μεμίσηκα
2649 3122 2866 3187 αὐτούς.
2898 3126 2972 3178 Οὐ
3015 3125 3103 3179 διά
3135 3142 3199 3193 γε
3230 3127 3321 3181 τὸν
3353 3127 3538 3193 τόπον,
3578 3129 3772 3200 εὔηθες

2104 3190 2145 3247 C
2178 3210 2308 3281 γὰρ,
2358 3190 2715 3284 καθεστηκὼς
2750 3214 2807 3268 δὲ
2857 3216 3059 3286 μᾶλλον
3090 3190 3159 3270 τά
3204 3218 3262 3271 ἐν
3296 3218 3446 3290 αὑτῷ
3487 3190 3768 3289 γεγονότα.

2178 3304 2494 3375 Τοιγάρτοι,
2551 3306 2741 3376 φησιν,
2772 3306 2992 3373 ἐξοικιῶ
3046 3310 3147 3380 μὲν
3197 3311 3418 3375 αὐτοὺς,
3450 3313 3547 3365 καὶ
3598 3313 3771 3384 αὐλῆς

2178 3396 2508 3469 ἁποσοϐήσω
2533 3397 2635 3468 τῆς
2670 3401 2830 3471 ὲμῆς,
2874 3403 2968 3455 καὶ
3010 3403 3344 3474 οἰκειότητος
3371 3404 3609 3459 ἐκϐαλῶ.
3653 3408 3770 3459 Με-

2181 3489 2431 3561 μισηκὼς
2455 3491 2512 3544 δὲ
2535 3491 2782 3558 δικαίως,
2828 3496 3161 3565 ὲνστήσομαί
3191 3513 3255 3549 τε
3294 3495 3501 3562 λοιπὸν,
3537 3498 3633 3550 καὶ
3661 3499 3766 3553 οὐκ

2175 3580 2244 3633 ἂν
2296 3581 2636 3655 μεταθοίμην
2678 3582 2763 3637 ἔτι
2811 3584 2948 3655 πρὸς
2996 3586 3056 3639 τὸ
3103 3588 3330 3658 ἀγαπᾷν
3377 3587 3594 3642 ἑλέσθαι
3637 3590 3770 3644 ποτὲ

2173 3671 2302 3734 τοὺς
2347 3670 2418 3725 τὰ
2466 3673 2646 3727 τοιάδε
2678 3675 3422 3747 πεπλημμεληκότας.Ἀλλ“,
3456 3675 3633 3751 οἶμαι.
3682 3683 3770 3745 τὶς

2174 3764 2325 3833 ἐρεῖ*
2363 3761 2511 3830 Πῶς,
2533 3760 2626 3818 οὖν
2663 3765 2987 3836 ἀνεκόμισεν
3027 3768 3107 3831 εἰς
3132 3769 3231 3840 τὴν
3286 3770 3546 3825 Ἰουδαίαν
3575 3773 3640 3825 ἐκ
3666 3771 3771 3843 τῆς

2187 3854 2489 3927 Ἀσσυρίων
2515 3855 2732 3920 αὐτοὺς,
2762 3857 2794 3927 ἢ
2847 3856 2966 3922 πῶς
2999 3860 3170 3930 ἀνῆκε
3208 3861 3310 3930 τῆς
3349 3863 3765 3933 αἰχμαλωσίας;

2172 3939 2299 4017 ’Ἆρ’
2324 3947 2447 4017 οὐχὶ
2496 3948 2948 4020 μετατεθειμένος
3000 3952 3079 4014 είς
3128 3952 3468 4024 ἡμερότητα,
3517 3954 3613 4007 καὶ
3641 3972 3762 4024 φει-

2172 4035 2318 4101 δοῦς,
2372 4039 2467 4092 καὶ¹
2515 4039 2737 4111 ἀγάπης
2781 4039 3024 4105 ἀξιώσας
3067 4042 3301 4109 αὑτούς;
3357 4045 3466 4099 Ναὶ
3500 4046 3665 4117 φαίην
3694 4047 3767 4101 ἂι·

2172 4128 2349 4199 ἀληθῆ
2397 4130 2490 4183 καὶ
2512 4130 2677 4195 αὐτὸς
2715 4132 2808 4187 τὸν
2850 4133 3030 4201 λόγον.
3068 4135 3356 4207 Ἦλέηνται
3396 4137 3505 4209 γὰρ
3537 4137 3597 4202 ἐξ
3627 4140 3768 4208 ἡμε-

2176 4217 2417 4289 ρότητος,
2442 4219 2910 4291 ὁμολογουμένως.
2952 4221 3093 4276 Ἀλλ’
3136 4224 3254 4293 οἶγε
3289 4223 3412 4279 καθ’
3434 4219 3510 4280 ὧν
3535 4229 3564 4280 ό
3605 4226 3766 4295 λόγος

491 4140 602 4192 cuti
624 4146 770 4203 sunt,
789 4136 965 4191 hocin
988 4134 1237 4191 confesso
1258 4145 1361 4191 est.
1382 4132 1488 4189 Sed
1514 4134 1568 4188 hi
1591 4134 1658 4189 de
1676 4135 1874 4204 quibus
1893 4150 2073 4191 sermo

490 4240 594 4293 est,
622 4228 876 4282 abierunt
904 4227 957 4281 in
985 4225 1380 4295 captivitatem,
1406 4234 1462 4281 et
1487 4224 1649 4296 longo
1678 4234 1801 4295 post
1829 4235 2072 4296 tempore

493 4322 546 4375 in
570 4334 728 4390 paena
751 4320 919 4373 vitam
944 4316 1219 4372 finierunt.
1239 4316 1306 4370 Et
1325 4318 1779 4386 quemadmodum
1803 4332 1923 4372 cum
1947 4333 2072 4388 pro-

2180 4312 2457 4384 Ξιπῲχοντο
2512 4314 2612 4384 μὲν
2660 4313 2740 4378 είς
2790 4314 3193 4385 αἰχμαλωσίαν,
3243 4317 3538 4388 τεθνήκασι
3584 4320 3641 4373 δὲ
3692 4325 3761 4393 τῇ

493 4412 727 4469 misisset
740 4426 834 4479 per
846 4409 1064 4481 Moysen
1080 4410 1132 4462 in
1146 4408 1378 4479 Aﬂgypto
1392 4408 1667 4476 lsraelitis,
1681 4411 1997 4465 educturum
2011 4426 2069 4465 se

2180 4399 2334 4471 δίκῃ,
2384 4400 2579 4471 χρόνου
2631 4401 2841 4473 μαχροῦ
2905 4403 3345 4471 διῖππεύσαντος.
3398 4408 3509 4461 Καὶ
3568 4408 3764 4481 ὥσπερ

492 4518 681 4558 omnes
700 4503 752 4557 in
771 4512 993 4563 terram,
1010 4515 1171 4569 quam
1183 4501 1891 4570 jurassetpatribuseorum,
1909 4500 2062 4572 141

2180 4491 2538 4561 ἐπηγγέλλετο
2587 4493 2685 4563 μὲν
2716 4492 2808 4547 διὰ
2844 4495 3090 4560 Μωσέως
3146 4499 3287 4551 κατὰ
3333 4498 3432 4571 τὴν
3484 4501 3762 4568 Αἴγυπτον

490 4590 707 4659 quidam
739 4599 916 4643 tamen
947 4588 1095 4656 impii
1126 4603 1250 4643 sese
1277 4587 1502 4643 rebelles
1530 4591 1896 4659 praebuerunt,
1931 4606 2069 4659 quo-

2180 4586 2281 4647 τοῖς
2307 4584 2541 4654 Ἰσραὴλ,
2567 4585 2802 4649 είσάξειν
2824 4586 3070 4651 ἅπαντας
3091 4589 3171 4651 είς
3194 4589 3293 4660 τὴν
3319 4590 3444 4661 γῆν,
3480 4593 3545 4661 ἢν
3572 4590 3761 4662 ὤμοσε

492 4696 611 4734 rum
641 4680 803 4734 etiam
832 4694 1063 4750 corpora
1094 4680 1147 4734 in
1174 4680 1462 4736 solitudine
1487 4682 1822 4746 ceciderunt,
1844 4695 1899 4738 et
1927 4694 2069 4738 terra

2180 4678 2279 4740 τοῖς
2309 4676 2580 4747 πατράσιν
2601 4678 2804 4741 αὐτῶν,
2834 4679 2935 4732 οὐκ
2962 4679 3243 4751 ἠσέϐησαν
3266 4680 3324 4734 δὲ
3356 4682 3761 4754 ἀπειθήσαντες

493 4773 730 4839 ipsorum
771 4770 897 4825 ﬁliis
932 4773 1110 4840 potius
1144 4783 1291 4827 sorte
1324 4773 1610 4827 distributa
1644 4783 1755 4841 est;
1791 4775 1871 4829 sic
1902 4776 2067 4830 etiam

2180 4785 2331 4835 τινες,
2372 4762 2447 4822 ὧν
2496 4770 2593 4823 καὶ
2640 4769 2710 4823 τά
2762 4769 2912 4824 κῶλα
2959 4769 3152 4824 ἔπεσον
3181 4773 3239 4825 ὲν
3270 4775 3338 4845 τῇ
3372 4774 3585 4846 ἐρήμῳ,
3625 4795 3762 4831 κατ-

490 4864 578 4918 htc
602 4862 897 4931 intelliges.
919 4861 1115 4917 Mortui
1142 4872 1269 4917 sunt
1292 4864 1435 4919 enim
1460 4864 1526 4919 de
1546 4866 1741 4936 quibus
1767 4866 2065 4936 loquimur;

2180 4859 2566 4933 ικληροδοτήθη
2596 4862 2654 4929 δὲ
2687 4862 2886 4932 μᾶλλον
2909 4864 2945 4935 ἡ
2972 4863 3045 4934 γῆ
3073 4865 3185 4928 τοῖς
3216 4864 3276 4931 ἐξ
3317 4866 3497 4920 αὐτῶν
3534 4870 3763 4938 γεγονό-

491 4953 691 5007 reversi
736 4962 866 5009 sunt
911 4962 1092 5008 autem
1135 4955 1353 5023 quidam
1397 4955 1687 5026 aliquando
1732 4958 1785 5011 in
1824 4957 2065 5013 Judaeam

2180 4968 2257 5005 σιν
2277 4968 2292 4983 ο
2321 4951 2464 5006 οὕτω
2498 4952 2731 5007 κάνθάδε
2760 4957 2995 5026 νοήσεις.
3035 4954 3467 5028 Τετελευτήκασι
3509 4959 3609 5029 μὲν
3643 4960 3762 5033 γὰρ

486 5044 628 5114 Cyro
670 5045 885 5100 tandem
930 5046 1265 5114 demittente,
1306 5046 1395 5101 ubi
1438 5063 1638 5102 annum
1682 5048 1738 5104 iu
1779 5051 2065 5122 peregrina

2180 5046 2220 5098 οί
2250 5044 2371 5097 καθ’
2403 5038 2480 5099 ὧν
2518 5046 2547 5098 δ
2575 5045 2755 5115 λόγος,
2789 5047 3161 5119 ὑπενόστησαν
3198 5049 3255 5102 δὲ
3281 5050 3423 5103 κατὰ
3453 5054 3680 5123 καιροὺς
3704 5058 3764 5109 οἱ

489 5135 678 5191 tellure
703 5137 1163 5206 septuagesimum
1190 5137 1608 5208 complevissent
1628 5140 1693 5196 ⁷⁸.
1980 5160 1987 5164 ·

2180 5134 2228 5201 ἐξ
2256 5135 2434 5189 αὐτῶν
2464 5139 2543 5200 είς
2568 5139 2664 5209 τὴν
2706 5139 3175 5210 ἰουδαίαν,Κύρου
3210 5141 3364 5211 μόλις
3402 5143 3640 5209 ἀνέντος,
3664 5147 3763 5201 ὅτε

2120 5230 2126 5247 ί
2166 5226 2228 5279 τὸ
2249 5226 2646 5299 ἑϐδομηκοστὸν
2664 5229 2782 5295 ἔτος
2809 5232 2989 5296 αὐτοῖς,
3017 5232 3363 5304 πεπλήρωτο,
3386 5234 3768 5306 δωτρίῦουσιν

2169 5316 2464 5391 ἀλλοδαπῇ.

559 5393 857 5463 Ejicientur
886 5405 1066 5451 autem
1111 5411 1142 5452 e
1186 5397 1344 5453 domo
1372 5398 1489 5464 Dei,
1538 5401 1620 5457 vel
1668 5403 1853 5472 potius
1899 5405 2059 5475 ejecti

2266 5407 2706 5479 Εκϐληθήσονται
2732 5409 2790 5463 δὲ
2812 5410 2909 5464 τοῦ
2948 5410 3097 5465 οἴκου
3127 5412 3222 5466 τοῦ
3248 5414 3411 5480 Θεοῦ,
3457 5417 3661 5488 μᾶλλον
3693 5419 3765 5473 δὲ

487 5496 633 5553 sunt,
667 5486 831 5541 etiam
873 5489 966 5557 qui
1008 5497 1198 5544 contra
1232 5490 1502 5547 Christum
1553 5493 1792 5566 indigna,
1850 5506 1906 5552 et
1938 5511 2059 5567 qua:

2180 5499 2262 5552 sal.
2289 5498 2668 5569 ὲκὸέὸληνται,
2708 5502 2802 5555 καὶ
2834 5503 2883 5555 οἱ
2915 5503 3059 5558 κατὰ
3100 5505 3340 5577 Χριστοῦ
3376 5486 3765 5579 τολμήσαντες

488 5576 666 5631 verbis
692 5577 925 5647 exprimi
973 5578 1111 5635 satis
1159 5595 1265 5637 non
1318 5593 1563 5652 possunt,
1610 5585 1773 5657 impia
1811 5585 2055 5644 facinora

2180 5588 2234 5643 ιὰ
2273 5589 2442 5658 δεινὰ,
2474 5591 2567 5645 καὶ
2600 5593 2743 5664 πέρα
2784 5592 2943 5662 λόγου
2971 5576 3171 5660 παντὸς
3211 5576 3624 5671 δυσσεόήματα,
3653 5599 3773 5655 καὶ

557 5756 605 5791 ’⁸
633 5759 655 5810 ι
684 5756 840 5812 Esdr.
872 5773 914 5826 ι,
947 5759 1166 5830 passim.
