4110 6368
398 427 503 483 257

1326 418 1874 475 COMMENTARIUS
1908 419 1973 473 IN
2016 419 2247 477 OSEAM
2288 417 2728 475 PROPHETAM.

3549 407 3655 462 233

399 543 450 593 οἱ
500 537 703 609 πικρὰν
754 536 850 591 καὶ
897 535 1251 605 παλίμφημον
1288 535 1374 587 ἐπ’
1406 534 1555 605 αὐτῷ
1586 535 1683 606 τὴν
1730 534 1975 603 γλῶτταν

2094 536 2198 591 ausi
2225 543 2372 597 sunt,
2397 534 2489 605 qui
2530 545 2773 587 amaram
2804 537 2860 583 et
2897 525 3281 584 detractoriam
3327 524 3566 593 linguam
3604 526 3657 577 in

399 632 640 695 ἀνέντες,
681 627 1010 700 ὑπομενοῦσι
1057 627 1113 680 δὲ
1146 628 1241 681 καὶ
1282 626 1633 697 ἀμεταθέτως
1661 627 1760 699 τὴν
1790 627 1983 699 ὀργήν.

402 724 478 778 Ού
511 723 621 795 γὰρ
649 721 729 785 εἰς
765 721 860 775 ἕνα
892 720 1001 773 τῶν
1029 719 1347 791 προφητῶν,
1391 718 1509 772 ἀλλ’
1547 720 1628 783 είς
1678 719 1840 771 αὑτὸν
1888 736 1987 772 πε-

403 813 819 887 παροινηκότες,
858 811 1172 866 ἁλίσκονται
1199 810 1290 863 τὸν
1309 810 1416 863 τῶν
1448 809 1746 883 προφητῶν
1777 810 1984 863 Δεσπό-

401 925 525 979 την.
555 905 936 977 Σεσιγημένων
968 904 1032 974 δὴ
1061 899 1157 957 οὖν
1199 904 1310 957 τῶν
1350 903 1551 975 ἐτέρων
1581 902 1988 974 πλημμελημά-

402 1019 538 1063 των,
578 1000 616 1055 ἃ.
662 998 955 1069 δεδράκασι
989 996 1127 1051 κατά
1160 998 1301 1066 σφᾶς
1331 997 1548 1060 αὐτοὺς,
1588 998 1768 1050 πᾶσαν
1805 994 1871 1049 ἀν
1901 1013 1986 1059 τις

405 1092 583 1146 αὐτῶν
640 1090 739 1162 τὴν
794 1089 994 1144 κακίαν
1046 1087 1145 1141 ῐδοι
1195 1088 1290 1142 καὶ
1342 1085 1440 1157 τὴν
1491 1087 1591 1156 τῆς
1653 1085 1987 1157 φαυλότητος

408 1182 733 1255 ὑπερϐολὴν,
756 1180 849 1234 καὶ
873 1180 949 1243 ὡς
968 1179 1026 1234 ἓν
1048 1196 1112 1248 γε
1138 1180 1203 1251 δὴ
1231 1180 1412 1250 μόνοις
1440 1182 1552 1242 τοῖς
1578 1180 1719 1233 κατὰ
1748 1178 1986 1232 Χοιστοῠ

407 1274 709 1344 γεγονόσιν.

478 1410 707 1477 Πάντες
738 1412 794 1464 oi
826 1409 1116 1480 ἄρχοντες
1150 1408 1349 1464 αὐτῶν
1376 1408 1782 1474 ἀπειθοῦντες.
1827 1406 1989 1464 Ἐπό-

406 1517 594 1557 νεονεν
636 1503 884 1572 Ἑφραῒμ
908 1504 1015 1568 τὰς
1036 1500 1203 1570 ῥίζας
1243 1501 1452 1564 αὑτοῦ,
1491 1500 1815 1569 ἐξηράνθη,
1845 1519 1987 1571 καρ-

408 1593 529 1647 πὸν
546 1595 659 1648 οὐκ
679 1595 769 1648 ἐτι
784 1592 869 1663 μὴ
890 1592 1128 1663 ἐνέγκῃ.
1148 1594 1301 1647 Διότι
1331 1592 1432 1646 καί
1447 1592 1557 1647 ἐὰν
1582 1593 1982 1662 γεννήσωσιν,

408 1683 719 1739 ἀποκτενῶ
748 1683 823 1737 τὰ
854 1682 1270 1752 ἐπιθυμήματα
1305 1680 1537 1746 κοιλίας
1585 1674 1804 1735 αὐτῶν.
1849 1681 1987 1735 Ἀπ-

406 1775 863 1842 ώσεταυαῠτοὺς
886 1778 918 1829 d
942 1774 1107 1841 Θεὸς,
1128 1775 1215 1828 ὅτι
1237 1776 1347 1829 οὐκ
1376 1772 1752 1840 εἰσήκουσαν
1776 1774 1983 1836 αὐτοῦ,

408 1866 508 1921 καὶ
536 1867 781 1921 ἔσονται
819 1864 1122 1934 πλανῆται
1152 1866 1222 1919 ἐν
1248 1865 1374 1933 τοῖς
1402 1866 1663 1922 ἔθνεσιν.

479 1999 584 2055 Pi'.
624 1998 827 2055 Οὐδένα
870 1999 1128 2073 χρηστὸν,
1177 2000 1349 2071 ἤγουν
1379 1999 1606 2071 εὐπειθῆ
1646 2002 1741 2053 καὶ
1777 2001 1988 2073 εὐήνιον

410 2090 470 2143 ἐν
494 2090 680 2154 αὐτοῖς
710 2090 982 2163 ηὑρῆσθαί
1012 2107 1199 2161 φησιν,
1227 2089 1287 2142 οὐ
1323 2088 1537 2161 μικρὸν,
1568 2089 1630 2143 ού
1668 2090 1865 2161 μέγαν,
1892 2090 1991 2162 ούχ

408 2180 733 2252 ἡγούμενον,
780 2181 841 2234 ού
894 2180 985 2234 τὸν
1022 2180 1127 2233 ὑπὸ
1182 2182 1339 2250 χεῖρα
1414 2180 1511 2233 καὶ
1563 2178 1985 2251 ύπεζευγμένον.

410 2270 679 2344 ταύτῃτοι
701 2271 797 2326 καὶ
829 2270 940 2325 δεῖν
965 2270 1261 2325 ἀπολέσθαι
1289 2270 1590 2335 παντελῶς,
1622 2270 1779 2343 ῥίζης
1801 2271 1950 2324 ῶσπε
1960 2289 1991 2342 ρ

410 2364 584 2434 αὐτῆς
615 2363 1108 2436 ὲκϐεὸοθρευμένον
1135 2360 1544 2435 διῖσχυρίζεται,
1582 2363 1641 2417 ὲν
1680 2362 1780 2434 ἴσῳ
1806 2380 1866 2415 τε
1899 2381 1991 2431 γε⁴

410 2456 624 2524 γονέναι
650 2454 839 2509 λοιπὸν
871 2456 982 2519 τοῖς
1015 2453 1388 2525 ἀναινομένοις
1419 2456 1511 2509 καὶ
1540 2454 1844 2526 πεπληγόσι
1882 2454 1990 2509 τῶν

411 2544 603 2610 ξύλων.
636 2546 703 2598 Ἀ
725 2544 820 2598 καὶ
852 2543 1023 2614 μόνης
1053 2543 1224 2597 δεῖται
1251 2544 1447 2614 τομῆς,
1474 2544 1779 2614 ἀναφανδὸν
1801 2544 1990 2617 ὥσπερ

408 2636 773 2709 ὁμολογοῦντα
819 2636 918 2707 τὴν
967 2633 1267 2707 ἀκαρπίαν.
1302 2635 1425 2689 Ὀτι
1466 2633 1523 2689 δὲ
1566 2637 1680 2701 τοῖς
1719 2636 1990 2708 ἀκάρποις

413 2726 591 2794 ξύλοις
613 2729 708 2783 καὶ
733 2726 1124 2797 ἀποκείρεσθαι
1158 2726 1384 2798 πρέπει,
1421 2728 1515 2781 κα)⁸
1559 2728 1720 2792 αὐτὸς
1755 2727 1991 2793 ἐδίδαξεν

410 2820 441 2871 δ
473 2820 684 2891 Σωτὴρ,
709 2820 809 2890 τὴν
841 2817 1054 2889 καρπὸν
1081 2818 1183 2871 οὐκ
1206 2817 1434 2888 ἔχουσαν
1458 2818 1632 2889 συκῆν
1662 2818 1739 2881 ὡς
1771 2818 1829 2871 ἐν
1861 2817 1990 2872 εἴδει

409 2910 512 2982 τῆς
544 2910 817 2965 Ἰουδαίων
871 2909 1204 2980 Συναγωγῆς
1254 2909 1617 2963 ὲκκόπτεσθαι
1666 2911 1988 2964 ἐπιτάττων.

418 3021 440 3055 ‹
477 3003 596 3055 ἰνα
620 3000 674 3053 τί
693 3000 821 3071 γὰρ,
851 3000 1005 3071 φησὶ,
1029 3000 1122 3054 καὶ
1141 2998 1243 3070 τὴν
1260 2998 1363 3070 γῆν
1391 3000 1695 3071 ηταργεῖς
1732 3017 1751 3051 ι
1786 3000 1994 3069 Ἀκαρ-

412 3108 517 3157 πος
543 3092 607 3146 δὴ
634 3088 729 3146 οὖν
759 3090 1002 3163 εὑρεθεὶς
1025 3092 1054 3144 ό
1094 3090 1330 3162 Ἰσραὴλ,
1365 3092 1551 3162 φησὶν,
1580 3091 1899 3145 ὲκκόπτοιτο
1926 3090 1993 3145 ἂν

411 3183 663 3247 εἰκότωςο
721 3181 785 3236 ού
828 3181 940 3253 γὰρ
983 3180 1207 3235 ἐκδώσει
1259 3181 1490 3249 καρπόν.
1558 3181 1719 3236 Ἀλλά
1765 3182 1868 3236 κᾶν
1913 3184 1995 3247 εἰς

417 3275 579 3330 τοῦτο
602 3272 1040 3345 γένοιτο,’φησὶν,
1059 3272 1243 3327 ἀπολῶ
1263 3274 1331 3327 τὰ
1353 3273 1413 3338 ἐξ
1443 3272 1620 3326 αὐτῶν
1654 3272 1987 3344 γεννώμενα.

416 3367 530 3422 Καὶ
565 3364 723 3419 τοῦτό
752 3366 894 3431 ἔστι,
935 3381 955 3415 ι
988 3362 1071 3416 Τά
1100 3363 1489 3434 ἐπιθυμήματα
1518 3362 1616 3433 τῆς
1648 3361 1855 3425 κοιλίας
1901 3362 1994 3416 αὐ-

413 3458 545 3513 τῶν.
586 3477 606 3510 ι
656 3457 977 3525 ’Δναγκαϊον
1004 3454 1062 3508 δὲ
1107 3451 1260 3525 οἶμαι
1305 3456 1527 3508 κάκεῖνο
1559 3452 1897 3525 περιαθρείν,
1942 3453 1995 3507 τί

414 3548 477 3603 τὸ
503 3546 695 3619 χρῆμα
720 3544 816 3599 τοῦ
845 3544 1025 3613 λόγου.
1057 3543 1157 3597 Διά
1178 3542 1231 3596 τί
1261 3544 1373 3616 γάρ
1405 3560 1588 3615 φησιν.
1614 3545 1697 3597 ὅτι
1731 3563 1750 3596 ι
1790 3544 1995 3607 Πάντες

414 3642 475 3692 οί’
516 3639 773 3709 ἄρχοντες
816 3635 999 3690 αὐτῶν
1046 3634 1433 3702 ἀπειθούντεςς
1494 3655 1513 3687 ι
1576 3636 1640 3689 Τί
1693 3637 1803 3707 γὰρ
1851 3636 1992 3698 ὅλως

415 3731 588 3783 ἐδεῖτο
613 3730 711 3800 τῆς
728 3729 836 3782 τῶν
862 3728 1138 3798 ἀρχόντων
1170 3726 1485 3797 ὑποταγῆςς
1517 3728 1819 3799 Ἀναφορὰν
1846 3724 1941 3782 οὖν
1966 3730 1995 3782 ὀ

414 3821 572 3890 λόγος
604 3821 715 3891 ἔχει
739 3819 876 3890 πρὸς
900 3818 1139 3889 ἱστορίαν
1164 3817 1290 3871 τινὰ
1318 3817 1425 3872 τῶν
1458 3819 1843 3891 ἀρχαιοτέρων.
1887 3822 1995 3873 Καὶ

413 3913 503 3977 ἐἰς
547 3912 612 3983 δὴ
660 3911 802 3983 αὕτη
849 3910 1013 3964 πάλιν
1054 3910 1184 3979 ἐρῶ.
1229 3910 1683 3981 Μεμοσχοποίηκε
1715 3912 1856 3965 κατά
1897 3912 1996 3982 τὴν

415 4002 624 4073 ἔρημον
656 4002 685 4053 ὁ
724 3999 960 4072 Ἰσραὴλ,
995 3999 1227 4063 ἀπόντος
1272 3999 1540 4065 Μωσέως,
1590 4001 1995 4071 ἀναπεφοίτηκε

413 4092 527 4163 γὰρ
562 4093 623 4145 ὲν
650 4090 728 4163 τῷ
754 4090 871 4162 ὄρει
900 4090 1050 4162 Σινᾷ,
1082 4089 1174 4144 τὸν
1205 4090 1373 4161 νόμον
1405 4090 1817 4161 ὐποδεξόμενος.
1859 4087 1997 4147 Εἶτα

414 4182 717 4249 κατελθὼν,
754 4182 1054 4253 λελύπηται
1093 4182 1299 4254 σφόδρα
1328 4181 1467 4253 πρὸς
1491 4181 1554 4236 τὸ
1593 4180 1994 4254 πλημμέλημα,

418 4278 711 4351 συνέτριψε
738 4278 833 4333 τὸν
869 4278 1092 4350 μόσχον,
1126 4277 1536 4347 ἀγανακτοῦντα
1563 4278 1698 4332 Θεδν
1728 4276 1997 4336 ἐδυσώπει

414 4371 621 4445 τρόπον
642 4371 844 4443 τινάτῇ
864 4370 971 4442 ἰδίᾳ
984 4370 1301 4443 γνησιότητι
1315 4371 1409 4424 καὶ
1430 4370 1621 4443 ἀρετῇ.
1647 4370 1996 4442 Προσέπιπτε

416 4462 553 4533 γὰρ,
583 4462 679 4515 καὶ
705 4461 1015 4532 ἑξελιπάρει
1058 4461 1233 4531 λέγων
1254 4480 1267 4494 ·
1320 4479 1343 4515 s
1396 4463 1461 4517 Ei
1505 4463 1603 4533 μὲν
1636 4464 1782 4533 ἀφῇς
1812 4463 1998 4529 αὐτοῖς

415 4554 849 4626 τῆν’ἀμαρτὶαν,
898 4553 1059 4623 ἄφεςο
1100 4555 1149 4607 εί
1196 4553 1255 4608 δὲ
1303 4553 1401 4625 μὴ,
1431 4554 1710 4624 ὲξάλειψον
1742 4554 1886 4626 κάμὲ
1932 4556 1998 4608 ἐκ

2017 3317 2061 3376 C

2092 628 2267 697 ipsum
2311 633 2707 688 exscruerunt,
2745 620 3115 689 subibuntque
3160 618 3296 672 iram
3348 616 3660 671 immutabi-

2089 717 2217 772 lem.
2275 714 2389 771 Non
2440 714 2586 769 enim
2628 714 2680 767 in
2713 711 3095 782 pr0phetarum
3154 708 3410 775 aliquem,
3459 705 3553 760 sed
3607 708 3661 759 in

2092 808 2267 877 ipsum
2305 806 2690 876 prophetarum
2728 804 3013 858 Dominum
3038 801 3359 856 dehacchati
3384 798 3663 854 inveniun-

2092 910 2200 954 tur.
2248 898 2477 953 Silentio
2538 898 2699 967 igitur
2726 896 3014 966 praeteritis
3037 906 3391 963 quacumque
3414 905 3661 946 seorsum

2100 998 2362 1060 praeterea
2407 990 2727 1052 amiserunt,
2783 1002 2997 1041 onmem
3028 1000 3215 1040 eorum
3247 983 3577 1053 nequitiam,
3608 990 3665 1036 et

2104 1082 2388 1152 pravitatis
2420 1080 2841 1151 magnitudinem
2866 1079 3264 1148 quodammodo
3291 1077 3341 1129 in
3377 1076 3506 1130 solis
3529 1091 3665 1129 con-

2097 1185 2178 1228 tra
2218 1174 2494 1230 Christum
2539 1172 2805 1241 susceptis
2847 1170 3174 1225 facinoribus
3224 1170 3409 1224 videre
3462 1168 3660 1239 possis.

2166 1393 2323 1449 Vens.
2359 1395 2444 1457 16,
2470 1393 2555 1448 l7.
2585 1392 2776 1448 Omnes
2800 1393 3057 1461 principes
3091 1408 3268 1445 eorum
3294 1389 3663 1445 inobedientes.

2087 1486 2266 1542 Doluit
2300 1486 2548 1554 Ephraim
2586 1487 2785 1539 radices
2805 1502 2951 1548 suas,
2973 1488 3200 1545 exaruit,
3223 1483 3452 1551 fructum
3474 1498 3668 1551 nequa-

2086 1596 2243 1651 quam
2270 1580 2409 1633 ultra
2427 1577 2575 1648 feret.
2602 1578 2799 1642 Quiasi
2822 1579 3113 1645 genuerint,
3132 1575 3441 1646 interﬁciunt
3465 1576 3667 1629 deside-

2088 1673 2168 1724 ria
2222 1671 2360 1724 uteri
2400 1686 2603 1724 eorum.
2638 1668 2864 1737 Repellet
2900 1686 2985 1724 eos
3021 1668 3179 1733 Deus,
3209 1668 3456 1739 quianon
3484 1668 3667 1719 audie-

2088 1772 2206 1815 runt
2250 1775 2388 1824 eum,
2424 1771 2470 1815 et
2505 1771 2654 1814 erunt
2712 1760 2829 1830 vagi
2868 1761 2920 1814 in
2973 1758 3227 1829 gentibus.

2158 1981 2270 2037 CX.
2307 1982 2584 2038 Neminem
2617 1981 2836 2047 bonum,
2874 1982 2988 2038 sive
3032 1994 3277 2054 prompte
3305 1983 3665 2049 obedientem,

2090 2086 2145 2130 et
2192 2075 2403 2131 facilem
2432 2076 2574 2130 inter
2618 2089 2713 2130 eos
2759 2085 3033 2145 repertum
3087 2076 3183 2141 ait,
3238 2092 3340 2129 non
3389 2092 3663 2146 parvum,

2092 2185 2197 2224 non
2230 2183 2503 2238 magnum,
2528 2183 2631 2223 non
2661 2169 2984 2240 principem,
3014 2185 3119 2224 non
3153 2169 3433 2233 clientem,
3454 2180 3509 2226 et
3538 2175 3668 2224 sub-

2089 2264 2284 2317 ditum.
2317 2262 2582 2329 Quocirca
2627 2270 2682 2317 et
2704 2262 2944 2326 omnino,
2981 2263 3127 2317 velut
3150 2264 3411 2318 radicitus
3434 2263 3664 2319 eli'ossos

2090 2356 2315 2424 periisse
2352 2354 2659 2415 conﬁrmat,
2688 2364 2743 2409 et
2776 2354 2890 2424 jam
2920 2355 3123 2410 similes
3162 2370 3283 2409 esse
3332 2356 3489 2427 lignis
3547 2371 3670 2411 are‘

2091 2448 2250 2503 tactis
2280 2457 2332 2502 et
2367 2448 2657 2516 percussis,
2677 2449 2871 2517 quibus
2898 2447 3010 2502 sola
3051 2449 3349 2503 resectione
3401 2463 3535 2517 Opus
3561 2459 3668 2509 est,

2091 2548 2274 2609 utpote
2320 2538 2657 2595 sterilitatem
2704 2556 2855 2594 suam
2900 2540 3074 2610 palam
3132 2541 3549 2595 ostentantibus.
3583 2538 3667 2593 Li-

2088 2633 2208 2701 gnis
2249 2640 2427 2686 autem
2475 2632 2822 2688 inl'ructuosis
2870 2630 3293 2702 amputationem
3340 2630 3665 2692 convenire,

2090 2725 2205 2794 ipse
2232 2740 2448 2795 quoque
2480 2724 2731 2779 Salvator
2771 2727 2973 2787 docuit,
3034 2723 3317 2780 iiculnenm
3355 2721 3530 2778 fructu
3571 2739 3667 2777 ca-

2090 2826 2319 2881 rentem,
2370 2826 2424 2872 et
2478 2816 2787 2871 Judmorum
2842 2816 3181 2889 Synagogam
3255 2815 3666 2871 adumbrantem

2090 2906 2332 2963 exscindi
2356 2906 2571 2978 jubens.
2602 2906 2779 2977 lnquit
2804 2908 2946 2962 enim
2970 2908 3035 2973 ⁷⁷,
3072 2926 3092 2960 ι
3126 2907 3200 2965 Ut
3221 2908 3350 2977 quid
3373 2907 3534 2963 etiam
3561 2917 3671 2963 ter.

2092 3014 2206 3054 ram
2252 2999 2551 3069 occupat?»
2583 3000 2948 3055 lniructuosus
2978 2999 3164 3070 itaque
3199 3001 3451 3055 inventus
3477 2999 3669 3065 Israel,

2093 3072 2287 3161 inquii,
2318 3092 2512 3147 merito
2562 3092 2926 3146 exscindatur.
2985 3089 3099 3145 Non
3130 3089 3275 3145 enim
3313 3088 3463 3144 dabit
3552 3088 3668 3143 fru-

2093 3194 2259 3238 ctum.
2295 3182 2450 3251 Quod
2487 3183 2532 3239 si
2559 3182 2723 3238 etiam
2770 3183 3035 3249 dederint,
3070 3182 3261 3252 inquit,
3290 3196 3357 3237 ex
3375 3182 3504 3250 ipsis
3545 3196 3671 3251 pro.

2094 3285 2253 3345 gnata
2288 3275 2531 3345 perdam.
2581 3268 2648 3329 Et
2707 3275 2821 3330 haec
2860 3284 3032 3329 suntt
3088 3273 3355 3330 desideria
3402 3274 3539 3329 uteri
3574 3289 3672 3329 οοέ

2098 3382 2270 3420 rum.»
2310 3365 2575 3421 Existimo
2632 3367 2798 3422 etiam
2847 3367 3340 3430 considerandum,
3387 3365 3514 3435 quid
3580 3366 3670 3421 illa

2096 3460 2262 3514 verba
2309 3459 2645 3514 contineant.
2682 3457 2793 3513 Cur
2818 3458 2963 3513 enim
3003 3458 3133 3513 dicit
3160 3477 3173 3512 :
3200 3474 3219 3507 ι
3276 3456 3478 3512 Omnes
3520 3457 3672 3526 prin-

2094 3547 2241 3617 cipes
2295 3561 2483 3602 eorum
2533 3546 2903 3602 inobedieutes
2940 3545 2991 3599 ?i
3020 3547 3158 3614 Quid
3219 3546 3363 3602 enim
3427 3547 3672 3601 omnium

2095 3638 2396 3709 principum
2470 3637 2773 3693 obedieutia
2816 3653 2951 3708 Opus
3018 3635 3182 3691 erat?
3216 3637 3437 3708 Spectat
3499 3638 3674 3691 oratio

2096 3731 2373 3787 historiam
2428 3732 2713 3800 quamdam
2742 3740 3002 3791 veterem,
3027 3745 3188 3799 quam
3231 3742 3517 3798 exponam.
3558 3730 3672 3783 Ah-

2096 3829 2249 3877 sente
2274 3819 2477 3891 Moyse,
2505 3819 2668 3874 Israel
2701 3820 2752 3873 in
2779 3818 3069 3875 solitudine
3096 3814 3253 3891 152
3278 3819 3499 3873 vitulum
3519 3818 3669 3876 fecit.

2094 3915 2428 3969 Ascenderat
2459 3913 2657 3983 quippe
2708 3912 2762 3966 in
2805 3920 3042 3966 montem
3090 3912 3223 3967 Sina
3274 3912 3443 3981 legem
3516 3927 3671 3966 acce-

2095 4017 2285 4077 pturus
2311 4005 2381 4060 ⁷⁸.
2421 4004 2523 4073 Qui
2571 4004 2671 4060 ubi
2720 4004 3023 4069 descendit,
3061 4018 3127 4060 eo
3152 4004 3359 4061 scelere
3412 4003 3672 4073 majorem

2095 4096 2150 4152 in
2186 4095 2403 4152 modum
2439 4095 2812 4161 contristatus,
2850 4096 3079 4152 vitulum
3106 4093 3446 4163 comminuit,
3478 4094 3675 4151 Deum-

2093 4202 2200 4259 que
2246 4188 2614 4260 indignantem
2653 4204 2749 4246 sua
2808 4191 3008 4247 virtute
3053 4199 3109 4247 et
3152 4188 3511 4261 germanitate
3536 4202 3677 4257 quo-

2095 4281 2380 4338 dammodo
2430 4281 2499 4337 ad
2577 4282 2959 4354 ignoscendum
3030 4281 3309 4352 compulit.
3383 4279 3676 4336 Procidens

2095 4374 2264 4438 enim,
2292 4373 2517 4444 supplex
2546 4374 2775 4444 rogavit,
2813 4374 2896 4430 his
2929 4373 3109 4430 verbis
3136 4391 3151 4429 :
3191 4391 3211 4425 ι
3244 4371 3303 4427 Si
3348 4372 3564 4444 quidem
3589 4372 3673 4427 di-

2097 4464 2269 4521 mittis
2318 4464 2425 4522 illis
2458 4476 2764 4536 peccatum,
2790 4464 3002 4521 dimitte
3032 4478 3048 4531 ;
3080 4465 3165 4520 sin
3211 4472 3418 4528 autem,
3449 4464 3567 4518 dele
3617 4476 3677 4518 et

2097 4570 2185 4612 me
2204 4559 2272 4612 de
2303 4556 2441 4612 libro
2474 4557 2575 4613 hoc
2608 4571 2770 4627 quem
2813 4556 3135 4627 scripsisti.»
3166 4555 3369 4610 Annuit
3395 4556 3674 4626 propheta:

416 4637 519 4715 τῆς
544 4644 726 4715 βίϐλου
757 4643 987 4715 ταύτης,
1012 4638 1083 4716 ῆς
1112 4644 1376 4717 ἔγραψας.
1419 4663 1439 4697 ι
1476 4646 1781 4702 Κατένευσε
1819 4648 1877 4701 δὲ
1918 4646 1992 4719 τῷ

2103 4646 2263 4710 Deus,
2316 4653 2374 4700 ut
2445 4647 2749 4715 ignosceret
2807 4645 3093 4711 omnibus;
3149 4645 3442 4715 quinetiam
3488 4646 3672 4707 dixit.

418 4737 679 4811 προφήτῃ
717 4734 853 4800 Θεὸς
906 4735 995 4808 τὴν
1025 4737 1106 4800 είς
1134 4736 1381 4800 ἅπαντας
1406 4737 1743 4809 ἡμερότητα,
1789 4738 1886 4792 καὶ¹
1930 4738 1996 4809 δὴ

418 4831 517 4883 καὶ
544 4828 998 4898 ἔφασκενοἾλεως
1029 4830 1212 4893 αὐτοῖς
1251 4829 1389 4901 εἰμι,
1419 4829 1563 4883 κατά
1606 4830 1669 4884 τὸ
1699 4831 1851 4902 ρῆμά
1880 4847 1994 4887 σου.

421 4922 596 4993 Ὀρᾷς
624 4922 748 4975 ὅσον
790 4920 968 4991 ὢνησε
999 4920 1092 4975 τὸν
1145 4921 1361 4993 Ἰσραὴλ
1391 4922 1427 4992 ἡ
1470 4920 1566 4975 τοῦ
1598 4923 1998 4994 προεστηκότος

420 5010 690 5083 φιλοθεὴ.
724 5012 821 5066 καὶ
862 5006 944 5075 εἷς
971 5011 1113 5083 ὑπὲρ
1140 5011 1358 5065 πάντων
1384 5012 1623 5084 ἀρκέσας
1654 5014 1733 5077 είς
1770 5013 1833 5067 τὺ
1863 5016 1998 5067 ἀνα-

418 5108 604 5159 πεῖσαι
636 5102 789 5169 Θεὸν,
812 5104 882 5159 δι’
907 5104 1187 5174 ὑποταγὴν
1209 5121 1289 5165 τε.
1317 5106 1414 5158 καὶ
1438 5105 1781 5172 εὐπείθειαν;
1811 5107 1998 5160 Αίτιᾶ-

415 5213 508 5251 ται
543 5194 725 5248 τοίνυν
756 5194 999 5261 εἰκότως,
1044 5195 1121 5259 ὡς
1155 5195 1464 5267 ὁλοτρόπως
1503 5197 1861 5253 δκκεκλικότα
1901 5198 1995 5253 τὸν

429 5284 669 5355 Ἰσραήλ.
699 5278 835 5339 Εἶτα
865 5284 940 5357 μὴ
976 5284 1169 5355 ἔχοντά
1195 5302 1316 5338 τινα
1343 5286 1452 5339 τῶν
1479 5286 1610 5359 παρ’
1631 5287 1816 5351 αὐτοῖς
1833 5289 1993 5359 ἡγου-

422 5375 624 5445 μένων,
657 5374 750 5429 τὸν
782 5374 1124 5446 ἐπιτιμῶντα
1147 5376 1261 5439 τοῖς
1281 5375 1553 5441 πταίουσι,
1579 5377 1672 5432 τὸν
1694 5378 1997 5448 ἀφιστάντα

416 5465 520 5533 τῆς
565 5464 777 5538 πλάνης
798 5503 819 5529 ,
868 5466 1039 5538 ῆγουν
1099 5468 1167 5538 τῇ
1217 5466 1324 5537 ιδίᾳ
1373 5467 1716 5540 λαμπρότητι
1754 5469 1822 5542 τῇ
1857 5469 1999 5524 κατὰ

417 5556 622 5626 τρόπον
665 5558 761 5612 καὶ
788 5558 994 5629 ἀρετὴν
1023 5557 1329 5628 ἀποστῆσαι
1356 5558 1649 5630 δυνάμενον
1682 5560 1787 5631 τὴν
1804 5560 1996 5633 ὀργὴν,

420 5646 560 5700 Θεοῦ
585 5648 1100 5720 παρακεκλημένον.
1138 5647 1403 5720 Καθάπερ
1431 5650 1625 5721 ἀμέλει
1665 5652 1760 5706 καὶ
1790 5653 1848 5705 ὲν
1878 5670 2000 5707 και-

496 5823 542 5858 "
578 5822 711 5882 Luc.
752 5840 871 5891 xm,
907 5824 995 5880 10.
1072 5825 1117 5858 ⁷³
1146 5825 1317 5882 Exod.
1355 5840 1503 5891 xxiv,
1529 5825 1615 5881 Η.
2015 5899 2030 5943 ⁹

2095 4738 2359 4808 propitius
2390 4752 2509 4793 sum
2553 4737 2660 4793 illis
2702 4734 2994 4793 secundum
3023 4736 3245 4791 verbum
3278 4744 3451 4791 tuum.
3479 4736 3673 4790 Cernis

2096 4837 2360 4899 quantum
2420 4828 2777 4884 moderatoris
2857 4843 2984 4899 erga
3040 4828 3206 4883 Deum
3274 4843 3428 4882 amor
3485 4827 3671 4881 lsraeli

2096 4920 2378 4990 profuerit,
2417 4928 2472 4975 et
2521 4922 2792 4989 quomodo
2834 4934 2974 4974 unus
3017 4921 3084 4974 ad
3116 4918 3283 4974 Deum
3350 4917 3671 4973 ﬂectendum

2097 5019 2322 5083 propter
2355 5011 2751 5083 subiectionem
2786 5021 2839 5067 et
2872 5008 3237 5067 obedientiam
3268 5025 3367 5080 pro
3420 5008 3675 5064 omnibus

2102 5104 2409 5160 suii'ecerit.
2438 5104 2672 5160 Accusat
2736 5102 2896 5175 igitur
2946 5118 3052 5159 non
3103 5101 3301 5169 injuria
3374 5100 3673 5165 lsraelem,

2099 5204 2160 5251 ut
2189 5197 2279 5267 qui
2323 5198 2537 5267 penitus
2574 5212 2604 5251 a
2630 5204 2779 5252 recto
2825 5194 3021 5251 itinere
3045 5192 3504 5258 declinaverit,et
3525 5191 3674 5261 prin-

2098 5287 2273 5357 cipem
2305 5286 2374 5343 de
2407 5286 2520 5342 suis
2550 5286 2753 5341 nullum
2792 5285 3014 5340 omnino
3039 5284 3259 5348 habeat,
3302 5280 3396 5351 qui
3443 5294 3676 5352 peccan-

2101 5387 2184 5433 tes
2216 5377 2501 5449 corripiat,
2542 5378 2637 5449 qui
2671 5378 2742 5434 ab
2786 5391 2975 5433 errore
3014 5382 3228 5439 avocet,
3268 5380 3366 5427 aut
3402 5380 3550 5427 certe
3576 5372 3671 5442 qui

2101 5483 2312 5524 morum
2346 5483 2411 5524 ac
2440 5470 2657 5524 virtutis
2723 5483 2833 5524 sum
2896 5466 3184 5538 splendore
3234 5466 3345 5521 Deo
3401 5474 3673 5530 exorato,

2102 5559 2239 5616 iram
2280 5561 2400 5632 ejus
2438 5560 2648 5617 amoliri
2706 5558 2922 5631 possit,
2954 5556 3405 5630 quemadmodum
3448 5564 3503 5612 et
3536 5565 3675 5611 tem-

2100 5653 2324 5724 poribus
2360 5653 2557 5724 Moysis
2589 5651 2791 5710 iactum
2835 5651 3084 5722 legimus.
3117 5650 3480 5719 Quamobrem
3505 5647 3671 5705 etiam
