4110 6368
313 394 318 401 ’
397 409 504 466 259

402 618 527 671 bus.
569 631 588 664 3

474 791 591 847 Hoc
621 789 726 844 illis
778 785 961 842 evenit
987 792 1041 840 et
1068 790 1198 838 tunc
1246 779 1463 850 quidem
1507 775 1575 830 ad
1606 774 1859 845 Assyrios
1887 773 1979 825 de-

406 883 657 957 portatis,
679 890 735 937 et
764 893 907 935 nunc
952 874 1301 933 nihilominus
1352 876 1573 941 propter
1595 864 1977 923 debacchatio-

409 955 511 1034 nes
537 988 727 1031 eorum
767 971 821 1026 iu
857 969 1136 1025 Christum
1184 962 1365 1020 exosis
1393 978 1409 1014 :
1440 960 1640 1028 ubique
1683 955 1825 1013 enim
1889 970 1983 1008 ex-

408 1072 557 1127 sules
581 1078 635 1123 et
663 1065 933 1128 extranei,
975 1076 1074 1117 nec
1098 1060 1371 1114 civitatem
1409 1054 1669 1110 habentes
1694 1051 1745 1105 in
1785 1048 1984 1103 mundo

412 1170 651 1225 manent,
682 1159 770 1229 qui
813 1165 939 1212 sunt
988 1156 1053 1208 de
1085 1150 1266 1207 Israel.
1296 1167 1317 1202 ι
1353 1147 1667 1215 Dispergam
1695 1141 1839 1197 enim
1892 1153 1985 1192 eos

413 1258 467 1310 iu
513 1267 728 1308 omnem
773 1257 991 1303 ventum
1019 1245 1120 1309 ",i
1158 1242 1297 1297 dixit
1330 1253 1427 1308 per
1461 1246 1681 1291 sanctos
1750 1231 1986 1303 prophe-

415 1359 497 1402 tas
531 1344 694 1400 Deus.
738 1341 795 1395 Si
848 1353 979 1408 ergo
1040 1334 1281 1390 amicitia
1313 1346 1435 1385 cum
1480 1329 1592 1383 Deo
1642 1324 1796 1379 nobis
1845 1337 1991 1377 curae

415 1449 548 1504 est;
591 1436 635 1491 si
705 1434 821 1504 eius
892 1430 1159 1486 rationem
1219 1424 1487 1488 ducimus,
1537 1416 1888 1486 subjiciamus
1941 1412 1987 1467 ei

420 1529 704 1589 cervicem,
729 1533 784 1578 et
817 1523 902 1592 pia
931 1536 1052 1576 cum
1092 1515 1396 1573 obedientia
1428 1512 1494 1567 ad
1522 1509 1797 1565 Christum
1832 1520 1991 1559 acce-

421 1622 612 1675 damus
643 1616 911 1671 dicentem
941 1630 959 1666 :
990 1629 1007 1662 ι
1044 1609 1241 1665 Nenite
1290 1605 1359 1659 ad
1415 1618 1499 1658 me
1552 1614 1741 1656 omnes
1791 1597 1882 1669 qui
1917 1595 1995 1649 lu-

418 1711 642 1775 boratis,
679 1716 731 1762 et
800 1702 1011 1759 onerati
1056 1700 1207 1763 estis,
1234 1707 1287 1751 et
1316 1710 1415 1767 ego
1446 1693 1692 1748 reficiam
1724 1707 1839 1745 vos.
1869 1688 1995 1742 Tol-

421 1804 518 1858 lite
538 1800 726 1871 jugum
774 1809 952 1852 meum
978 1806 1138 1861 super
1169 1804 1265 1843 vos
1283 1786 1381 1840 ⁸⁸.»
1428 1782 1523 1840 Sic
1557 1784 1700 1838 enim
1726 1792 1782 1837 et
1811 1780 1999 1835 fructi-

1387 395 1447 448 S.
1490 383 1768 445 CYRILLI
1814 376 2285 438 ALEXANDBINI
2324 373 2646 432 ARCHIEP.

404 550 425 581 ι
488 521 849 593 repellentur,
897 517 1131 587 inquit,-
1172 521 1227 567 et
1279 520 1440 566 erunt
1505 508 1629 577 vagi
1688 504 1743 559 in
1791 499 2018 572 genti-l

2121 497 2188 559 αῖς
2217 497 2408 563 γέγονε
2456 493 2569 554 τοῖς
2622 487 2773 542 κατὰ·
2804 484 3039 541 Μωσέα.
3097 475 3387 546 Τοιγάρτοι

3552 350 3671 406 2.ίο-

3438 471 3531 524 xal.
3575 468 3663 534 ἐξ-

2079 566 2441 657 ωσθήσονται,
2494 584 2628 653 φησὶ
2646 622 2673 648 ,.
2710 580 2805 635 καὶ
2867 578 3077 631 ἔσονται
3123 568 3391 640 πλανῆται
3442 566 3501 619 ὲν
3550 566 3674 628 τοῖς

2078 681 2279 734 ἔθνεσι.

2153 770 2322 824 Τοῦτο
2353 768 2548 838 συνέϐη
2587 766 2780 821 παθεῖν
2812 764 3013 826 αὐτοῖς,
3051 760 3146 814 καὶ
3176 758 3299 811 τότε
3330 754 3429 827 μὲν
3465 752 3668 806 ἀποκο-

2088 861 2354 933 μισθεῖσιν
2393 862 2473 923 εἰς
2536 856 2875 928 Ἀσσυρίους,
2926 853 3021 908 καὶ
3071 849 3167 905 νῦν
3210 848 3267 903 δὲ
3310 844 3460 900 οὐδὲν
3504 839 3666 917 ἦττον

2085 954 2179 1007 ἐπὶ
2232 954 2349 1016 ταῖς
2400 953 2483 1014 είς
2523 948 2759 1021 Χριστὸν
2804 944 3110 1017 παροινίαις
3143 935 3666 1008 κατεστυγημένοις.

2099 1044 2361 1097 Ἀνέστιοι
2391 1042 2498 1112 γὰρ
2550 1040 2644 1093 καὶ
2676 1035 2939 1109 ἐπηλόται
2964 1030 3237 1101 πανταχῆ,
3268 1027 3363 1081 καὶ
3387 1025 3543 1078 πόλιν
3571 1021 3671 1075 οὐκ

2088 1136 2300 1207 ἔχοντες
2349 1136 2397 1186 οἱ
2439 1133 2497 1196 ἐξ
2534 1131 2751 1203 Ἰσραὴλ
2781 1124 3115 1183 διατελοῦσιν
3148 1124 3216 1176 ἐν
3256 1120 3467 1189 κόσμῳ.
3510 1135 3529 1167 ι
3573 1115 3674 1168 Λι-

2091 1202 2240 1300 κμιῶ
2274 1227 2382 1299 γὰρ
2413 1202 2619 1289 αὐτοὺς
2643 1226 2721 1286 είς
2752 1223 2928 1278 πάντα
2956 1221 3174 1290 ἄνεμον,
3220 1235 3239 1268 3
3270 1213 3355 1268 διὰ
3379 1202 3675 1283 προφητῶν

2092 1320 2261 1391 ἁγίων
2299 1319 2504 1389 ἔφασκε
2534 1317 2686 1380 Θεὸς.
2722 1316 2785 1369 El
2814 1315 2992 1370 τοίνυν
3018 1312 3112 1365 ἐπὶ
3137 1309 3237 1380 τῆς
3264 1306 3401 1378 πρὸς
3428 1302 3561 1357 Θεὸν
3592 1300 3673 1354 ol-

2091 1412 2367 1483 κειότητος
2396 1410 2615 1482 φροντὶς
2648 1410 2780 1481 ἡμῖν
2807 1407 2899 1461 καὶ
2923 1405 3105 1474 λόγος,
3143 1399 3506 1470 ὑποφέρωμεν
3526 1391 3676 1462 αὐτῷ

2092 1508 2185 1562 τὸν
2210 1506 2436 1576 αὐχένα,
2470 1503 2571 1558 καὶ
2596 1502 2911 1574 προσίωμεν
2937 1499 3015 1562 ὼς
3046 1492 3337 1564 ὲξόιγαθῆς
3367 1485 3677 1548 εὐπειθείας

2094 1601 2305 1669 λέγοντι
2351 1596 2430 1669 τῷ
2469 1594 2721 1667 Χριστῷ·
2770 1613 2788 1645 ι
2849 1590 3014 1645 Δεῦτε
3062 1587 3199 1661 πρὸς
3260 1584 3329 1657 μὲ
3378 1582 3580 1644 πάντες
3627 1579 3683 1631 οξ

2096 1693 2427 1756 κοπιῶντες,
2494 1688 2593 1743 καὶ
2656 1682 3102 1756 πεφορτισμένοι,
3163 1674 3323 1747 κάγὼ
3379 1670 3681 1729 ἀναπαύσω

2099 1788 2261 1859 ὑμᾶς.
2302 1786 2507 1856 Ἀρατε
2534 1781 2627 1835 τὸν
2660 1777 2821 1848 ζυγόν
2866 1792 2967 1847 μου
3011 1772 3096 1842 ἐφ’
3138 1769 3303 1840 ὑμᾶς.
3347 1786 3366 1821 3
3414 1762 3683 1834 Ἐσόμεθα

421 1896 523 1952 feri
571 1902 686 1947 eta
746 1901 1003 1959 percussu
1060 1883 1331 1937 immunes
1392 1878 1632 1942 erimus;
1691 1888 1789 1929 nec
1848 1872 1994 1926 radix

2121 1880 2206 1951 (ap
2229 1875 2403 1940 οὕτως
2448 1871 2714 1944 ἑγκαρποί
2759 1887 2817 1924 τε
2888 1868 2981 1922 καὶ
3017 1864 3283 1935 ἀπλῆγες,
3329 1860 3428 1914 οὐκ
3472 1860 3685 1912 ἀναινο-

422 1996 608 2041 nostra
647 1986 975 2044 exarescet;
1012 1990 1111 2029 nec
1143 1972 1351 2028 fructus
1385 1970 1440 2024 iu
1480 1967 1705 2023 nihilum
1758 1965 1998 2028 recidet;

425 2075 569 2134 haud
621 2090 650 2129 a
697 2072 804 2126 Deo
850 2067 1165 2140 longissime
1222 2062 1583 2135 vagabimur;
1620 2067 1677 2113 et
1729 2069 1893 2127 prope
1921 2055 2003 2124 ip-

426 2183 568 2230 sum,
608 2174 661 2219 et
686 2161 823 2233 apud
851 2162 1025 2230 ipsum
1076 2156 1308 2219 erimus,
1336 2161 1390 2207 et
1414 2150 1683 2206 civitatem
1716 2159 2002 2217 supernam

425 2260 483 2316 in
509 2259 662 2315 ccelis
695 2254 1035 2312 habebimus,
1063 2244 1547 2317 primogenitorum
1592 2249 1845 2301 matrem,
1874 2251 2005 2292 san-

428 2361 640 2407 ctorum
674 2345 918 2400 altricem
954 2339 1366 2407 cmlestiumque
1391 2333 1676 2404 spirituum
1707 2343 1901 2401 purum
1917 2327 2010 2383 ha-

427 2442 745 2502 bituculum.

680 2566 1089 2657 TUMUS
1172 2553 1749 2665 QUINTUS.

1140 2710 1295 2765 CAP.
1332 2705 1404 2762 Χ.

513 2829 756 2893 3533.1,
784 2827 840 2882 2.
885 2825 1053 2880 Vinea
1085 2822 1337 2893 frondosa
1390 2818 1582 2875 Israel.
1623 2813 1854 2870 Fructus
1900 2811 2013 2883 ejus

433 2923 734 2987 abundans,
769 2916 1054 2973 secundum
1088 2913 1473 2967 multitudinem
1513 2910 1778 2977 fructuum
1799 2919 2015 2959 suorum

434 3011 802 3082 multiplicauit
855 3008 1071 3062 altaria.
1124 3004 1291 3059 Juxta
1335 3006 1468 3057 bona
1496 3012 1649 3055 terra:
1679 3013 1789 3053 sua:
1847 2993 2018 3064 (edi/i-

436 3106 570 3160 cavit
597 3102 904 3164 simulacra,
933 3097 1220 3153 diviserunt
1259 3096 1422 3149 corda
1461 3108 1580 3156 sua,
1608 3105 1745 3145 nunc
1804 3088 2017 3155 disper—

2105 1950 2273 2041 μὲνης
2330 1968 2460 2038 ἡμῖν
2511 1965 2612 2035 τῆς
2662 1962 2839 2033 ῥίζης,
2897 1959 2959 2012 οὐ
3008 1954 3223 2029 καρποῦ
3268 1953 3555 2012 πίπτοντος
3606 1950 3684 2011 εἰς

2106 2039 2293 2134 μηδὲν,
2323 2060 2384 2113 οὐ
2414 2058 2705 2128 πλανῆται,
2739 2053 2833 2108 καὶ
2877 2050 3135 2107 ἀπατάτω
3166 2045 3324 2109 Θεοῦ,
3364 2043 3479 2099 ἀλλ’
3521 2039 3690 2109 ἐγγύς

2103 2168 2163 2206 τε
2188 2149 2353 2206 αὑτοῦ
2396 2148 2492 2203 καὶ
2525 2148 2622 2201 σὺν
2651 2142 2799 2215 αὐτῷ
2867 2142 2959 2196 καὶ
2987 2139 3141 2194 πόλιν
3170 2135 3383 2207 ἔχδντες
3421 2130 3514 2202 τὴν
3554 2129 3694 2189 ἄνω,

2105 2245 2199 2298 καὶ
2237 2245 2294 2296 ὲν
2341 2242 2610 2314 οὺρανρῖς,
2645 2238 2746 2308 τὴν
2779 2234 2891 2288 τῶν
2923 2228 3285 2304 πρωτοτόκων
3323 2223 3553 2296 μητέρα,
3592 2218 3699 2291 τὴν

2104 2335 2213 2389 τῶν
2244 2333 2413 2403 ἁγίων
2440 2329 2661 2407 τροφὸν,
2708 2326 2825 2380 τῶν
2857 2324 2971 2379 ἄνω
3012 2322 3338 2392 πνευμάτων
3362 2318 3424 2371 τὸ
3452 2315 3701 2387 καθαρὴν-

2108 2425 2343 2498 ὲνδιαίτη
2352 2441 2449 2497 μα.

2386 2544 2771 2635 ΤΟΜΟΣ
2844 2534 3423 2628 ΠΕΜΠΤΟΣ.

2725 2695 2979 2751 ΚΕΦΑΛ.
3018 2694 3077 2746 1’.

2187 2812 2493 2884 Ἀμπελος
2535 2806 3006 2878 εὐκληματοῦσα
3047 2798 3315 2874 Ἰσραήλ.
3369 2799 3431 2851 '0
3467 2795 3696 2864 καρπὸς

2115 2904 2307 2976 αὐτῆς
2333 2903 2631 2967 εὐθυνῶν,
2644 2900 2795 2956 κατὰ
2822 2898 2890 2953 τὸ
2920 2895 3154 2965 πλῆθος
3180 2892 3298 2947 τῶν
3327 2886 3572 2965 καρπῶν
3597 2890 3699 2940 αὺ-

2116 3001 2224 3055 τοῦ
2265 2998 2572 3065 ἐπλήθυνε
2603 2994 2677 3050 τὰ
2728 2989 3145 3058 θυσιαστήρια.
3196 2985 3358 3041 Κατὰ
3401 2982 3473 3037 τὰ
3508 2979 3707 3051 ἀγαθὰ

2117 3085 2230 3157 τῆς
2286 3086 2400 3157 γῆς
2435 3084 2621 3139 αὐτοῦ
2680 3081 3033 3150 ᾠκοδόμησε
3088 3075 3355 3143 στήλας,
3416 3072 3701 3143 ὲμέρισαν

437 3200 604 3253 ibunt.
662 3193 784 3263 Ipse
811 3191 1059 3262 suﬂ‘odiet
1091 3189 1286 3244 altaria
1310 3184 1815 3255 eorum,aﬂligentur
1844 3182 2012 3235 simu-

2121 3179 2369 3251 καρδίας
2401 3176 2620 3243 αὐτῶν,
2650 3175 2768 3230 νῦν
2792 3169 3343 3243 ἀφανισθήσονται.
3370 3167 3563 3231 Αὐτός
3597 3182 3707 3218 xa-

438 3288 584 3340 lacra
618 3300 821 3339 eorum.

517 3482 674 3557 143
708 3481 843 3538 CXI.
891 3481 1185 3550 Postquam
1232 3479 1405 3541 dixit,
1456 3474 1710 3546 Ephraim
1786 3469 2023 3527 doluisse

442 3578 656 3634 radices
685 3590 831 3638 suas,
860 3581 915 3628 et
937 3570 1331 3627 infructuosum
1362 3568 1499 3634 fore,
1527 3564 1868 3632 similemque
1904 3576 2024 3615 mu-

442 3669 572 3724 tatis
606 3666 824 3723 sedibus
853 3663 958 3717 alio
989 3662 1207 3732 penitus
1231 3657 1725 3729 eommigrantium,
1766 3655 2023 3724 Assyrio-

444 3774 565 3814 rum
620 3756 824 3811 saevitia
887 3754 1077 3811 deletis
1106 3769 1294 3809 eorum
1322 3752 1537 3819 fetibus,
1569 3767 1713 3806 nunc
1734 3750 1898 3805 etiam
1918 3747 2027 3803 uti-

446 3850 572 3905 liter
593 3848 857 3913 ostendit,
907 3847 1083 3916 qualis
1111 3846 1241 3901 olim
1273 3845 1457 3909 fuerit,
1485 3858 1746 3914 perquam
1781 3841 2027 3895 fructuo-

448 3956 545 3997 sus
596 3939 867 4002 videlicet,
896 3940 1117 4008 quando
1171 3938 1335 3992 vitam
1364 3937 1573 4007 legibus
1614 3936 2027 4004 respondentem

450 4030 727 4100 sapienter
759 4029 997 4084 vivebat.
1036 4026 1224 4095 Qualis
1270 4028 1425 4082 vinea
1477 4027 1741 4097 qurepiam
1807 4024 2029 4094 pulchra

448 4132 507 4177 et
532 4122 671 4177 bene
697 4120 1003 4176 convestita
1034 4118 1367 4190 palmitibus,
1401 4128 1525 4174 ante
1552 4118 1735 4174 oculos
1766 4116 2029 4177 liuititno-

452 4228 575 4269 rum
607 4213 927 4284 populorum
978 4212 1033 4266 in
1068 4210 1427 4265 admiratione
1450 4219 1570 4264 erat.
1598 4224 1700 4263 non
1730 4209 2025 4270 immerito,

453 4314 510 4358 et
530 4304 596 4359 de
612 4304 725 4373 ipsa
749 4302 944 4358 alicubi
966 4301 1154 4357 beatus
1178 4301 1341 4355 David
1372 4301 1422 4354 iu
1447 4301 1584 4356 libro
1605 4300 1939 4355 Psahnorum
1966 4299 2033 4354 ad

455 4395 828 4449 universorum
866 4395 1031 4448 Deum
1062 4392 1138 4446 ait
1163 4410 1176 4446 :
1210 4410 1231 4443 ι
1259 4391 1482 4446 Vineam
1505 4392 1572 4446 de
1602 4391 1835 4462 Egypto
1859 4401 2035 4445 trans-

457 4486 648 4549 tulisti,
703 4485 913 4554 ejccisti
948 4497 1152 4557 gentes,
1182 4494 1236 4537 et
1266 4484 1517 4553 plantasti
1550 4498 1692 4539 eam.
1724 4484 1836 4538 Dux
1873 4483 2038 4538 itine-

460 4578 538 4632 ris
567 4575 710 4631 fuisti
744 4576 796 4630 in
825 4586 1114 4645 conspectu
1140 4573 1275 4641 ejus.
1313 4571 1567 4629 Extendit
1619 4572 1867 4642 palmites
1904 4588 2033 4629 suos

463 4681 632 4736 usque
679 4667 747 4721 ad
802 4680 969 4729 mare,
998 4674 1053 4719 et
1108 4678 1281 4733 usque
1332 4664 1399 4717 ad
1456 4661 1671 4717 ﬂumina
1716 4663 2036 4733 propagines

463 4776 590 4817 suas
612 4760 713 4812 οι.»
760 4759 893 4812 Nata
949 4766 1034 4813 est
1086 4758 1303 4823 enim,¢
1348 4758 1401 4811 in
1451 4771 1660 4818 cornu,
1692 4765 1748 4810 et
1812 4754 1865 4810 in
1918 4754 2037 4810 loco

464 4852 645 4922 pingui
674 4850 774 4916 ",i
832 4849 990 4919 juxta
1045 4864 1230 4904 vocem
1286 4849 1586 4918 propheta.
1658 4845 2038 4902 Verumtamen

465 4959 571 4998 non
601 4957 782 5005 uvam,
804 4942 897 4996 sed
925 4942 1107 5011 spinas
1133 4940 1311 5010 potius
1335 4940 1609 5010 produxit.
1647 4938 1780 4992 Nam
1810 4937 1863 4992 in
1898 4935 2038 4992 mul-

465 5037 691 5091 titudine
723 5035 987 5091 bonorum
1012 5034 1112 5089 sibi
1140 5035 1458 5088 donatorum
1505 5031 1653 5087 velut
1705 5031 1934 5095 sociam,
1985 5038 2042 5084 et

466 5140 647 5182 contra
698 5129 864 5183 Deum
923 5125 1347 5181 colluctatricem
1397 5123 1732 5195 iniquitatem
1774 5122 2037 5178 exhibuit.

469 5220 841 5290 Multiplicavit
867 5221 1011 5276 enim
1044 5218 1259 5278 altaria,
1308 5226 1361 5271 et
1388 5216 1670 5270 aediﬁcavit
1707 5216 1990 5271 simulacra
2026 5232 2039 5268 :

468 5323 840 5383 quantumque
903 5313 1153 5383 superuis
1182 5310 1433 5365 aﬂluebat
1462 5309 1689 5373 divitiis,
1724 5318 1833 5363 tam
1867 5323 2043 5375 prom-

469 5414 559 5473 pta
589 5401 689 5455 fuit
712 5402 777 5455 ad
799 5398 1475 5467 eontaminationem,quia
1506 5397 1773 5452 daemones
1801 5398 2048 5453 adoravit

469 5504 523 5548 et
596 5508 721 5548 aras
777 5494 1053 5556 excitavit,
1084 5503 1157 5548 -et
1202 5492 1257 5546 in
1307 5490 1675 5547 seductionem
1737 5489 2048 5560 multiplicis

474 5584 787 5641 idololatriae
838 5601 933 5642 cor
979 5600 1136 5639 suum
1159 5583 1560 5654 quodammodo
1605 5582 1809 5638 divisit.
1845 5582 2046 5638 Verum

475 5679 577 5733 iSta
615 5691 719 5731 non
748 5676 1035 5741 durabunt,
1068 5676 1270 5747 inquit.
1336 5674 1610 5743 Quinam?
1649 5694 1666 5726 ι
1730 5674 1851 5745 Ipse
1901 5676 2049 5731 enim

549 5845 593 5877 τ’
625 5843 788 5900 Zach.
815 5860 874 5911 tt,
900 5843 953 5897 6.
1029 5844 1074 5876 ⁸ο
1111 5842 1297 5899 Matth.
1337 5858 1411 5910 xu,
1438 5842 1530 5896 28.
1608 5842 1650 5875 ³¹
1686 5841 1827 5898 I’sal.
1853 5857 2045 5910 Lutx,

2119 3271 2415 3340 τασκάψιει
2438 3271 2511 3323 τὰ
2538 3264 2937 3335 θυσιαστήρια
2969 3261 3189 3328 αὐτῶν,
3214 3257 3707 3329 ταλαιπωρήσαν-

2120 3382 2222 3420 cur
2250 3368 2310 3419 al
2340 3362 2563 3430 στῆλαι
2598 3357 2818 3413 αὐτῶν.

2204 3481 2355 3534 Ρ1Α’.
2409 3473 2747 3545 Ἠλγημένον
2791 3470 2891 3534 τὰς
2929 3470 3081 3541 ῥίζας
3112 3465 3280 3520 εἰπὼν
3305 3465 3398 3518 τὸν
3442 3461 3708 3534 Ἐφραῒμ,

2123 3571 2343 3626 ἔσεσθαι
2372 3569 2431 3622 δὲ
2462 3569 2557 3622 καὶ
2589 3566 2861 3637 ἄκαρπον,
2884 3564 2978 3616 καὶ
3010 3563 3066 3613 ὲν
3092 3561 3193 3631 ἴσῳ
3218 3560 3332 3620 τοῖς
3364 3554 3715 3628 μετοικοῦσιν

2125 3665 2283 3731 ὅλως,
2308 3662 2407 3733 τῆς
2451 3656 2751 3728 Ἀσσυρίων
2783 3655 3109 3725 ἀγριότητος
3141 3649 3469 3719 δαπανώσης
3494 3647 3563 3702 τὰ
3584 3664 3711 3718 γεν-

2124 3756 2362 3828 νώμενα,
2392 3751 2661 3806 δείκνυσιν
2699 3747 3011 3816 ἀναγκαίως
3041 3744 3136 3798 καὶ
3156 3738 3268 3806 οἷος
3292 3738 3361 3813 ἦν
3384 3741 3574 3805 πάλαι,
3607 3739 3708 3793 καὶ

2127 3849 2210 3900 ὅτι
2242 3845 2465 3914 γέγονεν
2494 3840 2792 3909 εὖκαρπος,
2829 3838 2918 3891 ὅτε
2962 3837 3061 3906 τῆς
3109 3836 3166 3887 ἐν
3210 3832 3360 3903 νόμῳ
3398 3832 3545 3901 ζωῆς
3579 3843 3712 3901 μετ-

2132 3940 2371 3993 εποιεῖτο
2400 3932 2602 4003 σοφῶς.
2647 3926 2750 3985 Οἴα
2780 3929 2888 3999 γάρ
2920 3945 3005 3991 τις
3034 3925 3278 3997 ἄμπελος
3304 3923 3465 3993 καλὴ,
3497 3923 3588 3976 καὶ
3616 3922 3712 3973 εὑ-

2132 4025 2493 4100 κληματοῦσα
2538 4025 2651 4085 τοῖς
2704 4020 2813 4075 τῶν
2860 4017 3028 4072 ἐθνῶν
3068 4016 3368 4088 περιοίκοις
3415 4012 3714 4085 ὁρώμενος,

2134 4122 2360 4183 εἰκότως
2397 4115 2861 4185 κατεθαυμάζετο.
2889 4112 3000 4165 Καὶ
3022 4111 3155 4182 περὶ
3184 4109 3356 4178 αὐτῆς
3396 4106 3503 4160 πού
3547 4122 3722 4176 φησιν

2132 4217 2161 4268 ὁ
2197 4211 2471 4284 μακάριος
2514 4206 2679 4261 Δαὸὶδ
2706 4206 2764 4258 ὲν
2796 4203 2963 4275 βίϐλῳ
2995 4199 3275 4272 Ψαλμῶν,
3310 4198 3448 4270 πρὸς
3478 4198 3570 4251 τὸν
3607 4196 3716 4250 τῶν

2133 4307 2269 4361 ὅλων
2313 4302 2546 4372 Σωτῆρα
2571 4299 2745 4353 Θεόνι
2780 4317 2798 4349 ο
2827 4294 3105 4367 Ἄμπελον
3146 4292 3205 4360 ἐξ
3262 4291 3542 4361 Αἰγύπτου
3590 4306 3724 4361 μετ-

2136 4404 2305 4472 ῆρας,
2328 4396 2586 4464 ὲξὲόαλες
2611 4393 2762 4463 ἔθνη,
2790 4392 2886 4445 καὶ
2923 4388 3334 4459 κατεφύτευσας
3366 4386 3557 4457 αὑτήν.
3575 4384 3723 4437 Ὠδο-

2139 4493 2374 4563 ποίησας
2432 4486 2741 4560 ἔμπροσθεν
2782 4484 2973 4555 αὐτῆς.
3037 4482 3299 4549 Ἐξέτεινε
3340 4480 3410 4534 τὰ
3466 4480 3728 4550 κλήματα

2142 4585 2311 4654 αὐτῆς
2349 4581 2457 4644 ἕως
2488 4579 2785 4648 θαλάσσης,
2839 4575 2936 4631 καὶ
2967 4575 3071 4638 ἕως
3113 4571 3378 4642 ποταμῶν
3405 4570 3505 4635 τὰς
3538 4588 3722 4642 παρα-

2144 4675 2352 4745 φυάδας
2385 4673 2574 4743 αὐτῆς.
2609 4690 2630 4723 3
2662 4669 2885 4739 Πέφυκε
2915 4668 3017 4739 μὲν
3044 4667 3178 4738 γὰρ,
3207 4686 3227 4718 ι
3272 4666 3362 4719 Ἐν
3389 4665 3601 4736 κέρατι,
3629 4663 3725 4716 καὶ

2144 4767 2202 4819 ὲν
2246 4766 2399 4834 τόπῳ
2443 4764 2626 4827 πίονι,
2661 4781 2679 4813 3
2721 4759 2867 4815 κατὰ
2907 4759 3007 4830 τὴν
3050 4757 3143 4811 τοῦ
3186 4757 3468 4827 προφήτου
3515 4755 3727 4825 φωνήν.

2145 4855 2293 4927 Πλὴν
2344 4855 2405 4907 οὺ
2435 4853 2623 4907 τέτοκε
2655 4850 2954 4922 σταφυλὴν,
2987 4850 3186 4920 ἧνεγκε
3219 4849 3276 4903 δὲ
3309 4847 3513 4918 μᾶλλον
3553 4846 3725 4899 ἀκάν-

2145 4948 2264 5011 θας.
2302 4945 2394 5017 Τῷ
2416 4945 2525 5016 γὰρ
2556 4943 2751 5015 πλήθει
2778 4943 2888 4997 τῶν
2909 4941 3171 4995 δοθέντων
3201 4937 3422 5009 ἀγαθῶν
3439 4938 3575 5008 αὐτῇ
3602 4935 3734 4989 σύν-

2144 5036 2347 5108 δρομον
2374 5034 2564 5106 ῶσπερ
2590 5033 2713 5087 τινὰ
2756 5033 2853 5088 καὶ
2880 5031 3111 5101 ἰσοπαλῆ
3133 5030 3233 5102 τὴν
3272 5029 3489 5083 ἀδικίαν
3515 5027 3696 5081 ὲπεδεί
3714 5057 3730 5069 ο

2151 5127 2303 5193 ξατο·
2351 5126 2509 5198 δῆλον
2547 5125 2605 5180 δὲ
2631 5126 2712 5179 ὅτι
2756 5124 2859 5197 τὴν
2887 5123 3032 5179 κατὰ
3084 5121 3244 5177 Θεοῦ.
3288 5119 3587 5193 Ἐπλήθυνε
3621 5118 3736 5190 γὰρ
3786 5154 3805 5198 Δ,

2152 5194 2558 5289 θυσιαστήρια,
2612 5216 2708 5271 καὶ
2756 5194 3075 5287 ᾠκοδόμησε
3142 5211 3379 5283 στήλας·
3453 5210 3546 5265 καὶ
3606 5210 3733 5261 ὅσον
3782 5194 3799 5217 θ

2150 5310 2405 5365 ἐπλούτει
2427 5311 2539 5374 τοίς
2564 5308 2777 5363 ἄνωθεν
2797 5307 3041 5378 ἀγαθοῖς,
3069 5304 3323 5359 τοσοῦτον
3349 5300 3418 5371 ἦν
3449 5301 3735 5375 πρόθυμος

2153 5405 2233 5468 είς
2264 5402 2592 5475 βεϐήλωσιν,
2615 5401 2705 5456 διὰ
2732 5400 2827 5455 τοῦ
2855 5402 3185 5474 προσκυνεῖν
3209 5401 3324 5462 τοῖς
3360 5395 3602 5467 δαίμοσι,
3635 5392 3735 5447 καὶ
3776 5428 3780 5437 ν

2156 5495 2374 5567 βωμοὺς
2406 5494 2664 5565 ἐγείρειν,
2695 5492 2791 5547 καὶ
2821 5494 2906 5557 εἰς
2936 5492 3037 5565 τὴν
3079 5489 3341 5545 πολύθεον
3385 5487 3596 5559 πλάνην
3635 5485 3739 5557 τὴν

2156 5586 2293 5640 ἰδίαν
2315 5583 2505 5656 ὥσπερ
2526 5581 2919 5654 καταμερίζειν
2947 5580 3193 5654 καρδίαν.
3214 5579 3353 5633 Ἀλλ’
3375 5577 3520 5633 οὕτω
3535 5574 3732 5637 ταῦτα,
3766 5638 3793 5659 Χ

2156 5678 2342 5750 φησὶν,
2391 5677 2495 5731 οὐκ
2532 5676 2707 5730 ἔσται.
2739 5674 2943 5743 Πόθεν;
2980 5692 3001 5728 ι
3036 5670 3393 5741 Κατασκάψει
3425 5670 3532 5742 γὰρ
3574 5666 3737 5731 αὐτὸς

2165 5844 2235 5898 10
2269 5858 2423 5915 seqq.
2503 5843 2549 5875 δ’
2576 5841 2679 5898 lsa.
2707 5858 2759 5911 ν,
