4110 6368
474 344 584 399 ιλιι

1400 347 1957 408 COMMENTARIUS
1994 350 2061 405 IN
2096 351 2329 409 OSEAM
2369 351 2819 410 PBOPHETAM.

3653 354 3759 411 9.4:).

482 467 552 520 τὰ
583 464 948 539 θυσιαστήρια
1001 468 1203 534 αὐτῶν,
1235 488 1260 521 τ
1316 474 1411 525 καὶ
1457 472 1971 547 ταλαιπωρήσουσιν
2012 478 2063 530 at

2175 477 2426 533 suﬂodiet
2474 479 2665 533 altaria
2703 492 2912 542 eorum,
2948 495 2967 528 ι
2999 485 3056 531 et
3100 475 3410 547 aﬂligentur
3470 475 3758 531 simulacra

485 558 678 629 στῆλαι
720 556 920 625 αὐτῶν,
967 561 1400 634 συνθραυόμεναι
1446 564 1709 636 δηλονότι,
1759 570 1854 623 καὶ
1896 586 2066 623 κατα-

485 651 791 722 σπώμεναι.
842 654 914 706 Τὸ
935 653 1014 721 δὲ,
1064 655 1246 723 αὐτὸς,
1272 656 1509 723 ἀνοίσεις
1546 659 1834 731 ἐμφρόνως
1864 662 1943 725 είς
1974 662 2066 715 τὸν

481 741 593 796 τῶν
633 744 771 799 ὅλων
820 745 1309 811 κατεξουσιάζοντα
1343 749 1500 815 Θεὸν,
1532 751 1721 820 ἠγουν,
1773 754 1854 816 είς
1880 753 1941 806 τὸ
1972 752 2064 807 τοῦ

478 832 829 889 Βαϐυλωνίου
855 836 1173 907 πρόσωπον,
1210 838 1289 902 ὡς
1315 839 1417 911 ἤδη
1446 840 1766 905 πλειστάκις
1794 844 2067 914 προδεδει-

483 926 712 998 γμένου.
753 928 1077 1002 Συμϐέϐηκε
1124 932 1236 1003 γὰρ
1271 935 1393 998 ταῖς
1444 935 1503 987 ἐν
1547 935 1833 1008 Σαμαρείᾳ
1877 937 2065 992 πόλεσι

485 1021 582 1072 καὶ
628 1022 825 1086 αὐτοὺς
886 1023 1487 1096 συγκαταπίμπρασθαι
1534 1028 1661 1091 τοὺς
1707 1028 1906 1095 ναοὺς,
1971 1030 2068 1082 καὶ

472 1112 875 1184 διαρπάζεσθαι
915 1116 986 1170 τὰ
1026 1116 1262 1185 γλυπτά.
1296 1118 1418 1189 Χρὴ
1456 1118 1637 1173 τοίνυν
1660 1120 1828 1191 ἡμᾶς,
1864 1120 1949 1190 ἐφ’
1986 1117 2068 1184 οἷς

480 1203 549 1258 ἂν
583 1205 803 1277 ἔχοιμεν
836 1206 989 1279 παρά
1013 1207 1149 1261 Θεοῦ
1193 1209 1485 1283 χαίροντας
1518 1211 1780 1265 ἀνάπτειν
1812 1212 1881 1266 τὰ
1913 1230 2069 1284 χαρι-

486 1297 704 1367 στήρια,
739 1298 835 1351 καὶ
886 1299 961 1370 μὴ
1003 1298 1083 1369 τῷ
1130 1298 1325 1354 πλάτει
1366 1303 1466 1373 τῆς
1496 1301 1753 1372 εὐθηνίας
1791 1304 2069 1375 ἐνολισθή-

486 1403 707 1452 σαντας,
735 1389 1110 1462 ἀποφέρεσθαί
1144 1410 1234 1445 ποι
1267 1392 1405 1464 πρὸς
1427 1393 1487 1446 τὺ
1515 1394 1721 1466 ἀπᾷδον
1753 1394 1901 1466 αὐτῷ
1922 1412 1934 1423 ·
1966 1395 2065 1466 ζη-

480 1481 597 1531 τεῖν
650 1478 707 1531 δέ
761 1479 962 1550 μᾶλλον
1012 1482 1105 1535 καὶ
1149 1483 1538 1554 ἀποπεραίνειν
1587 1484 1927 1553 ἐπείγεσθαι,
1974 1487 2068 1539 καὶ

486 1570 631 1642 μάλα
657 1570 980 1644 προθύμως,
1013 1574 1082 1627 τά
1112 1576 1192 1638 είς
1230 1575 1436 1647 ἀρετὴν
1458 1577 1775 1649 αὐχήματα,
1811 1578 1886 1650 μὴ
1916 1597 2070 1651 μερι-

474 1660 748 1734 ζομένους
789 1665 928 1736 πρὸς
952 1665 1021 1719 τὰ
1047 1668 1104 1719 ἐν
1133 1666 1326 1738 κόσμῳ
1356 1667 1528 1738 πάθη,
1559 1670 1655 1723 καὶ
1695 1671 2069 1742 ὑποφέροντας

480 1752 575 1807 τὸν
603 1753 808 1825 αὐχένα
839 1755 919 1826 τῷ
953 1756 1185 1827 Σατανᾷ.
1220 1759 1330 1811 Καὶ
1358 1758 1469 1829 γάρ
1497 1761 1645 1813 ἐστιν
1678 1760 1899 1832 ἀληθὲς,
1933 1762 2068 1832 ὅπερ

2168 585 2381 636 eorum,
2459 571 2735 626 confracta
2804 569 3082 633 nimirum,
3159 579 3214 624 et
3269 568 3501 623 divulsa.
3558 567 3758 624 Vocem

2170 663 2285 731 ipse
2311 677 2417 718 non
2464 662 2605 717 male
2632 663 2699 716 ad
2729 661 3150 729 omnipotentem
3205 661 3489 715 Dominum
3521 659 3758 723 referes,

2169 764 2265 809 aut
2300 756 2366 809 ad
2397 770 2684 823 personam
2726 755 2868 825 regis
2923 754 3201 826 Babylonii
3230 792 3246 819 ,
3284 753 3351 808 de
3380 768 3487 822 quo
3512 753 3623 823 jam
3650 769 3759 807 sae-

2167 861 2237 917 pe
2280 845 2420 901 facta
2446 856 2530 902 est
2555 848 2779 901 mentio.
2808 847 3051 917 Contigit
3079 847 3250 911 enim,
3282 857 3340 899 ut
3364 861 3484 900 cum
3532 844 3758 901 urbibus

2171 939 2434 996 Samaria
2487 941 2650 994 etiam
2686 938 2881 1010 templa
2913 940 3028 1009 ipsa
3065 945 3449 1003 exurerentur,
3498 944 3553 992 et
3611 938 3753 992 idola

2170 1030 2564 1099 diriperentur.
2604 1030 2828 1100 Oportet
2884 1032 3047 1102 igitur
3079 1045 3180 1086 nos
3214 1041 3434 1101 propter
3484 1046 3546 1085 ea
3574 1046 3695 1100 quae
3726 1047 3757 1083 ει

2170 1121 2281 1175 Deo
2316 1123 2668 1179 habuerimus
2710 1140 2833 1179 cum
2864 1123 3063 1194 gaudio
3088 1123 3297 1195 gratias
3330 1137 3517 1194 agere.
3548 1138 3653 1176 non
3704 1123 3757 1175 in

2171 1215 2525 1285 amplitudine
2559 1232 2739 1272 rerum
2764 1219 3130 1273 secundarum
3163 1216 3523 1283 oti‘endentes,
3552 1215 3756 1287 aliquid

2171 1309 2280 1365 Deo
2321 1309 2611 1378 displicens
2649 1310 2867 1380 abripi;
2899 1311 3031 1380 quin
3084 1311 3269 1381 potius
3324 1310 3663 1378 desiderare,
3695 1318 3759 1363 et

2171 1402 2236 1455 ad
2264 1415 2329 1456 ea
2374 1403 2773 1471 promptissime
2818 1403 3121 1472 praestanda
3156 1403 3489 1467 incumbere,
3519 1415 3640 1472 quae
3690 1416 3760 1457 ex

2170 1495 2369 1550 virtute
2425 1493 2661 1566 gloriam’
2677 1497 3005 1564 conciliant;
3039 1512 3145 1553 non
3182 1495 3386 1551 divisos
3418 1497 3473 1549 in
3503 1495 3750 1551 aﬂ‘emio-

2172 1603 2269 1643 nes
2331 1589 2656 1655 mundanas,
2689 1599 2744 1644 et
2796 1589 3061 1645 cervicem
3123 1587 3338 1643 Satanae
3385 1589 3756 1657 subjicientes.

2171 1680 2370 1736 Verum
2393 1691 2477 1737 est
2505 1683 2649 1738 enim
2675 1683 2803 1737 illud
2828 1683 3035 1738 Christi
3062 1699 3078 1736 :
3113 1698 3133 1733 ι
3153 1679 3323 1736 Nemo
3348 1688 3525 1751 potest
3547 1681 3757 1735 duobus

2172 1774 2404 1830 dominis
2472 1776 2677 1830 servire
2710 1775 2780 1831 ⁸³.
2820 1795 2839 1827 ι
2910 1775 3065 1842 Quod
3106 1776 3151 1830 si
3216 1775 3531 1838 dividimur,
3589 1773 3753 1828 etiam

478 1842 585 1917 ἔφη
640 1846 900 1917 Χριστός·
946 1868 963 1899 ι
1016 1848 1206 1913 Οὐδεὶς
1254 1849 1480 1904 δύναται
1524 1852 1646 1905 δυσὶ
1691 1853 1900 1924 κυρίοις
1947 1854 2063 1907 δου-

2169 1864 2321 1933 juxta
2384 1880 2572 1921 vocem
2629 1866 2950 1929 Psalmistaa,
3008 1883 3029 1919 ι
3072 1872 3258 1935 partes
3315 1864 3557 1935 vulpium
3642 1863 3757 1918 eri-

480 1932 681 1989 λεύειν.
722 1955 740 1987 ι
786 1939 847 1990 EI
879 1938 936 1991 δὲ
971 1938 1333 2009 μεριζόμεθα,
1379 1943 1476 1994 καὶ
1513 1962 1533 1993 ι
1571 1942 1806 2014 Μερίδες
1849 1943 2066 1998 ἀλωπέ-

480 2039 594 2078 κων
623 2027 883 2098 ἐσόμεθα,
922 2048 940 2081 ι
981 2029 1122 2083 κατά
1152 2031 1252 2101 τὴν
1278 2032 1586 2103 Ψαλμῳδοῦ
1614 2035 1820 2107 φωνήν.

472 2130 473 2133 ‘
550 2119 706 2170 Διότι
730 2117 849 2172 νῦν
875 2118 1105 2187 ἐροῦσι⁶
1139 2124 1264 2175 Οὐκ
1291 2122 1424 2177 ἔστι
1456 2124 1758 2192 βασιλεὺς
1778 2124 1942 2194 ἡμῖν,
1979 2127 2066 2182 ὅτι

472 2209 591 2263 οὐκ
633 2208 1013 2280 ἐφοϐήθημεν
1040 2212 1151 2266 τὸν
1203 2215 1447 2283 Κύριον.
1492 2216 1553 2268 '0
1586 2216 1655 2270 δὲ
1678 2219 1982 2286 ,ϐασιλεὺς
2009 2224 2068 2276 τί

477 2299 720 2365 ποιήσει
744 2300 890 2370 ἡμῖν
908 2319 927 2367 ;
948 2303 1160 2359 λαλῶν
1175 2305 1416 2376 ῥήματα
1446 2308 1778 2378 προφάσεις
1796 2312 2063 2381 ψευδεῖς,

467 2388 830 2459 διαϐήσεται
854 2392 1174 2465 διαθήκην.

547 2483 695 2541 ΡΙΒ’.
739 2486 876 2556 Οὐχὶ
916 2487 1076 2557 μόνον
1135 2488 1317 2543 αὐτῶν
1354 2491 1736 2564 σεισθήσεσθαι
1768 2496 1837 2551 τὰ
1873 2496 2063 2551 θυσια-

478 2575 700 2647 στήρια,
752 2577 849 2629 καὶ⁸
892 2578 1334 2653 ταλαιπωρήσειν
1366 2583 1470 2655 ἔφη
1502 2585 1602 2648 τὰς
1634 2587 1859 2657 στήλας,
1896 2606 2067 2661 προσ-

475 2667 671 2736 επάγει
701 2667 780 2732 δὲ,
814 2669 898 2723 ὅτι
945 2672 1038 2724 καὶ⁵
1074 2672 1539 2742 μεταγνώσονται,
1572 2678 1667 2731 καὶ
1702 2678 2066 2751 θρηνήσουσιν

464 2759 570 2811 ιὲπί
601 2776 666 2826 γε
700 2763 823 2824 ταῖς
852 2762 1003 2832 σφῶν
1053 2763 1416 2831 δυσϐουλίαις,
1462 2770 1843 2842 ἡμαρτηκότες
1870 2773 1927 2826 δὲ
1963 2774 2065 2844 τῆς

470 2848 712 2916 ἐλπίδος,
789 2854 885 2906 καὶ
928 2856 1271 2926 ἠπατημένοι
1303 2862 1416 2923 τοῖς
1458 2861 1523 2913 ἐκ
1572 2861 1680 2914 τῶν
1715 2863 2064 2934 κρατούντων

464 2941 979 3015 ψευδηγορήμασιν,
1013 2946 1110 3015 ὀψὲ
1144 2949 1239 3004 καὶ
1278 2949 1431 3020 μόλις
1463 2954 1808 3023 συνήσουσιν.
1863 2957 1926 3010 0!
1964 2958 2064 3027 μὲν

472 3032 585 3106 γὰρ
614 3037 745 3108 παρ’
776 3037 961 3102 αὐτοῖς
997 3040 1124 3102 τοὺς
1170 3041 1272 3110 τῆς
1304 3042 1583 3112 βασιλείας
1610 3047 1887 3114 διέποντες
1934 3051 2061 3123 θρό-

462 3141 617 3189 νους,
651 3127 907 3196 ἀρκέσειν
935 3127 1177 3197 ἔφασκον
1206 3132 1389 3197 αὐτοῖς
1422 3136 1503 3199 είς
1524 3137 1847 3209 ἐπικουρίαν
1878 3138 1977 3203 τάς
2002 3158 2061 3193 τε

2174 1974 2292 2014 mus
2320 1959 2386 2012 ⁸⁸.
2419 1980 2436 2011 ι

2242 2140 2409 2196 Vens.
2444 2138 2499 2207 5,
2530 2140 2584 2198 4.
2608 2138 2816 2195 Idcirco
2847 2157 2981 2194 nunc
3007 2141 3213 2194 dicent:
3246 2138 3370 2194 Non
3404 2148 3482 2193 est
3520 2154 3612 2191 rea:
3658 2154 3757 2190 no-

2170 2231 2267 2297 bis,
2294 2230 2420 2301 quia
2452 2246 2557 2285 non
2587 2232 2855 2285 timuimus
2895 2230 3200 2285 Dominum.
3229 2228 3339 2283 Rex
3388 2238 3566 2283 autem
3629 2228 3756 2299 quid

2169 2324 2326 2393 faciet
2360 2323 2794 2394 nobis?.loquens
2862 2323 3016 2380 verba
3076 2323 3374 2403 occasiones
3438 2329 3753 2387 mendaces,

2168 2416 2406 2484 disponet
2431 2425 2823 2471 testamentum.

2244 2507 2404 2581 1M
2430 2508 2590 2565 CXII.
2616 2508 2733 2565 Non
2777 2508 2957 2565 solum
2991 2523 3181 2563 eorum
3227 2508 3423 2563 altaria
3486 2508 3753 2574 dirutum,

2167 2612 2222 2658 et
2247 2603 2535 2660 simulacra
2560 2619 2811 2660 eversum
2849 2605 2916 2660 iri
2961 2606 3113 2670 dicit,
3143 2605 3240 2660 sed
3278 2604 3429 2659 addit
3456 2605 3642 2667 etiam,
3674 2604 3757 2658 fo-

2168 2710 2252 2759 re,
2302 2704 2363 2749 ut
2420 2696 2564 2752 male
2611 2698 2867 2753 consulta
2922 2714 3018 2753 sua
3053 2697 3392 2767 pmnitudine
3416 2706 3472 2752 et
3503 2697 3754 2754 lamentis

2168 2799 2587 2857 prosequantur,
2622 2804 2718 2858 spe
2766 2798 2945 2844 autem
2984 2788 3233 2844 frustrati
3294 2798 3349 2844 et
3408 2789 3753 2844 dominorum

2168 2879 2463 2934 mendaciis
2516 2880 2750 2949 decepti,
2782 2895 2925 2943 sero,
2957 2896 3020 2934 ac
3053 2883 3140 2933 vix
3175 2881 3389 2934 tandem
3422 2879 3747 2947 intelligant.

2166 2970 2268 3038 Qui
2298 2972 2441 3026 enim
2478 2974 2618 3038 apud
2676 2974 2823 3044 ipsos
2871 2974 3125 3027 thronum
3204 2973 3351 3041 regni
3411 2973 3749 3033 obtinebant.

2166 3064 2235 3118 ad
2276 3064 2537 3119 auxilium
2565 3067 2697 3121 satis
2720 3065 2957 3119 futurum
2989 3054 3346 3119 autumabant
3380 3064 3579 3120 vitulos
3649 3079 3750 3118 au-

2168 3171 2309 3225 reos,
2346 3165 2400 3212 et
2422 3157 2643 3213 tutelam
2671 3158 2739 3214 ab
2773 3157 2933 3213 idolis
2961 3158 3202 3225 caeteris,
3230 3158 3478 3227 quamvis
3510 3157 3752 3217 divinam

464 3219 685 3287 χρυσᾶς
730 3218 1013 3289 δαμάλεις,
1061 3223 1156 3275 καὶ
1200 3224 1299 3294 τὴν
1339 3227 1404 3279 ἐκ
1448 3227 1559 3281 τῶν
1606 3229 1780 3283 ἄλλων
1822 3231 2058 3287 εἰδώλων

2162 3248 2332 3319 legem
2368 3266 2473 3304 non
2501 3250 2781 3315 haberent,
2811 3253 3060 3320 quamvis
3086 3262 3354 3322 praecepta
3386 3252 3585 3323 Moysis
3639 3268 3746 3309 non

462 3310 799 3375 ἀσφάλειαν,
826 3312 932 3365 κᾶν
956 3315 1006 3366 εί
1037 3312 1112 3385 μὴ
1149 3315 1240 3368 τὸν
1269 3317 1412 3371 θεῖον
1446 3319 1619 3389 ἔχοιεν
1649 3322 1834 3392 νόμον,
1867 3324 1971 3377 κᾶν
2009 3328 2058 3381 εί

472 3401 549 3469 μὴ
576 3401 710 3473 δρᾷν
742 3403 947 3458 ἕλοιντο
971 3405 1040 3459 τὰ
1070 3406 1159 3461 διὰ
1185 3409 1451 3475 Μωσέως.
1482 3413 1547 3466 Ἠ
1567 3414 1624 3466 δὲ
1656 3418 1822 3488 πεῖρα
1855 3418 2058 3490 δέδειχε

461 3493 902 3562 ψευδοεποῦντας
931 3498 1150 3564 αὐτούς.
1176 3501 1475 3560 Τεθέανται
1500 3505 1609 3576 γὰρ
1627 3509 1757 3571 τοὺς
1786 3509 1855 3563 τά
1878 3512 2056 3567 τοιάδε

474 3584 647 3638 πάλαι
674 3585 1087 3659 διατιθεμένους
1110 3592 1318 3658 αὐτοῖς,
1352 3596 1448 3649 καὶ
1467 3598 1748 3663 ἀσυνέτως
1773 3600 2052 3671 λέγοντας,

464 3676 577 3731 ὑπὸ
609 3680 767 3749 χεῖρα
798 3681 1068 3746 πεσόντας
1096 3683 1328 3756 ἐχθρῶν.
1368 3704 1390 3739 ι
1432 3689 1725 3762 Ταύτῃτοι,
1767 3695 1922 3763 φασὶ,
1955 3698 2057 3749 οὐκ

460 3769 589 3824 ἔστι
613 3770 865 3840 βασιλεὺς
889 3775 1045 3845 ἡμῖν,
1074 3776 1155 3828 ὅτι
1181 3778 1280 3830 οὐκ
1308 3778 1656 3851 ἐφοϐήθημεν
1677 3783 1768 3837 τὸν
1793 3784 2016 3856 Κύριον.
2032 3807 2050 3838 ι

480 3860 615 3915 ’ἰδοὺ
658 3862 791 3935 γὰρ,
834 3866 989 3933 φασὶ,
1031 3867 1333 3938 ἐπαμύνων
1369 3871 1565 3940 οὐδεὶς,
1592 3874 1762 3944 ἤγουν
1792 3880 1914 3938 ταῖς
1946 3878 2055 3933 τῶν

462 3950 834 4007 Βαϐυλωνίων
856 3956 1067 4025 ἐφόδοις
1096 3958 1580 4031 ἀντανιστάμενος.
1620 3965 1758 4018 Ἀλλ’
1784 3968 2055 4039 ήτονήκα-

468 4056 555 4094 σιν
585 4041 857 4108 ἅπαντες·
895 4066 915 4097 ι
950 4046 1224 4101 Λέλυνται
1276 4052 1370 4103 καὶ
1399 4052 1755 4108 πεπτώκασιν
1788 4074 1807 4107 ι
1838 4057 1887 4109 οἱ
1927 4073 2055 4128 προ⁴

456 4135 783 4202 εστηκότες.
828 4136 1108 4208 Πρόφασις
1136 4140 1195 4194 δέ
1231 4141 1333 4211 τῆς
1379 4143 1695 4215 ἀρρωστίας
1730 4147 1918 4212 αὐτοῖς
1956 4150 2054 4202 καὶ

463 4227 622 4296 ἡμῖν,
657 4228 718 4281 τὸ
756 4247 775 4280 ι
807 4230 898 4301 Μὴ
930 4231 1274 4303 πεφοϐῆσθαι
1316 4233 1409 4287 τὸν
1451 4234 1675 4308 Κύριον.
1717 4257 1738 4291 ι
1772 4240 1911 4293 Ποία
1940 4240 2055 4296 τοί-

465 4330 562 4367 νυν
608 4317 641 4386 ή
687 4317 874 4388 ὄνησις
927 4322 993 4373 ἐκ
1041 4320 1153 4374 τῶν
1209 4322 1592 4395 κρατούντων;
1647 4328 1846 4399 φησίν·
1896 4331 2051 4385 οὐδὲν

462 4400 534 4475 ἦν
562 4408 669 4475 ἄρα
716 4411 783 4462 τὰ
826 4413 955 4481 παρ’
999 4415 1209 4479 αὐτοῖς,
1250 4416 1301 4469 εἰ
1349 4418 1425 4490 μὴ
1474 4418 1622 4489 λόγοι
1669 4419 1904 4491 ψευδεῖς,
1955 4425 2052 4478 καὶ

468 4500 769 4571 ματαιότης
836 4504 1110 4575 διαθηκῶν
1138 4548 1156 4573 ,
1222 4509 1395 4580 ἣγουν
1458 4512 1825 4583 ὑποσχέσεων.
1888 4516 2051 4583 Ἐθος

2160 3350 2463 3396 servarent.
2486 3339 2558 3395 At
2587 3341 2920 3409 experientia
2955 3344 3210 3398 mentitos
3240 3357 3359 3399 esse
3387 3344 3703 3399 demonstra
3722 3374 3737 3385 -

2143 3428 2257 3482 vit.
2301 3429 2564 3485 Viderunt
2629 3432 2775 3485 enim
2830 3446 2944 3495 eos,
2997 3433 3091 3501 qui
3138 3434 3412 3503 quondam
3463 3434 3579 3490 haec
3614 3436 3748 3504 ipsis

2158 3520 2603 3587 constituissent,
2638 3530 2692 3576 et
2726 3522 3044 3591 insipienter
3104 3524 3267 3579 locuti
3331 3524 3581 3590 fuissent,
3643 3528 3746 3581 sub

2158 3607 2395 3662 hostium
2450 3609 2708 3665 ditionem
2763 3612 2992 3667 venisse.
3034 3632 3052 3666 ι
3106 3614 3252 3678 Ideo,
3282 3614 3571 3684 inquiunt,
3636 3633 3745 3672 non

2160 3706 2244 3752 est
2273 3713 2366 3752 rex
2396 3698 2571 3763 nobis,
2596 3701 2721 3769 quia
2749 3716 2856 3756 non
2898 3703 3176 3759 timuimus
3224 3705 3569 3760 Dominunm
3606 3707 3746 3763 Ecce

2156 3789 2299 3842 enim
2338 3788 2509 3857 aiunt,
2546 3792 2837 3860 opitulator
2877 3794 3073 3859 nullus,
3127 3805 3221 3849 aut
3267 3797 3359 3867 qui
3415 3797 3744 3869 Babylonio-

2160 3896 2278 3933 rum
2308 3881 2719 3951 impressionem
2754 3888 3010 3956 excipiat.
3045 3887 3153 3943 Sed
3175 3888 3492 3945 defecerunt
3519 3905 3734 3955 omnes,

2161 3988 2178 4020 ι
2216 3972 2474 4028 inﬁrmati
2543 3987 2672 4031 sunt
2700 3993 2715 4043 ;
2763 3985 2819 4032 et
2868 3979 3182 4035 ceciderunt
3211 3980 3257 4013 ⁸⁸
3280 4001 3299 4033 ι
3328 3984 3418 4052 qui
3449 3996 3739 4053 praeerant.

2155 4060 2339 4117 Causa
2374 4076 2555 4121 autem
2606 4068 2888 4136 ipsorum,
2914 4080 2969 4126 et
3038 4082 3237 4127 nostrae
3300 4075 3690 4131 imbecillitatis
3723 4117 3738 4140 ,

2153 4156 2296 4223 quod
2329 4173 2349 4207 ι
2385 4173 2491 4211 non
2517 4158 2798 4216 timuimus
2830 4162 3171 4219 Dominum.»
3204 4165 3335 4232 Qua:
3367 4181 3499 4236 ergo
3532 4168 3741 4224 utilitas

2151 4263 2220 4303 ex
2252 4249 2530 4305 dominis?
2556 4251 2750 4321 inquit.
2790 4252 2933 4308 Nihil
2976 4255 3139 4326 igitur
3160 4265 3280 4311 erat
3307 4259 3451 4327 quod
3517 4260 3741 4315 dictita-

2153 4340 2305 4404 bant,
2348 4340 2455 4396 nisi
2487 4357 2769 4399 sermones
2816 4346 3127 4415 mendaces,
3149 4356 3205 4401 et
3265 4359 3737 4417 testamentorum,

2152 4445 2247 4486 seu
2314 4434 2706 4503 promissorum
2786 4438 3039 4504 vanitas;
3101 4440 3388 4495 consuevit
3454 4442 3599 4497 enim
3657 4444 3741 4497 di-

2154 4523 2275 4578 vina
2345 4525 2629 4597 Scriptura
2726 4530 3116 4598 promissiones
3182 4532 3455 4602 appellare
3556 4544 3738 4592 testa-

463 4589 574 4660 γὰρ
632 4596 699 4663 τῇ
771 4593 892 4668 θείᾳ
951 4598 1183 4672 Γραφῇ,
1250 4601 1519 4674 διαθήκας
1585 4582 1883 4662 ἀποκαλεῖν
1946 4582 2049 4674 τὰς
2082 4582 2125 4637 D
2156 4628 2361 4673 menta.

460 4681 817 4752 ἐπαγγελίας.

536 4776 707 4845 Σοφὸν
752 4773 846 4831 οὖν
886 4780 1018 4850 ἄρα,
1070 4782 1166 4837 καὶ
1214 4786 1417 4850 παντὸς
1455 4788 1677 4843 ἐπαίνου
1724 4793 1944 4861 μεστὸν,
1986 4793 2049 4847 τὸ

458 4869 785 4923 ’πεποιθέναι
832 4874 1035 4943 μᾶλλον
1070 4877 1165 4930 ἐπὶ
1194 4878 1336 4949 Θεῷ,
1366 4881 1464 4934 καὶ
1514 4882 1589 4953 μὴ
1618 4886 1733 4947 τοῖς
1761 4884 1869 4938 τῶν
1906 4885 2047 4940 πλα-

463 4960 680 5015 νώντων
713 4965 1092 5038 ἀποφέρεσθαι
1123 4969 1322 5039 λόγοις,
1353 4974 1448 5027 ἐπὶ
1468 4974 1531 5027 τὸ
1558 4977 1925 5048 προσκρούειν
1962 4979 2043 5050 τῷ

452 5053 602 5124 Θεῷ,
648 5056 936 5125 ἐμφρόνως
984 5059 1043 5113 δὲ
1084 5061 1281 5131 μᾶλλον
1314 5065 1422 5135 πρὸ
1468 5066 1662 5137 πείρας
1701 5069 1873 5139 αὐτῆς
1908 5071 2045 5125 ἀπο-

459 5147 652 5216 φοιτᾷν
694 5147 796 5216 τῆς
839 5149 1034 5221 ὀργῆς,
1074 5154 1169 5207 καὶ
1216 5155 1291 5227 μὴ
1326 5157 1423 5227 ὀψὲ
1466 5159 1738 5225 παθόντας
1778 5162 2040 5237 ὀλοφύρε-

457 5237 607 5302 σθαι,
645 5240 800 5308 μόλις
836 5244 918 5304 είς
942 5243 1200 5315 ἀνόνητον
1233 5247 1410 5313 ἰόντας
1438 5252 1879 5324 ὑστεροϐουλίαν.

541 5331 841 5386 Ἀνατελεῖ
854 5334 935 5401 ὡς
950 5333 1249 5405 ἄγρωστις
1269 5342 1448 5411 κρίμα
1465 5342 1565 5397 ἐπὶ
1580 5343 1807 5414 χέρσον
1824 5346 2035 5417 ἀγροῦ,

455 5418 537 5485 τῷ
566 5423 775 5492 μόσχῳ
798 5425 910 5479 τοῦ
936 5426 1109 5482 οἴκου
1135 5428 1241 5485 ὧν.

527 5508 673 5562 PII".
713 5512 778 5563 Ἠ
801 5514 1077 5584 ἀγρωστις
1109 5518 1303 5588 φύεται
1332 5523 1392 5576 ἐν
1417 5525 1627 5596 ἀγροῖς,
1663 5528 1900 5599 μάλιστα
1924 5534 2039 5597 τοῖς

2227 4792 2456 4862 Sapiens
2505 4794 2689 4866 itaque
2742 4798 2941 4852 factum
2993 4808 3050 4855 et
3104 4802 3252 4856 omni
3312 4803 3471 4859 laude
3518 4806 3734 4875 plenum

2155 4884 2265 4951 pati
2307 4895 2529 4953 propter
2570 4889 2757 4953 Deum,
2784 4906 2883 4946 nec
2944 4894 3318 4949 seducentium
3384 4901 3729 4954 sermonibus

2152 4977 2217 5029 ad
2263 4976 2436 5046 ipsum
2476 4977 2852 5037 offendendum
2890 4986 3117 5052 abduci;
3175 4988 3270 5043 sed
3328 5000 3454 5043 ante
3506 4995 3734 5060 experi-

2148 5069 2354 5123 entiam
2406 5069 2542 5124 iram
2582 5072 2700 5142 ejus
2743 5073 3052 5143 declinare,
3108 5093 3177 5133 ne
3221 5082 3395 5149 puniti
3436 5082 3547 5150 jam
3605 5100 3730 5139 sero

2147 5160 2757 5235 plorantes,aliquando
2822 5170 3037 5226 tandem
3075 5173 3142 5226 ad
3166 5179 3460 5244 posteriora
3502 5180 3729 5233 consilia

2150 5253 2418 5310 inutiliter
2451 5259 2867 5317 descendamus.

2220 5345 2350 5402 lein.
2378 5347 2595 5404 Orietur
2615 5352 2750 5405 sicut
2774 5370 2987 5423 gramen
2998 5357 3265 5425 judicium
3290 5375 3444 5429 super
3465 5360 3727 5417 desertum

2148 5442 2286 5509 agri,
2323 5441 2481 5495 vitulo
2510 5444 2698 5499 domus
2727 5444 2824 5501 ὥν.
3741 5453 3753 5505 I

2216 5534 2395 5591 CXIII.
2437 5536 2686 5606 Agrestis
2719 5540 2962 5596 nascitur
2992 5542 3045 5596 in
3086 5544 3252 5613 agris,
3307 5545 3535 5602 inaratis
3589 5563 3727 5617 prae-

452 5598 743 5671 ἀνηρότοις
790 5607 883 5659 καὶ
914 5612 1366 5682 κεχερσωμένοις,
1386 5598 1816 5691 καταδράττεται
1840 5623 1919 5691 δὲ,
1940 5626 2036 5679 καὶ

2162 5628 2331 5681 εειιίιιι
2373 5639 2426 5684 ct
2458 5629 2709 5698 desertis,
2749 5644 2947 5688 terram
2979 5635 3193 5691 obviam
3231 5649 3283 5692 et
3329 5639 3562 5694 vicinam
3608 5656 3724 5695 ma-

518 5778 573 5810 "
608 5779 794 5840 Matth.
834 5801 904 5854 γι,
940 5786 1029 5845 ει.
1109 5794 1152 5825 ⁸³
1178 5793 1314 5850 Psal.
1354 5811 1480 5859 LXII,
1514 5799 1594 5853 Il.
1672 5801 1715 5832 ⁸⁸
1743 5800 1882 5856 Psal.
1915 5818 2062 5871 xxvi,
2090 5804 2140 5856 εὶ.
2194 5852 2200 5861 .
