4110 6368
400 337 507 406 943

1398 348 1456 405 S.
1499 346 1774 404 CYRILLI
1811 345 2284 405 ALEXANDRINI
2324 344 2637 403 ARClllEP.

3563 337 3668 396 ΞΗ

402 489 503 537 tum
538 471 751 529 luxurie
802 471 1121 542 corripiens.
1161 470 1343 540 Serpit
1375 470 1520 524 enim
1567 468 1620 523 in
1658 469 1848 533 latum,
1880 482 1967 523 net

2088 468 2233 539 μάλα
2259 465 2523 529 νεανικῶς
2551 464 2650 535 τῆς
2674 461 3097 534 παρατυχούσης
3148 461 3244 515 καὶ
3267 458 3509 529 γείτονος
3537 458 3664 528 γῆς.

410 564 653 619 cohiberi
708 573 886 633 potest
932 564 1003 618 ab
1038 563 1105 617 iis
1141 562 1233 632 qui
1269 562 1384 630 ejus
1429 561 1570 615 ultra
1630 569 1801 616 metas
1852 573 1979 629 pro-

403 659 743 726 pagatiouem
775 670 1031 712 coercere
1054 666 1341 710 conantur.
1383 672 1404 705 ι
1426 653 1698 708 Judicium
1733 670 1752 704 ι
1781 652 1977 721 igitur,

403 750 581 817 inquit
633 751 652 819 (
678 764 707 802 a
748 748 859 803 Deo
902 747 1201 817 utique),t
1237 746 1398 800 veluti
1450 744 1687 814 agrostis
1734 744 1978 813 quaedam

402 853 568 906 super
594 838 863 893 desertum
892 838 1035 908 agri,
1071 837 1347 892 exorietur
1399 837 1568 890 vitulo
1599 834 1793 889 domus
1825 834 1921 887 ὧν.
1957 854 1975 885 ι

403 928 634 982 Perinde
677 943 742 983 ac
771 943 831 984 se
856 929 1034 984 dicat:
1067 927 1342 982 Sententia
1400 925 1721 995 perditionis
1784 933 1838 979 et
1881 940 1982 979 nu-

405 1031 491 1075 tus
547 1021 776 1090 pnnieus
819 1021 924 1076 erit
951 1036 981 1075 a
1016 1019 1573 1088 me.Compreliendet
1623 1025 1801 1073 autem
1866 1026 1981 1071 tan-

401 1128 566 1181 quam
604 1113 836 1182 agrostis
868 1113 1117 1177 vitulum,
1150 1113 1265 1168 sive
1305 1111 1446 1166 idola
1488 1110 1693 1180 templi,
1734 1110 1877 1181 quod
1898 1120 1982 1164 est

401 1205 457 1260 in
505 1205 691 1260 Betbel
720 1222 735 1270 ;
768 1204 870 1259 hoc
925 1203 1069 1258 enim
1137 1201 1237 1256 sibi
1290 1201 1400 1254 vult
1432 1219 1451 1252 ι
1486 1202 1678 1255 domus
1702 1199 1797 1254 ὦν.
1835 1220 1855 1254 ι
1889 1200 1981 1256 Sic

402 1312 636 1366 namque
668 1295 759 1351 alii
785 1296 1109 1364 interpretes
1149 1294 1455 1356 ediderunt,
1485 1312 1505 1345 ι
1562 1293 1713 1348 vituli
1781 1292 1977 1348 domus

403 1389 611 1444 Bethel.
659 1407 678 1441 ι
739 1388 1094 1457 Septuaginta
1159 1385 1319 1459 145
1387 1401 1517 1442 vero
1577 1401 1676 1456 pro
1729 1404 1750 1438 ι
1786 1385 1980 1441 domus

400 1479 610 1544 Belltel,
642 1499 661 1532 ι
681 1478 1073 1534 transtulerunt
1100 1478 1323 1533 (domus
1370 1475 1466 1541 ὥν,
1502 1496 1521 1529 ι
1554 1476 1787 1533 Causam
1813 1491 1977 1546 supra

399 1570 819 1639 explicavimus;
852 1577 1229 1624 verumtamen
1286 1576 1528 1636 repetere
1585 1580 1692 1620 non
1748 1565 1975 1635 pigebit.

399 1664 565 1717 Luuze
599 1662 788 1726 tilium,
817 1662 948 1717 solis
994 1670 1241 1731 nepotem
1272 1660 1408 1728 Apin
1462 1656 1705 1729 .Egyptii
1765 1657 1977 1713 fabula-

400 1757 625 1816 bantur,
654 1752 795 1822 apud
826 1765 965 1822 quos
1000 1750 1082 1806 sol
1108 1759 1195 1804 est
1234 1767 1253 1801 ι
1280 1745 1376 1802 ὢν.
1405 1765 1426 1799 ι
1460 1745 1541 1800 Ad
1578 1753 1974 1814 repraesentan-

2087 563 2311 633 Διέρπει
2350 560 2460 631 γάρ
2490 576 2608 622 πως
2646 559 2728 620 εἰς
2759 556 2819 610 τὸ
2865 556 3020 627 εὐρὺ,
3064 554 3160 615 καὶ
3195 553 3276 609 ἔτι
3316 550 3666 620 δυσκαταγὼ-

2088 671 2268 718 νιστος
2309 656 2422 716 τοῖς
2467 651 2747 720 ἀνείργειν
2794 649 2965 719 αὐτῆς
3016 647 3261 703 ἐθέλουσι
3304 644 3396 699 τὸν
3434 645 3521 699 ἀεὶ
3557 643 3666 698 τῶν

2089 746 2513 819 παρακειμένων
2546 742 2805 797 ἐπέκεινα
2845 742 3063 813 δρόμον.
3121 758 3140 792 ι
3172 739 3365 813 Κρίμα
3397 758 3417 793 ι
3461 737 3663 800 τοίνυν,

2089 839 2243 911 φησι,
2269 838 2446 910 (δῆλον
2470 838 2547 903 δὲ,
2575 838 2656 890 ὅτι
2682 836 2813 906 παρ’
2849 834 3016 889 αὐτοῦ
3044 832 3140 887 τοῦ
3167 832 3326 902 Θεοῦ)
3362 850 3383 883 r
3410 830 3664 899 καθάπερ

2087 930 2365 1002 ἄγρωστις
2393 928 2479 979 ἐπ’
2508 925 2681 998 ἀγροῦ
2707 925 2905 996 χέρσον
2948 922 3197 977 ἀνατελεῖ
3223 919 3302 992 τῷ
3346 920 3531 993 μόσχῳ
3568 918 3662 972 τοῦ

2084 1020 2233 1077 οἴκου
2258 1016 2355 1073 ὦν.
2385 1036 2404 1067 ι
2437 1017 2660 1086 Ὅμοιον
2686 1014 2761 1077 ὼς
2790 1014 2838 1066 εἰ
2868 1011 3035 1081 λέγοι·
3067 1010 3260 1081 Ψῆφος
3300 1007 3544 1079 ὀλέθρου,
3571 1006 3665 1064 καὶ

2087 1113 2264 1183 νεῦμα
2291 1108 2519 1173 κολάζον
2548 1108 2702 1161 ἔσται
2735 1108 2866 1178 παρ’
2891 1104 3047 1176 ἐμοῦ.
3075 1101 3492 1174 Καταδράξεται
3513 1100 3572 1153 δὲ
3587 1099 3666 1163 ὡς

2086 1210 2364 1278 ἄγρωστις
2395 1202 2490 1259 τοῦ
2529 1201 2755 1273 μόσχου,
2791 1200 2910 1271 ἦτοι
2934 1197 3044 1251 τῶν
3076 1196 3435 1267 σεϐασμάτων
3467 1192 3559 1248 τοῦ
3583 1192 3665 1249 ὃν·

2084 1315 2176 1361 τος
2204 1294 2335 1351 ναοῦ
2366 1294 2510 1349 κατά
2540 1293 2638 1364 τὴν
2663 1290 2891 1362 Βαιθὴλ,
2937 1288 3193 1360 σημαίνει
3222 1287 3332 1363 γάρ
3364 1285 3521 1344 τοῦτο
3559 1304 3577 1336 ι
3601 1285 3662 1341 '0

2084 1386 2233 1453 οἶκος
2257 1386 2351 1441 τοῦ
2392 1384 2487 1440 ὢν.
2519 1404 2538 1438 ι
2560 1381 2923 1441 Ἐκδεδὼκασι
2951 1381 3050 1452 μὲν
3074 1383 3182 1452 γὰρ
3208 1382 3257 1434 οἰ
3286 1380 3463 1456 ἕτεροι
3496 1378 3660 1437 πάλιν

2086 1479 2442 1554 ἑρμηνευταί,
2466 1477 2562 1531 τοῦ
2590 1476 2794 1548 μόσχου
2823 1475 2918 1530 τοῦ
2947 1475 3097 1529 οἷκον
3127 1472 3353 1544 Βαιθήλ.
3399 1473 3463 1526 Οἱ
3499 1470 3556 1525 δέ
3594 1486 3660 1539 γε

2084 1574 2455 1644 ἐϐδομήκοντα
2482 1568 2603 1623 ἀντὶ
2651 1568 2745 1623 τοῦ
2802 1586 2822 1620 ι
2858 1567 3008 1621 οἴκου
3056 1564 3283 1636 Βαιθὴλ,
3329 1563 3479 1617 οἴκου
3511 1562 3589 1615 ὢν
3634 1579 3652 1613 ι

2084 1667 2361 1737 εἰρήκασι.
2410 1663 2520 1716 Καὶ
2562 1661 2661 1733 τὴν
2710 1660 2891 1714 αἰτίαν
2929 1658 3030 1731 ήδη
3081 1656 3418 1728 προείπομεν
3456 1656 3515 1707 ὲν
3547 1655 3662 1717 τοῖς

2082 1757 2357 1828 ἀνωτέρω.
2386 1754 2532 1826 Πλὴν
2559 1752 2711 1807 οὐδὲν
2740 1750 3020 1814 ὀκνοῦντες
3044 1750 3450 1821 ύπομνὴσομεν.
3492 1745 3663 1816 Σελή-

400 1850 525 1901 dum
556 1861 686 1903 vero
711 1846 849 1916 Apin
898 1854 1017 1901 erat
1047 1842 1267 1909 vitulus,
1298 1854 1459 1912 quem
1504 1838 1632 1894 fecit
1660 1836 1967 1894 Jeroboam.

2074 1867 2172 1920 νης
2200 1849 2297 1920 μὲν
2332 1848 2441 1919 γὰρ
2467 1846 2656 1900 τέκνον
2674 1886 2689 1910 ,
2717 1843 2941 1913 ἔκγονον
2973 1843 3031 1898 δὲ
3061 1842 3214 1914 ἡλίου
3241 1841 3333 1894 τὸν
3358 1840 3525 1894 Ἀπιν
3564 1838 3663 1893 Δί·-

398 1938 587 2009 ltaque
612 1947 668 1992 ut
691 1922 925 2008 agrestis
979 1934 1466 2005 comprehenderis,
1504 1933 1699 2003 inquit,
1743 1938 1799 1986 et
1852 1931 1975 1984 viu-

399 2045 531 2082 cens
569 2026 827 2097 quidquid
869 2025 1155 2097 apponitur
1185 2025 1612 2090 obstaculorum,
1652 2021 1913 2093 judicium
1949 2035 1980 2074 a

399 2135 489 2174 me
531 2120 872 2174 exercebitur
902 2136 921 2171 ι
953 2117 1121 2172 vitulo
1153 2117 1347 2172 domus
1398 2115 1528 2182 div,»
1593 2116 1709 2171 sive
1766 2113 1975 2171 Betliel.

400 2213 628 2280 Semper
657 2210 802 2265 enim
851 2209 1090 2265 divinum
1115 2222 1313 2268 numen
1343 2208 1551 2264 viribus
1586 2206 1750 2278 pollet
1806 2207 1980 2261 maxi-

398 2304 524 2367 mis,
550 2313 604 2359 et
636 2303 757 2374 ejus
796 2303 950 2358 nutui
995 2301 1252 2357 resistere
1314 2300 1449 2356 nihil
1502 2302 1666 2355 valet.
1698 2319 1717 2352 ι
1757 2297 1975 2353 Manum

398 2396 542 2448 enim
610 2395 877 2450 excelsam
942 2395 1064 2465 quis
1118 2402 1329 2449 avertet
1375 2393 1422 2426 ⁸⁸
1468 2394 1493 2447 ?
1533 2410 1554 2445 ι
1611 2402 1670 2448 ut
1716 2390 1974 2459 scriptum

397 2495 498 2538 ρει.

469 2758 633 2816 Vnus.
659 2761 711 2815 5.
741 2759 1009 2830 Peregrini
1028 2771 1073 2813 et
1099 2760 1292 2813 accola:
1320 2771 1470 2814 erunt
1499 2761 1793 2814 habitantes
1857 2759 1963 2813 Sa-

392 2853 648 2918 mariam,
673 2854 798 2922 quia
818 2854 952 2907 luxit
983 2851 1204 2921 populus
1233 2851 1347 2921 ejus
1384 2868 1539 2919 super
1574 2869 1713 2905 eum.
1744 2851 1808 2904 Et
1838 2854 1972 2905 sicut

392 2943 835 2997 exacerbaverunt
861 2959 1000 3006 eum,
1031 2942 1329 3011 gaudebunt
1373 2959 1529 3011 super
1577 2942 1800 3013 gloriam
1834 2946 1967 3012 ejus.

463 3132 650 3190 CXIV.
691 3132 770 3188 En
832 3131 1064 3189 dilucide
1117 3132 1359 3193 declarat
1402 3133 1665 3205 judicium
1713 3147 1963 3204 compre-

2081 1943 2300 2013 γύπτιοι
2336 1937 2846 2011 μυθοπλαστοῦντες
2875 1936 3082 2005 ἔλεγον.
3121 1936 3247 1988 «Ὃν
3268 1952 3288 1986 ι
3315 1932 3372 1985 δέ
3392 1933 3509 1985 ἐστι
3534 1931 3661 1984 κατ’

2079 2037 2278 2099 αὐτοὺς
2326 2036 2354 2088 ὁ
2392 2032 2563 2105 ἥλιος.
2603 2032 2698 2095 Εἰς
2730 2030 2903 2084 τύπον
2946 2026 3137 2083 δὲτοῦ
3181 2026 3310 2098 παρ’
3340 2022 3660 2094 Αἰγυπτίοις

2082 2126 2308 2189 Ἀπιδος
2332 2126 2366 2193 ἡ
2400 2123 2633 2193 δάμαλις
2658 2117 2749 2193 ἦν,
2783 2122 2850 2193 ἢν
2877 2120 3133 2191 εποίησεν
3173 2116 3479 2190 Ἰεροόοάμ.
3517 2115 3661 2169 Οὐκ-

2077 2218 2189 2279 οῦν,
2220 2218 2296 2281 ὡς
2316 2219 2591 2287 ἇγρωστις
2616 2212 3125 2285 καταδραττομένη,
3151 2212 3306 2284 φησὶ,
3336 2210 3430 2265 καὶ
3449 2208 3659 2267 νικῶσα

2077 2313 2187 2365 πᾶν
2251 2312 2375 2364 ὅσον
2410 2310 2529 2364 ἐστὶ
2561 2307 2968 2377 παρακείμενον
3001 2307 3177 2376 κρίμα
3206 2304 3496 2375 γενήσεται
3526 2299 3658 2370 παρ’

2075 2401 2247 2474 ἐμοῦ,
2293 2422 2311 2453 ι
2349 2400 2426 2473 τῷ
2461 2402 2645 2473 μόσχῳ
2694 2400 2792 2453 τοῦ
2837 2394 2991 2451 οἴκου
3036 2396 3153 2461 ὢν,
3191 2413 3212 2449 ι
3262 2396 3383 2467 ἦτοι
3427 2392 3653 2463 Βαιθήλ.

2076 2493 2358 2557 Παναλκὲς
2387 2493 2496 2564 γὰρ
2524 2492 2584 2546 τὸ
2613 2492 2755 2545 θεῖον
2783 2490 2890 2553 ἀεὶ,
2919 2490 3015 2543 καὶ
3043 2489 3157 2552 τοῖς
3184 2486 3351 2541 αὐτοῦ
3389 2484 3657 2555 νεύμασιν

2072 2587 2227 2641 οὐδὲν
2262 2586 2416 2641 ἔσται
2454 2584 2518 2639 τὸ
2559 2582 2938 2639 ἀντιστατοῦν.
2991 2600 3009 2634 ι
3044 2580 3156 2652 Τὴν
3198 2578 3308 2650 γὰρ
3356 2580 3518 2649 χεῖρα
3552 2574 3655 2647 τὴν

2074 2680 2285 2751 ὑψηλὴν
2318 2679 2407 2741 τίς
2441 2677 2811 2748 ἀποστρέψει;
2852 2694 2871 2728 ι
2914 2674 3056 2729 κατά
3084 2672 3147 2727 τὸ
3171 2669 3581 2742 γεγραμμένον.

2144 2772 2635 2843 Παροικήσουσιν
2692 2773 2745 2823 οἱ
2792 2765 3213 2830 κατοικοῦντες
3279 2758 3651 2829 Σαμάρειαν.

2072 2867 2162 2921 ὅτι
2189 2864 2528 2933 ἐπένθησεν
2557 2860 2708 2928 λαὸς
2732 2858 2919 2915 αὑτοῦ
2956 2859 3049 2911 ἐπ’
3079 2856 3285 2913 αὐτόν.
3320 2852 3430 2907 Καὶ
3459 2849 3653 2915 καθὼς

2071 2956 2526 3027 παρεπίκραναν
2570 2954 2778 3019 αὑτὸν,
2815 2948 3241 3019 ἐπιχαροῦνται
3283 2945 3383 2999 ἐπὶ
3415 2943 3529 3014 τὴν
3556 2941 3653 2998 δός

2072 3049 2189 3115 ξαν
2213 3045 2421 3103 αὑτοῦ.

2140 3142 2288 3197 ΡΙΔ’,
2349 3138 2485 3193 Ἰδοὺ
2529 3137 2596 3209 δὴ
2644 3135 2968 3205 καθίστησιν
3014 3131 3243 3203 ἐναργὲς
3272 3129 3334 3184 τὸ
3363 3129 3537 3202 κρίμα
3588 3126 3653 3182 τδ

392 3226 636 3281 Ιιειιόεηε
687 3223 935 3289 vitulum,
966 3236 1021 3280 et
1084 3227 1258 3280 instar
1307 3225 1540 3293 agrostis
1596 3240 1655 3281 se
1706 3225 1964 3281 dilatandi

2072 3208 2704 3302 καταδραττόμενοντοῦ
2750 3225 2974 3298 μόσχου,
3000 3222 3096 3277 καὶ
3124 3223 3458 3294 ἀγρώστεως
3495 3219 3654 3290 δίκην

390 3316 500 3375 vim
536 3316 762 3383 habens,
793 3325 982 3372 contra
1012 3332 1131 3386 qua:
1152 3317 1263 3371 Deo
1302 3317 1477 3373 visum
1512 3315 1695 3372 fuerit.
1727 3316 1973 3372 Meminit

392 3420 572 3465 autem
617 3418 675 3464 et
713 3425 856 3465 nunc
888 3409 1147 3476 historiae,
1179 3423 1340 3478 quam
1393 3406 1576 3464 atierri
1619 3410 1672 3465 in
1731 3410 1967 3465 medium

389 3514 482 3556 res
555 3499 818 3568 postulat,
855 3500 1013 3557 aliter
1069 3500 1217 3555 enim
1264 3501 1543 3557 oraculum
1587 3501 1729 3556 haud
1787 3503 1966 3571 perci-

395 3590 629 3657 piemus.
686 3589 945 3651 Solebant
984 3606 1173 3645 omnes
1230 3592 1322 3662 qui
1353 3592 1495 3647 idola
1529 3591 1846 3662 suppliciter
1878 3607 1968 3648 ver

390 3684 743 3749 uerabantur,
790 3683 1005 3738 miseris
1057 3684 1390 3754 temporibus
1454 3691 1512 3738 et
1573 3684 1821 3739 hostibus
1879 3684 1968 3739 in-

389 3774 727 3845 gruentibus,
760 3775 807 3830 si
853 3775 1032 3846 inopia
1093 3776 1335 3846 pecunia:
1393 3774 1856 3840 conﬂictarentur,
1889 3776 1969 3845 ip-

389 3883 449 3921 sa
494 3880 708 3936 quoque
773 3866 1093 3935 templorum
1139 3866 1481 3922 anathemata
1532 3876 1586 3922 et
1623 3866 1846 3923 donaria
1900 3867 1966 3922 ad

389 3974 547 4012 usum
571 3974 725 4013 suum
750 3969 1085 4014 convertere.
1115 3958 1393 4014 Traditum
1421 3971 1504 4015 est
1526 3960 1706 4030 itaque
1737 3961 1788 4013 in
1812 3958 1967 4014 libris

390 4050 623 4121 Regum,
665 4065 793 4121 rege
829 4050 1000 4122 Syria:
1034 4050 1268 4105 Manaim
1297 4051 1458 4107 urbes
1494 4051 1756 4107 Samaria:
1787 4051 1965 4106 adori-

385 4156 532 4209 ente,
581 4152 692 4198 tum
733 4157 913 4214 regem
944 4144 1183 4211 lsraelis,
1207 4144 1347 4214 quod
1376 4160 1534 4214 pares
1584 4148 1650 4200 ad
1703 4145 1963 4200 resisten-

386 4239 513 4291 dum
565 4237 750 4308 copias
797 4251 902 4291 non
948 4236 1193 4303 haberet,
1228 4237 1296 4291 ad
1348 4236 1577 4295 Phulam
1614 4238 1962 4309 Assyriorum

384 4344 567 4399 regem
611 4330 818 4399 legatos
860 4329 1091 4394 misisse,
1138 4346 1370 4399 eumque
1426 4330 1584 4386 donis
1636 4330 1917 4400 impulisse
1943 4371 1960 4395 ,

383 4419 461 4473 uti
500 4434 562 4476 se
617 4418 918 4488 adiuvaret,
948 4428 1003 4472 et
1029 4417 1226 4491 Syrum
1276 4418 1592 4489 depelleret;
1624 4420 1766 4489 quod
1790 4429 1846 4475 et
1873 4416 1959 4474 fa-

380 4519 529 4563 ctum
583 4519 688 4565 est.
725 4508 786 4564 Vi
821 4510 964 4564 enim
999 4520 1055 4565 et
1106 4510 1304 4564 virtute
1357 4510 1679 4567 Damascum
1724 4525 1960 4581 occupa-

2070 3326 2458 3399 ὲξευρύνεσθαι
2489 3322 2755 3392 πεφυκὸς,
2780 3319 2901 3374 καθ’
2932 3311 3118 3391 ὧνπερ
3145 3317 3213 3372 ἂν
3235 3315 3478 3387 βούλοιτο
3494 3313 3649 3378 Θεός.

2082 3419 2347 3490 ’ἱστορίας
2384 3416 2441 3469 δὲ
2470 3414 2841 3486 διαμέμνηται
2870 3413 2966 3467 καὶ
2991 3410 3105 3475 νῦν,
3133 3411 3201 3482 ἣν
3236 3409 3535 3477 ἀναγκαῖον
3570 3409 3650 3461 εἰ-

2075 3514 2219 3564 πεῖν’
2257 3510 2578 3580 συνήσωμεν
2605 3505 2714 3576 γὰρ
2743 3504 2862 3568 ὡδὶ,
2897 3502 2990 3559 καὶ
3003 3502 3101 3573 οὐχ
3120 3500 3344 3573 ἑτέρως,
3363 3498 3425 3552 τὸ
3443 3514 3653 3569 χρησμο

2065 3600 2389 3672 ῳδούμενον.
2428 3596 2590 3660 Ἐθος
2627 3591 2696 3667 ἦν
2739 3594 2910 3651 ἅπασι
2937 3595 3048 3656 τοῖς
3077 3590 3311 3645 εἰδώλων
3340 3605 3653 3661 προσκυνη-

2064 3694 2209 3755 ταϊς,
2241 3689 2436 3762 καιροῦ
2461 3686 2902 3749 καταθλίϐοντος,
2927 3684 3023 3739 καὶ
3044 3682 3323 3754 πολεμίων
3345 3679 3649 3759 ἐφεστηκό-

2062 3800 2193 3848 των,
2229 3784 2278 3836 εἰ
2308 3783 2367 3835 ὲν
2404 3780 2581 3849 ἐνδείᾳ
2613 3778 2859 3847 γένοιντο
2894 3776 3215 3847 χρημάτων,
3245 3772 3515 3833 ἅπτεσθαι
3552 3772 3650 3825 καὶ

2065 3870 2244 3925 αὐτῶν
2277 3868 2385 3925 τῶν
2418 3870 2476 3922 ἐν
2517 3869 2633 3930 τοῖς
2662 3866 2946 3936 τεμένεσιν
2991 3863 3380 3936 ἀναθημάτων,
3434 3865 3650 3935 Γέγρα-

2066 3979 2197 4016 πται
2223 3960 2403 4014 τοίνυν
2447 3960 2507 4013 ὲν
2544 3961 2663 4023 ταῖς
2703 3958 3044 4024 Βασιλείαις,
3094 3958 3178 4011 ὃτι
3229 3956 3648 4028 πολιορκοῦντος

2061 4054 2161 4117 τὰς
2196 4055 2256 4111 ὲν
2294 4051 2583 4124 Σαμαρείᾳ
2625 4050 2808 4112 πόλεις
2846 4048 2940 4103 τοῦ
2974 4048 3236 4119 βασιλέως
3266 4050 3492 4121 Συρίας,
3526 4050 3649 4107 Μα-

2062 4147 2218 4219 ναῒμ,
2257 4147 2319 4201 τὸ
2349 4147 2605 4218 τηνικάδε
2658 4144 2957 4217 βασιλεύων
2979 4144 3073 4199 ἐπὶ
3113 4145 3206 4199 τὸν
3246 4142 3485 4216 Ἰσραὴλ,
3524 4137 3649 4198 εἶτα

2061 4242 2183 4303 ταῖς
2218 4241 2361 4305 ῖσαις
2392 4240 2688 4311 δυνάμεσιν
2712 4238 3102 4307 ἀντιφέρεσθαι
3143 4237 3281 4310 πρὸς
3305 4239 3514 4297 ἐκεῖνον
3544 4237 3647 4293 οὐκ

2062 4332 2223 4404 ἔχων,
2255 4330 2625 4403 ὲπρεσϐεύετο
2657 4331 2794 4402 πρὸς
2823 4332 3031 4387 Φούλαν
3060 4329 3151 4383 τὸν
3186 4329 3298 4388 τῶν
3342 4328 3646 4401 ’Λσσυρίων

2064 4425 2305 4498 βασιλέα,
2338 4425 2435 4479 καὶ
2464 4422 2659 4495 δώροις
2690 4423 2975 4478 ἀνέπειθεν
3012 4422 3293 4493 ὲπαμῦναί
3318 4423 3377 4476 τέ
3405 4423 3491 4487 οἰ,
3548 4422 3645 4479 καὶ

2062 4518 2368 4588 ἀποστῆσαι
2392 4516 2485 4571 τὸν
2524 4515 2717 4588 Σύρον,
2747 4517 2775 4570 ὃ
2806 4516 2871 4589 δὴ
2896 4518 2990 4571 καὶ
3015 4516 3345 4574 τετέλεσται.
3376 4510 3504 4570 En;
3532 4515 3643 4587 γὰρ

381 4604 478 4669 vit,
514 4606 800 4674 ipsumque
840 4602 984 4658 Ader
1040 4603 1334 4658 interfecit.
1374 4604 1540 4658 Aiunt
1582 4605 1764 4674 igitur,
1814 4610 1959 4675 quod

2072 4587 2273 4673 ἐκεῖνος
2306 4609 2451 4664 κατά
2490 4587 2693 4681 κράτος
2725 4608 2825 4680 τὴν
2859 4587 3176 4680 Δαμασκόν.
3196 4610 3558 4679 Ἀποσφάττει
3582 4609 3643 4667 δὲ

380 4712 501 4748 cum
537 4696 725 4765 ingens
757 4695 870 4748 auri
895 4694 1101 4765 pondus
1124 4708 1473 4765 quaereretur,
1498 4696 1549 4750 in
1576 4712 1668 4753 ens
1685 4700 1962 4768 angustias

380 4788 615 4843 Mauaim
662 4788 963 4857 coniectum
1018 4804 1158 4857 esse,
1205 4798 1261 4842 ut
1293 4805 1455 4843 unum
1485 4804 1701 4860 quoque
1733 4790 1955 4847 vitulum

380 4895 606 4935 aureum
657 4879 1021 4944 subtraheret,
1057 4893 1113 4935 et
1166 4896 1260 4950 per
1293 4880 1498 4952 legatos
1546 4882 1651 4938 illis
1680 4884 1958 4939 transmit-

376 4983 537 5027 teret.
587 4970 858 5041 Luxilque
888 4970 1073 5035 Israel,
1101 4987 1246 5037 cum,
1285 4989 1445 5043 quem
1502 4976 1727 5044 putabat
1754 4976 1948 5042 l‘teum,

374 5068 483 5122 alio
517 5065 658 5119 mitti
696 5064 1058 5134 conspiceret.
1090 5065 1356 5121 Credebat
1389 5068 1760 5133 nihilominus,
1784 5066 1953 5124 frivo-

374 5159 440 5212 lis
519 5159 819 5215 rationibus
862 5172 923 5214 se
986 5159 1159 5226 ipsum
1236 5160 1547 5225 consolans,
1599 5159 1950 5231 Babylonium

374 5254 521 5307 hunc
571 5252 796 5307 vitulum
836 5251 889 5305 in
941 5251 1139 5321 templo
1201 5251 1406 5322 majore
1433 5264 1488 5307 et
1516 5254 1812 5311 illustriore
1839 5255 1951 5311 col-

372 5344 694 5399 locuturum.
749 5344 1013 5400 Praaterea
1044 5362 1073 5399 a
1109 5345 1351 5414 pluribus
1388 5347 1635 5416 gentibus
1663 5349 1944 5403 adoratum

2064 4704 2157 4757 καὶ
2184 4702 2348 4757 αὑτὸν
2375 4702 2467 4755 τὸν
2496 4701 2678 4774 Ἄδερ.
2705 4702 2843 4756 Φασὶ
2873 4702 3074 4769 τοίνυν,
3100 4702 3183 4756 ὅτι
3221 4702 3479 4773 πλείστης
3510 4703 3642 4772 ὅσης

2060 4794 2227 4866 ὁλκῆς
2252 4793 2592 4866 ζητουμένης
2616 4793 2862 4866 χρυσίου,
2880 4793 3143 4865 περιέστη
3167 4793 3355 4848 λοιπὸν
3383 4796 3463 4857 εἰς
3482 4792 3643 4847 τοῦτο

2060 4884 2138 4956 τῷ
2162 4883 2393 4955 Μαναῖμ
2442 4884 2690 4955 ἀνάγκης
2711 4883 2782 4938 τὰ
2810 4884 3136 4955 πράγματα,
3174 4883 3253 4947 ὡς
3277 4886 3371 4938 καὶ
3400 4883 3529 4955 μίαν
3553 4884 3643 4939 δά-

2064 4977 2228 5049 μαλιν
2259 4976 2555 5047 ὑφελέσθαι
2592 4975 2824 5048 χρυσῆν,
2855 4977 2950 5029 καὶ
2973 4976 3390 5030 συναποστεῖλαι
3417 4975 3508 5030 διὰ
3530 4976 3642 5030 τῶν

2061 5067 2366 5139 πρέσϐεων.
2394 5068 2507 5122 Καὶ
2533 5067 2837 5140 τεθρήνηκε
2869 5067 2968 5139 μὲν
2988 5066 3267 5140 όἹσραὴλ,
3295 5069 3363 5140 ἢν
3390 5069 3641 5139 ἐνόμιζεν

2056 5158 2198 5215 εἶναι
2227 5161 2383 5225 Θεὸν,
2422 5160 2853 5233 ὲκπεμπομὲνην
2880 5160 3044 5233 ὁρῶν.
3076 5162 3233 5233 ’ῼετό
3269 5178 3333 5230 γε
3367 5162 3496 5232 μὴν,
3530 5161 3639 5230 ψυ-

2061 5255 2213 5324 χροῖς
2240 5252 2432 5307 ἑαυτὸν
2460 5251 2739 5322 λογισμοῖς
2782 5250 3299 5323 παραμυθούμενος,
3325 5251 3403 5315 ὡς
3430 5253 3489 5304 έν
3518 5253 3641 5321 μει,

2059 5346 2209 5410 ζοσιν
2244 5344 2532 5410 {arcuata}.
2557 5343 2964 5415 λαμπροτέροις
2995 5342 3168 5415 αὐτὴν
3195 5343 3466 5415 ὲνιδρύσει
3488 5345 3638 5407 ναοῖς

374 5437 438 5489 iri
493 5437 855 5505 opinabatur:
882 5453 1046 5508 quam
1084 5438 1325 5507 plurima:
1352 5439 1616 5509 siquidem
1656 5437 1942 5495 Persarum

2072 5442 2082 5493 ὃ
2115 5437 2473 5500 Βαϐυλώνιος.
2523 5436 2766 5490 Διέκειτο
2801 5436 2857 5489 δὲ
2886 5435 3021 5504 πρὸς
3051 5436 3262 5500 τούτοις
3287 5481 3303 5505 ,
3347 5437 3431 5491 ὅτι
3468 5453 3637 5511 προσ-

366 5537 425 5580 et
492 5526 767 5581 Medorum
817 5542 1005 5594 gentes
1074 5543 1447 5586 numerantur.
1489 5530 1723 5588 Mauaim
1788 5533 1948 5604 igitur

370 5618 595 5671 vitulum
629 5628 686 5674 ut
716 5628 854 5687 erat,
894 5630 1065 5678 totum
1113 5641 1179 5679 ex
1239 5640 1370 5680 auro
1436 5640 1571 5695 puro
1628 5637 1756 5695 puto
1811 5642 1944 5681 con-

451 5800 497 5831 “
523 5798 619 5857 ia.
658 5816 767 5866 inv,
798 5800 885 5857 27.

2056 5531 2424 5602 κυνηθήσεται
2471 5529 2566 5583 καὶ
2594 5528 2743 5601 παρὰ
2776 5528 3043 5582 πλειόνων
3084 5530 3276 5584 ἐθνῶν*
3324 5528 3493 5600 μυρία
3523 5529 3637 5599 γὰρ

2054 5627 2154 5679 ὅσα
2182 5625 2302 5680 ἐστὶ
2337 5624 2406 5679 τὰ
2432 5623 2656 5697 Περσῶν
2683 5641 2744 5678 τε
2773 5623 2865 5679 καὶ
2899 5623 3100 5695 Μήδων
3140 5623 3289 5695 ἔθνη.
3328 5624 3385 5678 '0
3410 5623 3509 5695 μὲν
3538 5619 3635 5677 οῦν
