4110 6368
402 350 514 405 2ιὸ

1333 347 1886 407 COMMENTARIUS
1924 350 1992 405 IN
2033 350 2268 408 OSEAM
2300 353 2739 410 PROPIIETAM.

3555 358 3661 416 256

401 469 651 538 Μαναῖμ,
672 467 748 530 ὡς
776 465 906 537 ὃλην
929 459 1095 520 οὖσαν
1119 464 1296 519 διόλου
1337 471 1567 541 χρυσῆν,
1601 469 1858 540 πέπομφε
1886 470 1985 541 τὴν

2103 472 2272 529 latum
2327 475 2494 529 misit.
2534 472 2694 545 146
2737 474 2905 541 Quem
2955 472 3151 528 Phulas
3204 484 3482 543 acceptum
3534 490 3663 531 cono

401 560 653 630 δάμαλιν.
671 559 730 612 '0
779 558 838 611 δέ
872 574 938 627 γε
966 557 1174 622 Φούλας
1218 559 1511 615 συνέθλασε
1544 560 1758 617 λαϐών·
1792 562 1982 635 ἕτερον

375 644 511 723 ’γὰρ
542 654 675 720 παρ’
727 651 956 715 ὲκείνοις
985 651 1047 705 τὸ
1083 651 1268 720 σέϐας,
1316 653 1412 707 καὶ
1440 654 1728 725 δαμάλεως
1756 654 1856 708 οὐκ
1883 656 1982 708 ἀν-

406 746 640 813 ἐχονται.
688 737 823 797 Είτά
864 760 1030 816 φησιν
1086 745 1183 815 οὐχ
1232 745 1509 818 ηὑρῆσθαι
1562 747 1809 818 χρυσῆν,
1853 747 1986 801 ὑπό-

406 832 605 902 χαλκον
632 832 688 886 δὲ
719 832 942 904 μᾶλλον,
966 833 1157 904 χρυσῷ
1188 834 1665 907 διαπεπασμένην.
1681 835 1983 901 Ἐντεῦθεν,

407 925 939 997 φησὶν,ό’ᾼσσύριος
966 927 1196 995 ἐγέλασε
1212 928 1305 982 τὸν
1332 930 1877 1001 Ἐφραῒμ,τουτὲστι,
1894 932 1987 985 τὸν

406 1016 659 1087 Μαναῖμ,
710 1018 802 1071 τὸν
849 1020 914 1071 ὲκ
957 1019 1130 1089 φυλῆς
1170 1019 1410 1093 Ἐφραῖμ
1477 1021 1853 1092 βασιλεύοντα.
1900 1026 1988 1076 Δι-

409 1108 607 1162 ἑπτυσε
651 1109 707 1163 δὲ
745 1109 881 1181 πρὸς
918 1110 1093 1181 τούτῳ
1129 1112 1225 1166 καὶ
1274 1112 1375 1177 τὰς
1407 1113 1501 1166 τοῦ
1543 1112 1756 1185 Ἰσραὴλ
1791 1115 1985 1168 είκαιο-

412 1200 651 1264 δουλίας.
687 1202 985 1273 Είρηκότες
1011 1204 1076 1274 δὴ
1120 1200 1215 1257 οὖν
1251 1206 1352 1276 τῆς
1391 1204 1651 1276 ἱστορίας,
1684 1207 1852 1276 ἡγουν
1892 1206 1990 1277 τῆς

423 1292 688 1365 Ἐϐραίων
724 1293 1075 1364 παραδόσεως
1105 1294 1197 1347 τὸν
1224 1294 1401 1364 λόγον,
1452 1295 1583 1369 φέρε
1609 1295 1793 1350 λοιπὸν
1831 1296 1992 1364 ἀναγ-

412 1385 583 1449 καίως
609 1385 986 1456 ὲπιτρέχωμεν
1005 1386 1102 1458 τὴν
1119 1386 1283 1451 λέξιν.
1310 1387 1690 1451 Δυσκάτοπτος
1715 1387 1842 1459 γὰρ,
1869 1388 1991 1441 Ὅτι

413 1476 841 1546 παροικήσουσιν
879 1478 929 1529 oi
967 1477 1351 1541 κατοικοῦντες
1377 1478 1714 1551 Σαμάρειαν,
1748 1479 1810 1533 τὸ
1847 1496 1992 1551 παρ-

413 1566 748 1637 οικήσουσιν,
799 1567 921 1620 ἀντὶ
958 1566 1053 1621 τοῦ
1102 1569 1539 1639 μετοικήσουσιν,
1588 1570 1707 1640 ἦτοι
1755 1586 1994 1641 μετοικι-

415 1656 721 1729 σθήσονται,
753 1659 936 1729 φησὶν,
964 1659 1014 1711 oi
1039 1657 1133 1712 νῦν
1154 1659 1304 1722 ὄντες
1328 1662 1387 1713 ὲν
1420 1660 1722 1733 Σαμαρείᾳ.
1743 1661 1907 1729 Λέγει
1934 1660 1996 1714 δὲ

410 1751 538 1812 τοὺς
567 1748 818 1820 μόσχους,
837 1751 956 1821 ήτοι
976 1749 1075 1814 τὰς
1121 1750 1382 1822 δαμάλεις
1420 1750 1840 1822 ἐξεπέμφθησαν
1861 1751 1991 1822 γὰρ,

413 1844 490 1906 ὡς
520 1841 676 1912 ἔφην,
710 1844 791 1906 είς
823 1843 1217 1907 Βαϐυλωνίους.
1254 1862 1272 1895 ι
1324 1844 1436 1897 Καὶ⁸
1479 1843 1742 1916 ἐπένθησε
1773 1843 1875 1915 μὲν
1902 1844 1989 1897 ἐπ’
2025 1822 2067 1878 Β

415 1934 600 1995 αὐτοῖς
636 1936 664 1988 6
695 1934 821 1998 λαὸς
850 1933 1038 1989 αὑτοῦ.
1079 1953 1099 1987 ι
1144 1936 1302 1999 Τίνος
1328 1935 1387 1989 δὲ
1415 1936 1615 2003 αύτοῦ;
1648 1936 1681 2007 ἧ
1705 1935 1885 2006 δῆλον,
1908 1935 1992 1989 ὅτι

414 2027 511 2081 τοῦ
538 2026 634 2093 ὢν,
664 2028 693 2081 6
712 2030 848 2094 ἐστι,
872 2027 966 2082 τοῦ
987 2028 1243 2093 Ἀπιδος;
1276 2028 1419 2101 πλὴν
1430 2029 1509 2093 ὡς
1529 2027 1809 2099 ὤφθησαν,
1830 2028 1986 2098 φησὶ,

419 2121 974 2190 παραπικραίνοντες,
1018 2120 1112 2173 καὶ
1154 2120 1512 2189 ἀτιμάζοντες
1557 2120 1720 2174 αὑτὸν
1761 2120 1850 2173 διὰ
1893 2119 1995 2173 τοῦ

420 2212 660 2282 πέμπειν
708 2212 935 2283 ἑτέροις,
984 2212 1129 2266 οὕτω
1182 2211 1508 2283 ἡσθήσονται
1542 2212 1635 2266 ἐπὶ
1685 2212 1785 2285 τὴν
1835 2211 1990 2278 δόξαν

418 2302 605 2357 αὐτοῦ.
630 2303 896 2374 Νομιοῦσι
923 2303 1054 2374 γὰρ,
1075 2304 1158 2357 ὅτι
1189 2303 1285 2357 καὶ
1314 2304 1447 2357 πολὺ
1470 2303 1589 2357 λίαν
1616 2302 2001 2373 εὐκλεέστερος

422 2395 592 2462 ἔσται,
641 2396 793 2467 παρὰ
828 2395 1089 2449 πλειόνων
1120 2395 1290 2449 ἐθνῶν
1323 2395 1820 2467 προσκυνούμενος.
1859 2393 2000 2446 Ἀλλ’

422 2487 775 2558 ἡμαρτήκασι
817 2488 918 2557 τῆς
967 2486 1202 2550 ἐλπίδος.
1238 2485 1680 2559 Συντέθραυσται
1731 2484 1862 2557 γὰρ,
1905 2485 2001 2537 καὶ

423 2577 657 2646 γέλωτος
683 2578 906 2649 ἀφορμὴ
944 2579 1056 2643 τοῖς
1082 2576 1444 2640 Βαϐυλωνίοις
1486 2571 1577 2647 ἦν.
1607 2574 1819 2629 Οὐκοῦν
1850 2591 2001 2628 τετα-

423 2669 775 2741 ὶαιπώρηκεν
822 2672 856 2741 ή
904 2670 1070 2741 στήλη
1128 2667 1309 2722 αύτῶν
1353 2666 1493 2722 κατὰ
1543 2666 1642 2737 τὴν
1691 2664 1857 2719 αὑτοῦ
1904 2665 2000 2718 τοῦ

427 2764 711 2833 προφήτου
745 2763 951 2833 φωνήν.
985 2761 1411 2833 Παρεπίκραναν
1442 2759 1499 2812 δὲ
1530 2758 1622 2813 τὸν
1656 2758 1881 2828 μόσχον,
1904 2757 2004 2825 οὐχ

424 2856 508 2909 ὃτι
559 2854 983 2926 παρεπικράνθη
1034 2852 1176 2907 κατὰ
1216 2853 1279 2906 τὸ
1325 2850 1555 2923 ἀληθὲς·
1614 2849 1732 2912 πῶς
1774 2848 1882 2921 γὰρ
1937 2846 2003 2900 ἂν

426 2948 584 3002 τοῦτο
637 2946 907 2999 πέπονθεν
955 2943 1281 3017 ἀναίσθητος
1314 2942 1446 3015 ὖλη;
1482 2941 1598 2996 ἀλλ’
1632 2942 1716 2995 ὅτι
1753 2939 1863 2993 τῶν
1909 2940 2003 3006 ὲγ-

2084 563 2247 636 fregit
2276 583 2292 633 ;
2319 565 2462 620 aliud
2503 566 2648 620 enim
2695 579 2892 620 numen
2949 564 3159 635 Assyrii
3210 564 3415 631 colunt,
3457 582 3557 622 nec
3588 569 3665 621 vi-

2086 657 2258 709 tulum
2304 656 2606 725 patiuntur.
2640 654 2832 710 Postea
2862 668 2967 711 non
3011 656 3243 725 amplius
3272 671 3519 723 aureum,
3570 660 3664 713 sed

2085 759 2150 800 ex
2183 760 2289 801 aere
2311 759 2549 813 auroque
2580 746 2921 802 commistum
2955 747 3229 803 exstitisse
3263 758 3505 806 narrant.
3531 748 3665 805 lliuc

2084 837 2367 908 Assyrium
2396 837 2632 893 irrisisse
2677 838 2952 909 Ephraim,
2992 838 3094 893 hoc
3140 847 3244 903 est,
3297 839 3525 894 Manaim
3582 856 3667 894 re.

2086 944 2205 998 gem
2264 929 2331 983 de
2391 928 2532 983 tribu
2560 928 2835 1000 Ephraim,
2879 939 2937 984 et
2964 931 3250 986 stuititiam
3286 930 3502 987 fsraelis
3530 946 3665 987 cou-

2091 1021 2388 1090 tempsisse.
2414 1021 2666 1092 Exposita
2692 1022 2854 1091 igitur
2884 1021 3132 1088 historia,
3155 1023 3269 1078 sive
3316 1022 3665 1079 llebrmorum

2090 1112 2395 1178 traditione,
2434 1127 2532 1183 age
2563 1112 2815 1183 deinceps
2845 1113 3007 1169 verba
3039 1123 3327 1169 contextus
3353 1155 3370 1180 ,
3403 1124 3460 1169 ut
3502 1114 3668 1171 debe-

2091 1220 2233 1272 mus,
2273 1220 2676 1275 percurramus.
2722 1205 2941 1261 Minime
2983 1208 3128 1262 enim
3215 1208 3497 1277 perspicua
3585 1217 3669 1262 est

2091 1314 2275 1354 eorum
2336 1297 2621 1352 sententia.
2682 1294 2822 1352 Dicit
2887 1297 3050 1365 igitur
3114 1298 3325 1353 accolas
3389 1298 3505 1353 fore
3564 1299 3664 1353 ha-

2094 1387 2330 1442 bitantes
2384 1386 2707 1441 Samariam.
2758 1386 2970 1443 Accolae
3014 1397 3196 1453 erunt,
3253 1403 3373 1458 pro,
3414 1391 3671 1444 transmi'

2092 1476 2322 1541 grabunt
2378 1476 2483 1530 alio
2526 1476 2848 1542 habitatum,
2902 1492 2996 1532 seu
3053 1477 3161 1533 alio
3202 1480 3269 1533 ad
3319 1478 3667 1533 habitandum

2097 1566 2495 1622 transferentur
2526 1568 2726 1624 ineolze-
2748 1568 3029 1624 Samarite.
3054 1568 3173 1636 Quo
3202 1569 3419 1625 nomine
3448 1570 3665 1635 vitulos.

2094 1672 2187 1712 seu
2233 1659 2453 1713 buculas
2494 1660 2780 1728 intelligit;
2812 1662 2878 1715 ad
2909 1660 3229 1734 Babylonios
3281 1662 3429 1717 enim
3485 1662 3665 1716 missa:

2096 1759 2243 1814 sunt,
2289 1760 2349 1803 ut
2394 1750 2570 1805 docui.
2602 1769 2621 1802 ι
2648 1750 2715 1806 Et
2743 1752 2884 1807 luxit
2939 1767 3102 1822 super
3150 1753 3217 1808 iis
3240 1753 3469 1823 populus
3498 1751 3666 1822 eius.»

2097 1840 2386 1908 Cuiusnam
2441 1841 2691 1909 ejus?an
2742 1842 2844 1910 ὦν,
2900 1845 2952 1899 id
3000 1853 3102 1911 est,
3133 1844 3362 1913 Apidis?
3392 1842 3676 1899 Verumta-

2094 1947 2244 1999 men,
2300 1936 2754 2003 quemadmodum
2807 1937 2905 1991 visi
2965 1946 3111 2003 suut,
3166 1937 3361 2007 inquit,
3401 1953 3526 1992 eum
3577 1952 3679 1991 ex-

2086 2025 2346 2080 acerbare
2373 2035 2429 2081 et
2474 2039 2821 2084 contemnere
2857 2030 2983 2083 dum
3010 2029 3131 2085 aliis
3162 2030 3412 2096 mittunt,
3449 2031 3524 2087 ita
3574 2029 3671 2086 la:-

2087 2116 2341 2172 talmntur
2358 2133 2520 2188 super
2532 2120 2697 2187 gloria
2718 2121 2857 2191 ejus.
2878 2121 3427 2177 Existimabuntenim
3453 2138 3481 2178 a
3506 2122 3679 2192 pluri'

2095 2209 2197 2263 bus
2227 2210 2478 2279 gentibus
2528 2212 2812 2267 adoratum
2844 2212 3213 2283 gloriosiorem
3254 2214 3521 2269 futurum.
3570 2215 3675 2269 Sed

2108 2301 2296 2356 fefellit
2343 2318 2437 2358 eos
2465 2318 2610 2374 spes.
2657 2303 2977 2360 Confractus
3001 2306 3168 2370 enim,
3229 2307 3455 2361 materia
3524 2306 3671 2360 risus

2107 2405 2161 2449 et
2207 2394 2309 2462 ioci
2351 2394 2667 2465 Babyloniis
2721 2396 2842 2451 fuit.
2874 2396 3140 2463 Quocirca
3183 2396 3438 2452 afﬂictum
3471 2406 3557 2452 est
3601 2398 3678 2451 si-

2106 2483 2403 2539 mulacrum
2437 2484 2698 2554 ipsorum,
2744 2494 2806 2540 ut
2838 2486 2926 2540 hic
2955 2486 3068 2556 ipse
3094 2488 3355 2556 propheta
3389 2486 3541 2542 dicit.
3568 2487 3673 2541 Ex-

2107 2576 2499 2630 acerbaveruut
2527 2586 2707 2631 autem
2740 2576 2985 2645 vitulum,
3019 2591 3125 2632 non
3174 2579 3298 2647 quia
3350 2592 3537 2632 revera
3575 2592 3673 2631 ex-

2108 2668 2391 2723 acerbatus
2442 2669 2511 2724 sit
2538 2668 2557 2742 (
2586 2670 2676 2739 qui
2706 2670 2851 2725 enim
2890 2671 2970 2727 sic
3017 2670 3320 2727 afficeretur
3372 2684 3457 2726 res
3486 2686 3678 2725 sensus

2107 2770 2301 2825 expers
2321 2756 2389 2827 ἲ),
2424 2760 2521 2813 sed
2570 2759 2697 2828 quia
2736 2759 2865 2815 facti
2924 2770 3114 2815 natura
3163 2761 3335 2831 ipsum
3388 2760 3675 2825 irritasset,

2109 2850 2152 2901 si
2196 2862 2321 2903 vere
2384 2849 2518 2905 deus
2586 2850 2818 2917 fuisset,
2853 2862 2909 2907 et
2962 2862 3149 2908 eventa
3198 2868 3295 2908 sua
3347 2853 3548 2909 sentire
3592 2870 3680 2923 po-

2112 2942 2323 2996 tuisset.

425 3039 774 3110 χειρημάτων
810 3038 845 3108 ή
881 3036 1109 3107 δύναμις
1169 3033 1522 3106 παρώργισεν
1559 3032 1626 3087 ἂν
1658 3031 1840 3098 αὐτὸν,
1880 3032 2036 3100 εἴπερ
2074 3024 2142 3100 ἦν
2206 3031 2377 3096 ὅντως
2417 3032 2558 3100 θεὸς,
2596 3034 2689 3088 καὶ
2721 3036 2780 3087 ἐν
2817 3033 3065 3105 αἰσθήσει
3094 3034 3188 3090 τοῦ
3216 3033 3407 3090 παθεῖν
3435 3033 3505 3088 τὰ
3539 3049 3679 3104 συμ-

428 3132 698 3203 ὄεσηκότα

500 3229 620 3281 Ὅτι
644 3225 982 3295 μετῳκίσθη
1010 3225 1110 3280 ἀπ’
1151 3222 1371 3288 αὑτοῦ,
1403 3222 1501 3276 καὶ
1535 3220 1723 3275 αὐτὸν
1750 3221 1838 3286 είς
1878 3219 2001 3273 Ἁσ-

2185 3212 2348 3269 Vens.
2383 3213 2435 3267 6.
2470 3213 2607 3279 Quia
2645 3213 2935 3268 translatus
2975 3223 3051 3268 est
3104 3230 3170 3268 ao
3210 3230 3290 3280 eo,
3314 3224 3365 3269 el
3406 3232 3576 3285 ipsum
3627 3235 3681 3273 ιη

429 3318 675 3385 (Τυρίους
706 3316 1006 3383 δήσαντες
1044 3315 1400 3381 ἀπήνεγκαν
1434 3311 1604 3376 ξένια
1644 3308 1723 3376 τῷ
1759 3307 2011 3375 ,βασιλεῖ

442 3409 670 3478 Ἰαρείμ.
703 3410 801 3462 Ἐν
832 3407 1042 3477 δόματι
1069 3406 1313 3474 Ἐφραῒμ
1346 3404 1603 3468 δέξεται,
1630 3401 1731 3456 καὶ
1762 3403 2009 3470 αἰσχυν-

433 3501 681 3567 θήσεται
719 3499 959 3569 Ἰσραὴλ
981 3500 1052 3552 ἐν
1088 3497 1161 3566 τῇ
1186 3495 1393 3565 ,ϐουλῇ
1419 3495 1624 3551 αὑτοῦ.

504 3593 652 3647 PIE'.
669 3592 891 3646 Ἑαυτὸν
918 3593 1051 3663 ήμῖν
1083 3590 1112 3643 6
1138 3588 1476 3661 προφητικὸς
1503 3586 1795 3658 ἑρμηνεύει
1829 3584 2006 3653 λόγος.

437 3686 506 3739 Ὃ
534 3685 643 3755 γὰρ
690 3686 910 3755 εἴρηκεν
956 3683 1233 3754 ἀμυδρῶς,
1282 3681 1442 3735 τοῦτο
1489 3681 1742 3751 πειρᾶται
1788 3678 2004 3750 διατρα-

433 3774 578 3829 νοῦν.
623 3774 949 3845 Μετῳκίσθη
991 3773 1099 3845 γὰρ
1142 3775 1171 3827 ό
1218 3773 1419 3844 μόσχος
1486 3771 1595 3825 ἀπὸ
1636 3770 1729 3825 τοῦ
1773 3769 2007 3841 Ἰσραὴλ,

436 3868 529 3921 καὶ
574 3869 835 3938 δήσαντες
881 3866 1044 3919 αύτδν
1084 3864 1505 3937 (χαριεντίζεται
1542 3863 1599 3917 δὲ
1634 3864 1662 3916 6
1695 3860 1873 3930 λόγος)
1914 3863 2012 3915 ἁπ-

435 3960 698 4029 εκόμισαν
725 3958 875 4023 ξένια
901 3956 978 4027 τῷ
1014 3956 1223 4027 βασιλεῖ
1263 3956 1491 4025 Ἰαρεὶμ,
1525 3954 1553 4006 ὃ
1580 3955 1748 4015 ἐστιν,
1788 3952 2007 4022 ὲκδίκῳ.

447 4051 720 4103 Ἐκαλεῖτο
756 4049 864 4120 γὰρ
897 4051 975 4111 εἰς
1003 4047 1340 4119 ἐπικουρίαν,
1369 4046 1462 4099 καὶ
1492 4045 1651 4098 οἱονεί
1680 4062 1796 4108 πως
1824 4046 1904 4107 είς
1940 4043 2001 4097 τὸ

434 4141 718 4211 ἐκδικῆσαι
770 4141 867 4209 τὴν
914 4139 1227 4209 Σαμάρειαν
1270 4135 1696 4207 ὁλοθρευομένην
1746 4133 1851 4187 ὑπὸ
1902 4131 2010 4186 τῶν

435 4233 641 4302 Σύρων.
698 4230 860 4284 Ἀλλὰ
905 4230 1117 4297 δέξεται
1154 4230 1252 4300 μὲν
1292 4230 1320 4281 6
1358 4227 1563 4290 Φούλας
1603 4227 1677 4290 ὡς
1719 4227 1777 4277 ὲν
1816 4225 2010 4295 δόματι

437 4327 585 4395 παρὰ
610 4324 702 4378 τοῦ
740 4324 977 4395 Ἐφραῒμ
1001 4323 1099 4395 τὴν
1125 4322 1375 4394 δάμαλιν,
1401 4320 1640 4392 Ἐφραῖμ
1668 4319 1725 4373 δέ
1754 4336 1889 4390 φησι
1916 4317 2010 4370 τὸν

434 4419 530 4472 τοῦ
567 4418 783 4489 Ἰσραὴλ
814 4416 1057 4487 βασιλέα.
1102 4415 1249 4485 Πλὴν
1285 4434 1304 4466 ι
1334 4412 1789 4483 Αἰσχυνθήσεται,
1823 4408 2009 4480 φησὶν,

436 4513 466 4565 6
508 4510 721 4581 Ἰσραὴλ
771 4511 863 4564 ἐπὶ
890 4512 1013 4573 ταῖς
1043 4506 1240 4563 ἑαυτοῦ
1271 4505 1505 4577 βουλαῖς.
1544 4523 1564 4557 ι
1610 4504 1732 4558 Ὅτι
1769 4502 1899 4573 γὰρ,
1935 4501 2011 4565 ὡς

437 4603 596 4673 ἔφην,
633 4602 843 4672 ἀπέστη
874 4601 973 4672 μὲν
1008 4599 1103 4653 τοῦ
1138 4600 1317 4653 πάντα
1348 4595 1623 4667 ἰσχύοντος
1654 4592 1812 4657 Θεοῦ,
1837 4593 2010 4646 εἵλετο

436 4696 493 4749 δὲ
530 4694 730 4765 μᾶλλον
777 4692 1041 4763 δαμάλεσι
1089 4690 1434 4763 προσκυνεῖν,
1481 4686 1881 4755 καταγέλαστος
1917 4680 2007 4755 ἦν,

439 4787 534 4839 καὶ
556 4785 914 4855 κατειρωρᾶτο
946 4780 1129 4837 πεσὼν
1158 4782 1239 4843 είς
1275 4777 1521 4850 γραὼδη,
1542 4778 1637 4831 καὶ
1656 4774 1891 4847 ψυχρὰν,
1912 4775 2009 4829 καὶ

438 4878 692 4947 ἀνόνητον
738 4873 1149 4929 είκαιοὸουλίαν.
1209 4870 1485 4942 Ἀληθεύει
1517 4870 1582 4942 δὴ
1619 4864 1711 4923 οὖν
1743 4872 1772 4923 6
1804 4869 2011 4940 προφή-

437 4988 557 5040 της,
589 4969 787 5040 μᾶλλον
812 4968 869 5021 δὲ
897 4967 1029 5031 Θεὸς
1049 5004 1064 5029 ,
1092 4967 1141 5019 εί
1168 4964 1314 5034 λέγοι
1342 4962 1430 5017 διὰ
1464 4963 1646 5034 φωνῆς
1670 4962 1843 5030 ἁγίων
1881 4978 1947 5013 πε
1957 4961 2010 5031 ρὶ

436 5062 544 5115 τῶν
572 5059 1008 5131 λελατρευκότων
1038 5060 1150 5122 τοῖς
1198 5057 1380 5128 ἔργοις
1423 5054 1532 5109 τῶν
1564 5052 1762 5125 χειρῶν
1809 5052 2007 5115 αὐτῶν,

447 5176 462 5204 ι
502 5155 667 5207 Ἴδετε
710 5154 794 5207 ὅτι
855 5151 1046 5214 σποδὸς
1091 5151 1126 5222 ἡ
1172 5148 1366 5220 καρδία
1416 5146 1625 5211 αὐτῶν,
1662 5166 1680 5198 ι
1732 5146 1827 5199 καὶ
1877 5145 2011 5197 πλα-

437 5246 661 5303 νῶνται.

525 5336 809 5407 Ἀρμόσειε
850 5334 896 5387 δ’
938 5332 1005 5387 ἂν
1051 5334 1080 5387 6
1121 5332 1277 5401 λόγος
1318 5333 1412 5386 καὶ
1460 5335 1569 5395 τοῖς
1628 5331 1697 5383 τὰ
1739 5328 1874 5399 ὀρθὰ
1914 5328 2013 5398 τῆς

452 5428 783 5498 Ἐκκλησίας
816 5426 1152 5499 παραλύουσι
1187 5426 1453 5496 δόγματα.
1486 5426 1697 5494 ’Ὠσπερ
1721 5421 1831 5491 γὰρ
1856 5422 1890 5491 ή
1916 5419 2011 5476 δά-

445 5520 607 5589 μνιλις
650 5519 1042 5591 συντριϐομένη
1095 5519 1192 5590 τὴν
1242 5518 1335 5574 τοῦ
1382 5516 1600 5590 Ἰσραὴλ
1654 5512 1880 5587 ἤλεγξεν
1937 5515 2014 5566 εδ-

442 5611 773 5679 καιολογίαν,
836 5610 980 5664 οὓτω
1035 5610 1129 5665 καὶ
1188 5608 1256 5663 τὶ
1317 5608 1541 5663 ἐκείνων
1592 5606 1836 5676 δόγματα
1896 5604 2014 5666 ταῖς

531 5786 577 5818 ⁸⁷
604 5785 729 5857 Sap.
766 5801 854 5851 xv,
889 5786 970 5841 f0.

2108 3306 2350 3377 Assyrios
2381 3306 2597 3374 ligatum
2644 3305 2970 3360 abduxerunt
2999 3322 3218 3361 munera
3256 3308 3366 3379 regi
3395 3307 3585 3364 Iarim.
3613 3309 3678 3364 lu

2108 3402 2244 3453 dono
2290 3396 2546 3469 Epitraim
2589 3399 2875 3467 suscipiet;
2907 3407 2957 3453 et
3001 3398 3354 3469 confundetur
3412 3399 3579 3457 Israel
3626 3403 3682 3456 iu

2108 3492 2327 3546 comitia
2380 3508 2492 3545 suo.

2178 3582 2340 3640 CXV.
2403 3583 2650 3652 Seipsum
2719 3581 2876 3638 nobis
2938 3581 3283 3653 propheticus
3339 3596 3520 3637 sermo
3584 3600 3680 3638 ex-

2110 3674 2311 3743 planat.
2374 3670 2526 3738 Quod
2577 3672 2723 3725 enim
2780 3670 2917 3725 dixit
2996 3670 3324 3737 iuvolutius,
3379 3672 3479 3727 hoc
3529 3676 3680 3728 evol-

2109 3778 2235 3819 vere
2260 3764 2468 3818 nititur.
2536 3762 2857 3818 Translatus
2883 3770 2968 3819 est
3017 3763 3215 3834 quippe
3250 3763 3448 3819 vitulus
3476 3767 3545 3821 ab
3601 3768 3679 3822 fs-

2113 3856 2241 3918 rael,
2272 3864 2326 3909 et
2356 3856 2575 3926 ligatum
2610 3869 2732 3911 eum
2766 3856 2783 3926 (
2808 3855 3023 3926 iocatur
3042 3855 3186 3911 enim
3217 3855 3418 3913 festive
3449 3860 3684 3930 propheo

2111 3948 2205 4016 ta)
2240 3956 2583 4015 asportarunt
2607 3963 2704 4017 pro
2745 3964 2964 4004 munere
3000 3950 3116 4022 regi
3152 3950 3335 4017 larim,
3398 3952 3501 4008 hoc
3555 3964 3641 4008 est
3664 3991 3682 4016 ,

2111 4038 2294 4095 ultori.
2330 4039 2562 4095 Vocatus
2593 4041 2735 4094 enim
2766 4039 2945 4095 fuerat
2977 4042 3046 4097 ad
3097 4042 3380 4107 auxilium,
3428 4052 3484 4098 et
3516 4043 3681 4097 veluti

2110 4133 2177 4186 ad
2216 4131 2589 4187 vindicandam
2645 4132 2967 4199 Samariam,
3019 4149 3180 4204 quam
3231 4132 3355 4205 Syri
3410 4136 3681 4204 perditum

2111 4225 2420 4282 veniebant.
2480 4225 2587 4281 Sed
2649 4226 2911 4297 suscipiet
2982 4226 3199 4298 quidem
3268 4226 3466 4283 Pliulas
3539 4228 3679 4282 vitu-

2115 4317 2224 4372 lum
2297 4328 2356 4373 ut
2420 4320 2622 4373 donum
2674 4318 2974 4389 Ephraim,
3028 4334 3059 4374 a
3126 4333 3254 4390 rege
3308 4318 3471 4376 Israel
3525 4321 3678 4375 vitle-

2113 4409 2270 4477 licet;
2312 4410 2663 4466 nihilominus
2697 4429 2716 4463 ι
2753 4409 3118 4467 confundetur
3144 4410 3329 4477 Israel,
3367 4411 3560 4481 inquit,
3628 4414 3682 4467 iu

2115 4502 2359 4559 consiliis
2391 4502 2523 4557 suis.
2562 4521 2582 4555 ι
2611 4501 2875 4570 Quoniam
2927 4503 3094 4569 enim,
3122 4510 3183 4557 ut
3207 4502 3338 4568 dixi,
3372 4504 3442 4559 ab
3495 4502 3686 4560 Omni-

2117 4604 2334 4663 potente
2362 4592 2610 4658 descivit,
2640 4602 2693 4648 et
2727 4592 2923 4647 vitulos
2954 4592 3184 4649 adorare
3223 4593 3433 4659 maluit,
3482 4595 3686 4651 ridicu-

2115 4687 2200 4741 lus
2229 4687 2349 4747 fuit.
2385 4685 2541 4757 147
2577 4695 2631 4739 et
2662 4685 2715 4739 in
2744 4684 2959 4751 anilem,
2991 4685 3248 4755 ineptam,
3282 4685 3528 4752 inutilem
3560 4703 3689 4743 rou-

2116 4779 2220 4834 silii
2278 4779 2571 4832 vanitatem
2620 4777 2823 4832 abiisse
2886 4776 3255 4846 deprehensus
3315 4788 3419 4837 est.
3484 4778 3686 4835 Verum

2117 4870 2279 4938 igitur
2310 4868 2438 4923 dicit
2468 4867 2751 4937 propheta,
2782 4867 2890 4923 imo
2936 4868 3099 4934 Deus,
3140 4883 3263 4924 cum
3308 4884 3408 4940 per
3444 4884 3507 4931 os
3569 4886 3688 4926 sau-

2116 4970 2325 5015 ctorum
2356 4958 2485 5013 dicit
2511 4958 2576 5012 de
2609 4958 3109 5027 iis,quiservferunt
3133 4959 3389 5031 operibus
3418 4976 3678 5016 manuum

2117 5067 2382 5106 suarum:
2462 5070 2481 5103 ‹
2538 5048 2763 5105 Vidistis
2818 5050 2946 5120 quia
2994 5050 3133 5107 cinis
3188 5052 3351 5108 corda
3380 5052 3682 5117 e'orum",»

2117 5155 2173 5199 et
2198 5146 2546 5201 seducuntur.

2184 5319 2696 5377 Accommodaliitur
2726 5318 2905 5372 oratio
2937 5316 3101 5373 etiam
3155 5317 3208 5371 in
3242 5331 3339 5373 eos
3386 5318 3479 5387 qui
3533 5329 3681 5371 recta

2116 5414 2372 5472 Ecclesiae
2384 5414 2634 5480 dogmata
2654 5412 2971 5481 depravant.
2990 5409 3146 5465 Sicut
3164 5410 3313 5464 enim
3331 5409 3531 5469 vitulus
3546 5425 3690 5464 cmu-

2118 5509 2361 5564 minutus
2383 5504 2599 5561 lsraelis
2632 5503 2928 5559 amentiam
2954 5502 3231 5573 coarguit,
3274 5502 3346 5557 ita
3378 5510 3433 5556 et
3465 5501 3687 5557 illorum

2118 5600 2368 5669 dogmata
2392 5594 2832 5667 inquisitionibus
2856 5593 3114 5661 contrita,
3137 5602 3192 5650 et
3211 5594 3260 5649 vi
3286 5593 3536 5651 veritatis
3552 5608 3685 5647 con-
