4110 6368
417 291 524 347 947
1406 304 1464 360 S.
1505 305 1784 361 CYRILLI
1822 304 1977 361 ΔΒΕ]

2087 303 2294 370 ιυΒιΝι
2333 303 2654 361 ARCHIEP.
3575 306 3680 364 248

421 411 613 476 fracta,
656 427 844 468 eorum
877 417 1215 485 auctoribus,
1253 428 1307 474 et
1354 421 1534 490 impiis
1575 423 1977 485 inventoribus,

2097 423 2344 494 ἐρεύναις
2369 421 2785 492 συντριϐόμενα,
2815 419 2909 473 καὶ
2931 422 2998 492 τῇ
3027 421 3252 491 δυνάμει
3279 420 3380 492 τῆς
3405 421 3666 493 ἀληθείας

418 510 583 569 atque
611 502 676 555 iis
718 505 882 558 etiam
914 508 1006 576 qui
1029 523 1090 562 ea
1118 509 1578 567 inconsultissime
1605 515 1659 567 in
1689 523 1878 584 pectus
1901 514 1977 568 ad-

2105 515 2606 587 συντεθραυσμένα,
2659 513 2796 587 πρὸς
2857 513 3120 585 αἰσχύνης
3183 513 3401 568 ἔσονται
3449 517 3543 570 καὶ
3591 519 3682 570 ὲν-

419 592 663 662 mittuut,
701 597 952 654 dedecori
987 609 1043 654 et
1071 603 1262 672 pudori
1297 614 1478 659 erunt.

2101 609 2308 680 τροπῆς
2374 610 2488 672 τοῖς
2551 606 2951 660 συντεθεικόσιν
3024 606 3165 661 αὑτὰ
3193 649 3208 672 ,
3283 607 3381 662 καὶ
3447 608 3678 673 ἀνοσίως

2101 706 2426 778 ὲξηυρηκόσι
2445 746 2462 771 ,
2530 705 2625 758 καὶ
2669 704 3004 759 ἀϐουλότατα
3063 702 3373 774 δεχομένοις
3418 704 3500 768 είς
3551 703 3679 758 νοῦν

2100 801 2194 852 καὶ
2224 798 2472 869 καρδίαν.

490 877 656 937 Vens.
691 879 745 945 7,
781 881 834 935 8.
880 881 1116 954 Prcjecit
1159 885 1410 944 Samaria
1449 904 1620 957 regem
1665 905 1820 944 suum
1862 892 1973 946 sica

2181 890 2491 961 Ἇπέρῤιψε
2527 895 2827 962 Σαμαρεια
2865 888 3134 955 βασιλέα
3175 887 3366 956 αὐτῆς
3411 889 3493 954 ὡς
3533 890 3678 959 φρύ-

417 978 737 1023 sarmentum
757 989 912 1039 super
939 975 1130 1043 faciem
1166 993 1337 1048 aquaz,
1366 987 1413 1031 et
1447 979 1762 1048 auferentur
1789 980 1977 1036 altaria

2098 1000 2284 1053 γανον
2325 984 2424 1037 ἐπὶ
2456 983 2784 1053 προσώπου
2837 983 3080 1049 ὕδατος,
3111 981 3214 1036 καί
3239 982 3677 1052 ἐξαρ6ήσονται

416 1057 514 1124 ὢν,
544 1073 758 1128 peccata
781 1063 971 1121 Israel.
1001 1065 1183 1137 Spinaz
1205 1077 1256 1123 et
1298 1069 1482 1124 tribuli
1515 1072 1797 1127 accendent
1828 1089 1977 1141 sape:

2093 1073 2284 1143 ,ϐωμοί
2337 1072 2423 1128 ὢν
2440 1116 2456 1141 ,
2510 1072 2900 1142 ἁμαρτήματα
2945 1072 3054 1126 τοῦ
3104 1070 3363 1140 Ἰσραήλ.
3399 1071 3678 1127 "Amm-0a:

415 1148 616 1206 altaria
646 1167 850 1208 eorum.

2098 1167 2195 1219 καί
2229 1166 2490 1233 τρίϐολοι
2535 1162 2949 1231 ἀναϐήσονται
3001 1162 3100 1217 ἐπὶ
3145 1161 3222 1217 τὰ
3275 1161 3679 1231 θυσιαστήρια

2097 1256 2314 1312 αὐτῶν.

488 1324 668 1385 CXVI.
729 1328 906 1386 Mores
961 1331 1323 1392 lsraelitarum
1357 1380 1372 1404 ,
1415 1340 1529 1395 sive
1594 1339 1977 1398 Samaritarun

2166 1348 2331 1417 qu'.
2362 1348 2437 1403 Τδ
2462 1347 2772 1418 ἀνασφαλές
2793 1364 2852 1400 τε
2883 1345 3000 1417 ἅμα
3049 1345 3224 1401 καὶτὸ
3250 1345 3560 1411 ἀνεπιεικὲς
3579 1344 3678 1400 τοῦ

416 1416 623 1474 solutos
650 1429 706 1476 et
740 1421 1034 1491 improbos,
1063 1425 1226 1482 etiam
1263 1429 1409 1485 circa
1448 1431 1616 1500 ipsos,
1643 1448 1779 1502 quos
1830 1445 1977 1504 puta-

2095 1442 2298 1514 τρόπου
2323 1441 2434 1496 τῶν
2459 1441 2520 1507 ἐξ
2555 1416 2793 1511 Ἰσραὴλ,
2829 1416 2948 1509 ἦτοι
2979 1438 3091 1492 τῶν
3127 1440 3187 1492 ὲν
3221 1438 3541 1509 Σαμαρείᾳ,
3580 1438 3676 1492 xui.

416 1509 547 1564 bant
573 1511 724 1578 deos,
762 1513 918 1570 facile
951 1517 1038 1572 hic
1101 1535 1318 1590 quoque
1371 1523 1525 1581 locus
1565 1526 1830 1596 arguerit.
1885 1527 1977 1583 Net

2096 1509 2225 1605 περὶ
2247 1533 2446 1597 αὐτοὺς
2472 1531 2565 1597 οὓς
2593 1509 2761 1603 ᾤοντο
2793 1531 2968 1596 θεοὺς,
2993 1529 3317 1595 ἐπιδείξειεν
3343 1530 3410 1586 ἂν
3436 1528 3677 1592 εὐκόλως

419 1601 637 1658 mirum.
673 1603 774 1671 Qui
806 1607 948 1662 enim
978 1626 1169 1676 unum,
1196 1620 1252 1667 et
1281 1629 1492 1684 verum,
1515 1626 1571 1672 et
1594 1628 1781 1673 natura
1802 1620 1977 1687 Deuml

2097 1601 2192 1682 xui.
2225 1627 2344 1684 τόδε
2367 1629 2431 1700 δὴ
2463 1601 2643 1683 πάλιν.
2675 1625 2785 1680 Καὶ
2819 1624 3129 1695 θαυμαστὸν
3159 1624 3336 1680 οὐδέν.
3357 1625 3420 1679 Οἱ
3453 1624 3564 1695 γὰρ
3585 1621 3679 1678 τὸν

417 1698 472 1742 et
504 1691 851 1761 discedendo,
883 1707 937 1753 et
960 1700 1172 1770 quidvis
1209 1706 1579 1774 turpissimum
1626 1715 1977 1779 perpetrandt

2097 1718 2213 1786 ἕνα,
2231 1719 2326 1774 καὶ
2338 1691 2532 1790 ἀληθῆ,
2549 1716 2644 1771 καὶ
2669 1713 2830 1785 φύσει
2859 1691 3014 1780 Θεδν,
3039 1715 3135 1769 καὶ
3156 1717 3276 1778 ταῖς
3297 1691 3675 1778 ἀποστγασίαις,

419 1782 581 1850 impie
629 1799 726 1854 per
759 1801 1027 1843 summam
1084 1791 1336 1859 iniuriam
1383 1795 1660 1865 lreseruut,
1702 1804 1977 1869 quomodt

2099 1782 2208 1867 καῖ
2230 1814 2351 1876 ταῖς
2375 1782 2456 1875 εἰς
2482 1782 2593 1864 πᾶν
2642 1782 2821 1862 ὁτιοῦν
2855 1806 2964 1860 τῶν
3006 1807 3300 1877 αἰσχίστων
3339 1806 3676 1878 ἁποδρομαῖς

417 1887 546 1936 erga
574 1875 811 1943 multos,
845 1886 899 1932 et
950 1878 1138 1948 falsos,
1184 1893 1236 1938 et
1284 1900 1315 1940 e
1371 1886 1640 1956 lapidibus
1700 1903 1788 1946 aut
1832 1894 1977 1964 ligni:

2097 1904 2325 1966 ἀνοσίως
2368 1901 2857 1974 περιυϐρίσαντες,
2914 1897 3032 1960 πῶς
3066 1875 3132 1952 ἂν
3172 1897 3419 1966 ἐγένοντο
3463 1875 3676 1966 γνήσιοι

419 1961 741 2022 fabrefactos
798 1969 1008 2028 sincere
1063 1989 1125 2028 ac
1168 1975 1409 2047 legitime
1438 1997 1496 2037 se
1549 1961 1977 2052 gererent?'Ai1

2097 1998 2226 2068 περὶ
2272 1961 2498 2057 πολλοὺς
2533 1961 2595 2046 τέ
2664 1992 2760 2046 καὶ
2789 1961 3175 2060 ψευδωνύμως
3193 1961 3224 2054 ,ἰ
3246 1989 3340 2043 καὶ
3386 1961 3564 2042 λίθων-
3587 2003 3678 2040 πε-

416 2053 622 2123 igitur,
669 2057 966 2128 projectum
1005 2078 1123 2118 esse
1154 2080 1182 2119 a
1233 2065 1525 2126 Samaritis
1576 2073 1846 2139 vitulum,
1900 2093 1969 2144 qu

2095 2053 2426 2160 minpévcu;
2569 2085 2740 2153 ξύλων
2787 2053 2976 2149 θεούς;
3031 2053 3394 2152 ’Ᾰπερρίφθαι
3442 2079 3509 2150 δὴ
3583 2074 3678 2132 οὖν

413 2149 555 2217 apud
582 2165 676 2206 eos
707 2156 871 2226 regiis
899 2168 953 2212 et
983 2159 1180 2216 divinis
1210 2163 1509 2221 honoribus
1539 2167 1844 2225 colebatur.
1902 2173 1977 2227 Sit

2093 2149 2260 2251 φησι,
2313 2179 2460 2250 παρὰ
2630 2179 2689 2231 ὲν
2734 2175 3020 2247 Σαμαρείᾳ
3056 2149 3179 2228 τὺν-
3205 2149 3427 2242 μόσχον,
3475 2149 3567 2224 τὸν
3616 2171 3680 2224 ὲν

411 2246 590 2295 autem
622 2245 919 2313 projectum
951 2265 1097 2316 esse,
1152 2254 1316 2310 veluti
1373 2256 1421 2310 si
1456 2258 1613 2327 palea
1653 2271 1746 2314 aut
1795 2263 1977 2332 stipula

2253 2273 2322 2343 τῇ
2377 2245 2507 2342 παρ’
2535 2270 2718 2331 αὑτοῖς
2754 2245 2981 2321 Θεοῦ-τε
3022 2266 3117 2320 καὶ
3160 2263 3444 2334 βασιλέως.
3489 2263 3677 2333 Ἀπερο

413 2343 571 2398 aqua:
629 2336 930 2396 verticibus
975 2341 1158 2413 illapsa
1189 2384 1203 2409 ,
1248 2361 1372 2400 mox
1417 2363 1515 2416 pro
1548 2350 1750 2420 impetu
1802 2370 1977 2409 earum

2095 2364 2278 2436 ρίφθαι
2310 2364 2366 2417 δὲ
2389 2363 2581 2428 οὕτως,
2611 2361 2811 2417 ὡσανεὶ
2834 2361 2928 2415 xui.
2957 2360 3169 2429 κάρφος
3187 2360 3309 2420 ταῖς
3336 2355 3445 2409 τῶν
3466 2355 3676 2409 ὑδάτων

410 2423 606 2490 quovis
657 2437 922 2496 raptelur.
959 2432 1091 2487 Cum
1143 2435 1276 2503 ipsis
1322 2447 1503 2494 autem
1554 2443 1860 2500 simulacris
1896 2448 1977 2500 de-

2090 2423 2262 2520 δίναις
2295 2423 2657 2526 ἐμπεπτωκδς
2685 2496 2701 2519 ,
2731 2423 3061 2522 ἀποφέροιτο
3083 2423 3272 2504 λοιπὸν
3305 2446 3444 2517 πρὸς
3473 2445 3533 2498 τὸ
3562 2445 3678 2506 τοῖς

408 2511 562 2568 lnbra
587 2519 850 2585 peritura,
925 2532 981 2576 et
1010 2539 1132 2579 aras
1169 2529 1509 2585 destructum
1561 2533 1662 2599 iri,
1724 2544 1777 2588 et
1811 2535 1977 2592 locum

2090 2547 2344 2603 διωθοῠσι
2372 2546 2712 2600 δοκοῦν.⁹’οτι
2744 2545 2802 2597 δὲ
2829 2545 3014 2606 αὑτοῖς
3045 2541 3354 2611 σεϐάσμασι
3378 2537 3448 2591 τά
3471 2535 3675 2606 τεμένη

409 2605 690 2675 spinarum
717 2611 849 2679 fore,
882 2616 1129 2671 universa
1151 2633 1340 2674 eorum
1372 2624 1652 2690 provincia
1677 2626 1977 2694 devastata,

2091 2643 2492 2712 συνοιχήσεται,
2543 2637 2715 2709 βωμοί
2768 2654 2830 2690 τε
2877 2635 3235 2707 λυθήσονται,
3294 2629 3386 2684 καὶ
3423 2627 3677 2689 ἁκανθείς

407 2699 680 2761 quomodo
722 2717 827 2756 non
884 2706 1253 2764 certissimum
1305 2713 1465 2767 erat?
1529 2713 1762 2772 Peccata
1813 2718 1977 2774 Israel

2089 2699 2309 2788 ἕσοντὲιι¹
2353 2699 2554 2796 τόποι,’
2585 2699 3028 2800 καταδῃωθείσης
3079 2725 3266 2787 αὑτοῖς
3314 2721 3534 2788 ἀπάσης
3569 2719 3673 2787 τῆς

409 2787 598 2842 altaria
634 2801 810 2855 vocat,
845 2798 1146 2866 aptissime,
1177 2801 1323 2858 velut
1348 2817 1756 2865 monumentum
1789 2812 1977 2881 impie-

2088 2825 2291 2898 χώρας,
2337 2825 2454 2889 πῶς
2494 2787 2563 2895 ἦν
2623 2787 3422 2893 ἀμφίόολον;ν“Αμαρτήματα
3467 2787 3525 2866 δὲ
3577 2810 3674 2865 τοῦ

409 2879 537 2934 tatis
568 2897 694 2951 erga
712 2883 878 2940 Deum
895 2890 1156 2946 scelerate
1169 2895 1484 2964 excitatum,
1503 2895 1578 2951 ὣν
1603 2908 1784 2954 autem
1809 2879 1977 2957 denuo

2089 2879 2316 2988 τιέραὲίλ
2344 2879 2474 2979 τοὺς
2519 2879 2746 2984 ’βωμὸὺξ
2786 2879 3050 2965 ἀποκαλεῖ
3089 2879 3193 2962 ’καλ
3243 2879 3388 2978 μάλα
3425 2903 3670 2964 εἰκότως,

405 2974 568 3043 Apin,
599 2991 695 3032 seu
727 2979 920 3034 vitulos
952 2981 1003 3036 in
1035 2982 1223 3040 Betbel
1261 2995 1316 3041 et
1339 2985 1472 3056 Dan,
1511 2989 1562 3043 in
1599 3005 1832 3060 quorum
1864 2993 1977 3064 glo-

2087 2974 2195 3064 οἷον
2227 2974 2660 3080 ὑπόμνημαπῖξς
2708 2974 2788 3069 είς
2821 3002 2953 3058 Θεὸν
2983 2974 3298 3063 δυσσεϐείας
3338 2995 3517 3052 αὐτῶν
3547 2995 3675 3047 ἀνο-

406 3066 545 3121 riam
579 3079 633 3122 et
663 3085 770 3124 arae
793 3072 1035 3128 stabant.
1068 3073 1247 3141 Quare
1274 3081 1416 3146 quod
1452 3096 1556 3134 non
1600 3085 1888 3140 constituit
1928 3097 1977 3140 et

2091 3100 2222 3164 σίως
2251 3066 2677 3170 ἐγηγεριμένους,
2715 3066 2791 3149 ὢν
2823 3096 2879 3148 δὲ
2918 3093 3106 3158 πάλιν,
3142 3091 3233 3145 τὸν
3265 3092 3433 3143 1’Δπιν
3459 3085 3675 3155 ὠνόμα-

407 3157 776 3227 ﬁrmatDeus,
809 3163 860 3217 id
897 3165 1113 3233 penitus
1146 3180 1389 3225 corruet.
1431 3171 1513 3227 Ac
1561 3173 1666 3228 tale
1704 3177 1977 3247 quidpiam

2087 3157 2483 3258 cem-ﬁsci.
2527 3157 2792 3257 δαμάλεις
2844 3185 2945 3249 τὰς
2994 3186 3053 3236 ὲν
3095 3157 3171 3252 τῇ
3217 3179 3422 3249 Βαιθήλ
3447 3195 3506 3231 τε
3580 3173 3674 3228 καὶ

405 3264 532 3304 reor
580 3252 648 3308 ab
693 3254 802 3309 alio
860 3257 1121 3326 propheta
1171 3260 1318 3316 clare
1367 3263 1570 3318 dictum
1611 3281 1754 3332 esse,
1807 3285 1828 3320 ι
1882 3271 1977 3340 ipsi

2089 3278 2217 3344 Δάν,
2237 3252 2312 3332 ὧν
2341 3279 2422 3342 είς
2453 3252 2612 3343 δόξαν
2643 3276 2738 3330 καὶ
2765 3275 2816 3329 ci
2845 3273 3040 3346 βωμοί.
3070 3270 3300 3330 Οὐκοῦν.
3328 3271 3356 3324 δ
3385 3269 3460 3340 μὴ
3490 3268 3672 3335 ἵστησι

405 3342 778 3412 asdilicabunt,
808 3359 862 3402 et
895 3365 998 3418 ego
1025 3361 1286 3408 evertam.
1314 3375 1334 3407 ι

2090 3369 2244 3436 Θεὸς,
2281 3369 2438 3424 τοῦτο
2469 3368 2648 3439 πάντη
2679 3385 2741 3422 τε
2799 3367 2894 3422 καὶ
2934 3367 3154 3428 πάντως
3201 3363 3516 3434 λυθήσεται.
3560 3356 3671 3412 Καί

403 3456 458 3492 τι
494 3439 734 3494 τοιοῦτον
772 3441 964 3512 δηλοῦν
1007 3443 1372 3515 ὑπολαμϐάνω
1403 3448 1466 3501 τὸ
1515 3450 1582 3504 δι’
1647 3453 1836 3523 ἐτέρου
1874 3460 2154 3529 προφήτου
2221 3462 2409 3530 σαφῶς
2473 3459 2786 3532 εἰρημένονο
2820 3476 2840 3510 ι
2876 3458 3042 3512 Αὐτοὶ
3101 3455 3542 3526 οἰκοδομήσουσι,
3577 3451 3674 3502 καὶ

404 3535 517 3604 ἐγὼ
544 3535 904 3605 καταστρέφω
930 3536 996 3590 ⁸⁸.
1039 3555 1058 3589 ι

477 3626 545 3682 Ει
583 3630 757 3685 dicent
798 3633 1059 3687 montibus
1091 3650 1109 3689 :
1146 3632 1361 3704 Operite
1411 3651 1549 3703 nos;
1602 3649 1654 3693 et
1694 3641 1924 3696 collibus
1967 3657 1984 3695 :

404 3721 596 3777 Cadite
625 3739 783 3791 super
807 3742 922 3780 nos.

481 3815 644 3888 148
660 3817 746 3872 (ΣΧ
760 3816 867 3872 Vll.
895 3819 1010 3874 Non
1026 3821 1198 3876 solum
1217 3824 1502 3881 induabus
1515 3829 1740 3885 urbibus
1759 3830 1892 3894 Dan,
1910 3832 1987 3885 in-

403 3922 565 3976 quam
587 3948 602 3970 ,
639 3916 693 3961 et
710 3908 1218 3974 Bethel,simulacra
1231 3918 1612 3984 superstitiose
1624 3919 1940 3976 colebantur
1965 3939 1980 3989 ;

402 3999 499 4053 sed
525 3999 724 4054 ibidem
757 4001 908 4055 \ituli
937 4005 1110 4068 aurei,
1141 4004 1194 4059 in
1227 4007 1502 4064 montibus
1535 4018 1742 4076 autem,
1791 4023 1846 4065 et
1870 4011 1982 4064 col-

399 4093 545 4147 libus
573 4093 921 4148 linitimarum
952 4096 1194 4166 gentium
1229 4099 1394 4168 idola,
1445 4100 1598 4168 Baal,
1625 4101 1978 4174 Beelphegor,

399 4187 642 4249 Astarte,
673 4185 930 4241 Chamos.
986 4185 1106 4242 Non
1138 4191 1299 4244 modo
1351 4191 1518 4261 igitur
1567 4207 1693 4248 aras
1725 4191 1824 4259 ὥν,
1879 4195 1982 4250 hoc

400 4275 720 4345 estApidis,
778 4277 897 4334 sive
945 4279 1246 4336 vitulorum
1298 4282 1662 4338 disturbatum
1722 4284 1832 4351 iri;
1882 4287 1981 4341 sed

2159 3639 2266 3695 Καί
2311 3637 2519 3707 ἐροῦσι
2565 3637 2691 3704 τοῖς
2725 3638 2914 3706 ὄρεσι,
2957 3635 3285 3702 Καλύψατε
3331 3631 3521 3700 ἡμᾶς,
3572 3631 3674 3686 καί

2084 3733 2209 3799 τοῖς
2233 3731 2508 3797 βουνοῖς,
2548 3729 2776 3786 Πέσετε
2800 3729 2893 3799 ἐφ’
2919 3726 3100 3797 ἡμᾶς.

2156 3825 2301 3878 PIZ'.
2338 3823 2454 3876 Οὐκ
2506 3824 2563 3876 ὲν
2613 3821 2803 3893 μόναις
2841 3822 2962 3882 ταῖς
3008 3817 3132 3872 δυσὶ
3172 3817 3386 3883 πόλεσι,
3435 3816 3542 3870 Δάν
3585 3833 3670 3882 τε,

2087 3912 2250 3983 φημὶ,
2280 3913 2373 3965 καὶ
2412 3910 2616 3977 Βαιθὴλ
2643 3908 3038 3982 ὲθρησκεὺοντο
3073 3909 3143 3962 τά
3171 3907 3408 3976 γλυπτά,
3437 3906 3554 3959 ἀλλ’
3593 3907 3673 3958 ὲν·

2086 4006 2260 4060 ταῦθα
2290 4005 2389 4076 μὲν
2411 4006 2468 4058 αἱ
2496 4003 2758 4074 δαμάλεις
2784 4003 2843 4056 ui.
2869 4003 3089 4073 χρυσαῖ,
3107 4002 3165 4055 ὲν
3193 3999 3252 4055 δέ
3278 4017 3344 4069 γε
3365 4002 3476 4064 τοῖς
3495 3999 3668 4069 ὄρεσι,

2088 4101 2184 4157 καὶ
2211 4103 2326 4164 τοῖς
2359 4099 2589 4170 βουνοῖς,
2624 4096 2694 4150 τὰ
2722 4095 2831 4150 τῶν
2862 4094 3158 4166 περιοίκων
3192 4091 3362 4159 ἐθνῶν
3391 4090 3671 4157 σεϐάσμαα

2087 4211 2175 4257 τα,
2203 4194 2230 4246 ό
2263 4191 2439 4258 Βάαλ,
2471 4193 2501 4246 ὁ
2532 4188 2879 4260 Βεελφεγὼρ,
2920 4189 2954 4258 ἠ
2997 4186 3292 4256 Ἀστάρτη,
3342 4182 3438 4236 καὶ
3482 4183 3511 4234 ὁ
3556 4183 3672 4235 Χα-

2090 4281 2228 4352 μὼς.
2246 4283 2370 4334 Ὅτι
2390 4281 2570 4335 τοίνυν
2595 4278 2715 4350 οὐχὶ
2741 4277 2900 4348 μόνον
2931 4275 3446 4346 κατασεισθήσονται
3477 4272 3572 4326 τοῦ
3592 4271 3668 4326 ὢν

400 4372 626 4424 omnino
681 4386 743 4425 ac
778 4373 995 4441 penitus
1026 4373 1194 4428 etiam
1229 4375 1282 4428 in
1314 4374 1548 4430 collibus
1602 4385 1657 4431 et
1698 4379 1977 4434 montibus

2087 4376 2135 4428 οἱ
2168 4373 2366 4443 βωμοὶ,
2387 4371 2658 4436 τουτέστι,
2687 4370 2780 4426 τοῦ
2803 4370 3050 4435 Ἄπιδος,
3083 4369 3202 4440 ἦτοι
3230 4366 3340 4420 τῶν
3360 4366 3666 4437 δαμάλεων,

400 4461 526 4516 fana
570 4463 869 4532 collapsum
917 4478 1014 4531 per
1063 4465 1180 4520 haec
1228 4466 1560 4522 subindicat.
1602 4468 1682 4524 Eo
1733 4487 1974 4541 namque

398 4553 729 4606 calamitatis
763 4565 817 4606 et
845 4568 1095 4608 errorum
1127 4555 1464 4626 redigentur,
1514 4568 1574 4613 ut
1599 4561 1792 4616 malint
1818 4579 1976 4616 mon-

402 4645 549 4700 tibus
571 4644 810 4713 sepeliri,
843 4660 1007 4714 quam
1037 4646 1291 4703 viventes
1327 4664 1576 4714 cernere,
1603 4668 1724 4722 quae
1765 4665 1979 4722 oporte-

398 4734 481 4790 bit
507 4733 614 4802 pati
663 4734 750 4787 vel
782 4734 1000 4790 invitos.
1030 4735 1326 4792 Sciendum
1347 4751 1499 4806 vero,
1536 4739 1810 4794 Christum
1851 4758 1983 4812 qun-

399 4844 505 4897 que
534 4827 946 4882 denuntiantem
986 4828 1328 4886 calamitates
1377 4841 1599 4902 propter
1648 4833 1888 4890 nelarios
1927 4836 1978 4890 in

399 4919 576 4988 ipsum
622 4935 790 4973 ausus
851 4921 959 4976 illis
1013 4922 1431 4990 immittendas,
1476 4925 1749 4983 similibus
1798 4929 1981 4984 verbis

401 5025 555 5062 usum
585 5024 729 5064 esse.
757 5009 934 5079 lnquit
960 5011 1106 5066 enim
1137 5028 1151 5064 :
1185 5031 1206 5064 ι
1242 5013 1396 5069 Tunc
1429 5015 1625 5070 dicetis
1651 5019 1929 5072 montibus
1963 5035 1975 5070 :

399 5097 622 5166 Operite
673 5115 806 5166 nos;
851 5110 906 5154 et
935 5101 1163 5158 collibus
1205 5120 1219 5157 :
1262 5103 1454 5160 Cadite
1501 5122 1666 5176 super
1717 5122 1817 5163 nos
1845 5109 1915 5164 °’.
1951 5129 1971 5161 ι

399 5193 620 5246 Summa
656 5194 923 5264 siquidem
962 5195 1228 5252 malorum
1254 5209 1309 5253 et
1348 5201 1831 5256 incommodorum
1864 5219 1980 5256 ma-

397 5281 732 5350 gnitudines,
765 5294 997 5340 mortem
1034 5288 1286 5353 quamvis
1339 5289 1543 5360 alioqui
1574 5306 1839 5356 amaram,
1883 5294 1976 5348 de-

395 5373 848 5429 sideratissimam
917 5378 1188 5431 interdum
1257 5380 1444 5434 multis
1501 5382 1762 5438 clIiciuut.
1837 5385 1976 5454 Ipsis

395 5466 561 5535 igitur
593 5468 868 5522 tuentibus
904 5480 958 5522 et
991 5469 1218 5525 collibus
1254 5471 1307 5526 in
1337 5473 1536 5542 quibus
1570 5476 1710 5532 idola
1744 5477 1888 5532 culta
1917 5489 1974 5533 et

397 5557 690 5624 impietatis
722 5560 947 5615 crimina
979 5562 1030 5615 in
1063 5561 1228 5617 Deum
1266 5565 1612 5634 impudenter
1657 5583 1971 5642 perpetrata

359 5781 365 5800 ι
465 5736 717 5792 “Malae.
757 5755 792 5800 ι,
830 5740 877 5792 ιι.
958 5742 999 5770 ⁸⁰
1031 5740 1134 5797 Lm,-
1193 5760 1345 5808 χχιιι,

2088 4464 2224 4518 ἀλλά
2254 4463 2364 4535 γὰρ
2402 4461 2578 4533 πάντη
2607 4476 2666 4514 τε
2727 4459 2821 4514 καὶ
2853 4460 3070 4521 πάντως
3101 4458 3195 4510 καὶ
3235 4455 3306 4509 τὰ
3348 4457 3405 4509 ὲν
3439 4455 3666 4526 βουνοῖς,

2088 4559 2182 4611 καὶ
2212 4557 2364 4629 ὄρεσι
2393 4555 2598 4626 τεμένη
2648 4552 2934 4607 πεσοῦνται
2960 4592 2974 4616 ,
3028 4549 3117 4603 διὰ
3153 4548 3360 4603 τούτων
3389 4547 3665 4620 ὑποδηλοί

2088 4647 2439 4719 Περιεστήξει
2465 4647 2575 4717 γὰρ
2608 4645 2687 4708 είς
2710 4643 2870 4697 τοῦτο
2898 4643 3081 4704 αὐτοῖς
3106 4639 3424 4711 ἀθλιότητός
3446 4657 3506 4693 τε
3569 4639 3668 4696 καὶ

2089 4740 2359 4810 δειμάτων
2389 4738 2456 4791 τά
2482 4737 2805 4808 πράγματα,
2832 4734 2908 4798 ὼς
2927 4733 3020 4787 ὑπ’
3054 4733 3238 4796 αὐτοῖς
3264 4731 3516 4802 γενέσθαι
3553 4734 3667 4795 τοῖς

2087 4831 2236 4903 ὄρεσι
2287 4830 2381 4885 xui.
2412 4829 2622 4900 βουνοῖς
2647 4826 2864 4880 ἑλέσθαι
2891 4825 3108 4896 μᾶλλον,
3143 4825 3176 4897 ἢ
3209 4823 3416 4889 ζῶντας
3445 4825 3594 4887 ἰδεῖν,
3628 4823 3667 4877 ἃ

2089 4923 2280 4978 παθεῖν
2307 4919 2376 4994 ἦν
2413 4923 2629 4992 ἀνάγκη
2672 4921 2765 4975 καὶ
2811 4920 2911 4990 οὑχ
2944 4919 3167 4982 ἑκόντας
3201 4917 3419 4982 αὐτούς.
3467 4917 3665 4972 Ἰστὲον

2082 5014 2157 5078 δὲ,
2201 5016 2282 5068 ὅτι
2314 5015 2410 5069 καὶ
2457 5014 2618 5078 αὑτὸς
2659 5016 2687 5067 ὁ
2721 5011 2956 5085 Χριστὸς
2993 5009 3352 5080 ἀπαγγέλλων
3393 5009 3663 5074 Ἰουδαίοις

2085 5107 2184 5170 τὰς
2209 5106 2711 5178 ὲπενεχθησομένας
2737 5105 2921 5169 αὐτοῖς
2953 5104 3236 5175 συμφορὰς
3265 5103 3356 5157 διά
3389 5120 3456 5172 γε
3482 5103 3550 5155 τά
3581 5102 3665 5164 εἰς

2084 5200 2246 5254 αὑτὸν
2273 5201 2621 5271 τολμήματα,
2652 5201 2766 5263 τοῖς
2789 5199 2924 5263 ἴσοις
2957 5198 3228 5268 ἐχρήσατο
3251 5194 3451 5264 λόγοις.
3486 5212 3504 5244 ι
3526 5194 3661 5246 Τότε

2085 5292 2194 5363 γὰρ
2220 5296 2416 5364 ἐρεῖτε,
2452 5312 2471 5345 ι
2513 5293 2645 5364 φησὶ
2667 5333 2683 5356 ,
2717 5310 2736 5343 ι
2769 5295 2885 5356 ,τοῖς
2913 5292 3066 5360 ὄρεσι
3092 5306 3105 5319 °
3144 5286 3439 5357 Καλύψατε
3488 5286 3658 5355 ἡμᾶς,

2083 5386 2177 5439 καὶ
2205 5388 2318 5449 τοῖς
2347 5385 2575 5456 βουνοῖς,
2608 5385 2808 5439 Πέσετε
2830 5386 2914 5453 ἐφ’
2948 5384 3115 5454 ἡμᾶς.
3149 5401 3168 5434 ι
3196 5379 3278 5434 Τὰ
3305 5379 3413 5450 γὰρ
3451 5379 3530 5440 εἰς
3561 5377 3657 5446 171-

2085 5474 2166 5540 ξω
2193 5476 2395 5546 ἥκοντα
2421 5476 2531 5529 τῶν
2560 5475 2767 5542 κακῶν,
2789 5473 3012 5527 καὶτῶν
3036 5471 3226 5526 δεινῶν
3256 5473 3312 5524 ui.
3335 5466 3657 5539 ὑπερϐολαὶ,

2084 5570 2263 5624 καίτοι
2292 5569 2487 5644 πικρὸν
2514 5569 2642 5625 ὄντα
2665 5569 2758 5624 τὸν
2787 5567 3041 5634 θάνατον,
3071 5563 3402 5636 τοιπόθητον
3429 5559 3540 5618 ἔσθ’
3563 5559 3656 5633 ὅτε
