4110 6368
396 379 506 435 ἳ49

1319 384 1873 443 COMMENTARIUS
1910 386 1979 442 IN
2022 388 2255 450 OSEAM
2292 391 2739 449 ‘PROPIIETAM.

3558 390 3667 444 ἓξ,ἰο

397 493 704 548 δεικνύουσι
766 496 877 559 τοῖς
919 493 1155 560 πολλοῖς.
1212 496 1406 564 Δὺτοῖς
1460 501 1525 571 δὴ
1569 498 1664 555 οὖν
1709 504 1819 574 ἄρα
1868 506 1981 567 τοῖς

2092 515 2231 572 sunt,
2264 508 2449 563 dicent
2475 508 2887 577 propemodum,
2943 506 3136 577 inquit,
3190 523 3210 559 ι
3263 505 3455 562 Caditc
3503 520 3670 575 super

397 588 548 658 ὄρεσι
605 590 835 655 καὶτοῖς
872 589 1097 659 βουνοῖς,
1128 592 1187 646 ὲν
1225 589 1307 655 οἷς
1335 594 1391 646 αἰ
1439 593 1843 665 ψευδολατρίαι,
1887 597 1980 649 καὶ

398 680 495 749 τῆς
518 681 659 734 κατά
688 680 822 736 Θεοῦ
853 683 1172 749 δυσσεϐείας
1190 683 1521 753 τετόλμηται
1544 684 1613 737 τά
1634 684 1977 754 ἐγκλήματα,

400 772 681 843 μονονουχὶ
724 773 819 827 καὶ
863 776 1068 847 ἐροῦσι,
1126 775 1282 845 φησὶ,
1326 794 1343 826 ι
1384 775 1584 828 Πέσετε
1632 776 1715 843 ἐφ’
1744 777 1911 845 ἡμᾶς,
1954 794 1973 827 ι

2088 611 2212 663 nos,
2249 616 2268 649 ι
2303 609 2358 654 et
2384 601 2547 669 gladii
2580 599 2899 671 Babylonici
2932 598 3315 656 crudelitatem
3364 609 3532 666 atque
3582 613 3668 651 m-

2080 686 2342 755 gloriam,
2373 698 2427 744 et
2458 691 2859 745 intolerandam
2905 691 3184 746 miseriam
3232 689 3580 746 abductionis
3614 690 3668 742 in

2085 781 2459 848 captivitatem
2488 786 2835 839 antevertite.

397 866 491 918 καὶ
516 865 759 933 φθάσατε
790 868 883 921 τοῦ
920 870 1263 924 Βαϐυλωνίου
1299 868 1485 939 ξίφους
1516 869 1616 939 τὴν
1651 870 1972 942 ἀγριότητα,
2014 872 2111 926 καὶ
2137 873 2239 945 τῆς
2276 877 2359 940 εἰς
2425 877 2806 948 αἰχμαλωσίαν
2847 878 3173 949 ἀπαγωγῆςτ
3214 877 3311 949 τὴν
3339 875 3513 931 ἀκλεᾶ
3574 874 3671 929 καὶ

396 957 677 1011 δύσοιστον
702 959 1013 1031 ἀθλιότητα.

486 1051 602 1118 Ἆρ’
653 1047 727 1106 οὗ
780 1056 834 1105 ot
881 1053 1132 1120 βουνοί,
1196 1053 1464 1123 ἥμαρτεν
1513 1055 1791 1123 Ἰσραὴλ,
1859 1053 1990 1108 ἐκεῖ

398 1141 698 1208 ἔστησαν.
742 1146 825 1198 Οὺ
856 1144 941 1213 μὴ
969 1144 1277 1213 καταλάϐῃ
1312 1145 1537 1212 αὐτοὺς
1580 1147 1651 1199 ἐν
1673 1145 1754 1212 τῷ
1773 1145 1982 1211 ,βουνῷ

398 1234 685 1302 πόλεμος,
736 1236 836 1289 ἐπὶ
886 1239 960 1290 τὰ
1011 1234 1194 1291 τέκνα
1236 1236 1347 1306 τῆς
1385 1238 1622 1303 ἀδικίας
1659 1238 1982 1293 παιδεῦσαι

399 1328 643 1393 αὐτούς.
675 1329 782 1382 Καὶ
820 1329 1315 1397 συναχθήσονται
1343 1330 1442 1383 ἐπὶ
1481 1331 1706 1397 αὐτοὺς
1741 1331 1876 1385 lavi
1912 1331 1984 1385 ἐν

400 1416 483 1482 τῷ
521 1418 912 1474 παιδεύεσθαι
957 1421 1178 1485 αὐτοὺς
1220 1422 1291 1474 ἐν
1330 1422 1460 1488 ταῖς
1496 1422 1682 1476 δυσὶν
1720 1422 1981 1490 ἀδικίαις

398 1510 618 1565 αὐτῶν.

473 1604 625 1659 PIII’.
668 1603 1054 1675 Πρεσϐυτέραν
1100 1600 1241 1657 εἷναί
1270 1622 1423 1675 φησι,
1454 1605 1551 1675 τῆς
1593 1606 1687 1658 ἐπὶ
1716 1608 1837 1669 ταῖς
1880 1605 1979 1660 δα-

406 1693 601 1765 μάλεσι
635 1693 863 1764 πλάνης,
886 1694 984 1766 τὴν
1011 1697 1070 1747 ὲν
1099 1695 1250 1767 δρεσί
1283 1713 1342 1748 τε
1390 1696 1485 1749 καὶ
1519 1696 1725 1765 βουνοῖς
1753 1714 1979 1767 γεγενη-

2155 1056 2323 1111 Vens.
2363 1057 2417 1123 9,
2455 1056 2542 1111 10.
2581 1056 2664 1111 Ea:
2691 1074 2793 1127 quo
2826 1058 3009 1121 colles,
3055 1059 3287 1126 peccavit
3342 1058 3552 1125 Israel,
3600 1060 3671 1112 ibi

2082 1157 2363 1204 steterunt.
2413 1151 2539 1205 Non
2584 1152 2982 1220 comprehendet
3029 1167 3117 1204 eos
3150 1153 3206 1205 in
3257 1153 3390 1206 colle
3447 1152 3667 1215 bellum,

2066 1256 2242 1306 super
2269 1241 2407 1310 ﬁlios
2430 1242 2730 1311 iniquitatis
2755 1244 3019 1309 corripere
3064 1245 3225 1312 ipsos.
3264 1242 3332 1296 Et
3378 1259 3670 1314 congrega-

2088 1330 2283 1383 bantur
2316 1348 2475 1398 sitper
2500 1348 2587 1385 eos
2629 1331 2842 1399 populi,
2892 1348 3013 1385 cum
3060 1333 3413 1401 corripientur
3463 1334 3563 1402 ipsi
3618 1334 3673 1386 in

2091 1416 2297 1471 duabus
2320 1418 2692 1484 iniquitatibus
2717 1420 2851 1474 suis.

2158 1588 2392 1645 CXVIII.
2429 1591 2628 1646 Errore
2658 1592 2710 1645 in
2762 1592 3021 1648 colendis
3070 1592 3255 1647 vitulis
3307 1593 3670 1663 antiquiorem

2089 1695 2210 1734 esse
2259 1682 2311 1734 in
2343 1683 2613 1736 montibus
2657 1691 2713 1736 et
2753 1683 2989 1738 collibus
3047 1684 3247 1738 factam
3307 1684 3669 1740 defectionem

410 1787 579 1856 μένην
604 1784 924 1838 ἀπόστασιν.
962 1786 1073 1838 Καὶ
1104 1784 1236 1853 γοῦν
1258 1786 1347 1838 ὅτε
1373 1787 1472 1856 τὴν
1500 1787 1814 1857 Σαμάρειαν
1852 1805 1984 1842 κατ-

2092 1773 2347 1827 allirmat.
2383 1773 2610 1840 Quando
2640 1775 2806 1844 igitur
2850 1776 2901 1829 in
2935 1776 3246 1831 Samariam
3271 1790 3543 1832 venerunt
3574 1779 3669 1833 dc-

400 1877 694 1947 ειλήφασιν
736 1879 792 1929 αἱ
838 1877 970 1929 δέκα
1014 1877 1214 1946 φυλαὶ,
1263 1877 1366 1946 τῆς
1424 1877 1659 1948 Ῥοόοὰμ
1711 1879 1987 1950 βασιλείας

401 1968 834 2034 ἀποσεισάμεναι
871 1968 964 2021 τὸν
1014 1967 1199 2036 ζυγὸν,
1234 1969 1353 2023 τότε
1391 1971 1489 2033 τὰς
1519 1970 1779 2040 δαμάλεις
1810 1973 1986 2025 εἰσκε-

385 2062 633 2131 κόμωίεν
671 2059 972 2130 Ἱεροϐοάμ.
1017 2060 1107 2112 Ἐν
1139 2060 1195 2113 δέ
1239 2078 1302 2129 γε
1332 2063 1443 2124 τοῖς
1478 2062 1868 2133 Ἱεροσολύμοις
1900 2062 1986 2116 ὅν-

403 2170 513 2215 τες,
540 2152 640 2222 τὴν
662 2156 719 2204 ἐν
747 2152 898 2223 δρεσί
926 2170 984 2205 τε
1028 2154 1120 2206 καὶ
1160 2152 1369 2222 βουνοῖς
1399 2156 1729 2225 ἐπετήδευον
1754 2156 1985 2227 πλάνην,

403 2246 526 2303 ταῖς
550 2243 867 2311 ἀλλοφύλοις
898 2242 1143 2312 γυναιξὶν
1166 2244 1408 2308 εἴκοντος
1469 2248 1563 2299 καὶ
1589 2247 1983 2311 κατανεύοντος

404 2335 501 2387 τοῦ
535 2334 866 2405 Σολομῶνος,
900 2336 961 2387 τὸ
990 2336 1240 2406 τηνικάδε
1272 2337 1364 2390 καὶ
1397 2337 1613 2407 βωμοὺς
1637 2340 1985 2405 ἀνιστῶντος,

404 2428 504 2479 καὶ
545 2428 748 2496 τεμένη
790 2426 975 2479 λοιπὸν
1004 2430 1117 2490 τοῖς
1148 2428 1371 2481 ἐκείνων
1399 2430 1756 2501 σεϐάσμασιν.
1802 2434 1891 2497 Ἐξ
1927 2426 1988 2486 οὗ

406 2518 587 2571 τοίνυν
632 2519 1004 2589 ἐπενοήθησαν
1062 2520 1111 2571 οἰ
1166 2519 1365 2589 βουνοὶ,
1426 2522 1519 2573 καὶ
1572 2524 1640 2575 τὰ
1692 2526 1749 2575 ὲν
1805 2526 1990 2588 αὐτοῖς

408 2604 722 2683 ἀθύρματα,
777 2612 870 2665 καὶ
899 2612 953 2663 αἰ
979 2611 1379 2683 ψευδολατρῖαι,
1413 2614 1471 2678 ἐξ
1504 2615 1711 2668 ἐκείνου
1742 2616 1834 2670 τοῦ
1870 2636 1992 2671 και-

408 2701 509 2773 ςοῦ
534 2702 978 2773 προσκέκρουκεν
1003 2705 1031 2755 ὁ
1070 2704 1310 2775 Ἰσραήλ.
1346 2705 1612 2771 Ἔνδειξις
1636 2708 1691 2760 δὲ
1714 2710 1807 2762 καὶ
1834 2710 1992 2763 τοῦτο

409 2794 511 2863 τῆς
554 2794 702 2856 Θείας
743 2795 1081 2865 ἡμερότητος
1139 2798 1335 2865 γένοιτ’
1375 2798 1440 2851 ἂν
1488 2800 1587 2852 οὑκ
1639 2803 1987 2872 ἀσυμφανὴς,

412 2885 537 2940 (ὐδὲ
588 2886 647 2938 ὲν
700 2886 877 2957 χρόνῳ
930 2889 1127 2960 μακρῷ
1186 2888 1435 2952 κολάζειν
1489 2894 1823 2963 ἀνεχομένης
1864 2896 1992 2959 τοὺς

414 2976 775 3047 ἠσεϐηκότας,
832 2978 1074 3049 ἀνιείσης
1113 2978 1169 3032 δὲ
1223 2981 1420 3050 μᾶλλον
1462 2984 1555 3036 καὶ
1592 2987 1992 3057 περιμενούσης

412 3068 555 3138 τάχα
582 3084 686 3121 που
710 3068 822 3121 τῶν
840 3068 1275 3141 πεπλανημένων
1304 3073 1402 3143 τὴν
1440 3075 1804 3144 μετάγνωσιν.
1836 3080 1898 3132 Οἱ
1935 3080 1990 3132 δὲ

412 3152 554 3228 ἦσαν
589 3159 948 3231 ἀπηνέστεροί
975 3178 1055 3227 τε,
1113 3165 1204 3216 καὶ
1258 3164 1325 3218 τὰ
1378 3166 1457 3218 ἐτι
1496 3168 1664 3238 χείρω
1711 3172 1990 3236 νοσοῦντες

381 3288 385 3293 η
412 3251 716 3321 ἡλίσκοντο.
746 3253 1092 3324 Προσέθεσαν
1115 3257 1223 3325 γὰρ
1251 3261 1366 3321 τοῖς
1411 3258 1617 3328 βουνοῖς
1661 3264 1755 3315 καὶ
1792 3263 1862 3316 τὰ
1897 3265 1989 3317 ἐπὶ

412 3345 533 3405 ταῖς
559 3343 859 3414 δαμάλεσιν
904 3346 1213 3417 εὑρήματα.
1248 3346 1477 3412 Θύοντες
1505 3350 1561 3403 δὲ
1594 3354 1707 3414 τοῖς
1735 3353 1989 3422 δαίμοσιν

413 3433 471 3485 ἐν
499 3432 651 3503 opaci
680 3451 739 3486 τε
769 3435 864 3487 καὶ
892 3434 1125 3505 βουνοῖς,
1157 3437 1251 3490 καὶ
1275 3438 1558 3504 δοκοῦντες
1582 3442 1827 3496 εὐσεϐεῖν
1859 3447 1987 3516 περὶ

410 3524 481 3577 τά
522 3526 746 3595 μάταια,
777 3526 921 3596 τάχα
951 3543 1054 3579 που
1082 3526 1174 3580 καὶ
1204 3526 1371 3599 ᾤοντο
1403 3531 1543 3584 κατά
1580 3534 1740 3601 σφᾶς,
1789 3534 1988 3603 μᾶλλον

410 3617 468 3669 δὲ
512 3619 607 3669 καί⁸
649 3617 931 3687 ἀραρότως
962 3617 1231 3688 ἐνόμιζον,
1274 3620 1356 3672 ὅτι
1388 3623 1481 3672 καὶ
1517 3622 1575 3673 ἐν
1620 3621 1821 3693 βεϐαίῳ
1856 3626 1988 3695 στή-

411 3721 598 3759 σονται
626 3706 723 3774 τῆς
749 3707 1070 3777 εὐημερίας,
1098 3707 1313 3761 ἔσονται
1343 3709 1399 3762 δὲ
1454 3712 1548 3763 καὶ
1590 3712 1846 3781 ἀμείνους
1881 3715 1989 3768 τῶν

409 3795 840 3867 ἀνθεστηκότων,
872 3800 966 3851 καὶ
1014 3800 1280 3853 ἀνάλωτοι
1310 3804 1423 3864 τοῖς
1471 3802 1705 3874 ἐχθροῖς.
1756 3805 1989 3876 Σύνηθες

408 3887 467 3940 δὲ
517 3891 632 3950 τοῖς
671 3889 1043 3963 πλανωμένοις
1094 3892 1309 3963 νόσημα
1352 3893 1529 3946 τοῦτο.
1576 3897 1685 3949 Καὶ
1725 3896 1855 3965 γοῦν
1897 3900 1987 3951 ὅτε

408 3981 719 4051 κατέϐησαν
762 3985 843 4046 εἰς
889 3983 1183 4052 Αἴγυπτον,
1217 3984 1451 4055 ἀλούσης
1484 3989 1585 4056 τῆς
1632 3988 1986 4060 Ἰερουσαλὴμ

384 4072 516 4126 -ὑπὺ
538 4071 632 4125 τοῦ
664 4073 1027 4139 Βαϐυλωνίου,
1060 4073 1449 4127 συνεϐούλευσε
1489 4076 1587 4146 μὲν
1631 4078 1661 4128 ὁ
1702 4080 1986 4149 προφήτης

419 4164 729 4235 Ἱερεμίας,
779 4166 1077 4236 ἀπέχεσθαι
1122 4166 1217 4219 τοῦ
1269 4166 1415 4220 θύειν
1467 4166 1726 4232 εἰδώλοις,
1778 4170 1864 4223 ἵνα
1902 4188 1986 4236 τις

408 4256 621 4325 γένοιτο
652 4257 817 4327 φειδῶ
845 4258 933 4309 ἐπ’
961 4259 1142 4321 αὐτοῖς
1174 4256 1322 4328 παρά
1357 4257 1450 4310 τοῦ
1479 4256 1670 4323 σώζειν
1710 4259 1983 4329 ἰσχύοντος

410 4348 567 4401 Θεοῦ.
618 4350 681 4401 Οἱ
733 4348 790 4401 δὲ
834 4348 1038 4420 ταύτης
1081 4350 1240 4402 ἕνεκα
1292 4349 1393 4419 τῆς
1441 4350 1621 4414 αἰτίας
1667 4356 1984 4423 περιπεσεῖν

2090 1880 2207 1920 cem
2262 1866 2456 1931 tribus,
2518 1868 2671 1936 regni
2734 1867 3178 1939 Roboami'jugo
3235 1884 3491 1937 excusso,
3551 1882 3677 1926 tunc

2092 1958 2292 2012 vitulos
2320 1957 2609 2013 .Ieroboam
2638 1959 3133 2025 intrmluxit’°.Qui
3167 1972 3346 2014 autem
3366 1972 3523 2015 erant
3543 1964 3674 2017 llic-

2093 2052 2399 2122 rosolymis,
2430 2052 2483 2105 in
2529 2052 2802 2105 montibus
2841 2061 2895 2107 et
2934 2053 3168 2108 collibus
3207 2068 3453 2107 errorem
3510 2071 3668 2109 suum

2091 2145 2422 2197 exercebant
2454 2144 2664 2209 scdulo,
2691 2160 2813 2199 cum
2858 2145 3181 2215 alienigenis
3221 2148 3542 2201 mulieribus
3571 2150 3674 2203 ob-

2092 2234 2399 2288 secundans
2444 2245 2498 2288 et
2534 2235 2844 2289 assentiens
2897 2234 3195 2301 Salomon,
3241 2238 3404 2292 etiam
3439 2254 3565 2292 aras
3620 2248 3675 2293 et

2092 2327 2214 2380 fana
2243 2327 2464 2396 insuper
2520 2328 2735 2381 illarum
2790 2329 3105 2383 numinibus
3152 2328 3265 2400 jam
3316 2340 3427 2385 tum
3476 2332 3672 2386 condi-

2094 2419 2265 2472 disset
2297 2420 2366 2472 ⁹¹.
2398 2419 2475 2471 Ex
2508 2435 2617 2487 quo
2674 2420 2841 2488 igitur
2873 2421 3164 2489 excogitati
3209 2431 3336 2475 sunt
3386 2423 3574 2489 colles,
3618 2435 3675 2477 et

2096 2510 2325 2575 ludicra,
2358 2521 2413 2565 et
2438 2513 2839 2579 pseudolatria»,
2897 2529 2962 2567 ex
2996 2530 3061 2567 eo
3124 2523 3366 2582 tempore
3422 2517 3676 2584 peccavit

2094 2601 2146 2654 in
2177 2600 2342 2654 Deum
2373 2601 2559 2656 Israel.
2612 2600 2797 2655 Potest
2838 2613 2892 2656 et
2920 2603 3046 2656 hinc
3089 2603 3397 2671 benignitas
3432 2605 3521 2657 Dei
3558 2620 3666 2657 non

2094 2695 2325 2749 obscure
2355 2696 2629 2763 cognosci,
2665 2712 2785 2765 qnze
2816 2712 2914 2749 nec
2951 2697 3111 2765 longo
3166 2696 3452 2751 intervallo
3504 2695 3670 2770 149

2097 2788 2386 2856 impietatis
2416 2804 2541 2842 reos
2584 2790 2778 2855 punire
2828 2789 3123 2854 sustinuit;
3167 2792 3261 2843 sed
3298 2790 3522 2845 indulsit
3576 2809 3667 2860 po-

2099 2877 2238 2939 tius,
2279 2887 2331 2928 et
2369 2879 2492 2928 dum
2530 2880 2738 2932 seducti
2792 2880 3172 2948 pwuitentiam
3226 2882 3367 2935 forte
3402 2893 3626 2951 agerent
3650 2925 3667 2948 ,

2096 2970 2449 3037 exspectavit.
2492 2972 2561 3023 At
2616 2970 2689 3023 illi
2724 2981 2776 3024 et
2833 2972 3287 3037 contumaciores,
3362 2984 3417 3026 ct
3467 2974 3677 3030 scelere

2096 3062 2464 3129 corruptiores
2481 3062 2687 3116 inventi
2712 3075 2855 3117 sunt.
2881 3064 3125 3119 Collibus
3142 3064 3288 3118 enim
3310 3066 3511 3122 vitulos
3541 3082 3679 3136 quc»

2097 3166 2202 3221 que
2228 3150 2559 3216 adjecerunt.
2596 3151 2982 3208 Sacriﬁcantes
3031 3162 3213 3209 autem
3242 3156 3582 3211 daemonibus
3616 3158 3671 3212 in

2100 3244 2375 3299 montibus
2402 3256 2453 3299 et
2483 3245 2731 3310 collibus,
2767 3257 2821 3300 et
2847 3262 2908 3301 se
2940 3248 2993 3301 in
3028 3247 3130 3302 hoc
3181 3249 3329 3302 inani
3371 3250 3553 3303 studio
3588 3266 3676 3305 re-

2099 3337 2319 3408 ligiosos
2340 3339 2693 3403 arbitrantes,
2730 3339 2974 3395 fortassis
3030 3342 3197 3395 etiam
3260 3342 3403 3411 apud
3431 3343 3674 3396 animum

2097 3431 2436 3499 cogitabant,
2488 3431 2598 3484 imo
2646 3441 3015 3501 congruenter
3055 3431 3359 3501 putabant,
3410 3448 3469 3487 se
3517 3434 3678 3488 rebus

2103 3521 2362 3575 secundis
2401 3531 2724 3575 constanter
2752 3536 2968 3588 usuros,
3028 3532 3084 3576 et
3114 3523 3445 3577 adversariis
3490 3524 3677 3577 valen-

2100 3611 2285 3672 tiores,
2323 3622 2377 3664 et
2405 3627 2434 3663 a
2454 3613 2717 3665 servitute
2744 3612 2991 3667 hostibus
3016 3614 3301 3667 serviendo
3335 3622 3480 3668 tutos
3507 3613 3624 3667 fore
3654 3632 3668 3668 :

2097 3705 2186 3771 qui
2221 3706 2445 3757 morbus
2472 3717 2661 3758 errore
2689 3704 2931 3772 deceptis
2966 3703 3253 3759 familiaris
3277 3714 3382 3759 est.
3425 3704 3536 3758 Hoc
3580 3706 3678 3776 igi-

2100 3809 2203 3861 tur,
2220 3796 2444 3865 quando
2466 3806 2619 3865 capta
2646 3812 2674 3850 a
2694 3796 2987 3866 Babylonio
3002 3795 3377 3867 Hierosolyma
3402 3799 3453 3851 in
3473 3796 3679 3868 Egyp-

2095 3897 2206 3940 tum
2222 3887 2643 3951 descendebant,
2661 3890 2919 3958 propheta
2933 3888 3198 3945 Jeremias
3218 3890 3414 3953 suasit,
3433 3900 3489 3943 ut
3510 3892 3679 3945 sacri-

2098 3980 2238 4032 ﬁciis
2269 3978 2536 4033 idolorum
2572 3989 2961 4049 temperarent,
2993 3998 3100 4051 quo
3130 3980 3468 4037 Salvatorem
3502 3984 3672 4037 Deum

2096 4071 2390 4139 propitium
2424 4070 2706 4127 haberent.
2738 4072 2839 4127 Ast
2876 4074 2952 4127 illi
2990 4076 3093 4129 hac
3124 4074 3192 4129 de
3229 4090 3392 4129 causa
3431 4075 3487 4129 in
3525 4076 3672 4129 cala-

2096 4164 2313 4217 mitates
2352 4176 2412 4217 se
2452 4163 2715 4218 incidisse
2772 4165 3156 4235 praedicabant,
3200 4165 3344 4235 quod
3390 4165 3509 4234 lege
3544 4181 3676 4219 san-

2093 4258 2218 4313 citis
2242 4272 2435 4327 parere
2494 4273 2600 4312 non
2639 4258 2935 4313 desiisseut
2977 4298 2993 4323 ,
3028 4266 3083 4312 et
3131 4258 3184 4311 in
3246 4258 3392 4311 cultu
3447 4258 3673 4311 deormn

2094 4350 2593 4405 commentitiorum
2636 4350 2894 4405 socordes
2946 4349 3270 4403 eratsisscnt.
3332 4347 3424 4403 Sic
3491 4354 3675 4401 autem

410 4440 648 4509 ἱερασκον
675 4442 788 4503 τοῖς
821 4441 1035 4504 δεινοῖς,
1067 4442 1148 4493 ὅτι
1188 4441 1252 4511 δὴ
1281 4441 1340 4493 οὐ
1368 4441 1672 4512 κατέληξαν
1712 4444 1806 4496 τοῦ
1848 4446 1985 4517 πλη-

2094 4442 2328 4510 Iegimus
2370 4456 2384 4494 :
2430 4460 2449 4493 ι
2501 4442 2568 4495 Et
2604 4442 3003 4509 responderunt
3043 4440 3292 4495 Jeremia:
3332 4454 3523 4493 omnes
3570 4439 3670 4491 viri

414 4533 541 4605 ροῦν
571 4530 774 4585 ἐθέλειν
794 4532 862 4586 τὰ
883 4532 1263 4602 νενομισμένα,
1291 4533 1383 4586 καί
1406 4533 1797 4604 ὀλιγωροῦντες
1826 4538 1991 4608 ὴλέγ.

409 4639 568 4692 χοντο
595 4622 694 4690 τῆς
732 4622 812 4684 εἰς
840 4621 910 4674 τὰ
942 4624 1145 4690 μάταια
1170 4623 1354 4693 τιμῆς.
1382 4622 1696 4694 Γέγραπται
1716 4625 1771 4679 δὲ
1793 4628 1985 4693 οὕτως’

416 4734 437 4766 ι
474 4716 584 4768 Καὶ
616 4713 992 4785 ἀπεκρίθησαν
1028 4714 1106 4784 τῷ
1156 4714 1396 4786 Ἱερεμίᾳ
1434 4715 1634 4779 πάντες
1687 4719 1736 4769 οί
1774 4718 1986 4791 ἀνδρες,

410 4808 461 4859 οἰ
494 4807 726 4875 γνῶντες
765 4809 847 4860 ὅτι
890 4806 1157 4877 θυμιῶσιν
1202 4809 1260 4861 αἰ
1313 4811 1571 4876 γυναῖκες
1621 4810 1802 4865 αὐτῶν
1846 4813 1989 4878 θεοῖς

410 4898 642 4968 ἑτέροις,
674 4898 770 4951 καὶ
798 4900 970 4951 πᾶσαι
1004 4900 1058 4951 αἰ
1089 4901 1367 4965 γυναῖκες,
1413 4902 1703 4972 συναγωγὴ
1753 4904 1987 4975 μεγάλη,

413 4991 508 5043 καί⁸
537 4991 646 5051 πᾶς
670 4989 701 5040 ὁ
726 4989 874 5053 λαὸς,
902 4990 953 5043 οἰ
977 4989 1274 5060 καθήμενοι
1306 4994 1364 5044 ὲν
1391 4994 1461 5063 γῇ
1496 4992 1779 5064 Αἰγύπτῳ,
1822 4999 1881 5050 ὲν
1914 5001 1984 5069 γῇ

412 5079 669 5151 Παθουρῇ
696 5119 710 5143 ,
740 5079 1017 5147 λέγοντες·
1047 5080 1153 5133 Τὸν
1194 5081 1353 5149 λόγον
1396 5082 1456 5135 ὃν
1499 5082 1802 5153 λελάληκας
1850 5087 1988 5158 πρὸς

410 5175 560 5244 ἡμᾶς
588 5173 646 5225 ὲν
683 5172 762 5243 τῷ
791 5173 1015 5242 ὀνόματι
1065 5172 1294 5243 Κυρίου,
1341 5175 1440 5228 οὐκ
1482 5177 1850 5248 ἀκουσόμεθα,
1904 5180 1987 5233 ὅτι

409 5264 692 5328 ποιοῦντες
725 5266 1024 5336 ποιήσομεν
1052 5266 1230 5319 πάντα
1264 5266 1355 5321 τὸν
1391 5267 1547 5335 λόγον
1568 5310 1584 5335 ,
1617 5270 1673 5332 ὃς
1714 5270 1978 5335 ἐξελεύσε-

407 5375 500 5410 ται
530 5358 595 5410 ὲκ
620 5356 714 5410 τοῦ
742 5358 1007 5427 στόματος
1034 5355 1212 5428 ἡμῶν,
1240 5357 1442 5430 θυμιᾷν
1466 5362 1533 5431 τῇ
1572 5360 1855 5433 βασιλίσσῃ
1892 5362 1986 5416 τοῦ

408 5447 666 5520 οὐρανοῦ,
690 5449 785 5503 καὶ
819 5448 1065 5501 σπένδειν
1099 5449 1237 5520 αὐτῇ
1267 5451 1519 5516 σπονδὰς,
1552 5451 1694 5505 καθά
1725 5454 1988 5523 ἐποιήσα-

415 5559 517 5611 μεν
550 5543 731 5611 ήμεῖς,
762 5542 856 5592 καὶ
902 5542 954 5593 οἰ
1004 5541 1235 5611 πατέρες
1279 5542 1456 5612 ἡμῶν,
1508 5545 1603 5597 καὶ
1649 5546 1700 5597 οἰ
1751 5534 2005 5615 βασιλεῖςν

410 5631 602 5703 ἡμῶν,
629 5633 723 5685 καὶ
753 5633 803 5683 οἱ
830 5632 1086 5703 ἄρχοντες
1119 5633 1274 5703 ἡμῶν
1307 5636 1364 5688 ὲν
1408 5633 1623 5693 πόλεσιν
1663 5635 1854 5702 Ἰούδα,
1894 5637 1989 5690 καὶ

2088 4536 2342 4598 scientes,
2374 4535 2519 4603 quod
2543 4534 2823 4589 adolerent
2853 4549 3052 4587 uxores
3086 4549 3276 4588 eorum
3310 4533 3416 4587 diis
3450 4533 3670 4597 alienis,

2090 4638 2144 4682 et
2182 4641 2372 4679 omnes
2406 4625 2661 4679 mulieres
2682 4665 2697 4689 ,
2757 4624 3109 4692 congregatio
3161 4638 3378 4691 magna,
3410 4631 3464 4675 et
3492 4622 3671 4675 omnis

2091 4716 2317 4786 pupulas
2365 4715 2618 4769 sedentes
2672 4714 2725 4767 in
2770 4723 2912 4768 terra
2966 4712 3185 4783 Egypti
3222 4751 3237 4777 ,
3281 4713 3332 4765 in
3387 4722 3530 4765 terra
3575 4711 3677 4765 Pa-

2091 4809 2296 4873 tbures,
2340 4808 2627 4862 dicentes:
2673 4806 2991 4861 Sermonem
3040 4822 3199 4874 quem
3237 4805 3448 4859 locutus
3489 4821 3548 4859 es
3591 4807 3657 4857 ad

2090 4915 2188 4954 nos
2219 4900 2270 4953 in
2300 4898 2517 4953 nomine
2550 4897 2784 4959 Domini,
2829 4912 2935 4951 non
2970 4898 3279 4961 audiemus,
3310 4897 3434 4964 quia
3466 4894 3673 4949 facien-

2095 5002 2177 5046 tes
2229 4989 2497 5045 faciemus
2527 5005 2692 5043 omne
2713 4989 2940 5043 verbum
2971 4989 3117 5058 quod
3148 4988 3462 5059 egredietur
3481 4988 3546 5040 de
3578 5001 3673 5039 ore

2095 5097 2301 5148 ηοω-ο,
2339 5082 2733 5137 utadoleamus
2763 5079 2965 5151 regina:
3020 5081 3166 5145 cali,
3222 5089 3278 5135 et
3310 5080 3541 5133 libemus
3595 5079 3671 5131 illi

2096 5176 2375 5240 libamina,
2418 5176 2561 5230 sicut
2589 5174 2818 5229 fecimus
2859 5190 2977 5239 nos,
3038 5182 3093 5228 et
3124 5186 3305 5243 patres
3360 5173 3527 5227 nostri
3554 5212 3568 5235 .
3620 5182 3675 5226 et

2097 5284 2253 5337 reges
2281 5268 2478 5333 nostri,
2515 5277 2571 5321 et
2604 5267 2879 5337 principes
2914 5266 3085 5320 nostri
3128 5266 3183 5318 in
3233 5264 3462 5318 urbibus
3510 5263 3671 5330 Juda,

2098 5368 2151 5414 et
2198 5358 2330 5413 foris
2356 5357 2677 5423 Jerusalem,
2724 5370 2778 5412 et
2816 5357 3048 5411 saturati
3088 5371 3274 5409 sumus
3323 5354 3582 5423 panibus,
3618 5367 3671 5407 et

2097 5450 2227 5504 facti
2264 5465 2450 5502 sumus
2483 5449 2627 5511 boni,
2668 5457 2721 5501 et
2755 5446 2891 5501 mala
2919 5462 3022 5499 non
3058 5445 3308 5499 vidimus.
3345 5443 3410 5498 Et
3444 5452 3503 5499 ut
3546 5459 3656 5499 ces-

2060 5579 2065 5583 -
2097 5543 2340 5598 savimus
2369 5540 2652 5595 adolentes
2685 5540 2883 5608 regina:
2910 5538 3031 5593 coeli
3051 5577 3067 5603 ,
3122 5536 3452 5606 iudiguimus
3482 5550 3672 5589 omnes

2096 5648 2218 5691 nos.
2247 5644 2300 5687 ct
2327 5632 2382 5688 in
2422 5632 2561 5699 bime
2589 5628 2886 5687 defecimus
2910 5629 2978 5683 ".
3031 5647 3049 5681 ι
3085 5627 3281 5684 Culuat
3311 5628 3473 5699 igitur
3498 5626 3670 5683 Israe-

494 5817 541 5851 ⁹⁰
570 5818 628 5873 ιιι
662 5817 791 5887 Reg.
823 5817 1036 5882 “1,28.
1114 5817 1238 5871 “Ill
1277 5818 1483 5890 I‘ugm.
1537 5820 1577 5873 in.
1613 5824 1656 5853 9’
1680 5819 1788 5877 Jcr.
1824 5836 1970 5887 κων,
2011 5820 2184 5875 15-18.
