4110 6368
484 354 586 412 251

1474 354 1533 415 S.
1574 353 1849 412 CYRILLI
1885 353 2363 412 ALEXANDRINI
2404 355 2724 413 ARCHIEP.

3638 361 3747 419 Ξ.δὲ

487 470 706 524 litarum
740 482 906 522 vanos
938 480 1219 522 sermones
1241 476 1297 523 et
1325 482 1476 538 spem
1506 469 1716 525 futilem
1752 484 1816 524 ac
1860 481 1928 523 oe
1950 479 2051 524 cor-

2170 468 2369 536 έξωθεν
2418 468 2809 542 Ἰερουσαλὴμ,
2858 468 2953 523 καὶ
2999 470 3353 544 ἐπλήσθήμεν
3398 472 3599 545 ἄρτων,
3650 478 3746 530 καὶ

489 565 630 620 libus
655 562 793 617 dicit
825 579 846 613 ι
878 561 950 616 ibi
984 569 1275 627 steterunt,
1302 580 1320 614 ι
1358 561 1460 616 hoc
1478 568 1582 626 est,
1638 570 1695 615 ut
1750 560 1850 631 ipsi
1900 559 2065 615 dicti-

489 665 631 718 tant,
659 664 752 708 aut
792 651 985 709 saltem
1023 652 1363 721 existimant,
1414 653 1489 709 ibi
1540 653 1703 709 cultis
1754 652 1913 708 idolis
1952 662 2065 708 sta-

486 746 650 800 bilem
680 744 994 800 felicitatem
1020 745 1296 800 consecuti
1333 754 1479 810 sunt,
1507 755 1563 800 et
1595 744 1649 798 in
1681 744 1840 800 bouis
1869 744 2067 799 immo-

487 837 685 892 bilibus
720 837 1105 900 constiterunt,
1135 846 1189 891 et
1216 846 1275 891 ut
1309 836 1532 907 insuper
1560 836 1666 891 sibi
1701 836 2055 906 persuadent,

488 929 1028 999 noncomprchendet
1046 943 1139 983 eos
1167 928 1221 982 in
1247 928 1387 983 colle
1407 928 1514 982 ulla
1535 944 1761 998 prorsus
1787 926 2063 997 molestia,

486 1019 529 1073 si
557 1018 792 1089 legitima
816 1018 1154 1088 sculptilibus
1202 1026 1463 1088 praestare
1508 1033 1614 1072 non
1654 1017 2053 1072 recusaverint.

487 1111 593 1165 Sed
618 1111 846 1180 decepti,
866 1119 923 1165 et
955 1125 1050 1179 spe
1083 1126 1178 1164 sua
1214 1109 1382 1164 delusi
1412 1119 1561 1174 sunt,
1605 1109 1803 1179 inquit.
1850 1108 2058 1164 Invasit

485 1203 638 1258 enim
677 1218 775 1257 eos
811 1202 1010 1257 bellum
1036 1211 1296 1271 tanquam
1349 1202 1489 1257 ﬁlios
1518 1201 1843 1271 iniquitatis,
1874 1208 1931 1256 et
1971 1215 2069 1254 cx-

484 1294 746 1364 perientia
782 1295 898 1363 ipsa
943 1293 1301 1359 erudieutur,
1359 1294 1604 1348 odiosam
1638 1307 1760 1348 esse
1810 1291 2061 1347 rebellio-

487 1402 611 1441 nem
645 1403 659 1451 ;
692 1396 747 1441 et
785 1386 1032 1456 quinam,
1065 1396 1160 1441 aut
1192 1385 1355 1457 150
1403 1401 1503 1455 per
1546 1399 1683 1454 quos
1732 1383 2061 1453 corripiendi

484 1476 613 1539 sint,
663 1492 760 1547 per
806 1478 1100 1531 maximum
1145 1477 1397 1531 videlicet
1445 1476 1804 1545 hostilemque
1848 1475 2061 1529 exerci-

486 1580 597 1625 tum
628 1589 640 1623 :
669 1570 772 1624 hoc
803 1570 949 1624 enim
981 1578 1064 1625 est
1094 1570 1241 1641 quod
1289 1569 1461 1633 dicit,
1531 1588 1548 1619 ι
1584 1567 2063 1639 congregabuntur

482 1658 663 1731 populi
699 1673 862 1730 super
890 1674 1007 1725 eos,
1054 1678 1071 1710 ι
1105 1668 1161 1715 et
1190 1658 1329 1714 mala
1358 1659 1482 1713 belli
1522 1658 1683 1730 plane
1716 1655 2063 1726 occupabunt

482 1751 604 1806 illos
628 1751 753 1806 dum
788 1750 1175 1820 corripiantur,
1239 1769 1258 1803 ι
1297 1760 1518 1821 propter
1567 1750 1701 1805 duas
1747 1748 2064 1818 iniquitates

2166 561 2464 632 ἐγενόμεθα
2493 562 2757 633 χρηστοὶ,
2798 562 2895 615 καὶ
2922 563 3068 617 κακὰ
3109 564 3211 617 οὐκ
3255 564 3493 635 εἴδομεν.
3525 568 3633 621 Καὶ
3669 568 3747 632 ὡς
3784 555 3800 627 ἲ

2164 652 2479 723 διελίπομεν
2532 654 2835 724 θυμιῶντες
2886 657 2952 725 τῇ
3000 654 3285 728 βασιλίσσῃ
3338 656 3435 711 τοῦ
3483 656 3744 729 οὐρανοῦ,
3792 644 3797 655 λ

2164 741 2558 813 ήλαττώθημεν
2596 743 2795 807 πάντες
2825 744 3009 814 ἡμεῖς,
3040 745 3135 797 xal
3170 746 3229 797 ἐν
3261 746 3532 819 ῥομφαίᾳ,
3559 750 3656 802 καὶ
3682 750 3743 803 ἐν

2165 832 2306 905 λιμῷ
2340 835 2678 905 ἐξελίπομεν.
2716 853 2735 887 ι
2772 835 3027 891 Αἰτιᾶται
3064 836 3243 889 τοίνυν
3279 837 3387 890 τῶν
3427 838 3487 905 ἐξ
3527 838 3744 909 Ἰσραὴλ

2164 926 2298 981 αὐτό
2332 943 2386 979 τι
2438 927 2498 980 τὸ
2536 926 2885 998 εἰκαιόμυθον
2919 928 3015 981 καὶ
3045 927 3106 981 τὺ
3139 928 3339 999 σαθρὸν
3370 929 3473 999 τῆς
3506 929 3740 997 ἐλπίδος,

2165 1016 2260 1072 καί
2307 1035 2440 1089 φησι
2482 1018 2612 1088 περὶ
2654 1018 2763 1071 τῶν
2798 1017 3035 1088 βουνῶν,
3076 1018 3160 1071 ὅτι
3206 1036 3225 1070 ι
3257 1019 3373 1072 ἐκεῖ
3412 1018 3670 1090 ἔστησαν,
3715 1040 3735 1073 ι

2163 1111 2465 1171 τουτέστιν,
2499 1112 2580 1165 δτι
2613 1110 2864 1183 καθάπερ
2902 1109 3057 1164 αὐτοί
3090 1127 3275 1179 φασιν,
3306 1111 3339 1182 ἢ
3372 1110 3505 1180 γοῦν
3538 1112 3742 1166 οἴονται

2165 1203 2308 1257 κατὰ
2360 1205 2523 1274 σφᾶς,
2587 1205 2705 1257 ἐκεῖ
2754 1205 2867 1266 τοῖς
2914 1203 3175 1273 γλυπτοῖς
3214 1202 3632 1274 λατρεύσαντες,
3680 1203 3743 1258 τὸ

2161 1296 2407 1366 ἀσφαλὲς
2448 1297 2716 1365 ἐσχήκασι
2742 1298 2842 1367 τῆς
2868 1294 3188 1367 εὐημερίας,
3218 1295 3315 1349 καὶ
3340 1297 3398 1349 ἐν
3425 1294 3743 1365 άκλονήτοις

2164 1387 2397 1458 ἔστησαν
2442 1386 2685 1455 ἀγαθοῖς.
2731 1387 2840 1441 Kal
2865 1385 2941 1449 ὥς
2988 1403 3051 1454 γε
3092 1387 3297 1441 οἴονται
3343 1386 3525 1450 πάλιν,
3556 1385 3618 1437 οὺ
3666 1385 3741 1456 μὴ

2163 1478 2449 1550 καταλάϐῃ
2469 1480 2667 1543 αὐτοὺς
2694 1479 2752 1533 ἐν
2779 1478 2858 1549 τῷ
2881 1478 3078 1549 βουνῷ,
3102 1478 3163 1532 τὸ
3196 1478 3339 1533 κατά
3364 1496 3417 1532 τι
3440 1478 3571 1547 γοῦν
3604 1478 3740 1540 ὅλως

2162 1571 2354 1625 λυπεῖν
2396 1570 2605 1635 εἰωθὸς,
2632 1572 2680 1625 εί
2712 1570 2956 1643 πληροῦν
2989 1570 3194 1625 ἕλοιντο
3226 1572 3341 1635 τοῖς
3382 1569 3640 1640 γλυπτοῖς
3671 1569 3741 1623 τὰ

2162 1661 2541 1733 νενομισμένα.
2587 1660 2729 1714 Ἀλλ’
2766 1661 3099 1733 ὴπάτηνται,
3127 1661 3283 1732 φησὶ,
3312 1660 3408 1714 καὶ
3435 1660 3741 1732 διημαρτή-

2161 1771 2290 1808 κασι
2316 1754 2417 1824 τῆς
2442 1753 2677 1818 ἐλπίδος.
2713 1754 2968 1822 Ἀφῖκται
3007 1752 3116 1824 γὰρ
3156 1751 3221 1823 δὴ
3253 1751 3487 1821 πόλεμος
3518 1749 3607 1803 ἐπ’
3640 1748 3741 1802 αὐ-

481 1843 724 1913 ipsorum
759 1860 778 1894 ι
819 1843 950 1910 Quae
981 1842 1171 1913 quales
1221 1843 1353 1910 sint,
1412 1841 1718 1897 luculenter
1776 1840 1930 1895 nobis
1964 1853 2051 1910 per

2164 1842 2313 1903 τοὺς,
2348 1841 2560 1904 ἀδικίας
2604 1840 2763 1904 ὂντας
2807 1839 2997 1904 τέκνα,
3048 1841 3144 1894 καὶ
3191 1841 3281 1894 διὰ
3326 1840 3521 1911 πείρας
3569 1839 3740 1908 αὐτῆς

478 1949 543 1990 os
570 1933 819 1990 Ieremia:
881 1934 1192 1989 indicavit:
1232 1952 1251 1986 ι
1313 1932 1605 2003 Obstupuit
1651 1930 1848 1986 cmlum
1895 1944 2059 1999 super

480 2025 603 2092 hoc,
633 2038 686 2081 et
721 2027 989 2081 inhorruit
1017 2036 1173 2080 extra
1221 2026 1437 2079 modum
1476 2024 1861 2088 vehementer,
1914 2020 2051 2076 dicit

480 2118 759 2185 Dominus,
822 2119 946 2189 quia
972 2122 1098 2185 duo,
1153 2128 1209 2173 et
1243 2117 1384 2172 mala
1435 2118 1561 2171 fecit
1597 2114 1821 2186 populus
1870 2128 2045 2169 meus.

477 2213 561 2265 Me
590 2211 993 2281 dereliquerunt
1020 2210 1221 2265 fontem
1246 2226 1399 2279 aqua:
1420 2210 1683 2274 viventis;
1711 2217 1765 2262 et
1798 2207 2053 2261 foderunt

474 2300 579 2356 sibi
613 2299 760 2354 lacus
789 2301 1056 2355 contritos
1104 2299 1196 2355 oui
1230 2314 1335 2353 non
1366 2309 1619 2359 poterunt
1670 2312 1865 2367 aquam
1912 2312 2051 2351 con-

477 2393 650 2449 tinere
677 2394 745 2451 ’³.
782 2411 800 2445 ι

2164 1926 2641 1998 παιδευθήσονται,
2674 1926 2870 1999 πικρὸν
2901 1929 2985 1981 ὅτι
3009 1928 3069 1982 τὸ
3097 1928 3336 1998 ἐξήνιον·
3378 1929 3475 1983 καὶ
3502 1929 3647 1992 τίνες
3672 1928 3741 1983 ἂν

2160 2015 2292 2084 εἷεν,
2325 2018 2392 2072 δι’
2423 2012 2499 2073 ὧν
2529 2018 2741 2073 ἔσονται
2768 2018 2840 2073 τὰ
2867 2020 2947 2083 εἰς
2971 2020 3216 2073 παιδείαν
3245 2019 3449 2082 αὐτοῖς,
3470 2018 3740 2090 ἀπλείστη

2158 2122 2244 2170 τις
2290 2106 2388 2176 ὅση
2437 2105 2710 2176 πολεμίων
2755 2108 3047 2179 ὁμήγυρις.
3101 2106 3275 2162 Τοῦτο
3318 2107 3429 2180 γάρ
3475 2110 3595 2161 ἐστι
3653 2108 3737 2175 τὸ,

2159 2217 2179 2251 ι
2216 2200 2651 2268 Συναχθήσονται
2701 2199 2788 2251 ἐπ’
2836 2199 3031 2263 αὐτοὺς
3071 2198 3212 2265 λαοὶ,
3248 2220 3267 2253 ι
3319 2202 3414 2254 καὶ
3445 2200 3514 2254 τὰ
3542 2202 3607 2253 ἐκ
3640 2197 3738 2253 τοῦ

2156 2291 2394 2362 πολέμου
2428 2290 2580 2344 δεινὰ
2615 2290 2957 2363 συμϐήσεται
3003 2292 3251 2357 πάντως,
3285 2294 3343 2347 ἐν
3378 2292 3457 2363 τῷ
3489 2289 3740 2345 παιδεύει-

2156 2383 2280 2437 σθαι
2307 2382 2538 2446 αὐτοὺς,
2586 2400 2605 2434 ι
2654 2382 2780 2435 Ἐπὶ
2819 2384 2939 2447 ταῖς
2983 2383 3133 2437 δυσὶν
3175 2383 3414 2448 ἀδικίαις
3464 2383 3665 2440 αὐτῶν.
3709 2400 3731 2436 ι

473 2484 585 2537 Kal
616 2484 745 2536 ποῖα
777 2482 840 2555 δὴ
868 2482 1045 2537 ταῦτά
1086 2483 1225 2545 ἐστι,
1284 2479 1621 2553 σαφέστερον
1684 2482 1815 2552 ήμῖν
1865 2479 1954 2533 διὰ
2001 2477 2187 2549 φωνῆς
2256 2476 2519 2547 Ἱερεμίου
2588 2475 2941 2543 παρέδειξεν,
2990 2476 3192 2531 εἰπών’
3240 2495 3259 2530 ι
3307 2478 3532 2548 Ἐξέστη
3574 2478 3604 2530 ὁ
3642 2476 3737 2529 οὐ-

474 2574 636 2648 ρανὸς
683 2577 775 2629 ἐπὶ
814 2576 1009 2647 τούτῳ,
1061 2576 1156 2629 καὶ
1189 2574 1407 2646 ἔφριξεν
1452 2577 1544 2628 ἐπὶ
1588 2576 1772 2629 πλεῖον
1819 2574 2045 2646 σφόδρα,
2084 2572 2232 2641 λέγει
2298 2570 2523 2639 Κύριος,
2570 2570 2653 2623 ὅτι
2720 2570 2813 2624 δύο
2871 2571 2966 2625 καὶ
3000 2573 3216 2643 πονηρά
3255 2572 3509 2643 ἐποίησεν
3544 2572 3573 2625 ὁ
3609 2570 3737 2633 λαός

476 2685 600 2738 μου.
646 2668 778 2739 Ἐμέ
845 2667 1205 2737 ἐγκατέλιπον
1241 2669 1422 2741 πηγὴν
1471 2670 1661 2735 ὓδατος
1707 2670 1904 2735 ζῶντος
1926 2713 1941 2737 ,
1986 2669 2080 2722 καὶ
2147 2665 2360 2738 ὤρυξαν
2421 2667 2633 2729 ἑαυτοῖς
2689 2666 2926 2730 λάκκους
2978 2667 3497 2739 συντετριμμένους,
3545 2665 3595 2719 οἳ
3658 2664 3723 2719 οὐ

471 2762 792 2832 δυνήσονται
831 2760 975 2831 ὕδωρ
1015 2760 1281 2832 συνέχειν.
1320 2780 1338 2813 ι

544 2852 711 2907 Vens.
754 2852 840 2906 ll.
883 2852 1138 2918 Ephraim
1194 2853 1360 2907 vitula
1417 2852 1572 2906 docta
1620 2852 1836 2922 diligere
1885 2852 2051 2905 victo-

475 2944 631 2998 riam.
664 2942 775 3013 Ego
803 2953 977 2996 autem
1005 2945 1209 2997 veniam
1238 2961 1397 3014 super
1435 2945 1879 3013 pulchritudinem
1928 2945 2050 2999 colli

473 3036 610 3099 eius.
655 3034 949 3089 Ascendam
982 3033 1265 3101 Evhraim,
1295 3046 1342 3090 et
1372 3035 1594 3090 reticebo
1620 3035 1652 3089 ,1
1663 3036 1843 3090 udam.

492 3204 496 3211 λ
546 3191 734 3247 CXIX.
770 3193 1027 3263 Ephraim
1062 3208 1184 3248 cum
1212 3192 1383 3247 vitulo
1411 3193 1733 3258 componit,
1790 3192 2049 3248 intracta-

474 3282 565 3337 bili
602 3293 657 3339 et
685 3281 916 3352 superbo
953 3283 1117 3338 nimis
1145 3321 1164 3348 ,
1203 3282 1408 3352 impetu
1456 3283 1739 3347 indomito,
1773 3284 1825 3337 in
1857 3299 2050 3352 quem-

474 3389 690 3441 cunque
731 3373 871 3428 forte
918 3374 1176 3441 irruerit,
1222 3389 1316 3429 seu
1363 3374 1753 3430 cicurationem
1805 3391 1912 3429 non
1955 3392 2051 3445 pa-

475 3466 661 3531 tiente,
694 3465 787 3520 sed
825 3465 1103 3520 victoriam
1164 3466 1336 3533 magis
1383 3480 1598 3535 semper
1662 3477 1960 3536 quaerente,
1995 3476 2050 3522 et

472 3558 541 3612 ad
577 3558 627 3611 id
663 3558 805 3628 quod
834 3558 936 3613 sibi
970 3558 1382 3626 complacuerit,
1414 3558 1821 3614 incitationihus
1865 3574 2051 3629 repre-

472 3648 794 3703 hensionum
817 3647 1027 3702 securis
1044 3647 1411 3702 contendenti.
1446 3647 1552 3703 Sed
1572 3662 1881 3717 quanquam
1902 3649 2049 3716 ejus-

473 3740 617 3794 modi
647 3750 751 3805 est,
789 3739 944 3795 cedet
980 3750 1159 3794 tamen
1199 3738 1278 3793 vel
1308 3740 1541 3805 invitus;
1567 3740 1877 3794 domabitur
1903 3741 2046 3797 enim

471 3831 840 3886 calamitatum
866 3831 1195 3897 incursibus,
1212 3832 1530 3900 subjiciente
1546 3833 1696 3886 illum
1717 3833 1846 3897 Deo,
1869 3843 1922 3888 et
1937 3843 2047 3889 tan-

474 3936 585 3979 tum
617 3941 723 3979 non
752 3940 847 3994 per
866 3939 924 3979 se
952 3924 1004 3979 id
1017 3934 1210 3995 agente
1233 3936 1283 3979 et
1308 3924 1762 3994 pulchritudinem
1785 3926 1909 3981 colli
1930 3927 2045 3997 ejus

471 4015 834 4084 disperdente,
863 4017 967 4071 hoc
997 4029 1099 4078 est.
1122 4015 1444 4085 praecipuam
1478 4024 1532 4068 et
1559 4014 1815 4069 selectam
1837 4026 2045 4085 partem

471 4108 525 4162 in
569 4107 1086 4163 lsraclexcutiente.
1120 4106 1245 4161 Haec
1279 4115 1458 4160 autem
1494 4116 1611 4160 erat
1634 4121 1753 4175 quae
1788 4110 2047 4176 regnabat

470 4200 610 4271 apud
642 4201 809 4269 ipsos,
863 4201 1244 4271 subiectosque
1300 4199 1524 4269 papulos
1575 4199 1644 4252 ad
1689 4200 2045 4256 deserendum

471 4294 639 4348 Deum
667 4295 1015 4362 provocabat.
1044 4292 1407 4359 Quamobrem
1442 4290 1549 4344 Deo
1570 4290 1913 4347 incumbente
1932 4293 2045 4349 dis-

2239 2846 2481 2917 Ἐςρραῒμ
2513 2846 2768 2916 δάμαλις
2808 2845 3200 2917 δεδιδαγμένη
3249 2847 3493 2917 ἀγαπᾷν
3539 2849 3730 2915 νικος.

2169 2940 2310 3010 Ἐγὼ
2338 2939 2405 2993 δὲ
2440 2939 2842 3007 ἐπελεύσομαι
2879 2938 2980 2992 ἐπὶ
3013 2938 3081 2992 τὸ
3114 2940 3341 3007 κάλλος
3373 2941 3479 2995 τοῦ
3506 2940 3729 3012 τραχή-

2078 3064 2124 3127 c
2154 3036 2269 3086 ,λου
2319 3030 2529 3099 αὐτῆς.
2570 3029 2837 3084 Ἐπισιϐῶ
2878 3030 3154 3102 Ἐφρατμ,
3202 3033 3303 3087 καὶ
3340 3033 3733 3103 παρασιωπήο

2152 3140 2333 3194 (rapat
2368 3124 2612 3178 Ἰούδαν.

2267 3217 2366 3270 ιθν.
2407 3216 2609 3286 Μόσχῳ
2639 3216 2962 3287 παρεικάζει
3000 3215 3091 3270 τὸν
3126 3215 3384 3289 Ἐφραῒμ,
3425 3216 3646 3289 σκληρῷ
3672 3235 3733 3271 τε

2150 3309 2245 3362 καὶ
2294 3306 2559 3378 άγερὼχῳ
2590 3306 2732 3371 λίαν,
2761 3308 2856 3361 καὶ
2885 3308 3289 3363 ἀνακόπτεσθαι
3324 3309 3399 3380 μή
3428 3310 3590 3364 είδότι
3632 3311 3733 3381 τῆς

2153 3399 2287 3462 ἰδίας
2334 3400 2545 3469 ὁρμῆς,
2583 3400 2652 3468 ῆν
2696 3396 2762 3452 ἂν
2804 3398 2890 3467 ἐφ’
2926 3399 3033 3471 ὅτῳ
3073 3403 3277 3455 ποιοῖτο
3316 3401 3475 3472 τυχὸν
3499 3441 3515 3465 ,
3563 3402 3734 3473 ήγουν

2148 3490 2563 3545 τιθασσεύεσθαι
2612 3490 2686 3561 μή
2730 3490 3072 3562 ἀνεχομένῳ,
3123 3490 3380 3563 ζητοῦντι
3424 3493 3480 3546 δὲ
3527 3494 3733 3563 μᾶλλον

2150 3584 2236 3636 ἀεὶ
2261 3583 2322 3637 τὸ
2345 3584 2519 3653 νικᾷν,
2548 3582 2644 3635 καὶ
2673 3583 2811 3654 πρὸς
2840 3582 2900 3635 τὸ
2918 3583 3066 3654 αὑτῷ
3090 3583 3279 3637 δοκοῦν
3305 3586 3729 3656 ἀνεπιπλήκτοις

2151 3674 2325 3729 ἵεσθαι
2362 3677 2481 3737 ταῖς
2520 3676 2740 3745 ὁρμαῖς.
2779 3674 2916 3727 Ἀλλ’
2946 3677 2995 3728 εί
3033 3676 3127 3729 καὶ
3155 3676 3270 3730 ἐστι
3308 3677 3580 3742 τοιοῦτος,
3626 3696 3731 3749 φη-

2150 3768 2254 3830 σὶν,
2293 3765 2511 3819 ἐνδώσει
2551 3768 2646 3820 καὶ
2674 3767 2773 3837 οὐχ
2813 3766 2975 3821 ἑκών.
3020 3769 3439 3840 Δαμασθήσεται
3473 3771 3579 3844 γὰρ
3607 3776 3732 3835 ταῖς

2146 3859 2254 3912 τῶν
2301 3857 2594 3929 συμφορῶν
2639 3859 2870 3927 ἐφόδοις,
2905 3859 3332 3928 ὑποζευγνύντος
3361 3860 3519 3927 Θεοῦ,
3569 3863 3731 3933 μόνον

2146 3951 2203 4004 δὲ
2250 3950 2371 4021 οὐχὶ
2415 3950 2602 4003 καὶτὸ
2637 3950 2832 4014 κάλλος
2880 3950 2977 4004 τοῦ
3023 3951 3297 4023 τραχήλου
3331 3951 3498 4006 αὐτοῦ
3546 3970 3728 4025 παρα-

2146 4039 2389 4105 λύοντος,
2430 4041 2713 4107 τουτέστι,
2756 4042 2817 4095 τὸ
2845 4041 3136 4114 ἐξαιρέτως
3167 4043 3415 4114 ἀφηνιῶν
3460 4043 3624 4117 μέρος
3669 4046 3729 4098 ἐν

2145 4130 2222 4203 τῷ
2258 4132 2494 4205 Ἰσραήλ.
2542 4131 2713 4186 Τοῦτο
2751 4132 2807 4186 δὲ
2846 4129 2915 4205 ἦν
2962 4135 2995 4205 ή
3038 4136 3166 4206 παρ’
3214 4136 3401 4198 αὐτοῖς
3437 4134 3726 4206 βασιλεία,

2146 4222 2572 4295 κατερεθίζουσα
2593 4224 2731 4296 πρὸς
2756 4225 3058 4279 ἀπόστασιν
3081 4226 3207 4290 τοὺς
3228 4226 3333 4280 ὑπὸ
3355 4230 3512 4298 χεῖρα
3540 4228 3725 4292 λαούς.

2147 4310 2353 4365 Οὐκοῦν
2376 4313 2905 4384 καταῤῥιφθήσεται,
2928 4313 3063 4367 Θεοῦ
3088 4316 3531 4387 καταδρίθοντος.
3556 4317 3729 4371 Τοῦτο

471 4383 753 4454 sipabitur,
773 4386 875 4440 hoc
923 4384 1066 4439 enim
1094 4384 1284 4452 Opinor
1310 4380 1617 4451 signiﬁcare
1644 4381 1797 4448 illud,
1835 4401 1854 4435 ι
1886 4393 1940 4438 et
1960 4401 2045 4442 as-

2153 4402 2276 4474 γὰρ,
2318 4397 2474 4474 οἶμαι
2498 4380 2532 4467 ,v
2551 4380 2746 4471 δηλοῦν
2786 4403 2868 4469 τὸ,
2914 4423 2933 4455 ι
2960 4404 3192 4459 ἐπιδιδῶ
3226 4380 3531 4478 ’έφραῖμᾼ
3566 4407 3728 4460 Οἰκον-

468 4475 695 4530 cendam
720 4473 994 4545 Ephraitn.
1020 4492 1040 4527 ι
1075 4473 1438 4530 (Economice
1460 4481 1639 4527 autem
1658 4472 1789 4527 dicit
1822 4490 1836 4527 :
1862 4494 1881 4527 ι
1905 4475 2049 4533 Reti.

469 4568 606 4622 ceho
634 4565 849 4631 ludam,
889 4588 908 4620 ι
939 4583 1055 4635 pro,
1085 4565 1359 4639 paululum
1395 4564 1634 4619 dill‘eratn
1662 4562 1856 4621 Judam
1883 4607 1900 4633 ,
1938 4585 2045 4626 non

471 4661 620 4715 illum
649 4662 823 4730 pannis
853 4662 1162 4730 subjiciens,
1187 4678 1290 4716 non
1310 4665 1422 4731 jam
1452 4674 1549 4728 pro
1575 4659 1651 4714 ira
1668 4665 1930 4732 multans;
1953 4669 2046 4724 sed

472 4754 742 4824 perferam
780 4756 979 4824 potius,
1013 4767 1067 4811 et
1100 4774 1254 4828 agam
1285 4759 1502 4818 lentius.
1534 4763 1705 4831 Quam
1731 4767 1801 4821 ob
1823 4777 2045 4821 causam

469 4860 600 4899 vero
622 4845 646 4898 ?
667 4845 929 4912 Quoniam
966 4849 1242 4917 Ephraim,
1276 4853 1378 4910 hoc
1396 4866 1500 4921 est,
1527 4857 1714 4913 decent
1741 4860 2043 4927 tribus,sic-

471 4935 656 5003 utjam
696 4936 829 5003 dixi,
855 4954 1074 5006 prorsus
1093 4941 1194 4996 sibi
1207 4958 1372 5013 opera
1394 4946 1727 5004 seductionis
1741 4950 2044 5005 exercenda

470 5038 779 5082 statuerunt
806 5044 819 5095 ;
845 5029 966 5084 duae
991 5041 1169 5087 autem
1185 5050 1305 5104 qua:
1326 5048 1485 5092 erant
1518 5037 1928 5112 Hierosolymis,
1955 5041 2022 5097 Ju

469 5120 591 5180 das.
622 5130 769 5189 puta,
806 5130 861 5175 et
912 5120 1214 5193 Beniamin,
1280 5132 1479 5198 saepius
1533 5131 1842 5188 habuerunt
1888 5148 2044 5204 reges

470 5212 668 5279 probos
719 5222 775 5268 et
824 5214 963 5285 pios,
1013 5227 1069 5270 et
1115 5220 1206 5287 qui
1241 5219 1474 5291 ineptias
1508 5222 1877 5281 idololatricas
1917 5226 2043 5291 {dis-

471 5305 783 5371 turbarent,
838 5308 1200 5378 populumque
1255 5312 1324 5365 ad
1384 5313 1551 5367 vitam
1594 5314 1730 5370 bene
1775 5325 2041 5371 moratam

470 5408 525 5450 et
558 5396 768 5468 legibus
814 5411 1232 5456 consentaneam
1281 5403 1621 5472 impellerent
1656 5422 1671 5461 :
1723 5406 1903 5475 qualis
1937 5406 2045 5462 fuit

470 5491 719 5547 Amasias
754 5491 894 5546 ﬁlius
925 5491 1078 5559 Joas,
1112 5494 1396 5565 religiosus
1416 5506 1471 5551 et
1486 5496 1667 5567 justus
1689 5498 1795 5565 vir,
1825 5508 1882 5554 et
1908 5497 2044 5557 Eze-

468 5580 647 5646 chias,
679 5595 831 5650 aeque
867 5595 926 5636 ut
953 5583 1043 5637 ille
1074 5586 1470 5655 suscrpiendus,
1522 5586 1641 5644 zelo
1672 5587 1859 5644 divino
1905 5604 2042 5660 pra:-

539 5758 715 5816 "Jcr.
756 5777 814 5828 tt,
850 5762 932 5829 l9,
969 5764 1049 5820 l3.

2148 4495 2387 4565 νομικῶς
2420 4494 2498 4557 δὲ,
2522 4494 2710 4564 φησὶν,
2734 4493 2816 4547 ὅτι
2854 4512 2873 4544 ι
2906 4495 3421 4567 Παρασιωπήσομαι
3461 4497 3680 4560 Ἰούδαν,
3700 4517 3721 4550 ι

2148 4584 2269 4639 ἀντὶ
2301 4584 2417 4649 τοῦ,
2457 4584 2651 4653 μικρὸν
2693 4583 3075 4656 ὑπερθήσομαι
3120 4585 3210 4638 τὸν
3246 4585 3464 4652 Ἰούδαν,
3502 4587 3564 4640 οὐ
3605 4604 3728 4641 ποι-

2146 4677 2263 4740 ναῖς
2306 4675 2495 4738 ἐνιείςο
2525 4675 2626 4728 οὐκ
2668 4676 2889 4745 ἐπάγων
2928 4675 3027 4746 ήδη
3062 4676 3133 4729 τὰ
3164 4676 3221 4744 ἐξ
3254 4678 3452 4748 ὀργῆς·
3500 4677 3727 4749 διακαρ-

2147 4766 2321 4836 τερῶν
2366 4766 2425 4819 δέ
2470 4766 2689 4837 μᾶλλον,
2736 4768 2831 4821 καὶ
2879 4768 3189 4831 ὑπενδιδοὺς
3238 4768 3445 4838 ἡρέμα.
3491 4770 3599 4822 Kal
3638 4772 3728 4825 διὰ

2149 4857 2305 4912 ποίαν
2348 4858 2557 4923 αἰτίανς
2584 4860 2613 4911 ὁ
2642 4859 2741 4930 μὲν
2768 4858 2876 4930 γὰρ
2905 4859 3165 4931 Ἐφραῒμ,
3185 4860 3486 4923 τουτέστιν,
3509 4863 3565 4915 αἱ
3593 4862 3727 4916 δέκα

2151 4947 2347 5018 φυλαὶ,
2395 4947 2647 5018 καθάπερ
2686 4948 2786 5020 ήδη
2821 4950 3102 5020 προεῖπον,
3147 4948 3570 5005 ἀπονενεύκασιν
3604 4950 3728 5004 ὁλο-

2147 5040 2363 5111 τρόπως
2388 5039 2483 5092 ἐπὶ
2517 5040 2579 5093 τὸ
2622 5040 2736 5093 δεῖν
2770 5040 2986 5094 ἑλέσθαι
3015 5040 3259 5112 πληροῦν
3284 5041 3353 5096 τὰ
3385 5042 3485 5114 τῆς
3514 5040 3726 5112 πλανή-

2147 5149 2284 5195 σεως
2313 5131 2468 5203 ἔργα.
2493 5134 2558 5185 Αἱ
2586 5133 2644 5185 δὲ
2674 5135 2786 5195 τοῖς
2821 5132 3214 5204 Ἰεροσολύμοις
3246 5133 3341 5188 δύο
3368 5134 3554 5203 φυλαὶ,
3600 5135 3729 5188 Ἰού-

2144 5223 2240 5286 δας
2273 5239 2352 5289 τε,
2389 5223 2551 5294 φημὶ,
2582 5223 2678 5277 καὶ
2707 5223 2986 5295 Βενιαμὶν,
3026 5225 3283 5293 γεγόνασι
3318 5224 3577 5289 πολλάκις
3623 5226 3731 5279 ὑπὸ

2152 5313 2407 5385 βασιλέας
2452 5314 2645 5385 ὀρθούς
2676 5332 2735 5369 τε
2787 5317 2882 5369 καὶ
2911 5315 3177 5381 εὐσεὸεῖς,
3211 5315 3305 5370 καὶ
3347 5315 3418 5369 τὰ
3446 5315 3546 5386 τῆς
3574 5317 3731 5369 εἰδωο

2148 5406 2435 5478 λολατρὲας
2465 5405 2757 5478 ἀθύρματα
2797 5406 3206 5472 κατασείοντας,
3233 5407 3284 5461 οἳ
3314 5407 3413 5479 ζῇν
3440 5405 3729 5463 ἀνέπειθον

2149 5494 2408 5561 ἐπιεικῶς
2445 5496 2541 5551 καὶ
2581 5497 2851 5569 ἐννόμως·
2921 5500 3105 5563 ὁποῖος
3142 5500 3363 5569 γέγονεν
3404 5497 3672 5568 Ἀμασίας
3702 5500 3731 5552 ὁ

2150 5590 2242 5645 τοῦ
2280 5590 2452 5660 Ἰωάς,
2479 5590 2707 5663 εὐσεὸὴς
2755 5591 2849 5646 καὶ
2876 5589 3080 5657 δίκαιος
3105 5591 3265 5664 ἁνήρ.
3303 5590 3537 5664 Ὁμοίως
3576 5590 3731 5655 Ἐζε-
