4110 6368
374 358 481 414 253

1295 363 1849 425 COMMENTARIUS
1885 369 1950 425 IN
1986 372 2215 431 OSE.\M
2258 378 2700 437 l’liOl’llETAM.

3526 386 3634 443 εει

375 476 521 537 κίας,
554 474 648 528 καὶ
684 476 848 541 αὐτὸς
875 478 932 531 ἐν
967 477 1066 548 ἴσῳ
1100 479 1551 552 τεθαυμασμένος
1580 483 1662 555 τῷ
1694 502 1925 559 προειρη

2044 494 2210 551 ditus
2232 506 2287 551 et
2323 496 2436 551 Deo
2480 500 2701 554 cltarus.
2737 497 2850 553 Hae
2880 499 2948 554 de
2998 514 3162 556 causa
3217 500 3410 557 decem
3457 502 3635 557 tribus

377 569 545 638 μένῳ,
587 567 843 641 ζηλωτὴς
887 572 982 624 καὶ
1022 571 1295 642 θεοφιλής.
1329 574 1599 647 Ταύτῃτοι
1639 581 1951 650 προπεπόν-

374 659 497 713 θασι
528 662 627 731 μὲν
651 663 708 713 αἱ
738 660 871 715 δέκα
897 663 1060 731 φυλαὶ
1087 664 1185 735 τὴν
1212 665 1607 736 αἰχμαλωσίαν.
1635 670 1954 742 Καταστρα-

370 751 571 815 τεύσας
607 752 664 806 δὲ
696 752 804 806 τῶν
840 754 1229 827 Ἰεροσολύμων
1258 759 1287 810 6
1310 758 1670 825 Βαϐυλώνιος,
1697 762 1954 835 ἠδίκησεν

371 843 545 897 οὐδέν.
574 846 768 916 ᾯχετο
797 846 854 899 δὲ
883 848 1083 917 μᾶλλον
1124 851 1207 913 εἰς
1235 850 1331 920 τὴν
1364 852 1583 916 ἐαυτοῦ,
1625 854 1801 924 φυγὰς
1854 859 1950 912 καὶ

370 935 646 1007 περιδεὴς,
670 940 756 990 ὅτε
768 939 865 991 καὶ
888 940 1241 996 πεπτώκασιν
1266 944 1324 995 ἐν
1348 946 1446 1015 μιᾷ
1466 947 1640 1012 νυκτὶ,
1664 946 1750 1002 διὰ
1773 950 1954 1021 χειρὸς

368 1026 624 1094 ἀγγέλου,
656 1028 763 1081 τῶν
816 1031 1113 1102 ’Λσσυρίων
1168 1033 1364 1087 ἑκατὸν
1414 1036 1744 1107 ὀγδοήκοντα
1791 1041 1951 1094 πέντε

367 1120 626 1190 χιλιάδες.
673 1122 1143 1189 Ἀνεξικακοῦντος
1168 1126 1232 1197 δὴ
1265 1123 1359 1181 οῦν
1397 1128 1491 1182 τοῦ
1521 1130 1677 1198 Θεοῦ,
1711 1132 1807 1186 καὶ
1848 1133 1949 1203 φέ-

369 1229 558 1282 ροντος
582 1214 742 1284 ἡμῶν
772 1216 868 1280 τὰς
904 1218 1209 1284 ἀσθενείας,
1247 1219 1322 1291 μὴ
1372 1220 1705 1295 ρᾳθυμῶμεν
1725 1226 1909 1297 ,ἡμεῖς
1929 1267 1944 1290 ,

371 1303 506 1373 μηδὲ
561 1306 1015 1373 ἀναπεπτωκότες
1064 1310 1417 1382 ἀλισκὼμεθα
1465 1316 1593 1386 περὶ
1642 1316 1703 1369 τὸ
1752 1320 1949 1389 χρῆναι

365 1395 607 1465 πληροῦν
634 1398 703 1449 τὰ
730 1398 877 1468 αὐτῷ
904 1399 1162 1454 δοκοῦντα
1190 1404 1281 1456 καὶ
1310 1405 1459 1473 φίλα.

448 1490 790 1559 Ἐνισχύσει
819 1492 979 1558 αὐτῷ
1022 1493 1238 1549 Ἰακώϐ.

436 1583 563 1637 PK'.
603 1585 798 1655 Ἔφην,
830 1588 912 1640 ὅτι
950 1604 1433 1660 καταστρατευσας
1462 1594 1491 1646 6
1524 1593 1807 1666 Ἀσσύριος
1848 1598 1947 1667 τὴν

363 1672 469 1725 ὑπὸ
508 1677 665 1747 χεῖρα
699 1677 930 1750 πληθὺν,
965 1680 1060 1732 κα)⁸
1093 1682 1275 1735 πᾶσαν
1313 1682 1685 1756 ἐξαναστήσας
1717 1688 1814 1757 τὴν
1844 1689 1946 1740 Σα-

365 1765 618 1836 μάρειαν,
653 1769 753 1831 τάς
804 1786 862 1822 τε
918 1770 1101 1834 πόλεις
1138 1771 1307 1836 αὑτὰς
1348 1775 1441 1829 καὶ
1477 1777 1604 1839 τοὺς
1642 1779 1803 1842 ναοὺς
1844 1781 1942 1849 ἐμ-

363 1858 603 1926 πρήσας,
633 1860 1036 1934 πεπολιόρκηκε
1081 1863 1219 1935 μετά
1245 1865 1402 1919 τοῦτο
1431 1866 1529 1936 τὴν
1560 1868 1938 1941 Ἰερουσαλήμ.
1975 1847 2017 1902 Β

360 1946 485 2001 Εἷλε
508 1949 563 2001 δὲ
588 1950 858 2022 οὐδαμῶς,
882 1952 1017 2007 Θεοῦ
1046 1958 1491 2028 προασπίζοντος
1515 1961 1811 2034 ἀνῄρηνται
1836 1965 1944 2034 γὰρ

357 2039 427 2091 δι’
472 2041 705 2109 ἀγγέλου
735 2046 793 2096 ἐν
830 2046 929 2116 μιᾷ
967 2048 1121 2101 νυκτὶ
1167 2051 1360 2105 ἑκατὸν
1404 2052 1735 2125 ὀγδοήκοντα
1782 2056 1943 2111 πέντε

358 2129 615 2199 χιλιάδες.
656 2130 830 2186 Τοῦτό
865 2151 968 2199 τοι,
1007 2136 1260 2209 καθάπερ
1298 2134 1534 2211 ἐγῷμαι,
1580 2143 1943 2215 προαγγέλλει

359 2223 476 2276 νυνὶ
504 2223 694 2292 λέγων,
729 2247 747 2278 ι
771 2227 1075 2299 Ἐνισχῦσει
1103 2232 1251 2303 αὐτῷ
1282 2233 1805 2309 Ἰακώϐ.ι-‹Αὐτῷ
1833 2259 1851 2289 ι
1878 2239 1941 2312 δὴ

357 2313 500 2379 τίνι;
529 2316 560 2387 ἢ
585 2317 762 2388 δῆλον,
790 2319 871 2372 ὅτι
894 2321 956 2374 τὸ
980 2322 1361 2395 πολιορκήσειν
1385 2327 1633 2397 μέλλοντι
1657 2329 1937 2403 Ῥαψάκης

359 2403 597 2473 κέκληκε
631 2407 687 2460 δὲ
723 2408 915 2462 Ἰακὼϐ
954 2413 1081 2476 τοὺς
1115 2414 1175 2478 ἐξ
1215 2415 1446 2485 αἵματος
1483 2419 1701 2484 Ἰακὼϐ,
1739 2422 1941 2476 Ἰούδαν

356 2511 440 2560 τε,
477 2497 654 2569 φημὶ,
698 2500 792 2553 καὶ
831 2500 1107 2573 Βενιαμίν.
1151 2506 1251 2559 "Io:
1292 2506 1336 2559 δ’
1359 2507 1426 2561 ἂν
1462 2509 1621 2582 εἴπερ
1655 2512 1825 2566 ἐλοιτό
1855 2532 1943 2576 τις

356 2586 453 2640 καὶ
477 2587 620 2642 κατά
647 2589 846 2654 παντὸς
873 2590 968 2643 τοῦ
998 2593 1268 2667 Ἰσραήλή
1297 2596 1461 2664 λέξις.
1491 2600 1677 2654 Ἐοικε
1698 2601 1754 2656 δὲ
1778 2605 1940 2658 πάλιν

354 2678 457 2748 τῆς
497 2680 835 2751 προφητείας
861 2681 890 2733 6
926 2682 1051 2746 νοῦς
1082 2686 1162 2748 είς
1208 2686 1513 2759 ἀνάμνησιν
1553 2693 1704 2762 ἡμᾶς
1734 2695 1938 2763 ἀναφέ-

356 2786 474 2840 ρειν
504 2771 860 2843 ἀρχαιοτέρου
898 2774 1247 2845 πράγματος*
1291 2783 1576 2851 μονονουχὶ
1606 2783 1939 2855 πληροῦντος

351 2859 490 2913 Θεοῦ
527 2863 627 2933 τήν
659 2862 950 2935 ὑπόσχεσιν
980 2866 1081 2938 τὴν
1112 2868 1251 2938 πρὸς
1278 2869 1370 2921 τὸν
1396 2870 1681 2927 θεσπέσιον
1720 2876 1932 2932 Ἰακώϐ.

364 2950 585 3023 Ἐπειδὴ
618 2954 728 3025 γὰρ
752 2954 828 3019 ὡς
858 2955 1146 3027 ἄνθρωπος
1174 2959 1292 3029 μετ’
1320 2961 1486 3015 αὐτοῦ
1516 2966 1855 3021 πεπάλαικεν
1879 2971 1936 3021 ἐν

349 3043 527 3108 νυκτὶ,
568 3044 744 3116 πέραν
780 3046 873 3099 τοῦ
899 3048 1202 3120 χειμάρρου
1246 3051 1461 3123 Ἰαϐὼχ,
1498 3048 1618 3108 εἶτα
1653 3060 1938 3127 γεγονότος

2054 589 2426 658 captivitatem
2472 592 2624 662 prius
2650 594 2954 650 subierunt.
2987 594 3054 648 Et
3102 594 3432 665 Babylonius
3463 596 3636 666 c0piis

2052 693 2245 738 contra
2302 683 2605 741 Jerusalem
2644 687 2912 751 adductis,
2970 689 3090 743 sine
3139 688 3410 745 maleﬁcio
3449 690 3504 745 in
3540 705 3631 744 re-

2054 792 2217 845 gnum
2249 792 2406 833 suum
2462 778 2746 849 fugitivus,
2799 789 2855 834 et
2892 780 3105 836 timoris
3138 780 3333 850 plenus
3380 781 3630 847 recessit,

2058 868 2211 938 151
2249 870 2673 942 cecideruntque
2699 887 2803 925 una
2844 880 3005 927 nocte
3048 886 3142 940 per
3182 886 3401 926 manum
3450 872 3630 942 angeli

2052 972 2272 1014 centum
2300 962 2576 1031 octoginta
2602 962 2848 1032 quinque
2878 962 3045 1017 millia
3074 961 3142 1016 ".
3191 962 3481 1019 Tolerante
3525 964 3631 1032 igi-

2056 1062 2143 1107 tur
2180 1053 2312 1118 Deo,
2334 1063 2389 1108 et
2413 1054 2761 1111 infirmitates
2795 1065 3011 1111 nostras
3036 1054 3353 1124 suﬂ‘erente,
3405 1070 3475 1111 ne
3529 1055 3626 1111 de-

2051 1147 2197 1201 sides
2221 1147 2415 1213 simus,
2446 1162 2622 1217 neque
2655 1148 2710 1202 in
2757 1148 2826 1204 iis
2857 1163 2977 1218 quae
3012 1149 3087 1203 illi
3125 1150 3319 1218 placita
3370 1160 3629 1220 accepta-

2049 1252 2156 1308 que
2182 1247 2309 1294 sunt
2338 1240 2699 1311 exsequendis
2728 1240 2943 1297 remissi
2973 1241 3333 1297 inveniamur.

2122 1509 2523 1564 lrroborabitur
2547 1511 2649 1579 ipsi
2672 1509 2863 1568 Jacob.

2119 1598 2279 1656 CXX.
2325 1600 2466 1661 Dixi,
2498 1601 2781 1670 Assyriqu
2805 1601 2918 1655 suis
2947 1599 3000 1653 itt
3022 1597 3420 1669 expeditionem
3486 1600 3626 1655 edu-

2046 1693 2192 1758 ctis,
2220 1703 2275 1747 et
2318 1702 2428 1747 tota
2481 1691 2725 1746 Samaria
2753 1707 2977 1760 eversa,
3020 1691 3244 1761 ejusque
3299 1693 3524 1748 urbibus
3568 1702 3626 1749 ct

2049 1785 2247 1854 templo
2293 1786 2551 1848 incenso,
2603 1784 2795 1840 deinde
2844 1785 3273 1856 Hierosolymam
3320 1785 3624 1851 obsedisse,

2045 1893 2205 1947 quam
2237 1877 2346 1931 Deo
2379 1884 2698 1947 protegente
2717 1876 3032 1946 ncmiqnam
3058 1876 3309 1945 subegit;
3342 1892 3445 1930 una
3476 1876 3623 1930 enim

2044 1981 2205 2025 nocte
2241 1970 2309 2024 ab
2343 1969 2538 2039 angelo
2581 1980 2797 2026 centum
2842 1971 3114 2040 octoginta
3168 1971 3410 2040 quinque
3455 1969 3622 2025 millia

2045 2062 2354 2132 interempti
2382 2072 2507 2117 sunt
2534 2063 2601 2117 ".
2638 2061 2751 2117 Hoc
2800 2078 2967 2128 nunc,
3022 2071 3083 2117 ut
3118 2076 3235 2118 mea
3273 2061 3378 2118 fert
3408 2062 3618 2131 opinio,

2044 2154 2121 2208 ita
2157 2156 2506 2224 praenuntiat,
2547 2174 2566 2208 ι
2619 2156 3025 2210 lrroborabitur
3078 2155 3179 2224 ipsi
3207 2154 3399 2211 Jacob.
3459 2176 3482 2211 ι
3518 2156 3622 2213 Cui

2047 2266 2067 2299 ι
2105 2246 2245 2315 ipsi?
2278 2266 2313 2299 .r
2347 2262 2415 2301 an
2450 2247 2740 2302 obsessum
2771 2263 2889 2302 eam
2922 2247 3153 2303 Rabsaci
3174 2248 3198 2302 Ἰ
3219 2246 3386 2303 Jacob
3410 2250 3623 2304 vocavit

2041 2351 2357 2411 procreatos
2386 2353 2417 2393 e
2450 2350 2738 2395 stemmate
2769 2338 2961 2405 Iacob,
3017 2338 3213 2394 Iudam
3273 2340 3532 2409 inquam,
3567 2351 3624 2396 et

2040 2431 2345 2500 Beniamin.
2394 2431 2582 2488 Potest
2628 2433 2794 2487 etiam
2846 2447 2949 2486 vox
2986 2432 3053 2486 de
3112 2432 3372 2487 universo
3419 2432 3621 2488 lsraele

2041 2526 2235 2595 accipi.
2270 2524 2496 2580 Videtur
2518 2539 2679 2594 porro
2709 2538 2903 2578 sensus
2935 2522 3232 2593 prophetia:
3266 2538 3480 2577 rursum
3521 2536 3621 2576 ve-

2042 2619 2175 2673 teris
2225 2616 2509 2685 cujusdam
2568 2615 2643 2669 rei
2708 2615 3029 2669 memoriam
3081 2614 3242 2670 nobis
3302 2629 3617 2681 renovare,

2041 2711 2428 2779 propemodum
2462 2707 2720 2776 implente
2751 2707 2858 2761 Deo
2904 2706 3173 2775 promissa
3217 2705 3403 2760 divino
3448 2705 3618 2762 Jacob

2039 2803 2184 2857 data.
2222 2798 2291 2854 Ut
2322 2799 2465 2852 enim
2498 2798 2653 2867 quasi
2708 2798 2871 2851 homo
2917 2811 3041 2851 cum
3093 2798 3213 2865 ipso
3250 2796 3488 2851 luctatus
3530 2813 3591 2852 es

2041 2902 2204 2947 nocte
2236 2901 2389 2946 trans
2421 2899 2715 2944 torrentem
2748 2886 2940 2952 Jalioc,
2975 2886 3182 2943 factum
3218 2897 3302 2943 est
3335 2904 3516 2953 mane,
3560 2899 3618 2945 et

2039 2986 2381 3041 illucescente
2410 2983 2497 3037 die
2525 2982 2676 3036 abire
2694 2980 2886 3044 voluit,
2912 2980 3185 3051 dixitque:
3210 2998 3229 3031 ι
3256 2981 3474 3035 Dimitte
3503 2995 3613 3047 me,

2037 3076 2283 3132 ascendit
2334 3074 2481 3130 enim
2536 3073 2833 3128 diluculum
2889 3074 2956 3127 ³⁸.
3018 3092 3038 3127 ι
3099 3073 3237 3128 Tum
3289 3073 3378 3127 ille
3410 3089 3517 3127 non
3555 3090 3617 3128 se

348 3153 409 3190 τε
448 3137 644 3209 ὄρθρου
672 3137 876 3203 λοιπὸν,
907 3141 1003 3194 καὶ
1044 3142 1441 3217 διαυγαζούσης
1486 3148 1724 3221 ἡμέρας,
1752 3152 1783 3204 6
1834 3154 1932 3223 μὲν

2036 3170 2387 3224 dimissurum
2410 3167 2749 3222 conllrmavit
2775 3207 2789 3230 ,
2828 3167 2880 3221 ni
2917 3166 3066 3236 prius
3100 3165 3206 3221 sibi
3239 3166 3612 3221 benediceret.

346 3225 479 3290 Θεὸς
513 3228 767 3299 ἀπαίρειν
794 3229 974 3300 ἤθελε,
1008 3230 1212 3300 λέγων’
1248 3253 1267 3286 ι
1310 3234 1605 3295 Ἀπὸλυσόν
1640 3258 1728 3311 με·
1760 3242 1930 3314 ἀνέϐη

347 3317 456 3389 γὰρ
474 3320 503 3371 6
531 3319 743 3391 ὄρθρος.
778 3321 836 3375 ’0
853 3321 910 3374 δὲ
937 3323 1038 3375 οὐκ
1060 3324 1282 3395 ἀνήσειν
1304 3325 1563 3396 ἔφασκεν,
1586 3332 1635 3385 εί
1665 3332 1742 3404 μὴ
1767 3334 1932 3388 αὑτὸν

346 3410 711 3481 εὐλογήσειεν.
742 3414 947 3467 Ἥκουε
983 3414 1047 3484 δὴ
1094 3416 1238 3484 τότε,
1272 3436 1292 3470 ι
1317 3419 1439 3473 Ὀτι
1465 3422 1757 3493 ἐνίοχυσας
1790 3428 1930 3495 μετά

345 3500 504 3566 Θεοῦ,
531 3503 625 3557 καὶ
663 3503 802 3575 μετά
844 3505 1145 3578 ἀνθρώπων
1186 3509 1413 3575 δυνατὸς
1431 3512 1550 3585 ἔσῃ.
1577 3532 1595 3566 ι
1624 3514 1795 3569 Τοῦτό
1825 3533 1930 3570 που

344 3595 484 3665 τάχα
520 3596 657 3664 πρὸς
683 3599 745 3651 τὸ
778 3599 954 3668 παρὸν
974 3600 1003 3652 6
1040 3600 1139 3671 τῆς
1168 3604 1508 3673 προφητείας
1545 3607 1680 3677 ἡμῖν
1721 3608 1929 3681 ὑποση-

347 3684 529 3753 μαίνει
566 3685 756 3754 λόγος,
809 3688 1184 3759 ἐναργέστατα
1235 3692 1413 3761 τιθεὶς,
1452 3694 1533 3761 τὸ,
1570 3714 1588 3747 ι
1630 3696 1930 3770 Ἐνισχύσει

343 3775 497 3848 αὑτῷ
530 3777 745 3833 Ἰακώϐ.
770 3799 790 3832 ι
815 3780 1004 3853 Ἀθρει
1031 3781 1087 3834 δὲ
1112 3783 1556 3855 τῆςέπαγγελίας
1587 3789 1647 3842 τὸ
1673 3791 1923 3862 ἀκριϐές’

341 3870 405 3922 οὐ
435 3871 545 3940 γὰρ
573 3870 654 3923 ὃτι
684 3870 1001 3941 κατισχύσει
1028 3872 1137 3926 τῶν
1173 3873 1472 3951 Ἀσσυρίων
1497 3879 1527 3930 6
1562 3879 1777 3961 Ἰακὼϐ,
1809 3878 1926 3935 ἀλλ’

347 3980 367 4012 ι
398 3961 700 4032 ἐνισχύσει,
729 3981 749 4015 ›
784 3964 919 4019 φησί
938 3980 951 3994 ⁸
978 3966 1035 4018 ἐν
1064 3965 1186 4019 Θεῶ
1214 3966 1323 4036 γὰρ
1351 3967 1589 4040 ἴσχυσεν,
1612 3971 1673 4025 οὐ
1700 3972 1768 4027 δι’
1797 3974 1929 4028 ἐαυ-

340 4070 436 4107 του
444 4094 458 4108 ο

693 4182 1079 4269 ΤΟΜΟΣ
1171 4185 1568 4271 ΕΚΤΟΣ.

412 4335 703 4403 Σπείρατε
741 4335 977 4403 ἑαυτοῖς
1012 4339 1099 4404 εὶς
1125 4337 1543 4409 δικαιοσύνην,
1589 4344 1925 4414 τρυγήσατε

336 4429 425 4492 εἰς
448 4426 682 4495 καρπὸν
701 4426 869 4496 ζωῆς,
892 4430 1191 4498 φωτίσατε
1208 4432 1444 4500 ἑαυτοῖς
1463 4435 1590 4504 φῶς
1620 4437 1917 4506 γνώσεως,

2035 3262 2255 3315 Audivit
2305 3261 2487 3331 igitur,
2518 3277 2536 3311 ε
2578 3258 2832 3329 quoniam
2873 3258 3201 3327 praevaluisti
3230 3274 3353 3313 cum
3392 3259 3525 3325 Deo,
3560 3266 3617 3313 ct

2034 3369 2158 3409 cum
2206 3352 2517 3408 hominibus
2561 3360 2753 3420 potens
2791 3350 2902 3405 eris
2926 3350 2997 3403 ".
3038 3369 3056 3402 ι
3090 3349 3202 3404 lloc
3249 3351 3301 3404 iu
3356 3352 3608 3420 prementi

2034 3445 2385 3516 propheticus
2416 3457 2598 3498 sermo
2636 3441 2866 3497 forsitan
2900 3443 3056 3498 nobis
3101 3443 3364 3506 insinuat,
3388 3455 3443 3496 et
3480 3444 3610 3498 illml

2040 3538 2466 3592 «irroborabitur
2492 3536 2567 3590 illi
2601 3534 2821 3599 Jacob,r
2860 3535 3303 3589 manifestissime
3345 3535 3611 3591 declarat.

2030 3626 2327 3681 Considera
2367 3636 2550 3680 autem
2584 3625 2836 3696 promissi
2879 3624 3289 3695 perfectionem.
3333 3625 3447 3679 Non
3486 3628 3558 3678 nit
3592 3667 3609 3692 ,

2032 3718 2376 3771 roborabitur
2402 3725 2590 3771 contra
2632 3715 2886 3786 Assyrios
2926 3714 3117 3780 Jacob,
3146 3718 3239 3771 sed
3276 3736 3295 3769 ι
3331 3719 3609 3772 irrolmra~

2031 3808 2211 3875 bitur;
2261 3827 2279 3861 ι
2314 3810 2367 3863 in
2402 3809 2511 3865 Deo
2550 3809 2720 3877 enim,
2757 3826 2861 3864 non
2882 3825 2978 3879 per
3009 3824 3068 3864 se
3097 3810 3269 3881 ipsum
3318 3812 3609 3866 roboratus

2029 3910 2133 3956 est.

2305 4202 2717 4312 TOMUS
2818 4207 3320 4298 SEXTUS.

2101 4352 2263 4408 Vens.
2296 4352 2385 4410 12.
2434 4354 2702 4411 Seminate
2740 4357 2883 4411 vobis
2946 4358 3000 4411 in
3020 4357 3254 4427 justitia,
3292 4356 3605 4412 vindeminte

2027 4445 2095 4497 ad
2125 4444 2355 4513 fructum
2402 4449 2544 4513 vitae,
2579 4449 2875 4505 illuminate
2925 4452 3069 4505 vobis
3126 4450 3298 4505 lumen
3333 4450 3590 4516 scientia',‘

336 4519 702 4587 ἑκζητήσατε
745 4522 851 4575 τὸν
888 4523 1108 4592 Κύριον
1136 4524 1247 4591 ἕως
1274 4523 1346 4583 οὗ
1393 4528 1541 4597 ἔλθῃ
1586 4530 1927 4601 γεννήματα

2036 4538 2247 4605 qrtwrite
2285 4537 2566 4593 Dominum
2593 4542 2757 4596 donec
2779 4542 2986 4596 veniam
3013 4541 3190 4611 fruges
3210 4542 3462 4611 justitiw.

336 4611 729 4681 δικαιοσύνης
759 4613 919 4684 ὑμῖν.

405 4708 585 4760 PKA'.
620 4709 808 4773 Διττὸς
853 4712 1063 4777 ἁείπως
1109 4713 1259 4767 ἐστὶν
1301 4714 1331 4767 6
1384 4715 1483 4785 τῆς
1533 4718 1915 4787 παραινέσεως

333 4798 555 4868 τρόπος.
587 4802 659 4854 Ἦ
699 4802 808 4873 γὰρ
837 4802 1192 4875 ἐξηγούμενοι
1225 4805 1322 4877 τὴν
1350 4810 1463 4870 τοῖς
1494 4806 1707 4862 θέλουσι
1744 4811 1913 4882 ρᾳθυ-

338 4895 460 4961 μεῖν
491 4893 914 4966 ἐπικεισομένην
958 4895 1181 4950 κόλασιν
1226 4898 1548 4967 μετασοϐεἰν
1592 4898 1911 4970 εἰθίσμεθα,

333 4983 429 5035 καὶ
461 4982 607 5052 μάλα
638 4984 853 5055 γοργῶς
881 4986 975 5038 ἐπὶ
997 4984 1060 5038 τδ
1101 4986 1249 5056 βιοῦν
1288 4987 1503 5041 ἑλέσθαι
1535 4988 1804 5060 λαμπρῶς
1823 5008 1837 5021 ·
1879 4991 1913 5063 ἢ

329 5076 430 5138 τὰς
460 5077 571 5139 τοῖς
604 5077 903 5131 ἐπιεικέσιν
944 5078 1386 5151 ηὐτρεπισμένας
1421 5082 1587 5151 τιμὰς
1629 5082 1913 5151 ἀπαγγέλο

329 5168 517 5231 λοντες
566 5170 1004 5242 προθυμοτέρους
1069 5170 1439 5242 ἀποτελοῦμεν
1492 5174 1620 5237 τοὺς
1665 5175 1915 5229 παιδευο-

333 5258 529 5326 μένους
558 5258 651 5311 ὲπὶ
681 5258 742 5311 τὸ
773 5258 882 5313 δεῖν
912 5260 1049 5313 ἱέναι
1076 5259 1260 5314 λοιπὸν
1289 5262 1427 5332 πρὸς
1457 5262 1554 5334 τὴν
1584 5264 1794 5334 ἀμείνω
1849 5282 1910 5319 τε

328 5350 424 5403 καὶ
462 5348 841 5420 ἐννομωτάτην
889 5351 1055 5423 ζωήν.
1082 5352 1336 5408 Τοιοῦτόν
1367 5372 1420 5408 τι
1448 5355 1543 5409 νῦν
1574 5359 1604 5409 6
1639 5357 1747 5411 τῶν
1774 5358 1910 5413 ὅλων

328 5441 461 5502 Θεὸς
508 5439 820 5509 ἐργάζεται.
856 5441 1152 5513 Ἢπείλησε
1188 5443 1287 5514 μὲν
1328 5445 1437 5516 γὰρ
1488 5450 1599 5511 τοῖς
1638 5450 1912 5522 πεπλανη-

333 5532 519 5602 μένοις
550 5534 675 5597 τοὺς
718 5532 1009 5604 πολέμους,
1040 5536 1138 5599 τὰς
1172 5513 1478 5609 συμφοράς,
1515 5539 1615 5611 τήν
1645 5543 1727 5606 είς
1765 5513 1910 5597 ἀλλο-

328 5624 529 5693 φύλους
585 5625 907 5699 ἀπαγωγὴν,
950 5628 1075 5693 τοὺς
1116 5628 1224 5683 τῶν
1257 5630 1462 5685 πόλεων
1507 5634 1904 5707 ἐμπρησμοὺς,

2097 4715 2283 4771 CXXI.
2318 4715 2519 4785 Duplex
2548 4732 2764 4787 semper
2789 4717 2902 4772 fere
2920 4727 3005 4773 est
3050 4718 3435 4773 admonitionis
3470 4733 3585 4773 mo-

2024 4809 2142 4861 dus.
2178 4808 2286 4861 Aut
2317 4809 2462 4862 enim
2493 4809 2937 4864 commemoratis
2970 4825 3091 4879 qua:
3121 4812 3344 4882 ignavos
3368 4820 3586 4864 manent

2019 4897 2324 4967 suppliciis,
2358 4899 2425 4954 ad
2456 4912 2520 4952 ea
2565 4899 2892 4966 atuolienda,
2922 4910 2977 4955 et
3022 4904 3086 4955 ad
3115 4902 3243 4955 vita:
3292 4903 3600 4965 conspicua:

2022 4992 2265 5046 rationes
2309 4991 2597 5047 celerrime
2653 4993 3000 5063 arripiendas
3038 4993 3471 5058 assuefacimus;
3505 5003 3599 5047 aut

2018 5082 2179 5138 bonis
2230 5093 2450 5153 paratos
2521 5085 2757 5139 honores
2834 5086 3268 5151 annuntiantes,
3328 5101 3467 5155 quos
3517 5088 3599 5138 iu-

2021 5176 2319 5245 stitnimus,
2348 5177 2415 5232 ad
2445 5180 2611 5232 vitam
2643 5177 2819 5232 adhuc
2846 5178 3242 5248 probatiorem,
3293 5188 3350 5235 et
3389 5178 3597 5248 legibus

2020 5270 2573 5340 congruentissimam
2632 5271 3051 5341 aggrediendam
3106 5272 3399 5326 alacriores
3462 5269 3594 5326 elli—

2017 5360 2214 5415 cimus.
2254 5359 2383 5416 Tale
2407 5362 2661 5432 quiddam
2714 5371 2772 5418 et
2808 5364 2969 5419 modo
3004 5363 3153 5419 Deus
3216 5363 3594 5420 universorum

2018 5453 2164 5508 facit.
2199 5452 2357 5524 152
2389 5452 2624 5510 Minatus
2654 5467 2738 5511 est
2768 5457 2911 5512 enim
2941 5457 3255 5512 errantibus
3287 5457 3452 5521 bella,
3497 5473 3594 5513 ca-

2016 5545 2308 5610 lamitates,
2344 5547 2773 5615 deportationem
2825 5549 2894 5603 ad
2946 5548 3324 5620 alienigenas,
3379 5550 3591 5605 urbium

2019 5642 2507 5711 inllanunationcs,
2552 5643 2791 5701 hostium
2845 5646 3241 5716 grassationcs.
3300 5646 3588 5709 Verumta-

398 5805 533 5863 μιν
573 5806 705 5879 ilcg.
745 5822 857 5875 xix,
1056 5812 1099 5845 ³⁸
1127 5814 1257 5871 ibid.
1336 5818 1531 5875 "Gott.
1571 5837 1743 5891 xxxii,
1778 5824 1864 5880 26.
1944 5828 1985 5858 ³⁷
2014 5826 2139 5882 ibid.
2183 5828 2268 5886 28.
