4110 6368
500 399 614 456 255

1540 397 1605 450 S.
1648 383 1923 449 CYRILLI
1960 376 2434 436 ALEXANDRINI
2473 375 2792 434 ARCHIEP.

3671 361 3782 420 256

505 531 627 570 men
653 529 755 570 non
784 514 874 570 hic
923 514 1347 570 admonitionem
1396 515 1564 590 suam
1601 507 1954 570 terminavit;
1995 503 2088 559 sed

2207 498 2302 552 τῶν
2335 496 2658 570 μαχομένων
2685 494 2787 566 τὴν
2819 489 3140 563 ἀγριότητα.
3177 485 3328 558 Πλὴν
3360 483 3422 538 οὐ

505 621 633 660 ecce
670 621 888 662 rursum
924 607 1030 661 alia
1064 605 1231 661 etiam
1274 605 1358 658 via
1410 603 1517 658 illis
1538 600 1790 658 consulit.
1829 597 1963 653 Nam
2002 596 2086 651 di-

507 698 678 752 misso
710 696 851 766 quod
878 695 1069 751 inutile
1098 703 1154 750 et
1192 694 1371 751 omnis
1407 693 1642 748 miseriae
1669 690 1774 746 illis
1795 687 1919 744 l'ons
1959 695 2088 754 est,

505 787 649 854 quod
682 786 918 840 maxime
945 785 1207 856 prodesse
1235 786 1540 848 consuevit,
1573 790 1763 837 contra
1795 791 2092 850 capessere

509 875 780 940 hortatur,
821 875 1136 931 colonorum
1167 890 1319 932 more
1353 893 1375 928 ι
1404 876 1744 930 seminantes
1775 870 1996 942 quidem
2037 869 2094 924 in

502 965 716 1036 justitia
745 1003 761 1031 ,
819 965 1218 1022 vindemiantes
1245 976 1429 1023 autem
1472 965 1708 1021 fructum
1743 963 1888 1018 vitae.
1947 978 1968 1014 ι
2025 959 2099 1016 Ut

504 1057 655 1112 enim
711 1055 903 1112 scribit
953 1056 1149 1112 beatus
1193 1055 1434 1122 Paulus,
1483 1073 1506 1108 ‹
1553 1054 1698 1126 quod
1746 1053 2101 1109 seminaverit

510 1150 698 1210 homo,
727 1149 830 1203 hoc
851 1155 906 1203 et
941 1157 1108 1202 metet
1129 1149 1177 1182 ³³
1203 1167 1225 1200 ι
1262 1165 1278 1215 ;
1308 1159 1384 1214 et,
1413 1147 1504 1215 qui
1535 1145 1771 1200 seminat
1799 1144 1960 1211 mala,
1986 1157 2099 1197 me-

507 1250 590 1296 tet
610 1239 749 1294 mala
780 1241 848 1307 ",
888 1248 950 1294 ut
970 1241 1234 1311 scriptum
1261 1248 1365 1295 est.
1415 1239 1713 1309 Dperarius
1746 1249 1926 1293 autem
1997 1237 2092 1306 ju-

517 1330 694 1386 stitia:
723 1329 900 1386 salute
931 1338 987 1385 et
1018 1329 1132 1385 vita
1158 1329 1473 1400 replebitur,
1496 1337 1792 1398 spectatus,
1827 1334 1882 1382 et
1917 1326 2100 1380 imita-

508 1424 660 1479 tione
681 1423 875 1493 dignus
907 1432 1002 1479 :et
1020 1422 1205 1477 vinum
1237 1421 1591 1476 vindemiabit
1638 1438 1658 1472 ι
1692 1419 1980 1489 laetiticans
2006 1433 2103 1473 cor

516 1513 750 1568 hominis
785 1514 826 1566 ¹.
866 1531 887 1566 ι
938 1511 1139 1568 Adhasc
1197 1512 1288 1583 qui
1327 1513 1467 1566 bene
1516 1511 1707 1566 audire
1752 1511 1996 1579 cupiunt,
2047 1509 2102 1565 in

511 1606 757 1660 animum
810 1606 889 1660 τοι
948 1620 1048 1660 cor
1103 1619 1245 1660 vera:
1302 1604 1548 1660 scientia;
1613 1602 1793 1657 lumen
1850 1602 2106 1657 inducere

515 1698 736 1764 debent,
765 1711 875 1768 quo
896 1705 1105 1762 carent,
1136 1697 1228 1766 qui
1265 1695 1633 1767 prmtermisso
1673 1695 1939 1750 Creatore
2008 1695 2106 1749 ad-

2191 605 2299 644 των
2340 589 2431 641 τὸν
2467 587 2568 657 τῆς
2599 583 2972 656 παραινέσεως
3001 581 3183 650 ἵστησι
3211 578 3390 646 λόγον,
3425 574 3539 629 ἀλλ’
3574 571 3684 624 ίδού
3719 570 3813 641 δὴ

2193 675 2377 740 πάλιν,
2423 675 2518 728 καὶ
2569 673 2693 726 καθ’
2722 672 2907 742 ἕτερον
2945 669 3144 732 αὐτοὺς
3177 668 3383 738 ὀνίνησι
3417 664 3638 736 τρόπον.
3672 662 3785 714 Καὶ

2192 766 2259 838 δὴ
2295 765 2558 837 μεθέντας
2597 763 2656 817 τὸ
2691 763 2984 834 ἄχρηστον,
3013 761 3105 814 καὶ
3129 758 3351 829 ἀπάσης
3383 757 3565 818 αὐτοῖς
3597 752 3787 806 ταλαι-

2197 857 2408 929 πωρίας
2441 855 2720 927 πρόξενον,
2745 853 2806 907 τὸ
2840 854 2923 907 ὅτι
2975 851 3210 923 μάλιστα
3254 847 3500 918 πεφυκὸς
3527 845 3780 917 ὠφελεῖν,

2196 946 2512 1004 ἀνθελέσθαι
2537 943 2771 1011 κελεύει,
2789 942 3050 1014 γηπόνοις
3074 943 3130 995 ἐν
3148 939 3267 1010 ἴσῳ,
3293 956 3312 990 ι
3335 936 3668 1008 Σπείροντας
3685 935 3785 1005 μὲν

2197 1043 2278 1103 είς
2300 1036 2668 1108 δικαιοσύνην,
2691 1033 3088 1106 τρυγῶνταςδὲ
3116 1032 3212 1087 καὶ
3242 1034 3322 1096 είς
3344 1029 3557 1102 καρπὸν
3581 1030 3745 1100 ζωῆς.
3761 1047 3779 1079 ι

2209 1133 2300 1192 Ὠς
2332 1131 2441 1203 γὰρ
2475 1132 2505 1185 ὁ
2534 1129 2806 1201 μακάριος
2834 1127 3038 1199 γράφει
3066 1123 3297 1189 Παῦλος,
3331 1143 3350 1175 ι
3386 1125 3452 1177 Ὃ
3491 1122 3557 1178 ἂν
3589 1121 3788 1194 σπείρῃ

2200 1226 2296 1282 ἄνθ
2307 1241 2508 1296 ρωπος,
2528 1220 2689 1276 τοῦτο
2713 1221 2806 1275 καὶ
2830 1218 3035 1291 θερίσει
3053 1233 3067 1248 ο
3093 1237 3114 1270 ι
3137 1218 3252 1283 καὶ,
3283 1234 3303 1267 t
3334 1216 3398 1270 Ὅ
3426 1215 3524 1286 μὲν
3548 1215 3788 1285 σπείρων

2203 1317 2403 1390 φαῦλα,
2436 1315 2643 1386 θερίσει
2673 1311 2842 1375 κακὰ,
2872 1331 2890 1363 ι
2924 1308 3069 1364 κατά
3097 1308 3160 1362 τὸ
3189 1307 3599 1380 γεγραμμένον.
3639 1306 3697 1358 '0
3730 1304 3788 1356 δὲ

2201 1411 2302 1481 τῆς
2334 1407 2680 1477 δικαιοσύνης
2707 1402 2967 1475 ἐργάτης,
3002 1401 3274 1472 σωτηρίας
3300 1399 3456 1453 ἔσται
3513 1397 3609 1450 καὶ
3642 1395 3789 1464 ζωῆς

2204 1503 2478 1575 ἔμπλεως,
2513 1498 2764 1570 λαμπρὸς
2814 1497 2910 1550 καὶ
2943 1491 3330 1562 άξιοζήλωτος,
3360 1491 3456 1544 καὶ
3483 1485 3628 1543 οἶνον
3659 1488 3794 1541 ἀπο-

2203 1595 2519 1667 τρυγήσει,ι
2548 1591 2651 1645 Τδν
2680 1589 3039 1662 εὐφραίνοντα
3067 1585 3295 1657 καρδίαν
3325 1582 3668 1655 ἀνθρώπου.»
3696 1581 3793 1633 Δεῖ

2201 1686 2263 1741 δὲ
2309 1686 2445 1758 πρὸς
2475 1683 2651 1755 τούτῳ
2681 1683 2810 1746 τοὺς
2849 1682 3130 1744 ἐθέλοντας
3177 1677 3506 1748 εὐδοκιμεῖν,
3545 1676 3626 1736 είς
3662 1671 3790 1728 νοῦν

513 1803 683 1846 orant
727 1793 1084 1846 creaturam.’
1116 1791 1364 1858 Quanam
1387 1797 1566 1844 autem
1603 1789 1810 1843 ratione
1833 1788 2102 1857 possimus

2207 1778 2303 1832 καὶ
2333 1776 2560 1850 καρδίαν
2592 1775 2654 1829 τὺ
2685 1775 2786 1845 τῆς
2829 1771 3064 1844 ἀληθοῦς
3101 1769 3358 1840 γνώσεως
3400 1763 3791 1830 είσοικίζεσθαι

518 1885 656 1938 bene
687 1884 960 1940 seminare
998 1883 1054 1938 in
1077 1883 1290 1950 justitia
1321 1922 1337 1946 ,
1389 1891 1445 1937 et
1500 1855 2098 1938 vindemiareil‘ructum

2207 1871 2342 1942 φῶς,
2365 1871 2466 1923 οὐκ
2497 1868 2730 1939 ἑχόντων
2758 1865 2889 1920 αὐτὸ
2911 1865 3019 1919 τῶν
3042 1860 3494 1934 προσκυνούντων
3519 1860 3587 1928 τῇ
3614 1856 3792 1910 κτίσει

520 1975 665 2041 vim,
693 1985 746 2030 et
777 1975 1122 2045 splendidum
1158 1975 1399 2029 scientiae
1427 1974 1613 2029 lumen
1644 1975 1948 2044 suscipere,
1984 1975 2103 2044 ipse

2207 1963 2356 2035 παρά
2393 1962 2486 2014 τὸν
2519 1960 2797 2014 κτίσαντα.
2843 1955 2968 2020 Πῶς
2994 1956 3038 2009 δ’
3064 1955 3130 2009 ἂν
3159 1953 3370 2022 γένοιτο
3399 1949 3578 2012 καλῶς
3607 1947 3669 2002 τὸ
3700 1947 3793 2000 δύο

519 2065 697 2129 docet,
734 2041 1106 2134 subjungens:
1148 2083 1167 2117 ι
1201 2064 1438 2130 Quaerite
1465 2063 1750 2118 Dominum
1797 2041 1967 2119 donec
2006 2041 2106 2118 ve-

2207 2055 2398 2112 νασθαι
2445 2052 2690 2123 σπείρειν
2729 2055 2810 2115 είς
2837 2047 3206 2114 δικαιοσύνην,
3250 2045 3343 2098 καὶ
3381 2042 3488 2114 μὴν
3519 2041 3613 2095 καὶ
3652 2041 3792 2093 ἀπο-

521 2156 676 2211 niant
706 2156 864 2210 vobis
893 2155 1075 2224 fruges
1107 2129 1354 2222 justitirc.
1409 2172 1429 2205 ι
1479 2153 1814 2219 Qttterendus
1855 2165 2038 2208 autem
2069 2167 2101 2208 a

2207 2150 2424 2220 τρυγεῖν
2453 2149 2532 2210 είς
2560 2144 2772 2215 καρπὸν
2804 2143 2969 2212 ζωῆς,
3004 2140 3099 2194 καὶ
3126 2138 3189 2193 τὸ
3227 2134 3482 2207 λαμπρὸν
3522 2132 3619 2202 τῆς
3651 2129 3796 2224 γνῷ-

526 2245 681 2299 nobis
707 2243 848 2300 Deus
878 2221 1121 2308 esl,'non
1153 2247 1450 2299 secundum
1480 2244 1685 2308 iocum,
1711 2247 1855 2314 quod
1893 2244 2102 2299 fatuum

2207 2261 2342 2307 σεως
2381 2239 2718 2312 εἰσδέχεσθαι
2752 2236 2867 2306 φῶς
2887 2277 2902 2302 ,
2935 2232 3098 2296 αὐτὸς
3131 2227 3399 2293 ὑπέδειξε,
3447 2221 3791 2296 προστιθείς·

525 2333 684 2399 foret,
719 2335 1154 2403 quandoquidem
1184 2335 1422 2388 divinum
1455 2349 1654 2388 numen
1692 2335 1814 2389 loco
1842 2350 1946 2389 non
1975 2348 2107 2388 con-

520 2426 767 2492 tinetur;
808 2427 902 2482 sed
943 2427 1085 2481 utin
1120 2425 1408 2482 all'eCtione
1453 2427 1668 2492 animae,
1728 2437 1784 2481 et
1823 2427 2108 2482 alacritate

522 2515 722 2570 tuentis
751 2517 818 2569 ad
852 2515 1030 2570 omnia
1061 2516 1138 2570 illi
1182 2528 1334 2586 grata
1390 2518 1688 2581 inclinatas,
1741 2526 1797 2572 et
1821 2517 2107 2572 conscien-

518 2607 654 2660 tiam
684 2615 907 2674 rectam,
948 2617 1002 2662 et
1031 2609 1278 2674 nitidam,
1307 2619 1362 2661 et
1394 2609 1462 2663 ab
1490 2609 1638 2662 omni
1671 2610 2097 2679 reprehensione

524 2701 753 2755 alienam
787 2702 1103 2771 spectantis.
1135 2701 1228 2756 Sic
1267 2702 1412 2756 enim
1459 2717 1525 2756 eo
1579 2701 1824 2767 invento,
1876 2702 2106 2757 aliorum

522 2805 740 2860 quoque
759 2792 1022 2846 bonorum
1047 2791 1410 2861 acquisitione
1431 2791 1784 2846 ditescemus.
1815 2791 1899 2844 An
1921 2806 2107 2846 verum

528 2895 633 2934 non
663 2889 748 2935 est
769 2883 911 2949 quod
946 2879 1024 2936 ait
1052 2881 1301 2936 Christus
1334 2898 1348 2934 :
1381 2899 1400 2932 ι
1437 2881 1568 2938 Sine
1594 2897 1680 2937 me
1718 2883 1851 2937 nihil
1882 2885 2109 2953 potestis

527 2969 710 3026 facere
735 2972 778 3025 ⁸.
818 2990 837 3025 ι
877 2970 982 3027 Sed
1010 2975 1075 3029 de
1104 2974 1208 3028 hoc
1227 2973 1372 3028 nullo
1407 2975 1567 3030 modo
1598 2976 1868 3041 dubitant,
1889 2978 2109 3046 opinor,

533 3063 585 3116 in
609 3065 806 3133 quibus
825 3079 1012 3118 verum
1036 3066 1173 3119 inest
1188 3064 1478 3134 judicium.
1507 3065 1634 3122 Haec
1658 3068 1800 3122 enim
1823 3083 1944 3123 cum
1975 3070 2108 3136 Deo,

533 3165 587 3209 et
638 3169 736 3224 per
766 3155 958 3223 Demn,
985 3166 1040 3210 et
1067 3173 1095 3211 a
1131 3158 1238 3212 Deo
1272 3159 1450 3213 omnis
1474 3159 1600 3214 boni
1649 3159 1920 3228 possessio
1957 3162 2110 3216 nobis

533 3255 638 3300 est.
676 3244 881 3301 Dixerit
919 3256 1097 3302 tamen
1135 3264 1240 3303 non
1294 3248 1434 3304 male
1481 3249 1753 3320 quispiam
1789 3293 1805 3318 ,
1855 3266 1957 3305 non
2017 3265 2108 3306 so-

531 3337 648 3390 lum
687 3336 950 3391 idolorum
988 3339 1306 3406 cultoribus,
1357 3357 1376 3392 ι
1414 3340 1684 3395 seminate
1725 3341 1880 3396 vobis
1903 3342 1960 3396 in
2023 3341 2112 3412 ju-

532 3429 741 3492 stitia»
769 3439 824 3484 et
844 3445 964 3499 quae
988 3440 1290 3500 sequuntur
1317 3448 1333 3496 ;
1362 3432 1456 3487 sed
1491 3433 1657 3487 etiam
1692 3448 1723 3487 a
1762 3433 1973 3488 sincera
2009 3434 2115 3490 lide

540 3526 935 3595 refugientibus
963 3566 978 3592 ,
1031 3536 1086 3583 et
1116 3529 1400 3598 spiritibus
1439 3529 1642 3585 erroris
1690 3530 2114 3596 attendentibus,

509 3618 595 3680 _in
633 3617 906 3689 hypocrisi
941 3619 1331 3675 daemoniorum
1361 3661 1376 3685 ,
1428 3630 1482 3676 et
1521 3623 1877 3676 cauteriatam
1911 3623 2117 3676 haben-

535 3711 688 3765 tibus
744 3710 1208 3765 conscientiam‘.
1260 3729 1280 3764 ο
1343 3711 1413 3767 Ut
1471 3713 1637 3782 igitur
1685 3714 2120 3783 sapientissimus

537 3799 740 3858 Paulus
766 3802 976 3864 scribit,
1027 3803 1080 3857 hi
1126 3803 1406 3858 seminant
1433 3804 1674 3873 quidem,
1702 3805 1906 3859 sciendi
1951 3806 2119 3874 proti-

535 3893 829 3963 ciendique
870 3892 1148 3949 laboribus
1203 3894 1448 3963 impense
1493 3895 1702 3962 dediti;
1748 3909 2119 3951 verumtamen

544 4001 649 4040 non
681 3985 736 4041 in
759 3984 996 4052 justitia,
1038 3987 1133 4041 sed
1169 3987 1222 4040 in
1265 3987 1555 4056 iniquitate
1583 3998 1638 4043 et
1665 3989 1940 4058 impietate
1966 4032 1981 4057 ,
2035 4004 2120 4045 se-

539 4078 808 4132 duceutes’
860 4088 914 4134 et
952 4079 1200 4142 seducti,
1256 4097 1276 4131 ι
1333 4088 1389 4133 et
1433 4079 1800 4149 percntientes
1849 4082 2119 4136 inﬁrmam

2209 2355 2229 2390 ι
2259 2337 2538 2406 Ζητήσατε
2584 2333 2675 2385 τὸν
2707 2329 2912 2400 Κύριον
2953 2344 3058 2390 εως
3083 2320 3146 2380 οὗ
3174 2323 3302 2394 ἔλθῃ
3348 2320 3663 2390 γεννήματα
3711 2316 3794 2369 δι-

2205 2425 2500 2496 καιοσύνης
2544 2423 2692 2494 ὑμῖν.
2725 2439 2745 2472 ι
2798 2419 3026 2490 Ζητοῖτο
3055 2416 3100 2469 δ’
3140 2413 3206 2468 ἂν
3252 2411 3385 2484 πρὸς
3431 2406 3589 2480 ἡμῶν
3620 2406 3752 2468 Θεὸς
3776 2443 3793 2468 ,

2203 2519 2325 2589 οὐχὶ
2350 2516 2608 2579 τοπικῶς.
2638 2511 2808 2567 Τοῦτο
2835 2510 2945 2581 γὰρ
2966 2507 3191 2578 εὔηθες⁹
3220 2505 3344 2558 ἐπεὶ
3377 2501 3451 2572 μὴ
3473 2502 3531 2553 ἐν
3557 2499 3709 2568 τόπῳ
3733 2498 3799 2550 τό

2207 2611 2380 2665 θεῖον·
2421 2607 2536 2662 ἀλλ’
2567 2607 2642 2670 ὡς
2685 2607 2744 2658 ὲν
2783 2602 3024 2657 διαθέσει
3055 2597 3263 2668 ψυχῆς,
3311 2595 3405 2648 καὶ
3449 2590 3542 2647 νοῦ
3587 2589 3796 2661 προθυ-

2211 2703 2391 2773 μίαις,
2427 2701 2507 2762 είς
2538 2699 2647 2752 πᾶν
2683 2694 2866 2749 ὁτιοῦν
2894 2694 3001 2747 τῶν
3043 2689 3388 2762 ἀρεσκόντων
3431 2683 3580 2754 αὐτῷ
3619 2682 3799 2736 διανε-

2207 2794 2490 2858 νευκὸτος,
2534 2792 2626 2845 καὶ
2670 2791 2750 2852 εἰς
2775 2786 2981 2858 εἴδησιν
3023 2784 3308 2855 βλέποντος
3366 2777 3531 2849 ὀρθὴν
3569 2776 3665 2829 καὶ
3700 2775 3801 2827 am.

2209 2886 2528 2957 εξεσμένην,
2577 2888 2674 2938 καὶ
2718 2877 3016 2951 οὐδαμόθεν
3063 2875 3294 2946 ἔχουσαν
3331 2871 3395 2925 τὸ
3441 2867 3801 2938 ἐπιτιμᾶσθαι

2209 2980 2336 3034 δεῖν.
2365 2977 2631 3049 Εὐρόντες
2661 2974 2770 3043 γὰρ
2795 2971 2969 3050 οὕτως
2997 2967 3178 3031 αὐτὸν,
3209 2965 3307 3019 καὶ
3329 2963 3426 3033 τὴν
3453 2961 3565 3014 τῶν
3596 2958 3803 3050 ἐτέρων

2211 3047 2984 3140 ἀγαθῶν-καταπλουτήσομεν
3030 3057 3244 3124 κτῆσιν.
3284 3055 3356 3108 Ἦ
3393 3053 3496 3107 οὐκ
3547 3047 3803 3120 ἀληθεύει

2213 3160 2465 3234 Χριστὸς,
2496 3159 2623 3212 ὅταν
2647 3156 2801 3226 λέγῃ,
2841 3170 2859 3204 t
2887 3150 3069 3221 Χωρὶς
3099 3147 3233 3220 ἐμοῦ
3266 3146 3327 3200 οὐ
3362 3143 3592 3199 δύνασθε
3627 3145 3805 3196 ποιεῖν

2214 3255 2398 3320 οὐδέν;
2423 3270 2441 3304 ι
2492 3250 2629 3304 Ἀλλ’
2656 3247 2823 3310 ἔστιν,
2855 3240 3038 3314 οἶμαι,
3073 3241 3224 3294 τουτὶ
3263 3241 3376 3302 τοῖς
3422 3236 3558 3310 ὀρθά
3588 3237 3807 3307 φρονεῖν

2211 3345 2463 3401 εἰωθόσιν
2487 3339 2787 3412 οὐδαμόθεν
2809 3335 3129 3408 ἀμφίϐολον.
3153 3332 3362 3402 Κτῆσις
3382 3330 3492 3401 γὰρ
3512 3330 3642 3399 ἡμῖν
3664 3327 3806 3396 αῦτη

2216 3437 2416 3500 παντὸς
2447 3431 2653 3504 ἀγαθοῦ
2691 3429 2829 3502 μετὰ
2867 3425 3024 3490 Θεοῦ,
3069 3425 3162 3479 καὶ
3204 3422 3294 3477 διὰ
3323 3421 3480 3487 Θεοῦ,
3519 3419 3613 3473 καὶ
3651 3419 3809 3488 παρά

2213 3527 2371 3582 Θεοῦ.
2401 3526 2558 3579 Εἴποι
2585 3523 2630 3577 δ’
2655 3521 2720 3576 ἀν
2748 3537 2852 3583 τις,
2885 3516 2980 3572 καὶ
3017 3515 3162 3587 μάλα
3195 3512 3441 3576 εἰκότως,
3471 3510 3594 3580 οὐχὶ
3623 3509 3810 3580 μόνοις

2215 3625 2328 3684 τοῖς
2353 3619 2461 3673 τῶν
2493 3615 2725 3670 εἰδώλων
2754 3611 3146 3682 θεραπευταῖς,
3191 3608 3273 3671 τὸ,
3310 3624 3330 3657 ι
3358 3604 3625 3674 Σπείρατε
3676 3602 3810 3654 ἑαυ-

2217 3716 2330 3776 τοῖς
2373 3713 2452 3773 εἱς
2490 3705 2857 3774 δικαιοσύνην,
2879 3721 2898 3755 ι
2937 3701 3034 3756 καὶ
3063 3701 3133 3752 τὰ
3169 3698 3377 3759 τούτοις
3412 3692 3640 3763 ἑφεξῆς,
3671 3689 3811 3743 ἀλλά

2221 3805 2327 3876 γὰρ
2354 3802 2447 3856 καὶ
2473 3803 2587 3861 τοῖς
2617 3797 2714 3868 τῆς
2739 3793 2906 3864 ὀρθῆς
2939 3791 3176 3852 πίστεως
3203 3782 3812 3876 ἁποτρέχουσιμΠροσ-

2221 3872 2494 3968 κειμένοις
2538 3890 2599 3946 δὲ
2639 3887 2840 3961 μᾶλλον
2868 3884 3141 3954 πνεύμασι
3183 3881 3411 3948 πλάνης,
3441 3877 3500 3968 εν
3524 3872 3812 3968 ὑποκρίσει

2221 3963 2535 4059 δαιμονίων,
2565 3975 3128 4050 κεκαυτηριασμένοις
3162 3971 3260 4042 τὴν
3305 3966 3626 4059 συνείδησιν.
3659 3983 3678 4014 ι
3723 3963 3814 4024 Ὧς

2222 4056 2354 4154 γοῦν
2395 4081 2425 4133 δ
2473 4075 2782 4146 σοφώτατος
2815 4073 3017 4143 γράφει
3053 4065 3297 4128 Παῦλος,
3342 4056 3488 4116 οὗτοι
3525 4059 3814 4154 σπείρουφ

541 4169 933 4224 conscientiam
970 4169 1222 4235 fratrum,
1257 4185 1355 4240 pro
1376 4171 1573 4240 quibus
1595 4170 1848 4226 Christus
1877 4184 2106 4227 mortuus

2228 4147 2328 4247 μὲν
2347 4173 2458 4235 τοῖς
2481 4172 2558 4233 είς
2583 4166 2786 4238 γνῶσιν
2808 4164 2901 4218 καὶ
2923 4158 3279 4231 φιλομάθειαν
3307 4153 3615 4224 ἐγκείμενοι
3632 4166 3646 4179 ’
3673 4147 3816 4220 πλὴν

546 4271 629 4317 est
665 4263 708 4316 ⁸.
764 4262 976 4336 1153
1020 4261 1368 4318 Vindemiant
1423 4263 1586 4334 igitur
1627 4280 1734 4320 non
1775 4266 1842 4320 ad
1881 4265 2106 4321 fructum

2225 4243 2325 4320 οὐκ
2352 4267 2433 4328 εἰς
2458 4261 2597 4334 ἔργα
2637 4256 3002 4326 δικαιοσύνης,
3029 4254 3144 4308 ἀλλ’
3175 4252 3255 4314 είς
3286 4247 3500 4303 ἀδικίαν
3558 4244 3650 4336 καὶ
3685 4243 3819 4296 ἀσέσ

545 4356 671 4409 vitae
704 4355 994 4423 aliquando
1027 4395 1042 4419 ,
1073 4355 1166 4409 sed
1216 4371 1430 4426 poenam
1463 4365 1520 4410 et
1566 4355 1856 4426 judicium.
1921 4358 2106 4426 Quam-

2228 4360 2398 4421 ϐειαν,
2437 4352 2746 4415 πλανῶντες
2793 4349 2888 4402 καὶ
2928 4344 3290 4416 πλανώμενοι,
3328 4359 3346 4391 ‹
3377 4338 3488 4393 Καὶ
3517 4335 3816 4396 τύπτοντες

524 4452 741 4506 iobrem
782 4419 1000 4506 dicebat
1023 4419 1279 4505 Christus
1325 4465 1338 4501 :
1375 4468 1396 4501 ι
1426 4419 1748 4519 Quicunque
1787 4419 2106 4506 scandaliza-

2228 4447 2558 4505 ἀσθενοῦσαν
2603 4445 2702 4517 τὴν
2747 4439 3050 4510 συνείδησιν
3093 4435 3200 4490 τῶν
3242 4431 3510 4500 ἀδελφῶν,
3551 4427 3692 4497 ὑπὲρ
3741 4419 3820 4478 ὦν

550 4544 693 4599 verit
727 4558 893 4597 unum
945 4543 1012 4597 de
1064 4541 1277 4610 pusillis
1327 4542 1448 4597 istis
1501 4542 1553 4596 in
1600 4557 1686 4598 me
1733 4544 2106 4609 credentibus,

2233 4541 2465 4613 Χριστὸς
2505 4537 2762 4593 ἀπέθανε.
2783 4554 2802 4587 ι
2837 4529 3091 4602 Τρυγῶσι
3134 4526 3198 4598 δὴ
3240 4522 3334 4578 οὖν
3362 4523 3463 4577 οὐκ
3497 4517 3822 4624 εἰς’κριρπδν

547 4635 769 4703 expedit
809 4634 858 4688 ei
914 4642 975 4687 ut
1003 4633 1368 4702 suspendatur
1423 4632 1562 4686 mola
1607 4634 1846 4689 asinaria
1891 4635 1944 4688 in
1988 4637 2106 4690 οοΙιι

2229 4607 2372 4706 ζωῆς
2397 4634 2582 4695 ποθεν,
2610 4629 2723 4683 ἀλλ’
2748 4629 2828 4690 εἰς
2851 4621 3072 4678 κόλασίν
3095 4636 3156 4672 τε
3202 4617 3297 4671 καὶ
3323 4614 3523 4686 κρίσιν.
3549 4611 3661 4665 Καὶ
3687 4607 3823 4706 γοῦν

549 4699 688 4795 eius,
715 4733 769 4780 et
795 4699 1140 4795 demergatur
1169 4726 1219 4779 in
1253 4725 1580 4796 profundum
1614 4728 1783 4783 maris
1811 4728 1854 4781 ⁵.
1927 4747 1943 4782 ρ
1998 4729 2099 4784 Dili

2228 4699 2466 4796 έφαυσκεν
2489 4725 2518 4776 ὁ
2547 4717 2802 4792 Χριστὸς,
2831 4716 2913 4768 ὅτι
2945 4732 2963 4766 ι
2996 4713 3091 4774 Ὃς
3120 4709 3187 4763 ἂν
3227 4703 3559 4775 σκανδαλίσῃ
3588 4701 3684 4753 Eva
3707 4699 3828 4796 τῶν

554 4792 684 4886 εὀηι
729 4814 893 4884 igitur
931 4792 1376 4879 vc—ritatetn,'ltoc
1401 4823 1506 4877 est,
1557 4814 1687 4869 illud
1728 4817 2013 4886 sapientia:
2047 4819 2106 4873 lu

2232 4815 2444 4891 μικρῶν
2478 4811 2683 4868 τούτων
2721 4808 2831 4862 τῶν
2871 4801 3236 4859 πιστευόντων
3265 4799 3345 4862 είς
3381 4797 3504 4866 ἐμὲ,
3547 4792 3822 4864 συμφέρει

557 4884 703 4962 men.
744 4905 820 4960 Ita
845 4907 1107 4976 quaeritur
1147 4906 1308 4962 Deus.
1362 4907 1500 4962 Hinc
1533 4907 1640 4963 illis
1666 4884 1877 4965 fructus
1900 4909 2106 4978 justitia

2233 4884 2409 4980 αὐτῷ,
2436 4907 2524 4961 ἵνα
2549 4900 2836 4976 κρεμασθῇ
2863 4897 3044 4960 ὀνικὸς
3076 4893 3238 4966 μύλος
3267 4890 3395 4962 περὶ
3428 4888 3520 4941 τὸν
3551 4884 3824 4980 τράχηλον

554 4999 804 5052 orientur
832 4998 884 5052 in
910 4998 1098 5052 vitam.
1133 4997 1573 5053 Vindemiahitur
1599 4999 1760 5054 etiam
1779 5001 1986 5068 vinum,
2021 5019 2106 5059 non

2239 4977 2423 5067 αὐτοῦ,
2463 4998 2558 5053 καὶ
2587 4989 2993 5075 καταποντισθῇ
3027 4991 3083 5041 ὲν
3115 4986 3194 5058 τῷ
3221 4983 3448 5051 πελάγει
3494 4981 3591 5051 τῆς
3620 4977 3828 5075 θαλάσ-

555 5087 778 5156 quidem
807 5100 1155 5156 corporeum,
1190 5087 1285 5142 sed
1313 5089 1456 5156 quod
1493 5088 1848 5158 intelligentia
1866 5093 2106 5148 cernitur

2241 5115 2359 5166 σης.
2391 5071 2619 5156 Οὐκοῦν,
2656 5087 3027 5159 ἀγαπάτωσαν
3052 5082 3151 5152 τὴν
3193 5079 3470 5150 ἀλήθειαν,
3511 5071 3671 5166 τοῦτό

558 5188 614 5233 et
641 5194 738 5247 per
759 5178 1038 5248 spiritum,
1068 5179 1214 5249 quod
1235 5180 1399 5235 etiam
1423 5194 1521 5235 cor
1553 5188 1609 5234 et
1642 5181 1880 5236 animum
1897 5184 2099 5240 homini

2237 5163 2423 5256 τδ-τῆς
2456 5183 2708 5254 γνώσεως
2737 5177 2872 5248 φῶς.
2894 5173 3050 5229 Οῦτω
3089 5174 3328 5242 ζητεῖται
3359 5167 3511 5228 Θεός.
3545 5163 3833 5256 Ἐντεῦθεν

556 5269 818 5327 laniﬁca“
2239 5255 2421 5343 αὐτοῖς
2449 5274 2651 5349 καρποὶ
2681 5273 2776 5342 μὲν
2802 5264 3143 5335 δικαιοσύνης
3173 5260 3518 5316 ἀνατελοῦσιν
3545 5258 3626 5320 είς
3658 5255 3830 5349 ζωην.

557 5362 976 5436 Τρυγηθήνσεται
1017 5363 1075 5418 δὲ
1094 5364 1195 5418 ικαὶ
1224 5358 1384 5428 οἶνος.
1410 5365 1472 5418 οὗ
1503 5363 1836 5436 σωματικὺς,
1872 5371 2061 5439 νοητὸς
2089 5373 2147 5427 δὲ
2185 5375 2405 5448 μᾶλλον,
2464 5345 2558 5426 καὶ
2579 5365 2669 5422 διὰ
2733 5362 3061 5424 πνεύματος,
3086 5358 3144 5422 ὃς
3173 5357 3267 5410 καὶ
3293 5351 3519 5423 καρδίαν
3547 5345 3835 5418 εὐφραίνει

557 5458 659 5512 καὶ
688 5457 833 5513 νοῦν.
2131 5493 2136 5497 «
3869 5455 3881 5514 l

637 5550 802 5607 Vsus.
830 5552 917 5608 l5.
959 5551 1099 5619 Quid
1130 5553 1367 5608 tacuisti;
1394 5553 1733 5624 impietatem,
1763 5569 1811 5614 et
1837 5561 2106 5631 iniquitate

2314 5557 2454 5614 Ἵνα
2489 5553 2547 5608 τί
2578 5547 3079 5620 παρεσιωξτήσατε
3107 5538 3409 5601 ἀσέϐειαν,
3442 5533 3542 5589 καί
3568 5533 3674 5599 τὰς
3702 5531 3834 5588 ἀδι-

638 5755 684 5785 ’⁸
709 5752 885 5808 Galat.
916 5769 992 5809 vt.
1017 5754 1070 5808 8.
1145 5753 1189 5784 ’³
1218 5751 1376 5806 Prov.
1401 5769 1534 5822 χχιι,
1562 5760 1614 5812 8.
1696 5758 1707 5789 ¹
1738 5757 1900 5814 Eccli.
1933 5771 2019 5823 δι,
2045 5758 2106 5814 20

569 5840 689 5879 snt.
722 5825 803 5879 ll.
899 5825 920 5856 ⁸
946 5823 1131 5878 Matth.
1161 5838 1312 5879 xvm.
1337 5823 1390 5875 6.

2211 5759 2232 5790 ²
2259 5756 2416 5813 Rom.
2448 5771 2489 5820 ι,
2514 5752 2604 5809 ‘23.
2683 5746 2877 5806 aJoan.
2917 5758 3005 5810 XV,
3038 5742 3090 5798 5.
3170 5740 3192 5771 ⁸
3217 5739 3233 5794 l
3261 5733 3400 5791 Tim.
3432 5747 3506 5800 tv,
3527 5732 3583 5787 Ξ.
3661 5730 3838 5790 'Cur.

652 5859 689 5892 Ι,
723 5859 803 5879 ΙΙ.
946 5859 1131 5878 διιιιιιιιο
1161 5859 1312 5891 -"III’
1340 5859 1390 5875 υο
