4110 6368
364 372 468 426 257
1285 372 1834 432 COMMENTARIUS
1867 373 1936 429 IN
1976 374 2205 431 OSEAM
2245 372 2695 430 PROPHETAM.
3526 368 3633 425 258

368 488 504 552 κίας
533 482 722 554 αὐτῆς
746 480 1144 558 ἐτρυγήσατε;
1177 488 1452 559 Ἐφάτετε
1475 491 1709 559 καρπὸν
1724 491 1948 561 ψευδῆ,
1980 534 1991 560 λ

2004 492 2168 561 {ejus
2217 491 2613 545 vindemiastis?
2662 486 2974 541 Comedistis
3016 485 3249 555 fructum
3294 485 3627 549 mendacem,

366 578 457 632 ὅτι
501 577 771 647 ἤλπισας
804 580 876 633 ἐν
915 580 1041 646 τοῖς
1066 580 1451 651 ἁμαρτήμασι
1472 598 1611 646 σου,
1639 583 1709 636 ἐν
1734 583 1951 650 πλήθει

2052 583 2178 651 quia
2203 582 2425 650 sperasti
2455 584 2505 634 in
2534 578 2765 633 turribus
2798 578 2925 642 tuis,
2961 578 3014 630 in
3047 575 3389 630 multitudine
3416 574 3631 644 fortitu-

365 667 670 739 δυνάμεώς
692 683 831 734 σου,
852 670 953 725 καί
977 670 1456 743 ὲξαναστήσεται
1484 673 1752 729 ἀπώλεια
1776 676 1846 729 ἐν
1868 674 1952 742 τῷ

2052 675 2188 728 diuis
2232 684 2357 730 tuae.
2400 673 2468 727 Et
2509 680 2782 741 consurget
2818 669 3046 740 perditio
3093 671 3149 724 in
3191 667 3383 740 populo
3424 678 3537 737 tuo,
3580 678 3631 722 et

364 759 493 826 λαῷ
513 777 651 826 σου,
683 762 781 816 καὶ
815 761 1013 817 πάντα
1040 763 1113 818 τὰ
1142 766 1689 836 περιτετειχισμένα
1717 780 1834 822 σου
1862 770 1948 823 οὶ-

1266 766 1689 836 ιτετειχισμένα
1717 780 1834 822 σου
1862 770 1948 823 οί-
2053 768 2234 820 omnia
2275 776 2487 820 murata
2520 774 2610 819 tua
2648 762 2889 834 peribunt

363 850 641 920 χήσεται.
2412 888 2413 891 η

435 944 613 999 PKB'.
652 944 900 998 Αίτιᾶται
926 944 1109 1011 πάλιν,
1134 944 1211 1008 ὡς
1240 946 1350 1001 ἀπό
1381 965 1445 1017 γε
1471 948 1569 1019 τῆς
1601 950 1681 1013 είς
1708 948 1772 1003 τὸ
1804 948 1948 1019 φαῦ-

2120 943 2327 1001 CXXII.
2380 943 2581 999 lterum
2610 957 2707 998 eos
2735 943 2984 1011 castigat,
3010 941 3183 1011 utqui
3213 955 3326 1010 prze
3352 938 3631 1010 voluptate

362 1034 457 1089 λον
490 1036 683 1107 ἡδονῆς
711 1037 797 1107 ἐφ’
821 1032 904 1101 οἷς
944 1038 1146 1107 ἥκιστα
1188 1039 1356 1111 ἐχρῆν
1396 1044 1731 1113 κατηρεμεὶᾯ
1758 1042 1949 1113 ἑλομέ-

2050 1038 2178 1093 mali
2209 1037 2515 1106 quieverint
2556 1036 2609 1090 in
2636 1034 2836 1105 quibus
2869 1033 3092 1088 minime
3126 1034 3325 1097 decuit,
3358 1033 3631 1087 inconsul—

363 1146 512 1195 νους,
551 1130 889 1185 ἀϐουλότατά
914 1147 975 1183 τε
1007 1133 1387 1202 σεσιγηκότας,
1411 1135 1496 1202 ἐφ’
1518 1128 1599 1198 οἷς
1624 1130 1690 1205 ἦν
1714 1137 1860 1200 εἰκὸς
1885 1136 1947 1189 οὐ

2046 1132 2370 1198 tissimeque
2407 1126 2675 1182 tacuerint
2706 1125 2760 1179 in
2794 1125 2901 1190 his,
2936 1133 3157 1193 propter
3182 1140 3302 1193 qua:
3326 1122 3496 1178 Deum
3521 1138 3630 1179 non

368 1222 602 1292 μετρίως
634 1221 920 1276 λυπεῖσθαι
953 1222 1106 1276 Θεόν.
1137 1224 1266 1277 Δέον
1295 1224 1425 1294 γὰρ,
1456 1227 1608 1294 φησι,
1636 1227 1798 1280 παντὶ
1826 1226 1941 1281 σθέ-

2049 1221 2401 1276 mediocriter
2454 1218 2617 1272 irasci
2676 1226 3103 1272 consentaneum
3157 1216 3277 1271 fuit.
3330 1216 3464 1271 Nam
3508 1232 3629 1272 cum

363 1330 444 1365 νει
462 1313 857 1385 διωθουμένους
878 1315 979 1385 τὴν
1004 1316 1085 1378 εἰς
1114 1315 1214 1385 ἐμὲ
1243 1314 1587 1382 δυσσέϐειαν,
1618 1321 1730 1381 τοῖς
1759 1318 1829 1371 τὰ
1858 1321 1946 1372 αί-

2048 1312 2403 1381 oportuisset,
2440 1308 2638 1379 inquit,
2675 1308 2801 1362 totis
2831 1308 3037 1362 viribus
3072 1308 3359 1379 profligare
3387 1308 3631 1378 impieta-

363 1405 505 1475 σχρά
528 1406 951 1475 συμϐουλεύουσι
978 1408 1258 1478 ἐπιτιμᾷν,
1288 1406 1447 1460 τοῦτό
1490 1425 1549 1460 τε
1599 1408 1843 1479 δρῶντας
1888 1411 1947 1464 ἐν

2051 1412 2156 1456 tem
2196 1401 2490 1456 adversum
2535 1413 2645 1465 me,
2682 1406 2737 1453 et
2780 1398 2955 1467 turpia
2994 1400 3285 1453 suadentes
3329 1399 3630 1469 increpare,

361 1499 525 1551 παντὶ
558 1499 811 1566 γενέσθαι
840 1499 1015 1570 καλῷ,
1046 1500 1395 1569 σεσιγήκασι,
1428 1500 1791 1571 παρεδέξαντο
1821 1504 1946 1567 τοὺς

2046 1502 2101 1548 et
2138 1493 2219 1547 ita
2269 1491 2375 1546 frui
2419 1490 2575 1545 bonis
2614 1490 2889 1554 omnibus,
2943 1497 3250 1554 tacuerunt,
3280 1490 3631 1546 seductiones

357 1589 461 1657 τῆς
508 1589 828 1660 πλανήσεως
873 1591 1129 1660 τρόπους·
1158 1593 1259 1647 οὐκ
1306 1590 1374 1666 ἦν
1422 1596 1481 1649 ὲν
1534 1597 1715 1661 αὐτοῖς
1760 1599 1788 1651 6
1831 1599 1945 1662 τοῖς

2047 1584 2404 1649 admiserunt,
2443 1598 2549 1638 non
2580 1592 2703 1638 erat
2731 1583 2874 1637 inter
2916 1596 3034 1646 eos,
3064 1582 3158 1651 qui
3195 1581 3286 1635 illa
3330 1596 3472 1636 nova
3515 1597 3633 1638 mo-

357 1680 540 1733 ὲκεῖνα
568 1680 981 1751 καινοτομοῦσιν
1012 1683 1383 1756 ἀνθεστηκὼς,
1415 1687 1514 1740 οὐκ
1548 1688 1843 1752 ἀντιτιθεὶς
1874 1688 1943 1743 τὰ
2046 1677 2302 1732 "milibus
2351 1677 2655 1742 ι’θείεῑθτθιν
2712 1691 2818 1729 ηοη
2858 1674 2951 1745 qni
3004 1674 3175 1745 legem
3217 1682 3537 1745 οΡΡοιιθΓθῑν
3578 1681 3635 1730 θε

355 1771 425 1824 ἐκ
470 1771 657 1841 νόμου.
689 1773 785 1825 καὶ
827 1773 909 1837 είς
958 1775 1266 1845 ἀνάμνησιν
1308 1778 1603 1849 ἀποφέρων
1634 1780 1743 1833 τῶν
1788 1780 1944 1834 τεθε-

2045 1770 2113 1825 ad
2144 1769 2579 1826 recordationem
2614 1769 2877 1824 divinitus
2907 1777 3299 1837 praeceptorum
3345 1767 3630 1823 excitaret.

356 1863 691 1933 σπισμένων.
720 1864 1034 1935 Γέγραπται
1079 1867 1211 1939 γὰρ,
1256 1887 1274 1920 ί
1306 1870 1420 1923 Ούκ
1457 1870 1669 1925 ἔσονταί
1693 1890 1798 1944 .σοι
1829 1872 1941 1927 θεοὶ
1976 1850 1979 1908 ί

2008 1851 2327 1933 ιδετίρῑυιη
2358 1863 2555 1932 quippe
2589 1868 2809 1915 exstat:
2848 1878 2869 1912 ι
2907 1859 3023 1915 Non
3058 1868 3220 1913 erunt
3265 1859 3360 1913 tibi
3410 1858 3485 1913 dii
3537 1858 3631 1913 alii

353 1958 531 2027 ἕτεροι
576 1956 716 2028 πλὴν
738 1957 897 2027 ἐμοῦ.
919 1976 938 2008 ι
968 1960 1078 2013 Καὶ
1106 1960 1269 2014 πάλιν
1289 1979 1301 1991 ·
1338 1981 1357 2013 ι
1383 1963 1457 2015 Οὐ
1484 1965 1728 2035 ποιήσεις
1759 1964 1940 2037 σαυτῷ

2047 1962 2245 2031 praeter
2287 1954 2450 2010 mel:
2491 1972 2510 2005 ι
2546 1962 2601 2007 et
2651 1967 2908 2007 rursum:
2944 1971 2962 2003 ι
2994 1950 3112 2005 Non
3150 1950 3318 2005 facies
3365 1950 3459 2005 tibi
3516 1950 3634 2005 ido-

352 2048 592 2105 εἴδωλον.
623 2068 642 2100 ›
676 2049 814 2102 Ἀλλ’
831 2049 1012 2117 ὀλίγος
1036 2050 1223 2115 αὐτοῖς
1252 2052 1531 2117 παντελῶς
1575 2057 1605 2108 6
1642 2056 1771 2126 περὶ
1812 2055 1939 2109 τού-

2046 2044 2155 2099 lum
2177 2044 2220 2097 '.
2259 2062 2278 2096 ι
2318 2043 2426 2099 Sed
2475 2044 2579 2098 ista
2620 2044 3101 2113 parvipendebant.
3149 2039 3431 2095 Siluerunt
3458 2041 3631 2107 enim,

347 2159 461 2196 των
499 2136 569 2213 ἦν
601 2141 774 2210 λόγος.
806 2142 1139 2213 Σεσιγήκασι
1193 2143 1324 2217 γὰρ,
1355 2146 1625 2217 τιμῶντες
1667 2147 1766 2219 τὴν
1809 2149 1939 2203 ἀσέ-

2045 2134 2217 2204 pluris
2254 2133 2516 2189 facientes
2560 2134 2914 2205 impietatem,
2967 2135 3071 2189 huc
3108 2142 3215 2196 est,
3243 2131 3628 2190 defectionem.

352 2232 528 2297 ϐειαν,
560 2234 832 2300 τουτέστι,
897 2234 997 2306 τὴν
1039 2235 1361 2291 ἀπόστασιν.
1399 2238 1631 2303 Οὐκοῦν,
1680 2258 1699 2291 ι
1732 2241 1939 2311 Τετρυ-

2044 2228 2232 2297 Itaque
2269 2245 2289 2279 ι
2319 2227 2726 2283 vindemiarunt
2750 2227 2818 2280 de
2848 2235 3044 2281 ca’tero
3081 2226 3291 2279 fructus
3324 2224 3631 2294 iniquitatis

351 2327 556 2395 γήκασι
596 2326 723 2391 τοὺς
764 2326 867 2397 τῆς
906 2328 988 2390 είς
1022 2326 1186 2382 τοῦτο
1214 2328 1401 2383 λοιπὸν
1425 2330 1642 2394 ἀδικίας
1666 2331 1937 2403 καρπούς.

2046 2318 2181 2388 ejus.
2228 2317 2595 2374 Comederunt
2645 2318 2884 2373 fructum
2939 2316 3279 2382 mendacem,
3322 2334 3342 2369 ι
3387 2316 3491 2372 hoc
3520 2323 3630 2381 est,

350 2416 761 2487 Κατεδηδόκασι
793 2418 1006 2488 καρπὸν
1030 2419 1219 2491 ψευδῆ,
1248 2439 1268 2473 ι
1298 2422 1597 2489 τουτέστιν,
1623 2421 1834 2493 ἀθρανῆ
1881 2439 1939 2475 τε

2046 2409 2373 2467 imbecillam
2397 2419 2451 2465 et
2473 2409 2719 2465 inutilem
2743 2425 2895 2479 spem
2927 2409 3255 2464 habuerunt.
3283 2408 3460 2465 Verus
3481 2410 3627 2464 enim

348 2509 448 2564 καὶ
478 2510 736 2578 ἀνόνητον
765 2511 1039 2581 ἐσχήκασι
1064 2515 1166 2582 τὴν
1200 2512 1412 2568 ἐλπίδα.
1443 2512 1670 2586 Καρπὸς
1703 2513 1801 2585 μὲν
1831 2515 1941 2584 γὰρ

2045 2502 2256 2558 fructus
2281 2502 2509 2557 salutem
2537 2511 2593 2556 et
2620 2500 2910 2555 utilitatem
2944 2502 3247 2566 continens,
3282 2511 3367 2557 est
3390 2502 3636 2557 charitas

347 2597 378 2649 6
408 2595 681 2665 ἀληθινὸς,
714 2599 744 2650 6
772 2596 968 2661 σώζειν
1012 2616 1070 2652 τε
1126 2601 1221 2655 καὶ
1268 2600 1497 2671 ὠφελεῖν
1544 2603 1864 2673 δυνάμενος,
1902 2605 1937 2675 ή

2046 2610 2174 2666 erga
2225 2594 2392 2651 Deum
2438 2605 2494 2649 et
2518 2593 2745 2665 iustitia:
2792 2602 3136 2648 ornamenta.
3178 2591 3411 2648 Fructus
3445 2601 3633 2649 autem

346 2691 432 2752 είς
460 2688 593 2743 Θεὸν
620 2690 831 2763 ἀγάπη,
865 2692 960 2747 καὶ
996 2693 1069 2748 τά
1117 2693 1217 2765 τῆς
1244 2694 1590 2767 δικαιοσύνης
1622 2697 1935 2768 αὐχήματα.

2045 2690 2298 2755 mendax,
2324 2690 2537 2745 fructus
2565 2687 2861 2757 impietatis
2887 2686 3133 2757 apposite
3154 2686 3384 2757 intelligi
3422 2694 3631 2758 potest,

348 2781 578 2851 Καρπὸς
608 2782 665 2836 δὲ
696 2783 919 2854 ψευδὴς,
950 2786 979 2839 6
1005 2786 1106 2857 τῆς
1134 2787 1454 2853 δυσσεϐείας
1494 2790 1654 2843 νοοῖτ⁹
1680 2791 1748 2843 ἂν
1791 2790 1938 2843 εἰκό-

2045 2781 2115 2835 ad
2154 2780 2319 2836 linem
2348 2780 2491 2835 enim
2528 2794 2750 2850 prorsus
2776 2780 3173 2833 exsecrandum
3214 2776 3454 2834 devenit.
3496 2777 3634 2845 Quis

346 2888 487 2934 τωςο
525 2871 775 2944 καταίρει
818 2874 929 2946 γὰρ
971 2876 1191 2940 πάντως
1230 2879 1310 2942 είς
1349 2878 1500 2943 τέλος
1542 2879 1605 2933 τὸ
1644 2880 1935 2936 ἀπευκτόν.

2044 2871 2210 2943 igitur
2247 2872 2317 2927 sit
2362 2871 2572 2927 fructus
2623 2872 2878 2938 mendax,
2927 2871 3020 2941 qui
3065 2870 3196 2939 ipsis
3235 2885 3303 2925 ex
3350 2870 3634 2941 impietate

348 2963 509 3028 Ποῖος
537 2959 629 3019 οὖν
660 2967 688 3018 6
714 2965 915 3038 ψευδὴς
940 2968 1049 3039 ἄρα
1079 2969 1312 3042 καρπὸς,
1342 2972 1370 3025 6
1403 2971 1470 3024 ὲκ
1497 2970 1598 3041 τῆς
1624 2971 1940 3036 δυσσεϐείας

2044 2963 2288 3029 Oriatur,
2339 2966 2523 3021 statim
2573 2964 2833 3020 ostendit.
2882 2964 3144 3035 Adiungit
3188 2966 3376 3031 enim,
3443 2982 3464 3017 ι
3500 2966 3632 3037 quia

348 3057 537 3121 αὐτοῖς
582 3061 971 3130 γεγενημένος,
1002 3062 1319 3132 παρέδειξεν
1363 3062 1547 3127 εὐθύς.
1592 3065 1939 3135 Προσεπάγει

2045 3058 2273 3128 sperasti
2322 3058 2377 3112 in
2404 3057 2661 3112 curribus
2690 3056 2821 3120 tuis,
2875 3054 2927 3109 in
2965 3056 3314 3111 multitudine
3354 3055 3630 3111 fortitudi-

348 3149 478 3220 γὰρ,
511 3150 593 3203 ὅτι
628 3152 938 3216 ιἮλπισας
983 3154 1042 3206 ὲν
1086 3156 1202 3218 τοῖς
1245 3155 1457 3226 ἅρμασί
1508 3173 1624 3220 σου,
1656 3158 1713 3210 ὲν
1744 3157 1938 3228 πλήθει

2044 3152 2130 3207 nis
2174 3161 2299 3206 tuae.
2335 3149 2403 3205 Et
2454 3157 2751 3219 consurget
2793 3147 3035 3217 perditio
3082 3148 3136 3203 in
3191 3149 3392 3219 popqu
3431 3160 3542 3215 tuo,
3575 3158 3631 3205 et

345 3214 633 3313 δυνάμεώς
656 3259 751 3296 σου
770 3259 783 3271 ·
807 3245 904 3298 καὶ
922 3214 1353 3316 εξαναστήσεται
1376 3214 1622 3302 ἀπώλεια
1639 3250 1699 3303 ὲν
1720 3249 1799 3321 τῷ
1818 3214 1935 3321 λαῷ
1966 3231 1968 3255 ¹

2007 3219 2225 3299 ίοιιιηίἁ
2278 3252 2490 3298 nmrata
2548 3252 2637 3295 tua
2674 3241 2951 3311 peribunt.
2986 3259 3005 3292 ι
3056 3240 3173 3295 Non
3229 3242 3372 3296 enim
3418 3242 3630 3297 modice

351 3349 467 3397 esu,
498 3335 595 3387 καὶ
622 3336 801 3391 πάντα
831 3336 900 3391 τά
930 3339 1440 3410 περιτετειχισμένα
1471 3358 1564 3395 σου
1593 3341 1929 3413 οἰχήσεται.)

2042 3336 2192 3391 fuisti
2228 3335 2451 3406 impius,
2498 3334 2696 3403 inquit,
2730 3332 2858 3388 dum
2889 3333 3032 3403 ligna
3067 3347 3123 3387 et
3163 3332 3370 3401 lapides
3395 3334 3625 3398 coleres,

348 3426 758 3498 Δεδυσσέϐηκας
791 3428 894 3499 μὲν
936 3430 1046 3501 γάρ
1075 3431 1136 3484 οὐ
1170 3433 1426 3503 μετρίως,
1461 3433 1616 3503 φησὶ,
1654 3433 1831 3499 ξύλοις
1874 3452 1935 3488 τε

2041 3441 2336 3497 unumque,
2372 3437 2428 3481 et
2466 3435 2684 3493 natura,
2735 3432 2791 3480 et
2822 3439 2947 3479 vere
2985 3425 3153 3480 Deum
3187 3423 3347 3497 155
3372 3440 3631 3493 asperna-

349 3516 447 3569 καὶ
474 3514 644 3579 λίθοις
672 3514 1066 3588 λελατρευκὼς,
1097 3520 1190 3572 καὶ
1231 3519 1323 3573 τὸν
1362 3520 1461 3574 ἕνα
1514 3522 1609 3575 καὶ
1651 3523 1812 3591 φύσει
1841 3526 1937 3579 καὶ

2043 3519 2200 3576 reris.
2236 3518 2440 3574 Deinde
2478 3516 2623 3572 bello
2660 3516 3047 3587 pranuntiato,
3082 3524 3138 3570 et
3164 3516 3276 3583 jam
3310 3517 3454 3571 intra
3485 3515 3635 3571 fores

348 3605 568 3675 ἀληθῶς
596 3606 869 3675 ἀτιμάσας
902 3607 1059 3661 Θεόν.
1084 3603 1217 3663 Εἶτα
1242 3610 1337 3663 τοῦ
1364 3611 1604 3682 πολέμου
1634 3614 1939 3684 προηγγελ-

2044 3619 2317 3677 versante,
2378 3625 2484 3666 non
2533 3624 2710 3664 meam
2758 3609 2939 3679 potius
2979 3623 3137 3678 opem
3165 3606 3484 3676 ﬂagitastis;
3530 3607 3632 3663 sed

352 3698 539 3768 μένου,
573 3698 865 3771 βεϐηκότος
906 3699 964 3753 δὲ
1010 3700 1106 3753 καὶ
1142 3701 1322 3755 αὐτῶν
1353 3702 1485 3756 εἴσω
1518 3703 1720 3775 θυρῶν,
1750 3707 1809 3760 οὐ
1838 3706 1937 3777 τὴν

2044 3703 2252 3757 viribus
2281 3701 2481 3756 vestris
2516 3707 2572 3755 et
2619 3714 2846 3754 numero
2881 3714 3137 3753 curruum
3192 3699 3409 3763 conﬁsi,
3445 3701 3634 3754 hostes

348 3794 479 3862 παρ’
506 3792 641 3862 ἐμοῦ
668 3792 870 3863 μᾶλλον
900 3791 1112 3864 ἐζήτεις
1138 3794 1482 3866 ἐπικουρίαν,
1506 3796 1642 3850 ἀλλά
1664 3801 1784 3861 ταῖς
1806 3800 1938 3854 ἐαυ-

2043 3794 2409 3851 debellaturos
2442 3792 2822 3857 existimastis,
2858 3792 3015 3861 quasi
3046 3792 3240 3848 adhoc
3274 3793 3431 3848 vobis
3460 3792 3626 3846 falso-

344 3885 458 3938 τῶν
489 3884 771 3956 δυνάμεσι,
804 3886 901 3939 καὶ
945 3885 1023 3955 τῷ
1051 3885 1245 3956 πλήθει
1272 3886 1382 3941 τῶν
1407 3889 1671 3959 ἁρμάτων
1702 3890 1938 3963 ἐπεθαρ-

2043 3903 2164 3942 rum
2191 3888 2416 3940 deorum
2450 3883 2604 3939 favor
2630 3884 3001 3954 auxiliumque
3026 3884 3315 3942 suﬂiceret.
3349 3884 3449 3940 llic
3476 3884 3628 3938 vobis

346 3978 584 4048 σήσατε,
635 3977 732 4031 καὶ
778 3977 880 4049 τῆς
928 3977 1036 4031 τῶν
1088 3978 1364 4049 πολεμίων
1415 3980 1597 4051 ἰσχύος
1640 3984 1935 4054 κρατήσειν

2044 3978 2255 4033 fruetus
2313 3976 2548 4032 mendax
2606 3978 2733 4031 erit.
2800 3976 2918 4032 Erit
2983 3977 3127 4032 enim
3181 3978 3399 4047 populor
3437 3976 3624 4045 pestis.

344 4069 782 4141 ὑπελαμϐάνετε,
835 4070 1115 4142 ἀρκούσης
1164 4072 1292 4141 ὑμῖν
1340 4073 1420 4135 εἰς
1471 4072 1630 4126 τοῦτο
1676 4073 1777 4144 τῆς
1824 4074 1935 4127 τῶν

2042 4073 2235 4129 Omnis
2257 4078 2436 4126 autem
2474 4069 2703 4126 illustris
2724 4080 2779 4126 et
2800 4071 3229 4127 fortunatissima
3252 4070 3444 4125 civitas
3471 4083 3627 4123 ever-

345 4159 717 4232 ψευδωνύμων
761 4160 910 4214 Θεῶν
954 4160 1169 4231 φειδοῦς
1218 4162 1315 4217 καὶ
1359 4165 1700 4236 ἐπικουρίας.
1765 4165 1935 4221 Τοῦτο

2041 4174 2206 4220 tetur.
2241 4162 2393 4230 Quod
2421 4160 2569 4216 enim
2612 4162 2756 4219 Deus
2790 4178 2898 4220 non
2935 4160 3162 4228 stabilit,
3205 4161 3363 4232 plane
3407 4168 3628 4215 corruat

348 4256 478 4322 ὑμῖν
516 4255 803 4325 γενήσεται
842 4253 1061 4324 καρπὸς
1087 4254 1308 4326 ψευδής.
1343 4256 1536 4310 Ἔσται
1576 4258 1686 4328 γὰρ
1715 4258 1935 4331 ὄλεθρος

764 4272 803 4307 ιι
842 4253 1061 4324 καρπὸς
1087 4254 1308 4326 ψευδής.
1343 4256 1536 4310 Ἔσται
1576 4258 1686 4328 γὰρ
1715 4258 1935 4331 ὄλεθρος
2042 4272 2263 4314 necesse
2286 4267 2387 4313 est.

346 4350 493 4405 κατά
519 4350 626 4402 τῶν
661 4348 827 4403 λαῶν.
860 4350 1018 4403 Πάσά
1045 4365 1105 4402 τε
1135 4349 1366 4420 λαμπρὰ
1419 4349 1511 4404 καὶ
1562 4350 1929 4421 εὐτυχεστάττι
1970 4351 2456 4422 κατασεισθήσεται
2482 4348 2656 4414 πόλις.
2704 4350 2772 4402 Ὅ
2791 4346 2902 4419 γὰρ
2954 4347 3054 4419 οὐχ
3080 4347 3261 4400 torrat
3280 4345 3433 4411 Θεὸς,
3446 4345 3629 4416 πάντη

344 4457 404 4494 τε
455 4442 548 4495 καὶ
578 4442 795 4506 πάντως
819 4445 1090 4496 πεσεῖται.

414 4532 673 4601 Λεγέσθω
697 4534 763 4604 δὴ
790 4533 964 4588 ταῦτα
991 4535 1089 4588 καὶ
1115 4534 1252 4606 πρὸς
1279 4535 1461 4607 ήμῶν,
1489 4538 1689 4607 μᾶλλον
1709 4538 1766 4592 δὲ
1785 4539 1939 4613 παρά
1967 4544 2012 4599 Ι)

1999 4548 2012 4597 ι
2113 4538 2367 4594 Dicamus
2408 4552 2508 4592 nos
2550 4537 2667 4592 llaec
2695 4535 2880 4601 etiam,
2904 4533 3013 4587 imo
3038 4531 3179 4586 Deus
3220 4531 3305 4587 his
3328 4531 3419 4601 qui
3472 4546 3622 4587 asse-

344 4625 503 4691 Θεοῦ,
533 4629 645 4691 τοῖς
676 4627 1061 4698 προσεδρεύειν
1085 4628 1329 4683 ἐθέλουσι
1373 4632 1487 4694 τοῖς
1516 4632 1750 4696 ἀνοσίοις
1778 4634 1932 4704 αἱρε-

2036 4637 2255 4685 ctantur
2304 4628 2498 4696 impios
2557 4625 2866 4687 haereticos,
2912 4632 2968 4677 et
3024 4635 3085 4676 se
3142 4620 3311 4674 teneri
3371 4621 3628 4691 cupidine

342 4720 537 4783 τικοῐς,
570 4720 665 4772 καὶ
697 4719 968 4791 μαθητιᾷν
1002 4721 1449 4792 ὑποκρινομένοις
1480 4722 1549 4776 τὰ
1587 4725 1668 4788 είς
1700 4723 1846 4795 ζωήν
1871 4742 1933 4778 τε

2038 4720 2279 4776 discendi
2312 4720 2378 4773 ad
2407 4719 2594 4785 vitam,
2625 4726 2683 4770 et
2713 4714 3056 4785 prudentiam
3093 4710 3415 4782 pertinentia
3451 4713 3620 4767 simu-

342 4810 441 4863 καὶ
468 4809 702 4866 σύνεσιν.
732 4806 893 4867 υῦτοι
914 4812 1349 4885 παρασιωπῶσιν
1386 4813 1664 4869 ἀσέϐειαν.
1683 4815 1931 4887 Ἀνέχον-

2038 4810 2173 4865 lant.
2240 4808 2307 4863 Hi
2365 4815 2551 4862 tacent
2610 4805 2979 4875 impietatem;
3031 4819 3188 4873 atque
3244 4806 3388 4857 enim
3439 4804 3628 4858 animo

340 4922 433 4958 ται
462 4903 571 4976 γὰρ
598 4904 1028 4976 δυσφημούντων
1059 4904 1369 4969 ἀκούοντες,
1414 4905 1507 4959 καί
1546 4923 1628 4960 τοι
1670 4906 1932 4979 πλείστην

2039 4900 2429 4955 maledicentes
2475 4898 2727 4965 audiunt,
2774 4912 2897 4953 cum
2943 4910 3036 4950 eos
3084 4896 3455 4966 maximopere
3491 4912 3622 4951 con-

342 4999 475 5069 εσην
517 4997 822 5067 ὀφείλοντες
850 4997 951 5069 τὴν
982 4999 1103 5052 κατ’
1134 4998 1315 5053 αὐτῶν
1346 4998 1621 5053 ποιεῖσθαι
1648 5001 1932 5073 κατάρρη-

2037 4992 2303 5049 demnare
2353 4991 2605 5046 debeant.
2650 4989 2952 5057 Participes
3006 4988 3171 5058 igitur
3221 4997 3382 5042 erunt
3427 5002 3619 5042 eorum

340 5107 447 5143 σιν.
485 5088 788 5157 Μεθέξουσι
829 5089 894 5161 δὴ
938 5085 1031 5143 οὖν
1072 5090 1174 5160 τῆς
1214 5090 1425 5143 ἑαυτῶν
1453 5078 1806 5163 συμϐουλίας,
1838 5095 1933 5147 καὶ

2034 5085 2275 5151 consilii,
2326 5093 2382 5138 et
2436 5083 2745 5154 iniquitatis
2792 5081 3005 5135 fructus
3044 5089 3269 5134 metant.
3322 5079 3619 5135 Comedent

338 5176 468 5239 τοὺς
497 5176 598 5245 τῆς
638 5175 851 5239 ἀδικίας
882 5175 1190 5248 ὲκθεριοῦσι
1224 5178 1493 5248 καρπούς.
1524 5181 1795 5250 Φάγονται
1822 5182 1933 5253 γὰρ

2033 5177 2177 5232 enim
2217 5177 2532 5231 mendacem
2569 5175 2832 5239 fructum,
2862 5173 3105 5244 spuriam
3145 5182 3202 5227 et
3228 5172 3616 5243 explodeudam

340 5266 534 5337 ψευδῆ,
564 5267 725 5337 νόθην
753 5267 847 5321 καὶ
873 5267 1181 5339 ἀπόϐλητον
1230 5269 1511 5341 δεχόμενοι
1540 5271 1763 5340 γνῶσιν,
1790 5271 1934 5325 διδα-

2031 5266 2317 5322 scientiam
2374 5264 2763 5335 suscipientes,
2804 5263 3173 5329 docentesque
3222 5273 3508 5328 perversa,
3564 5268 3618 5314 et

340 5359 599 5430 σκόμενοί
631 5376 691 5413 τε
721 5359 793 5414 τὰ
815 5360 1245 5432 διεστραμμένα,
1274 5363 1372 5416 καὶ
1411 5363 1513 5417 ὅσα
1539 5362 1641 5435 τῆς
1674 5362 1933 5435 ἀληθείας

2031 5362 2228 5433 quibus
2257 5360 2508 5416 veritatis
2549 5356 3013 5428 pulchritudinem
3064 5352 3377 5409 adulterare
3416 5367 3616 5408 conan-

336 5452 399 5504 τδ
427 5450 624 5515 κάλλος
655 5452 1099 5524 παραχαράττειν
1137 5454 1560 5526 ὲπιχειρεῖ.⁸’οτι
1601 5456 1659 5509 δὲ
1701 5457 1796 5511 καὶ
1830 5457 1927 5510 αὐ-

2033 5464 2141 5510 tur.
2186 5451 2357 5510 Porro
2391 5462 2448 5509 et
2492 5453 2705 5509 illorum
2754 5450 3128 5508 fortitudinem
3182 5448 3293 5502 Deo
3338 5457 3618 5503 evertente

335 5540 447 5595 τῶν
491 5542 644 5594 πᾶσα
695 5544 943 5595 πεσεῖται
984 5542 1234 5613 δύναμις,
1264 5543 1399 5598 Θεοῦ
1432 5546 1922 5620 καταστρέφοντος,

2031 5560 2316 5614 casuram,
2373 5555 2429 5601 et
2485 5545 2540 5601 in
2599 5555 2808 5616 pestem
2867 5550 3036 5614 atque
3083 5538 3311 5597 exitium
3371 5538 3615 5594 abituros

336 5630 653 5702 οἰχήσονται
686 5630 746 5684 δὲ
776 5631 869 5685 καὶ
890 5632 972 5697 εἰς
1005 5631 1228 5703 ὄλεθρον
1280 5635 1378 5688 καὶ
1397 5634 1695 5694 ἀπώλειαν.
1718 5636 1836 5703 πῶς
1859 5637 1929 5693 ἂν

1041 5631 1228 5703 λεθρον
1280 5635 1378 5688 καὶ
1397 5634 1695 5694 ἀπώλειαν.
1718 5636 1836 5703 πῶς
1859 5637 1929 5693 ἂν
2034 5637 2391 5701 dubitandum
2420 5652 2527 5695 non
2561 5643 2664 5693 est.

338 5722 634 5777 ἑνδοιάσειέ
664 5740 749 5788 τις
769 5740 785 5789 ;
2412 5730 2419 5733 ⁷

410 5818 429 5849 τ
452 5817 627 5874 Exod.
658 5834 751 5887 xx,
779 5819 836 5875 5.
909 5818 1128 5877 ‘Levit.
1161 5835 1309 5892 xxvr,
1346 5822 1398 5877 l.
