4110 6368
456 325 563 383 259

1481 313 1539 369 S.
1583 311 1862 369 CYRILLI
1902 307 2375 367 ALEXANDRINI
2414 307 2738 366 ARCHIEP.

3624 309 3731 364 260

532 445 695 501 Vsus.
736 442 824 506 Η,
862 441 947 496 15.
1000 437 1148 493 Sicut
1195 433 1433 504 princeps
1472 423 1760 488 Salmanac
1787 438 1852 488 de
1890 433 2045 487 domo

2230 431 2326 498 Ὠς
2360 431 2565 500 ἅρχων
2610 430 2932 500 Σαλμανὰκ
2964 430 3033 483 ἐκ
3064 428 3172 484 τοῦ
3204 430 3375 483 οἴκου
3414 429 3521 484 τοῦ
3566 430 3738 498 Ἰερο-

413 530 424 634 ἶ
456 537 771 603 Ηίετοὺαᾳί,
822 538 879 589 in
919 533 1101 587 diebus
1146 528 1263 583 belli
1310 536 1531 582 matrem
1569 544 1727 595 super
1750 528 1891 595 ﬁlios
1933 528 2045 581 solo

454 631 655 696 allisit;
681 628 756 684 sic
789 627 987 697 faciam
1009 624 1172 689 vobis,
1199 624 1385 675 domus
1408 618 1603 685 Israel,
1631 636 1663 673 a
1692 620 1828 690 [acie
1851 619 2048 690 iniqui-

457 726 583 780 tatis
611 723 968 794 nequitiarum
996 728 1315 774 vestrarum.

526 813 766 871 CXXIII.
815 811 873 867 In
923 812 1063 865 libro
1110 808 1359 864 Judicum
1415 805 1683 866 refertur.
1742 806 2045 862 declinasse

456 905 623 961 Israel
690 911 811 973 post
866 901 1070 955 Baalim
1117 898 1426 968 aliquando.
1480 896 1601 962 Quo
1656 895 1860 952 scelere
1917 910 2043 950 cum

457 998 625 1053 Deum
673 994 1047 1057 oﬂendissent,
1087 990 1272 1045 traditi
1319 997 1446 1043 sunt
1498 988 1551 1044 in
1596 1003 1788 1043 manus
1831 985 2043 1042 Madian

456 1092 527 1146 ad
586 1089 927 1157 septennium
973 1089 1267 1157 integrum.
1311 1086 1466 1141 Adeo
1522 1093 1702 1138 autem
1750 1080 2050 1137 inclemen-

459 1190 541 1237 tes
602 1180 857 1235 dominos
906 1184 1220 1243 senserunt,
1273 1183 1335 1230 ut
1379 1174 1543 1231 etiam
1601 1183 1755 1228 antra
1804 1180 1860 1227 et
1920 1186 2049 1241 spe—

458 1274 649 1329 luncas
696 1271 1049 1335 habitarent,
1094 1277 1151 1323 et
1193 1270 1247 1324 in
1303 1282 1399 1322 eas
1448 1282 1509 1322 se
1554 1266 1851 1331 abdentes,
1905 1279 2048 1335 aegre

458 1370 626 1423 vitam
655 1372 961 1426 tuerentur,
999 1361 1354 1431 locorumque
1376 1358 1723 1415 diﬂicultates
1749 1373 1848 1428 pro
1874 1357 2047 1413 muris

459 1477 556 1518 seu
598 1457 1020 1532 propugnaculis
1064 1455 1427 1523 obiectarent,
1474 1454 1617 1523 quod
1663 1451 1897 1507 faustam
1944 1460 2048 1520 pu-

459 1568 620 1623 gnam
646 1553 867 1605 omnino
896 1550 1253 1619 desperarent
1271 1549 1315 1603 ’.
1342 1546 1704 1616 Coutlngebat
1730 1544 1893 1615 igitur
1914 1558 2047 1599 con-

458 1655 749 1701 currentes
797 1658 922 1698 cum
978 1639 1289 1695 Madianitis
1337 1638 1632 1694 crudeliter
1680 1638 1936 1699 interﬁci.
1990 1644 2049 1692 ut

459 1752 584 1790 cum
612 1736 827 1789 miseris
860 1734 1126 1788 matribus
1155 1730 1389 1787 infantes
1413 1745 1629 1802 quoque
1657 1732 1805 1785 omni
1832 1730 2043 1787 sublata

2152 524 2327 587 ϐαὰλ,
2359 525 2430 578 ἐν
2478 523 2726 593 ἡμέραις
2769 522 3038 593 πολέμου
3086 521 3309 591 μητέρα
3363 522 3462 576 ἐπὶ
3505 522 3741 588 τέκνοις

2149 618 2432 687 ἠδάρισε’
2460 618 2650 683 οὕτως
2681 616 2915 684 ποιήσω
2940 615 3102 685 ὑμῖν,
3138 616 3304 683 οἶκος
3322 616 3430 670 τοῦ
3463 614 3737 686 Ἰσραὴλ,

2149 709 2269 765 ἀπὸ
2307 709 2635 778 προσώπου
2657 709 2895 775 ἀδικίας
2922 708 3149 763 κακιῶν
3183 708 3371 779 ὑμῶν.

2221 802 2394 857 PKI".
2447 802 2537 855 Ἐν
2584 804 2651 872 τῇ
2689 801 2859 872 βίϐλῳ
2891 801 3200 873 γέγραπται
3242 801 3352 855 τῶν
3392 799 3634 871 Κριτῶν,
3665 798 3741 862 ὼς

2150 891 2389 957 ἐξέκλινε
2414 892 2513 962 μὲν
2541 893 2570 945 6
2602 891 2818 963 Ἰσραὴλ
2844 891 3022 945 ὀπίσω
3048 891 3295 961 Βααλεὶμ
3322 890 3468 944 κατὰ
3488 888 3740 959 καιρούς-

2150 983 2420 1057 Ταύτητοι
2452 983 2571 1055 Θεῷ
2604 984 3108 1056 προσκεκρούκασι.
3135 982 3536 1053 Παραδέδονται
3563 982 3619 1035 δὲ
3646 982 3742 1036 καὶ

2149 1076 2231 1139 εἰς
2260 1078 2450 1146 χεῖρας
2491 1075 2743 1145 Μαδιάμ,
2774 1075 2861 1143 ἐφ’
2886 1074 3030 1138 ὅλοις
3062 1074 3240 1126 ἔτεσιν
3265 1074 3426 1128 ἐπτά.
3444 1072 3653 1144 ’Δπηνῆ
3682 1074 3741 1127 δὲ

2148 1165 2321 1229 οὕτως
2380 1167 2835 1237 ύπομεμενήκασι
2888 1167 2988 1235 τὴν
3037 1166 3102 1219 ἐκ
3158 1166 3269 1218 τῶν
3319 1166 3741 1237 κεκρατηκότων

2150 1256 2486 1323 πλεονεξίαν,
2518 1258 2593 1321 ὡς
2622 1258 2723 1329 ἤδη
2775 1257 2871 1312 καὶ
2904 1258 3113 1329 πέτρας
3141 1259 3311 1311 οἰκεῖν
3341 1258 3436 1312 καὶ
3471 1257 3741 1322 σώζεσθαι

2151 1351 2325 1422 μόλις,
2372 1353 2429 1404 ἐν
2482 1351 2673 1414 αύταῖς
2718 1351 3174 1421 καταδυομένους,
3225 1352 3319 1404 καὶ
3373 1352 3741 1423 προτείχισμα

2147 1442 2418 1495 ποιεῖσθαι
2448 1441 2549 1506 τὰς
2580 1440 2906 1512 δυσχωρίας,
2938 1440 3027 1494 διά
3058 1458 3141 1495 τοι
3172 1440 3233 1493 τὸ
3272 1440 3549 1504 παντελῶς
3579 1442 3743 1495 άπει-

2147 1538 2270 1587 πεῖν
2314 1535 2452 1607 πρὸς
2486 1535 2689 1606 μάχην.
2723 1535 3048 1606 Συμὸέὸηκε
3088 1534 3268 1588 τοίνυν
3296 1534 3463 1606 ὠμῶς
3495 1537 3742 1607 ἀναιρεῖ-

2150 1625 2274 1679 σθαι
2313 1626 2439 1689 τοὺς
2478 1626 2851 1697 ἐμπίπτοντας
2896 1627 3010 1688 τοῖς
3056 1624 3430 1696 Μαδιηναίοις,
3462 1623 3605 1677 ὥστε
3646 1624 3742 1679 καὶ

2146 1719 2361 1782 ἀθλίαις
2391 1718 2632 1790 μητράσι
2682 1717 3087 1772 συνδιὸ).λυσθαι
3126 1718 3319 1781 τέκνα,
3351 1718 3566 1787 φειδοῦς
3604 1718 3743 1772 άπάρ

460 1825 838 1882 misericordia
867 1826 1131 1896 perirent.
1161 1824 1362 1879 Eorum
1387 1823 1663 1892 principes
1694 1832 1852 1878 erant
1880 1822 2045 1885 Orci),

2157 1829 2254 1882 σης
2283 1807 2867 1883 ἐξῃρημένης.Ἧρχον
2899 1811 2955 1864 δὲ
2984 1810 3166 1864 αὐτῶν
3195 1811 3361 1884 Ὠρήὸ
3388 1829 3449 1865 τε
3484 1812 3580 1865 καὶ
3602 1811 3738 1880 Ζὴό,

460 1928 514 1972 et
553 1918 663 1972 Zeb
687 1918 753 1981 ¹⁰,
789 1927 844 1971 et
869 1916 1066 1977 Zebee,
1112 1924 1167 1971 et
1205 1912 1549 1969 Salmana“.
1593 1913 1915 1968 Perduravit
1948 1928 2047 1964 an-

463 2020 569 2063 tem
597 2009 902 2073 calamitas,
935 2008 1107 2063 donec
1136 2021 1503 2063 aerumnosum
1533 2004 1785 2060 lsraelem
1820 2003 2049 2057 misera-

464 2113 551 2157 tus
583 2104 744 2167 Deus,
775 2102 1036 2156 excitavit
1070 2100 1404 2164 Gedeonem,
1443 2100 1534 2168 qui
1566 2106 1619 2153 et
1653 2113 1680 2149 a
1714 2106 1866 2167 patre
1900 2104 1955 2151 et
1982 2096 2050 2150 ab

463 2192 733 2263 indigenis
770 2190 877 2246 alio
925 2193 1144 2246 nomine
1187 2192 1363 2247 dictus
1415 2200 1500 2245 est
1551 2190 1862 2249 Ilierobaal.
1890 2187 2049 2258 155

462 2287 535 2341 ob
573 2301 791 2341 causam
844 2285 1172 2341 istiusmodi.
1214 2284 1348 2339 Cum
1391 2283 1440 2339 ei
1494 2282 1638 2339 Deus
1685 2298 1785 2353 per
1828 2282 2048 2337 oracula

461 2376 707 2446 angelica
755 2379 826 2430 ita
869 2377 1244 2446 praecepisset,
1291 2390 1443 2431 aram
1484 2373 1615 2429 Baal
1661 2374 1951 2439 destruxit,
1994 2382 2052 2428 et

463 2466 644 2522 lucum
694 2465 816 2537 eius
855 2466 1107 2533 succidit,
1140 2464 1328 2535 idque'
1353 2465 1494 2521 clam
1538 2475 1594 2520 et
1636 2475 1823 2521 noctu.
1855 2464 2053 2519 Incolae

461 2558 705 2630 oppiduli
735 2557 825 2614 ubi
858 2559 1036 2629 primo
1067 2556 1305 2614 diluculo
1328 2558 1504 2614 sacris
1527 2572 1626 2628 pro
1656 2573 1812 2614 more
1846 2557 2053 2613 facien-

465 2652 551 2706 dis
576 2650 643 2706 ad
682 2664 875 2705 nemus
904 2656 1316 2711 convenerunt,
1354 2648 1537 2717 ibique
1587 2646 1718 2701 Baal
1757 2654 1812 2702 et
1856 2661 2052 2701 nemus

464 2758 629 2814 super
658 2757 783 2797 eum
835 2741 1085 2811 illapsum
1128 2746 1552 2807 conspexerunt.
1612 2738 1736 2792 inde
1780 2735 2053 2793 Gedeonis

466 2838 707 2892 studium
744 2851 873 2904 erga
912 2834 1080 2890 Deum
1119 2832 1498 2902 conjicientes,
1530 2832 1707 2888 eidem
1750 2831 1915 2902 huius
1969 2829 2050 2885 rei

467 2945 688 2983 causam
740 2928 1139 2997 ascripserunt.
1187 2924 1394 2979 Deinde
1441 2932 1711 2979 convento
1742 2922 1862 2993 ejus
1901 2931 2056 2993 patre

468 3022 768 3076 dixerunt:
801 3038 821 3072 ι
857 3019 935 3073 Da
976 3016 1133 3073 nobis
1180 3015 1350 3070 tilium
1410 3025 1585 3080 tuum,
1632 3022 1692 3068 ut
1741 3012 2055 3068 occidamus

470 3131 619 3175 eum.
651 3115 778 3184 quia
813 3110 1086 3169 destruxit
1118 3108 1249 3165 Baal
1273 3110 1339 3164 ¹².
1369 3126 1389 3159 ι
1430 3108 1513 3161 Ad
1550 3108 1666 3162 haec
1702 3104 1791 3161 Ille
1819 3122 1833 3159 :
1868 3123 1888 3157 ι
1916 3102 2053 3159 Num

468 3224 590 3270 vos,
628 3205 825 3276 inquit,
858 3203 1185 3260 nlciscimini
1229 3200 1394 3256 Baal?
1422 3203 1467 3255 si
1502 3202 1643 3255 Deus
1670 3209 1778 3263 εει,
1815 3197 2052 3253 ulcisca-
2080 3173 2124 3231 ο

471 3312 560 3355 tur
597 3314 657 3355 se
699 3299 768 3354 de
802 3312 868 3353 eo
904 3298 997 3367 qui
1044 3295 1317 3351 destruxit
1355 3294 1505 3349 illum
1533 3292 1600 3345 ⁸³.
1631 3310 1650 3344 ι
1685 3289 1812 3345 lude
1854 3302 2056 3359 cogno-

472 3408 593 3447 men
623 3388 824 3444 mansit
851 3386 1091 3443 Gedeoni
1133 3385 1425 3441 Hierobaal
1457 3402 1471 3438 :
1498 3383 1642 3455 quod
1690 3389 1870 3444 sonat,
1918 3397 1937 3431 ι
1970 3378 2056 3433 ul-

470 3487 707 3539 ciscatur
755 3497 815 3537 se
864 3481 1014 3536 Baal.
1043 3499 1061 3531 ι
1123 3481 1277 3534 Sicut
1322 3478 1489 3549 igitur
1530 3475 1810 3539 Salmana,
1855 3473 2051 3542 inquit,

469 3577 888 3633 Madianitarum
919 3579 1049 3639 dux,
1086 3575 1155 3629 de
1194 3575 1354 3626 domo
1389 3570 1687 3633 Gedeonis,
1722 3567 1838 3622 sive
1870 3564 2059 3620 Hiero-

471 3671 590 3725 luaal
627 3678 859 3725 matrem
895 3684 1018 3723 cum
1051 3666 1180 3721 Illiis
1216 3666 1419 3731 allisit;
1457 3664 1648 3718 eodem
1690 3659 1849 3715 modo
1889 3660 2057 3730 Assy-

472 3765 678 3818 riorum
703 3760 809 3816 dux
852 3757 1115 3814 atrociter
1148 3765 1205 3811 et
1245 3755 1577 3817 mnnaniter,
1611 3752 1858 3821 citraque
1891 3749 2053 3803 ullam

473 3853 902 3911 misericordiam
944 3850 1085 3906 bello
1122 3864 1218 3905 vos
1249 3847 1526 3913 tractabit,
1564 3854 1901 3915 matremque
1932 3857 2055 3897 cum

472 3948 661 4003 liberis
710 3946 916 4001 allidet.
966 3942 1232 3998 Evenient
1271 3950 1453 3995 autem
1488 3938 1645 3995 vobis
1688 3939 1789 3994 ista
1834 3945 2062 4007 propter

474 4036 745 4107 nequitias
790 4045 1023 4090 vestras.
1073 4032 1234 4088 Punit
1274 4031 1421 4088 enim
1483 4045 1591 4085 non
1639 4037 1845 4084 temere
1876 4025 2061 4094 justus

466 4128 632 4199 jndex
664 4128 1043 4182 universorum
1079 4124 1265 4191 Deus;
1298 4123 1391 4179 sed
1424 4123 1469 4178 si
1510 4121 1652 4177 ultra
1686 4120 1904 4176 modum
1936 4132 2060 4174 sese

470 4218 861 4276 ull'endentium
936 4217 1137 4272 delicta
1201 4214 1584 4284 perrexerint,
1655 4221 1783 4267 tunc
1842 4211 2059 4266 demum

474 4314 647 4368 iratus
688 4326 786 4381 pro
830 4309 1082 4379 portione
1125 4305 1452 4378 supplicium
1507 4305 1734 4375 irrogat.
1785 4303 1841 4359 Si
1895 4302 2061 4375 igitur

474 4420 793 4462 aversamur
827 4405 987 4466 iram.
1034 4416 1134 4472 par
1176 4411 1261 4456 est
1297 4400 1503 4469 utique,
1541 4414 1639 4455 nos
1672 4398 1838 4454 etiam
1868 4412 2062 4468 pecca-

477 4509 588 4551 tum
641 4492 883 4550 aversari
964 4501 1023 4547 et
1096 4488 1241 4544 nolle
1293 4487 1532 4544 divinam
1605 4488 2062 4557 mitissimamque

476 4600 725 4645 naturam
761 4588 829 4642 ad
862 4586 1290 4657 indignationem
1319 4585 1469 4639 velut
1502 4596 1788 4648 exacuere,
1817 4591 1871 4637 et
1898 4579 2060 4635 forsi-

477 4690 569 4736 tan
611 4680 837 4735 invitam
866 4695 1081 4751 quoque
1117 4679 1383 4735 scelerum
1416 4677 1637 4731 diritate
1669 4677 1775 4731 huc
1816 4674 2057 4745 adigere.

478 4772 774 4828 Sciendum
799 4783 981 4827 autem
1005 4782 1442 4843 antegressorum
1467 4772 1876 4842 explanatorum
1891 4784 2059 4840 quos-

476 4866 599 4919 dam
644 4864 910 4929 scribere,
961 4878 1067 4918 non
1123 4864 1421 4932 principem
1473 4862 1890 4918 Madianitarum
1936 4859 2060 4916 Sal-

476 4972 638 5012 mana
669 4966 902 5011 matrem
930 4971 1053 5011 cum
1088 4954 1213 5011 ﬁliis
1238 4955 1469 5011 allisisse
1496 4971 1529 5011 e
1556 4955 1717 5011 domo
1743 4952 2059 5018 Hierobaal,

474 5053 591 5107 sive
622 5048 789 5106 Israel
824 5049 879 5119 (a
934 5049 1168 5106 ducibus
1219 5050 1363 5105 enim
1422 5050 1694 5105 interdum
1735 5047 2062 5103 universitas

474 5141 862 5212 signiﬁcatur),
918 5142 1012 5196 sed
1053 5150 1239 5195 contra
1288 5141 1469 5211 potius
1521 5139 1575 5193 in
1607 5138 1772 5194 domo
1806 5135 2063 5191 Salmana

474 5233 783 5288 Gedeonem
830 5233 1064 5287 allisisse
1099 5242 1327 5287 matrem
1359 5247 1485 5287 cum
1538 5230 1743 5286 liberis.
1787 5227 1893 5284 Sed
1942 5242 2065 5283 me-

478 5325 580 5380 lius
611 5334 668 5380 et
715 5325 1133 5380 convenientius
1182 5323 1369 5386 fuerit,
1416 5324 1493 5377 nti
1532 5337 1675 5389 reor,
1721 5321 1855 5377 illud
1896 5333 2064 5391 quam

478 5416 639 5472 istuc.
698 5414 854 5473 Sicut
915 5418 1061 5472 enim
1125 5426 1369 5487 tempore
1418 5417 1546 5481 illo,
1600 5431 1710 5486 quo
1769 5413 1938 5470 Israel
1993 5412 2063 5469 ad

478 5505 694 5562 Baalim
726 5508 1038 5575 declinavit,
1072 5509 1213 5578 apud
1255 5522 1348 5562 eos
1380 5506 1475 5561 lilii
1503 5521 1629 5561 cum
1662 5506 1929 5561 matribus
1966 5520 2067 5578 per

482 5615 673 5655 manus
721 5600 1154 5669 alienigenarum
1213 5600 1352 5655 allisi
1400 5608 1527 5655 sunt
1575 5617 1590 5655 :
1640 5599 1723 5656 sic
1781 5607 1837 5656 et
1887 5613 2067 5667 nunc,

557 5778 770 5835 ’Judic.
807 5795 877 5847 ιιι,
913 5779 960 5844 Ι,
991 5779 1046 5835 Ξ.
1128 5781 1170 5811 ¹⁰
1196 5778 1370 5835 Judic.
1404 5796 1497 5836 vn.
1536 5776 1629 5834 23.

2148 1904 2245 1957 καὶ
2274 1902 2461 1967 Ζεϐεὲ,
2486 1905 2580 1959 καὶ⁴
2603 1904 2887 1976 Σαλμανά.
2919 1904 3279 1975 Παρετείνετο
3304 1904 3361 1957 δὲ
3390 1903 3460 1957 τά
3480 1904 3579 1974 τῆς
3601 1921 3742 1974 συμ-

2149 2000 2322 2069 φορᾶς
2371 1998 2533 2069 ἄχρις
2579 1999 2647 2053 ἂν
2694 1998 3077 2070 κατοικτείρας
3123 1997 3255 2063 Θεὸς
3287 1996 3743 2068 ταλαιπωροῦντα

2148 2092 2240 2144 τὸν
2256 2092 2493 2164 Ἰσραὴλ.
2526 2091 2718 2164 ἤγειρε
2739 2092 2831 2147 τὸν
2852 2091 3080 2157 Γεδεὼν,
3112 2091 3171 2157 ὃς
3195 2093 3292 2145 καὶ
3322 2092 3743 2163 μετωνόμασται

2150 2188 2305 2258 παρά
2347 2205 2410 2242 τε
2455 2188 2551 2242 τοῦ
2595 2188 2801 2261 πατρὸς
2850 2188 2944 2241 καὶ
2987 2186 3098 2243 τῶν
3147 2187 3430 2260 ἐγχωρίων
3464 2187 3741 2257 Ίεροϐάαλ

2149 2279 2217 2333 δι’
2243 2280 2424 2334 αἰτίαν
2465 2279 2744 2349 τοιαύτην.
2791 2280 3114 2350 Χρήσαντος
3162 2279 3263 2350 μὲν
3307 2278 3416 2351 γὰρ
3455 2278 3605 2348 αὐτῷ
3641 2277 3740 2331 τοῦ

2150 2370 2287 2424 Θεοῦ
2339 2370 2428 2425 διὰ
2479 2371 2665 2443 φωνῆς
2711 2371 2968 2441 ἀγγέλου,
3004 2370 3221 2425 καθεῖλε
3267 2370 3369 2441 τὴν
3412 2370 3610 2441 στήλην
3644 2368 3740 2423 τοῦ

2152 2463 2323 2527 Βάαλ,
2367 2464 2465 2518 καὶ
2490 2465 2553 2519 τὸ
2582 2464 2747 2528 ἄλσος
2772 2463 2936 2517 αὑτοῦ
2967 2462 3190 2533 ἐξέκοψε
3217 2462 3517 2534 λεληθότως
3544 2461 3641 2515 καὶ
3682 2463 3743 2515 ἐν

2152 2556 2328 2611 νυκτί.
2348 2557 2565 2628 Ἐπειδὴ
2599 2557 2656 2610 δέ
2683 2558 2733 2610 οἰ
2769 2559 2869 2628 τῆς
2910 2557 3173 2627 πολίχνης
3214 2557 3499 2628 οἰκήτορες
3524 2556 3594 2609 τὰ
3618 2572 3747 2609 συν-

2152 2649 2262 2722 ήθη
2289 2648 2627 2721 πληροῦντες
2654 2649 2759 2703 ύπὸ
2785 2650 2886 2721 τὴν
2928 2648 3003 2703 ἐω
3036 2647 3450 2714 σπουδάζοντες,
3487 2647 3745 2719 παρῆσαν

2153 2744 2212 2797 ἐν
2258 2743 2338 2815 τῷ
2392 2742 2632 2815 τεμένει,
2659 2744 2755 2797 καὶ
2806 2742 3250 2815 κατερῤιμμένον
3314 2741 3598 2795 τεθέανται
3649 2741 3746 2795 τὸν

2156 2833 2329 2894 Βάαλ.
2368 2835 2463 2889 καὶ
2507 2833 2600 2888 τὸν
2645 2834 2852 2905 δρυμὸν
2882 2836 2967 2887 ἐπ’
2998 2833 3147 2905 αὐτῷ
3202 2834 3555 2898 πεπτωκότα,
3607 2852 3745 2888 κατ-

2154 2926 2510 2997 εστοχάζοντο
2532 2929 2633 2998 τῆς
2655 2926 2751 2981 τοῦ
2776 2927 2984 2981 Γεδεὼν
3016 2928 3118 2999 ἤδη
3154 2927 3452 2998 φιλοθεῖας,
3477 2928 3570 2982 καί
3594 2927 3747 2999 αύτῷ

2153 3016 2249 3073 τοῦ
2294 3018 2622 3090 πράγματος
2666 3017 2984 3090 ἐπέγραφον
3016 3020 3115 3083 τάς
3148 3016 3349 3083 αἰτίας.
3384 3016 3518 3073 Εἶτα
3569 3036 3746 3092 προσ-

2155 3110 2330 3182 ῄεσαν
2360 3110 2437 3181 τῷ
2469 3111 2658 3183 πατρὶ,
2696 3110 2946 3179 λέγοντες
2968 3126 2983 3142 ο
3024 3129 3044 3163 ι
3073 3111 3173 3174 Δὸς
3204 3110 3298 3164 τὸν
3351 3111 3471 3165 υἱόν
3513 3129 3629 3177 σου,
3658 3112 3751 3166 ἶνα

2154 3202 2570 3272 ἀποκτείνωμεν
2614 3201 2800 3265 αὑτὸν,
2834 3202 2916 3255 ὅτι
2963 3201 3180 3257 καθεῖλε
3216 3202 3309 3255 τὸν
3348 3202 3517 3257 Βάαλ.
3552 3223 3570 3254 ι
3601 3204 3751 3275 Πρὸς

2154 3291 2329 3347 ταῦτα
2378 3294 2620 3357 ἐκεῖνος·
2680 3312 2701 3347 ι
2731 3293 2823 3365 Μὴ
2869 3295 3048 3365 ὑμεῖς,
3080 3295 3267 3367 φησιν,
3297 3296 3612 3366 ἐκδικήσετε
3654 3297 3753 3351 τὸν

2156 3384 2339 3451 Βάαλ;
2389 3386 2439 3439 εί
2479 3387 2613 3450 θεός
2643 3386 2783 3454 ἐστι,
2810 3387 3130 3443 δικασάοθω
3158 3389 3296 3461 πρὸς
3329 3389 3419 3443 τὸν
3446 3390 3747 3444 καθελόντα

2155 3479 2341 3534 αὐτόν.
2374 3499 2392 3532 ι
2440 3479 2754 3535 Κάντεῦθεν
2814 3480 3020 3536 Γεδεὼν
3082 3484 3498 3555 μετωνόμασται
3561 3485 3757 3539 λοιπὸν

2167 3570 2468 3642 Ὶεροόάαλ,
2503 3571 2531 3625 ὃ
2560 3571 2999 3644 διερμηνεύεται,
3042 3594 3061 3627 ι
3092 3576 3418 3630 Δικασάσθω
3456 3579 3486 3631 ό
3517 3578 3685 3633 Βάαλ.
3723 3599 3745 3631 ε

2158 3660 2375 3732 ’Ὠσπερ
2408 3658 2522 3724 οὖν,
2549 3663 2737 3731 φησὶν,
2764 3665 2794 3717 6
2818 3663 3077 3734 Σαλμανά
3103 3668 3204 3737 τῆς
3233 3666 3583 3738 Μαδιηναίων
3608 3668 3744 3739 πλη.

2157 3753 2286 3818 θύος
2309 3756 2339 3808 6
2365 3754 2799 3826 καθηγούμενος,
2833 3758 2896 3810 ἐκ
2930 3756 3024 3810 τοῦ
3056 3759 3206 3812 οίκου
3242 3758 3468 3826 Γεδεὼν,
3498 3764 3617 3833 ἦτοι
3651 3758 3751 3815 τοῦ

2170 3848 2448 3919 Ἱεροσάαλ
2495 3849 2706 3920 μητέρα
2750 3850 2844 3903 ἐπὶ
2891 3851 3103 3916 τέκνοις
3143 3852 3404 3923 ὴδάφισε,
3448 3856 3544 3909 τὸν
3583 3857 3755 3911 αὐτὸν

2157 3941 2371 3995 τουτονὶ
2398 3944 2602 4013 τρόπον
2632 3941 2741 3994 τῶν
2777 3942 3076 4013 Ἀσσυρίων
3127 3946 3155 3999 6
3207 3946 3512 4016 στρατηγὸς
3554 3947 3747 4018 ὠμῶς,

2158 4034 2254 4089 κα)⁵
2291 4034 2698 4106 ἀπανθρώπως,
2726 4038 2821 4089 καὶ
2850 4037 3139 4107 οἰκτιρμοῦ
3171 4038 3377 4103 παντὸς
3397 4038 3518 4111 δίχα
3546 4043 3754 4113 χρήσε-

2159 4145 2249 4183 ται
2301 4128 2523 4201 πολέμῳ
2572 4129 2651 4201 τῷ
2705 4128 2829 4182 καθ’
2855 4128 3029 4200 ὑμῶν,
3058 4131 3150 4185 καὶ
3176 4131 3390 4206 μητέρα
3417 4133 3514 4187 σὺν
3538 4136 3755 4201 τέκνοις

2161 4220 2391 4290 ἐδαφιεῖ.
2409 4222 2481 4274 Συ
2489 4220 2597 4294 μόή
2606 4237 2759 4275 σεται
2779 4221 2836 4275 δὲ
2854 4224 3013 4278 ταυτὶ
3034 4223 3125 4278 διά
3143 4240 3206 4292 γε
3228 4223 3329 4290 τὰς
3349 4224 3501 4295 ὑμῶν
3525 4227 3750 4291 κακίας.

2162 4311 2397 4375 Κολάζει
2422 4312 2533 4383 γὰρ
2557 4313 2619 4367 οὺ
2649 4312 2847 4385 μάτην,
2876 4314 3071 4386 κριτὴς
3092 4314 3168 4369 ὢν
3195 4316 3404 4381 δίκαιος
3432 4320 3461 4371 6
3482 4318 3590 4371 τῶν
3612 4319 3754 4372 ὅλων

2162 4404 2313 4468 Θεός.
2332 4404 2472 4458 Ἀλλ’
2500 4406 2549 4458 εἰ
2577 4404 2877 4459 ἐκτείνοντο
2909 4406 3095 4461 λοιπὸν
3143 4408 3224 4471 εἰς
3257 4409 3318 4462 τὸ
3360 4409 3618 4463 ἐπέκεινα
3649 4411 3752 4481 μέ-

2163 4514 2292 4568 τρον
2310 4498 2378 4551 τὰ
2403 4496 2510 4550 τῶν
2541 4499 3065 4569 προσκεκρουκότων
3102 4500 3251 4572 αύτῷ
3278 4500 3749 4575 πλημμελήματα,

2165 4588 2287 4643 τότε
2332 4588 2611 4653 ἀναλόγως
2654 4590 2907 4660 ἐπιφέρει
2938 4590 3006 4644 τά
3048 4589 3109 4656 ἐξ
3136 4592 3324 4663 όργῆς.
3362 4590 3425 4648 Εἰ
3459 4595 3523 4667 δὴ
3554 4613 3756 4668 παραι-

2165 4680 2395 4752 τοίμεθα
2443 4682 2533 4735 τὸν
2579 4680 2773 4753 θυμὸν,
2822 4684 3188 4754 παραιτητέον
3238 4680 3297 4739 εὖ
3349 4686 3492 4756 μάλα
3540 4689 3635 4742 καὶ
3690 4689 3756 4743 τὸ

2168 4772 2532 4843 πλημμελεῖν,
2568 4774 2663 4826 καὶ
2689 4774 2751 4827 τὸ
2781 4775 2944 4829 οἱονεὶ
2969 4776 3303 4849 καταθήγειν
3332 4780 3415 4843 είς
3438 4780 3755 4853 ἀγανάκτη-

2170 4880 2255 4916 σιν
2278 4861 2378 4934 τὴν
2408 4862 2557 4916 θείαν
2576 4880 2636 4916 τε
2678 4863 2774 4917 καὶ
2800 4865 3167 4938 ἡμερωτάτην
3191 4867 3376 4937 φύσιν,
3402 4870 3545 4940 τάχα
3568 4871 3625 4924 δέ
3646 4889 3754 4926 που

2167 4955 2263 5011 καὶ
2306 4956 2407 5026 οὐχ
2452 4955 2685 5010 ἑκοῦσαν
2730 4957 2813 5021 είς
2841 4957 3001 5012 τοῦτο
3026 4960 3461 5026 καταϐιάζεσθαι
3495 4966 3615 5027 ταῖς
3645 4965 3758 5018 τῶν

2167 5048 2529 5119 πταισμάτων
2567 5049 3131 5121 ύπερὸολαῖς.’1στέον
3173 5052 3251 5116 δέ,
3292 5054 3376 5107 ὅτι
3407 5054 3518 5108 τῶν
3547 5058 3757 5127 προλα-

2168 5141 2373 5194 ϐόντων
2409 5140 2689 5213 ἐξηγητῶν
2710 5159 2875 5210 τινες,
2906 5143 2968 5196 οὐ
2999 5147 3091 5197 τὸν
3131 5144 3241 5199 τῶν
3270 5144 3623 5216 Μαδιηναίων
3652 5148 3757 5219 ἄρ-

2170 5250 2336 5305 χοντα
2363 5233 2624 5305 Σαλμανὰ
2649 5232 2863 5306 μητέρα
2908 5235 3002 5287 ἐπὶ
3044 5234 3257 5299 τέκνοις
3284 5234 3539 5305 ἐδαφίσαι
3567 5238 3757 5306 φασὶν,

2173 5327 2239 5380 ἐκ
2269 5324 2365 5380 τοῦ
2412 5326 2561 5380 οἴκου
2596 5324 2895 5397 Ἰεροὸάαλ,
2928 5325 3049 5397 ἦτοι
3076 5325 3171 5380 τοῦ
3204 5327 3423 5398 Ἰσραὴλ
3468 5326 3619 5400 (ἀπὸ
3648 5329 3758 5400 γὰρ

2169 5419 2277 5472 τῶν
2305 5418 2628 5489 ἡγουμένων
2651 5417 2714 5471 τὸ
2745 5416 2968 5488 σύμπαν
2992 5418 3103 5471 ἔσθ’
3120 5419 3209 5472 ὅτε
3237 5421 3759 5491 κατασημαίνεται)ο

2171 5511 2308 5565 ἀλλὰ
2338 5510 2537 5581 μᾶλλον
2568 5512 2627 5563 ἐν
2660 5509 2741 5582 τῷ
2762 5512 2895 5583 οῖκῳ
2924 5511 3185 5582 Σαλμανὰ
3218 5510 3312 5566 τὸν
3335 5512 3544 5568 Γεδεὼν
3567 5513 3758 5581 ἐδαφι-

2175 5619 2263 5656 σαι
2292 5602 2504 5675 μητέρα
2531 5603 2624 5657 ἐπὶ
2644 5603 2874 5668 τέκνοις.
2894 5603 3035 5658 Ἀλλ’
3058 5601 3211 5676 οἶμαι
3239 5607 3508 5678 κρεῖττον,
3538 5605 3632 5659 καὶ
3659 5604 3761 5679 τὴν

1710 5781 1749 5811 ¹¹
1779 5777 1960 5836 Judic.
1991 5794 2115 5851 vut,
2174 5781 2228 5837 5.
2306 5780 2350 5812 ¹³
2374 5779 2548 5838 Judic.
2584 5798 2659 5849 vt,
2694 5781 2783 5837 '50.
2866 5782 2911 5815 ⁸³
2938 5782 3069 5839 ibid.
3097 5783 3186 5838 59.
