4110 6368
434 334 534 391 961
1354 341 1907 402 COMMENTARIUS
1943 344 2013 401 IN
2052 344 2287 405 OSEAM
2330 346 2752 406 PROPIlE'l'AM
3595 353 3703 411 26:2.

435 449 545 504 ἀπὸ
566 447 661 503 τοῦ
691 447 995 520 πρέποντος
1018 451 1340 525 ἐπικουρίαν
1366 455 1490 529 ἔχον
1515 459 1581 513 ἂν
1602 460 1688 531 εἴη
1721 461 1841 532 οὐχὶ
1869 460 2005 514 toﬁs

2130 474 2411 535 postquam
2441 467 2508 520 ad
2552 464 2912 519 idololatriam
2949 463 3169 522 deﬂexit
3206 464 3488 538 Ephraim,
3526 467 3704 525 denuo

438 542 657 613 μᾶλλον,
696 542 839 597 ἀλλὰ
869 542 930 596 τὸ
962 543 1389 620 ἕτερον.Ὤσπερ
1418 550 1528 622 γάρ
1573 555 1690 607 κατ’
1724 554 1899 606 ἐκεῖνο
1926 553 2005 606 τοί

2130 569 2231 625 per
2266 569 2461 611 manus
2506 556 2887 624 barbarorum,
2920 557 3022 611 hoc
3071 567 3155 613 est
3188 559 3563 631 Assyriorum,
3591 564 3702 617 nati

436 630 651 705 καιροῦ,
674 633 799 688 καθ’
820 633 881 687 ὄν
906 636 1271 706 προσκέκλιτο
1300 642 1415 704 τοῖς
1449 642 1691 714 Βαλαείμ
1719 647 1747 697 6
1783 645 2005 716 Ἰσραὴλ,

2129 660 2253 699 cum
2289 647 2555 701 matribus
2585 646 2894 702 allideutur.
2926 649 3064 704 Puto
3111 630 3368 721 itaquesi
3403 653 3703 708 secundum

432 721 813 792 ὴδαιρίσθησαν
862 726 993 794 παρ’
1024 726 1209 789 αὐτοῖς
1255 727 1325 782 τά
1368 730 1535 784 τέκνα
1567 734 1839 803 μητράσιν
1881 736 2005 804 ὁμοί

2129 748 2349 789 sensum
2384 736 2549 790 verba
2597 738 2825 793 recitata
2884 740 3272 811 intelligamus,
3321 744 3462 812 quod
3508 745 3707 799 dicitur

431 810 520 865 διά
558 812 739 887 χειρὸς
792 814 1124 884 ἀλλοφύλων,
1164 818 1308 873 οὕτω
1340 824 1436 877 καὶ
1483 822 1581 876 νῦν
1621 826 2005 891 ἀπονεύσαντος

2127 826 2464 896 probabilius
2497 829 2633 892 fore,
2670 839 2724 884 et
2767 832 3182 888 similitudinem
3229 810 3409 889 rerum
3438 844 3702 901 veterum,

432 905 515 967 εἰς
542 905 958 979 εἰδωλολατρίαν
998 910 1093 963 τοῦ
1136 912 1396 984 Ἐφραῒμ,
1437 915 1885 989 ὲδαφισθήσονται
1911 921 2005 973 πά-

2127 931 2185 975 ut
2212 936 2277 974 ex
2307 921 2560 992 imagine,
2595 923 2647 977 in
2679 926 3079 981 recentioribus
3108 929 3280 996 magis
3308 930 3703 998 apparitnram.

431 995 517 1048 λιν
551 997 638 1048 διὰ
680 998 863 1069 χειρὸς
934 1001 1259 1074 Βαρὸἀρων,
1292 1007 1539 1060 τουτέστι
1567 1008 1678 1062 τῶν
1733 1010 2055 1083 Ἀσσυρίων,
2081 1012 2216 1085 ὁμοῦ
2243 1015 2363 1077 ταῖς
2392 1014 2694 1080 τεκούσαις
2723 1019 2793 1071 τά
2818 995 3220 1089 γεγεννημέναι
3259 995 3429 1091 Οἶμαι
3479 1021 3543 1091 δὴ
3582 1017 3697 1087 οὖν,

433 1087 516 1140 ὅτι
543 1089 603 1140 τὸ
633 1090 861 1144 πιθανὸν
884 1092 913 1143 6
939 1091 1117 1160 λόγος,
1158 1096 1254 1149 καὶ
1297 1096 1397 1169 τὴν
1444 1100 1743 1172 ὁμοιότητα
1768 1104 1867 1175 τὴν
1890 1105 1967 1163 ὡς
1997 1104 2058 1170 ἐξ
2084 1106 2290 1169 εἰκόνος
2326 1106 2426 1174 τῆς
2448 1107 2688 1179 ἀρχαίας
2713 1110 2807 1163 ἐπὶ
2827 1112 2897 1164 τὰ
2922 1087 3164 1182 νεώτερα
3184 1087 3441 1166 διασώσει
3474 1087 3699 1183 μάλλον,

435 1182 485 1234 εἰ
516 1183 638 1253 τῇδε
668 1186 840 1237 νοοῖτο
864 1184 972 1239 τῶν
1001 1188 1378 1260 προκειμένων
1401 1194 1435 1261 ἠ
1467 1192 1726 1264 δύναμις.

1029 1324 1280 1380 ΚΕΦΑΛ.
1323 1327 1424 1381 IA'.

506 1431 761 1499 Ὅρθρου
828 1435 1266 1506 ἀπερῤίωησαν.
1327 1442 1637 1514 Ἀπερῤἰφη
1712 1445 2013 1513 βασιλεὺς

444 1520 717 1589 Ἰσραήλ.

501 1637 674 1691 PKA'.
715 1638 778 1690 υἰ
818 1637 996 1693 λοιποὶ
1040 1643 1201 1696 πάλιν
1249 1644 1606 1717 ἐρμηνευταί,
1641 1649 1736 1703 καὶ
1780 1651 1887 1721 μὴν
1914 1652 2010 1705 καί¹

428 1724 539 1777 τῶν
553 1724 816 1797 Ἑϐραίων
835 1732 868 1799 ὴ
886 1730 1204 1804 Συγγραφὴ,
1226 1734 1306 1800 τὺ,
1319 1754 1338 1787 ι
1381 1737 1472 1800 Ὧς
1490 1738 1683 1810 ὄρθρος
1700 1743 2011 1815 ἀπερρίφη-

2681 1339 2839 1411 156
2863 1339 3012 1393 CAP.
3061 1338 3149 1393 XI.

2190 1450 2353 1504 VEBS.
2395 1450 2445 1505 l.
2486 1453 2642 1505 Mane
2690 1453 2912 1521 projecti
2962 1464 3101 1507 sunt.
3161 1452 3437 1523 Prajeclus
3486 1465 3560 1507 est
3606 1471 3699 1511 rex

2117 1540 2308 1597 Israel.

2184 1650 2416 1707 CXXIV.
2473 1649 2710 1706 Rursum
2743 1650 2927 1705 caeteri
2964 1654 3310 1722 interpretes,
3342 1654 3471 1723 quin
3501 1664 3555 1711 et
3592 1654 3698 1711 He-

2121 1742 2265 1797 braea
2326 1743 2608 1812 Scriptura
2664 1742 2952 1798 manifeste
3005 1744 3229 1812 habent,
3297 1747 3485 1801 «sicut
3538 1762 3698 1803 mane

433 1831 555 1878 σαν,
578 1834 596 1867 ι
615 1816 898 1887 εἰρήκασιν
923 1821 1188 1891 ἐναργῶς,
1218 1824 1301 1888 τὸ,
1325 1821 1437 1879 οἷον
1455 1826 1529 1892 ὡς
1546 1830 1604 1882 ὲν
1629 1830 1795 1902 ὀλίγῳ
1824 1834 2005 1907 κομιδῇ

2125 1835 2371 1905 projecti,
2402 1854 2421 1889 ι
2456 1850 2563 1904 quo
2603 1835 2914 1903 signiﬁcant
2953 1840 3132 1905 quasi,
3169 1839 3366 1906 exiguo
3404 1839 3695 1895 admodum

432 1906 629 1978 καιρῷ,
654 1908 841 1978 ἡγουν,
869 1911 1037 1978 ὀξέως
1068 1915 1161 1967 καί
1185 1916 1452 1990 ἀμελλητὶ
1479 1921 1578 1991 τῆς
1606 1924 1742 1994 πρὸς
1777 1924 1909 1979 Θεὸν
1930 1906 2010 1980 oi;

431 1998 710 2070 κειότητος
754 2002 1218 2060 ἀποπεπτωκέναι
1265 2009 1355 2064 τὸν
1388 2010 1602 2083 Ἰσραὴλ
1627 2053 1644 2079 ,
1691 2014 1781 2069 διὰ
1823 2018 2010 2075 τούτου

432 2094 811 2163 σημαίνοντες.
846 2098 1062 2169 Βραχὺς
1106 2102 1163 2154 δὲ
1199 2101 1340 2166 λίαν.
1366 2104 1396 2155 ό
1431 2105 1526 2159 τοῦ
1556 2107 1752 2179 ὄρθρου
1782 2112 1971 2182 καιρός
1992 2130 2007 2145 ο

428 2180 547 2252 ἅμα
574 2201 636 2237 τε
664 2186 775 2258 γὰρ
805 2187 1031 2258 ἄρχεται
1060 2190 1401 2264 διαυγασμοῦ
1427 2197 1525 2268 τῆς
1552 2198 1767 2269 ἡμέρας
1787 2202 1849 2255 τὸ
1873 2180 2008 2270 ίρῶς,

428 2276 525 2330 καὶ
550 2276 643 2330 τὸν
668 2277 866 2351 ὄρθρον
899 2282 1191 2352 ἐργάζεται
1211 2302 1226 2317 °
1252 2286 1581 2359 ἀνασχόντος
1606 2308 1669 2360 γε
1702 2294 2007 2364 μὴνιήλίου,

427 2368 525 2421 καί
562 2369 786 2440 πρώτην
810 2372 1007 2427 ἀκτῖνα
1047 2376 1396 2448 προχέοντος,
1432 2379 1650 2437 λέλυται
1702 2386 1796 2438 καὶ
1836 2386 2012 2459 διελή-

426 2457 615 2514 λακεν.
658 2461 868 2517 Οὐκοῦν
913 2463 989 2528 ὡς
1039 2466 1255 2538 ὄρθρος,
1283 2469 1583 2536 τουτέστιν,
1609 2475 1667 2526 ἐν
1710 2475 1876 2546 ὀλίγῳ
1915 2457 2011 2531 καὶ

428 2548 646 2620 βραχεῖ,
675 2552 769 2604 καὶ
806 2553 1001 2624 κομιδῇ
1033 2556 1451 2629 συνεσταλμένῳ
1477 2560 1671 2631 καιρῷ,
1695 2566 1809 2627 τοῖς
1844 2566 2010 2636 ἡγου-

427 2640 616 2709 μένοις
647 2640 785 2713 ὁμοῦ
814 2645 1400 2717 συναπερῤίφησαν.“Η
1428 2652 1534 2723 γὰρ
1566 2653 1738 2719 οὕτως
1781 2658 2011 2728 συνήσο-

428 2746 552 2800 μεν,
580 2730 613 2801 ἢ
653 2731 774 2785 καθ’
798 2732 983 2804 ἕτερον
1029 2736 1230 2806 τρόπον
1286 2741 1871 2814 μεταληψόμεθα.”οτε
1900 2749 2010 2820 γὰρ

424 2822 537 2883 τοῖς
568 2820 927 2892 ἀνθρωπίνοις
955 2827 1286 2899 πταίσμασιν
1321 2830 1472 2886 οὔπω
1508 2835 1609 2899 τὰς
1636 2836 1788 2901 δίκας
1821 2839 2012 2909 ἐπιφέ-

426 2930 513 2986 ρει
562 2912 780 2985 Θεὺς,ἢ
836 2920 1187 2991 μακροτέραν
1237 2926 1473 2979 ποιεῖται
1517 2928 1618 2997 τῆς
1662 2929 2009 2997 ἀνεξικακίας

422 3002 525 3076 τὴν
565 3005 893 3077 παράτασιν,
922 3008 981 3061 τὸ
1005 3011 1233 3077 ἀπεικὸς
1259 3016 1433 3081 οὐδὲν,
1463 3020 1579 3082 τοῖς
1605 3020 1664 3072 ἐν
1692 3022 1847 3075 νυκτί
1878 3023 2010 3077 καθ-

423 3095 638 3150 εύδουσι
688 3101 1045 3170 παρεικάζειν
1090 3104 1274 3160 αὐτόν.
1321 3109 1432 3162 Καὶ
1472 3111 1603 3180 γοῦν
1650 3114 1700 3166 οἰ
1751 3117 2007 3185 μακάριοι

2117 1933 2382 1994 tempore,
2426 1926 2543 1980 sive
2578 1926 2855 1992 celeriter,
2908 1926 3156 1996 citraque
3202 1943 3408 1982 moram
3440 1928 3694 1985 lsraelem

2115 2017 2207 2071 Dei
2242 2016 2482 2070 amicitia
2513 2017 2785 2072 excidisse
2813 2036 2827 2071 :
2860 2028 2944 2073 est
2972 2020 3171 2087 quippe
3206 2020 3497 2075 admodum
3531 2023 3696 2077 breve

2114 2109 2438 2161 matutinum
2503 2116 2736 2177 tempus.
2793 2107 2968 2163 Simul
3020 2110 3165 2164 enim
3215 2111 3465 2165 diurnum
3512 2112 3692 2168 lumen

2114 2198 2421 2254 illuminare
2462 2200 2693 2267 incipit,
2756 2214 2915 2255 mane
2963 2211 3147 2265 creat;
3179 2202 3459 2257 exoriente
3511 2198 3692 2258 atttem

2112 2290 2246 2357 sole,
2289 2298 2344 2345 et
2388 2293 2592 2361 primos
2640 2292 2822 2347 radios
2847 2291 3150 2361 iaculante,
3204 2309 3325 2348 mox
3376 2297 3596 2361 desinit,
3635 2306 3694 2352 et

2112 2383 2369 2451 praeterit.
2424 2383 2591 2453 Igitur
2640 2391 2700 2437 ut
2762 2399 2940 2450 mane,
2998 2385 3050 2437 id
3107 2396 3211 2447 est,
3263 2386 3317 2438 in
3363 2387 3594 2453 modico,
3636 2396 3695 2442 et

2112 2474 2285 2537 brevi,
2335 2482 2392 2528 et
2447 2474 2794 2528 vehementer
2843 2486 3074 2541 angusto
3126 2486 3369 2545 tempore
3414 2492 3517 2530 una
3567 2493 3691 2532 cum

2110 2564 2446 2635 principibus
2492 2564 2717 2634 projecti
2765 2574 2913 2619 sunt.
2955 2565 3063 2618 Aut
3108 2566 3252 2619 enim
3298 2567 3378 2621 sic
3428 2566 3693 2635 intellige-

2111 2671 2263 2720 mus,
2318 2664 2412 2709 aut
2467 2655 2576 2708 alio
2628 2670 2789 2711 sensu
2845 2657 3197 2727 accipiemus.
3257 2657 3484 2725 Quando
3544 2664 3689 2715 enim

2109 2748 2326 2818 ﬂagitiis
2364 2748 2617 2803 humanis
2666 2750 2905 2802 nondum
2954 2763 3144 2818 pceuas
3179 2750 3346 2804 infert
3389 2749 3548 2815 Deus,
3598 2764 3691 2806 aut

2111 2839 2454 2894 tolerantiam
2508 2838 2722 2910 longius
2764 2841 3032 2909 producit,
3083 2842 3217 2896 nihil
3261 2843 3424 2898 habet
3466 2844 3686 2899 absurdi

2110 2942 2277 2985 noctu
2309 2931 2704 2986 dormientibus
2732 2931 2907 3002 ipsum
2939 2933 3267 3003 comparari.
3324 2933 3688 3000 Quamobrem

2108 3022 2250 3077 beati
2282 3021 2562 3092 prophetae
2594 3023 2927 3077 multimodis
2953 3024 3349 3090 clamaverunt,
3384 3028 3485 3082 hoc
3510 3028 3685 3097 ipsum

2109 3114 2263 3169 nobis
2298 3114 2688 3183 significantes.
2727 3112 2993 3171 Jeremias
3031 3117 3173 3171 enim
3207 3119 3685 3187 sapientissimus:

423 3188 705 3280 προφῆται
757 3192 1155 3266 διακεκράγασι
1202 3199 1558 3274 πολυτρόπως
1591 3206 1742 3276 ἡμῖν,
1771 3208 1904 3261 αὐτὸ
1945 3209 2005 3280 δὴ

2117 3223 2136 3257 ι
2173 3203 2449 3275 Numquid
2481 3222 2587 3259 non
2620 3207 2750 3272 eris,
2796 3206 2991 3276 inquit,
3026 3208 3166 3262 sicut
3191 3211 3351 3263 homo
3386 3211 3685 3277 dormiens,

422 3277 582 3332 τοῦτο
612 3286 1137 3355 κατασημαίνοντες.
1155 3289 1423 3362 Ἱερεμίας
1455 3295 1553 3362 μὲν
1576 3296 1684 3368 γὰρ
1707 3297 1736 3349 6
1761 3277 2004 3367 σοφώταέ

420 3384 534 3460 τος,
570 3389 591 3423 ι
616 3372 709 3444 Μὴ
733 3372 853 3446 ἔσῃ,
884 3378 1069 3448 φησὶν,
1096 3378 1285 3453 ὥσπερ
1314 3383 1601 3456 ἄνθρωπος
1636 3388 1839 3454 ὑπνῶν,
1867 3390 1900 3460 ἢ
1928 3391 2004 3454 ὡς

420 3459 562 3553 ἀνὴρ
586 3462 648 3515 οὐ
678 3464 975 3537 δυνάμενος
1009 3468 1230 3538 σώζεινς
1262 3492 1281 3525 ι
1302 3475 1359 3529 '0
1379 3476 1438 3529 δέ
1466 3494 1532 3545 γε
1566 3480 1852 3546 θεσπέσιος
1878 3482 2006 3553 μελ-

416 3552 574 3623 ῳδὸς,
616 3556 748 3610 ποτὲ
802 3558 923 3623 μὲν,
979 3562 1167 3632 φησὶν,
1212 3566 1292 3620 ὅτι
1339 3568 1750 3641 (Ἐξεγέρθητι,
1817 3552 1908 3629 ἵνα
1951 3575 2004 3628 τί

421 3643 612 3708 ὕπνοῖς
637 3645 842 3717 Κύριες
878 3651 1165 3724 ἀνάστηθι,
1207 3658 1302 3709 καὶ
1331 3659 1407 3730 μὴ
1439 3660 1634 3733 ἀπώσῃ
1667 3666 1748 3727 εἰς
1770 3666 1950 3729 τέλος·
1978 3685 1996 3718 ι

420 3736 554 3828 ποτὲ
593 3736 649 3791 δὲ
676 3734 742 3828 αὖ
767 3739 1190 3815 διεγηγερμένον
1220 3747 1431 3817 βλέπων
1458 3754 1538 3816 εἰς
1567 3754 1886 3828 ἐπικουρίαν
1916 3775 1999 3812 τι-

420 3826 549 3918 νῶν,
583 3847 601 3878 ι
624 3827 947 3918 Ἐξηγέρθη,
980 3852 998 3884 ι
1034 3838 1220 3906 φησὶν,
1250 3857 1269 3890 ι
1300 3839 1377 3903 ὡς
1403 3842 1432 3894 ὁ
1465 3842 1665 3910 ὑπνῶν,
1704 3826 1941 3918 Κύριος·
1975 3867 1993 3900 ι

418 3914 613 3988 ὄρθρον
635 3917 699 3989 δὴ
721 3915 815 3973 οὖν
838 3920 1014 3975 ἔοικεν
1038 3924 1359 3993 ἀποκαλεῖν,
1385 3928 1487 4000 τῆς
1517 3930 1606 3983 ἐπ’
1629 3914 1813 3996 αὐτοῖς
1839 3936 2001 3988 οἱονεὶ

418 4008 804 4081 ἐγρηγόρσεως
832 4011 923 4065 τὸν
947 4014 1160 4086 καιρόν.
1187 4017 1422 4090 Ὄρθρου
1474 4022 1582 4095 γὰρ
1617 4023 1675 4090 ἐξ
1716 4022 1884 4078 ὕπνου
1918 4025 1997 4079 δι-

417 4098 780 4169 ανιστάμεθα.
821 4100 1264 4173 Ἦγρυπνηκότος
1307 4107 1370 4180 δὴ
1405 4105 1498 4163 οὖν
1543 4115 1629 4165 ἐπ’
1672 4116 1855 4179 αὐτοῖς
1900 4115 1997 4169 τοῦ

417 4180 576 4245 Θεοῦ,
603 4185 697 4237 καὶ
741 4189 1026 4260 μονονουχὶ
1062 4190 1487 4266 διεγηγερμένου
1520 4199 1705 4254 λοιπὸν
1750 4206 1831 4267 εἰς
1880 4206 1999 4259 ἐπί-

419 4272 610 4342 σκεψιν
638 4271 713 4329 ὧν
744 4276 1088 4347 δεδράκασιν,
1117 4283 1413 4355 ἀπόϐλητοι
1468 4289 1562 4342 καὶ⁹
1597 4292 1995 4365 ἀπερριμμένοι

416 4364 762 4434 γενήσονται,
807 4369 985 4424 καίτοι
1034 4372 1123 4426 διὰ
1172 4374 1430 4448 πλείστην
1464 4380 1595 4451 ὅσην
1645 4364 1996 4448 ἀνεξικακίαν

420 4458 701 4528 μονονουχὶ
736 4459 830 4512 καὶ
859 4462 1213 4529 νυστάξοντος
1243 4467 1329 4520 ἐπ’
1353 4470 1558 4535 αὐτοῖς,
1591 4473 1732 4526 κατά
1758 4475 1848 4527 τὸν
1892 4476 1992 4548 ἤδη

2105 3306 2197 3351 aut
2228 3298 2310 3350 vir
2341 3313 2445 3351 non
2478 3308 2669 3365 potens
2693 3298 2906 3351 salvare
2932 3297 3058 3352 “1h
3095 3298 3319 3355 Divinns
3355 3311 3683 3358 autemcan-

2107 3396 2213 3452 tor,
2244 3402 2388 3442 nunc
2412 3390 2488 3443 ait
2513 3407 2529 3442 :
2561 3406 2581 3440 ι
2612 3390 2878 3457 Exsurge,
2902 3404 3073 3459 quare
3097 3391 3395 3457 obdormis,
3418 3393 3687 3450 Domine?

2103 3491 2355 3547 exsurge,
2399 3487 2455 3533 et
2498 3492 2566 3534 ne
2596 3479 2824 3548 repellas
2852 3480 2905 3535 in
2942 3481 3201 3551 tinem“;
3228 3501 3248 3535 ι
3284 3499 3428 3539 nunc
3469 3500 3684 3541 rursum

2102 3565 2398 3620 excitatum
2425 3568 2491 3620 ad
2517 3569 2874 3636 quorumdam
2900 3569 3159 3624 auxilium
3191 3586 3440 3638 cernens,
3476 3592 3496 3627 ε
3527 3574 3687 3629 Exci-

2106 3661 2248 3709 tatus
2286 3662 2390 3719 est,
2435 3655 2630 3727 inquit,
2666 3666 2925 3727 tanquam
2958 3660 3237 3716 dormiens
3278 3661 3620 3719 Dominus“.
3656 3683 3679 3718 ι

2105 3741 2266 3799 Mane
2317 3746 2483 3814 igitur
2536 3746 2806 3817 appellare
2860 3750 3076 3804 videtur
3120 3752 3270 3807 velut
3321 3754 3682 3826 evigilationis

2104 3844 2314 3905 tempus
2363 3851 2527 3907 super
2580 3838 2711 3908 ipsis
2754 3857 2768 3893 :
2812 3855 2970 3896 mane
3023 3842 3293 3912 siquidem
3348 3846 3414 3900 de
3486 3862 3680 3903 somno

2102 3927 2395 3997 surgimus.
2472 3928 2699 3995 Quando
2761 3946 2891 4002 ergo
2951 3933 3260 4002 vigilaverit
3315 3951 3479 4006 super
3535 3938 3680 4007 ipsos

2102 4018 2262 4082 Deus,
2312 4027 2363 4072 et
2416 4021 2483 4073 ad
2530 4020 2769 4089 ipsorum
2823 4033 2943 4076 acta
2987 4026 3053 4078 de
3103 4036 3297 4080 caetero
3342 4028 3676 4096 inspicienda

2099 4105 2245 4159 velut
2304 4118 2656 4176 experrectus
2706 4110 2904 4174 fuerit,
2975 4111 3219 4180 rejectitii
3272 4124 3327 4168 et
3389 4116 3677 4183 projectitii

2102 4195 2252 4259 lient,
2303 4199 2516 4251 tametsi
2554 4208 2777 4267 propter
2823 4201 2979 4271 longe
3031 4204 3319 4258 maximam
3360 4208 3675 4275 patientiam

2098 4289 2485 4356 propemodum
2520 4306 2685 4360 super
2714 4292 2847 4359 ipsis
2881 4301 3125 4362 tempore
3158 4298 3435 4365 praeterito
3470 4301 3662 4355 dormi-

2099 4380 2257 4433 vcrit.
2288 4380 2403 4435 Una
2448 4392 2628 4436 autem
2671 4399 2792 4438 cum
2828 4386 3029 4455 populo
3057 4389 3223 4442 etiam
3268 4404 3451 4461 regem
3496 4392 3675 4463 proje-

2099 4482 2240 4523 ctum
2301 4471 2366 4527 iri
2425 4472 2690 4542 atIirmat,
2762 4486 2949 4546 utpote
3012 4478 3161 4534 brevi
3224 4496 3389 4551 regno
3455 4500 3672 4556 quoque

417 4550 787 4619 παρῳχηκότα
836 4554 1045 4623 καιρόν.
1080 4556 1519 4629 Συναπερρἰφθαι
1564 4564 1622 4616 δὲ
1666 4568 1778 4630 τοῖς
1819 4567 1994 4638 ὄχλοις

2105 4562 2359 4632 Ephraim
2398 4579 2430 4618 e
2470 4565 2648 4619 medio
2700 4567 2952 4624 tollendo.
3005 4571 3249 4626 Reducas
3292 4550 3434 4629 enim
3474 4550 3536 4631 in
3576 4550 3673 4633 :Itt-

417 4639 512 4691 mi.
564 4640 655 4693 τὸν
703 4640 950 4710 βασιλέα,
986 4647 1171 4716 φησὶν,
1206 4649 1281 4713 ὡς
1325 4652 1448 4705 ὅσον
1492 4654 1718 4709 οὐδέπου
1770 4661 1861 4711 καί
1893 4661 1993 4731 τῆς

429 4728 671 4802 Ἐφραῖμ
714 4732 991 4802 βασιλείας
1034 4739 1299 4810 ἐσομένης
1346 4745 1409 4796 ἐκ
1458 4728 1994 4822 μέσουᾋΥπονοστή-

416 4836 611 4884 σαντες
642 4823 772 4894 γὰρ,
807 4824 882 4887 ὡς
914 4824 1066 4898 ἔφην,
1096 4832 1177 4893 εἰς
1203 4832 1302 4902 τὴν
1335 4834 1594 4889 Ἰουδαίαν
1623 4839 1762 4908 μετά
1785 4841 1871 4893 τὸν
1898 4843 1996 4913 τῆς

414 4914 797 4982 αἰχμαλωσίας
824 4918 1035 4989 καιρὸν,
1069 4921 1158 4990 ὑφ’
1191 4923 1285 4977 ἕνα
1320 4926 1519 4991 πάντες
1553 4931 1809 4998 γεγόνασι
1840 4932 1995 5003 βασι-

413 5003 510 5057 λέα
544 5006 795 5079 καθάπερ
824 5011 1039 5081 ἀμέλει,
1064 5015 1157 5067 καί
1186 5016 1244 5069 ἐν
1269 5017 1484 5088 ἀρχαῖς,
1507 5020 1601 5073 καὶ
1630 5022 1735 5093 πρὸ
1759 5023 1867 5077 τῶν
1888 5024 1991 5094 τῆς

411 5096 669 5162 ἁλώσεως
694 5101 923 5170 χρόνων.
942 5106 1284 5162 Ἑόασίλευον
1305 5111 1412 5182 γὰρ
1434 5114 1481 5165 oi
1503 5114 1567 5165 ἐκ
1593 5113 1765 5185 φυλῆς
1797 5115 1987 5183 Ἰούδα,

411 5189 555 5243 κατά
581 5190 682 5262 τὴν
716 5191 1072 5268 Ἰερουσαλὴμ
1098 5198 1248 5262 ὄντος
1280 5201 1373 5253 τοῦ
1397 5202 1615 5273 Ἰσραήλ

482 5280 638 5335 Διότι
662 5282 880 5352 νήπιος
909 5289 1178 5359 Ἰσραὴλ,
1212 5294 1309 5347 καί
1336 5293 1451 5364 ἐγὼ
1468 5295 1754 5365 ἠγάπησα
1780 5300 1987 5366 αὑτὸν,

411 5372 511 5426 καί
564 5374 635 5440 ἐξ
665 5378 969 5447 Αἰγύπτου
1002 5384 1379 5452 μετεκάλεσα
1430 5387 1502 5442 τὰ
1544 5388 1726 5443 τέκνα
1782 5393 1991 5460 αὑτοῦ,

646 5469 1028 5537 μετεκάλεσα
1072 5475 1314 5544 αὐτοὺς,
1357 5478 1544 5546 οὕτως
1580 5480 1896 5551 άπῴχοντο
1922 5483 1993 5540 ἐκ

408 5550 738 5616 προσώπου
763 5573 903 5624 μου.

478 5642 655 5700 PKE’.
700 5647 915 5705 Ἔοικεν
960 5653 1091 5724 ἡμῖν
1118 5655 1180 5710 ἐν
1213 5656 1423 5723 τούτοις
1471 5662 1501 5715 ό
1548 5662 1703 5732 λόγος
1754 5663 1991 5720 ἀνθυπο-

2092 4655 2281 4718 daeam,
2334 4665 2391 4709 ut
2422 4656 2556 4720 dixi,
2594 4668 2709 4726 post
2756 4668 2966 4728 tempus
3022 4662 3378 4731 captivitatis,
3430 4668 3528 4721 sub
3560 4682 3669 4723 uno

2093 4760 2218 4813 rege
2269 4760 2457 4801 omnes
2505 4746 2675 4812 luere,
2726 4749 2868 4803 sicut
2917 4751 3078 4805 etiam
3125 4756 3387 4823 principio
3440 4766 3493 4810 et
3544 4769 3669 4814 ante

2093 4845 2302 4905 tempus
2355 4837 2689 4906 captivitatis
2745 4840 2979 4896 fuerant.
3031 4840 3353 4914 Regnabant
3401 4848 3545 4901 enim
3599 4850 3668 4905 dc

2094 4925 2235 4979 tribu
2264 4924 2401 4981 Juda
2430 4928 2715 4998 progeniti,
2748 4932 2965 4999 quando
2989 4934 3467 4992 universuslsrncl
3491 4939 3668 4997 adhuc

2098 5017 2523 5093 Hierosolymam
2564 5023 2713 5091 regni
2746 5023 2930 5077 sedem
2964 5027 3311 5096 agnoscebat.

2172 5298 2333 5355 Vens.
2365 5298 2420 5355 Ξ.
2470 5299 2607 5366 Quia
2633 5302 2882 5369 parvulus
2908 5302 3097 5367 Israel,
3123 5315 3173 5357 et
3208 5321 3300 5374 ego
3333 5308 3493 5363 di!ext
3528 5328 3667 5376 eum,

2096 5400 2144 5445 et
2185 5407 2252 5446 ea:
2290 5390 2522 5461 ngypm
2552 5393 2730 5446 vocavi
2769 5392 2909 5462 ﬁlios
2951 5392 3085 5462 ejus.
3113 5393 3271 5465 157
3302 5395 3447 5452 Sicut
3492 5404 3670 5458 vocavi

2094 5500 2205 5549 eos,
2236 5484 2309 5537 ita
2333 5484 2546 5538 abibant
2584 5501 2615 5538 a
2643 5483 2781 5553 facie
2807 5501 2939 5541 mea.

2094 5730 2102 5738 _
2163 5654 2374 5716 CXXV.
2407 5657 2659 5748 .Videtur
2686 5660 2819 5718 mihi
2863 5660 2951 5720 bis
2992 5662 3174 5722 verbis
3202 5665 3491 5738 objectioui
3530 5684 3665 5741 quo.

506 5798 676 5856 “Jer.
709 5820 817 5875 xtv,
846 5808 899 5867 9.
988 5811 1028 5841 ιδ
1055 5809 1193 5869 Psal.
1229 5827 1382 5883 xutt,
1412 5813 1503 5871 ‘25.
1584 5817 1629 5848 "
1650 5813 1788 5873 Psal.
1835 5832 2037 5876 txxvn.
2062 5817 2153 5874 65.
