4110 6368
438 313 544 372 Ξ.Βὸ

1434 320 1492 375 S.
1533 319 1810 376 CYlilLLl
1845 313 2320 373 ALEXANDRINI
2359 313 2680 370 AliClllEP.

3581 317 3684 374 265

438 423 686 478 rumdam
717 438 1027 481 occurrere.
1051 425 1344 496 Fingamus
1370 431 1514 484 enim
1537 431 1844 501 quempiam
1877 429 2002 482 illud

2118 429 2252 498 φορᾷ
2297 427 2566 498 μάχεσθαι
2614 429 2680 497 τῇ
2735 427 2890 498 παρά
2933 445 3114 482 τινων.
3161 429 3407 484 Νοείσθω
3450 432 3561 502 γάρ
3602 447 3689 494 τις

438 515 579 582 apud
628 531 688 572 se
745 517 1005 586 cogitare,
1061 529 1155 572 aut
1201 521 1362 574 etiam
1412 521 1585 590 palam
1640 522 1905 593 proloqui.
1953 521 2008 575 Si

440 604 678 660 futurum
718 618 835 662 erat
880 619 940 663 ut
989 611 1327 676 exciderent,
1376 621 1432 668 et
1479 629 1508 667 a
1554 615 1696 669 facie
1742 613 1837 669 Dei
1881 613 2010 668 olim

440 699 797 767 rejicereutur
826 702 1021 770 posteri
1072 702 1256 770 Israel,
1292 706 1587 774 lierentque
1627 706 2013 760 abominabiles

442 798 498 843 et
546 790 724 856 exosi,
773 807 872 846 cur
909 794 1132 850 omnino
1160 812 1188 848 ιι
1225 797 1490 866 principio
1523 797 1698 850 vocati
1737 796 1905 851 sunt?
1932 796 2012 849 Ad

441 883 545 937 ista
574 884 713 938 Deus
741 899 999 954 perquam
1025 903 1262 956 congrue
1287 889 1575 956 respondet
1593 889 2009 958 quodammodo,

366 1047 368 1051 .
445 983 499 1026 et
533 975 688 1040 dicit,
726 993 744 1026 ι
777 975 1038 1032 Parvulus
1089 978 1288 1044 Israel,
1337 988 1390 1034 et
1425 995 1526 1047 ego
1563 981 1719 1036 dilexi
1753 995 1894 1034 eum.
1932 981 2012 1036 Ex

437 1065 673 1136 Egypto
711 1070 970 1124 accersivi
1027 1072 1165 1126 ﬁlios
1216 1070 1350 1139 ejus.
1383 1089 1402 1123 ι
1444 1072 1615 1127 Homo
1656 1072 1918 1127 candidus
1959 1083 2014 1127 et

441 1160 558 1212 sine
592 1160 735 1229 fuco,
766 1163 963 1232 inquit,
993 1163 1092 1218 fuit
1121 1163 1309 1228 Jacob,
1353 1175 1559 1220 mutato
1590 1165 1806 1219 nomine
1834 1165 2013 1219 dictus

439 1249 628 1318 Israel;
671 1254 873 1309 idcirco
914 1256 1076 1310 dilexi
1107 1273 1254 1314 eum.
1289 1255 1424 1311 Nam
1463 1273 1584 1310 cum
1629 1259 1805 1312 adhuc
1830 1269 2015 1312 essent

441 1343 636 1400 fratres
667 1346 718 1400 in
753 1356 931 1412 utero,
969 1366 988 1398 ‹
1023 1349 1188 1403 .lacob
1217 1350 1403 1412 dilexi.
1434 1351 1627 1420 inquit,
1661 1350 1800 1404 Esau
1833 1359 2011 1404 autem

437 1437 562 1492 odio
614 1438 776 1493 habui
805 1441 868 1495 ¹⁷.
902 1459 921 1490 ι
980 1441 1246 1508 Quoniam
1292 1443 1456 1512 igitur
1514 1443 1676 1498 dilexi
1724 1458 1889 1506 eum,
1944 1441 2014 1495 ob

439 1541 559 1582 eam
599 1545 817 1584 causam
850 1532 918 1587 de
962 1531 1340 1602 Egyptiorum
1379 1550 1593 1604 quoque
1642 1535 1921 1590 dominatu
1953 1533 2016 1586 ll-

438 1618 542 1673 lios
597 1623 714 1687 ejus
772 1623 965 1690 eripui.
1005 1622 1218 1678 «Facio
1278 1624 1423 1678 enim
1477 1623 1898 1680 misericordiam
1957 1622 2012 1676 in

439 1710 607 1765 millia
637 1712 984 1782 diligentibus
1013 1729 1100 1768 me
1118 1715 1183 1768 η.
1213 1735 1233 1768 ι
1270 1715 1409 1783 Quid
1448 1717 1696 1771 honorati
1744 1726 1798 1770 et
1828 1713 2009 1769 selecti

2113 520 2289 572 ἐκεῖνο
2332 519 2808 591 διενθυμοὺμενος,
2855 520 2889 592 ἢ
2925 520 3018 573 καὶ
3047 520 3221 590 λέγων
3252 522 3576 590 ἀναφανδόν.
3621 521 3686 576 Et

2113 611 2335 682 ἔμελλον
2373 613 2786 677 ἁποπεσεῖσθαι,
2813 613 2906 666 καὶ
2945 613 3011 665 ὲκ
3051 612 3342 684 προσώπου
3365 613 3501 666 Θεοῦ
3531 614 3687 681 γενέ-

2115 704 2238 756 σθαι
2285 705 2423 758 κατὰ
2467 707 2690 776 καιροὺς
2730 706 2782 758 οἱ
2823 705 2882 772 ἐξ
2911 705 3141 776 αἵματος
3174 704 3411 776 Ἰσραὴλ,
3446 703 3689 775 βδελυροί

2111 812 2170 847 τε
2205 795 2422 848 ἔσεσθαι
2472 796 2567 849 καὶ
2594 795 2994 865 ἀπηχθημένοι,
3027 795 3080 848 τί
3107 795 3200 849 καὶ
3231 794 3366 858 ὅλως
3396 793 3689 863 κέκληνται

2111 885 2210 956 τὴν
2257 887 2466 957 ἀρχήν;
2517 885 2661 954 Πρὸς
2710 885 2882 940 ταῦτα
2913 886 3066 948 Θεὸς,
3103 887 3196 938 καὶ
3240 885 3389 954 μάλα
3437 885 3686 948 εἰκότως,

2112 977 2385 1048 ἐξηγεῖται
2411 977 2609 1048 τρόπον
2637 976 2780 1040 τινὰ,
2809 977 3005 1046 λέγων’
3041 995 3059 1028 s
3088 978 3298 1047 Νήπιος
3335 977 3574 1048 Ἰσραὴλ,
3597 975 3691 1030 καὶ

2113 1067 2224 1134 ἐγὼ
2262 1069 2525 1138 ἠγάπησα
2573 1069 2866 1134 αὑτόν.Ἑξ
2907 1069 3186 1138 Αἰγύπτου
3236 1069 3575 1138 μετεκάλεσα
3621 1069 3693 1122 τὰ
3747 1099 3750 1104 -

2112 1162 2277 1214 τέκνα
2302 1161 2488 1214 αὑτοῦ.
2511 1181 2528 1213 ι
2551 1161 2713 1232 Ἀνὴρ
2733 1162 3006 1225 ἄπλαστος
3033 1162 3244 1230 γέγονε,
3271 1162 3454 1232 φησιν,
3471 1160 3690 1228 Ἰακὼϐ,

2113 1251 2168 1314 ὃς
2219 1253 2681 1323 μετεπωνομάσθη
2721 1254 2956 1325 Ἰσραήλ.
2991 1257 3034 1306 Τ
3038 1254 3260 1327 αὑτητοι
3309 1254 3402 1308 καί⁵
3429 1255 3692 1323 ἠγάπησα

2114 1343 2427 1398 αὐτόν.Ἔτι
2459 1346 2566 1416 γὰρ
2603 1345 2772 1399 ὄντων
2801 1348 2858 1398 ἐν
2901 1346 3102 1416 μήτρᾳ,
3138 1365 3156 1396 s
3189 1345 3291 1398 Τὸν
3314 1344 3512 1399 Ἰακὼὸ
3556 1345 3693 1415 ἠγά-

2114 1453 2284 1505 πησα,
2309 1437 2472 1508 φησί·
2505 1439 2597 1492 τὸν
2644 1437 2701 1490 δὲ
2735 1438 2904 1492 Ἠσαῦ
2934 1439 3191 1509 ἐμίσησα.
3225 1457 3242 1489 ι
3265 1436 3483 1508 Ἐπειδὴ
3512 1436 3692 1491 τοίνυν

2115 1528 2374 1599 ἠγάπησα
2406 1528 2590 1591 αὐτὸν,
2621 1529 2879 1603 ταύτῃτοι
2927 1531 3021 1582 καὶ¹
3069 1528 3353 1600 ἐξειλόμην
3397 1532 3494 1600 τῆς
3519 1530 3692 1596 Δίγυ-

2114 1622 2286 1675 πτίων
2325 1620 2641 1686 πλεονεξίας
2667 1621 2736 1674 τὰ
2761 1621 2928 1674 τέκνα
2957 1621 3141 1674 αὐτοῦ.
3181 1640 3200 1672 r
3231 1619 3376 1674 Ποιῶ
3401 1621 3506 1691 γὰρ
3543 1619 3692 1683 ἔλεος

2115 1714 2195 1776 είς
2223 1712 2463 1782 χιλιάδας
2486 1715 2596 1776 τοῖς
2627 1712 2884 1781 ἀγαπῶσι
2919 1729 3009 1784 με.
3041 1731 3058 1764 ι
3093 1712 3157 1765 Τί
3189 1708 3282 1766 οὖν
3311 1713 3362 1765 οἱ
3392 1711 3691 1781 τετιμημέ-

440 1813 658 1869 propter
677 1805 896 1871 patres?
923 1806 1186 1862 libertatis
1219 1808 1394 1862 ornati
1425 1808 1618 1876 gratia,
1647 1808 2013 1875 servituteqne

2118 1821 2194 1858 νοι
2242 1806 2336 1859 καὶ
2360 1805 2650 1859 ἀπόλεκτοι
2679 1805 2768 1858 διὰ
2790 1806 2915 1869 τοὺς
2952 1806 3221 1876 πατέρας;
3252 1805 3302 1858 oi
3327 1807 3391 1876 τῇ
3420 1807 3520 1876 τῆς
3545 1803 3693 1856 ἐλευ-

439 1907 493 1950 et
524 1896 798 1953 laboribus
848 1901 1123 1969 exempti?
1172 1899 1307 1954 Num
1357 1899 1598 1954 vicissim
1643 1898 2014 1953 honorarunt?

441 2003 569 2042 num
600 1988 737 2044 bene
767 1988 978 2046 all‘ectis
1011 1991 1207 2045 animis
1236 2001 1598 2060 protectorem
1643 1990 1810 2044 Deum
1842 1990 2014 2044 laetifi-

439 2091 566 2131 care
599 2081 775 2133 conati
824 2079 1394 2150 sunt?Nequaquam,
1441 2081 1636 2148 inquit.
1677 2081 2014 2150 Aulngerunt

439 2167 584 2222 enim
620 2184 650 2222 a
684 2170 936 2233 Domino;
970 2172 1219 2227 abierunt
1251 2174 1318 2225 ab
1345 2188 1409 2225 eo
1446 2172 1536 2241 qui
1568 2186 1662 2226 eos
1688 2175 2010 2227 cohonesta-

443 2269 637 2323 verat;
701 2263 938 2330 protervi
987 2262 1041 2317 in
1090 2279 1214 2318 eum
1278 2264 1368 2332 qui
1415 2265 1628 2318 vocavit
1668 2264 2011 2318 exstiterunt.

439 2349 706 2404 Abierunt
736 2360 939 2416 autem,
973 2367 1208 2421 quonam
1259 2351 1462 2406 modo?
1491 2366 1618 2405 num
1649 2351 1774 2420 quia
1821 2351 2013 2420 singil-

441 2437 612 2505 latim,
657 2449 712 2494 et
766 2441 1066 2495 secundum
1120 2456 1322 2511 paucos
1383 2456 1411 2494 a
1469 2452 1649 2496 mente
1715 2450 1770 2494 et
1811 2440 2014 2509 judicio

441 2531 810 2596 desciverunt,
859 2544 911 2586 et
957 2533 1319 2602 quorumdam
1373 2531 1606 2588 fallaciis
1656 2533 1797 2602 capti
1851 2535 2016 2589 sunt?

440 2621 594 2678 Nullo
626 2626 804 2680 modo.
840 2622 1189 2680 Resiluerunt
1224 2626 1367 2680 enim
1395 2626 1498 2688 sic,
1527 2625 1797 2694 quomodo
1825 2625 2017 2681 videli-

440 2727 529 2770 cet
565 2717 738 2770 vocati
775 2728 922 2780 sunt,
963 2718 1014 2770 id
1057 2727 1157 2780 est,
1195 2719 1494 2772 secundum
1532 2718 1843 2773 universam
1878 2718 2016 2772 mul-

441 2807 749 2871 titudinem,
783 2818 835 2861 et
868 2808 1167 2863 secundum
1216 2809 1407 2872 tribus,
1456 2817 1624 2863 totum
1669 2823 1861 2877 genus,
1894 2817 2017 2862 tota:

441 2899 680 2953 familize.
727 2901 816 2953 Sic
856 2902 1000 2954 enim
1038 2900 1311 2968 quondam
1357 2900 1423 2954 de
1469 2899 1702 2970 Egypto
1743 2899 2013 2954 exierunt.

442 2989 788 3044 Meminimus
837 3005 1018 3058 porro,
1049 2992 1135 3044 vix
1173 2992 1385 3044 tandem
1426 2989 1710 3045 Pharaone
1739 2989 2014 3046 dimissio-

442 3095 565 3135 nem
600 3081 968 3150 promittente,
995 3091 1048 3135 et
1076 3084 1142 3136 de
1187 3081 1532 3136 multitudine
1564 3081 1776 3136 abitura
1813 3096 2015 3152 cogno-

442 3187 594 3226 scere
617 3173 890 3241 cupiente,
927 3181 980 3227 et
1003 3173 1203 3241 apertis
1219 3173 1401 3227 verbis
1418 3182 1710 3242 qumrertte,
1751 3192 1770 3225 ι
1793 3175 2014 3243 quinam

445 3274 498 3316 et
513 3263 605 3332 qui
627 3273 768 3328 sunt,
784 3272 837 3317 et
853 3262 1153 3332 quigibuutg?
1173 3282 1191 3314 ι
1216 3261 1431 3332 Moysen
1451 3263 1823 3332 respondisse:
1844 3282 1864 3315 ι
1881 3263 2017 3318 Cum

441 3355 748 3424 junioribus
771 3363 826 3410 et
869 3354 1178 3410 senioribus
1206 3355 1410 3409 nostris
1444 3355 1664 3421 ibimus,
1702 3370 1825 3410 cum
1872 3355 2016 3422 filiis,

445 3457 499 3501 et
549 3446 783 3513 filiabus,
824 3456 880 3500 et
924 3445 1138 3510 ovibus,
1179 3455 1233 3499 ct
1273 3447 1443 3501 bobus
1494 3445 1696 3500 nostris
1719 3446 1782 3499 ι’.
1814 3465 1834 3498 ι
1879 3447 2019 3516 Ergo

443 3538 744 3590 secundum
779 3544 918 3590 totas
959 3535 1150 3598 tribus,
1180 3543 1236 3588 et
1269 3533 1565 3588 secundum
1596 3533 2014 3598 multitudinem,

443 3627 740 3683 secundum
789 3641 958 3696 genus
1005 3627 1341 3689 universum,
1407 3635 1464 3679 et
1510 3623 1742 3680 familias
1785 3625 2016 3680 vocavit.

446 3719 693 3774 Similem
722 3718 938 3772 modum
971 3717 1163 3772 habuit
1207 3717 1496 3788 apostasis,
1538 3715 1690 3785 cujus
1735 3715 2022 3784 turpitudi-

447 3828 569 3867 nem
595 3810 898 3864 clarissime
921 3809 1167 3864 ostendit
1196 3825 1317 3863 cum
1343 3808 1496 3873 dicit,
1539 3826 1559 3860 ‹
1585 3808 1805 3864 abibant
1827 3824 1856 3860 a
1884 3807 2022 3863 facie

447 3916 587 3955 mea.
646 3919 666 3952 ι
735 3898 882 3965 Quos
944 3898 1089 3952 enim
1150 3897 1330 3952 odisse
1372 3896 1603 3951 voluerit
1647 3896 2020 3950 universorum

449 3992 731 4055 Dominus,
776 4005 882 4044 non
932 3989 1185 4059 dignatur
1225 3988 1521 4056 respicere,
1563 3986 1719 4058 juxta
1746 3985 1900 4051 illud,
1939 3985 2022 4040 in-

445 4101 648 4154 quam,
708 4085 761 4139 in
825 4081 1047 4137 Psalmo
1090 4089 1413 4135 cantatum:
1450 4099 1469 4133 t
1499 4081 1731 4150 Respice
1786 4093 1907 4142 me,
1967 4085 2023 4132 et

446 4179 705 4233 miserere
761 4175 865 4230 mei
888 4175 958 4231 ⁸⁸.
1011 4191 1032 4226 ι
1097 4173 1375 4242 Scriptum
1433 4182 1518 4229 est
1569 4173 1712 4226 enim
1755 4189 1770 4226 :
1814 4189 1834 4222 ι
1868 4169 2020 4226 Oculi

448 4267 655 4322 Domini
698 4281 860 4336 super
885 4263 1148 4333 iustos“.
1179 4282 1198 4316 ι
1247 4264 1315 4318 Ει
1362 4264 1482 4333 ipse
1525 4262 1720 4318 alicubi
1756 4279 1818 4316 ει
1850 4261 2024 4330 Super

447 4373 606 4427 quem
642 4358 954 4426 respiciam,
1001 4356 1107 4410 nisi
1143 4370 1308 4425 super
1341 4353 1619 4418 humilem,
1664 4363 1721 4408 et
1756 4352 2020 4423 quietum,

446 4457 504 4504 et
532 4456 850 4503 trementem
887 4462 1169 4502 sermones
1207 4462 1354 4500 meos
1371 4447 1416 4476 "
1439 4445 1461 4498 ?
1488 4463 1508 4497 ι

525 4539 684 4610 158
703 4541 862 4594 Vens.
888 4541 943 4605 5,
970 4540 1024 4594 4.
1054 4540 1167 4608 Ipsi
1193 4539 1403 4594 Baalim
1428 4538 1786 4601 immolabant,
1807 4547 1856 4590 et
1881 4536 2022 4590 scul-

447 4634 666 4704 ptitibus
685 4631 986 4685 adolebant.
1011 4631 1078 4685 Et
1093 4648 1185 4702 ego
1210 4631 1444 4700 colligavi
1461 4628 1732 4696 Epitraim,
1753 4638 1801 4682 et
1819 4629 2020 4695 suscepi

450 4741 566 4780 eum
591 4741 744 4793 super
771 4723 1040 4778 brachium
1078 4739 1274 4787 meum,
1304 4734 1348 4775 et
1379 4738 1481 4775 non
1510 4727 1874 4791 cognouerunt,
1900 4721 2024 4792 quia

451 4833 582 4870 seno
611 4833 697 4870 eos
750 4817 808 4870 in
845 4817 1179 4884 corruptione
1226 4814 1519 4868 hominum.
1569 4811 1794 4867 Extendi
1833 4828 1920 4866 eos
1969 4811 2025 4864 in

450 4909 671 4964 vinculis
699 4908 971 4961 clmritatis
997 4922 1142 4960 mete.

523 4997 758 5054 CXXVI.
831 4997 1153 5050 Immensatn
1208 5003 1263 5048 et
1314 4993 1592 5048 divinitate
1640 4990 1756 5058 ejus
1804 4991 2020 5061 dignam

454 5093 634 5146 inesse
689 5089 796 5143 Deo
846 5087 1312 5141 mansuetudinem
1359 5085 1713 5139 demonstrat.
1763 5083 1832 5137 Iis
1878 5084 2020 5138 enim

456 5182 547 5250 qui
589 5178 960 5242 crediderunt,
1003 5186 1058 5231 et
1105 5177 1277 5244 ipsum
1310 5181 1699 5244 cognoverunt,
1740 5172 2024 5242 solumque

455 5272 682 5324 adorare
713 5279 996 5338 eruperunt
1028 5269 1166 5322 bona
1199 5266 1462 5330 tribuere,
1489 5263 1661 5318 videri
1692 5264 1862 5333 possit
1893 5278 2028 5319 con-

457 5361 700 5424 veniens,
731 5370 788 5415 et
816 5360 884 5414 ab
909 5360 1162 5429 equitate
1183 5358 1418 5412 alienum
1452 5371 1558 5410 non
1585 5366 1692 5410 est.
1719 5354 2026 5425 Unusquis-

456 5466 562 5522 que
595 5454 738 5506 enim
771 5452 1038 5507 siouidem
1067 5460 1215 5507 recte
1241 5450 1420 5505 facere
1457 5446 1608 5515 velit,
1638 5447 1751 5518 jam
1783 5445 2022 5502 deditum

552 5638 595 5669 "
620 5637 845 5692 Malach.
905 5654 944 5702 ι,
977 5639 1031 5694 5.

535 5708 579 5741 “
603 5706 703 5764 lsa.
738 5723 882 5775 um,
909 5709 962 5763 ‘2.

1179 5639 1221 5671 "
1245 5637 1414 5702 Exod.
1446 5650 1542 5702 xx,
1576 5633 1629 5690 6.
1707 5633 1750 5680 ".
1776 5631 1947 5694 Exod.
1971 5650 2028 5703 ι,
2065 5636 2121 5694 8.
2183 5638 2240 5695 9.

2117 1897 2303 1969 θερίας
2329 1899 2682 1969 τετιμημένοι
2721 1897 2927 1970 χάριτι,
2957 1899 3053 1952 καὶ
3089 1896 3332 1960 δουλείας
3387 1896 3481 1950 καὶ
3516 1896 3692 1950 πόνων

2113 1987 2558 2058 ἀπηλλαγμένοι;
2586 1981 2731 2059 Ἀρα
2757 1989 3121 2057 τετιμήκασιν
3147 2003 3162 2054 ;
3189 1981 3298 2057 ἆρα
3319 1987 3440 2048 ταῖς
3460 1983 3692 2045 εὐνοίαις

2114 2078 2536 2149 κατευφραίνειν
2568 2078 2906 2132 ἐσπούδασαν
2929 2077 3021 2130 τὸν
3049 2075 3498 2147 ὑπερασπίσαντα
3521 2073 3688 2136 Θεόνς

2115 2168 2398 2238 Οὐδαμῶς,
2434 2167 2614 2238 φησίν.
2644 2167 3151 2239 Ἀποδεδραμήκασι
3198 2166 3307 2237 γὰρ
3342 2165 3438 2219 τοῦ
3484 2163 3691 2218 Δεσπό-

2114 2275 2230 2323 του,
2263 2259 2546 2330 ἀπῲχοντο
2571 2259 2662 2313 τοῦ
2697 2261 3076 2332 τετιμηκότος,
3110 2259 3338 2331 ὕϐρισαν
3369 2259 3460 2312 τὸν
3491 2256 3692 2328 κεκλη-

2115 2353 2270 2409 κότα.
2292 2352 2603 2422 ’Δπῴχοντο
2631 2351 2707 2416 δὲ,
2738 2352 2860 2404 τίνα
2889 2351 3122 2423 τρόπον;
3156 2347 3266 2422 ἆρα
3295 2350 3415 2404 καθ’
3441 2349 3558 2412 ἕνα,
3597 2349 3694 2402 καὶ

2115 2447 2240 2502 κατ’
2260 2447 2475 2515 ὀλίγους
2505 2444 2600 2498 τοῦ
2637 2447 2854 2516 φρονεῖν
2893 2443 3069 2512 ὀρθῶς
3099 2442 3562 2512 ἀπωλισθηκότες,
3597 2439 3694 2496 καὶ

2115 2541 2236 2604 ταῖς
2267 2556 2428 2592 τινων
2450 2537 2687 2600 ἀπάταις
2713 2535 3208 2605 ὑποκλεπτόμενοι;
3239 2534 3535 2605 Οὓμενουν.
3556 2535 3694 2586 Ἀπ-

2117 2631 2304 2701 έθορον
2347 2629 2452 2702 γὰρ
2503 2628 2714 2694 οὕτως,
2766 2627 2956 2698 ῶσπερ
3001 2627 3192 2697 ἀμέλει
3242 2626 3336 2679 καὶ
3379 2625 3693 2694 κέκληνται,

2115 2724 2383 2788 τουτέστι,
2415 2723 2558 2777 κατὰ
2600 2722 2808 2793 πληθὺν
2843 2722 2970 2792 ὅλην
3013 2722 3108 2774 καὶ
3151 2721 3292 2776 κατὰ
3322 2721 3515 2790 φυλὰς,
3550 2738 3695 2788 παγ-

2117 2814 2249 2884 γενῆ
2291 2831 2351 2866 τε
2401 2813 2496 2866 καὶ
2535 2812 2774 2866 πανοικί.
2797 2812 3052 2884 Ἐξῆλθον
3081 2811 3189 2883 γὰρ
3221 2810 3367 2865 οὕτω
3398 2814 3498 2881 τῆς
3533 2809 3699 2878 Myti-

2119 2921 2252 2958 πτου
2279 2904 2418 2958 κατὰ
2444 2903 2688 2975 καιρούς.
2708 2903 3054 2974 Μεμνήμεθα
3078 2903 3155 2968 δὲ,
3185 2903 3268 2956 ὅτι
3297 2901 3450 2972 μόλις
3474 2903 3696 2972 ἀνήσειν

2117 2995 2212 3049 τὸν
2243 2995 2459 3067 Ἰσραὴλ
2493 2995 2922 3066 ὑπισχνουμένου
2957 2993 3053 3047 τοῦ
3085 2993 3302 3064 Φαραὼ,
3332 2993 3426 3046 καὶ
3455 2995 3554 3064 τὴν
3589 2994 3694 3046 ἁπ-

2120 3087 2380 3158 αίρουσαν
2424 3087 2589 3141 αὐτοῦ
2635 3086 2843 3158 πληθὺν
2875 3087 3176 3158 ἁναμαθεῖν
3199 3085 3488 3149 ἐθέλοντος,
3518 3085 3699 3152 λέγον-

2120 3180 2210 3243 τός
2233 3196 2292 3232 τε
2331 3179 2538 3248 σαφῶς,
2581 3199 2600 3231 ι
2631 3179 2786 3242 Τίνες
2825 3179 2921 3232 καὶ
2957 3179 3103 3242 τίνες
3148 3179 3284 3231 εἰσὶν
3315 3180 3363 3230 οί
3398 3177 3699 3248 πορευόμε-

2119 3287 2236 3337 νοι;
2264 3288 2285 3323 ι
2308 3270 2511 3340 Μωσῆς
2535 3269 2876 3340 ἀπεκρίνετνν
2898 3287 2916 3320 ι
2938 3269 3043 3322 Σὺν
3066 3271 3177 3332 τοῖς
3200 3269 3499 3330 νεανίσκοις
3521 3269 3552 3337 ἡ
3562 3267 3697 3337 μῶν,

2119 3362 2214 3417 καὶ
2260 3364 2357 3416 σὺν
2400 3365 2513 3425 τοῖς
2558 3361 2950 3432 πρεσϐυτέροις
2982 3361 3138 3433 ἡμῶν
3168 3359 3566 3432 πορευσόμεθα,
3602 3359 3699 3412 σὺν

2118 3456 2232 3516 τοῖς
2257 3454 2413 3517 υἱοῖς,
2446 3453 2539 3506 καὶ
2568 3452 2892 3524 θυγατράσι,
2924 3456 3018 3506 καὶ
3047 3453 3360 3524 προϐάτοις,
3393 3452 3486 3504 καὶ
3515 3450 3699 3520 βουσὶν

2120 3545 2298 3616 ἡμῶν.
2331 3564 2350 3596 ›
2385 3543 2596 3597 Οὐκοῦν
2623 3546 2765 3600 κατὰ
2793 3545 2964 3614 φυλὰς
2988 3544 3116 3608 ὅλας
3163 3545 3257 3598 καὶ
3286 3544 3427 3596 κατὰ
3467 3543 3697 3614 πληθὺν,

2120 3635 2266 3689 κατὰ
2311 3636 2469 3704 γένος
2509 3653 2569 3689 τε
2616 3636 2711 3689 καὶ
2751 3638 2932 3700 οἴκους
2961 3639 2995 3706 ἡ
3030 3637 3241 3706 κλῆσις.
3276 3636 3433 3689 Κατὰ
3466 3635 3556 3688 τὸν
3587 3637 3701 3689 ἴσον

2120 3723 2178 3776 δὲ
2206 3724 2406 3794 τρόπον
2437 3724 2532 3777 καὶ
2563 3726 2597 3795 ἡ
2630 3723 2951 3790 ἀπόστασις,
2980 3720 3046 3794 ἦς
3071 3725 3133 3778 τὸ
3165 3724 3398 3788 ἀκαλλὲς
3429 3724 3509 3777 ὅτι
3539 3723 3701 3793 μάλι-

2122 3831 2225 3868 στα
2259 3815 2536 3886 σημαίνει,
2563 3815 2742 3887 λέγων
2771 3817 2852 3883 τὺ,
2893 3838 2912 3870 ι
2943 3818 3251 3888 Ἀπῴχοντο
3293 3818 3358 3871 ὲκ
3406 3816 3699 3889 προσώπου

2125 3921 2250 3974 μου.
2277 3923 2294 3955 ι
2327 3903 2434 3968 Οὓς
2454 3905 2563 3976 γὰρ
2587 3904 2653 3960 ἂν
2676 3907 2849 3960 ἕλοιτο
2875 3910 3094 3978 μισεῖνό
3113 3907 3222 3961 τῶν
3250 3907 3387 3960 ὅλων
3401 3908 3698 3975 Δεσπότης,

2121 3994 2229 4048 οὐδ’
2253 3995 2322 4050 ἂν
2363 3994 2743 4065 ἐπισκέψαιτο,
2772 3997 2894 4049 κατ’
2918 3997 3114 4061 έκεῖνο,
3151 3997 3314 4067 φημὶ,
3344 3996 3405 4049 τὸ
3450 3998 3508 4049 εν
3554 3995 3702 4049 Ψαλ-

2127 4086 2247 4154 μοῖς
2274 4084 2640 4156 ὑμνούμενον·
2681 4104 2702 4137 s
2730 4085 3050 4155 Ἐπίὸλεψον
3091 4086 3178 4139 ἐπ’
3209 4087 3330 4157 ἐμὲ,
3357 4086 3451 4139 καὶ
3484 4086 3703 4156 ἐλέησόν

2128 4191 2218 4245 με.
2248 4194 2266 4228 ι
2317 4177 2630 4248 Γέγραπται
2677 4177 2806 4247 γὰρ,
2854 4178 2937 4231 ὅτι
2989 4196 3008 4229 ι
3035 4177 3337 4248 Ὀφθαλμοὶ
3367 4179 3573 4249 Κυρίου
3612 4178 3704 4231 ἐπὶ

2123 4267 2367 4331 δικαίους
2386 4285 2401 4299 ο
2433 4287 2452 4320 ι
2482 4268 2579 4322 καὶ
2610 4267 2770 4332 αὐτὸς
2800 4267 2858 4322 δέ
2891 4267 2993 4321 πού
3019 4283 3204 4339 φησιν’
3241 4288 3259 4321 ι
3286 4269 3412 4322 Ἐπὶ
3445 4269 3565 4322 τίνα
3587 4271 3706 4321 ἐπι-

2127 4359 2327 4429 ϐλέψω,
2365 4359 2480 4413 ἀλλ’
2503 4359 2535 4430 ἢ
2568 4360 2661 4412 ἐπὶ
2684 4359 2775 4413 τὸν
2801 4359 3054 4414 ταπεινὸν
3077 4360 3172 4414 καὶ
3192 4360 3434 4431 ἡσύχιον.
3459 4360 3554 4413 καὶ
3575 4360 3704 4430 τρέ-

2055 4483 2100 4537 D
2137 4467 2305 4522 μοντα
2333 4451 2459 4512 τοὺς
2491 4449 2682 4518 λόγους
2719 4467 2856 4520 μου;
2891 4468 2910 4502 ι

2196 4537 2375 4593 Αὐτοὶ
2424 4536 2548 4603 τοῖς
2575 4537 2839 4607 Βααλεὶμ
2879 4537 3079 4601 ἔθυον,
3112 4537 3210 4591 καὶ
3255 4537 3381 4602 τοῖς
3419 4535 3708 4606 γλυπτοῖς

2127 4629 2403 4697 ἐθυμίων.
2432 4627 2544 4680 Καὶ
2583 4626 2698 4697 ἐγὼ
2742 4627 3121 4681 συνεπόδισα
3161 4627 3268 4680 τὸν
3312 4627 3576 4696 Ἑφραῒμ,
3608 4625 3708 4678 καί

2129 4718 2428 4774 ἀνέλαϐον
2463 4719 2649 4774 αὐτὸν
2680 4720 2780 4773 ἐπὶ
2816 4719 2924 4773 τὸν
2949 4719 3250 4789 βραχίονὰ
3283 4737 3423 4789 μου.
3452 4718 3562 4773 Καὶ
3595 4720 3708 4771 οὐκ

2130 4811 2407 4877 ἔγνωσαν
2422 4809 2512 4864 ὅτι
2541 4810 2704 4879 lupas
2728 4809 2950 4876 αὐτοὺς
2969 4810 3038 4864 ὲν
3055 4807 3349 4878 διαφθορᾷ
3363 4809 3706 4877 ἀνθρώπων.

2147 4900 2442 4966 Ἐξέτεινα
2467 4901 2690 4968 αὐτοὺς
2717 4902 2787 4955 ἐν
2807 4901 3052 4971 δεσμοῖς
3075 4899 3436 4971 ἀγαπήσεώς
3459 4916 3597 4968 μου.

2199 4993 2393 5059 Ρκςσ.
2434 4993 2768 5063 ’Δμέτρηιιον
2805 4989 2972 5046 οὖσαν
3035 4994 3128 5046 καὶ
3172 4992 3452 5063 θεοπρεπῆ
3493 4991 3589 5062 τὴν
3620 4994 3709 5044 ὲν-

2128 5082 2292 5136 οὖσαν
2333 5082 2479 5153 αὑτῷ
2524 5083 2794 5135 δείκνυσιν
2824 5083 3158 5154 ἡμερότητα.
3188 5083 3262 5135 Τὸ
3309 5083 3407 5153 μὲν
3446 5082 3553 5153 γὰρ
3597 5085 3707 5143 τοῖς

2129 5173 2229 5244 ἤδη
2261 5173 2668 5239 πεπιστευκόσι,
2694 5175 2790 5228 καὶ
2827 5175 3198 5243 ὲπεγνωκόσιν
3223 5174 3407 5237 αὐτὸν,
3433 5173 3528 5226 καὶ
3563 5173 3706 5241 αὐτῷ

2127 5263 2192 5334 δὴ
2221 5264 2366 5336 μόνῳ
2391 5269 2717 5336 προσκυνεῖν
2751 5266 3047 5339 ᾑρημένοις
3091 5265 3386 5335 ἀπονέμειν
3410 5265 3479 5317 τὰ
3511 5263 3708 5333 ἀγαθὰ,

2130 5360 2288 5428 λόγον
2319 5362 2388 5415 ἂν
2415 5361 2528 5432 ἔχοι
2559 5362 2651 5415 τὸν
2679 5363 2981 5436 πρέποντα,
3005 5361 3100 5415 καὶ
3123 5361 3223 5414 οὐκ
3251 5359 3356 5426 ἔξω
3384 5358 3480 5412 τοῦ
3507 5357 3713 5419 εἰκότος

2129 5452 2191 5506 τὸ
2221 5453 2411 5524 χρῆμα
2442 5454 2702 5508 κείσεται.
2734 5455 2882 5526 Τιμᾷ
2923 5454 3034 5525 γάρ
3059 5469 3164 5517 τις,
3196 5452 3354 5524 εἴπερ
3387 5451 3560 5505 ἕλοιτο
3581 5447 3716 5519 δρᾷν

2427 5639 2471 5672 ’⁸
2495 5639 2638 5696 Psal.
2675 5655 2875 5710 Lxxxv,
2909 5637 2998 5698 l6.
3072 5643 3117 5675 ἰ
3145 5641 3285 5698 Psal.
3318 5651 3512 5700 xum,
3547 5631 3636 5689 16.
