4110 6368
373 425 485 482 265

1289 416 1846 481 COMMENTARIUS
1885 416 1951 471 IN
1991 414 2224 470 OSEAH
2266 415 2709 473 PROPHETAH.

3523 421 3627 475 266

378 541 574 613 ὀρθῶς,
609 539 698 594 τὸν
731 542 926 593 οἰκεῖον
954 541 1079 612 ἢδη,
1111 540 1206 594 καὶ
1236 537 1777 610 προσδεδραμηκότα.
1807 535 1878 588 Τὸ
1901 535 1957 588 δὲ

2064 533 2186 598 sibi,
2229 543 2281 589 et
2332 549 2359 586 a
2405 534 2508 587 fide
2551 548 2644 587 sua
2701 533 2841 587 ultro
2892 533 3217 604 pendentem
3264 535 3514 593 honorat.
3562 542 3633 595 Αι

380 635 472 686 καὶ
500 635 608 694 τοῖς
636 631 883 702 βεϐήλοις
914 633 1014 694 ἔτι,
1053 634 1145 686 καὶ
1186 632 1286 686 οὐκ
1315 631 1511 685 εἰδόσιν
1553 631 1735 694 αὑτὸν,
1762 631 1962 693 παντὸς

379 720 582 789 ἀγαθοῦ
615 721 899 791 φαίνεσθαι
934 721 1197 792 χορηγὸν,
1238 721 1544 794 ὑπερϐολὴν
1587 723 1652 776 ἂν
1694 721 1808 792 ἔχοι
1841 721 1961 790 φιλ-

379 810 710 880 ανθρωπίας,
748 810 841 863 καὶ
891 810 1186 880 θαύματος,
1222 811 1314 865 καὶ
1360 811 1698 884 θεοπρεποῦς
1748 813 1962 884 ἀληθῶς

378 902 652 968 ἀπόδειξιν
684 902 1042 972 ἡμερότητος.
1075 903 1367 976 Τοιγάρτοι
1411 905 1504 957 καὶ
1532 905 1695 968 αὐτὸς
1726 905 1962 974 ἔφασκεν

376 996 406 1047 ό
435 995 645 1066 Σωτὴρ,
676 996 1062 1066 κατοικτείρων
1093 999 1159 1051 τὰ
1194 999 1313 1051 καθ’
1347 1000 1514 1068 ἡμᾶς,
1565 999 1658 1052 καὶ
1684 1000 1776 1053 τὸν
1807 1001 1962 1054 οὐδα-

383 1086 548 1156 μόθεν
572 1087 849 1157 πρέποντα
870 1089 982 1152 τοῖς
1002 1088 1479 1160 φιλαμαρτήμοσιν
1502 1089 1650 1142 ἔλεον
1675 1090 1962 1161 ἀπονέμων

375 1177 455 1241 ὡς
483 1177 639 1243 Θεὸς,
673 1178 800 1230 ποτὲ
838 1179 964 1248 μὲν,
991 1181 1072 1232 ὅτι
1103 1198 1120 1230 ι
1153 1180 1225 1231 Οὐ
1253 1179 1440 1250 χρείαν
1470 1179 1680 1250 ἔχουσιν
1707 1181 1756 1232 οἱ
1785 1180 1964 1248 ὑγιαί-

379 1286 562 1333 νοντες
596 1270 782 1340 ἰατροῦ
801 1310 814 1329 ,
846 1268 962 1322 ἀλλ’
994 1271 1042 1324 οἱ
1063 1270 1250 1334 κακῶς
1285 1270 1524 1341 ἔχοντες·
1563 1289 1584 1322 ι
1619 1272 1749 1324 ποτὲ
1773 1271 1832 1325 δὲ
1859 1271 1964 1324 πά-

377 1358 484 1426 λιν,
517 1379 536 1411 ι
566 1361 677 1414 Οὐκ
706 1357 870 1431 ἦλθον
900 1361 1124 1415 καλέσαι
1154 1361 1414 1426 δικαίους,
1446 1362 1580 1416 ἀλλά
1608 1363 1962 1435 ἁμαρτωλοὺς

378 1451 459 1513 είς
493 1451 800 1520 μετάνοιαν.
833 1471 852 1503 ι
902 1453 1096 1507 Καίτοι
1154 1453 1354 1522 τοίνυν,
1402 1456 1628 1524 φησ“ι....
1662 1455 1958 1518 τουτέστιν,

2065 639 2195 680 vero
2225 635 2276 679 et
2300 625 2539 695 profanis
2573 624 2774 688 adhuc,
2808 634 2863 679 et
2888 625 3060 694 ipsum
3087 627 3450 686 nescientibus
3471 645 3636 688 omne

2064 715 2263 770 bonum
2301 717 2474 786 palam
2507 715 2718 785 largiri,
2767 717 3118 773 excellentem
3155 720 3539 789 benignitatem
3581 732 3638 780 et

2067 808 2479 865 admirationem
2509 810 2705 873 habet,
2747 819 2803 864 et
2839 824 3026 864 revera
3069 813 3500 870 mansuetudinis
3525 814 3637 870 Deo

2065 899 2294 967 propriae
2352 898 2707 954 indubitabile
2753 907 2836 952 est
2885 900 3161 956 indicium.
3211 902 3390 970 Quare
3433 916 3488 960 et
3522 907 3638 976 ipse

2065 991 2338 1058 Salvator,
2367 992 2633 1046 miserans
2665 1005 2751 1046 res
2777 1001 3011 1056 nostras,
3047 1002 3100 1048 et
3132 996 3394 1064 peccandi
3426 999 3638 1068 cupidis

2067 1087 2379 1155 neutiquam
2418 1085 2757 1140 tribuendam
2805 1085 3233 1141 misericordiam
3273 1097 3331 1141 ut
3361 1087 3504 1144 Deus
3533 1091 3637 1144 im-

2065 1179 2325 1246 pertiens,
2381 1178 2619 1241 dicebat,
2672 1175 2784 1246 iam
2837 1175 3050 1245 quidem
3090 1195 3106 1231 :
3146 1194 3166 1229 ι
3196 1177 3312 1233 Νοη
3375 1189 3459 1235 est
3503 1197 3639 1251 Opus

2063 1273 2202 1324 bene
2228 1269 2531 1325 valentibus
2562 1269 2822 1336 medicus,
2851 1270 2947 1324 sed
2987 1269 3126 1324 male
3151 1270 3474 1327 habentibus
3489 1272 3537 1304 ³³
3565 1290 3580 1340 ;
3613 1294 3633 1326 ι

2056 1361 2170 1432 jam
2214 1377 2426 1418 rursum
2457 1376 2472 1415 :
2502 1381 2518 1413 ι
2548 1360 2662 1415 Non
2708 1362 2826 1416 veni
2860 1361 3280 1431 vocarejustos,
3323 1366 3416 1420 sed
3447 1382 3640 1436 pecca-

2064 1464 2210 1508 tores
2258 1454 2324 1509 ad
2384 1455 2752 1525 pcenitentiam
2782 1457 2850 1508 ³⁸.
2884 1474 2902 1507 ι
2965 1456 3057 1510 Ait
3113 1471 3340 1527 ergo....
3383 1459 3486 1514 hoc
3533 1471 3638 1526 est,

376 1543 426 1592 ei
461 1542 518 1606 ἐξ
550 1542 765 1612 Ἰσραὴλ
795 1544 1104 1598 ἐπλανῶντο
1146 1545 1288 1598 κατὰ
1330 1545 1428 1616 τὴν
1477 1547 1769 1614 Αἴγυπτον,
1810 1545 1961 1599 οῦπω

2064 1546 2321 1601 Israelita:
2374 1547 2425 1600 in
2471 1545 2705 1618 Egypto
2754 1562 2994 1602 errorem
3044 1563 3202 1603 suum
3251 1549 3637 1620 sequebantur,

372 1634 511 1687 Θεὸν
554 1635 754 1705 ᾔδεσαν
803 1635 893 1688 τὸν
935 1634 1226 1706 ἀληθινὸν,
1273 1635 1411 1706 ἐμέ·
1459 1635 1852 1706 κατεφωρῶντο
1903 1637 1960 1690 δὲ

2064 1637 2298 1692 nondum
2335 1637 2502 1692 Deum
2532 1652 2739 1702 verum,
2787 1653 2874 1692 me
2912 1637 3141 1705 scilicet,
3174 1640 3454 1708 sciebant;
3489 1657 3643 1697 com-

382 1726 584 1796 μᾶλλον
618 1726 805 1789 Θυσίας
838 1728 1204 1798 προσάγοντες
1246 1730 1358 1790 τοῖς
1400 1727 1664 1799 Βααλεὶμ,
1695 1729 1959 1793 τουτέστι,

2063 1728 2200 1796 perti
2252 1737 2434 1784 autem
2489 1739 2614 1784 sunt
2663 1729 2835 1799 magis
2893 1729 3138 1795 Baalim,
3203 1731 3254 1785 id
3302 1741 3386 1787 est
3455 1734 3637 1800 idolis,

375 1819 490 1881 τοῖς
519 1817 771 1880 εἰδώλοις,
797 1818 1101 1889 θυμιῶντες
1127 1822 1240 1882 τοῖς
1270 1819 1547 1888 γλυπτοῖς,
1576 1821 1694 1891 ἦτοι
1719 1823 1830 1886 τοῖς
1849 1821 1959 1874 τῶν

2064 1821 2266 1876 hostias
2300 1821 2602 1883 immolare,
2624 1830 2676 1875 et
2710 1821 2930 1876 adolere
2963 1822 3119 1876 thura
3152 1822 3481 1892 simulacris,
3527 1825 3642 1882 sive

376 1914 659 1986 ἐγχωρίων
694 1915 1052 1986 σεϐἀσμασιν.
1074 1913 1220 1982 Ἐγὼ
1249 1915 1305 1968 δὲ
1328 1915 1560 1987 ἐπείπερ
1587 1917 1702 1987 εἰμὶ
1727 1918 1961 1989 χρηστός

2064 1915 2166 1970 diis
2193 1915 2482 1986 indigenis.
2529 1916 2642 1987 Ego
2677 1931 2824 1983 vero,
2851 1919 3107 1986 quoniam
3157 1920 3422 1989 benignus
3451 1929 3506 1975 et
3540 1923 3638 1977 bo-

372 2022 437 2059 τε
492 2005 584 2058 καὶ
642 2005 874 2074 ἀγαθὸς,
913 2006 1114 2077 καίπερ
1164 2003 1336 2069 οὕτως
1396 2006 1586 2076 έχοντα
1642 2010 1961 2079 σκαιότητος

377 2096 468 2149 τὸν
495 2096 759 2168 Ἐφραῒμ,
796 2097 916 2168 ἦτοι
939 2097 1064 2152 καθ’
1093 2097 1215 2150 ὅλου
1250 2098 1341 2151 τὸν
1370 2098 1605 2172 Ἰσραὴλ,
1633 2100 1708 2162 ὠς
1736 2102 1800 2153 ἐκ
1833 2103 1962 2170 μιᾶς

380 2187 568 2242 ἐνθάδε
600 2189 771 2260 φυλῆς
805 2188 1152 2261 δηλούμενον,
1180 2190 1520 2252 συνεπόδισα,
1556 2190 1739 2262 φησίν,
1769 2191 1880 2244 Καὶ
1907 2191 1962 2245 τί

379 2279 445 2352 δὴ
473 2279 631 2334 τοῦτό
664 2282 833 2343 ἐστιν,
869 2280 1033 2344 αὐτὸς
1061 2281 1376 2353 διεσάφησε,
1403 2281 1576 2351 λέγων
1597 2297 1609 2309 ·
1643 2283 1960 2336 (Ἀνέλαϐον

378 2373 540 2427 αὑτὸν
563 2375 655 2427 ἐπὶ
685 2374 776 2428 τὸν
805 2375 1066 2445 βραχίονά
1098 2391 1220 2444 μου.
1257 2393 1274 2427 ι
1295 2376 1360 2428 Ἠ
1383 2374 1437 2428 δὲ
1465 2374 1556 2428 τοῦ
1581 2377 1956 2447 παραδείγμα-

379 2481 470 2528 τος
507 2465 781 2536 ὁμοιότης,
805 2465 883 2529 ὡς
916 2468 981 2519 ἐκ
1009 2465 1103 2519 τοῦ
1130 2466 1406 2537 δρωμένου
1438 2467 1564 2537 περὶ
1587 2467 1657 2520 τὰ
1680 2468 1870 2538 νήπια.
1896 2470 1957 2522 Οἱ

379 2553 491 2624 γὰρ
515 2554 583 2606 τὰ
613 2554 786 2626 μικρὰ
815 2555 922 2608 τῶν
950 2554 1167 2625 βρεφῶν
1195 2556 1276 2618 είς
1321 2557 1511 2626 χεῖρας
1553 2555 1958 2626 ἀναλαμϐάνον-

375 2664 491 2711 τες,
536 2648 698 2699 οἱονεὶ
744 2646 1158 2716 συμποδίζουσιν
1188 2643 1347 2709 αὐτὰ,
1397 2646 1806 2716 συνενεγκόντες
1835 2647 1960 2712 τοὺς

378 2737 568 2800 πόδας.
613 2737 705 2789 Δεῖ
746 2736 876 2807 γὰρ,
912 2733 1087 2807 οἶμαι,
1121 2737 1505 2791 συστέλλεσθαι
1539 2738 1746 2810 μηρούς
1773 2756 1834 2790 τε
1862 2741 1959 2794 καὶ

375 2831 582 2900 γόνατα
619 2828 820 2893 παντὸς
850 2828 944 2883 τοῦ
982 2828 1353 2900 συνιζηκότυς,
1387 2832 1656 2896 τουτέστι,
1688 2833 1750 2885 τὸ
1791 2853 1810 2886 ι
1844 2851 1960 2886 συν-

378 2922 630 2976 επόδισα’
666 2940 684 2973 ι
741 2921 995 2992 καθάπερ
1040 2921 1231 2993 ἀμέλει
1278 2923 1372 2975 καὶ
1424 2923 1552 2994 περὶ
1591 2924 1686 2977 τοῦ
1709 2925 1958 2996 Ἀϐραὰμ

374 3017 709 3088 γέγραπται,
731 3015 814 3068 ὃτι
845 3013 1394 3068 συνεπόδισενῚσαάκ
1412 3014 1504 3068 τὸν
1528 3015 1639 3068 υἱὸν
1660 3017 1846 3079 αὐτοῦ,
1870 3018 1959 3071 ὅτε

377 3111 472 3162 καὶ
504 3109 654 3162 θύειν
681 3107 840 3160 αὑτὸν
867 3106 1235 3178 προσεδόκησε
1264 3105 1340 3177 τῷ
1373 3107 1511 3178 Θεῷ.
1552 3109 1760 3164 Είδέναι
1791 3109 1846 3162 δὲ
1869 3111 1960 3163 ἀν-

373 3202 624 3269 αγκαῖον,
665 3199 746 3252 ὅτι
783 3197 894 3251 τῶν
928 3198 1197 3271 Ἐϐραίων
1233 3201 1265 3270 ἡ
1293 3199 1524 3268 ἐκδοσις,
1549 3199 1644 3254 καὶ
1674 3201 1779 3271 μὴν
1812 3201 1902 3255 καὶ
1925 3203 1958 3271 ἡ

374 3290 486 3343 τῶν
520 3290 745 3360 ἐτέρων,
786 3289 884 3341 οὐκ
926 3288 1040 3359 ἔχει
1071 3289 1153 3353 τὸ,
1192 3308 1210 3340 ι
1247 3290 1588 3346 συνεπόδισα.
1621 3310 1640 3343 ι
1673 3291 1960 3345 Τεθείκασι

371 3383 435 3436 ’δὲ
467 3382 664 3454 μᾶλλον
699 3382 778 3444 τὸ,
817 3401 834 3433 ι
869 3381 1100 3449 Γέγονεν
1144 3374 1227 3445 ὡς
1278 3382 1494 3453 τιθηνὸς
1526 3383 1605 3454 τῷ
1643 3385 1902 3455 Ἐφραῒμ.
1940 3403 1957 3434 ι

373 3473 588 3528 ὒὺκοῦν
617 3472 726 3542 ἐγὼ
762 3472 861 3542 μὲν
905 3471 1034 3544 περὶ
1073 3473 1270 3536 αὐτοὺς
1301 3474 1563 3541 τοιοῦτος,
1590 3475 1742 3527 αὐτοὶ
1778 3476 1834 3528 δὲ
1865 3476 1964 3529 οὐκ

375 3568 643 3636 ἔγνωσαν,
665 3566 967 3633 τουτέστιν,
994 3566 1053 3619 οὐ
1085 3567 1344 3637 συνῆκαν,
1367 3569 1467 3621 οὐκ
1496 3568 1724 3640 ᾔσθοντο
1747 3570 1827 3622 ὄτι
1860 3587 1962 3623 κα-

377 3661 686 3732 ταφθείρων
739 3659 985 3732 ἐτέρους,
1031 3660 1141 3713 τῶν
1173 3663 1300 3714 κατ’
1325 3662 1524 3726 αὐτοὺς
1562 3663 1818 3734 ποιοῦμαι
1864 3662 1964 3733 τὴν

374 3752 773 3826 ἐπανόρθωσιν·
801 3750 958 3805 τοῦτο
989 3751 1097 3824 γὰρ
1122 3752 1203 3819 τὸ,
1238 3754 1463 3821 «Ἴαμαι
1499 3753 1697 3818 αὐτοὺς
1747 3757 1803 3808 ἐν
1847 3756 1963 3809 δια-

377 3847 554 3918 φθορᾷ
603 3843 926 3916 ἀνθρώπων.
951 3863 969 3896 ι
1005 3843 1448 3914 Κατεφθάρησαν
1500 3845 1599 3916 μὲν
1642 3847 1747 3918 γὰρ
1791 3848 1960 3915 Αἰγύ-

377 3957 526 3994 πτιοι
572 3939 776 4010 πρῶτοι
824 3939 944 4000 ταῖς
987 3935 1117 3989 δέκα
1173 3936 1429 4003 πληγαῖς,
1463 3937 1563 3990 οὐκ
1593 3938 1834 4001 ἀνιέντος
1865 3938 1960 3992 τοῦ

369 4032 595 4103 Φαραώ.
633 4030 786 4086 Μετὰ
816 4030 872 4083 δέ
910 4046 974 4097 γε
1022 4028 1119 4092 τὰς
1164 4028 1477 4097 Αἰγυπτίων
1509 4029 1742 4099 πληγὰς,
1773 4031 1961 4085 διολώ-

373 4118 503 4173 itast
545 4119 788 4181 Χεταῖοι,
831 4117 1018 4171 Εὐαῖοι
1054 4115 1148 4169 καὶ
1177 4117 1515 4189 Ἀμορῤαῖοι,
1553 4120 1844 4173 Χαναναῖοι
1870 4121 1963 4175 καὶ

388 4209 728 4273 Ἰεδουσαῖοι,
778 4207 871 4272 οὓς
918 4206 1218 4277 νενικηκὼς
1271 4209 1611 4280 κατακράτος
1654 4212 1682 4263 ό
1722 4211 1960 4283 Ἰσραὴλ,

376 4303 819 4375 κεκληρονόμηκε
867 4302 965 4371 τῆς
1015 4299 1346 4368 ἐπαγγελίας
1390 4302 1490 4372 τὴν
1537 4303 1658 4372 γῆν,
1687 4303 1822 4356 Θεοῦ
1855 4306 1962 4358 πᾶν

372 4397 560 4461 αὐτοῖς
611 4392 1039 4465 καταφιλοῦντος
1083 4393 1144 4446 τὸ
1191 4393 1439 4460 ἄναντες,
1470 4395 1564 4448 καὶ
1603 4395 1664 4448 τὸ
1703 4394 1962 4449 δύνασθαι

375 4488 797 4560 κατευμεγεθεῖν
821 4487 930 4541 τῶν
956 4485 1168 4559 ἐχθρῶν
1191 4486 1577 4556 ἀπονέμοντος.
1603 4487 1833 4551 Οὐκοῦν,
1862 4490 1962 4542 οὐκ

373 4580 741 4646 αἰσθάνονται,
769 4580 954 4651 φησιν,
983 4579 1064 4632 ὅτι
1091 4577 1472 4649 καταφθείρων
1491 4579 1814 4651 ἀνθρώπους
1832 4581 1958 4644 τοὺς
1992 4615 2036 4670 D

369 4673 653 4744 ὁμογενεῖς
703 4671 908 4737 αὐτοῖς,
963 4667 1022 4723 εὖ
1071 4669 1282 4725 ἐτίθουν
1326 4674 1395 4724 τὰ
1435 4671 1559 4724 κατ’
1592 4670 1823 4734 αὐτούς*
1866 4673 1958 4725 καὶ

373 4765 620 4832 ἐξέτεινα
648 4762 868 4827 αὐτοὺς,
898 4762 1167 4828 τουτέστι,
1205 4761 1557 4831 συνέσφιγξα,
1581 4765 1674 4816 καὶ
1700 4764 1957 4834 συνέσχον

374 4859 433 4910 ἐν
468 4857 688 4926 δεσμοῖς
734 4855 975 4926 ἀγάπης.
995 4856 1135 4909 Ἀλλ’
1168 4857 1324 4926 εἶπερ
1352 4851 1492 4927 ἦσαν
1535 4858 1709 4925 σοφοὶ,
1741 4858 1959 4920 πάντως

373 4967 478 5002 που
521 4949 616 5002 καὶ¹
658 4949 971 5018 ἐνενόησαν,
1003 4948 1098 5002 καὶ
1129 4948 1433 5017 ἐλογίζοντο
1465 4948 1607 5001 κατά
1647 4950 1806 5018 σφᾶς,
1837 4948 1957 5002 ἀνθ’

373 5043 499 5096 ὅτου
525 5039 595 5093 τὰ
625 5039 726 5109 μὲν
761 5039 889 5110 ἔθνη
921 5039 1096 5092 ταῦτα
1134 5039 1451 5110 κατεφθάρη
1480 5040 1631 5111 παρὰ
1653 5040 1812 5106 Θεοῦ,
1834 5041 1960 5093 ἀντ-

373 5132 842 5203 ιισκεκομίσμεθα
885 5131 947 5184 δὲ
992 5133 1170 5203 ἡμεῖς.
1201 5130 1460 5194 Συνέντες
1501 5131 1610 5201 γὰρ
1655 5131 1850 5195 οὕτως,
1875 5133 1959 5185 ὃτι

376 5223 660 5294 μεμίσηκα
696 5222 788 5274 τὸν
829 5222 1131 5294 ἀλιτήριον,
1161 5221 1256 5275 καὶ
1296 5222 1396 5274 οὐκ
1433 5222 1491 5273 ὲν
1517 5221 1659 5292 λόγῳ
1698 5221 1959 5292 ποιοῦμαι

371 5313 462 5365 τὸν
505 5311 615 5364 τῶν
654 5311 946 5380 δαιμονίων
987 5311 1348 5382 θεραπευτὴν,
1383 5309 1683 5380 κατέληξαν
1728 5311 1793 5363 ἂν
1818 5312 1958 5381 τάχα

372 5423 478 5459 που
507 5404 600 5458 τοῦ
632 5405 762 5476 δρᾷν
791 5403 1006 5458 ἑλέσθαι
1033 5404 1101 5458 τὰ
1128 5405 1501 5476 παραπλήσια.
1531 5406 1622 5457 Δεῖ
1643 5404 1706 5475 δὴ
1731 5402 1823 5458 οὖν
1849 5405 1958 5476 ἄρα

371 5499 486 5561 τοῖς
519 5496 805 5552 ἐθέλουσιν,
821 5497 1134 5567 εὐφραίνειν
1161 5497 1294 5551 Θεὸν
1322 5498 1417 5552 καὶ
1448 5496 1711 5566 λογισμοῦ
1744 5496 1958 5566 σώφρο-

371 5605 484 5653 νος,
515 5588 611 5642 καὶ
656 5589 852 5660 φρενὸς
897 5589 1127 5660 ἀγαθῆς,
1162 5589 1254 5642 καὶ
1299 5589 1397 5660 τὴν
1422 5589 1506 5658 ἐφ’
1532 5588 1737 5661 ἑτέροις
1769 5589 1960 5662 ὀργὴν,

372 5680 671 5751 ἀσφαλείας
699 5683 970 5736 ποιεῖσθαι
993 5683 1289 5754 πρόφασιν.
1314 5681 1604 5736 Πάνδεινον
1627 5681 1683 5735 δὲ
1707 5681 1806 5752 τῆς
1828 5684 1962 5754 ἀχα-

373 5772 590 5844 ριστίας
636 5773 699 5828 τὸ
748 5773 958 5846 χρῆμα,
994 5774 1090 5828 καὶ
1137 5774 1213 5838 ὡς
1256 5773 1543 5842 ἐφ’ἆπασι
1588 5771 1701 5836 τοῖς
1739 5773 1960 5840 ἀτόποις

449 5870 704 5925 “latth.
736 5885 813 5934 ιτ,
845 5869 932 5926 ιε
1011 5871 1056 5903 ³⁸
1083 5869 1216 5928 lbid.
1255 5869 1337 5924 l5.
1419 5869 1462 5900 "
1488 5868 1624 5924 Gen.
1663 5884 1801 5937 xx",
1831 5869 1883 5926 9.

739 5967 1012 6026 Ριτιιοιη
1054 5964 1170 6022 (in.
1220 5961 1442 6025 LXXI.

1990 3271 2030 3329 C

2067 2021 2168 2061 nus
2212 2022 2355 2072 sum,
2404 2007 2686 2079 Ephraim,
2729 2010 2844 2064 sive
2894 2009 3203 2065 universum
3252 2011 3413 2068 Israel
3447 2013 3528 2084 (ut
3573 2030 3640 2070 ex

2065 2110 2168 2149 una
2212 2099 2352 2152 tribu
2383 2099 2471 2153 hic
2518 2099 2924 2170 signiﬁcatum),
2965 2117 3274 2173 quanquam
3322 2106 3456 2162 adeo
3487 2109 3641 2164 stoli-

2065 2186 2191 2242 dum
2220 2189 2490 2259 colligavi,
2517 2191 2712 2261 inquit.
2743 2193 2894 2258 Quod
2919 2196 3048 2263 quid
3084 2197 3177 2260 sit,
3208 2197 3435 2266 ipsemet
3458 2200 3640 2256 decla—

2069 2289 2170 2344 rat,
2219 2298 2236 2330 ι
2266 2283 2478 2352 suscepi
2529 2299 2652 2337 eum
2706 2299 2868 2354 super
2897 2285 3175 2342 brachium
3228 2304 3425 2346 meum.
3453 2311 3472 2342 ι
3510 2291 3640 2360 Quae

2067 2370 2363 2427 similitudo
2418 2375 2485 2426 ab
2532 2374 2597 2428 iis
2642 2391 2762 2444 quae
2818 2375 3115 2435 infantibus
3165 2380 3332 2447 ﬁunt,
3398 2383 3639 2440 ducitur.

2067 2460 2169 2527 Qui
2206 2463 2350 2515 enim
2392 2463 2626 2521 infantes
2681 2468 2732 2522 in
2786 2469 2939 2526 ulnas
2981 2471 3302 2541 suscipiunt,
3351 2476 3507 2543 quasi
3544 2490 3643 2532 eos

2066 2552 2416 2619 compedibus
2476 2553 2663 2622 ligant,
2728 2557 2852 2612 dum
2905 2573 3091 2614 eorum
3137 2562 3298 2630 pedes
3345 2565 3640 2634 stringunt.

2067 2639 2290 2712 Oportet
2355 2646 2543 2713 enim,
2582 2659 2636 2699 ut
2699 2650 2976 2714 arbitror,
3017 2653 3261 2708 contrahi
3318 2655 3527 2712 femora
3586 2668 3645 2713 et.

2065 2751 2237 2804 genua
2283 2736 2570 2807 cujuslibet
2616 2739 2965 2797 considentis.
2998 2743 3173 2812 Atque
3211 2746 3315 2801 hoc
3353 2756 3457 2814 est,
3488 2766 3511 2801 ‹
3540 2751 3645 2806 col-

2067 2827 2257 2898 ligavi;
2307 2847 2326 2881 ι
2379 2831 2521 2885 sicut
2592 2832 2840 2888 videlicet
2912 2843 2967 2889 et
3030 2837 3096 2891 de
3163 2839 3436 2896 Abraham
3502 2845 3640 2898 scri-

2065 2931 2212 2989 ptum
2267 2933 2389 2987 est,
2443 2937 2566 2976 eum
2647 2923 2934 2996 colligasse
3010 2925 3163 2984 Isaac
3212 2930 3378 2986 tilium
3459 2949 3638 3002 suum,

2064 3014 2491 3068 sacriﬁcaturum
2525 3015 2634 3070 Deo
2652 3017 2719 3083 ",
2759 3027 2817 3071 ut
2851 3018 3092 3087 putabat.
3145 3020 3432 3078 Sciendum
3479 3040 3644 3095 porro

2066 3103 2413 3160 Hebraeorum
2459 3109 2752 3163 editionem
2809 3119 2972 3180 atque
3025 3112 3257 3167 aliorum
3311 3116 3474 3171 etiam
3533 3135 3642 3174 non

2068 3197 2286 3263 habere,
2345 3198 2736 3268 «colligavip
2804 3203 2902 3257 sed
2958 3202 3090 3258 illud
3153 3207 3352 3274 potius,
3419 3207 3645 3267 «factus

2063 3306 2182 3342 sum
2219 3289 2371 3356 quasi
2415 3292 2671 3346 nutritius
2691 3291 2966 3361 Ephraim.
2996 3313 3018 3347 ο
3055 3295 3241 3368 Itaque
3281 3314 3382 3370 ego
3424 3302 3641 3370 quidem

2063 3394 2192 3449 erga
2239 3382 2384 3452 ipsos
2433 3383 2557 3438 talis
2606 3382 2719 3450 fui;
2775 3402 2795 3436 ι
2825 3385 2926 3455 ipsi
2979 3397 3160 3442 autem
3215 3406 3322 3445 non
3371 3406 3641 3462 cognove-

2065 3480 2213 3536 runt,
2244 3490 2263 3524 ι
2303 3473 2405 3528 hoc
2439 3483 2548 3539 est,
2593 3489 2701 3528 non
2747 3475 3141 3543 intellexerunt,
3192 3496 3298 3536 non
3347 3495 3633 3539 senserunt

2065 3578 2150 3618 me
2182 3562 2316 3617 alios
2347 3563 2618 3632 perdenda
2659 3564 2791 3633 ipsis
2819 3565 3127 3632 consulere,
3167 3568 3269 3624 hoc
3303 3569 3463 3642 159
3492 3573 3636 3628 enim

2063 3662 2168 3720 est,
2198 3673 2222 3707 ι
2259 3668 2396 3710 sano
2423 3655 2567 3724 ipsos
2597 3655 2652 3709 in
2677 3658 3023 3726 corruptione
3051 3659 3350 3717 hominum.
3386 3680 3406 3713 ι
3442 3663 3641 3720 Corru-

2063 3745 2136 3815 pti
2189 3746 2358 3809 enim,
2397 3760 2490 3800 seu
2546 3747 2723 3801 vexati
2781 3758 2908 3803 sunt
2966 3749 3204 3820 Egyptii
3247 3752 3408 3822 primi
3452 3757 3639 3813 decem

2061 3837 2258 3909 plagis,
2287 3853 2392 3892 non
2417 3838 2719 3893 dimittente
2750 3837 3054 3895 Pharaone.
3085 3840 3215 3896 Post
3248 3841 3436 3913 plagas
3460 3843 3638 3918 Egy-

2065 3930 2204 4000 ptias
2243 3929 2521 4001 perierunt
2560 3930 2824 3999 Chethaei,
2873 3933 3012 3987 Ενωί
3061 3942 3118 3988 et
3166 3934 3640 4003 Amorrhaei,Cba-

2062 4022 2238 4077 uanaei
2283 4031 2339 4078 et
2376 4021 2630 4087 Jebusaai,
2668 4023 2864 4092 quibus
2907 4024 3186 4081 debellatis
3226 4027 3393 4084 Israel
3434 4037 3638 4085 terram

2064 4110 2442 4177 promissionis
2478 4111 2705 4180 adeptus
2751 4121 2856 4176 est,
2891 4113 3000 4168 Deo
3051 4130 3210 4170 omne
3256 4119 3484 4173 arduum
3531 4120 3640 4174 illis

2064 4202 2463 4272 complanante,
2519 4205 2898 4275 tribuenteque
2943 4215 3003 4259 ut
3046 4205 3294 4263 hostibus
3329 4210 3641 4280 superiores

2064 4294 2297 4350 evadere
2330 4303 2571 4365 possent.
2603 4295 2808 4364 igitur,
2841 4313 2946 4352 non
2992 4298 3513 4368 animadverterunt,
3551 4304 3638 4359 in-

2066 4387 2205 4455 quit,
2244 4390 2388 4456 quod
2426 4387 2675 4444 homines
2717 4397 2921 4443 naturae
2951 4389 3191 4459 ipsorum
3233 4403 3514 4450 consortes
3541 4396 3638 4451 de-

2067 4479 2224 4547 leas,
2272 4495 2459 4534 eorum
2509 4481 2672 4536 rebus
2736 4481 3136 4552 prospicerem,
3190 4492 3244 4537 et
3290 4486 3638 4542 extenderem

2066 4583 2179 4633 eos,
2222 4570 2323 4624 hoc
2367 4577 2473 4633 est,
2520 4570 2973 4641 constringerem,
3009 4583 3064 4626 et
3099 4573 3409 4628 cohiberem
3459 4592 3553 4633 eos
3583 4579 3636 4632 in

2064 4661 2294 4716 vinculis
2334 4662 2840 4732 charitatis.Atqui,
2892 4664 2937 4718 si
2985 4665 3309 4735 sapuissent,
3347 4669 3531 4736 utique
3580 4681 3636 4724 et

2065 4752 2411 4820 cogitassent,
2439 4763 2495 4806 et
2521 4753 2658 4820 apud
2693 4769 2752 4809 se
2787 4755 3090 4812 ratiocinati
3118 4768 3320 4826 essent,
3355 4775 3524 4829 quare
3555 4763 3640 4816 hzn

2065 4859 2254 4918 gentes
2285 4865 2312 4900 a
2343 4847 2454 4904 Deo
2481 4849 2690 4916 deleta),
2724 4860 2780 4905 et
2813 4853 2912 4921 ipsi
2946 4863 3134 4908 contra
3179 4855 3469 4912 introducti
3500 4857 3640 4914 fuis-

2065 4947 2206 4994 sent.
2249 4938 2340 4994 Sic
2390 4941 2559 5007 enim,
2612 4957 2734 4996 cum
2780 4943 3174 5002 intellexissent
3218 4949 3344 5016 quia
3401 4950 3637 5006 odissem

2061 5040 2429 5100 peccatorem,
2459 5032 2873 5105 daemonumque
2897 5036 3163 5092 cultorem
3193 5039 3639 5108 spernerem,de—

2063 5122 2284 5178 siissent
2302 5123 2536 5179 fortasse
2558 5126 2756 5181 similia
2778 5130 3139 5184 committere.
3173 5130 3320 5200 Opus
3340 5140 3424 5186 est
3453 5131 3640 5203 itaque

2063 5213 2230 5268 Deum
2265 5213 2538 5270 laetiﬁcare
2575 5219 2877 5274 volentibus
2902 5228 2956 5274 et
2987 5220 3235 5290 prudenti
3283 5222 3635 5294 cogitatione,

2064 5314 2120 5361 et
2152 5314 2332 5360 mente
2368 5308 2531 5374 bona,
2563 5317 2617 5363 et
2657 5309 2793 5363 iram
2836 5309 2890 5364 in
2922 5310 3056 5364 alios
3084 5310 3138 5365 in
3187 5327 3300 5366 suae
3328 5313 3639 5369 securitatis

2066 5398 2407 5454 occasionem
2458 5410 2796 5455 convertere.
2848 5399 3242 5456 Gravissimum
3293 5413 3473 5457 autem
3517 5418 3638 5458 esse

2064 5491 2272 5546 crimen
2305 5491 2530 5561 ingratae
2563 5492 2878 5558 voluntatis,
2918 5502 2972 5547 et
3014 5493 3167 5561 quasi
3215 5495 3394 5549 omnis
3435 5494 3640 5564 impro-

2066 5586 2250 5640 bitatis
2315 5586 2626 5641 convictum
2673 5587 2873 5641 merito
2920 5587 3098 5656 puniri
3155 5586 3248 5656 qui
3299 5588 3403 5642 hoc
3447 5587 3640 5644 morbo

2069 5690 2303 5747 tenetur,
2345 5689 2397 5736 et
2442 5679 2569 5736 hinc
2599 5679 2759 5736 facile
2806 5690 2891 5736 est
2936 5681 3139 5739 videre.
3178 5680 3427 5753 Ingratus
3466 5681 3636 5750 enim,

2070 5773 2262 5846 inquit,
2293 5781 2376 5830 est
2395 5773 2588 5830 similis
2613 5773 2942 5845 blasphemo.

3253 5957 3286 6016 9
