4110 6368
477 343 583 403 $.31

1421 376 1426 378 -
1460 339 1828 399 S.-CYRILLI
1867 334 2332 394 ALEXANDRINI
2376 333 2694 391 ARCIIIEP.
2800 384 2805 390 .

3609 318 3718 393 ass

482 435 864 528 ἑληλεγμένοις
896 456 1175 521 κολάζοιτο
1243 454 1307 508 ἂν
1345 457 1568 520 εἰκότως
1630 458 1658 511 ὁ
1683 459 1749 527 τῇ
1793 454 1933 525 νόσῳ
1975 451 2306 526 περιπεσὼν,
2367 450 2660 507 κάντεῦθεν
2693 449 2824 520 ἡμῖν
2863 411 3083 499 εὔκολον
3123 443 3270 498 ἰδεῖν.
3301 441 3360 496 '0
3388 438 3497 512 γὰρ
3521 437 3718 510 ἀχάρι·

481 567 626 614 στος,
667 550 853 621 φησιν,
878 551 954 614 ὡς
986 550 1318 622 βλάσφημος.

552 640 622 694 'Et
652 657 740 694 era
777 640 882 694 illis
907 642 1062 711 quasi
1087 641 1220 695 dans
1247 640 1457 708 alapam
1493 641 1648 695 [tanta
1681 657 1836 709 super
1859 639 2051 694 maxil-

2224 631 2337 687 Καὶ
2378 632 2594 699 ἔσομαι
2626 624 2833 694 αὐτοῖς
2862 628 2942 695 ὡς
2977 628 3238 695 ῥαπίζων
3269 626 3578 694 ἅνθρωπος
3621 622 3722 680 ἐπὶ

485 735 561 787 Ias
597 734 731 803 ejus,
764 741 811 786 et
840 733 1119 802 respiciam
1150 733 1220 787 ad
1247 731 1422 801 illum,
1452 732 1745 801 prwvalebo
1771 733 1872 787 illi.

553 908 809 964 CXXVII.
868 909 1130 977 Quoniam
1186 908 1399 964 dicebat
1449 923 1510 963 se
1553 909 1804 964 dilexisse
1854 921 1969 966 eos.
2003 915 2057 960 et

487 1004 657 1057 instar
701 1003 924 1057 infantis
970 1004 1021 1056 in
1057 1002 1277 1057 brachia
1320 1002 1621 1072 accepisse,
1649 1009 1703 1054 et
1732 999 1883 1052 velut
1928 1013 2057 1052 con-

487 1093 777 1148 strinxisse
807 1091 1036 1146 vinculis
1065 1091 1352 1146 charitatis
1381 1089 1665 1160 Ephraim,
1702 1089 1830 1142 licet
1859 1087 2056 1142 etiam-

489 1202 612 1240 ntnn
649 1184 931 1256 profanum
963 1194 1016 1239 et
1045 1183 1391 1254 ﬂagitiosum,
1435 1182 1640 1237 idcirco
1677 1193 1730 1235 et
1766 1195 2061 1234 conversu-

488 1293 608 1332 rum
639 1284 950 1345 peccantem
984 1275 1158 1343 inquit
1189 1291 1202 1328 :
1249 1291 1266 1324 ι
1305 1272 1475 1340 Quem
1507 1273 1650 1326 enim
1689 1271 1866 1339 diligit
1895 1269 2057 1332 Deus,

487 1369 732 1436 corripit,
765 1366 1000 1436 ﬂagellat
1033 1377 1210 1419 autem
1248 1380 1463 1419 onmem
1513 1363 1677 1416 lilium
1711 1376 1873 1432 quem
1922 1359 2063 1414 reci-

481 1461 568 1530 pit
595 1461 660 1514 ".
700 1478 719 1512 ι
757 1458 889 1514 Vide
929 1470 1107 1512 autem
1147 1456 1419 1527 quomodo
1473 1453 1906 1510 mansuetudinis
1952 1451 2063 1504 Deo

488 1554 664 1622 dignae
711 1567 817 1607 non
867 1558 1144 1618 expertem
1194 1548 1360 1603 etiam
1411 1544 1773 1615 correptionis
1845 1541 2061 1597 modum

492 1645 836 1715 polliceatur.
885 1641 1105 1697 Similes
1143 1641 1286 1695 enim
1339 1638 1456 1693 fore
1499 1637 1632 1692 dicit
1680 1634 1849 1704 alapis
1903 1648 2063 1688 manu

487 1738 723 1791 humana
753 1735 998 1804 impactis
1029 1749 1155 1789 suos
1179 1733 1231 1786 in
1263 1746 1356 1786 eos
1384 1731 1636 1798 impetus.
1666 1727 1850 1782 Potest
1880 1738 2063 1780 autem

490 1827 796 1890 huiusmodi
837 1827 1074 1895 impetus
1116 1832 1377 1894 paternus
1424 1819 1692 1890 intelligi,
1746 1818 2065 1874 remissione

490 1927 546 1973 et
575 1918 840 1973 cbaritate
869 1931 1083 1986 paruam
1116 1916 1375 1979 miscens,
1410 1921 1463 1967 et
1505 1911 1653 1966 velut
1699 1909 1842 1964 lenta
1878 1923 2062 1974 manu,

2152 723 2261 791 τὰς
2289 722 2578 793 σιαγόνας
2619 719 2826 785 αὐτοῦ,
2861 718 2963 772 καὶ
3003 715 3402 786 ἐπιϐλέψομαι
3437 713 3585 786 πρὸς
3617 716 3726 770 αὑ·
3793 739 3804 764 ~.

2153 815 2282 877 τὸν,
2307 812 2644 881 δυνήσομαι
2675 807 2852 876 αὐτῷ.

2225 904 2396 958 PKZ'.
2441 903 2658 974 Ἐπειδὴ
2691 903 2800 973 γάρ
2828 901 3063 972 ἔφασκεν
3109 901 3456 970 ἠγαπηκέναι
3503 915 3582 963 τε,
3631 896 3727 952 καὶ

2156 995 2232 1057 ὡς
2261 997 2317 1047 ἐν
2344 994 2494 1060 τάξει
2536 993 2765 1063 βρέφους
2797 994 2877 1056 εἰς
2920 991 3177 1064 βραχίονα
3219 990 3422 1055 λαϐεῖν,
3463 989 3728 1043 συνδεῖναι

2157 1085 2213 1137 δὲ
2245 1083 2432 1154 ὥσπερ
2475 1084 2568 1138 καὶ
2617 1084 2674 1135 ἐν
2718 1083 2937 1151 δεσμοῖς
2979 1082 3218 1151 ἀγάπης,
3259 1082 3353 1134 καί
3388 1099 3469 1134 τοι
3505 1079 3731 1150 βέϐηλον

2159 1173 2260 1238 ἔτι,
2291 1173 2383 1226 καὶ
2412 1172 2690 1242 ἀλιτήριον
2739 1171 2867 1224 ὄντα
2905 1169 2995 1223 τὸν
3043 1167 3302 1239 Ἐφρσῒμ,
3348 1169 3604 1242 ταύτητοι
3640 1163 3734 1222 καὶ

2159 1265 2506 1335 ἐπιστρέψειν
2535 1261 2955 1334 πλημμελοῦντά
2984 1279 3146 1331 φησιν
3173 1280 3186 1293 ·
3231 1282 3250 1314 ι
3285 1263 3381 1316 Ὃν
3409 1262 3516 1330 γὰρ
3548 1262 3735 1334 ἀγαπᾷ

2162 1354 2387 1429 Κύριος,
2425 1354 2690 1416 παιδεύει,
2727 1356 2983 1424 μαστιγοῖ
3009 1353 3067 1406 δὲ
3098 1353 3277 1407 πάντα
3319 1351 3436 1408 υἱὸν
3465 1353 3521 1407 ὃν
3552 1371 3730 1424 παρα

2161 1447 2391 1517 δέχεται.
2422 1465 2441 1498 ι
2479 1446 2587 1499 Θέα
2616 1447 2673 1500 δὲ
2701 1447 2848 1510 ὅπως
2892 1447 3229 1518 ἡμερότητος
3269 1446 3369 1499 οὐκ
3410 1447 3736 1516 ἀμοιρήσειν

2163 1536 2260 1606 τῆς
2288 1535 2646 1609 θεοπρεποῦς,
2669 1537 2760 1590 καὶ
2792 1537 2881 1589 τὸν
2901 1537 3000 1605 τῆς
3025 1535 3369 1607 ὲπιπλήξεως
3395 1537 3737 1606 ὑπισχνεῖται

2162 1629 2382 1700 τρόπον.
2429 1629 2516 1681 Ἐν
2552 1629 2651 1699 ἴσῳ
2689 1628 2797 1699 γὰρ
2830 1628 3047 1681 ἔσεσθαί
3075 1643 3208 1698 φησι
3245 1630 3356 1692 τοῖς
3390 1629 3471 1692 εἰς
3515 1629 3741 1697 σιαγόνα

2168 1719 2472 1790 ῥαπίσμασι
2501 1718 2592 1771 διά
2620 1719 2719 1788 τῆς
2747 1717 3034 1788 ἀνθρώπου
3081 1716 3262 1788 χειρὸς
3305 1715 3376 1769 τὰ
3418 1716 3505 1776 ἐπ’
3544 1715 3741 1779 αὐτοὺς

2167 1812 2459 1882 κινήματα.
2489 1809 2702 1882 Πατρὸς
2738 1809 2782 1862 δ’
2811 1810 2879 1863 ἂν
2905 1810 3074 1862 νοοῖτο
3113 1808 3321 1880 κίνημα
3362 1809 3530 1872 τουτὶ,
3569 1805 3743 1877 φειδοῖ

2165 1903 2261 1956 καὶ
2284 1902 2473 1975 ἀγάπῃ
2501 1901 2856 1974 κεραννύντος
2877 1901 2945 1954 τὰ
2972 1899 3030 1966 ἐξ
3055 1902 3244 1972 ὀργῆς,
3271 1901 3365 1955 καὶ
3398 1895 3508 1954 οἷον
3536 1899 3740 1971 ὴρέμα,

481 2017 546 2066 'et
588 2010 674 2063 vix
711 2007 1047 2077 percutiens,
1094 2021 1162 2061 ne
1208 2004 1427 2074 penitus
1461 2017 1567 2056 non
1611 1998 1918 2054 vindicasse
1946 1997 2058 2052 culo

2173 1993 2261 2047 καὶ
2288 1993 2432 2063 χειρὶ
2455 1993 2780 2064 πλήττοντος
2809 1993 2980 2062 μόλις,
3014 1992 3089 2057 ὡς
3129 1993 3196 2047 ἂν
3237 1993 3314 2070 μὴ
3355 1993 3743 2065 ἀνεπιτίμητος

491 2117 614 2172 pam
661 2100 932 2154 videatur.
974 2097 1249 2165 Quoniam
1305 2105 1490 2149 autem
1530 2091 1738 2157 dilexit,
1775 2090 1938 2144 etiam
1986 2103 2070 2140 re-

492 2203 800 2264 apecturum
849 2204 1014 2259 super
1077 2188 1250 2258 ipsum
1301 2183 1556 2254 spondet.
1609 2183 1873 2252 Dignatur
1922 2181 2065 2233 enim

493 2292 740 2353 respectu
775 2295 912 2349 quos
943 2281 1233 2334 honestare
1259 2275 1515 2341 voluerit,
1547 2282 1602 2329 et
1636 2271 1898 2342 praevalet
1937 2286 2068 2324 con-

494 2387 574 2431 tm
624 2389 744 2438 nos,
781 2371 941 2442 1'60
990 2369 1232 2424 doctrina
1269 2377 1326 2422 et
1362 2367 1564 2420 virtute
1611 2364 1795 2420 divina
1838 2363 2068 2417 rebelles

492 2467 596 2521 sibi
637 2464 954 2532 subjiciens.
989 2460 1121 2514 Nam
1161 2475 1283 2515 cum
1321 2459 1375 2511 in
1425 2457 1702 2512 suadendo
1733 2454 1866 2510 nihil
1901 2457 2068 2523 proli—

491 2558 590 2622 cit,
640 2556 968 2611 necessitate
1003 2555 1066 2607 ad
1103 2551 1508 2621 complectenda
1561 2548 1791 2604 meliora
1832 2546 2068 2616 compel-

492 2649 577 2712 lit,
628 2657 684 2702 et
714 2644 1156 2701 tribulationibus
1184 2644 1351 2713 adigit
1389 2642 1458 2696 ad
1492 2641 1542 2694 id
1587 2639 1728 2708 quod
1763 2639 1919 2693 nobis
1949 2639 2068 2707 plu-

477 2738 692 2792 rimum
721 2735 996 2799 conducit,
1043 2743 1101 2788 et
1154 2734 1220 2786 ad
1266 2731 1494 2787 salutem
1536 2739 1620 2783 est
1679 2729 2064 2783 necessarium.

493 2829 694 2883 Audiat
723 2843 853 2897 ergo
881 2843 910 2882 a
937 2827 1094 2880 nobis
1125 2825 1508 2879 universorum
1544 2821 1712 2883 Deus,
1753 2839 1772 2872 ι
1805 2820 1860 2873 in
1892 2820 2066 2873 tribu-

489 2917 695 2971 latione
741 2929 903 2985 parva
961 2912 1247 2981 castigatio
1295 2923 1384 2966 tua
1437 2910 1593 2964 nobis
1627 2910 1696 2962 ⁸⁷.
1740 2927 1760 2960 ι
1818 2907 1944 2962 11ωο
1988 2918 2070 2961 est

495 3008 673 3076 alapa.
710 3006 774 3060 Et
807 3021 1018 3060 rursum
1051 3021 1066 3057 :
1103 3021 1121 3054 ι
1156 3004 1370 3073 Castiga
1421 3018 1535 3063 nos.
1565 3002 1814 3065 Domine,
1854 3017 2069 3056 verum-

491 3099 754 3153 tamenin
792 3096 1019 3165 judicio,
1047 3104 1104 3148 et
1133 3109 1238 3149 non
1271 3094 1324 3148 in
1371 3093 1576 3159 furore,
1610 3106 1676 3147 ne
1707 3106 1805 3147 nos
1834 3091 1902 3146 ad
1933 3106 2068 3160 pau-

497 3192 716 3246 citatem
766 3187 985 3258 redigas
1018 3186 1088 3242 “.
1150 3205 1169 3238 ι
1216 3184 1479 3254 Castigari
1521 3184 1666 3238 enim
1727 3181 2070 3238 credentibus

498 3281 784 3336 molestum
837 3289 1001 3348 atque
1042 3276 1295 3332 acerbum
1349 3291 1454 3330 non
1503 3282 1608 3329 est.
1653 3272 1712 3327 In
1771 3273 1851 3327 ira
1891 3282 2067 3325 autem

2170 2085 2393 2157 ὑπάρχῃ
2441 2084 2740 2147 παντελῶς.
2782 2084 3000 2154 Ἐπειδὴ
3051 2084 3108 2138 δὲ
3151 2082 3426 2156 ἠγάπησε,
3472 2085 3567 2139 καὶ
3622 2087 3744 2138 ἑπι-

2169 2175 2387 2246 suam
2437 2177 2526 2228 ἐπ’
2579 2177 2741 2231 αὑτὸν
2779 2175 3194 2244 ἐπαγγέλλεται.
3253 2176 3419 2240 Ἀξιοῖ
3456 2176 3566 2249 γὰρ
3616 2177 3744 2230 ὲπο·

2170 2270 2382 2334 πτείας,
2415 2267 2508 2333 οὓς
2533 2269 2599 2323 ἂν
2629 2268 2802 2322 ἕλοιτο
2825 2270 3012 2342 τιμᾷν,
3042 2270 3135 2324 καὶ
3160 2269 3383 2324 δύναται
3405 2269 3544 2341 πρὸς
3572 2270 3735 2340 ἡμᾶς,

2168 2359 2414 2430 ὲντεχνίᾳ
2493 2359 2587 2413 καὶ
2633 2358 2859 2430 δυνάμει
2915 2362 2980 2431 τῇ
3034 2359 3328 2432 θεοπρεπεῖ
3369 2358 3742 2431 χειρούμενος,

2167 2450 2294 2512 τοὺς
2325 2451 2483 2519 οἵπερ
2515 2449 2579 2502 ἂν
2621 2451 2825 2503 ἕλοιντο
2859 2452 3035 2505 νοσεῖν
3068 2449 3127 2503 τὸ
3162 2450 3391 2522 ὲξήνιον.
3437 2451 3499 2502 El
3535 2451 3639 2520 γὰρ
3671 2447 3746 2521 μὴ

2169 2541 2373 2595 πείθων
2400 2541 2658 2612 ὀνίνησιν,
2684 2541 2741 2609 ἐξ
2760 2542 3006 2613 ἀνάγκης
3030 2542 3348 2613 περιτρέπει
3371 2543 3508 2614 πρὸς
3529 2545 3588 2595 τὸ
3615 2543 3752 2614 δρᾷν

2169 2633 2385 2688 ἑλέσθαι
2410 2634 2472 2686 τὸ
2515 2635 2756 2705 ἄμεινον,
2793 2634 2887 2688 καὶ
2918 2633 3207 2705 μετασοὸεἰ
3233 2637 3353 2698 ταῖς
3380 2633 3590 2702 θλίψεσι
3612 2633 3748 2704 πρὸς

2168 2728 2229 2779 τὸ
2251 2727 2333 2780 ὅτι
2372 2726 2607 2796 μάλιστα
2631 2726 2910 2798 συμφέρον
2947 2743 3006 2780 τε
3033 2729 3188 2798 ἡμῖν,
3216 2727 3636 2795 καὶάναγκαῖον
3668 2727 3750 2790 εἰς

2173 2817 2466 2890 σωτηρίαν.
2512 2819 2779 2872 Ἀκουέτω
2809 2819 2874 2890 δὴ
2921 2814 3013 2872 οὖν
3048 2818 3378 2890 πρὸςοήμῶν
3415 2821 3443 2874 ὁ
3475 2819 3582 2872 τῶν
3611 2819 3749 2872 ὅλων

2169 2910 2301 2972 Θεός
2321 2925 2336 2941 ο
2366 2930 2384 2961 ‹
2408 2911 2496 2963 Ἐν
2526 2910 2701 2980 θλίψει
2732 2913 2904 2983 μικρᾷ
2927 2913 2959 2983 ἡ
2986 2911 3200 2966 παιδεία
3230 2929 3324 2966 σου
3358 2914 3509 2984 ἡμῖν,
3539 2932 3558 2964 ι
3594 2912 3752 2966 τοῦτό

2169 3004 2286 3055 ἐστι
2324 3002 2384 3056 τὸ
2433 3002 2706 3074 ῥάπισμα.
2762 3005 2873 3057 Καὶ
2931 3005 3132 3059 πάλινο
3188 3005 3528 3059 «Παιδευσον
3581 3007 3749 3076 ἡμᾶς.

2169 3095 2364 3164 Κύριε,
2393 3094 2532 3165 πλὴν
2563 3097 2622 3148 ὲν
2648 3095 2848 3165 κρίσει,
2882 3097 2976 3150 καὶ
3010 3097 3085 3167 μὴ
3113 3097 3170 3149 ὲν
3204 3096 3382 3168 θυμῷ,
3419 3098 3504 3151 ἵνα
3537 3097 3610 3168 μὴ
3641 3097 3750 3151 ὀλε-

2170 3200 2300 3252 γους
2327 3186 2474 3254 ἡμᾶς
2500 3186 2752 3256 ποιήσῃς.
2784 3205 2804 3240 ι
2834 3188 2909 3240 Οὺ
2938 3187 3046 3258 γὰρ
3079 3187 3142 3240 τὸ
3170 3187 3517 3242 παιδεύεσθαι
3549 3191 3661 3252 τοῖς
3689 3183 3751 3242 εὗ

2171 3275 2426 3347 φρονοῦσι
2475 3277 2692 3347 πικρόν.
2745 3278 2818 3330 Τὸ
2873 3277 2931 3332 δὲ
2982 3279 3040 3331 ὲν
3079 3279 3215 3350 ὀργῇ
3261 3279 3620 3343 κολάζεσθαι,
3659 3280 3756 3333 καὶ

478 3373 677 3443 ‘puniri
711 3381 767 3426 et
805 3371 1084 3435 horribile,
1116 3379 1172 3424 et
1220 3366 1579 3434 intolerabile,
1618 3367 1727 3421 imo
1755 3365 1906 3420 exitii
1949 3365 2062 3432 ple-

2173 3366 2358 3433 δεινὸν,
2399 3369 2495 3423 καὶ
2536 3369 2814 3423 δύσοιστον
2841 3388 2852 3398 ·
2918 3369 3119 3441 μᾶλλον
3169 3369 3228 3424 δὲ
3277 3371 3374 3425 καὶ
3422 3370 3645 3442 ὀλέθρου
3693 3372 3756 3427 τδ

493 3477 628 3518 nam
658 3471 761 3517 CSI.

569 3552 735 3608 Vsus.
773 3548 827 3614 5,
857 3549 911 3605 6.
949 3548 1227 3602 Habitavit
1262 3546 1518 3616 Ephraim
1541 3549 1599 3602 in
1624 3545 1880 3616 Egypto,
1904 3556 1953 3598 et
1974 3544 2074 3597 As-

499 3660 594 3697 sur
621 3659 715 3696 rex
748 3642 864 3708 ejus
888 3656 908 3704 ;
940 3642 1065 3712 quia
1097 3656 1202 3694 non
1232 3639 1393 3694 voluit
1419 3639 1666 3701 converti,
1696 3646 1745 3692 et
1772 3636 2071 3704 inﬁrmatus

491 3746 576 3790 est
608 3735 820 3806 gladius
851 3735 906 3787 in
945 3733 1241 3786 ciuitatibus
1271 3731 1407 3800 ejus,
1439 3740 1485 3784 et
1518 3730 1766 3799 requievit
1807 3729 1863 3782 in
1899 3729 2074 3781 mani-

505 3827 602 3882 bus
631 3827 798 3880 illius.
828 3824 895 3879 Et
927 3824 1196 3878 comedent
1221 3823 1284 3876 de
1311 3821 1736 3892 cogitationibus.

571 4004 851 4061 CXXVIII.
888 4003 1040 4070 Quod
1079 4002 1288 4072 seiungi
1320 4016 1350 4055 a
1402 4000 1535 4066 Deo,
1568 3999 1830 4055 eﬂ'renato
1871 4000 2071 4069 impetu

501 4095 571 4151 ad
605 4094 740 4149 mala
783 4093 1033 4148 facienda
1065 4093 1397 4161 praecipites,
1430 4100 1484 4144 et
1523 4092 1840 4146 rebellando
1871 4091 2072 4145 insole-
2159 4087 2163 4090 ’

502 4202 660 4243 scere
689 4185 1092 4257 quodammodo
1127 4187 1388 4238 adversus
1417 4197 1564 4246 eum,
1594 4184 1844 4253 quamvis
1871 4183 1939 4237 ad
1983 4198 2071 4236 sa-

500 4278 666 4333 lutem
700 4278 1040 4341 invitantem,
1072 4276 1137 4331 ad
1167 4287 1468 4330 extremam
1511 4275 1870 4344 undequaque
1910 4275 2074 4328 mise-

506 4370 642 4424 riam
685 4385 783 4424 nos
813 4369 1066 4434 deducat,
1097 4367 1288 4422 beatus
1325 4381 1542 4436 quoque
1593 4365 1791 4420 Paulus
1820 4367 2073 4425 ostendit.

505 4477 629 4517 cum
660 4464 736 4515 ait
772 4483 784 4517 :
826 4480 852 4513 1
896 4461 1107 4524 Videte,
1153 4459 1392 4525 fratres,
1445 4474 1511 4514 ne
1558 4461 1817 4514 recusetis
1853 4457 2078 4528 loquen-

498 4565 639 4609 tem.
679 4572 698 4604 ι
736 4553 1095 4608 Nihilominus
1139 4562 1193 4607 et
1226 4567 1292 4606 ex
1323 4551 1611 4620 propositis
1639 4551 1817 4606 verbis
1844 4551 1896 4605 id
1926 4561 2078 4618 pate-

505 4649 606 4703 bit.‘
647 4645 858 4701 Relicta
891 4634 1034 4700 enim
1078 4645 1253 4716 patria
1295 4644 1485 4698 tellure
1517 4659 1636 4708 sua,
1685 4645 2080 4698 aerumnosissi-

2174 3461 2279 3532 χρῆ
2288 3478 2364 3531 μα
2407 3463 2624 3532 μεστόν.

2243 3551 2602 3621 Κατῴκησεν
2645 3553 2888 3623 Ἐφραῒμ
2928 3553 2999 3608 ἐν
3019 3555 3315 3625 Αἰγύπτῳ,
3360 3554 3458 3610 καὶ
3501 3555 3756 3624 Ἀσσοὺρ

2172 3645 2357 3710 αὐτὸς
2399 3645 2700 3712 ,βασιλεὺς
2743 3645 2948 3712 αὑτοῦ,
3003 3646 3092 3700 ὅτι
3129 3649 3240 3701 οὐκ
3288 3644 3582 3716 ἐθέλησεν
3633 3648 3763 3702 ἐπι-

2173 3737 2454 3808 στρέψαι,
2479 3738 2582 3793 καὶ
2603 3738 2954 3809 ἠσθένησεν
2994 3740 3066 3793 ἐν
3099 3740 3367 3809 ῥομφαίᾳ
3394 3739 3464 3794 ἐν
3493 3738 3624 3807 ταῖς
3647 3740 3760 3794 atd-

2172 3833 2351 3884 λεσιν
2399 3831 2608 3885 αὐτοῦ.
2672 3832 2772 3886 καί
2816 3830 3200 3886 κατέπαυσεν
3241 3829 3312 3886 ἐν
3355 3831 3486 3899 ταῖς
3546 3832 3765 3903 χερσίν

2174 3921 2382 3975 αὐτοῦ.
2415 3922 2524 3977 Kal
2549 3921 2833 3992 φάγονται
2855 3923 2923 3977 ἐκ
2947 3923 3064 3976 τῶν
3095 3921 3453 3978 διαϐουλίων
3472 3922 3690 3981 αὐτῶν.

2244 4015 2427 4070 PKH'.
2477 4014 2559 4067 ὅτι
2605 4014 2782 4084 πάντη
2831 4031 2890 4068 τε
2942 4015 3038 4068 καὶ
3076 4015 3296 4078 πάντως
3340 4016 3421 4078 είς
3458 4014 3612 4086 λῆξιν
3660 4015 3766 4088 τὴν

2177 4106 2437 4160 ἀνωτάτω
2465 4104 2667 4168 παντὸς
2700 4105 2848 4175 ἡμᾶς
2876 4106 3141 4176 ἀποφέρει
3171 4105 3342 4160 κακοῦ
3379 4105 3439 4159 τὺ
3465 4107 3766 4176 ἀπονοσφί-

2177 4193 2366 4259 ζεσθαι
2423 4193 2580 4258 Θεοῦ,
2636 4193 3047 4258 διανενευκότας
3099 4197 3343 4265 ἀσχέτως
3392 4197 3486 4251 ἐπὶ
3528 4197 3591 4251 τὸ
3629 4197 3767 4270 δρᾷν

2179 4287 2392 4340 ἑλέσθαι
2421 4284 2490 4338 τά
2519 4285 2749 4356 πονηρὰ,
2787 4287 2882 4338 καὶ
2911 4288 3033 4350 ταῖς
3053 4286 3356 4350 ἀπειθείαις
3386 4288 3768 4360 περιυὸρίζειν

2179 4375 2377 4445 τρόπον
2408 4373 2548 4437 τινὰ,
2576 4375 2752 4428 καίτοι
2788 4375 3054 4429 καλοῦντα
3085 4376 3221 4446 πρὸς
3253 4379 3526 4450 σωτηρίαν
3577 4379 3764 4448 αὑτὸν,

2183 4468 2436 4536 σαφηνιεϊ
2460 4466 2561 4536 μὲν
2588 4466 2761 4536 λέγων
2791 4468 2886 4521 καὶ
2915 4471 2944 4521 ὁ
2979 4472 3249 4541 μακάριος
3291 4472 3502 4536 Παῦλος
3524 4489 3537 4501 °
3583 4492 3601 4523 ι
3632 4473 3767 4526 Βλέ-

2186 4575 2335 4622 πετε,
2377 4558 2617 4628 ἀδελφοὶ,
2690 4558 2766 4630 μὴ
2820 4562 3229 4632 παραιτήσησθε
3277 4563 3367 4617 τὸν
3424 4563 3759 4620 καλοῦντα.»

2183 4650 2346 4703 Οὐδὲν
2375 4650 2430 4703 δὲ
2458 4647 2619 4723 ἦττον
2648 4655 2741 4706 καὶ
2775 4653 2862 4706 διά
2883 4653 2989 4708 τῶν
3020 4657 3395 4727 προκειμένων
3442 4660 3572 4729 ἡμῖν
3602 4659 3761 4712 ἔσται

507 4755 630 4794 mus
652 4739 909 4804 Ephraim
940 4737 1232 4808 Egyptum
1261 4751 1357 4804 pro
1389 4736 1563 4804 patria
1595 4734 1803 4799 habuit,
1832 4735 1958 4788 dum
1989 4749 2074 4788 ca-

2181 4744 2514 4810 καταφανές.
2567 4745 2988 4810 Καταλελοιπὼς
3019 4749 3148 4820 γάρ,
3195 4752 3346 4822 φησὶ,
3374 4752 3473 4821 τὴν
3506 4751 3764 4819 ἐνεγκοῦ-

497 4831 777 4885 Ἰιιιιιίισιεε
823 4829 1044 4884 bellicas
1085 4830 1298 4882 metuit.
1346 4827 1639 4897 Subjectus
1672 4839 1756 4883 est
1801 4829 1930 4882 item
1974 4828 2078 4898 ipsi

507 4923 699 4984 Assur,
728 4931 784 4975 et
815 4921 1099 4990 peregrino
1121 4931 1336 4989 sceptro
1368 4921 1633 4975 cervicem
1661 4920 1982 4988 supposuit;
2015 4933 2078 4973 eo

506 5030 746 5085 namque
781 5012 1109 5067 calamitatis
1159 5013 1396 5066 devenit.
1437 5011 1670 5066 Causam
1708 5010 1900 5079 siquis
1927 5025 2078 5079 quae-

510 5119 619 5170 rat,
652 5107 719 5158 ab
785 5121 850 5160 eo
890 5105 1072 5157 audiet
1108 5102 1200 5173 qui
1243 5105 1390 5157 novit
1417 5104 1598 5158 omnia
1630 5120 1642 5155 :
1675 5119 1693 5152 ι
1736 5103 1872 5168 Quia
1911 5099 2084 5155 nolttit

509 5197 775 5253 converti.
815 5215 835 5249 ›
886 5195 952 5250 Ει
1004 5208 1192 5264 captus
1232 5204 1315 5250 est
1363 5194 1577 5258 deinde,
1626 5203 1682 5248 et
1718 5194 1967 5248 subditus
1999 5193 2082 5246 fa-

498 5299 630 5343 -ctus
682 5297 769 5341 est
817 5288 1068 5343 osorihus
1121 5289 1257 5343 suis.
1303 5305 1322 5338 ι
1362 5285 1678 5340 inﬁrmatus
1721 5295 1806 5340 est
1849 5300 2084 5356 namque

512 5381 728 5449 gladius
777 5383 830 5433 in
877 5380 1106 5434 urbibus
1145 5378 1282 5445 ejus,
1319 5388 1373 5432 et
1427 5379 1691 5447 requievit
1729 5378 1787 5431 in
1835 5379 2085 5432 manibus

497 5475 657 5544 'ejus.
687 5489 706 5522 ›
735 5471 848 5526 Hoc
875 5481 978 5536 est,
1013 5472 1067 5524 in
1098 5472 1244 5524 nulla
1271 5470 1480 5524 urbium
1510 5469 1769 5539 Ephraim
1799 5470 2084 5539 quisquam

500 5574 707 5634 :pugnze
751 5561 955 5631 sciens,
987 5571 1043 5619 et
1074 5561 1167 5632 qui
1208 5569 1394 5632 posset
1441 5575 1662 5617 versare
1701 5561 1961 5631 gladium,
1998 5561 2085 5616 in-

574 5738 814 5796 ”Prov.
853 5758 931 5806 tu,
967 5741 1050 5796 12.
1125 5743 1167 5774 ³⁷
1192 5741 1302 5796 .lcr.
1340 5757 1466 5806 xxx,
1501 5739 1583 5794 14.
1662 5740 1708 5772 ⁸⁸
1730 5739 1839 5794 Jer.
1878 5755 2020 5804 aut,
2048 5739 2138 5793 28.

2186 4849 2286 4886 σαν
2309 4835 2472 4886 αὐτὸν
2498 4836 2526 4886 ὁ
2549 4836 2949 4909 παμμόχθηρος
2994 4839 3233 4909 Ἐφραῒμ
3265 4841 3387 4912 γῆν,
3415 4839 3602 4914 ὥσπερ
3627 4842 3764 4895 ἰδίαν

2183 4923 2282 4992 τὴν
2310 4924 2620 4990 Αἰγυπτίων
2638 4927 2952 4996 ἐποιήσατο,
2981 4927 3082 4990 τὰς
3103 4930 3167 4981 ἐκ
3194 4929 3287 4982 τοῦ
3315 4929 3551 5000 πολέμου
3577 4917 3766 4993 δεδιὼς

2188 5017 2491 5085 συμφοράς.
2527 5017 2719 5084 Γέγονε
2754 5018 2810 5070 δὲ
2839 5019 2932 5071 καὶ
2960 5021 3052 5072 ὑπ’
3083 5021 3244 5074 αὑτὸν
3266 5022 3357 5074 τὸν
3393 5024 3640 5094 ’Λσσοὺρ,
3671 5024 3768 5076 καὶ

2185 5104 2415 5169 ὀθνείοις
2445 5108 2744 5179 σκήπτροις
2791 5109 3064 5178 ὑπήνεγκε
3088 5110 3179 5164 τὸν
3211 5111 3431 5182 αὐχένα·
3465 5111 3767 5166 κατώλισθε

2187 5197 2296 5267 γὰρ
2327 5199 2405 5260 είς
2427 5197 2586 5250 τοῦτο
2610 5199 3000 5271 ταλαιπωρίας.
3066 5202 3185 5256 Κᾶν
3237 5203 3290 5254 ετ
3322 5221 3404 5267 τις
3451 5203 3627 5276 ἔροιτο
3669 5207 3772 5277 τὴν

2191 5290 2387 5354 αἰτίαν,
2437 5290 2726 5344 ἀκούσεται
2772 5293 3020 5360 λὲγοντος
3073 5294 3165 5347 τοῦ
3207 5295 3275 5348 τὰ
3327 5299 3503 5349 πάντα
3544 5297 3768 5360 εἰδότοςο

2198 5399 2215 5431 ⁴
2247 5381 2368 5434 Ὅτι
2395 5381 2496 5435 οὐκ
2517 5381 2782 5453 ἠθέλησεν
2805 5387 3149 5458 ἐπιστρέψαι.
3178 5407 3194 5439 ι
3235 5388 3504 5461 Tati-tnta:
3536 5391 3629 5442 καὶ
3656 5391 3774 5461 ἥλω

2191 5471 2396 5537 λοιπὸν,
2446 5475 2540 5526 καὶ
2603 5475 2707 5527 ὑπὸ
2751 5479 2907 5548 χεῖρα
2956 5479 3144 5546 γέγονε
3197 5480 3303 5532 τῶν
3364 5482 3768 5552 μεμισηκότων.

2200 5585 2218 5616 ι
2241 5565 2532 5636 Ἠσθένησε
2561 5568 2668 5638 γὰρ
2694 5571 2748 5623 ἐν
2778 5573 2899 5635 ταῖς
2927 5572 3142 5626 πόλεσιν
3182 5571 3344 5626 αὑτοῦ
3383 5574 3646 5645 ῥομφαία,
3676 5571 3776 5626 καὶ
