4110 6368
374 426 479 481 269
1300 414 1850 475 COMMENTARIUS
1887 416 1954 472 IN
1993 412 2225 473 OSEAM
2262 407 2707 469 PROPHETAM.
3531 407 3638 465 270

375 541 719 598 κατέπαυσεν
764 539 822 593 ἑν
863 540 982 603 ταῖς
1022 539 1210 611 χερσὶν
1253 541 1437 593 αὐτοῦ.
1468 561 1485 591 ι
1539 542 1854 604 Τουτέστιν,
1899 542 1955 591 ὲν

2080 543 2254 589 rentus
2279 543 2377 587 est.
2422 530 2684 586 Remissa:
2727 527 2871 582 enim
2927 535 2981 581 et
3016 525 3160 581 velut
3191 524 3468 581 dissoluta:
3508 537 3638 582 sunt

375 635 600 705 οὐδεμιᾷ
624 633 776 686 πόλει
801 630 895 685 τοῦ
919 631 1156 703 Ἐφραῒμ
1182 630 1419 703 ηῦρηταί
1440 650 1521 695 τις
1544 632 1701 702 ἀνὴρ,
1734 634 1761 684 ὁ
1787 631 1957 696 δεινὸς

2080 640 2264 680 manus
2313 637 2503 677 eorum
2554 621 2645 691 qui
2682 619 2851 689 ipsam
2885 617 3022 672 tueri
3050 627 3457 672 consueverant.
3488 616 3639 685 Quos

375 728 453 789 είς
488 725 689 796 μάχην,
728 724 821 778 καὶ
860 722 1103 795 ῥομφαίᾳ
1134 723 1365 793 χρῆσθαι
1396 723 1708 793 δυνάμενος.
1754 723 1958 792 Παρεί-

2080 722 2208 774 tiam
2243 732 2373 772 vero
2402 715 2540 770 mala
2567 722 2760 769 contra
2795 712 3121 782 semetipsos
3149 720 3205 764 et
3231 710 3641 780 cogitarunt,et

376 819 550 888 θησαν
595 816 725 888 γὰρ,
770 817 865 869 καὶ
911 810 1025 869 οἷον
1068 815 1335 886 ἐλύθησαν
1368 815 1475 868 τῶν
1502 816 1758 886 κατέχειν
1786 815 1959 887 αὐτὴν

375 907 645 961 εἰωθότων
686 908 740 959 αί
776 910 976 977 χεῖρες.
1033 906 1250 978 Ἐπειδὴ
1276 906 1335 959 δὲ
1362 906 1574 977 πονηρὰ
1597 907 1720 960 καθ’
1751 907 1960 961 ἑαυτῶν

376 1000 473 1052 καὶ
509 998 905 1069 πεφρονήκασι,
937 999 1030 1051 καὶ
1050 997 1359 1069 δεδράκασι,
1385 998 1480 1069 τῆς
1499 999 1706 1052 ἑαυτῶν
1735 999 1958 1053 δυσϐου-

376 1090 497 1154 λίας
523 1090 730 1144 ἔδονται
761 1090 889 1152 τοὺς
912 1088 1178 1160 καρπούς.

456 1182 655 1252 Πικρὸν
713 1176 806 1234 οὖν
854 1181 963 1253 ἄρα
1009 1181 1069 1234 τὸ
1128 1182 1419 1252 ἀτιμάζειν
1469 1183 1785 1255 ἅποτολμᾷν
1835 1186 1954 1249 ταῖς

380 1275 685 1337 ἀπειθείαις
732 1274 820 1327 τὸν
877 1273 1140 1339 σώζοντα,
1193 1274 1294 1327 κᾶν
1336 1277 1384 1328 εἰ
1427 1276 1713 1347 προκέοιτό
1750 1294 1856 1331 τινι
1899 1279 1962 1331 τδ

2062 813 2330 873 fecerunt,
2394 808 2602 862 fructus
2669 804 2965 859 infelicium
3017 802 3373 859 consiliorum
3414 814 3638 856 suorum

2061 900 2369 957 comedent.

2131 1187 2404 1242 Acerbum
2454 1193 2539 1241 est
2586 1184 2751 1255 igitur
2800 1197 2897 1251 per
2946 1180 3375 1236 inobedientiam
3435 1179 3636 1247 szepius

2062 1281 2264 1335 audere
2297 1279 2575 1349 despicere
2604 1276 2989 1341 Servatorem;
3027 1287 3127 1329 nec
3156 1273 3201 1327 si
3232 1272 3433 1343 quibus
3467 1270 3644 1326 facul—

378 1366 659 1433 διαφυγεῖν
692 1362 947 1416 δύνασθαι
988 1362 1365 1433 πλημμελείας
1405 1363 1464 1428 ὲξ
1501 1364 1835 1434 ἡμερότητος
1861 1364 1961 1433 τῆς

380 1457 532 1529 παρὰ
564 1455 721 1519 Θεοῦ,
755 1456 815 1507 τὸ
846 1455 1108 1526 ῥᾳθυμεῖν
1136 1455 1236 1507 οὐκ
1262 1452 1516 1524 ἀζήμιον.
1547 1454 1962 1523 Κατοικήσομεν

380 1548 490 1619 γὰρ
525 1550 583 1600 ὲν
612 1547 871 1617 Αἰγύπτῳ
898 1586 913 1610 ,
948 1546 1244 1607 τουτέστιν,
1291 1546 1487 1612 ἕξοικοί
1532 1562 1591 1598 τε
1629 1545 1723 1598 καὶ
1767 1546 1962 1615 ἀλῆται

382 1642 624 1711 πάντητε
668 1638 758 1693 καὶ
790 1639 1005 1700 πάντως
1043 1637 1298 1709 ἐσόμεθα,
1336 1638 1431 1692 καὶ
1455 1638 1574 1708 οὐχί
1601 1639 1704 1707 γῆν
1734 1639 1963 1706 ἀφέντες

380 1735 481 1805 τὴν
510 1733 796 1804 αἰσθητήν,
825 1733 919 1786 καὶ
951 1734 1028 1794 είς
1065 1732 1257 1802 ἑτέραν
1305 1732 1779 1801 μετανιστάμενοι,
1827 1731 1964 1785 ἀλλὰ

380 1826 473 1879 τὸν
520 1824 629 1878 τῶν
677 1825 848 1892 ἁγίων
898 1824 1122 1895 κλῆρον.
1177 1823 1445 1893 Ἐσόμεθα
1488 1823 1544 1876 δὲ
1584 1824 1676 1876 καὶ
1731 1824 1835 1876 ὐπὸ
1870 1823 1963 1875 τὸν

2064 1386 2147 1428 tas
2190 1382 2409 1443 peccata
2449 1370 2684 1441 fugiendi
2710 1385 2776 1425 ex
2806 1367 2989 1423 divina
3026 1366 3249 1423 lenitate
3276 1375 3642 1438 proponatur,

2064 1466 2258 1520 inertia
2301 1476 2483 1519 manet
2536 1462 2821 1531 impunita.
2866 1461 3021 1532 161
3072 1457 3456 1515 Habitabimus
3497 1458 3644 1514 enim

2064 1558 2116 1612 in
2147 1556 2405 1627 Egypto,
2438 1556 2542 1610 hoc
2570 1565 2674 1619 est,
2709 1552 2924 1608 exsules
2951 1562 3006 1608 et
3034 1566 3260 1607 errones
3281 1552 3509 1615 erimus,
3538 1563 3644 1604 non

2063 1649 2137 1703 ita
2175 1659 2234 1703 ut
2269 1659 2472 1704 terram
2518 1647 2769 1702 sensibus
2800 1643 3101 1714 expositam
3144 1641 3563 1711 reliquerimus,
3592 1646 3649 1693 et

2064 1741 2118 1794 in
2156 1739 2320 1793 aliam
2352 1734 2914 1807 commigraveritnus,
2948 1734 3044 1789 sed
3078 1739 3141 1786 ut
3177 1740 3491 1787 sanctorum
3522 1740 3647 1782 sor-

2073 1844 2180 1887 tem
2228 1829 2597 1885 amiserimus.
2648 1826 2863 1881 Erimus
2906 1834 3171 1896 praeterea
3222 1822 3324 1878 sub
3370 1828 3645 1890 potestate

395 1916 648 1986 ’Λσσούρ,
699 1914 789 1967 τὸν
826 1916 1063 1984 ἄρχοντα
1098 1913 1339 1983 δηλονότι
1386 1913 1478 1967 τοῦ
1517 1915 1709 1977 αἰῶνος
1751 1915 1965 1979 τούτου,

2080 1927 2263 1989 Assur,
2306 1925 2409 1978 sub
2439 1920 2705 1992 principe,
2736 1922 2979 1990 inquam,
3019 1918 3183 1987 hujus
3214 1914 3399 1971 mundi
3429 1916 3499 1967 ”.
3539 1912 3644 1984 Ipsi

383 2006 470 2060 ἐπ’
502 2006 649 2077 αὐτῷ
684 2022 742 2057 τε
774 2004 1069 2073 κεισόμεθα
1108 2005 1281 2058 δοῦλοι
1328 2006 1423 2059 καὶ
1479 2006 1834 2076 αἰχμάλωτοι,
1869 2006 1966 2059 κα)⁵

2080 2028 2124 2072 ιι
2150 2016 2293 2072 servi
2324 2025 2380 2071 et
2404 2013 2626 2084 captivi,
2646 2021 2702 2067 et
2722 2012 2870 2067 dicto
2902 2010 3185 2066 audientes
3218 2005 3645 2078 subjacebimus,

383 2101 494 2161 τοῖς
511 2098 674 2152 αὐτοῦ
694 2097 819 2168 θελή
828 2115 995 2167 μασιν
1017 2097 1441 2164 ὑποκύπτοντες,
1458 2098 1546 2152 διά
1565 2115 1645 2153 τοι
1659 2099 1720 2153 τὸ
1738 2100 1966 2171 ἀσθενῆα

2080 2112 2193 2180 ιυὶει
2224 2108 2535 2163 inﬁrmatus
2563 2106 2656 2171 sit,
2695 2116 2753 2161 et
2786 2104 3055 2173 quieverit
3084 2102 3225 2173 apud
3276 2115 3376 2156 nos
3411 2099 3647 2170 gladius.

387 2209 499 2256 σαι,
548 2192 642 2245 καὶ
691 2189 1041 2244 καταπαῦσαι
1082 2190 1212 2263 παρ’
1254 2192 1383 2263 ἡμῖν
1416 2189 1515 2264 τὴν
1546 2193 1842 2263 ῥομφαίαν.
1889 2195 1965 2247 Οὐ

2080 2199 2185 2254 Non
2213 2198 2357 2253 enim
2397 2206 2653 2268 possunt,
2688 2196 2933 2265 inquam,
2975 2193 3215 2263 peccatis
3262 2191 3428 2246 dediti
3463 2205 3647 2245 arma-

385 2284 497 2355 γὰρ
525 2284 694 2347 ἔστιν,
716 2284 817 2337 οὐκ
850 2283 965 2336 ἔστι
993 2286 1105 2346 τοῖς
1130 2284 1608 2355 φιλαμαρτήμοσιν
1637 2286 1775 2338 ἑλεῖν
1805 2285 1967 2339 δύνα-

2080 2302 2247 2344 Lurum
2281 2287 2375 2342 Dei
2401 2300 2726 2355 capessere:
2764 2305 2782 2337 ι
2825 2285 2890 2339 Ει
2921 2284 3160 2356 gladium
3206 2284 3456 2354 spiritus,
3505 2284 3647 2353 quod

390 2377 516 2430 σθαι
554 2375 653 2448 τὴν
695 2374 998 2429 πανοπλίαν
1030 2373 1126 2428 τοῦ
1169 2372 1329 2440 Θεοῦ,
1367 2393 1386 2425 t
1410 2375 1518 2428 Καὶ
1560 2376 1659 2447 τὴν
1692 2375 1968 2449 μάχαιραν

2080 2392 2155 2438 est
2189 2382 2411 2437 verbum
2442 2379 2537 2434 Dei
2572 2379 2639 2432 ³ο.
2681 2398 2699 2431 ι
2730 2379 2982 2434 Gladium
3007 2385 3189 2433 autem
3220 2376 3495 2448 intelligas
3517 2376 3649 2432 licet

385 2468 483 2521 τοῦ
520 2467 858 2537 πνεύματος,
904 2466 934 2519 ὅ
968 2466 1085 2518 ἐστι
1122 2468 1274 2537 ῥῆμα
1320 2465 1475 2520 Θεοῦ.
1503 2487 1523 2518 ι
1570 2467 1861 2539 Μάχαιραν
1912 2469 1969 2522 δὲ

2080 2472 2241 2527 etiam
2276 2470 2442 2525 animi
2487 2470 2661 2525 nostri
2705 2469 2873 2524 veluti
2915 2468 2983 2523 ad
3033 2467 3380 2537 pugnandum
3420 2466 3646 2537 aptissi—

388 2563 625 2633 νοήσεις,
660 2560 756 2613 καὶ
794 2559 896 2629 τῆς
936 2559 1171 2622 διανοίας
1201 2559 1356 2630 ήμῶν
1385 2559 1548 2613 οἱονεὶ
1578 2560 1677 2631 τὴν
1719 2576 1971 2631 μαχιμω-

2080 2579 2239 2629 mam,
2286 2573 2344 2618 et
2391 2562 2483 2616 Dei
2519 2561 2950 2617 amantissimam
2996 2560 3316 2627 motionem,
3358 2559 3475 2615 sive
3520 2556 3653 2612 alie-

388 2654 560 2724 τάτην
591 2670 651 2705 τε
687 2652 780 2706 καὶ
831 2650 1236 2721 φιλοθεωτάτην
1273 2649 1510 2722 κίνησιν,
1555 2652 1621 2723 ἢν
1662 2655 1775 2715 τοῖς
1800 2652 1970 2706 πάθε-

2080 2665 2248 2718 ctum,
2282 2668 2443 2723 quem
2476 2654 2684 2708 vitiosis
2726 2651 2967 2707 moribus
2989 2653 3141 2721 quasi
3178 2652 3230 2705 in
3260 2650 3449 2720 prtelio
3478 2664 3649 2721 oppo-

392 2764 478 2800 σιν
500 2744 904 2811 ἁντεξὰγοντες,
927 2743 1152 2806 καὶτοῖς
1177 2742 1498 2805 διαϐολικοῖς
1521 2745 1970 2815 κακουργήμασιν

2080 2754 2291 2811 nentes,
2322 2756 2377 2801 et
2410 2754 2599 2801 contra
2639 2744 2939 2800 diabolicas
2970 2744 3247 2814 nequitias
3290 2744 3647 2807 instruentes,

391 2838 825 2900 ἁντιτάττοντες,
879 2835 979 2907 τὴν
1024 2834 1219 2904 εὐσεϐῆ
1270 2835 1364 2887 καὶ
1408 2832 1709 2905 ἀμώμητον
1751 2835 1970 2888 διατάτ-

2080 2834 2181 2903 iam
2212 2846 2268 2890 et
2290 2844 2443 2890 extra
2476 2834 2956 2905 reprehensionem
2994 2834 3247 2890 semitam
3273 2834 3573 2899 currimus,
3595 2844 3654 2890 et

389 2948 557 3002 τομεν
596 2928 803 3000 τρίϐον,
855 2928 949 2981 καὶ
1001 2926 1100 2994 τῆς
1144 2926 1502 2995 εὐαγγελικῆς
1538 2925 1811 2990 πολιτείας
1854 2931 1972 2991 ταῖς

2080 2928 2401 2998 evangelica:
2426 2928 2549 2983 vitae
2607 2942 2930 2997 morumque
2957 2927 3125 2983 decus
3148 2927 3417 2996 capitibus
3448 2926 3653 2982 nostris

392 3022 604 3079 ἑαυτῶν
626 3020 895 3091 κεφαλαῖς
934 3020 1247 3090 ἀνάπτομεν
1280 3018 1347 3071 τὰ
1364 3018 1677 3088 αὐχήματα.

2080 3019 2426 3087 acquirimus.

465 3113 578 3167 Kal
607 3116 639 3167 ό
666 3112 816 3178 λαὸς
838 3111 1027 3165 αὑτοῦ
1054 3109 1527 3179 ἑπικρεμάμενος
1554 3109 1622 3162 ἐκ
1646 3107 1756 3176 τῆς
1780 3126 1968 3163 κατοι-

2150 3112 2310 3166 Vsns.
2343 3112 2398 3165 7.
2433 3110 2497 3163 Et
2532 3110 2755 3181 populus
2786 3111 2852 3164 ab
2888 3126 2948 3165 eo
2986 3125 3267 3179 suspensus
3311 3124 3375 3163 ea:
3404 3106 3642 3162 incolatu

393 3207 531 3271 κίας
560 3202 763 3259 αὑτοῦ.
785 3202 896 3258 Καὶ
919 3202 1061 3269 Θεὸς
1082 3202 1179 3255 ἐπὶ
1206 3202 1279 3255 τὰ
1307 3203 1467 3271 τίμια
1488 3202 1674 3256 αὐτοῦ
1704 3201 1972 3271 θυμωθή-

392 3313 586 3361 σεται,
615 3296 801 3350 καὶού
830 3295 915 3365 μὴ
939 3294 1158 3363 ὑψώσῃ
1191 3295 1396 3348 αὐτόν.

466 3386 641 3440 PKG’.
692 3386 1110 3456 Δυσέκφραστος
1149 3384 1344 3456 κομιδῇ
1391 3385 1500 3438 τῶν
1536 3382 1914 3456 προκειμένων
1947 3386 1975 3437 ό

395 3479 541 3547 νοῦς,
566 3479 660 3533 καὶ
697 3468 926 3550 τραχεῖα
949 3478 1057 3531 τῶν
1083 3477 1281 3543 λέξεων
1308 3479 1341 3548 ή
1365 3477 1628 3550 συνθήκη,
1651 3478 1744 3532 καὶ
1774 3477 1977 3549 πολλῆς

395 3572 463 3626 ἂν
489 3573 666 3626 δέοιτο
696 3571 1016 3643 σαφηνείας,
1039 3574 1152 3635 τοῖς
1192 3570 1438 3625 ἐθέλουσι
1473 3574 1633 3625 νοεῖν.
1663 3572 1821 3627 Ἔστι
1858 3571 1917 3624 δὲ
1948 3570 1976 3623 ὃ

397 3664 646 3735 βούλεται
685 3665 878 3735 δηλοῦν
924 3665 1001 3727 ὡς
1042 3666 1098 3717 ἐν
1136 3664 1321 3732 ὀλίγῳ,
1374 3663 1632 3718 τοιοῦτον.
1680 3662 1975 3734 Ἀπῴχετο,

399 3758 586 3828 φησὶν,
612 3759 641 3811 ό
682 3755 922 3827 Ἐφραῖμ
952 3759 1032 3820 εὶς
1055 3759 1408 3826 Αἰγυπτίους,
1440 3758 1632 3827 γέγονε
1663 3756 1721 3809 δὲ
1748 3756 1843 3809 καὶ
1872 3755 1978 3809 ὑπὸ

400 3851 646 3922 βασιλέα,
676 3849 767 3903 τὸν
808 3850 1063 3920 Ἀσσούρ.
1099 3848 1254 3914 Εἶτα,
1286 3850 1476 3918 ὥσπερ
1509 3850 1655 3913 τινὸς
1707 3848 1976 3902 πυνθανο-

400 3944 567 4013 μένου
604 3959 663 3995 τε
699 3943 792 3996 καὶ
825 3942 1099 4011 λέγοντος,
1144 3942 1288 3997 Ἀνθ’
1317 3944 1460 4008 ὅτου,
1494 3944 1589 3997 καὶ
1620 3943 1743 3996 τίνα
1776 3942 1978 4015 τρόπον

400 4033 820 4106 συγκεχώρηται
846 4035 1062 4099 παθεῖν,
1093 4035 1261 4105 ἢπῶς
1287 4036 1606 4107 ἀλλοφύλοις
1633 4037 1979 4096 δεδούλευκεν

396 4128 426 4179 ό
460 4125 711 4197 Ἰσραήλ;
740 4126 952 4198 τίθησιν
976 4126 1176 4198 ἐφεξῆς
1199 4130 1299 4192 τὰς
1329 4129 1643 4199 ἀπολογίας,
1667 4132 1760 4185 καί
1791 4150 1976 4203 φησιν,

396 4217 618 4287 πρῶτον
681 4219 813 4289 μὲν,
866 4220 1032 4272 «Ὅτι
1095 4221 1197 4273 οὐκ
1257 4220 1513 4292 ηθέλησεν
1584 4224 1925 4295 ἐπιπρέψαι.
1955 4244 1974 4277 t

398 4311 773 4383 Προκειμένης
802 4311 911 4384 γὰρ
945 4312 1302 4385 ἡμερότητος,
1337 4316 1472 4386 ἥλω,
1513 4318 1669 4387 φησὶ,
1711 4320 1821 4373 καὶν
1843 4320 1980 4391 πρὸς

396 4401 557 4455 τοῦτο
606 4403 847 4473 ῥᾴθυμος
878 4403 972 4457 καὶ
1010 4404 1259 4474 ἀπειθής.
1292 4401 1447 4470 Εἶτα,
1477 4408 1560 4460 ὅτι
1606 4425 1625 4457 t
1678 4409 1787 4461 Καὶ
1820 4409 1982 4478 ἠσθέ-

399 4507 535 4561 νησε
571 4492 816 4563 ῥομφαία
844 4494 901 4545 ὲν
937 4495 1059 4556 ταῖς
1096 4492 1316 4545 πόλεσιν
1343 4492 1529 4548 αὐτοῦ.
1563 4513 1582 4545 ι
1623 4494 1696 4547 Οὐ
1741 4495 1849 4566 γὰρ
1890 4491 1978 4567 ἦν,

398 4584 475 4646 ὼς
504 4582 662 4655 ἔφην,
703 4586 731 4636 ό
765 4587 877 4647 τοῖς
926 4584 1232 4655 Ἀσσυρίοις
1280 4586 1774 4656 ἀντανιστάμενος,
1815 4586 1848 4656 ἢ
1886 4588 1980 4641 καὶ

398 4676 683 4747 εὐδόκιμος
711 4676 779 4729 τὰ
806 4677 1062 4739 τακτικὰ,
1112 4676 1246 4730 Θεοῦ
1293 4677 1353 4730 τὸ
1384 4678 1623 4748 μάχιμον
1679 4678 1983 4749 παραλύον-

398 4783 512 4830 τος,
541 4766 635 4819 καὶ
664 4765 835 4837 δειλίᾳ
871 4783 976 4818 που
1033 4767 1174 4836 τάχα
1216 4767 1704 4837 προκατασείοντος
1751 4769 1845 4821 καὶ
1890 4768 1982 4821 τὸν

398 4856 629 4928 εὐσθενῆ
658 4857 774 4910 λίαν
808 4860 865 4911 ἐν
893 4858 1114 4928 μάχαις.
1153 4858 1313 4911 Αίτία
1343 4859 1400 4912 δὲ
1444 4860 1536 4912 καὶ
1565 4860 1727 4931 ἑτέρα
1760 4859 1855 4912 τοῦ
1888 4878 1985 4914 πε-

401 4950 514 5000 σεῖν
552 4946 713 4999 αὐτὸν
741 4947 847 4999 ὑπὸ
889 4946 980 4999 τὸν
1023 4946 1272 5017 Ἀσσούρ.
1319 4947 1452 5001 Ποία
1478 4947 1533 5000 δὲ
1570 4946 1742 5020 αῦτης
1789 4949 1849 5001 Ὀ
1875 4948 1984 5020 γὰρ

397 5034 547 5098 λαὸς,
568 5034 866 5101 τουτέστιν,
888 5036 917 5087 ό
944 5034 1202 5107 Ἐφραῒμ,
1230 5038 1511 5106 μονονουχὶ
1531 5038 1621 5091 καὶ
1649 5039 1984 5110 ὲξεκρέματο

399 5124 588 5191 αὐτοῦ,
646 5124 741 5178 τοῦ
802 5127 1033 5197 Ἀσσοὺρ
1079 5128 1342 5198 δηλονότι,
1402 5129 1495 5182 καὶ
1555 5132 1620 5183 ἐκ
1662 5131 1763 5202 τῆς
1813 5132 1980 5186 αὐτοῦ

398 5216 685 5279 κατοικίας
719 5217 976 5287 ἀπαίρειν
1005 5217 1269 5287 ἠθέλησεν
1294 5220 1374 5282 εἰς
1397 5220 1497 5289 τὴν
1522 5221 1746 5291 Περσῶν
1782 5239 1837 5275 τε
1888 5222 1981 5277 καὶ

397 5307 621 5377 Μήδων.
661 5308 772 5360 Καὶ
799 5309 859 5361 οὐ
883 5308 1058 5379 δήπου
1085 5312 1284 5379 φαμὲν,
1313 5312 1396 5364 ὅτι
1421 5311 1577 5365 τοῦτο
1600 5312 1792 5367 παθεῖν
1816 5314 1981 5377 αὐτὸς

398 5398 465 5452 ἂν
493 5398 754 5469 ἠθέλησεν
779 5402 807 5453 ό
846 5400 1108 5472 Ἐφραίμ,
1136 5402 1252 5455 ἀλλ’
1278 5404 1401 5456 ὅσον
1433 5400 1567 5477 ἧκεν
1611 5409 1689 5469 εἰς
1725 5407 1794 5461 τὰ
1831 5408 1982 5479 αὐτῷ

399 5491 936 5565 πεπλημμελημένοι,
973 5497 1256 5566 μονονουχὶ
1305 5498 1397 5550 καὶ¹
1430 5499 1664 5569 ἐζήτησε
1699 5500 1890 5554 παθεῖν
1913 5502 1984 5555 τὰ

396 5581 544 5636 οὕτω
572 5583 747 5647 δεινὰ,
778 5584 941 5658 εἰπερ
977 5583 1097 5650 ἐξὸν
1130 5585 1412 5657 διαδράναι
1453 5590 1553 5659 τὴν
1588 5591 1777 5661 ὀργὴν,
1820 5609 1988 5663 μετα-

398 5676 591 5745 φοιτᾷν
622 5677 881 5748 ᾑρημένῳ
907 5677 1042 5749 πρὸς
1072 5678 1141 5732 τὰ
1189 5681 1397 5748 ἀμείνω
1423 5683 1518 5735 καὶ
1544 5684 1984 5756 πρεπωδέστερα.

473 5855 694 5914 "Joan.
720 5873 817 5923 ιιι,
852 5859 942 5916 51.
1020 5859 1063 5892 ⁸⁸
1091 5852 1286 5932 Epltes.
1319 5877 1393 5927 vt,
1436 5860 1523 5915 17.

2077 3219 2195 3256 suo.
2232 3202 2297 3255 Et
2333 3202 2475 3256 Deus
2500 3218 2658 3272 super
2679 3207 2937 3257 honorata
2984 3202 3099 3273 ejus
3130 3202 3411 3266 irascetur,
3456 3210 3506 3255 et
3549 3217 3653 3255 non

2004 3280 2046 3338 (ἶ
2080 3296 2333 3349 exaltabit
2368 3312 2478 3350 eos.

2148 3386 2386 3442 CXXIX.
2413 3386 2756 3443 Perdimcilis
2785 3370 3057 3458 ex'plicatu
3089 3396 3176 3445 est
3200 3389 3489 3445 verborum
3520 3388 3655 3443 isto-

2080 3494 2200 3533 rum
2234 3493 2451 3544 sensus,
2478 3487 2533 3533 et
2579 3494 2769 3549 aspera
2816 3479 3159 3549 compositio,
3206 3488 3264 3535 et
3306 3479 3475 3534 multa
3511 3478 3657 3534 indi-

2079 3585 2214 3641 gens
2264 3569 2647 3637 illustratione,
2687 3580 2746 3625 ut
2781 3571 3135 3642 intelligatur.
3171 3571 3265 3627 Est
3301 3581 3481 3627 autem
3511 3570 3653 3641 quod

2081 3666 2274 3735 paucis
2310 3665 2557 3721 indicare
2583 3665 2721 3729 vult,
2756 3666 3089 3734 hujusmodi.
3114 3665 3264 3721 Abiit
3295 3664 3554 3736 Ephraim
3588 3666 3657 3719 ad

2081 3756 2388 3827 Egyptios,
2430 3756 2629 3825 inquit,
2677 3767 2735 3811 et
2784 3756 2885 3811 sub
2941 3763 3267 3824 potestatem
3308 3754 3453 3825 regis
3481 3756 3685 3810 Assur

2082 3851 2381 3906 concessit.
2430 3850 2569 3905 Tum
2623 3850 2777 3920 quasi
2829 3858 3217 3920 percunctante
3260 3851 3537 3921 quopiam,
3577 3849 3657 3906 di-

2078 3952 2364 4013 centeque,
2390 3958 2486 3999 cur
2510 3952 2566 3998 et
2592 3956 2829 4012 quonam
2852 3942 3012 3998 modo
3040 3941 3339 4012 permissus
3356 3952 3439 3997 est
3469 3940 3654 4014 aﬂligi,

2082 4047 2136 4092 et
2173 4036 2448 4106 quomodo
2485 4036 2803 4105 alienigenis
2844 4036 3069 4091 servivit
3110 4032 3280 4091 Israel
3306 4075 3322 4100 ,
3364 4035 3659 4106 respondet

2083 4130 2446 4193 continenter,
2506 4129 2738 4197 primum
2771 4129 3006 4197 quidem,
3046 4146 3066 4180 ι
3102 4128 3242 4195 Quia
3293 4128 3469 4182 noluit
3527 4142 3660 4182 con-

2083 4222 2272 4277 verti.»
2302 4220 2581 4290 Proposita
2618 4223 2759 4274 enim
2792 4220 2886 4274 Dei
2915 4221 3222 4288 clementia,
3258 4222 3420 4275 etiam
3454 4220 3520 4275 ad
3549 4220 3657 4275 hoc

2084 4314 2265 4380 segnis
2329 4324 2382 4367 et
2422 4311 2747 4367 inobediens
2796 4311 3048 4366 inventus
3086 4321 3191 4365 est.
3241 4311 3442 4365 Deinde
3475 4327 3494 4361 ι
3532 4310 3659 4380 quia

2084 4405 2391 4458 inﬁrmatus
2438 4413 2522 4458 est
2574 4402 2783 4471 gladius
2832 4404 2884 4457 in
2942 4401 3252 4457 civitatibus
3296 4403 3433 4468 eius;
3477 4420 3495 4456 ι
3548 4415 3659 4455 non

2085 4498 2228 4550 enim
2262 4504 2411 4560 erat,
2462 4505 2519 4549 ut
2551 4496 2686 4558 dixi,
2718 4496 2810 4563 qui
2847 4496 3089 4566 Assyriis
3126 4496 3426 4561 resisteret,
3476 4504 3568 4550 aut
3599 4503 3658 4550 In

2084 4598 2203 4643 arte
2233 4588 2451 4641 militari
2491 4589 2776 4655 probatus,
2801 4586 2913 4640 Deo
2942 4588 3197 4640 virtutem
3228 4586 3475 4640 bellicam
3504 4600 3662 4641 ener-

2088 4688 2274 4747 vante,
2308 4688 2361 4733 et
2408 4678 2662 4733 lortassis
2690 4681 2851 4732 etiam
2889 4679 2941 4732 in
2976 4694 3149 4748 pugna
3187 4677 3540 4732 fortissimum
3579 4679 3663 4731 in-

2086 4772 2226 4841 jecta
2262 4770 2555 4825 timiditate
2612 4770 2763 4837 prius
2813 4780 3182 4823 convertente.
3232 4769 3328 4823 Est
3376 4770 3504 4823 item
3558 4769 3661 4822 alia

2091 4878 2254 4916 causa
2318 4877 2417 4916 cur
2456 4863 2556 4916 sub
2592 4863 2764 4915 Assur
2802 4860 3054 4914 redactus
3103 4860 3194 4914 sit.
3237 4859 3532 4926 Quaenam?
3563 4859 3665 4913 Po-

2090 4956 2247 5026 pulus
2275 4956 2419 5009 enim
2443 4995 2459 5019 ,
2494 4962 2622 5025 puta
2667 4952 2943 5023 Ephraim,
2984 4963 3190 5006 tantum
3222 4966 3329 5007 non
3371 4952 3534 5006 etiam
3572 4967 3665 5022 ρο-

2088 5049 2273 5115 pendit
2299 5048 2367 5102 ab
2402 5050 2541 5117 ipso,
2572 5048 2745 5101 Assur
2788 5045 3061 5108 videlicet,
3095 5053 3150 5099 et
3179 5060 3247 5098 ex
3294 5044 3531 5099 incolatu
3563 5060 3664 5099 suo

2088 5140 2154 5192 ad
2188 5137 2385 5193 Persas
2410 5148 2465 5193 et
2498 5137 2683 5192 Medos
2710 5138 2860 5191 abire
2886 5138 3071 5191 voluit.
3108 5137 3219 5192 Nec
3257 5137 3490 5191 dicimus
3526 5146 3662 5192 sane

2087 5230 2344 5299 Ephraim
2375 5231 2518 5285 istud
2553 5231 2756 5298 perpeti
2786 5229 3051 5291 voluisse;
3105 5229 3200 5282 sed
3241 5227 3386 5299 quod
3428 5229 3493 5281 ad
3535 5242 3665 5295 pec-

2090 5333 2212 5378 cata
2244 5323 2360 5390 ejus
2385 5324 2598 5387 attinet,
2632 5331 2742 5375 tam
2774 5322 3001 5375 adversa
3031 5320 3419 5389 propemodum
3449 5316 3667 5373 affecta-

2090 5415 2165 5469 vit
2207 5416 2451 5485 perpeti;
2500 5416 2763 5484 siquidem
2799 5414 2995 5468 licebat
3034 5413 3170 5466 iram
3197 5410 3454 5481 eﬂ‘ugere,
3500 5412 3543 5466 si
3593 5412 3663 5466 ad

2094 5507 2319 5562 meliora
2361 5518 2416 5560 et
2439 5506 2881 5560 convenientiora
2912 5517 2972 5557 se
3008 5501 3138 5556 dare
3171 5500 3484 5570 placuisset.
3518 5499 3665 5556 Tau-

2095 5610 2209 5653 tum
2233 5613 2338 5653 non
2359 5608 2415 5653 et
2440 5598 2692 5667 pependit
2715 5597 2782 5650 ab
2801 5596 2977 5650 Assur
2993 5601 3048 5650 et
3067 5594 3244 5663 patria
3276 5592 3432 5665 162
3452 5593 3662 5657 relicta,

2099 5689 2202 5746 hoc
2231 5700 2316 5745 est
2360 5689 2622 5755 incolatu,
2664 5702 2760 5745 seu
2802 5685 3141 5742 habitatione
3186 5698 3305 5742 sua.
3346 5686 3401 5742 in
3438 5699 3665 5755 regnum
