4110 6368
449 410 549 464 ετι

1446 404 1503 462 S.
1546 404 1827 462 εγιιιιιι
1865 403 2337 461 ALEXANDRl-NI
2379 402 2700 461 ARCHIEP.

3623 405 3727 459 ειη

450 525 599 579 illius
628 520 781 577 abire
818 521 1150 592 concupivit,
1205 524 1558 590 quantumvis
1590 526 1732 579 Deus
1776 540 2034 596 expresse

2138 524 2436 591 Μονονουχὶ
2486 523 2580 575 καὶ
2634 519 2969 592 ἑξεκρέματο
3024 517 3118 572 τοῦ
3169 517 3419 589 Ἀσσοῦρ,
3471 518 3567 573 καὶ
3633 536 3730 590 την

448 616 892 686 pra’nuntiasset,
932 615 1157 669 omnino
1202 614 1329 669 talia
1377 630 1437 672 se
1491 618 1856 684 inducturum,
1926 619 2031 673 nisi

448 705 830 775 paenitentiam
872 713 1119 772 agerent.
1157 704 1427 772 Quoniam
1481 707 1580 777 ipsi
1626 710 1692 763 ad
1725 708 1867 764 hunc
1909 723 2034 764 sco-

450 812 580 867 pum
627 797 1054 864 descenderunt,
1091 815 1111 850 ι
1146 797 1424 855 irascetur.
1471 799 1614 856 Deus
1662 817 1828 872 super
1864 802 2037 857 hono-

451 898 567 943 rata
604 888 742 957 eius.
776 906 797 941 ι
826 887 1127 954 Honorata,
1155 898 1209 945 et
1245 889 1469 957 eximia,
1508 902 1559 947 et
1593 896 1911 962 praestantia
1942 910 2037 965 po-

452 981 566 1049 puli
598 966 753 1050 reges
795 981 1052 1036 nimirum
1107 992 1259 1049 sunt,
1305 993 1361 1038 et
1403 983 1593 1049 duces,
1629 986 1721 1055 qui
1760 1001 1867 1040 una
1910 1002 2033 1041 cum

452 1072 614 1140 vulgo
658 1073 878 1128 abducti
930 1084 1058 1129 sunt
1106 1076 1316 1137 miseri,
1368 1084 1424 1130 et
1472 1077 1641 1140 servi,
1690 1087 1747 1131 et
1807 1078 2035 1145 captivi,

449 1166 577 1235 quia
619 1166 896 1239 subjectos
922 1167 1281 1231 seduxerunt,
1312 1177 1367 1220 et
1392 1166 1524 1221 facti
1557 1177 1684 1221 sunt
1714 1167 1939 1237 laqueus
1975 1168 2043 1223 iis

461 1258 579 1327 qui,
636 1260 681 1313 si
740 1258 1038 1314 voluissent
1082 1260 1206 1329 ipsi,
1246 1260 1390 1313 viam
1440 1259 1779 1316 rectitudinis
1821 1276 2044 1317 currere

451 1356 728 1417 poterant.
788 1349 1018 1419 Semper
1068 1352 1213 1405 enim
1274 1352 1443 1405 duces
1495 1350 1729 1406 subditis
1775 1361 2039 1422 praeeunt.

451 1439 623 1495 Erunt
658 1440 843 1511 itaque
900 1442 1136 1497 humiles
1183 1451 1238 1497 et
1289 1442 1508 1511 abjeCti,
1567 1446 1819 1512 quamvis
1868 1443 2039 1515 gloria

451 1532 782 1590 afﬂuxerint.
809 1533 977 1589 Plane
1008 1536 1152 1592 enim
1187 1536 1335 1606 regni
1369 1537 1564 1590 solium
1595 1539 1759 1591 decus
1785 1552 2040 1607 magnum

448 1624 637 1681 habet.
696 1626 893 1681 Verum
950 1641 1058 1681 non
1107 1627 1435 1681 exaltaverit
1492 1628 1613 1683 illos
1661 1627 1838 1696 Deus;
1881 1627 2043 1684 desiit

447 1721 615 1783 enim,
654 1718 706 1773 id
752 1720 894 1788 quod
930 1718 1041 1787 jam
1083 1722 1281 1790 saepius
1325 1719 1460 1786 dixi,
1496 1736 1718 1790 regnum
1756 1722 2036 1791 prraim.

2138 615 2465 684 ἑνεγκοῦσαν
2517 613 2696 682 ἀφεὶς,
2745 612 3011 675 τουτέστι,
3057 611 3158 682 τὴν
3201 609 3481 665 κατοικίαν
3538 611 3728 674 αὐτοῦ,

2141 707 2279 778 πρὸς
2318 706 2413 777 τὴν
2452 707 2663 760 ἐκείνου
2700 705 2939 777 βαδίζειν
2985 704 3263 769 ἀσυνέτως
3314 706 3581 778 ἐγλίχετο,
3637 708 3730 763 καί

2138 815 2222 852 τοι
2279 797 2414 852 Θεοῦ
2451 798 2628 869 πάντη
2665 815 2724 851 τε
2789 798 2884 851 καὶ
2935 797 3155 862 πάντως
3188 798 3417 866 ἐπάξειν
3470 797 3615 870 αὑτῷ
3660 799 3729 852 τά

2137 891 2315 945 τοιάδε
2379 891 2748 963 διειρηκότος,
2809 892 2857 944 εί
2938 890 3013 963 μὴ
3078 889 3350 961 βούλοιντο
3424 894 3724 963 μετανοεῖν.

2151 985 2368 1058 Ἐπειδὴ
2424 985 2483 1039 δὲ
2534 984 2670 1056 πρὸς
2713 984 2873 1038 τοῦτο
2917 983 3071 1038 αὐτοὶ
3116 983 3451 1039 κατῧήιισθον
3500 984 3725 1051 σκοποῦ,

2150 1096 2167 1128 ι
2197 1076 2596 1148 Θυμωθήσεται
2631 1077 2764 1139 Θεὸς
2805 1076 2898 1128 ἐπὶ
2927 1074 2994 1128 τὰ
3022 1073 3180 1145 τίμια
3215 1074 3403 1130 αὑτοῦ.
3429 1093 3448 1128 ι
3476 1076 3646 1146 Τίμια
3671 1075 3727 1129 δὲ

2141 1172 2237 1223 καὶ
2279 1170 2550 1241 ἐξαίρετα,
2602 1166 3051 1240 καὶ¹προῦχοντα
3102 1167 3211 1221 τῶν
3266 1168 3432 1232 λαῶν,
3488 1168 3728 1238 βασιλεῖς

2141 1263 2402 1335 δηλονότι,
2439 1262 2534 1316 καὶ
2582 1261 2896 1333 ἡγούμενοι,
2931 1262 2980 1314 οἳ
3010 1260 3104 1314 καὶ
3135 1263 3248 1325 τοῖς
3289 1261 3562 1331 ἀγελαίοις
3605 1279 3728 1314 συν·

2140 1355 2612 1426 απεκομίσθησαν,
2640 1353 2867 1406 ἐλεεινοί
2898 1369 2956 1406 τε
3004 1352 3097 1405 καὶ
3132 1351 3327 1418 δοῦλοι,
3358 1354 3452 1406 καὶ
3482 1354 3540 1408 ὲν
3574 1354 3727 1418 τάξει

2137 1443 2508 1515 δορυκτήτων,
2564 1445 2646 1497 ὅτι
2701 1444 2827 1506 τοὺς
2857 1443 2961 1496 ὑπὸ
2993 1444 3150 1512 χεῖρα
3200 1443 3604 1515 πεπλανήκασι,
3632 1445 3727 1496 καὶ

2138 1536 2398 1604 γεγόνασι
2424 1536 2593 1603 παγίς
2617 1535 2750 1597 τοῖς,
2786 1534 2942 1605 εἴπερ
2961 1533 3152 1604 ἤθελον
3178 1533 3354 1600 αὐτοὶ,
3377 1533 3472 1587 καὶ
3493 1533 3726 1588 διάττειν

2138 1627 2459 1697 δυναμένοις
2492 1626 2590 1695 τὴν
2624 1625 2711 1678 ἐπ’
2752 1623 2904 1677 εὐθύ.
2950 1626 3288 1696 Καθηγεῖται
3327 1626 3435 1697 γὰρ
3484 1626 3574 1680 ἀεὶ
3617 1626 3725 1678 τῶν

2141 1716 2580 1787 ὑπεστρωμένων
2604 1714 2666 1768 τὸ
2690 1714 3012 1786 ἡγούμενον,
3044 1717 3300 1771 Ἔσονται
3321 1716 3383 1788 δὴ
3412 1712 3508 1770 οῦν
3535 1733 3726 1770 ταπει-

447 1810 549 1875 νοὶ,
579 1810 674 1864 καὶ
700 1812 1132 1884 ἀπερριμμένοι,
1161 1812 1255 1867 καί
1288 1830 1370 1866 τοι
1419 1812 1676 1886 πλείστην
1708 1816 1840 1886 ὅσην
1867 1814 2161 1887 ἐσχηκότες
2192 1812 2289 1884 τὴν
2347 1812 2527 1878 δόξαν.
2552 1811 2821 1881 Πρόσεστι
2876 1811 2985 1883 γὰρ
3042 1812 3262 1876 πάντως
3316 1814 3426 1875 τοῖς
3454 1812 3553 1881 τῆς
3572 1811 3727 1882 βασι·

446 1903 597 1967 λείας
645 1904 841 1969 θώκοις
901 1906 963 1960 τὸ
1022 1906 1262 1973 εὐκλεές.
1322 1908 1459 1962 Ἀλλ’
1525 1909 1626 1963 οὐκ
1687 1908 1753 1962 ἂν
1807 1909 2073 1979 ὑψώσειεν
2143 1907 2340 1970 αὐτοὺς
2372 1905 2577 1969 όΘεός.
2610 1904 2888 1959 Πέπαυται
2923 1904 3054 1976 γὰρ,
3083 1904 3157 1968 ὡς
3176 1904 3319 1975 ἔφην
3347 1904 3445 1975 ἤδη
3477 1900 3727 1958 πλειστςΐ

449 2015 559 2063 κις,
594 2000 628 2070 ή
665 1999 760 2053 τοῦ
809 1998 1052 2072 Ἐφραῒμ
1089 2000 1357 2071 βασιλεία.

521 2095 776 2148 Cavenda
804 2095 969 2164 igitur
1001 2096 1159 2150 nobis
1191 2095 1518 2152 Christianis
1570 2096 1806 2152 maxime
1834 2096 1901 2153 ad
1933 2097 2034 2152 im-

2210 2090 2669 2164 Παραφυλακτέον
2701 2090 2765 2161 δὴ
2788 2086 2883 2144 οῦν
2921 2092 3054 2163 ἡμῖν
3086 2090 3323 2162 μάλιστα
3352 2093 3466 2156 τοῖς
3494 2095 3549 2144 ὲν
3589 2093 3724 2164 Χρι-

449 2188 777 2259 probitatem
840 2187 1145 2243 inclinatio.
1192 2189 1348 2255 Quod
1404 2189 1509 2245 nisi
1550 2188 1883 2258 fecerimus,
1930 2191 2033 2260 ipsi

2139 2187 2271 2257 στῴ,
2303 2186 2403 2257 τὴν
2446 2186 2524 2248 εἰς
2563 2183 2632 2237 τά
2658 2183 2839 2253 φαῦλα
2874 2184 3067 2254 ῥοπήν.
3104 2183 3174 2235 Ἢ
3199 2181 3344 2254 εἰμὴ
3374 2185 3528 2238 τοῦτο
3554 2186 3722 2257 δρῴης

451 2279 653 2334 diaboli
684 2278 873 2348 jugum
924 2280 1081 2335 nobis
1122 2279 1367 2336 volentes
1423 2281 1786 2351 imponemus,
1824 2293 2034 2339 tantum

2142 2295 2240 2350 μεν
2281 2277 2521 2340 ἑκόντες,
2567 2275 2721 2329 αὐτοὶ
2750 2274 2843 2328 τὸν
2891 2273 2984 2329 τοῦ
3022 2273 3269 2328 διαϐόλου
3298 2275 3463 2345 ζυγὸν
3511 2277 3722 2340 ἑαυτοῖς

453 2385 560 2426 non
586 2370 656 2424 ab
696 2369 813 2438 ejus
845 2370 1139 2425 dilectione
1177 2372 1450 2441 suspensi,
1486 2382 1712 2444 totaque
1752 2373 2038 2431 alacritate

450 2466 517 2518 ad
549 2462 666 2533 ejus
708 2462 897 2532 jugum
941 2463 1194 2533 deinceps
1226 2463 1533 2529 ferendum.
1568 2474 1625 2521 et
1650 2466 1717 2521 ad
1761 2466 1936 2536 ipsius
1968 2466 2035 2522 li-

450 2556 620 2611 bidini
649 2556 1058 2626 obsequendum
1109 2558 1494 2612 concedentes.
1542 2559 1659 2626 Quo
1692 2558 1839 2615 facto
1868 2560 2036 2619 Deum

444 2647 814 2714 irritabimus,
864 2658 920 2703 et
968 2651 1048 2703 sic
1099 2649 1153 2703 in
1211 2659 1489 2717 posterum
1529 2654 1735 2707 erimus
1779 2652 2034 2718 humiles,

450 2740 722 2808 dejectum
787 2750 845 2797 et
878 2743 1029 2796 velut
1062 2743 1289 2812 pedibus
1316 2744 1581 2800 calcatum
1623 2756 1876 2816 gerentes
1914 2747 2037 2801 ani-

453 2847 624 2897 mum,
646 2831 768 2887 .Deo
811 2831 1167 2898 debilitante,
1217 2833 1568 2904 strenuisque
1615 2836 2038 2906 cogitationibus

451 2926 518 2978 ad
564 2924 766 2978 bonum
808 2925 1239 2995 comparandum
1298 2940 1397 2982 nos
1443 2927 1658 2997 erigere
1698 2943 1807 2985 non
1860 2931 2030 2986 susti—

444 3024 634 3071 .nente.

542 3108 706 3163 Vsus.
736 3106 805 3174 v8,
838 3108 892 3163 9.
920 3107 1063 3174 Quid
1099 3108 1193 3163 tibi
1212 3109 1431 3178 faciam,
1450 3108 1749 3180 Ephraim?
1768 3123 2037 3184 protegam

450 3209 520 3265 te,
551 3198 746 3261 Israel,
774 3200 902 3264 quid
934 3201 1029 3253 tibi
1053 3200 1298 3269 faciam?
1338 3204 1477 3257 sicut
1516 3205 1724 3259 Adama
1754 3222 1943 3274 ponam
1967 3220 2037 3274 te,

446 3301 501 3346 et
526 3293 662 3347 sicut
706 3289 936 3346 Seboim.
971 3289 1292 3347 Conventum
1338 3305 1414 3349 est
1452 3311 1545 3350 cor
1584 3313 1778 3351 meum.
1822 3297 1888 3351 In
1927 3298 2038 3368 ipso

451 3383 767 3439 conturbata
818 3396 895 3438 est
939 3386 1248 3453 paenitentia
1286 3404 1441 3452 mea,
1486 3405 1590 3444 non
1645 3389 1846 3457 faciam
1878 3391 2037 3461 juxta

2136 2369 2494 2440 ἐπιθήσομεν,
2538 2366 2822 2442 μονονουχὶ
2863 2364 2957 2419 καὶ
3002 2365 3453 2439 ἀποκρεμάμενα
3499 2367 3599 2438 τῆς
3643 2371 3723 2432 είς

2137 2460 2300 2518 αὐτὸν
2332 2459 2576 2530 ἀγάπης,
2616 2458 2712 2531 ὅλη
2739 2474 2796 2511 τε
2833 2456 3140 2527 βαδίζοντες
3170 2457 3449 2530 προθυμία
3490 2459 3626 2531 πρὸς
3663 2460 3724 2512 τὸ

2140 2558 2231 2611 ὑπ’
2276 2554 2425 2627 αὐτῴ
2463 2552 2720 2623 γενέσθαι
2770 2551 2977 2616 λοιπὸν,
3026 2551 3121 2605 καὶ
3161 2552 3229 2606 τὰ
3279 2552 3427 2624 αὑτῷ
3462 2552 3723 2607 δοκοῦντα

2139 2648 2403 2721 πληροῦν.
2475 2646 2613 2701 Ἀλλ’
2674 2648 2723 2700 εί
2783 2643 2943 2699 τοῦτο
3012 2643 3242 2713 γένοιτο,
3312 2644 3722 2718 παροξυνοῦμεν

2139 2745 2295 2805 Θεὸν,
2332 2742 2474 2796 οὕτω
2517 2758 2578 2795 τε
2609 2738 2797 2794 λοιπὸν
2842 2738 3083 2810 ἐσόμεθα
3128 2740 3395 2805 ταπεινοὶ,
3445 2740 3722 2811 χθαμαλὸν

2139 2839 2235 2890 καὶ
2274 2834 2659 2906 πεπατημένον
2700 2832 2915 2903 ἔχοντες
2961 2830 3107 2898 νοῦν,
3156 2831 3291 2885 Θεοῦ
3328 2832 3719 2903 παραλύοντος.

2139 2928 2237 2982 καὶ
2263 2930 2384 2991 ταῖς
2421 2928 2501 2989 εἰς
2544 2924 2606 2978 τὸ
2635 2921 2841 2992 ἀγαθὸν
2874 2920 3118 2991 ἀνδρίαις
3146 2921 3411 2994 ἀνορθοῦν
3440 2923 3587 2996 ἡμᾶς
3619 2924 3720 2975 οὐκ

2140 3020 2496 3089 ἀνεχομένου.

2217 3113 2277 3165 Τί
2292 3126 2374 3164 σε
2396 3108 2704 3180 διαθᾶψαι,
2741 3111 3023 3180 Ἐφραΐμ;
3064 3104 3413 3177 ὐπερασπιῶ
3435 3119 3571 3173 σου,
3613 3107 3722 3161 ἰσ-

2133 3205 2320 3274 ραὴλ,
2343 3205 2399 3258 τί
2414 3218 2494 3258 σε’
2524 3202 2743 3267 διαθῶ;
2771 3204 2852 3269 ὡς
2886 3200 3097 3271 Ἀδάμα
3117 3198 3377 3269 θήσομαι
3397 3215 3491 3262 σε,
3521 3197 3621 3251 καί
3642 3199 3723 3263 ὡς

2140 3297 2405 3365 Σεϐοείμ.
2444 3294 2838 3363 Μετεστράφη
2863 3295 2902 3363 ή
2934 3291 3151 3361 καρδία
3164 3308 3305 3360 μου.
3342 3290 3439 3344 Ἐν
3455 3287 3535 3355 τῷ
3561 3289 3725 3355 αὐτῷ

2140 3388 2562 3458 συνεταράχθη
2598 3390 2637 3456 ἠ
2679 3386 3041 3457 μεταμέλειά
3062 3402 3205 3455 μου,
3246 3386 3317 3438 οὐ
3352 3383 3439 3454 μὴ
3490 3382 3723 3449 ποιήσω

450 3478 586 3530 iram
647 3476 853 3545 furoris
902 3478 1030 3530 mei.
1091 3476 1217 3531 Non
1275 3480 1635 3550 derelinquant
1700 3492 1753 3534 ut
1799 3484 2034 3537 deleatur

2140 3480 2291 3536 κατὰ
2313 3480 2430 3549 τὴν
2457 3480 2646 3550 ὀργὴν
2687 3480 2795 3533 τοῦ
2830 3480 3021 3549 θυμοῦ
3041 3496 3183 3548 μου.
3236 3479 3318 3531 Οὐ
3360 3477 3445 3547 μὴ
3476 3478 3725 3548 ἐγκατα-

450 3566 732 3639 Epltraim,
760 3570 1011 3638 quoniam
1050 3568 1194 3624 Deus
1233 3587 1327 3640 ego
1366 3588 1508 3637 sum,
1549 3584 1598 3627 et
1631 3589 1736 3628 non
1762 3575 1938 3640 homo,
1982 3578 2037 3629 in

450 3673 498 3715 te
517 3670 753 3714 εαιιειιιε.

519 3748 735 3806 CXXX.
790 3749 1052 3805 Adhibuit
1094 3753 1571 3822 reprehensiones,
1610 3752 1881 3821 iudicans,
1921 3770 2037 3811 om-

452 3842 690 3897 nimodis
726 3843 792 3897 de
839 3853 1039 3899 caetero
1080 3843 1220 3898 iram
1277 3845 1677 3902 inexorabilem
1722 3849 1777 3903 in
1807 3864 1900 3904 eos
1937 3864 2035 3904 ex-

450 3934 830 4003 promendam,
877 3945 935 3990 ut
981 3937 1035 3991 in
1069 3940 1386 4004 sceleratus,
1410 3949 1472 3993 et
1505 3954 1669 4009 supra
1720 3942 1935 3997 modum
1980 3943 2037 3997 in

456 4027 622 4080 Deum
675 4026 890 4097 impios,
935 4036 998 4084 ut
1055 4029 1232 4084 nullus
1270 4031 1446 4086 veniae
1480 4032 1703 4089 relictus
1742 4035 1816 4090 sit
1860 4034 2034 4092 locus.

448 4119 591 4186 Quia
637 4133 767 4173 vero
796 4122 971 4175 bonus
1002 4130 1113 4186 est,
1153 4124 1587 4179 mansuetudinis
1620 4124 1744 4179 fons
1780 4133 1837 4181 et
1859 4127 2034 4196 origo,

453 4219 658 4262 motum
708 4211 1046 4280 comprimit,
1099 4226 1205 4266 non
1252 4220 1311 4266 ut
1357 4222 1559 4281 praeter
1598 4215 1862 4269 rationem
1895 4214 2037 4272 forte

452 4302 753 4355 excitatum
780 4317 846 4356 ex
875 4303 1291 4358 ratiocinatione
1324 4305 1561 4360 melioris
1587 4304 1871 4376 increpans
1901 4306 2034 4376 (non

455 4394 602 4448 enim
637 4394 929 4464 aliquando
955 4413 984 4450 a
1020 4398 1452 4467 cogitationibus
1480 4411 1536 4456 et
1584 4401 1891 4457 actionibus
1930 4402 2033 4457 sibi

454 4488 1045 4545 accommodatissimis
1086 4492 1271 4546 divina
1306 4502 1363 4547 et
1410 4493 1810 4563 inexplicabilis
1840 4507 2035 4551 natura

456 4576 784 4650 deflexerit),
835 4582 930 4636 sed
960 4584 1118 4651 quasi
1168 4585 1434 4639 cohibens
1472 4588 1617 4655 quod
1662 4586 1769 4643 illis
1812 4588 2032 4658 dignum

450 4682 590 4738 erat,
629 4683 683 4728 et
717 4675 1012 4744 prohibens
1058 4692 1125 4732 ex
1175 4677 1423 4746 lenitate,
1455 4681 1598 4750 quod
1642 4680 1719 4736 illi
1768 4682 2035 4753 imprimis

452 4766 830 4834 merebantur,
871 4769 1032 4842 163
1070 4772 1173 4827 hoc
1210 4782 1316 4836 est,
1345 4784 1403 4826 ut
1443 4775 1688 4842 perirent
1714 4775 1950 4844 penitus,
1979 4786 2035 4830 et

2139 3578 2296 3631 λίπω
2327 3576 2434 3630 τοῦ
2474 3573 2905 3643 ἐξαλειφθῆναι
2940 3573 3047 3626 τὸν
3083 3571 3350 3640 Ἐφραῒμ,
3395 3569 3544 3623 διότι
3578 3569 3723 3635 Θεὸς

2130 3665 2252 3736 -ὲτώ
2270 3668 2408 3735 εἰμι,
2434 3666 2534 3722 καί
2563 3667 2674 3719 οὐκ
2693 3664 3027 3733 ἄνθρωπος,
3057 3664 3129 3717 ἐν
3152 3664 3254 3717 σοὶ
3288 3662 3478 3731 ἅγιος.

2208 3758 2334 3813 PA’.
2386 3759 2713 3828 Προσήγαγε
2767 3757 2867 3821 τὰς
2927 3756 3186 3827 μέμψεις,
3247 3755 3590 3818 ὑποδεικνὺς,
3639 3754 3723 3808 δτι

2139 3851 2319 3921 πάντη
2355 3867 2415 3902 τε
2488 3850 2583 3902 καὶ
2642 3849 2861 3912 πάντως
2912 3848 3097 3911 αὐτοῖς
3149 3847 3580 3917 ἀποτομωτάτην
3615 3845 3725 3901 εδει

2138 3943 2327 3998 λοιπὸν
2354 3942 2712 4013 ἐπιφέρεσθαι
2737 3942 2835 4012 τὴν
2862 3942 2956 4012 ὀργ
2968 3940 3032 4011 ὴν
3054 3940 3246 3994 ἀνόσια
3269 3938 3597 4010 πεπραχόσι,
3629 3941 3728 3993 καὶ

2138 4036 2399 4091 ἐπέκεινα
2444 4035 2643 4105 μέτρου
2674 4034 2819 4087 κατὰ
2845 4032 2982 4086 Θεοῦ
3014 4031 3482 4103 δεδυσσεδηκόσιν,
3514 4031 3589 4093 ὡς
3617 4048 3727 4103 μη-

2133 4128 2331 4197 δεμιᾶς
2388 4126 2468 4179 ἔτι
2530 4124 2745 4193 φειδοῦς
2806 4125 2992 4186 αὐτοῖς
3042 4120 3449 4193 περιλελεῖφθαι
3499 4122 3724 4192 τρόπον.

2151 4219 2373 4289 Ἐπειδὴ
2404 4219 2463 4272 δέ
2485 4219 2634 4272 ἐστιν
2662 4216 2887 4286 ἀγαθὸς,
2919 4215 3257 4286 ἡμερότητος
3284 4214 3429 4284 πηγὴ
3454 4214 3549 4267 καὶ
3572 4214 3727 4282 γένε-

2139 4332 2245 4380 σις,
2282 4312 2581 4367 ἀνακόπτει
2610 4310 2671 4365 τὸ
2698 4310 2928 4381 κίνημα,
2964 4310 3066 4379 οὐχ
3091 4308 3166 4373 ὡς
3198 4309 3522 4379 παραλόγως
3562 4325 3728 4377 γεγοη-

2136 4407 2249 4460 νότι
2277 4405 2437 4475 τυχὸν
2465 4405 2531 4456 ὲκ
2558 4401 2824 4473 λογισμοῦ
2861 4401 2954 4455 τοῦ
2991 4402 3301 4473 κρείττονος
3334 4400 3623 4469 ἐπιτιμῶν,
3661 4402 3726 4454 οὗ

2138 4499 2243 4569 γὰρ
2292 4496 2358 4551 ἂν
2418 4498 2655 4568 ἁμάρτοι
2709 4495 2840 4550 ποτὲ
2892 4494 3003 4548 τῶν
3059 4496 3197 4566 αὐτῇ
3258 4496 3726 4567 πρεπωδεστάτων

2137 4589 2375 4653 ἐννοιῶν,
2406 4590 2437 4659 ἢ
2470 4588 2743 4660 πράξεων,
2768 4590 2802 4658 ἡ
2841 4587 2960 4641 θεία
2990 4604 3050 4640 τε
3080 4588 3173 4640 καὶ
3206 4588 3493 4660 ἄφραστος
3523 4588 3681 4658 φύσις
3707 4606 3723 4619 ο

2135 4681 2417 4752 ἀπείργων
2448 4681 2504 4733 δὲ
2533 4678 2724 4749 ὥσπερ
2764 4680 2825 4733 τὸ
2867 4680 2988 4733 κατ’
3018 4679 3196 4744 ἀξίαν,
3226 4682 3321 4733 καὶ
3356 4680 3729 4735 κατακωλύων

2136 4774 2194 4841 ἐξ
2232 4774 2569 4846 ἡμερότητος
2603 4772 2666 4824 τὸ
2694 4774 2775 4825 ὅτι
2815 4772 3050 4841 μάλιστα
3085 4772 3297 4842 πρέπον
3328 4772 3533 4837 αὐτοῖς,
3566 4789 3727 4825 τουτ-

453 4858 619 4912 veluti
654 4861 721 4917 ab
766 4863 951 4916 radice
1008 4864 1122 4931 ipsa
1166 4865 1626 4932 exstirparentur.
1680 4863 1888 4920 Idcirco
1933 4866 2032 4930 ait,

2138 4828 2285 4928 έᾶτξ
2325 4828 2423 4934 τὴν
2454 4828 2691 4916 εἰσάπαν
2715 4828 3011 4927 ἀπιθλειαν,
3038 4828 3143 4917 καὶ.
3166 4863 3225 4916 τὺ
3259 4865 3322 4916 ὲκ
3351 4828 3729 4936 ῥίζηςῶσπερ

457 4969 475 5001 ι
516 4950 666 5018 Quid
695 4950 894 5006 faciam
929 4954 1023 5007 tibi
1048 4954 1070 5008 2
1098 4974 1116 5006 ι
1144 4954 1260 5021 Qua
1288 4957 1395 5021 via,
1431 4958 1624 5025 inquit,
1657 4967 1779 5014 utar
1810 4958 1863 5013 in
1888 4973 2034 5014 com-

449 5042 714 5112 ponendis
767 5047 928 5098 rebus
972 5046 1111 5100 tuis?
1162 5046 1446 5117 Protegam
1481 5058 1553 5113 te.
1605 5058 1659 5103 et
1714 5064 2030 5105 succurram

454 5149 667 5201 rursus,
713 5146 769 5189 et
818 5136 1047 5190 insidias
1101 5138 1489 5195 meditantibus
1554 5140 2028 5212 inexpugnabilem

453 5226 784 5281 ostendam?
833 5225 941 5282 Sed
976 5231 1250 5298 quomodo
1300 5232 1443 5287 i'stud
1494 5233 1631 5288 fiet?
1666 5233 1832 5291 Decet
1887 5236 2030 5291 enim

454 5317 636 5387 puniri
676 5318 849 5388 magis
908 5333 1069 5388 quam
1106 5322 1268 5376 rebus
1304 5327 1378 5376 uti
1407 5325 1474 5378 ad
1509 5324 1835 5380 voluntatem
1860 5324 2032 5381 ﬂuen-

455 5409 623 5478 tibus,
654 5411 780 5481 quia
827 5420 967 5467 tetra
1023 5414 1075 5469 in
1124 5414 1293 5469 Deum
1348 5414 1589 5471 facinora
1625 5421 2030 5475 consciverunt.

453 5496 638 5570 Itaque
669 5504 912 5559 tribuens
949 5506 1049 5560 tibi
1081 5521 1182 5575 pro
1214 5508 1501 5578 dignitate,
1538 5520 1594 5565 et
1633 5526 1793 5580 pares
1820 5514 2033 5569 delictis

456 5594 561 5648 tuis
586 5608 775 5662 paenae
805 5597 1130 5666 decernens,
1167 5618 1187 5654 ι
1227 5612 1286 5656 ιιι
1310 5604 1520 5656 Adama
1543 5619 1750 5672 ponam
1786 5615 1860 5669 te,
1886 5617 1942 5662 et
1973 5619 2032 5662 ut

452 5674 695 5737 Séboim.
725 5704 743 5736 ι
771 5683 1018 5743 Fuerunt
1046 5691 1128 5745 hac
1160 5692 1324 5747 urbes
1350 5694 1719 5760 Sodomiticaa,
1739 5711 1875 5764 quas
1905 5712 2029 5751 cum

453 5774 589 5842 ipsis
630 5772 995 5832 fundamentis
1049 5780 1188 5851 ignis
1222 5784 1359 5840 cmlo
1396 5785 1578 5857 lapsus
1620 5789 1921 5859 absumpsit
1954 5790 2022 5845 ³¹.

520 5867 561 5899 ³⁸
589 5864 725 5925 Cen.
770 5885 884 5939 nx,
914 5871 1004 5927 ει.

2138 4958 2309 5028 αὐτῆς
2334 4955 2799 5028 ἀναῦοθρεύεσθαι
2829 4956 2960 5009 δεῖν.
3001 4956 3274 5027 Ταύτῃτοί
3313 4972 3447 5028 φησι
3470 4972 3484 4985 ·
3521 4956 3616 5010 «Τί
3660 4973 3727 5010 σε

2135 5049 2336 5115 διαθῶ;
2364 5067 2383 5100 ι
2449 5049 2608 5120 Ποία,
2653 5048 2838 5119 φησὶν,
2887 5046 2991 5119 ὁδῷ
3039 5050 3313 5120 χρήσομαι
3366 5049 3432 5102 τὰ
3480 5049 3621 5103 κατά
3663 5049 3728 5102 σὲ

2137 5142 2439 5208 συντιθείς;
2500 5141 2859 5212 ’Υπερασπιῶ
2907 5157 3022 5203 σου,
3076 5140 3171 5194 καὶ
3228 5140 3488 5211 ἐπαμυνῶ
3535 5140 3724 5205 πάλιν,

2141 5234 2233 5287 καὶ
2255 5232 2744 5305 δυσκαταμάχητον
2767 5232 3036 5297 ἀποδείξω
3064 5234 3178 5294 τοῖς
3203 5231 3571 5285 ἐπιϐουλεύειν
3606 5231 3727 5285 tet-

2138 5326 2358 5391 λουσιν;
2404 5323 2537 5379 Εἶτα
2575 5324 2697 5388 πῶς
2732 5322 2892 5376 τοῦτο
2918 5324 3250 5393 γενήσεταις
3286 5323 3493 5394 Πρέπει
3519 5321 3628 5395 γάρ
3657 5322 3728 5376 ἂν

2139 5421 2200 5474 τὸ
2236 5419 2584 5484 κολάζεσθαι,
2635 5417 2836 5489 μᾶλλον
2883 5416 2917 5487 ἢ
2961 5416 3275 5487 εὐημερεῖν,
3327 5418 3440 5480 τοῖς
3478 5414 3546 5470 τὰ
3578 5416 3729 5471 δεινά

2142 5511 2285 5566 κατὰ
2320 5510 2455 5564 Θεοῦ
2503 5510 2838 5580 δεδρακόσιν.
2886 5507 3098 5563 Οὐκοῦν
3129 5508 3420 5579 ἀπονέμων
3465 5509 3528 5562 τὸ
3588 5508 3730 5580 πρὸς

2140 5605 2316 5669 ἀξίαν,
2348 5605 2441 5658 καὶ
2469 5602 2825 5673 ἰσοστάθμους
2865 5604 2979 5665 τοῖς
3011 5600 3442 5673 πλημμελήμασι
3470 5601 3585 5665 τοῖς
3614 5603 3729 5666 σοῖς

2138 5696 2336 5769 ὁρίζων
2381 5695 2558 5757 δίκας,
2600 5714 2616 5745 ι
2644 5695 2718 5757 ὼς
2754 5691 2964 5763 Ἀδάμα
3000 5692 3235 5764 θήσομαι
3268 5708 3345 5753 σε,
3390 5691 3485 5746 καὶ
3512 5690 3589 5756 ὡς
3625 5690 3728 5744 Σε-

2134 5791 2312 5862 δοείμ,
2344 5810 2362 5842 ι
2397 5790 2586 5853 Πόλεις
2618 5787 2672 5841 δὲ
2700 5782 2860 5842 αὗται
2894 5786 3259 5858 Σοδομιτικαὶ,
3302 5787 3367 5850 ἀς
3400 5786 3592 5858 μέχρις
3624 5786 3726 5840 αὐ·-
