4110 6368
378 365 491 429 173

1313 372 1867 435 COMMENTARIUS
1906 377 1972 433 ΙΝ
2012 379 2247 438 OSEAM
2288 381 2734 444 PROPIIETAM.

3557 391 3667 448 274

385 493 498 549 τῶν
530 493 860 565 κατεδήδοκε
915 492 1135 566 βάθρων
1181 494 1245 549 τδ
1275 493 1605 550 καταϐαῖνον
1655 495 1786 564 πῦρ.
1835 494 1973 548 Ἀλλ’

2083 494 2189 551 Sed
2222 512 2400 566 neque
2440 497 2544 554 boc
2568 498 2788 568 faciam,
2828 501 3029 572 inquit,
3058 521 3367 578 quanquam
3394 508 3513 564 ﬁeri
3543 510 3666 581 jure
3753 477 3766 518 ³9

385 589 508 643 οὑδέ
553 586 715 642 τοῦτο
746 587 950 658 δράσω,
1002 588 1162 660 φησὶ,
1218 589 1395 642 καίτοι
1450 587 1704 658 γενέσθαι
1752 586 1974 651 δικαίως

386 679 621 749 ὀφεῖλον.
682 678 1098 752 ’Υπερθήσομαι
1147 680 1205 735 δὲ
1237 679 1768 752 (μεταϐεϐούλευμαι
1817 678 1972 748 γὰρ),

387 771 480 826 καὶ
501 771 602 826 οὑκ
627 771 891 844 ἀκράτοις
923 773 1200 844 χρήσομαι
1223 774 1336 836 τοῖς
1353 772 1566 844 θυμοῖςο
1599 773 1702 826 οὑκ
1732 771 1800 826 ἂν
1827 771 1975 840 δοίην

386 865 468 928 εἰς
512 863 790 934 ἐξάλειψιν
828 864 1093 935 παντελῆ,
1121 863 1298 919 καίτοι
1327 865 1564 936 πονηρὸν
1594 863 1856 936 γεγονότα
1885 863 1975 916 τὸν

397 955 662 1027 Ἐφραῒμ.
695 956 794 1011 Διά
838 956 1000 1011 ποίαν
1033 956 1255 1021 αἰτίανς
1291 957 1351 1010 οὑ
1381 957 1492 1029 γὰρ
1525 952 1669 1028 ἦσαν
1697 954 1836 1021 ἄξιοι
1878 953 1973 1007 τοῦ

387 1042 584 1097 παθεῖν
623 1044 788 1113 αὑτό;
814 1039 944 1108 Ναὶ,
985 1044 1170 1117 φησὶν,
1219 1045 1334 1100 ἀλλ’
1373 1046 1489 1117 εἰμὶ
1531 1045 1684 1110 θεὸς,
1735 1045 1831 1098 καὶ
1875 1046 1975 1098 οὑκ

386 1135 695 1208 ἄνθρωπος,
723 1135 925 1205 ἀγαθὸς
957 1135 1219 1208 δηλονότι,
1256 1137 1353 1191 καὶ
1390 1137 1511 1209 οὑχ¹ι
1553 1139 1667 1202 τοῖς
1714 1135 1774 1202 ἐξ
1806 1136 1976 1210 ὀργῆς

391 1230 661 1299 κινήμασι
701 1231 1052 1303 παραχωρῶν
1079 1231 1140 1284 τδ
1169 1233 1346 1303 νικᾷν,
1375 1229 1715 1301 ἀνθρώπινον
1768 1231 1875 1304 γὰρ
1913 1230 1976 1284 τὸ

383 1321 589 1375 τοιόνδε
641 1321 832 1387 πάθος.
874 1321 940 1376 Τί
968 1316 1061 1377 οὖν
1092 1322 1170 1376 ἐτι
1198 1324 1468 1388 κολάζεις,
1507 1323 1693 1393 φησὶν,
1734 1323 1890 1393 εῐπερ
1925 1315 1978 1377 εἴ

384 1410 520 1477 Θεὸς
560 1415 752 1485 ὀργαῖς
801 1413 877 1486 μὴ
935 1415 1327 1488 κρατούμενος,
1383 1414 1610 1487 ἐμφύτῳ
1665 1414 1722 1468 δὲ
1772 1414 1974 1486 μᾶλλον

384 1504 652 1576 ἐπόμενος
698 1506 1030 1578 ήμερότητι;
1058 1503 1308 1572 Κολάζω,
1360 1506 1549 1580 φησίν⁸
1599 1508 1717 1578 εἰμὶ
1763 1505 1873 1577 γὰρ
1910 1505 1971 1559 οὐ

389 1597 548 1670 μόνον
581 1596 808 1665 ἀγαθὸς,
829 1597 906 1662 ὡς
932 1597 1063 1663 Θεός
1083 1615 1099 1631 ’
1141 1597 1280 1653 ἀλλά
1302 1597 1441 1671 πρὸς
1469 1597 1644 1670 τούτῳ
1671 1598 1766 1652 καὶ
1797 1595 1973 1666 ἅγιος,

389 1688 563 1760 μισῶν
623 1688 873 1754 ἀδικίας·
913 1690 1393 1762 ἀποστρεφόμενος
1448 1691 1574 1754 τοὺς
1625 1687 1974 1762 μεμολυσμέ-

2081 588 2344 657 deberet;
2391 589 2638 646 dill'eram
2685 604 2911 651 autem:
2962 600 3167 655 mutavi
3211 616 3450 672 namque
3485 604 3666 659 consi-

2079 679 2232 746 lium,
2271 696 2375 748 nec
2424 700 2635 738 summa
2689 696 2812 741 utar
2859 689 2974 757 ira;
3010 707 3118 746 non
3170 692 3366 750 delebo
3413 709 3663 761 prorsus,

2077 775 2329 844 quamvis
2391 777 2661 845 pravitate
2721 793 3061 850 corruptum,
3121 783 3403 854 Epitraim.
3462 785 3666 855 Quam-

2076 864 2310 920 obrem?
2341 882 2406 922 an
2450 867 2552 923 hoc
2596 868 2672 922 illi
2705 885 2810 927 non
2860 873 3256 932 merebantur?
3293 875 3662 945 uerebantur,

2080 961 2278 1028 inquit,
2306 961 2400 1017 sed
2429 961 2573 1017 Deus
2600 977 2742 1030 sum,
2779 979 2885 1018 non
2922 966 3116 1032 homo;
3166 969 3663 1034 bonus'nimiruni,

2079 1065 2177 1107 nec
2215 1051 2454 1108 motibus
2503 1053 2596 1109 ira?
2643 1055 2932 1110 victoriam
2979 1058 3199 1116 cedens.
3233 1059 3481 1116 Humana
3513 1063 3661 1116 enim

2077 1153 2160 1199 est
2185 1144 2310 1200 talis
2341 1144 2577 1202 affectio.
2620 1148 2761 1214 Quid
2789 1163 2917 1218 ergo
2948 1151 3106 1221 punis
3152 1152 3350 1220 adhuc,
3387 1155 3582 1225 inquit,
3616 1155 3662 1210 si

2077 1233 2220 1292 Deus
2249 1253 2331 1303 es,
2366 1249 2422 1295 et
2450 1240 2520 1296 ab
2555 1241 2636 1295 ira
2681 1256 2785 1297 non
2819 1244 3052 1310 teneris;
3095 1246 3188 1298 sed
3236 1245 3454 1302 insitam
3485 1249 3664 1317 potius

2078 1331 2554 1387 mansuetudinem
2581 1335 2830 1404 sequeris
2850 1336 2873 1391 ‘.’
2893 1336 3091 1404 Punio,
3121 1337 3296 1407 inquit
3327 1353 3342 1393 :
3377 1355 3496 1394 sum
3520 1340 3662 1395 enim

2079 1437 2183 1476 non
2217 1431 2426 1478 tantum
2452 1424 2653 1491 bonus,
2681 1437 2738 1481 ut
2775 1427 2918 1484 Deus
2945 1446 2960 1495 ;
2993 1432 3086 1483 sed
3127 1441 3392 1499 praeterea
3419 1442 3661 1496 sanctus,

2075 1512 2201 1566 odio
2226 1512 2437 1570 habens
2468 1515 2810 1587 iniquitates,
2850 1534 3110 1576 aversans
3137 1521 3474 1593 inquinatos,
3505 1538 3663 1594 repu-

2077 1605 2234 1660 dians
2278 1603 2372 1660 Dei
2411 1621 2604 1662 osores
2647 1619 2702 1663 et
2749 1620 3082 1666 convertens
3133 1625 3495 1682 peccatorem,
3542 1631 3666 1684 pur-

2074 1712 2211 1768 gans
2243 1698 2542 1769 impurum,
2570 1712 2628 1757 ut
2663 1703 2793 1759 mihi
2829 1721 3020 1761 rursus
3055 1707 3375 1776 copuletur.
3407 1709 3664 1766 Commo-

384 1793 543 1841 νους’
593 1778 1027 1850 παραιτούμενος
1067 1779 1160 1833 τὸν
1201 1779 1451 1852 θεομισῆ,
1489 1782 1584 1834 καὶ
1622 1780 1972 1852 ἐπιστρέφων

2078 1790 2168 1845 dat
2203 1791 2366 1864 igitur
2396 1791 2554 1849 nobis
2602 1796 2864 1864 propheta
2923 1798 3242 1857 exclamans
3290 1810 3348 1857 et
3398 1802 3590 1858 dicens
3644 1821 3658 1858 :

384 1869 478 1923 τὸν
523 1870 822 1944 ἀλιτήριον,
869 1873 962 1928 καὶ
998 1874 1316 1946 διασμήχων
1353 1875 1413 1929 τὸ
1463 1874 1710 1946 βέϐηλον,
1750 1876 1837 1930 ἵνα
1884 1895 1973 1948 μοι

2084 1899 2102 1931 ι
2149 1879 2388 1950 Qua-rite
2429 1885 2740 1953 Dominum,
2781 1898 2836 1942 et
2876 1904 3000 1944 cum
3037 1890 3374 1960 inveneritis,
3416 1893 3664 1952 invocato

388 1963 552 2018 πάλιν
585 1965 944 2035 σννάπτηται.
975 1966 1188 2035 Ὠφελεῖ
1217 1965 1281 2037 δὴ
1303 1961 1396 2020 οὑν
1427 1969 1453 2020 6
1485 1968 1774 2038 προφήτης
1803 1969 1971 2039 ἡμᾶς,

387 2056 780 2127 ἀνακεκραγὼς
803 2073 859 2109 τε
917 2057 1010 2111 καὶ
1031 2057 1209 2125 λέγων
1230 2075 1244 2088 ο
1284 2077 1302 2108 ι
1321 2059 1602 2129 Ζητήσατε
1622 2058 1716 2113 τὸν
1748 2058 1969 2132 Κύριον,

388 2145 481 2198 καὶ
511 2147 570 2200 ἐν
610 2147 689 2216 τῷ
726 2147 1003 2219 εὑρίσκειν
1034 2145 1219 2213 αὑτὸν,
1262 2147 1685 2214 ἐπικαλέσασθε,
1721 2149 1884 2220 ἡνίκα
1925 2150 1973 2204 δ’

381 2237 450 2291 ἀν
475 2238 670 2312 enm;
699 2239 848 2310 ὑμῖν,
879 2239 1190 2294 ἀπολιπέτω
1211 2241 1240 2292 6
1262 2241 1463 2313 ἀσεϐὴς
1483 2241 1580 2305 τὰς
1605 2241 1756 2307 ὀδοὺς
1783 2237 1972 2310 αὑτοῦ,

384 2330 481 2384 κοιλ⁸
499 2329 639 2401 ἀνὴρ
664 2329 863 2401 ἄνομος
881 2330 981 2392 τὰς
1007 2329 1203 2400 βουλὰς
1231 2330 1395 2384 αὑτοῦ
1413 2371 1428 2395 ,
1465 2332 1558 2385 καὶ
1583 2335 1974 2405 ἐπιστραφήτω

386 2420 527 2492 πρὸς
567 2420 794 2492 Κύριον,
830 2421 924 2474 καὶ
958 2421 1338 2494 ἐλεηθήσεται.
1364 2442 1383 2474 ι
1438 2423 1560 2496 Χρὴ
1588 2425 1696 2496 γὰρ
1723 2427 1892 2497 ἡμᾶς,
1923 2428 1973 2480 εί

382 2511 520 2582 περῒ
552 2510 748 2565 πολλοῦ
793 2512 1096 2582 ποιούμεθα
1137 2513 1199 2567 τὸ
1239 2510 1376 2569 εἶναι
1421 2517 1561 2586 μετά
1604 2514 1763 2581 Θεοῦ,
1804 2505 1968 2570 παντὶ

384 2602 563 2658 σθένει
611 2605 998 2678 παραιτεῖσθαι
1039 2605 1101 2659 τὸ
1143 2605 1508 2678 πλημμελεῖν,
1559 2609 1871 2680 μεμνῆσθαί
1913 2628 1972 2664 τε

380 2695 658 2764 λέγοντος·
699 2698 912 2766 «Ἀγιοι
941 2697 1153 2763 ἔσεσθε,
1187 2699 1321 2753 διότι
1354 2699 1464 2767 ἐγὼ
1494 2698 1649 2768 ἅγιός
1691 2701 1826 2771 εἰμι.

453 2788 567 2844 Kal
601 2791 715 2844 οὐκ
749 2791 1175 2860 εἰσελεύσομαι
1215 2794 1306 2856 εις
1344 2793 1543 2846 πόλιν.
1585 2791 1809 2846 Ὀπίσω
1853 2795 1974 2849 Κυ-

373 2881 516 2951 ρίου
543 2881 935 2952 πορεύσομαι.

452 2975 627 3032 PAA'.
678 2975 986 3047 Ἐπιτρέχει
1023 2975 1134 3030 τῶν
1178 2976 1350 3046 ἁγίων
1397 2975 1696 3049 προφητῶν
1738 2976 1852 3031 ἐσθ’
1881 2980 1969 3033 ὅτε

380 3066 474 3119 τὸν
498 3064 624 3120 νοῦν
656 3065 902 3137 ἀκριϐῶς
929 3065 1042 3121 τῶν
1073 3067 1351 3139 ἐσομένων
1373 3070 1407 3140 ἡ
1448 3068 1671 3139 γνῶσις,
1706 3070 1970 3142 ἐναστρά-

380 3175 609 3223 πτοντος
628 3159 689 3212 τδ
715 3159 906 3231 χρῆμα
939 3159 1124 3222 αὑτοῖς
1143 3159 1238 3214 τοῦ
1275 3160 1433 3229 ἁγίου
1461 3161 1804 3228 Πνεύματος.
1834 3163 1959 3216 Τοι-

381 3252 574 3324 γάρτοι
608 3251 704 3306 καὶ
735 3251 940 3324 μεταξὺ
963 3249 1073 3306 τῶν
1106 3251 1252 3306 ἰδίων
1277 3251 1476 3321 λόγων,
1510 3253 1633 3324 ἦτοι
1686 3252 1796 3307 τῶν
1824 3253 1965 3308 ἄνω-

380 3346 476 3400 θεν
505 3345 604 3401 καὶ
656 3345 809 3418 παρά
837 3343 997 3410 Θεοῦ,
1047 3345 1149 3409 τάς
1179 3362 1342 3399 τινων
1376 3344 1489 3398 ἐσθ’
1537 3345 1626 3398 ὅτε
1663 3362 1970 3418 προανακε-

381 3436 626 3508 κράγασι
651 3435 856 3505 φωνὰς,
880 3435 918 3508 ἢ·
960 3435 1386 3508 μετανοούντων,
1410 3437 1444 3509 ἢ
1473 3437 1966 3508 εὐχαριστούντων,

379 3528 417 3598 ἢ
449 3526 912 3599 ἀνασκιρτῶντων-
931 3521 1121 3597 ἐφ”οἷς
1147 3527 1215 3583 ἂν
1241 3527 1441 3591 αὑτοὺς
1467 3526 1779 3600 εὐφραίνειν
1800 3529 1983 3597 ἐπαγ-ν

382 3617 638 3689 γέλληται
679 3617 829 3684 Θεός.
862 3617 1146 3672 Τοιουτονί
1191 3634 1246 3672 τι
1302 3618 1546 3672 παθόντα
1602 3618 1696 3673 καὶ
1740 3617 1836 3672 νῦν
1878 3619 1970 3673 τὸν

386 3709 657 3782 μακάριον
698 3709 1006 3782 εὑρήσομεν
1060 3709 1241 3782 Ὠσηέ.
1297 3709 1356 3763 Ὁ
1406 3711 1506 3781 μὲν
1542 3709 1652 3782 γὰρ
1682 3711 1791 3765 τῶν
1833 3711 1970 3765 ὅλων

382 3801 518 3860 Θεὸς
547 3802 860 3872 ὑπισχνεῖτο
908 3801 1010 3874 τὴν
1047 3802 1386 3874 ἡμερότητα,
1441 3801 1535 3856 καὶ
1580 3802 1682 3856 οὑκ
1735 3803 1970 3858 είσάπαν

383 3894 625 3964 [φασκεν
670 3894 1013 3968 ὁλοθρεύσειν
1055 3896 1184 3960 τοὺς
1222 3895 1633 3966 ἡμαρτηκότας,
1675 3896 1757 3950 ὅτι
1789 3912 1850 3948 τε
1883 3896 1983 3966 εἴη’

381 3987 538 4053 εεδς,
559 3987 764 4057 ἀγαθὸς
783 3988 1048 4059 δηλονότι.
1083 3988 1179 4042 καὶ
1199 3989 1300 4042 οὑκ
1319 3987 1626 4058 ἄνθρωπος.
1651 3988 1727 4042 Οὐ
1754 3987 1864 4059 γάρ
1888 4005 1984 4042 τοι·

383 4078 509 4135 καθ’
537 4081 687 4151 ἡμᾶς
729 4081 759 4134 6
791 4079 932 4150 ὑπὲρ
973 4079 1158 4132 πᾶσαν
1196 4078 1298 4151 τήν
1338 4077 1539 4132 κτίσιν.
1582 4079 1645 4132 Οἱ
1679 4077 1737 4132 δὲ
1781 4076 1971 4148 ὥσπερ

382 4172 759 4239 ἐπεγνωκότες
790 4170 858 4224 τά
889 4172 1064 4225 οἰκεῖα
1097 4169 1570 4241 πλημμελήματα,
1605 4170 1701 4224 καὶ
1737 4186 1981 4241 κατερυ--

384 4264 648 4338 θριῶντες
691 4264 794 4336 ήδη
835 4282 951 4328 πως
984 4264 1078 4317 ἐπὶ
1106 4266 1172 4335 τῇ
1209 4263 1436 4334 πλείστῃ
1464 4279 1523 4316 τε
1575 4263 1672 4316 καὶ
1721 4262 1971 4334 ἀδοκήτῳ

383 4359 590 4430 χάριτι,
615 4356 938 4430 καταλήξειν
958 4355 1383 4425 ἐπαγγέλλονται
1407 4354 1517 4409 τῶν
1537 4354 1720 4424 σφίσιν
1739 4352 1972 4425 ἐξηυρη-

388 4450 589 4522 μὲνων,
624 4450 692 4503 δι’
721 4446 797 4504 ὧν
826 4449 922 4504 καὶ
950 4447 1448 4522 προσκεκρούκασε.
1497 4447 1608 4500 Καὶ
1639 4449 1769 4500 ποῖα
1801 4445 1986 4500 ταῦτά.

2077 1984 2232 2041 eum;
2275 1987 2397 2026 cum
2431 1981 2613 2029 autem
2651 1976 3172 2046 appropinquaverit
3209 1978 3382 2042 vobis,
3425 1979 3664 2036 derelin-

2076 2071 2209 2134 quat
2242 2063 2443 2136 impius
2476 2066 2594 2122 vias
2628 2082 2780 2136 suas,
2814 2078 2868 2123 et
2903 2069 2987 2123 vir
3017 2069 3235 2140 iniquus
3279 2070 3506 2126 consilia
3539 2086 3660 2136 sua,

2075 2165 2131 2210 et
2172 2165 2481 2212 revertatur
2511 2160 2579 2212 ad
2614 2158 2924 2227 Dominum,
2957 2171 3013 2215 ct
3054 2161 3483 2218 misericordiam
3530 2178 3662 2218 con-

2074 2258 2334 2318 sequetur
2360 2250 2427 2304 ".
2467 2269 2486 2303 ι
2519 2250 2747 2322 Oportet
2769 2255 2912 2308 enim
2952 2269 3074 2319 nos,
3122 2255 3167 2309 si
3209 2257 3389 2327 magni
3423 2257 3660 2312 aestima-

2075 2357 2198 2397 mus
2225 2357 2350 2398 esse
2381 2358 2503 2398 cum
2526 2344 2665 2411 Deo,
2689 2345 2816 2401 totis
2839 2345 3046 2402 viribus
3078 2347 3328 2418 refugere
3350 2365 3381 2403 a
3417 2360 3660 2420 peccato,

2074 2444 2130 2488 et
2161 2435 2478 2492 meminisse
2507 2437 2739 2494 dicentis
2773 2456 2797 2493 τε
2827 2457 2847 2492 ι
2886 2439 3538 2512 Sanetieritis,qutiitiam
3561 2457 3664 2514 ego

2075 2537 2301 2582 sanctus
2328 2543 2448 2583 sum
2482 2528 2544 2582 ³³.
2587 2547 2614 2580 »ι

2151 2792 2219 2846 Et
2274 2807 2376 2846 non
2421 2793 2697 2864 ingrediar
2742 2795 2797 2849 in
2847 2795 3131 2852 civitatem.
3203 2792 3327 2854 Post
3373 2797 3672 2855 Dominum-

2075 2887 2378 2942 ambulatio.

2143 2973 2386 3033 CXXXI.
2413 2976 2652 3033 lncnrrit
2675 2992 3064 3049 nonnunquam
3091 2979 3144 3035 in
3177 2981 3416 3036 animum
3445 2990 3662 3037 sanctu—

2073 3083 2192 3123 l'lllll
2225 3069 2617 3140 prophetarum
2653 3063 2892 3140 perfecta
2920 3069 3227 3127 futurorum
3267 3071 3480 3136 notitia,
3514 3087 3647 3128 san-

2075 3175 2164 3219 cto
2190 3164 2399 3235 Spiritu
2419 3180 2544 3220 cum
2581 3165 2704 3221 luce
2731 3165 2965 3236 quadam
2989 3177 3102 3217 rem
3128 3161 3235 3218 illis
3273 3160 3677 3232 patefaciente..

2075 3257 2312 3312 Proinde
2341 3267 2396 3311 et
2427 3257 2480 3311 in
2512 3257 2691 3313 medio
2722 3272 3036 3312 sermonum
3072 3269 3317 3322 suorum,
3342 3253 3460 3312 sive
3493 3255 3682 3310 denu--

2077 3364 2174 3420 per
2208 3364 2245 3403 a.
2277 3349 2386 3404 Deo
2418 3359 2799 3420 suggestorum
2827 3347 3189 3420 quorumdam
3223 3361 3385 3402 voces
3412 3346 3662 3417 aliquan-

2076 3443 2145 3496 do
2177 3450 2304 3497 ante
2350 3443 2727 3512 pronuntiant,
2762 3450 2858 3495 aut
2898 3438 3302 3509 paenitendum,
3338 3449 3431 3491 ant
3458 3441 3691 3509 gratias.

2076 3537 2378 3605 agentium,
2409 3547 2504 3589 aut
2537 3532 2938 3603 prosilientium
2963 3532 3030 3586 ad
3062 3546 3147 3597 ea,
3175 3529 3374 3600 quibus
3405 3530 3544 3585 Dens
3573 3530 3663 3584 lae-

2077 3628 2408 3681 tilicaturum
2436 3638 2496 3681 se
2519 3625 2639 3680 illos
2656 3621 3354 3695 promiserit.'Huj.usmodi
3392 3622 3652 3693 quiddam

2076 3728 2132 3774 et
2165 3720 2217 3772 in
2241 3732 2487 3789 praesens
2512 3717 2670 3773 beato
2691 3716 2847 3773 mea:
2874 3716 3169 3786 contigisse
3203 3713 3364 3787 ια
3389 3713 3657 3773 videmus.

2078 3813 2222 3868 Deus
2281 3810 2427 3867 enim
2473 3811 2854 3866 universorum
2895 3807 3238 3864 clementiam
3280 3807 3658 3879 pollicebatur,

2077 3903 2494 3974 aﬂlrmabatque
2544 3911 2864 3974 peccatores
2901 3917 3008 3956 non
3059 3899 3308 3955 funditus
3336 3899 3689 3963 deletnrum,-

2078 3993 2223 4065 quod
2255 3992 2403 4048 Deus
2429 4000 2595 4058 esset,
2630 3989 3122 4055 bonus~videlicet,-
3163 4004 3269 4044 non
3311 3988 3494 4042 homo.
3541 3987 3664 4042 Non

2077 4087 2222 4140 enim
2251 4083 2648 4157 nostrilsimilis
2675 4092 2782 4147 est,
2829 4082 2920 4153 qui
2961 4094 3176 4139 omnem
3211 4089 3522 4136 creaturam
3562 4092 3687 4134 stt-+-

2078 4177 2440 4250 pergreditur.
2482 4175 2583 4232 Ast
2619 4175 2716 4242 illi,
2763 4183 2825 4229 ut
2861 4179 3224 4242 agnoscentes
3257 4180 3482 4242 peccata
3537 4185 3657 4233 sua,

2076 4279 2134 4323 et
2190 4265 2586 4323 erubescentes
2630 4262 3030 4334 quodammodo
3074 4276 3242 4331 super
3297 4259 3529 4332 plurima
3605 4268 3683 4313 et:

2080 4359 2369 4428 improvisa
2404 4358 2601 4427 gratia,
2619 4364 2945 4412 cessaturos
2974 4368 3032 4409 se
3058 4353 3326 4424 spondent
3355 4351 3425 4406 ab
3462 4350 3660 4405 inven-

2082 4452 2150 4507 tis
2179 4452 2296 4506 suis
2327 4451 2525 4520 quibus
2553 4449 2720 4505 Deum
2750 4445 3276 4513 oﬂ‘enderunt-.‘Qu.'e
3312 4457 3478 4516 porro
3497 4443 3612 4498 ista
3635 4443 3688 4498 i'

386 4546 527 4606 ἐστι,
560 4542 627 4596 δι’
651 4541 816 4597 αὑτοῦ
840 4541 1004 4595 πάλιν
1025 4541 1175 4612 ἡμᾶς
1199 4538 1295 4593 τοῦ
1313 4539 1591 4610 προφήτου
1619 4537 1970 4609 πεπληροφόέ-

2081 4543 2296 4599 Rursus
2339 4557 2438 4611 per
2489 4545 2668 4611 ipsum
2719 4539 3040 4611 prophetam
3087 4535 3245 4606 plene
3293 4535 3452 4591 docet
3495 4534 3674 4591 Deus-

390 4653 562 4709 ρηκεν
588 4636 618 4688 6
639 4634 791 4699 Θεός.
822 4635 968 4706 Ἔφη
998 4633 1109 4704 γὰρ
1142 4635 1200 4687 ἐν
1226 4634 1340 4696 τοῖς
1364 4631 1540 4686 ὀπίσω
1569 4630 1766 4704 βραχὺ,
1793 4631 1886 4685 τόν
1912 4647 1973 4684 τε

401 4727 602 4782 Ἰούδαν
663 4727 848 4791 αὑτὸν,
876 4727 971 4780 καὶ
1017 4727 1108 4780 τὸν
1157 4723 1400 4797 Ἑφραῖμ
1423 4722 1768 4796 αἰτιώμενος·
1805 4743 1826 4778 ι
1863 4725 1976 4779 Καὶ

389 4819 688 4874 ἐπελάθετο
729 4818 946 4890 Ἰσραὴλ
1000 4817 1093 4871 τοῦ
1144 4811 1478 4888 ποιήσαντος
1503 4816 1686 4881 αὑτὸν,
1715 4815 1810 4870 καὶ
1835 4817 1983 4887 ᾠκοι-

387 4909 596 4982 δόμησε
637 4910 864 4982 τεμένη,
900 4911 995 4964 καὶ
1035 4909 1239 4974 Ἰούδας
1265 4908 1544 4980 ἐπλήθυνε
1577 4907 1764 4972 πόλεις
1800 4924 1976 4962 τετει-

395 5004 688 5077 χισμένας.
721 5005 834 5059 Καὶ
871 5003 1158 5058 ἀποστελῶ
1188 5002 1300 5074 πῦρ
1330 5001 1424 5056 ἐπὶ
1450 5000 1551 5066 τὰς
1575 5000 1758 5065 πόλεις
1785 4999 1987 5066 αὑτοῦ,

391 5097 488 5152 καὶ
517 5095 898 5166 καταφάγεται
945 5096 1015 5151 τὰ
1069 5094 1299 5166 θεμέλια
1345 5093 1586 5149 αὑτῶν.»
1634 5093 1694 5146 '0
1741 5092 1840 5164 μὲν
1868 5092 1978 5164 γὰρ

402 5189 668 5261 Ἕφραῒμ,
699 5189 868 5261 ήγουν
888 5191 917 5246 6
948 5189 1186 5262 Ἰσραὴλ,
1215 5187 1454 5258 βωμοὺς,
1480 5187 1574 5242 καῖ
1603 5185 1806 5259 τεμένη
1833 5185 1990 5242 κατὰ·

390 5281 492 5353 τὴν
531 5281 851 5352 Σαμάρειαν
909 5282 1024 5346 τοῖς
1062 5279 1302 5344 εἰδώλοις
1342 5278 1803 5350 ἀωδειμάμενοι,
1846 5295 1984 5332 κατ-

392 5371 630 5426 ὤλισθον
667 5375 750 5437 είς
779 5368 1451 5443 ἀπόστασινΑέπελάθοντο
1466 5370 1561 5426 τοῦ
1590 5369 1746 5434 Θεοῦ,
1764 5370 1859 5424 καὶ
1884 5371 1984 5441 τῆς

393 5467 476 5529 εἰς
533 5465 698 5520 αὑτὸν
745 5467 970 5538 ἀγάπης
1025 5465 1087 5520 τὸ
1150 5466 1375 5537 γνήσιον
1427 5464 1641 5528 οὑδενδς
1706 5461 1986 5528 ἀξιοῦντες

392 5557 580 5626 λόγου,
607 5556 1037 5629 παροτρύνοντες
1058 5559 1345 5613 διετέλουν.
1363 5556 1564 5620 Ἰούδας
1591 5555 1650 5609 δὲ
1679 5551 1771 5619 αὖ,
1806 5554 1983 5608 καίτοι

397 5649 723 5714 πεποιθότες
756 5650 854 5704 ἐπὶ
883 5651 962 5723 τῷ
993 5650 1135 5722 Θεῷ,
1170 5649 1313 5705 κατά
1345 5651 1471 5714 τοὺς
1508 5646 1715 5703 ἀνωθεν
1748 5644 1830 5699 ἔτι
1857 5646 1985 5717 χρό-

474 5829 636 5884 "lsa.
670 5845 756 5895 ιιιο,
793 5828 844 5898 6,
880 5829 935 5885 Ἰ.
1012 5829 1055 5861 ³³
1082 5827 1253 5884 Lavit.
1288 5841 1364 5894 ιι,
1561 5812 1605 5856 ίδ
1628 5825 1752 5883 Ose.
1788 5839 1904 5892 vni,
1950 5821 2033 5877 LL

2074 4637 2167 4691 Ait
2200 4635 2345 4690 enim
2372 4633 2532 4704 paulo
2561 4648 2746 4704 supra,
2774 4631 2968 4687 ludam
2993 4639 3048 4686 et
3067 4629 3325 4700 Ephraim
3352 4642 3657 4684 accusans:

2079 4748 2098 4782 ι
2130 4725 2343 4785 Oblitus
2366 4734 2451 4781 est
2483 4725 2649 4781 Israel
2680 4723 2905 4780 factoris
2937 4725 3056 4790 sui,
3071 4731 3128 4778 et
3158 4721 3450 4777 aediﬁcavit
3486 4721 3645 4777 delu-

2077 4823 2200 4887 bra,
2223 4827 2280 4876 et
2299 4817 2467 4874 Judas
2515 4816 2899 4887 multiplicavit
2928 4816 3094 4871 urbes
3132 4822 3396 4870 muratas.
3424 4813 3487 4869 Et
3532 4813 3662 4867 mit-

2083 4923 2194 4968 tam
2247 4911 2430 4982 ignem
2473 4911 2525 4964 in
2580 4908 2832 4964 civitates
2866 4908 3004 4979 ejus,
3051 4919 3108 4963 et
3147 4906 3434 4963 devorabit
3467 4905 3663 4960 funda-

2083 5012 2264 5059 menta
2300 5002 2514 5057 illarum
2534 5001 2643 5054 τι.)
2667 5000 2922 5071 Ephraim
2950 5000 3119 5064 enim,
3147 5001 3263 5055 sive
3287 4998 3474 5063 Israel,
3502 5007 3657 5068 post-
3725 5010 3734 5042 .1

2082 5111 2245 5167 quam
2275 5109 2399 5150 aras
2432 5103 2490 5150 et
2523 5093 2655 5149 fana.
2699 5094 2859 5150 idolis
2885 5095 2938 5148 in
2982 5092 3230 5148 Samaria
3276 5091 3660 5156 exaediﬁcavit,

2085 5189 2268 5259 lapsus
2296 5197 2383 5244 est
2403 5187 2458 5242 in
2488 5187 2842 5257 apostasiam,
2883 5185 3086 5242 oblitus
3115 5195 3198 5241 est
3238 5184 3357 5249 Dei,
3389 5191 3446 5239 et
3483 5181 3676 5238 charis

2082 5265 2246 5339 tatem
2295 5297 2424 5354 erga
2470 5281 2620 5337 illum
2670 5279 3094 5351 ﬂoccipendens,
3135 5277 3355 5333 irritare
3399 5273 3653 5329 eumdem

2085 5391 2187 5430 non
2227 5375 2410 5431 desiit.
2455 5373 2622 5430 ludas
2655 5387 2840 5442 porro,
2880 5371 3134 5443 quamvis
3179 5369 3232 5425 in
3272 5367 3383 5423 Deo
3423 5365 3663 5422 conlide-

2083 5477 2164 5520 ret
2203 5481 2302 5537 pro
2348 5463 2741 5521 consuetudine
2781 5461 3125 5534 superiorum
3179 5469 3505 5529 temporum,
3539 5457 3665 5526 qui-

2083 5558 2184 5614 bus
2213 5558 2280 5614 ab
2313 5557 2430 5628 ipso
2463 5565 2518 5612 et
2556 5571 2653 5628 per
2697 5555 2873 5626 ipsum
2908 5559 3155 5608 servatus
3189 5549 3393 5613 fuerat,
3422 5549 3487 5603 ad
3525 5549 3672 5603 iram-

2085 5659 2266 5707 tamen
2318 5649 2501 5707 multis
2528 5659 2585 5705 et
2629 5647 2763 5705 aliis
2793 5646 2969 5708 modis
2997 5660 3122 5702 eum
3163 5644 3522 5715 provocabat,
3562 5641 3678 5698 boc-
