4110 6368
435 321 546 379 275
1445 253 1463 295 γ

447 532 552 590 set,
581 526 870 578 missurum
911 539 971 578 se
1003 523 1134 594 ipsis
1159 522 1464 598 Assyrium,
1491 525 1581 594 qui
1607 533 1808 580 terram
1839 536 2018 582 vasta-

445 625 551 682 ret,
587 617 748 672 urbes
771 630 897 670 suas
934 615 1256 670 instauratis
1291 615 1564 671 mmuibus
1595 619 2022 684 communiebat,

451 719 625 770 ratus,
662 706 771 761 Dco
814 706 1067 776 quamvis
1101 705 1339 772 nolente,
1386 708 1628 762 bonitate
1667 709 1925 763 mmuium
1967 725 2027 766 se

447 797 656 853 salvum
686 805 742 853 et
773 799 842 853 ab
888 799 1315 868 oppugnantium
1352 798 1560 855 viribus
1599 800 1860 855 invictum
1889 801 2024 861 fore.

447 891 635 960 Itaque
672 891 782 945 Deo
814 892 955 946 bona
988 907 1052 946 ex
1103 892 1523 947 mansuetudine
1570 894 1938 963 promittente,
1973 904 2028 950 et

445 984 803 1039 vehementer
824 983 1190 1049 oﬂenderunt,
1223 993 1277 1038 et
1302 983 1608 1038 conservati
1639 983 1854 1049 deinde,
1893 999 1922 1038 a
1953 985 2026 1038 fa-

447 1074 553 1130 ctis
615 1074 776 1129 simul
827 1084 881 1128 et
951 1075 1194 1130 consiliis
1247 1074 1509 1145 improbis
1561 1089 1682 1130 sese
1747 1076 2029 1144 quieturos

449 1168 623 1224 aiunt.
676 1166 816 1235 Quin
869 1166 1034 1222 etiam
1073 1165 1272 1222 clamet
1317 1167 1503 1233 Iudas,
1543 1183 1564 1218 ι
1610 1181 1716 1221 non
1756 1167 2030 1237 ingrediar

448 1260 505 1316 In
539 1261 839 1326 civitatem,
885 1279 903 1314 ι
940 1263 1041 1316 hoc
1069 1269 1175 1325 est,
1208 1275 1426 1314 murum
1457 1259 1667 1314 habebo
1708 1257 1898 1324 Deum,
1945 1274 2030 1313 se-

451 1352 762 1417 curitatem,
795 1361 850 1407 et
893 1362 1160 1419 tutamen,
1197 1360 1251 1405 et
1299 1366 1448 1422 spem
1483 1351 1534 1405 in
1567 1350 1741 1416 ipsum
1782 1350 1912 1404 mihi
1950 1348 2032 1403 fa-

448 1442 625 1510 ciam,
663 1442 764 1498 sub
808 1441 1078 1497 servantis
1139 1440 1418 1495 dexteram
1457 1440 1742 1495 succedam
1769 1479 1785 1506 ,
1829 1441 1944 1510 ipse
1977 1448 2031 1492 et

452 1536 603 1592 solus
648 1535 716 1590 ad
773 1533 1002 1589 salutem
1041 1533 1172 1588 mihi
1229 1532 1480 1597 sulliciet,
1514 1533 1674 1587 inane
1730 1541 1785 1587 et
1841 1531 2032 1588 inutile

449 1641 676 1698 prorsus
702 1627 1020 1689 conlitebor,
1049 1634 1386 1693 exspectare,
1417 1623 1635 1694 quando
1673 1624 1816 1679 bello
1859 1623 2032 1693 regio-

453 1735 580 1775 nem
616 1719 947 1789 pervadente
973 1719 1028 1773 in
1064 1718 1252 1772 urbem
1279 1718 1558 1787 ingressus
1583 1716 1873 1772 salvandus
1907 1717 2030 1771 sim.

1470 321 1531 377 S.
1571 322 1846 380 CYRILLI
1885 324 2356 382 ALEXANDRINI
2391 325 2710 385 ARCIIIEP.

440 449 553 490 uno
584 441 766 491 autem
801 433 1092 506 praecipue.
1125 432 1262 489 Nam
1297 447 1421 490 cum
1448 434 1591 492 Deus
1615 437 1850 493 minatus
1888 438 2021 494 fuis-

2139 459 2250 506 μους
2281 443 2406 512 παρ’
2441 441 2606 495 αὐτοῦ
2629 457 2686 493 τε

3596 314 3709 379 276

2739 439 2834 493 καὶ
2874 439 2943 493 δι’
2987 436 3152 492 αὑτοῦ
3190 432 3510 506 σωζόμενοι,
3569 451 3702 488 κατ·

2128 529 2329 600 έθηγον
2373 531 2451 593 είς
2479 528 2669 600 ὀργὰς,
2722 526 2864 581 κατὰ
2903 527 3132 590 πολλοὺς
3191 525 3297 596 μὲν
3339 523 3436 578 καὶ
3480 522 3702 594 ἑτέρους

2126 621 2378 692 τρόπους,
2419 621 2653 692 μάλιστα
2679 620 2735 674 δὲ
2762 620 2830 672 δι’
2854 619 2972 684 ἐνὸς
2995 617 3207 672 τούτου.
3248 615 3383 670 Θεοῦ
3413 614 3521 685 γὰρ
3552 616 3703 684 ἠπει-

2126 710 2350 780 ληκότος
2381 711 2711 781 ἐπιπέμψειν
2740 711 2920 773 αὐτοῖς
2945 709 3036 762 τὸν
3066 707 3348 780 Ἀσσύριον
3371 705 3701 777 ἁφανιοῦντα

2126 801 2226 874 τὴν
2250 803 2374 873 γῆν,
2405 803 2706 874 ἀνετείχιξε
2750 801 2849 866 τὰς
2885 800 3079 855 ἑαυτοῦ
3125 800 3328 864 πόλεις,
3369 798 3590 870 οἰηθεὶς,
3617 798 3700 849 ὅτι

2129 897 2230 949 κᾶν
2265 897 2312 950 εί
2345 896 2419 966 μὴ
2460 896 2703 968 βούλοιτο
2749 895 2902 959 Θεὸς,
2942 897 3009 966 τῇ
3049 893 3158 948 τῶν
3210 893 3420 946 πόλεων
3460 892 3702 962 εὐτειχίᾳ

2132 986 2457 1058 σωθήσεται,
2478 988 2570 1043 καὶ
2598 987 2696 1058 τῆς
2719 986 2812 1039 τοῦ
2843 985 3152 1056 μαχομένου
3184 984 3470 1054 περιέσται
3500 983 3702 1053 χειρός.

2130 1080 2338 1134 Οὐκοῦν
2353 1080 2820 1150 ἐπαγγελλομένου
2837 1078 2971 1132 Θεοῦ
2988 1079 3057 1133 τὰ
3079 1077 3138 1143 ἐξ
3151 1077 3488 1149 ἡμερότητος
3502 1073 3704 1143 ἀγαθὰ,

2130 1174 2224 1226 καὶ
2252 1174 2314 1227 ού
2345 1173 2582 1245 μετρίως
2609 1170 3102 1244 προσκεκρουκόσι,
3139 1170 3233 1222 καὶ
3263 1168 3416 1220 αὐτοὶ
3442 1167 3628 1219 λοιπὸν
3657 1166 3708 1218 et

2131 1264 2429 1338 σωζόμενοι
2460 1266 2567 1320 τῶν
2598 1265 2815 1318 ἀτόπων
2858 1261 3276 1334 ἐγχειρημάτων
3307 1277 3367 1312 τε
3409 1257 3569 1328 ὁμοῦ,
3612 1257 3707 1308 καὶ

2135 1358 2233 1430 μέν
2269 1375 2350 1410 τοι
2385 1358 2476 1412 καὶ
2506 1357 2885 1428 βουλευμάτων
2907 1350 3329 1408 ἀποπαύσασθαί
3356 1367 3505 1418 φασι,
3533 1349 3626 1402 καὶ
3639 1347 3704 1417 δή

2131 1450 2226 1504 καὶ
2251 1449 2426 1519 βοάτω
2452 1449 2550 1519 μὲν
2587 1447 2784 1509 Ἰούδας
2811 1463 2825 1477 ο
2861 1463 2879 1495 ι
2904 1444 3018 1496 Οὐκ
3052 1440 3428 1509 εἰσελεύσομαι
3481 1441 3562 1500 είς
3607 1437 3706 1489 πό-

2131 1543 2235 1606 λιν,
2261 1561 2278 1592 »
2313 1542 2578 1603 τουτέστι,
2629 1540 2820 1610 Τεῖχος
2861 1536 2970 1601 ἔξω
3009 1533 3164 1588 Θεόν·
3207 1531 3508 1600 ἀσφάλειαν
3551 1527 3707 1598 ποιή-

2135 1653 2298 1706 σομαι
2325 1633 2424 1706 τὴν
2461 1635 2542 1696 είς
2573 1632 2733 1687 αὑτὸν
2771 1631 2981 1695 ἐλπίδα,
3013 1627 3111 1701 τὴν
3140 1626 3233 1680 τοῦ
3264 1624 3528 1689 σώζοντος
3576 1621 3710 1673 ὑπο-

2133 1724 2445 1797 δραμοῦμαι
2485 1722 2687 1790 δεξιάν.
2749 1721 2921 1784 Αὐτὸς
2982 1719 3226 1790 ἀρκέσει,
3287 1716 3382 1770 καὶ
3436 1714 3592 1785 μόνος
3631 1711 3712 1773 είς

449 1810 641 1882 Itaque
675 1826 783 1866 non
820 1809 1096 1881 ingrediar
1125 1809 1179 1864 iu
1201 1809 1502 1864 civitatem.
1530 1806 1692 1864 Israel
1732 1823 1896 1878 porro
1922 1809 2035 1864 sive

2139 1815 2414 1886 σωτηρίαν
2452 1815 2597 1884 ἐμοί.
2667 1814 2889 1866 Είκαῖον
2938 1810 3261 1890 ὁμολογήσω
3306 1807 3400 1860 καὶ
3441 1805 3713 1876 ἄχρηστον

450 1899 711 1972 Ephraim
759 1910 952 1957 contra
986 1899 1215 1954 alterum
1272 1899 1399 1953 illud
1449 1898 1768 1968 proclamet,
1814 1912 2028 1968 nempe,

463 2010 483 2046 ι
511 2001 635 2062 post
669 1991 958 2047 Dominum
992 1989 1299 2045 ambulabo.
1337 2009 1356 2042 ι
1394 1989 1789 2057 Supersedebo,
1833 1990 2028 2060 inquit,

453 2083 703 2153 antiquis
747 2075 1088 2147 criminibus,
1122 2083 1176 2137 iu
1220 2083 1458 2137 futurum
1503 2082 1596 2137 Dei
1641 2081 1784 2154 leges
1811 2095 2031 2149 sequar,

457 2171 650 2227 ducem
679 2172 811 2229 mihi
851 2173 1227 2228 universorum
1259 2173 1428 2228 Deum
1460 2173 1709 2243 deligam.
1738 2173 1816 2226 Ac
1844 2171 1888 2227 si
1917 2171 2038 2241 quis

454 2265 854 2336 beneplacitum
879 2266 974 2322 Dei
1005 2277 1388 2338 persequatur.
1426 2267 1585 2336 plane
1614 2275 1668 2321 et
1697 2265 1874 2335 ipsum
1901 2266 2036 2320 sciet

450 2357 648 2423 solum,
688 2367 745 2412 et
775 2359 950 2413 eidem
985 2359 1194 2412 cultum
1226 2357 1525 2422 adhibebit,
1572 2356 1850 2427 aliumque
1891 2370 2028 2425 prae-

451 2457 602 2506 terea
637 2449 909 2504 neminem
950 2449 1219 2506 adorabit.

2137 1903 2414 1967 παντελῶς
2447 1903 2508 1956 τὸ
2535 1903 2837 1972 προσδοκᾷν
2871 1902 2974 1964 ὅτι,
3011 1899 3248 1969 πολέμου
3277 1896 3375 1968 τήν
3405 1895 3508 1965 γῆν
3543 1909 3712 1947 κατα-

2137 1995 2372 2060 θέοντος,
2396 1993 2652 2048 είσελθὼν
2691 1994 2773 2056 είς
2802 1991 2979 2056 πόλιν,
3018 1989 3356 2059 σωθήσομαι.
3387 1982 3595 2039 Οὐκοῦν
3616 1979 3716 2034 οὐκ

2142 2080 2520 2151 είσελεύσομαι
2566 2082 2648 2144 είς
2689 2079 2865 2134 πόλιν.
2928 2077 3146 2150 Ἰσραήλ
3177 2078 3234 2130 δὲ
3266 2075 3452 2138 πάλιν,
3491 2074 3658 2144 ἡγουν
3689 2071 3717 2123 6

2149 2171 2410 2243 Ἐφραῒμ,
2468 2172 2822 2242 άναφωνείτω
2855 2170 2916 2224 τὸ
2962 2169 3172 2241 ἕτερον.
3223 2168 3297 2220 Τὸ
3343 2166 3402 2219 δέ
3451 2167 3591 2226 ἐστι,
3657 2161 3720 2214 τὸ

2144 2264 2391 2318 «Ὀπίσω
2447 2265 2655 2336 Κυρίου
2709 2263 3120 2335 πορεύσομαι.»
3206 2255 3718 2326 Ἀποπεπαύσομαι,

2137 2358 2292 2428 φησὶ,
2322 2357 2430 2411 τῶν
2462 2358 2706 2426 ἀρχαίων
2749 2355 3114 2427 αίτιαμάτων.
3162 2353 3362 2407 Λοιπὸν
3397 2353 3508 2413 τοῖς
3553 2348 3721 2409 θείοις

2134 2449 2337 2520 metu:
2371 2448 2573 2520 νόμοις.
2604 2448 2940 2519 Καθηγητὴν
2984 2448 3281 2518 ποιήσομαι
3313 2443 3404 2496 τὸν
3447 2441 3557 2495 τῶν
3582 2441 3721 2494 ὅλων

447 2543 604 2599 Θεόν.
635 2544 698 2598 El
730 2543 787 2599 δὲ
813 2544 878 2616 δή
904 2561 988 2609 τις
1017 2545 1087 2598 τοι
1117 2543 1255 2614 πρὸς
1298 2543 1360 2596 τὸ
1402 2541 1596 2596 δοκοῦν
1642 2540 1784 2612 Θεῷ,
1836 2542 2056 2607 πάντως
2130 2561 2265 2610 που,
2317 2545 2411 2598 καὶ
2459 2545 2621 2599 αὑτὸν
2665 2544 2872 2598 είσεται
2925 2544 3104 2616 μόνον.
3143 2539 3306 2612 Αὐτῷ
3344 2557 3405 2595 τε
3445 2537 3506 2592 τδ
3555 2535 3724 2600 σέϐας

449 2636 667 2707 ἀνάψει,
700 2637 1072 2709 προσκυνήσει
1103 2653 1164 2690 τε
1201 2637 1387 2709 ἕτερον
1418 2637 1549 2706 παρ’
1569 2635 1733 2690 αὐτὸν
1757 2636 2037 2702 παντελῶς
2072 2638 2283 2694 οὐδένα.

527 2754 686 2827 165
703 2754 866 2812 Vens.
889 2757 978 2824 10,
993 2757 1080 2812 Η.
1109 2755 1255 2811 Sicut
1268 2755 1350 2809 leo
1366 2756 1556 2826 rugiet,
1585 2757 1708 2824 quia
1722 2754 1829 2824 ipse
1847 2755 2037 2826 rugiet,

453 2856 501 2900 et
533 2848 810 2916 stupebunt
833 2848 934 2917 ﬁlii
977 2863 1259 2918 aquarum.
1280 2832 1576 2901 Avolabunt
1619 2848 1771 2916 quasi
1810 2847 1920 2901 avis
1969 2861 2037 2899 ea:

454 2937 714 3010 Egypto,
731 2949 779 2994 et
801 2941 958 3012 quasi
982 2940 1224 2995 columba
1247 2956 1313 2995 ea:
1337 2948 1478 2994 terra
1497 2939 1853 3011 Assyriorum.
1877 2937 1944 2992 Et
1965 2953 2044 2992 re-

455 3031 673 3085 stituam
697 3033 836 3102 ipsos
862 3033 916 3087 in
938 3032 1121 3088 domos
1150 3049 1300 3098 suas,
1325 3034 1450 3088 dicit
1476 3032 1758 3088 Dominus.

523 3231 788 3289 CXXXII.
846 3232 980 3290 Cum
1033 3233 1146 3304 jam
1191 3233 1406 3290 adesset
1469 3242 1683 3306 tempus
1729 3233 2035 3303 deﬁnitum,

457 3339 570 3393 quo
622 3325 938 3396 captivitate
984 3325 1120 3381 solvi
1170 3324 1428 3382 Israelem
1471 3315 1783 3398 oportebat,
1841 3326 2038 3398 Cyrus,

457 3415 744 3488 Cambysae
781 3418 949 3483 ﬁlius,
983 3417 1271 3474 Persarum
1311 3419 1698 3490 Medorumque
1753 3419 2038 3489 imperium

457 3509 709 3576 sortitus,
737 3525 860 3566 cum
891 3511 1136 3567 exercitu
1168 3511 1373 3582 ingenti
1420 3520 1472 3566 et
1509 3511 1747 3582 potentia
1791 3513 2041 3567 inexora-

458 3602 552 3660 bili
578 3603 908 3677 Babylonem
942 3605 1112 3673 ipsam
1143 3615 1199 3660 et
1231 3606 1534 3676 Assyriam,
1569 3607 1676 3660 Deo
1703 3605 1768 3660 ad
1817 3605 1920 3661 hoc
1945 3621 2040 3662 ex-

458 3695 684 3760 citante,
720 3697 935 3766 irrupit.
969 3697 1149 3765 Quare
1176 3698 1438 3767 propheta
1469 3695 1742 3753 Jeremias
1784 3714 2043 3769 praenun-

461 3787 607 3842 tians
638 3787 969 3859 Babylonem
1001 3789 1344 3861 capiendam,
1376 3791 1443 3845 de
1469 3789 1639 3844 Medis
1668 3799 1722 3845 et
1742 3789 1923 3846 Persis
1969 3791 2043 3845 ita

459 3877 724 3948 loquitur:
760 3897 781 3932 ι
809 3879 1067 3935 Invadent
1097 3890 1171 3946 te,
1200 3889 1258 3935 et
1283 3880 1541 3950 capieris,
1574 3879 1837 3951 Babylon.
1857 3888 1912 3934 et
1935 3895 2042 3933 non

461 3972 830 4042 cognosceris.
868 3972 1090 4027 Inventa
1121 3986 1204 4037 es,
1228 3981 1283 4027 et
1325 3981 1482 4042 capta
1523 3985 1601 4035 es,
1643 3971 1770 4040 quia
1817 3970 2044 4025 Domino

461 4065 712 4120 restitisti
740 4065 807 4121 ".
847 4083 867 4116 ι
904 4064 977 4119 At
1004 4065 1074 4120 de
1097 4063 1240 4136 Cyro
1271 4081 1286 4121 :
1325 4081 1345 4114 ι
1380 4063 1641 4118 Ascendit
1679 4063 1763 4119 leo
1792 4062 1860 4118 de
1882 4061 2043 4116 cubili

465 4171 584 4222 suo,
621 4166 678 4211 ut
706 4165 870 4227 ponat
910 4165 1110 4213 terram
1159 4165 1305 4210 tuam
1336 4157 1388 4211 in
1418 4155 1787 4211 solitudinem.
1813 4155 1880 4209 Et
1905 4155 2046 4211 civi-

467 4256 607 4305 tates
628 4257 733 4304 tuae
753 4248 1291 4319 vastabuntur,quod
1315 4263 1420 4303 non
1450 4249 1905 4316 habiteuturipsae
1925 4248 1991 4304 ³⁸.
2019 4268 2042 4302 ι

466 4341 601 4396 Esse
626 4351 804 4396 autem
836 4343 1216 4398 universorum
1251 4342 1418 4396 Deum
1452 4341 1544 4409 qui
1589 4341 1737 4396 dedit
1775 4339 1917 4412 Cyro
1965 4343 2046 4396 vi-

463 4434 713 4501 ctoriam,
748 4433 908 4489 lldem
941 4443 1145 4490 certam
1197 4434 1358 4490 faciet
1391 4432 1558 4489 Isaias
1598 4451 1612 4487 :
1662 4452 1681 4485 ι
1731 4431 1859 4488 Hazc
1915 4435 2048 4489 dicit

2219 2758 2316 2826 Ὧς
2356 2757 2514 2814 λέων
2557 2756 2890 2828 ἐρεύξεται,
2921 2755 3011 2810 ὅτι
3054 2754 3236 2820 αὐτὸς
3267 2752 3590 2822 ἀφύσεται,
3624 2747 3726 2804 καί

2133 2848 2539 2916 ἐκστήσονται
2605 2849 2787 2902 τέκνα
2841 2846 3099 2902 ὑδάτων.
3150 2843 3595 2912 Ἐκπτήσονται
3641 2841 3728 2908 ὠς

2137 2943 2349 3012 ὄρνεον
2394 2942 2464 3006 ἐξ
2497 2943 2822 3013 Αἰγύπτου,
2873 2940 2972 2994 καὶ
3014 2940 3096 3006 ὡς
3139 2936 3462 3008 περιστερὰ
3494 2936 3563 2989 ἐκ
3610 2933 3726 3003 γῆς

2149 3037 2498 3105 Ἀσσυρίων.
2537 3034 2648 3090 Kal
2684 3031 3171 3100 ἀποκαταστήσω
3200 3029 3424 3096 αὐτοὺς
3459 3030 3548 3092 εις
3582 3024 3732 3091 τοὺς

2063 3147 2107 3204 C
2140 3126 2347 3194 οἷκους
2373 3126 2592 3192 αὐτῶν,
2622 3125 2786 3194 λέγει
2812 3123 3044 3194 Κύριος.

2209 3241 2378 3296 PAB'.
2421 3242 2686 3304 Ἤκοντος
2726 3240 2828 3312 ήδη
2867 3237 2962 3292 τοῦ
2994 3237 3208 3310 χρόνου,
3236 3235 3332 3290 καὶ
3373 3229 3729 3303 πεπερασμέ-

2139 3349 2233 3387 νου
2269 3330 2364 3385 τοῦ
2397 3331 2611 3402 καιροῦ,
2639 3329 2762 3384 καθ’
2785 3329 2844 3382 δν
2877 3329 2984 3382 ἔδει
3012 3326 3198 3382 λοιπὸν
3225 3325 3325 3396 τῆς
3351 3321 3732 3394 αἰχμαλωσίας

2139 3423 2382 3479 ἀνεῖσθαι
2406 3423 2497 3478 τὸν
2526 3421 2762 3495 Ἰσραὴλ,
2787 3421 2972 3493 Κῦρος
3003 3422 3032 3474 ό
3073 3417 3395 3490 Καμϐύσου,
3415 3415 3640 3487 Περσῶν
3667 3431 3728 3466 τε

2141 3517 2236 3572 καὶ
2273 3517 2472 3588 Μήδων
2499 3514 2813 3586 ἀνημμένος
2857 3513 2918 3567 τὸ
2949 3511 3172 3585 κράτος,
3219 3512 3315 3564 σὺν
3357 3509 3499 3579 ὄχλῳ
3541 3506 3728 3579 βαρεῖ,

2142 3611 2236 3664 καὶ
2263 3610 2568 3680 δυσαιτήτῳ
2597 3608 2672 3677 (1)
2706 3607 2954 3679 δυνάμει,
2977 3609 3075 3677 τῆς
3107 3622 3166 3660 τε
3191 3603 3508 3665 Βαϐυλῶνος
3534 3600 3728 3668 αὐτῆς,

2142 3703 2376 3774 καὶτῆς
2434 3701 2735 3776 Ἀσσυρίων
2789 3699 3252 3771 κατεστρατεύετο
3311 3696 3529 3768 χώρας,
3580 3693 3730 3746 διαν-

2153 3795 2402 3858 ιστάντος
2422 3793 2584 3847 αὐτὸν
2613 3794 2693 3856 εἰς
2709 3792 2868 3846 τοῦτο
2893 3790 3049 3846 Θεοῦ.
3082 3791 3193 3844 Καὶ
3225 3788 3356 3860 γοῦν
3382 3790 3410 3842 6
3447 3787 3734 3857 προφήτης

2154 3887 2426 3956 Ἱερεμίας
2450 3885 2857 3956 προαναφωνῶν
2885 3884 2984 3954 τῆς
3019 3881 3336 3945 Βαϐυλῶνος
3375 3881 3474 3952 τὴν
3506 3879 3729 3942 ἅλωσιν,

2145 3979 2272 4050 περί
2303 3997 2363 4032 τε
2407 3979 2629 4049 Μήδων,
2675 3978 2844 4049 φησὶ,
2877 3976 2974 4032 καὶ
3001 3976 3249 4048 Περσῶν’
3291 3993 3310 4026 ι
3351 3971 3735 4044 Ἐπιθήσονταί

2146 4088 2266 4134 σοι,
2307 4071 2401 4124 καὶ
2430 4070 2635 4142 ἁλὼσῃ,
2669 4069 2950 4134 Βαϐυλὼν,
2994 4070 3084 4124 καὶ
3120 4069 3180 4122 ού
3210 4065 3417 4138 γνώσῃ.
3451 4065 3732 4136 Εὐρέθης,

2147 4162 2241 4216 καὶ
2282 4163 2551 4235 ἐλήφθης,
2589 4163 2670 4216 ὅτι
2708 4162 2788 4234 τῷ
2819 4162 3010 4235 Κυρίῳ
3059 4161 3342 4230 άντέστης.
3372 4179 3390 4210 ι
3444 4158 3629 4230 Κύρου
3677 4155 3735 4208 δὲ

2148 4257 2275 4328 πέρι
2304 4273 2317 4286 ·
2352 4276 2370 4308 ι
2413 4256 2602 4328 Ἀνέϐη
2626 4255 2763 4310 λέων
2791 4257 2855 4310 ἐκ
2884 4257 2982 4328 τῆς
3015 4255 3258 4328 μάνδρας
3285 4251 3475 4317 αὐτοῦ,
3501 4250 3595 4305 τοῦ
3627 4248 3737 4302 θεῖ-

2147 4363 2234 4399 ναι
2282 4346 2379 4416 τήν
2425 4345 2533 4416 γῆν
2582 4362 2676 4399 σου
2722 4347 2804 4409 είς
2850 4347 3152 4418 ἐρήμωσιν,
3186 4343 3279 4398 καὶ
3311 4344 3369 4398 αἱ
3421 4342 3605 4404 πόλεις
3640 4356 3736 4393 σου

2149 4435 2656 4507 καθαιρεθήσονται,
2686 4436 2840 4509 παρὰ
2875 4437 2936 4490 τὸ
2981 4437 3055 4509 μὴ
3086 4434 3458 4516 κατοικεῖσθαι
3496 4433 3683 4495 αὐτάς.
3712 4452 3730 4484 ι

465 4526 726 4582 Dominus
759 4527 966 4582 cbristo
997 4542 1117 4583 meo
1150 4527 1294 4596 Cyro
1315 4567 1331 4594 ,
1365 4526 1517 4594 cujus
1551 4526 1879 4596 apprehendi
1908 4526 2037 4581 dex-

2153 4529 2274 4580 Ὄτι
2307 4502 2364 4581 δὲ
2493 4529 2521 4581 6
2563 4529 2673 4582 τῶν
2717 4502 2854 4583 ὅλων
2895 4502 3058 4593 Θεδς,
3087 4531 3115 4582 6
3142 4530 3221 4599 τῷ
3254 4507 3424 4604 Κύρῳ
3468 4525 3646 4587 διδοὺς
3677 4524 3740 4576 τὸ

468 4622 662 4678 teram,
699 4622 757 4666 ut
782 4614 1065 4683 subjiciam
1110 4624 1237 4670 aute
1267 4630 1390 4669 eum
1438 4625 1650 4684 gentes,
1671 4625 1726 4671 et
1771 4614 2047 4671 fortitudi-

466 4719 589 4761 nem
621 4720 806 4775 regum
837 4706 1162 4776 dirumpam.
1187 4707 1442 4776 Aperiam
1478 4716 1605 4762 ante
1657 4721 1779 4761 eum
1826 4707 2042 4778 ianuas,

465 4807 523 4854 et
545 4798 708 4854 urbes
735 4813 838 4853 non
862 4798 1202 4854 claudentur.
1234 4797 1346 4868 Ego
1374 4807 1500 4854 ante
1529 4808 1580 4854 te
1610 4799 1720 4864 ibo,
1746 4808 1800 4854 et
1836 4810 2047 4855 montes

466 4891 846 4962 complanabo.
885 4891 1076 4946 Portas
1110 4906 1280 4946 aereas
1303 4901 1601 4956 conteram,
1632 4904 1688 4946 et
1718 4901 1897 4948 vectes
1935 4891 2048 4948 fer-

465 4999 590 5042 reos
616 4984 978 5054 confringam,
1008 4982 1220 5038 etdabo
1255 4983 1351 5039 tibi
1384 4984 1668 5038 thesauros
1694 4984 2046 5050 tenebrosos,

466 5078 847 5144 absconditos;
879 5076 1178 5134 invisibiles
1206 5078 1440 5147 aperiam
1471 5078 1568 5132 tibi
1591 5077 1659 5133 ³⁷.
1691 5096 1711 5130 ι
1741 5077 1920 5133 Victor
1945 5078 2049 5132 ita-

465 5186 572 5244 que
601 5171 776 5244 Cyrus
804 5171 858 5226 vi
895 5171 1119 5227 subacto
1177 5169 1594 5242 Babyloniorum
1633 5185 1822 5242 regno,
1869 5169 2046 5225 Israe-

463 5261 574 5322 Iem
605 5263 836 5319 liberum
875 5262 1101 5326 dimisit.
1133 5262 1224 5333 qui
1280 5263 1506 5326 reversi,
1562 5261 1835 5333 regionem
1891 5275 2047 5317 suam

543 5441 588 5477 ⁸³
623 5441 734 5498 Jer.
764 5460 818 5506 ι..
847 5443 940 5498 24.
1017 5442 1062 5474 ⁸⁸
1100 5439 1210 5496 Jer.
1241 5457 1314 5508 tv,
1343 5442 1396 5496 7.
1473 5439 1516 5472 ³⁷
1554 5439 1659 5497 Isa.
1689 5456 1813 5508 ειν,
1846 5441 1899 5508 ι,
1927 5441 1982 5497 5.

544 5622 622 5695 (l)
652 5625 952 5701 Cptelerius
983 5625 1246 5701 (Monum.
1393 5624 1457 5691 ε,
1489 5623 1555 5683 ll.
1599 5621 2046 5701 5_8_9)_l_egeudum

473 5694 656 5751 monet
687 5694 1028 5765 δυσαντήτω,
1052 5697 1155 5751 hoc
1179 5707 1264 5751 est
1284 5695 1708 5763 inexpugnabili.
1734 5694 1826 5749 Sic
1857 5694 2048 5765 mortis

475 5765 805 5837 δυσάντητον
832 5765 1031 5835 κράτος
1055 5767 1190 5822 dixit
1214 5765 1450 5839 Cyrillus
1489 5765 1580 5823 lib.
1607 5780 1660 5821 tv
1696 5765 1816 5820 adv.
1855 5765 2048 5818 Nesto-

1117 6223 1470 6312 Δ

2150 4620 2394 4689 κρατεῖν,
2426 4617 2832 4690 πληροφορήσει
2875 4619 3049 4688 λέγων
3090 4620 3117 4671 6
3148 4619 3435 4690 «papirius
3471 4612 3736 4675 Ἠσαῖαςο

2158 4731 2176 4762 ι
2207 4711 2344 4764 Τάδε
2361 4711 2506 4779 λέγει
2552 4712 2756 4783 Κύριος
2783 4711 2862 4782 τῷ
2886 4709 3091 4782 χριστῷ
3123 4727 3223 4781 μου
3255 4709 3445 4781 Κύρᾲ,
3479 4697 3543 4758 οὗ
3572 4704 3758 4776 ὲκρά--’

2149 4819 2288 4873 τησα
2325 4803 2428 4873 τῆς
2462 4803 2662 4870 δεξιᾶς,
2694 4802 2996 4857 ἐπακοῦσαι
3028 4802 3335 4873 ἔμπροσθεν
3367 4793 3538 4880 α’(τοῦ
3580 4797 3742 4867 ἔθνη,

2141 4895 2237 4949 καὶ
2285 4895 2440 4965 ἰσχὺν
2495 4895 2757 4965 βασιλέων
2814 4894 3113 4966 διαρῤήξω.
3151 4892 3372 4958 Ἀνοίξω
3425 4887 3748 4961 ἔμπροσθεν

2142 4986 2307 5040 αὑτοῦ
2347 4985 2538 5059 θύρας,
2572 4987 2668 5041 καὶ
2705 4986 2888 5052 πόλεις
2917 4989 2979 5039 οὐ
3013 4986 3554 5057 συγκλεισθήσονται.
3601 4981 3749 5050 Ἐγὼ

2141 5079 2451 5152 ἔμπροσθέν
2491 5097 2586 5134 σου
2617 5078 2979 5151 πορεύσομαι,
3010 5081 3106 5134 καὶ⁸
3149 5080 3252 5150 ϐρη
3281 5059 3494 5149 ὁμαλξῶ
3517 5089 3531 5104 ⁸
3570 5073 3749 5145 θύρας

2141 5171 2350 5240 χαλκᾶς
2388 5168 2686 5242 συντρίψω,
2737 5170 2830 5223 καὶ
2866 5169 3097 5242 μοχλοὺς
3125 5169 3377 5241 σιδηροῦς
3428 5163 3750 5242 meum,

2143 5261 2239 5317 καὶ
2279 5259 2437 5316 δώσω
2475 5241 2559 5316 σοι
2605 5261 2915 5334 θησαυροὺς
2949 5262 3257 5325 σκοτεινοὺς
3282 5303 3297 5330 ,
3345 5241 3714 5336 ἀπρκρύφους
3732 5295 3748 5319 9

2155 5621 2316 5686 rium,
2350 5635 2404 5688 p.
2439 5619 2564 5682 {07.
2587 5619 2895 5690 similiaque
2925 5621 3092 5676 multa
3116 5617 3498 5690 proferrentur
3523 5630 3591 5672 ex
3620 5613 3746 5686 ipso

2153 5693 2198 5749 si
2227 5706 2447 5754 necesse
2471 5700 2632 5748 esset.
2666 5691 2821 5746 Εοιτ.
