  <div class='ocr_page' id='page_1' title='image "/cluster/home/n/w/nwhite01/storage/ocr_20150623/71/nnc1.0046980199/154.png"; bbox 0 0 4110 6368; ppageno 0'>
   <div class='ocr_carea' id='block_1_1' title="bbox 382 365 492 426">
    <p class='ocr_par' dir='ltr' id='par_1_1' title="bbox 382 365 492 426">
     <span class='ocr_line' id='line_1_1' title="bbox 382 365 492 426; baseline -0.009 0"><span class='ocrx_word' id='word_1_1' title='bbox 382 365 492 426; x_wconf 70' lang='lat'><strong>277</strong></span> 
     </span>
    </p>
   </div>
   <div class='ocr_carea' id='block_1_2' title="bbox 1314 368 2724 456">
    <p class='ocr_par' dir='ltr' id='par_1_2' title="bbox 1314 368 2724 456">
     <span class='ocr_line' id='line_1_2' title="bbox 1314 368 2724 456; baseline 0.006 -10"><span class='ocrx_word' id='word_1_2' title='bbox 1314 368 1863 453; x_wconf 68' lang='lat' dir='ltr'><strong>COMMENTARIUS</strong></span> <span class='ocrx_word' id='word_1_3' title='bbox 1905 397 1969 452; x_wconf 76' lang='lat' dir='ltr'><strong>m</strong></span> <span class='ocrx_word' id='word_1_4' title='bbox 2011 396 2243 455; x_wconf 65' lang='lat' dir='ltr'><strong>ossam</strong></span> <span class='ocrx_word' id='word_1_5' title='bbox 2283 397 2724 456; x_wconf 67' lang='lat' dir='ltr'><strong>PROI‘HETAM.</strong></span> 
     </span>
    </p>
   </div>
   <div class='ocr_carea' id='block_1_3' title="bbox 3543 355 3665 461">
    <p class='ocr_par' dir='ltr' id='par_1_3' title="bbox 3543 355 3665 461">
     <span class='ocr_line' id='line_1_3' title="bbox 3543 355 3665 461; baseline 0.008 -1"><span class='ocrx_word' id='word_1_6' title='bbox 3543 355 3665 461; x_wconf 61' lang='lat' dir='ltr'><strong>an}.</strong></span> 
     </span>
    </p>
   </div>
   <div class='ocr_carea' id='block_1_4' title="bbox 377 491 1949 596">
    <p class='ocr_par' dir='ltr' id='par_1_4' title="bbox 377 491 1949 588">
     <span class='ocr_line' id='line_1_4' title="bbox 377 491 1949 588; baseline 0.013 -41"><span class='ocrx_word' id='word_1_7' title='bbox 377 491 644 563; x_wconf 83' lang='grc' dir='ltr'>ἀοράτους</span> <span class='ocrx_word' id='word_1_8' title='bbox 664 494 860 561; x_wconf 84' lang='grc' dir='ltr'>ἀνοίξω</span> <span class='ocrx_word' id='word_1_9' title='bbox 892 515 993 553; x_wconf 83' lang='grc' dir='ltr'>σοι.</span> <span class='ocrx_word' id='word_1_10' title='bbox 1010 520 1028 552; x_wconf 68' lang='grc' dir='ltr'><strong>ι</strong></span> <span class='ocrx_word' id='word_1_11' title='bbox 1061 502 1377 575; x_wconf 83' lang='grc' dir='ltr'>Νενικηκὼς</span> <span class='ocrx_word' id='word_1_12' title='bbox 1398 514 1685 583; x_wconf 87' lang='grc' dir='ltr'>τοιγαροῦν</span> <span class='ocrx_word' id='word_1_13' title='bbox 1709 517 1737 569; x_wconf 99' lang='lat'><strong>6</strong></span> <span class='ocrx_word' id='word_1_14' title='bbox 1761 516 1949 588; x_wconf 71' lang='lat' dir='ltr'><strong>K&#39;u&#39;po;</strong></span> 
     </span>
    </p>
   </div>
   <div class='ocr_carea' id='block_1_5' title="bbox 2053 491 3654 596">
    <p class='ocr_par' dir='ltr' id='par_1_5' title="bbox 2068 520 3654 596">
     <span class='ocr_line' id='line_1_5' title="bbox 2068 520 3654 596; baseline 0.007 -23"><span class='ocrx_word' id='word_1_15' title='bbox 2068 520 2244 574; x_wconf 90' lang='lat' dir='ltr'><strong>denuo</strong></span> <span class='ocrx_word' id='word_1_16' title='bbox 2281 522 2639 576; x_wconf 86' lang='lat' dir='ltr'><strong>incoluerunt.</strong></span> <span class='ocrx_word' id='word_1_17' title='bbox 2676 522 3049 577; x_wconf 84' lang='lat' dir='ltr'><strong>Narratiouem</strong></span> <span class='ocrx_word' id='word_1_18' title='bbox 3091 523 3230 579; x_wconf 86' lang='lat' dir='ltr'><strong>hanc</strong></span> <span class='ocrx_word' id='word_1_19' title='bbox 3285 525 3654 596; x_wconf 82' lang='lat' dir='ltr'><strong>interpretans</strong></span> 
     </span>
    </p>
   </div>
   <div class='ocr_carea' id='block_1_6' title="bbox 372 588 1965 679">
    <p class='ocr_par' dir='ltr' id='par_1_6' title="bbox 372 588 1965 679">
     <span class='ocr_line' id='line_1_6' title="bbox 372 588 1965 679; baseline 0.016 -39"><span class='ocrx_word' id='word_1_20' title='bbox 372 588 466 640; x_wconf 67' lang='grc' dir='ltr'><strong>καὶ</strong></span> <span class='ocrx_word' id='word_1_21' title='bbox 514 590 859 675; x_wconf 76' lang='grc' dir='ltr'>κατακρὰτος</span> <span class='ocrx_word' id='word_1_22' title='bbox 913 592 1048 648; x_wconf 82' lang='grc' dir='ltr'>ἑλὼν</span> <span class='ocrx_word' id='word_1_23' title='bbox 1101 595 1201 669; x_wconf 80' lang='grc' dir='ltr'><strong>τὴν</strong></span> <span class='ocrx_word' id='word_1_24' title='bbox 1241 600 1621 672; x_wconf 88' lang='grc' dir='ltr'>Βαϐυλωνίων,</span> <span class='ocrx_word' id='word_1_25' title='bbox 1669 609 1835 679; x_wconf 79' lang='grc' dir='ltr'>ἀνῆκε</span> <span class='ocrx_word' id='word_1_26' title='bbox 1875 611 1965 664; x_wconf 83' lang='grc' dir='ltr'><strong>τὸν</strong></span> 
     </span>
    </p>
   </div>
   <div class='ocr_carea' id='block_1_7' title="bbox 386 677 1965 771">
    <p class='ocr_par' dir='ltr' id='par_1_7' title="bbox 386 677 1965 771">
     <span class='ocr_line' id='line_1_7' title="bbox 386 677 1965 771; baseline 0.016 -42"><span class='ocrx_word' id='word_1_27' title='bbox 386 677 623 771; x_wconf 48' lang='grc' dir='ltr'>Ἰσραήλ.</span> <span class='ocrx_word' id='word_1_28' title='bbox 666 681 778 735; x_wconf 76' lang='grc' dir='ltr'><strong>Καὶ</strong></span> <span class='ocrx_word' id='word_1_29' title='bbox 825 683 889 755; x_wconf 83' lang='grc' dir='ltr'>δὴ</span> <span class='ocrx_word' id='word_1_30' title='bbox 925 685 1017 738; x_wconf 71' lang='grc' dir='ltr'>καὶ</span> <span class='ocrx_word' id='word_1_31' title='bbox 1050 687 1553 763; x_wconf 83' lang='grc' dir='ltr'>ύπονοστήσαντες,</span> <span class='ocrx_word' id='word_1_32' title='bbox 1603 677 1965 771; x_wconf 80' lang='grc' dir='ltr'>κατῳκήκασι</span> 
     </span>
    </p>
   </div>
   <div class='ocr_carea' id='block_1_8' title="bbox 371 762 1968 858">
    <p class='ocr_par' dir='ltr' id='par_1_8' title="bbox 371 762 1968 858">
     <span class='ocr_line' id='line_1_8' title="bbox 371 762 1968 858; baseline 0.018 -43"><span class='ocrx_word' id='word_1_33' title='bbox 371 762 468 834; x_wconf 76' lang='grc' dir='ltr'><strong>τὴν</strong></span> <span class='ocrx_word' id='word_1_34' title='bbox 509 767 738 822; x_wconf 79' lang='grc' dir='ltr'>ἑαυτῶν.</span> <span class='ocrx_word' id='word_1_35' title='bbox 769 770 933 825; x_wconf 78' lang='grc' dir='ltr'>Τουτὶ</span> <span class='ocrx_word' id='word_1_36' title='bbox 968 773 1029 826; x_wconf 76' lang='grc' dir='ltr'>τὸ</span> <span class='ocrx_word' id='word_1_37' title='bbox 1065 762 1313 849; x_wconf 75' lang='grc' dir='ltr'>διήγημα</span> <span class='ocrx_word' id='word_1_38' title='bbox 1350 782 1693 857; x_wconf 81' lang='grc' dir='ltr'>διερμηνεύει</span> <span class='ocrx_word' id='word_1_39' title='bbox 1725 762 1907 858; x_wconf 47' lang='grc' dir='ltr'>’λέγων</span> <span class='ocrx_word' id='word_1_40' title='bbox 1938 792 1968 843; x_wconf 94' lang='lat'><strong>6</strong></span> 
     </span>
    </p>
   </div>
   <div class='ocr_carea' id='block_1_9' title="bbox 375 858 1967 952">
    <p class='ocr_par' dir='ltr' id='par_1_9' title="bbox 375 858 1967 952">
     <span class='ocr_line' id='line_1_9' title="bbox 375 858 1967 952; baseline 0.018 -45"><span class='ocrx_word' id='word_1_41' title='bbox 375 858 874 952; x_wconf 49' lang='lat' dir='ltr'><strong>zzpoqaﬁ&#39;rqi‘ﬂsqé.</strong></span> <span class='ocrx_word' id='word_1_42' title='bbox 916 880 933 914; x_wconf 77' lang='grc' dir='ltr'><strong>ι</strong></span> <span class='ocrx_word' id='word_1_43' title='bbox 980 864 1070 929; x_wconf 80' lang='grc' dir='ltr'>Ὠς</span> <span class='ocrx_word' id='word_1_44' title='bbox 1094 866 1229 921; x_wconf 89' lang='grc' dir='ltr'>λέων</span> <span class='ocrx_word' id='word_1_45' title='bbox 1275 872 1575 942; x_wconf 81' lang='grc' dir='ltr'>ὲρεύξεται.</span> <span class='ocrx_word' id='word_1_46' title='bbox 1604 896 1622 928; x_wconf 74' lang='grc' dir='ltr'><strong>ι</strong></span> <span class='ocrx_word' id='word_1_47' title='bbox 1669 878 1766 941; x_wconf 81' lang='grc' dir='ltr'>Τίς</span> <span class='ocrx_word' id='word_1_48' title='bbox 1808 881 1967 952; x_wconf 79' lang='grc' dir='ltr'>ἐρεύ-</span> 
     </span>
    </p>
   </div>
   <div class='ocr_carea' id='block_1_10' title="bbox 371 945 1959 1041">
    <p class='ocr_par' dir='ltr' id='par_1_10' title="bbox 371 945 1959 1041">
     <span class='ocr_line' id='line_1_10' title="bbox 371 945 1959 1041; baseline 0.018 -44"><span class='ocrx_word' id='word_1_49' title='bbox 371 945 558 1041; x_wconf 59' lang='lat' dir='ltr'><strong>gerat;</strong></span> <span class='ocrx_word' id='word_1_50' title='bbox 604 948 785 1041; x_wconf 76' lang='grc' dir='ltr'>Κύρος</span> <span class='ocrx_word' id='word_1_51' title='bbox 835 952 1096 1024; x_wconf 84' lang='grc' dir='ltr'>δηλονότι.</span> <span class='ocrx_word' id='word_1_52' title='bbox 1131 958 1355 1030; x_wconf 86' lang='grc' dir='ltr'>Ὅμοιον</span> <span class='ocrx_word' id='word_1_53' title='bbox 1381 963 1455 1026; x_wconf 85' lang='grc' dir='ltr'>ὡς</span> <span class='ocrx_word' id='word_1_54' title='bbox 1494 966 1543 1017; x_wconf 84' lang='grc' dir='ltr'><strong>εί</strong></span> <span class='ocrx_word' id='word_1_55' title='bbox 1584 966 1733 1037; x_wconf 83' lang='grc' dir='ltr'>λέγοι</span> <span class='ocrx_word' id='word_1_56' title='bbox 1776 945 1959 1041; x_wconf 74' lang='grc' dir='ltr'>τυχὸν,</span> 
     </span>
    </p>
   </div>
   <div class='ocr_carea' id='block_1_11' title="bbox 380 1039 1966 1134">
    <p class='ocr_par' dir='ltr' id='par_1_11' title="bbox 380 1039 1966 1134">
     <span class='ocr_line' id='line_1_11' title="bbox 380 1039 1966 1134; baseline 0.018 -45"><span class='ocrx_word' id='word_1_57' title='bbox 380 1039 565 1134; x_wconf 77' lang='grc' dir='ltr'>Δεινὸν</span> <span class='ocrx_word' id='word_1_58' title='bbox 589 1040 683 1095; x_wconf 75' lang='grc' dir='ltr'><strong>καὶ</strong></span> <span class='ocrx_word' id='word_1_59' title='bbox 721 1041 1000 1114; x_wconf 82' lang='grc' dir='ltr'>διαϐριθὲς</span> <span class='ocrx_word' id='word_1_60' title='bbox 1029 1048 1169 1102; x_wconf 75' lang='grc' dir='ltr'>κατὰ</span> <span class='ocrx_word' id='word_1_61' title='bbox 1192 1052 1300 1122; x_wconf 82' lang='grc' dir='ltr'>’τῆς</span> <span class='ocrx_word' id='word_1_62' title='bbox 1333 1054 1710 1121; x_wconf 78' lang='grc' dir='ltr'>Βαϐυλωνίων,</span> <span class='ocrx_word' id='word_1_63' title='bbox 1752 1063 1779 1113; x_wconf 88' lang='grc' dir='ltr'><strong>ό</strong></span> <span class='ocrx_word' id='word_1_64' title='bbox 1814 1039 1966 1134; x_wconf 82' lang='grc' dir='ltr'>παρὰ</span> 
     </span>
    </p>
   </div>
   <div class='ocr_carea' id='block_1_12' title="bbox 368 1128 1966 1215">
    <p class='ocr_par' dir='ltr' id='par_1_12' title="bbox 368 1128 1966 1215">
     <span class='ocr_line' id='line_1_12' title="bbox 368 1128 1966 1215; baseline 0.018 -35"><span class='ocrx_word' id='word_1_65' title='bbox 368 1128 559 1201; x_wconf 80' lang='grc' dir='ltr'>Κύρου</span> <span class='ocrx_word' id='word_1_66' title='bbox 588 1134 857 1205; x_wconf 79' lang='grc' dir='ltr'>κτυπήσει</span> <span class='ocrx_word' id='word_1_67' title='bbox 892 1136 1147 1208; x_wconf 85' lang='grc' dir='ltr'>πόλεμος.</span> <span class='ocrx_word' id='word_1_68' title='bbox 1184 1142 1510 1215; x_wconf 85' lang='grc' dir='ltr'>Ὠρυομένου</span> <span class='ocrx_word' id='word_1_69' title='bbox 1543 1148 1600 1201; x_wconf 84' lang='grc' dir='ltr'>δὲ</span> <span class='ocrx_word' id='word_1_70' title='bbox 1634 1152 1821 1215; x_wconf 84' lang='grc' dir='ltr'>αὑτοῦ,</span> <span class='ocrx_word' id='word_1_71' title='bbox 1868 1128 1966 1208; x_wconf 70' lang='grc' dir='ltr'><strong>καὶ</strong></span> 
     </span>
    </p>
   </div>
   <div class='ocr_carea' id='block_1_13' title="bbox 367 1221 1965 1307">
    <p class='ocr_par' dir='ltr' id='par_1_13' title="bbox 367 1221 1965 1307">
     <span class='ocr_line' id='line_1_13' title="bbox 367 1221 1965 1307; baseline 0.018 -34"><span class='ocrx_word' id='word_1_72' title='bbox 367 1221 530 1275; x_wconf 76' lang='grc' dir='ltr'>οἱονεί</span> <span class='ocrx_word' id='word_1_73' title='bbox 571 1240 717 1290; x_wconf 88' lang='grc' dir='ltr'>τινος</span> <span class='ocrx_word' id='word_1_74' title='bbox 762 1226 977 1294; x_wconf 84' lang='grc' dir='ltr'>λέοντος</span> <span class='ocrx_word' id='word_1_75' title='bbox 1028 1238 1511 1307; x_wconf 81' lang='grc' dir='ltr'>κατακεκραγότος</span> <span class='ocrx_word' id='word_1_76' title='bbox 1555 1241 1665 1295; x_wconf 87' lang='grc' dir='ltr'>τῶν</span> <span class='ocrx_word' id='word_1_77' title='bbox 1713 1244 1780 1297; x_wconf 86' lang='grc' dir='ltr'>δι’</span> <span class='ocrx_word' id='word_1_78' title='bbox 1812 1248 1965 1300; x_wconf 79' lang='grc' dir='ltr'>ἐναν-</span> 
     </span>
    </p>
   </div>
   <div class='ocr_carea' id='block_1_14' title="bbox 367 1307 1964 1409">
    <p class='ocr_par' dir='ltr' id='par_1_14' title="bbox 367 1307 1964 1409">
     <span class='ocr_line' id='line_1_14' title="bbox 367 1307 1964 1409; baseline 0.019 -45"><span class='ocrx_word' id='word_1_79' title='bbox 367 1307 521 1409; x_wconf 68' lang='grc' dir='ltr'>τίας,</span> <span class='ocrx_word' id='word_1_80' title='bbox 625 1316 1017 1389; x_wconf 75' lang='grc' dir='ltr'>Ἐκστήσονται</span> <span class='ocrx_word' id='word_1_81' title='bbox 1062 1325 1231 1380; x_wconf 88' lang='grc' dir='ltr'>τέκνα</span> <span class='ocrx_word' id='word_1_82' title='bbox 1282 1328 1509 1386; x_wconf 86' lang='grc' dir='ltr'>ὑδάτων.</span> <span class='ocrx_word' id='word_1_83' title='bbox 1538 1351 1557 1384; x_wconf 77' lang='grc' dir='ltr'><strong>ι</strong></span> <span class='ocrx_word' id='word_1_84' title='bbox 1606 1335 1716 1388; x_wconf 77' lang='grc' dir='ltr'><strong>Καὶ</strong></span> <span class='ocrx_word' id='word_1_85' title='bbox 1763 1336 1824 1390; x_wconf 79' lang='grc' dir='ltr'><strong>τὸ</strong></span> <span class='ocrx_word' id='word_1_86' title='bbox 1868 1340 1964 1409; x_wconf 82' lang='grc' dir='ltr'><strong>μὲν</strong></span> 
     </span>
    </p>
   </div>
   <div class='ocr_carea' id='block_1_15' title="bbox 374 1403 1966 1496">
    <p class='ocr_par' dir='ltr' id='par_1_15' title="bbox 374 1403 1966 1496">
     <span class='ocr_line' id='line_1_15' title="bbox 374 1403 1966 1496; baseline 0.017 -42"><span class='ocrx_word' id='word_1_87' title='bbox 374 1418 397 1455; x_wconf 73' lang='grc' dir='ltr'><strong>ι</strong></span> <span class='ocrx_word' id='word_1_88' title='bbox 412 1403 767 1475; x_wconf 75' lang='grc' dir='ltr'><strong>ἐκστήσονται</strong></span> <span class='ocrx_word' id='word_1_89' title='bbox 787 1429 806 1460; x_wconf 86' lang='grc'><strong>›</strong></span> <span class='ocrx_word' id='word_1_90' title='bbox 819 1412 1024 1482; x_wconf 79' lang='grc' dir='ltr'>,φησὶν,</span> <span class='ocrx_word' id='word_1_91' title='bbox 1043 1415 1165 1468; x_wconf 78' lang='grc' dir='ltr'>ἀντὶ</span> <span class='ocrx_word' id='word_1_92' title='bbox 1185 1416 1303 1483; x_wconf 87' lang='grc' dir='ltr'>τοῦ,</span> <span class='ocrx_word' id='word_1_93' title='bbox 1323 1421 1646 1496; x_wconf 84' lang='grc' dir='ltr'>καταπλαγή</span> <span class='ocrx_word' id='word_1_94' title='bbox 1656 1403 1966 1482; x_wconf 45' lang='grc' dir='ltr'>σονταιίΓέ-</span> 
     </span>
    </p>
   </div>
   <div class='ocr_carea' id='block_1_16' title="bbox 366 1497 1952 1586">
    <p class='ocr_par' dir='ltr' id='par_1_16' title="bbox 366 1497 1952 1586">
     <span class='ocr_line' id='line_1_16' title="bbox 366 1497 1952 1586; baseline 0.017 -39"><span class='ocrx_word' id='word_1_95' title='bbox 366 1512 469 1549; x_wconf 87' lang='grc' dir='ltr'><strong>κνα</strong></span> <span class='ocrx_word' id='word_1_96' title='bbox 500 1497 559 1551; x_wconf 84' lang='grc' dir='ltr'>δὲ</span> <span class='ocrx_word' id='word_1_97' title='bbox 589 1498 817 1569; x_wconf 81' lang='grc' dir='ltr'><strong>ὑδάτων,</strong></span> <span class='ocrx_word' id='word_1_98' title='bbox 857 1505 985 1569; x_wconf 78' lang='grc' dir='ltr'>τοὺς</span> <span class='ocrx_word' id='word_1_99' title='bbox 1026 1507 1402 1576; x_wconf 89' lang='grc' dir='ltr'>Βαϐυλωνίους</span> <span class='ocrx_word' id='word_1_100' title='bbox 1429 1516 1582 1586; x_wconf 83' lang='grc' dir='ltr'>φησὶ,</span> <span class='ocrx_word' id='word_1_101' title='bbox 1611 1516 1662 1569; x_wconf 83' lang='grc' dir='ltr'>οἳ</span> <span class='ocrx_word' id='word_1_102' title='bbox 1694 1521 1807 1583; x_wconf 81' lang='grc' dir='ltr'>τοῖς</span> <span class='ocrx_word' id='word_1_103' title='bbox 1844 1522 1952 1574; x_wconf 83' lang='grc' dir='ltr'><strong>τῶν</strong></span> 
     </span>
    </p>
   </div>
   <div class='ocr_carea' id='block_1_17' title="bbox 366 1586 1963 1679">
    <p class='ocr_par' dir='ltr' id='par_1_17' title="bbox 366 1586 1963 1679">
     <span class='ocr_line' id='line_1_17' title="bbox 366 1586 1963 1679; baseline 0.016 -39"><span class='ocrx_word' id='word_1_104' title='bbox 366 1586 574 1642; x_wconf 80' lang='grc' dir='ltr'>ὑδάτων</span> <span class='ocrx_word' id='word_1_105' title='bbox 609 1590 840 1658; x_wconf 84' lang='grc' dir='ltr'>τέκνοις,</span> <span class='ocrx_word' id='word_1_106' title='bbox 869 1598 1138 1664; x_wconf 78' lang='grc' dir='ltr'>τουτέστι,</span> <span class='ocrx_word' id='word_1_107' title='bbox 1157 1604 1272 1666; x_wconf 83' lang='grc' dir='ltr'>τοῖς</span> <span class='ocrx_word' id='word_1_108' title='bbox 1287 1604 1345 1657; x_wconf 85' lang='grc' dir='ltr'>ὲν</span> <span class='ocrx_word' id='word_1_109' title='bbox 1367 1604 1521 1659; x_wconf 84' lang='grc' dir='ltr'>ῦδατι</span> <span class='ocrx_word' id='word_1_110' title='bbox 1544 1611 1780 1678; x_wconf 81' lang='grc' dir='ltr'>νηκτοῖς,</span> <span class='ocrx_word' id='word_1_111' title='bbox 1796 1611 1963 1679; x_wconf 76' lang='grc' dir='ltr'>ἤγουν</span> 
     </span>
    </p>
   </div>
   <div class='ocr_carea' id='block_1_18' title="bbox 368 1676 1961 1764">
    <p class='ocr_par' dir='ltr' id='par_1_18' title="bbox 368 1676 1961 1764">
     <span class='ocr_line' id='line_1_18' title="bbox 368 1676 1961 1764; baseline 0.017 -36"><span class='ocrx_word' id='word_1_112' title='bbox 368 1676 546 1747; x_wconf 85' lang='grc' dir='ltr'>ίχθύσι</span> <span class='ocrx_word' id='word_1_113' title='bbox 594 1686 1058 1758; x_wconf 76' lang='grc' dir='ltr'>παραχωροῦντες</span> <span class='ocrx_word' id='word_1_114' title='bbox 1100 1693 1254 1747; x_wconf 73' lang='grc' dir='ltr'>οὐδὲν</span> <span class='ocrx_word' id='word_1_115' title='bbox 1301 1696 1383 1759; x_wconf 84' lang='grc' dir='ltr'><strong>είς</strong></span> <span class='ocrx_word' id='word_1_116' title='bbox 1432 1676 1654 1764; x_wconf 77' lang='grc' dir='ltr'>δειλίαν,</span> <span class='ocrx_word' id='word_1_117' title='bbox 1696 1676 1961 1755; x_wconf 77' lang='grc' dir='ltr'>εὐάλωτοί</span> 
     </span>
    </p>
   </div>
   <div class='ocr_carea' id='block_1_19' title="bbox 360 1771 1953 1859">
    <p class='ocr_par' dir='ltr' id='par_1_19' title="bbox 360 1771 1953 1859">
     <span class='ocr_line' id='line_1_19' title="bbox 360 1771 1953 1859; baseline 0.018 -39"><span class='ocrx_word' id='word_1_118' title='bbox 360 1784 421 1821; x_wconf 87' lang='grc' dir='ltr'><strong>τε</strong></span> <span class='ocrx_word' id='word_1_119' title='bbox 474 1771 568 1825; x_wconf 76' lang='grc' dir='ltr'>καὶ</span> <span class='ocrx_word' id='word_1_120' title='bbox 613 1774 864 1847; x_wconf 81' lang='grc' dir='ltr'>ἄνανδροι</span> <span class='ocrx_word' id='word_1_121' title='bbox 896 1778 986 1835; x_wconf 80' lang='grc' dir='ltr'>διὰ</span> <span class='ocrx_word' id='word_1_122' title='bbox 1017 1783 1217 1855; x_wconf 86' lang='grc' dir='ltr'>πείρας</span> <span class='ocrx_word' id='word_1_123' title='bbox 1246 1787 1416 1859; x_wconf 83' lang='grc' dir='ltr'>αὑτῆς</span> <span class='ocrx_word' id='word_1_124' title='bbox 1464 1793 1749 1859; x_wconf 80' lang='grc' dir='ltr'>γεγονότες</span> <span class='ocrx_word' id='word_1_125' title='bbox 1810 1794 1953 1847; x_wconf 80' lang='grc' dir='ltr'>ἁλώ·</span> 
     </span>
    </p>
   </div>
   <div class='ocr_carea' id='block_1_20' title="bbox 2066 612 3650 690">
    <p class='ocr_par' dir='ltr' id='par_1_20' title="bbox 2066 612 3650 690">
     <span class='ocr_line' id='line_1_20' title="bbox 2066 612 3650 690; baseline 0.004 -23"><span class='ocrx_word' id='word_1_126' title='bbox 2066 612 2234 668; x_wconf 83' lang='lat' dir='ltr'><strong>OSeas</strong></span> <span class='ocrx_word' id='word_1_127' title='bbox 2257 614 2371 668; x_wconf 90' lang='lat' dir='ltr'><strong>ait:</strong></span> <span class='ocrx_word' id='word_1_128' title='bbox 2412 632 2430 665; x_wconf 78' lang='grc' dir='ltr'><strong>ι</strong></span> <span class='ocrx_word' id='word_1_129' title='bbox 2468 614 2537 669; x_wconf 91' lang='lat' dir='ltr'><strong>Ut</strong></span> <span class='ocrx_word' id='word_1_130' title='bbox 2561 615 2643 669; x_wconf 89' lang='lat' dir='ltr'><strong>leo</strong></span> <span class='ocrx_word' id='word_1_131' title='bbox 2665 615 2856 686; x_wconf 80' lang='lat' dir='ltr'><strong>rugiet.</strong></span> <span class='ocrx_word' id='word_1_132' title='bbox 2891 635 2909 668; x_wconf 72' lang='grc' dir='ltr'><strong>ι</strong></span> <span class='ocrx_word' id='word_1_133' title='bbox 2942 615 3072 683; x_wconf 83' lang='lat' dir='ltr'><strong>Quis</strong></span> <span class='ocrx_word' id='word_1_134' title='bbox 3095 617 3309 686; x_wconf 79' lang='lat' dir='ltr'><strong>rugiet?</strong></span> <span class='ocrx_word' id='word_1_135' title='bbox 3357 617 3532 690; x_wconf 87' lang='lat' dir='ltr'><strong>Cyrus</strong></span> <span class='ocrx_word' id='word_1_136' title='bbox 3562 620 3650 673; x_wconf 75' lang='lat' dir='ltr'><strong>vi-</strong></span> 
     </span>
    </p>
   </div>
   <div class='ocr_carea' id='block_1_21' title="bbox 2066 703 3647 765">
    <p class='ocr_par' dir='ltr' id='par_1_21' title="bbox 2066 703 3647 765">
     <span class='ocr_line' id='line_1_21' title="bbox 2066 703 3647 765; baseline 0.004 -7"><span class='ocrx_word' id='word_1_137' title='bbox 2066 704 2282 759; x_wconf 88' lang='lat' dir='ltr'><strong>delicet.</strong></span> <span class='ocrx_word' id='word_1_138' title='bbox 2309 703 2539 762; x_wconf 90' lang='lat' dir='ltr'><strong>Perinde</strong></span> <span class='ocrx_word' id='word_1_139' title='bbox 2570 706 2818 763; x_wconf 76' lang='lat' dir='ltr'><strong>fortassis</strong></span> <span class='ocrx_word' id='word_1_140' title='bbox 2845 723 2907 763; x_wconf 89' lang='lat' dir='ltr'><strong>ac</strong></span> <span class='ocrx_word' id='word_1_141' title='bbox 2936 710 2981 763; x_wconf 89' lang='lat' dir='ltr'><strong>si</strong></span> <span class='ocrx_word' id='word_1_142' title='bbox 3031 709 3193 763; x_wconf 87' lang='lat' dir='ltr'><strong>dicat:</strong></span> <span class='ocrx_word' id='word_1_143' title='bbox 3225 707 3561 765; x_wconf 82' lang='lat' dir='ltr'><strong>llorrendum</strong></span> <span class='ocrx_word' id='word_1_144' title='bbox 3583 726 3647 765; x_wconf 90' lang='lat' dir='ltr'><strong>ac</strong></span> 
     </span>
    </p>
   </div>
   <div class='ocr_carea' id='block_1_22' title="bbox 2065 794 3647 874">
    <p class='ocr_par' dir='ltr' id='par_1_22' title="bbox 2065 794 3647 874">
     <span class='ocr_line' id='line_1_22' title="bbox 2065 794 3647 874; baseline 0.005 -25"><span class='ocrx_word' id='word_1_145' title='bbox 2065 794 2240 850; x_wconf 89' lang='lat' dir='ltr'><strong>dirum</strong></span> <span class='ocrx_word' id='word_1_146' title='bbox 2267 805 2452 852; x_wconf 84' lang='lat' dir='ltr'><strong>contra</strong></span> <span class='ocrx_word' id='word_1_147' title='bbox 2484 796 2863 869; x_wconf 85' lang='lat' dir='ltr'><strong>Babylonicum</strong></span> <span class='ocrx_word' id='word_1_148' title='bbox 2899 799 3182 869; x_wconf 88' lang='lat' dir='ltr'><strong>imperium</strong></span> <span class='ocrx_word' id='word_1_149' title='bbox 3222 801 3419 856; x_wconf 90' lang='lat' dir='ltr'><strong>bellum</strong></span> <span class='ocrx_word' id='word_1_150' title='bbox 3457 819 3486 857; x_wconf 91' lang='lat' dir='ltr'><strong>a</strong></span> <span class='ocrx_word' id='word_1_151' title='bbox 3508 804 3647 874; x_wconf 78' lang='lat' dir='ltr'><strong>Cyro</strong></span> 
     </span>
    </p>
   </div>
   <div class='ocr_carea' id='block_1_23' title="bbox 2068 887 3644 961">
    <p class='ocr_par' dir='ltr' id='par_1_23' title="bbox 2068 887 3644 961">
     <span class='ocr_line' id='line_1_23' title="bbox 2068 887 3644 961; baseline 0.004 -21"><span class='ocrx_word' id='word_1_152' title='bbox 2068 896 2269 940; x_wconf 89' lang='lat' dir='ltr'><strong>motum</strong></span> <span class='ocrx_word' id='word_1_153' title='bbox 2310 887 2606 941; x_wconf 87' lang='lat' dir='ltr'><strong>insonabit.</strong></span> <span class='ocrx_word' id='word_1_154' title='bbox 2656 887 2922 958; x_wconf 77' lang='lat' dir='ltr'><strong>Rugiente</strong></span> <span class='ocrx_word' id='word_1_155' title='bbox 2973 899 3153 943; x_wconf 90' lang='lat' dir='ltr'><strong>autem</strong></span> <span class='ocrx_word' id='word_1_156' title='bbox 3197 891 3333 961; x_wconf 89' lang='lat' dir='ltr'><strong>ipso,</strong></span> <span class='ocrx_word' id='word_1_157' title='bbox 3382 901 3437 946; x_wconf 88' lang='lat' dir='ltr'><strong>et</strong></span> <span class='ocrx_word' id='word_1_158' title='bbox 3483 893 3644 947; x_wconf 90' lang='lat' dir='ltr'><strong>veluti</strong></span> 
     </span>
    </p>
   </div>
   <div class='ocr_carea' id='block_1_24' title="bbox 2069 976 3646 1050">
    <p class='ocr_par' dir='ltr' id='par_1_24' title="bbox 2069 976 3646 1050">
     <span class='ocr_line' id='line_1_24' title="bbox 2069 976 3646 1050; baseline 0.004 -21"><span class='ocrx_word' id='word_1_159' title='bbox 2069 976 2222 1030; x_wconf 87' lang='lat' dir='ltr'><strong>leone</strong></span> <span class='ocrx_word' id='word_1_160' title='bbox 2251 988 2436 1032; x_wconf 67' lang='lat' dir='ltr'><strong>contra</strong></span> <span class='ocrx_word' id='word_1_161' title='bbox 2473 977 2818 1033; x_wconf 75' lang='lat' dir='ltr'><strong>adversarios</strong></span> <span class='ocrx_word' id='word_1_162' title='bbox 2872 978 3161 1045; x_wconf 78' lang='lat' dir='ltr'><strong>clamante,</strong></span> <span class='ocrx_word' id='word_1_163' title='bbox 3200 999 3217 1031; x_wconf 81' lang='grc' dir='ltr'><strong>ι</strong></span> <span class='ocrx_word' id='word_1_164' title='bbox 3260 982 3646 1050; x_wconf 86' lang='lat' dir='ltr'><strong>obstupescent</strong></span> 
     </span>
    </p>
   </div>
   <div class='ocr_carea' id='block_1_25' title="bbox 2068 1069 3642 1141">
    <p class='ocr_par' dir='ltr' id='par_1_25' title="bbox 2068 1069 3642 1141">
     <span class='ocr_line' id='line_1_25' title="bbox 2068 1069 3642 1141; baseline 0.004 -20"><span class='ocrx_word' id='word_1_165' title='bbox 2068 1069 2158 1121; x_wconf 83' lang='lat' dir='ltr'><strong>lilii</strong></span> <span class='ocrx_word' id='word_1_166' title='bbox 2188 1085 2470 1138; x_wconf 85' lang='lat' dir='ltr'><strong>aquarum.</strong></span> <span class='ocrx_word' id='word_1_167' title='bbox 2519 1089 2537 1121; x_wconf 74' lang='grc' dir='ltr'><strong>ι</strong></span> <span class='ocrx_word' id='word_1_168' title='bbox 2572 1069 2987 1139; x_wconf 79' lang='lat' dir='ltr'><strong>Obstupescent,</strong></span> <span class='ocrx_word' id='word_1_169' title='bbox 3032 1071 3225 1139; x_wconf 87' lang='lat' dir='ltr'><strong>inquit,</strong></span> <span class='ocrx_word' id='word_1_170' title='bbox 3268 1088 3386 1141; x_wconf 85' lang='lat' dir='ltr'><strong>pro,</strong></span> <span class='ocrx_word' id='word_1_171' title='bbox 3434 1072 3642 1141; x_wconf 88' lang='lat' dir='ltr'><strong>percel—</strong></span> 
     </span>
    </p>
   </div>
   <div class='ocr_carea' id='block_1_26' title="bbox 2067 1161 3640 1233">
    <p class='ocr_par' dir='ltr' id='par_1_26' title="bbox 2067 1161 3640 1233">
     <span class='ocr_line' id='line_1_26' title="bbox 2067 1161 3640 1233; baseline 0.002 -17"><span class='ocrx_word' id='word_1_172' title='bbox 2067 1164 2266 1216; x_wconf 84' lang='lat' dir='ltr'><strong>lentur.</strong></span> <span class='ocrx_word' id='word_1_173' title='bbox 2301 1162 2466 1217; x_wconf 84' lang='lat' dir='ltr'><strong>Filios</strong></span> <span class='ocrx_word' id='word_1_174' title='bbox 2491 1172 2668 1217; x_wconf 82' lang='lat' dir='ltr'><strong>autem</strong></span> <span class='ocrx_word' id='word_1_175' title='bbox 2702 1179 2963 1231; x_wconf 83' lang='lat' dir='ltr'><strong>aquarum</strong></span> <span class='ocrx_word' id='word_1_176' title='bbox 3015 1161 3335 1233; x_wconf 77' lang='lat' dir='ltr'><strong>Babylonios</strong></span> <span class='ocrx_word' id='word_1_177' title='bbox 3376 1165 3640 1228; x_wconf 89' lang='lat' dir='ltr'><strong>nominat,</strong></span> 
     </span>
    </p>
   </div>
   <div class='ocr_carea' id='block_1_27' title="bbox 2064 1252 3644 1322">
    <p class='ocr_par' dir='ltr' id='par_1_27' title="bbox 2064 1252 3644 1322">
     <span class='ocr_line' id='line_1_27' title="bbox 2064 1252 3644 1322; baseline 0.004 -18"><span class='ocrx_word' id='word_1_178' title='bbox 2064 1255 2153 1322; x_wconf 87' lang='lat' dir='ltr'><strong>qui</strong></span> <span class='ocrx_word' id='word_1_179' title='bbox 2186 1252 2309 1307; x_wconf 80' lang='lat' dir='ltr'><strong>ﬁliis</strong></span> <span class='ocrx_word' id='word_1_180' title='bbox 2340 1269 2623 1321; x_wconf 86' lang='lat' dir='ltr'><strong>aquarum,</strong></span> <span class='ocrx_word' id='word_1_181' title='bbox 2653 1255 2753 1307; x_wconf 85' lang='lat' dir='ltr'><strong>hoc</strong></span> <span class='ocrx_word' id='word_1_182' title='bbox 2778 1263 2881 1319; x_wconf 88' lang='lat' dir='ltr'><strong>est,</strong></span> <span class='ocrx_word' id='word_1_183' title='bbox 2913 1255 2964 1306; x_wconf 90' lang='lat' dir='ltr'><strong>in</strong></span> <span class='ocrx_word' id='word_1_184' title='bbox 2994 1270 3130 1321; x_wconf 84' lang='lat' dir='ltr'><strong>aqua</strong></span> <span class='ocrx_word' id='word_1_185' title='bbox 3166 1254 3496 1321; x_wconf 87' lang='lat' dir='ltr'><strong>natantibus,</strong></span> <span class='ocrx_word' id='word_1_186' title='bbox 3531 1256 3644 1310; x_wconf 83' lang='lat' dir='ltr'><strong>sive</strong></span> 
     </span>
    </p>
   </div>
   <div class='ocr_carea' id='block_1_28' title="bbox 2065 1345 3649 1415">
    <p class='ocr_par' dir='ltr' id='par_1_28' title="bbox 2065 1345 3649 1415">
     <span class='ocr_line' id='line_1_28' title="bbox 2065 1345 3649 1415; baseline -0.001 -15"><span class='ocrx_word' id='word_1_187' title='bbox 2065 1346 2333 1414; x_wconf 84' lang='lat' dir='ltr'><strong>piscibus,</strong></span> <span class='ocrx_word' id='word_1_188' title='bbox 2362 1346 2655 1400; x_wconf 82' lang='lat' dir='ltr'><strong>timiditate</strong></span> <span class='ocrx_word' id='word_1_189' title='bbox 2688 1345 2821 1400; x_wconf 87' lang='lat' dir='ltr'><strong>nihil</strong></span> <span class='ocrx_word' id='word_1_190' title='bbox 2858 1348 3077 1410; x_wconf 74' lang='lat' dir='ltr'><strong>cedunt,</strong></span> <span class='ocrx_word' id='word_1_191' title='bbox 3112 1346 3335 1415; x_wconf 87' lang='lat' dir='ltr'><strong>ipsaque</strong></span> <span class='ocrx_word' id='word_1_192' title='bbox 3356 1348 3649 1415; x_wconf 36' lang='lat' dir='ltr'><strong>experiens</strong></span> 
     </span>
    </p>
   </div>
   <div class='ocr_carea' id='block_1_29' title="bbox 2065 1424 3651 1508">
    <p class='ocr_par' dir='ltr' id='par_1_29' title="bbox 2065 1424 3651 1508">
     <span class='ocr_line' id='line_1_29' title="bbox 2065 1424 3651 1508; baseline 0.001 -17"><span class='ocrx_word' id='word_1_193' title='bbox 2065 1438 2138 1491; x_wconf 87' lang='lat' dir='ltr'><strong>tia</strong></span> <span class='ocrx_word' id='word_1_194' title='bbox 2165 1446 2324 1505; x_wconf 88' lang='lat' dir='ltr'><strong>captu</strong></span> <span class='ocrx_word' id='word_1_195' title='bbox 2356 1436 2546 1491; x_wconf 86' lang='lat' dir='ltr'><strong>faciles</strong></span> <span class='ocrx_word' id='word_1_196' title='bbox 2576 1447 2630 1492; x_wconf 93' lang='lat' dir='ltr'><strong>et</strong></span> <span class='ocrx_word' id='word_1_197' title='bbox 2656 1436 2899 1492; x_wconf 87' lang='lat' dir='ltr'><strong>imbelles</strong></span> <span class='ocrx_word' id='word_1_198' title='bbox 2929 1436 3057 1492; x_wconf 88' lang='lat' dir='ltr'><strong>facti</strong></span> <span class='ocrx_word' id='word_1_199' title='bbox 3088 1440 3388 1508; x_wconf 88' lang='lat' dir='ltr'><strong>capientur.</strong></span> <span class='ocrx_word' id='word_1_200' title='bbox 3423 1440 3512 1493; x_wconf 66' lang='lat' dir='ltr'><strong>list</strong></span> <span class='ocrx_word' id='word_1_201' title='bbox 3548 1424 3651 1493; x_wconf 49' lang='lat' dir='ltr'><strong>an?</strong></span> 
     </span>
    </p>
   </div>
   <div class='ocr_carea' id='block_1_30' title="bbox 2067 1528 3642 1599">
    <p class='ocr_par' dir='ltr' id='par_1_30' title="bbox 2067 1528 3642 1599">
     <span class='ocr_line' id='line_1_30' title="bbox 2067 1528 3642 1599; baseline 0.002 -19"><span class='ocrx_word' id='word_1_202' title='bbox 2067 1537 2171 1582; x_wconf 87' lang='lat' dir='ltr'><strong>tem</strong></span> <span class='ocrx_word' id='word_1_203' title='bbox 2199 1542 2368 1598; x_wconf 83' lang='lat' dir='ltr'><strong>genus</strong></span> <span class='ocrx_word' id='word_1_204' title='bbox 2395 1528 2621 1597; x_wconf 87' lang='lat' dir='ltr'><strong>piscium</strong></span> <span class='ocrx_word' id='word_1_205' title='bbox 2657 1537 2847 1583; x_wconf 88' lang='lat' dir='ltr'><strong>natura</strong></span> <span class='ocrx_word' id='word_1_206' title='bbox 2891 1528 3315 1596; x_wconf 90' lang='lat' dir='ltr'><strong>timidissimum,</strong></span> <span class='ocrx_word' id='word_1_207' title='bbox 3361 1539 3416 1583; x_wconf 91' lang='lat' dir='ltr'><strong>et</strong></span> <span class='ocrx_word' id='word_1_208' title='bbox 3449 1532 3642 1599; x_wconf 82' lang='lat' dir='ltr'><strong>strepi-</strong></span> 
     </span>
    </p>
   </div>
   <div class='ocr_carea' id='block_1_31' title="bbox 2065 1619 3638 1689">
    <p class='ocr_par' dir='ltr' id='par_1_31' title="bbox 2065 1619 3638 1689">
     <span class='ocr_line' id='line_1_31' title="bbox 2065 1619 3638 1689; baseline 0.003 -17"><span class='ocrx_word' id='word_1_209' title='bbox 2065 1627 2151 1673; x_wconf 88' lang='lat' dir='ltr'><strong>tus</strong></span> <span class='ocrx_word' id='word_1_210' title='bbox 2195 1619 2351 1689; x_wconf 82' lang='lat' dir='ltr'><strong>fugit,</strong></span> <span class='ocrx_word' id='word_1_211' title='bbox 2387 1628 2441 1673; x_wconf 90' lang='lat' dir='ltr'><strong>et</strong></span> <span class='ocrx_word' id='word_1_212' title='bbox 2490 1620 2658 1673; x_wconf 81' lang='lat' dir='ltr'><strong>solam</strong></span> <span class='ocrx_word' id='word_1_213' title='bbox 2706 1622 2966 1689; x_wconf 80' lang='lat' dir='ltr'><strong>piscantis</strong></span> <span class='ocrx_word' id='word_1_214' title='bbox 3022 1622 3267 1675; x_wconf 89' lang='lat' dir='ltr'><strong>umbram</strong></span> <span class='ocrx_word' id='word_1_215' title='bbox 3333 1631 3638 1676; x_wconf 80' lang='lat' dir='ltr'><strong>aversatur.</strong></span> 
     </span>
    </p>
   </div>
   <div class='ocr_carea' id='block_1_32' title="bbox 2064 1709 3647 1793">
    <p class='ocr_par' dir='ltr' id='par_1_32' title="bbox 2064 1709 3647 1793">
     <span class='ocr_line' id='line_1_32' title="bbox 2064 1709 3647 1793; baseline 0.004 -31"><span class='ocrx_word' id='word_1_216' title='bbox 2064 1709 2291 1777; x_wconf 84' lang='lat' dir='ltr'><strong>Quando</strong></span> <span class='ocrx_word' id='word_1_217' title='bbox 2323 1711 2502 1779; x_wconf 80' lang='lat' dir='ltr'><strong>igitur,</strong></span> <span class='ocrx_word' id='word_1_218' title='bbox 2532 1711 2726 1781; x_wconf 84' lang='lat' dir='ltr'><strong>inquit,</strong></span> <span class='ocrx_word' id='word_1_219' title='bbox 2764 1712 3011 1781; x_wconf 77' lang='lat' dir='ltr'><strong>rugiente</strong></span> <span class='ocrx_word' id='word_1_220' title='bbox 3055 1712 3217 1782; x_wconf 81' lang='lat' dir='ltr'><strong>Cyro,</strong></span> <span class='ocrx_word' id='word_1_221' title='bbox 3266 1722 3323 1767; x_wconf 91' lang='lat' dir='ltr'><strong>et</strong></span> <span class='ocrx_word' id='word_1_222' title='bbox 3368 1713 3647 1793; x_wconf 67' lang='lat' dir='ltr'><strong>ingentem</strong></span> 
     </span>
    </p>
   </div>
   <div class='ocr_carea' id='block_1_33' title="bbox 2065 1801 3638 1876">
    <p class='ocr_par' dir='ltr' id='par_1_33' title="bbox 2065 1801 3638 1876">
     <span class='ocr_line' id='line_1_33' title="bbox 2065 1801 3638 1876; baseline 0.003 -22"><span class='ocrx_word' id='word_1_223' title='bbox 2065 1801 2351 1870; x_wconf 84' lang='lat' dir='ltr'><strong>quemdam</strong></span> <span class='ocrx_word' id='word_1_224' title='bbox 2370 1802 2792 1870; x_wconf 85' lang='lat' dir='ltr'><strong>horribilemque</strong></span> <span class='ocrx_word' id='word_1_225' title='bbox 2814 1804 3070 1858; x_wconf 88' lang='lat' dir='ltr'><strong>adversus</strong></span> <span class='ocrx_word' id='word_1_226' title='bbox 3088 1803 3391 1876; x_wconf 71' lang='lat' dir='ltr'><strong>Babylonia:</strong></span> <span class='ocrx_word' id='word_1_227' title='bbox 3413 1820 3638 1875; x_wconf 84' lang='lat' dir='ltr'><strong>regnum</strong></span> 
     </span>
    </p>
   </div>
   <div class='ocr_carea' id='block_1_34' title="bbox 363 1865 1949 1966">
    <p class='ocr_par' dir='ltr' id='par_1_34' title="bbox 363 1865 1949 1966">
     <span class='ocr_line' id='line_1_34' title="bbox 363 1865 1949 1966; baseline 0.017 -53"><span class='ocrx_word' id='word_1_228' title='bbox 363 1877 572 1966; x_wconf 74' lang='grc' dir='ltr'>σονται.</span> <span class='ocrx_word' id='word_1_229' title='bbox 615 1865 995 1940; x_wconf 83' lang='grc' dir='ltr'>Ἐτοιμότατον</span> <span class='ocrx_word' id='word_1_230' title='bbox 1021 1874 1078 1928; x_wconf 84' lang='grc' dir='ltr'>δὲ</span> <span class='ocrx_word' id='word_1_231' title='bbox 1112 1878 1251 1947; x_wconf 86' lang='grc' dir='ltr'>πρὸς</span> <span class='ocrx_word' id='word_1_232' title='bbox 1290 1879 1493 1935; x_wconf 77' lang='grc' dir='ltr'>δειλίαν</span> <span class='ocrx_word' id='word_1_233' title='bbox 1526 1883 1633 1938; x_wconf 80' lang='grc' dir='ltr'><strong>τῶν</strong></span> <span class='ocrx_word' id='word_1_234' title='bbox 1669 1885 1864 1955; x_wconf 74' lang='grc' dir='ltr'>ἰχθύων</span> <span class='ocrx_word' id='word_1_235' title='bbox 1899 1888 1949 1940; x_wconf 71' lang='grc' dir='ltr'>τὲ</span> 
     </span>
    </p>
   </div>
   <div class='ocr_carea' id='block_1_35' title="bbox 2053 1865 3638 1966">
    <p class='ocr_par' dir='ltr' id='par_1_35' title="bbox 2059 1893 3638 1966">
     <span class='ocr_line' id='line_1_35' title="bbox 2059 1893 3638 1966; baseline 0.004 -19"><span class='ocrx_word' id='word_1_236' title='bbox 2059 1894 2351 1947; x_wconf 88' lang='lat' dir='ltr'><strong>clamorem</strong></span> <span class='ocrx_word' id='word_1_237' title='bbox 2406 1893 2649 1958; x_wconf 90' lang='lat' dir='ltr'><strong>tollente,</strong></span> <span class='ocrx_word' id='word_1_238' title='bbox 2699 1896 2890 1949; x_wconf 89' lang='lat' dir='ltr'><strong>timore</strong></span> <span class='ocrx_word' id='word_1_239' title='bbox 2938 1909 3200 1964; x_wconf 88' lang='lat' dir='ltr'><strong>aquarum</strong></span> <span class='ocrx_word' id='word_1_240' title='bbox 3262 1896 3353 1950; x_wconf 82' lang='lat' dir='ltr'><strong>ﬁlii</strong></span> <span class='ocrx_word' id='word_1_241' title='bbox 3406 1898 3638 1966; x_wconf 88' lang='lat' dir='ltr'><strong>perculsi</strong></span> 
     </span>
    </p>
   </div>
   <div class='ocr_carea' id='block_1_36' title="bbox 358 1951 1956 2043">
    <p class='ocr_par' dir='ltr' id='par_1_36' title="bbox 358 1951 1956 2043">
     <span class='ocr_line' id='line_1_36' title="bbox 358 1951 1956 2043; baseline 0.017 -38"><span class='ocrx_word' id='word_1_242' title='bbox 358 1951 545 2021; x_wconf 86' lang='grc' dir='ltr'>γένος,</span> <span class='ocrx_word' id='word_1_243' title='bbox 582 1958 676 2011; x_wconf 71' lang='grc' dir='ltr'><strong>καὶ</strong></span> <span class='ocrx_word' id='word_1_244' title='bbox 712 1960 905 2031; x_wconf 80' lang='grc' dir='ltr'>φεύγει</span> <span class='ocrx_word' id='word_1_245' title='bbox 948 1965 1047 2034; x_wconf 85' lang='grc' dir='ltr'>μὲν</span> <span class='ocrx_word' id='word_1_246' title='bbox 1083 1967 1344 2033; x_wconf 78' lang='grc' dir='ltr'>κτύπους,</span> <span class='ocrx_word' id='word_1_247' title='bbox 1380 1951 1728 2043; x_wconf 77' lang='grc' dir='ltr'>παραιτεῖται</span> <span class='ocrx_word' id='word_1_248' title='bbox 1766 1976 1822 2030; x_wconf 83' lang='grc' dir='ltr'>δὲ</span> <span class='ocrx_word' id='word_1_249' title='bbox 1862 1981 1956 2032; x_wconf 77' lang='grc' dir='ltr'><strong>καὶ</strong></span> 
     </span>
    </p>
   </div>
   <div class='ocr_carea' id='block_1_37' title="bbox 362 2044 1952 2139">
    <p class='ocr_par' dir='ltr' id='par_1_37' title="bbox 362 2044 1952 2139">
     <span class='ocr_line' id='line_1_37' title="bbox 362 2044 1952 2139; baseline 0.016 -42"><span class='ocrx_word' id='word_1_250' title='bbox 362 2044 534 2139; x_wconf 75' lang='grc' dir='ltr'>μόνην</span> <span class='ocrx_word' id='word_1_251' title='bbox 563 2048 663 2121; x_wconf 81' lang='grc' dir='ltr'><strong>τὴν</strong></span> <span class='ocrx_word' id='word_1_252' title='bbox 691 2052 786 2106; x_wconf 83' lang='grc' dir='ltr'><strong>τοῦ</strong></span> <span class='ocrx_word' id='word_1_253' title='bbox 830 2053 1111 2127; x_wconf 85' lang='grc' dir='ltr'>θηρῶντος</span> <span class='ocrx_word' id='word_1_254' title='bbox 1154 2060 1335 2115; x_wconf 86' lang='grc' dir='ltr'>σκιάν.</span> <span class='ocrx_word' id='word_1_255' title='bbox 1363 2063 1535 2118; x_wconf 88' lang='grc' dir='ltr'>Ὅταν</span> <span class='ocrx_word' id='word_1_256' title='bbox 1565 2066 1747 2121; x_wconf 88' lang='grc' dir='ltr'>τοίνυν</span> <span class='ocrx_word' id='word_1_257' title='bbox 1794 2071 1952 2139; x_wconf 73' lang='grc' dir='ltr'>ὲρευο</span> 
     </span>
    </p>
   </div>
   <div class='ocr_carea' id='block_1_38' title="bbox 357 2136 1957 2231">
    <p class='ocr_par' dir='ltr' id='par_1_38' title="bbox 357 2136 1957 2231">
     <span class='ocr_line' id='line_1_38' title="bbox 357 2136 1957 2231; baseline 0.018 -45"><span class='ocrx_word' id='word_1_258' title='bbox 357 2136 591 2231; x_wconf 43' lang='grc' dir='ltr'>γ-ομένου</span> <span class='ocrx_word' id='word_1_259' title='bbox 635 2141 841 2214; x_wconf 83' lang='grc' dir='ltr'>Κύρου,</span> <span class='ocrx_word' id='word_1_260' title='bbox 874 2148 1037 2216; x_wconf 78' lang='grc' dir='ltr'>φησὶ,</span> <span class='ocrx_word' id='word_1_261' title='bbox 1076 2150 1170 2205; x_wconf 76' lang='grc' dir='ltr'><strong>καὶ</strong></span> <span class='ocrx_word' id='word_1_262' title='bbox 1216 2152 1390 2208; x_wconf 89' lang='grc' dir='ltr'>δεινόν</span> <span class='ocrx_word' id='word_1_263' title='bbox 1434 2172 1487 2209; x_wconf 85' lang='grc' dir='ltr'><strong>τι</strong></span> <span class='ocrx_word' id='word_1_264' title='bbox 1546 2159 1640 2211; x_wconf 76' lang='grc' dir='ltr'><strong>καὶ</strong></span> <span class='ocrx_word' id='word_1_265' title='bbox 1684 2136 1957 2231; x_wconf 69' lang='grc' dir='ltr'>φρικῶδες</span> 
     </span>
    </p>
   </div>
   <div class='ocr_carea' id='block_1_39' title="bbox 356 2226 1952 2326">
    <p class='ocr_par' dir='ltr' id='par_1_39' title="bbox 356 2226 1952 2326">
     <span class='ocr_line' id='line_1_39' title="bbox 356 2226 1952 2326; baseline 0.018 -47"><span class='ocrx_word' id='word_1_266' title='bbox 356 2226 457 2299; x_wconf 69' lang='grc' dir='ltr'>τῆς</span> <span class='ocrx_word' id='word_1_267' title='bbox 490 2229 847 2291; x_wconf 84' lang='grc' dir='ltr'>Βαϐυλωνίων</span> <span class='ocrx_word' id='word_1_268' title='bbox 897 2241 1367 2309; x_wconf 77' lang='grc' dir='ltr'>καταλαλάζοντος</span> <span class='ocrx_word' id='word_1_269' title='bbox 1388 2286 1403 2311; x_wconf 87' lang='grc'><strong>,</strong></span> <span class='ocrx_word' id='word_1_270' title='bbox 1438 2250 1817 2324; x_wconf 79' lang='grc' dir='ltr'>καταπλαγείη</span> <span class='ocrx_word' id='word_1_271' title='bbox 1873 2255 1952 2326; x_wconf 82' lang='grc' dir='ltr'>τῷ</span> 
     </span>
    </p>
   </div>
   <div class='ocr_carea' id='block_1_40' title="bbox 358 2319 1952 2405">
    <p class='ocr_par' dir='ltr' id='par_1_40' title="bbox 358 2319 1952 2405">
     <span class='ocr_line' id='line_1_40' title="bbox 358 2319 1952 2405; baseline 0.018 -34"><span class='ocrx_word' id='word_1_272' title='bbox 358 2319 508 2391; x_wconf 78' lang='grc' dir='ltr'>φόϐῳ</span> <span class='ocrx_word' id='word_1_273' title='bbox 535 2322 605 2376; x_wconf 82' lang='grc' dir='ltr'>τὰ</span> <span class='ocrx_word' id='word_1_274' title='bbox 626 2324 734 2379; x_wconf 84' lang='grc' dir='ltr'><strong>τῶν</strong></span> <span class='ocrx_word' id='word_1_275' title='bbox 766 2328 976 2385; x_wconf 82' lang='grc' dir='ltr'>ὑδάτων</span> <span class='ocrx_word' id='word_1_276' title='bbox 1002 2334 1187 2402; x_wconf 85' lang='grc' dir='ltr'>τέκνα,</span> <span class='ocrx_word' id='word_1_277' title='bbox 1221 2339 1518 2405; x_wconf 87' lang='grc' dir='ltr'>τουτέστιν,</span> <span class='ocrx_word' id='word_1_278' title='bbox 1546 2343 1593 2395; x_wconf 79' lang='grc' dir='ltr'>οἱ</span> <span class='ocrx_word' id='word_1_279' title='bbox 1622 2319 1952 2399; x_wconf 72' lang='grc' dir='ltr'>Βαϐυλωνιοι</span> 
     </span>
    </p>
   </div>
   <div class='ocr_carea' id='block_1_41' title="bbox 354 2412 1951 2502">
    <p class='ocr_par' dir='ltr' id='par_1_41' title="bbox 354 2412 1951 2502">
     <span class='ocr_line' id='line_1_41' title="bbox 354 2412 1951 2502; baseline 0.018 -40"><span class='ocrx_word' id='word_1_280' title='bbox 354 2412 472 2474; x_wconf 70' lang='grc' dir='ltr'>τοῖς</span> <span class='ocrx_word' id='word_1_281' title='bbox 507 2413 714 2483; x_wconf 86' lang='grc' dir='ltr'>ίχθύσιν</span> <span class='ocrx_word' id='word_1_282' title='bbox 757 2420 837 2483; x_wconf 83' lang='grc' dir='ltr'><strong>είς</strong></span> <span class='ocrx_word' id='word_1_283' title='bbox 872 2421 1071 2477; x_wconf 87' lang='grc' dir='ltr'>δειλίαν</span> <span class='ocrx_word' id='word_1_284' title='bbox 1108 2429 1566 2502; x_wconf 76' lang='grc' dir='ltr'>παραχωροῦντες</span> <span class='ocrx_word' id='word_1_285' title='bbox 1602 2434 1757 2487; x_wconf 79' lang='grc' dir='ltr'>οὐδέν</span> <span class='ocrx_word' id='word_1_286' title='bbox 1783 2452 1796 2466; x_wconf 80' lang='lat'>&#39;</span> <span class='ocrx_word' id='word_1_287' title='bbox 1827 2438 1951 2491; x_wconf 86' lang='grc' dir='ltr'>τότε</span> 
     </span>
    </p>
   </div>
   <div class='ocr_carea' id='block_1_42' title="bbox 355 2503 1953 2599">
    <p class='ocr_par' dir='ltr' id='par_1_42' title="bbox 355 2503 1953 2599">
     <span class='ocr_line' id='line_1_42' title="bbox 355 2503 1953 2599; baseline 0.019 -45"><span class='ocrx_word' id='word_1_288' title='bbox 355 2503 454 2599; x_wconf 76' lang='grc' dir='ltr'><strong>καὶ</strong></span> <span class='ocrx_word' id='word_1_289' title='bbox 478 2503 668 2599; x_wconf 72' lang='grc' dir='ltr'>όρνέου</span> <span class='ocrx_word' id='word_1_290' title='bbox 708 2510 867 2583; x_wconf 88' lang='grc' dir='ltr'>δίκην</span> <span class='ocrx_word' id='word_1_291' title='bbox 897 2514 992 2567; x_wconf 77' lang='grc' dir='ltr'>καὶ</span> <span class='ocrx_word' id='word_1_292' title='bbox 1022 2521 1355 2591; x_wconf 82' lang='grc' dir='ltr'>περιστερᾶς</span> <span class='ocrx_word' id='word_1_293' title='bbox 1400 2522 1810 2596; x_wconf 83' lang='grc' dir='ltr'>ἀποπτήσονται</span> <span class='ocrx_word' id='word_1_294' title='bbox 1851 2529 1953 2599; x_wconf 81' lang='grc' dir='ltr'>τῆς</span> 
     </span>
    </p>
   </div>
   <div class='ocr_carea' id='block_1_43' title="bbox 352 2594 1947 2693">
    <p class='ocr_par' dir='ltr' id='par_1_43' title="bbox 352 2594 1947 2693">
     <span class='ocr_line' id='line_1_43' title="bbox 352 2594 1947 2693; baseline 0.018 -47"><span class='ocrx_word' id='word_1_295' title='bbox 352 2594 632 2693; x_wconf 39' lang='grc' dir='ltr'>θίγύπτου</span> <span class='ocrx_word' id='word_1_296' title='bbox 698 2602 796 2656; x_wconf 77' lang='grc' dir='ltr'><strong>καὶ</strong></span> <span class='ocrx_word' id='word_1_297' title='bbox 841 2605 892 2657; x_wconf 74' lang='grc' dir='ltr'>οἱ</span> <span class='ocrx_word' id='word_1_298' title='bbox 954 2608 1124 2663; x_wconf 85' lang='grc' dir='ltr'>πάλαι</span> <span class='ocrx_word' id='word_1_299' title='bbox 1179 2594 1630 2685; x_wconf 80' lang='grc' dir='ltr'>συμπεφευγότες</span> <span class='ocrx_word' id='word_1_300' title='bbox 1680 2620 1737 2672; x_wconf 85' lang='grc' dir='ltr'>ὲν</span> <span class='ocrx_word' id='word_1_301' title='bbox 1788 2594 1947 2693; x_wconf 60' lang='grc' dir='ltr'>αὐτῇ.</span> 
     </span>
    </p>
   </div>
   <div class='ocr_carea' id='block_1_44' title="bbox 367 2688 1942 2783">
    <p class='ocr_par' dir='ltr' id='par_1_44' title="bbox 367 2688 1942 2783">
     <span class='ocr_line' id='line_1_44' title="bbox 367 2688 1942 2783; baseline -0.008 -17"><span class='ocrx_word' id='word_1_302' title='bbox 367 2688 833 2783; x_wconf 57' lang='grc' dir='ltr'><strong>ᾌποδραμοῧνται</strong></span> <span class='ocrx_word' id='word_1_303' title='bbox 862 2698 920 2751; x_wconf 83' lang='grc' dir='ltr'>δὲ</span> <span class='ocrx_word' id='word_1_304' title='bbox 951 2700 1052 2771; x_wconf 81' lang='grc' dir='ltr'>τῆς</span> <span class='ocrx_word' id='word_1_305' title='bbox 1088 2703 1369 2759; x_wconf 83' lang='grc' dir='ltr'>Χαλδαίων</span> <span class='ocrx_word' id='word_1_306' title='bbox 1398 2708 1494 2760; x_wconf 83' lang='grc' dir='ltr'><strong>καὶ</strong></span> <span class='ocrx_word' id='word_1_307' title='bbox 1530 2709 1582 2761; x_wconf 78' lang='lat' dir='ltr'><strong>oi</strong></span> <span class='ocrx_word' id='word_1_308' title='bbox 1613 2710 1716 2780; x_wconf 81' lang='grc' dir='ltr'>τῆς</span> <span class='ocrx_word' id='word_1_309' title='bbox 1775 2688 1942 2783; x_wconf 47' lang='lat' dir='ltr'><strong>at”;</strong></span> 
     </span>
    </p>
   </div>
   <div class='ocr_carea' id='block_1_45' title="bbox 352 2780 1950 2872">
    <p class='ocr_par' dir='ltr' id='par_1_45' title="bbox 352 2780 1950 2872">
     <span class='ocr_line' id='line_1_45' title="bbox 352 2780 1950 2872; baseline 0.016 -39"><span class='ocrx_word' id='word_1_310' title='bbox 352 2780 590 2872; x_wconf 85' lang='grc' dir='ltr'>αλωσίας</span> <span class='ocrx_word' id='word_1_311' title='bbox 627 2786 905 2855; x_wconf 79' lang='grc' dir='ltr'>ἐναλόντες</span> <span class='ocrx_word' id='word_1_312' title='bbox 931 2795 1045 2857; x_wconf 78' lang='grc' dir='ltr'>τοῖς</span> <span class='ocrx_word' id='word_1_313' title='bbox 1091 2794 1326 2867; x_wconf 82' lang='grc' dir='ltr'>βρόχοις.</span> <span class='ocrx_word' id='word_1_314' title='bbox 1345 2799 1701 2872; x_wconf 82' lang='grc' dir='ltr'>Ἐπανήξουσί</span> <span class='ocrx_word' id='word_1_315' title='bbox 1730 2820 1789 2856; x_wconf 90' lang='grc' dir='ltr'><strong>τε</strong></span> <span class='ocrx_word' id='word_1_316' title='bbox 1835 2780 1950 2857; x_wconf 78' lang='grc' dir='ltr'>λοι-</span> 
     </span>
    </p>
   </div>
   <div class='ocr_carea' id='block_1_46' title="bbox 351 2871 1949 2964">
    <p class='ocr_par' dir='ltr' id='par_1_46' title="bbox 351 2871 1949 2964">
     <span class='ocr_line' id='line_1_46' title="bbox 351 2871 1949 2964; baseline 0.016 -40"><span class='ocrx_word' id='word_1_317' title='bbox 351 2871 476 2934; x_wconf 84' lang='grc' dir='ltr'>πὸν,</span> <span class='ocrx_word' id='word_1_318' title='bbox 507 2876 604 2929; x_wconf 80' lang='grc' dir='ltr'>καὶ</span> <span class='ocrx_word' id='word_1_319' title='bbox 639 2880 923 2951; x_wconf 80' lang='grc' dir='ltr'>οἰκήσουσι</span> <span class='ocrx_word' id='word_1_320' title='bbox 959 2883 1059 2955; x_wconf 83' lang='grc' dir='ltr'>τὴν</span> <span class='ocrx_word' id='word_1_321' title='bbox 1097 2887 1326 2945; x_wconf 80' lang='grc' dir='ltr'>ἑαυτῶν.</span> <span class='ocrx_word' id='word_1_322' title='bbox 1369 2871 1651 2957; x_wconf 81' lang='grc' dir='ltr'>Ἐξὸνοῦν</span> <span class='ocrx_word' id='word_1_323' title='bbox 1690 2892 1832 2964; x_wconf 74' lang='grc' dir='ltr'>ἔχειν</span> <span class='ocrx_word' id='word_1_324' title='bbox 1880 2896 1949 2949; x_wconf 76' lang='grc' dir='ltr'>τὰ</span> 
     </span>
    </p>
   </div>
   <div class='ocr_carea' id='block_1_47' title="bbox 349 2962 1946 3056">
    <p class='ocr_par' dir='ltr' id='par_1_47' title="bbox 349 2962 1946 3056">
     <span class='ocr_line' id='line_1_47' title="bbox 349 2962 1946 3056; baseline 0.016 -41"><span class='ocrx_word' id='word_1_325' title='bbox 349 2962 554 3031; x_wconf 75' lang='grc' dir='ltr'>ἀγαθὰ,</span> <span class='ocrx_word' id='word_1_326' title='bbox 586 2967 706 3038; x_wconf 81' lang='grc' dir='ltr'>Θεῷ</span> <span class='ocrx_word' id='word_1_327' title='bbox 741 2971 845 3041; x_wconf 84' lang='grc' dir='ltr'>τῆς</span> <span class='ocrx_word' id='word_1_328' title='bbox 891 2973 1127 3040; x_wconf 84' lang='grc' dir='ltr'>διανοίας</span> <span class='ocrx_word' id='word_1_329' title='bbox 1164 2978 1537 3053; x_wconf 81' lang='grc' dir='ltr'>ὑποφέροντας</span> <span class='ocrx_word' id='word_1_330' title='bbox 1579 2983 1671 3038; x_wconf 82' lang='grc' dir='ltr'><strong>τὸν</strong></span> <span class='ocrx_word' id='word_1_331' title='bbox 1713 2962 1946 3056; x_wconf 79' lang='grc' dir='ltr'>αὐχένα,</span> 
     </span>
    </p>
   </div>
   <div class='ocr_carea' id='block_1_48' title="bbox 351 3056 1950 3149">
    <p class='ocr_par' dir='ltr' id='par_1_48' title="bbox 351 3056 1950 3149">
     <span class='ocr_line' id='line_1_48' title="bbox 351 3056 1950 3149; baseline 0.016 -42"><span class='ocrx_word' id='word_1_332' title='bbox 351 3056 447 3149; x_wconf 77' lang='grc' dir='ltr'><strong>καὶ</strong></span> <span class='ocrx_word' id='word_1_333' title='bbox 491 3058 584 3111; x_wconf 89' lang='grc' dir='ltr'>ὑπ’</span> <span class='ocrx_word' id='word_1_334' title='bbox 608 3062 759 3133; x_wconf 86' lang='grc' dir='ltr'>αὑτῷ</span> <span class='ocrx_word' id='word_1_335' title='bbox 788 3066 1129 3135; x_wconf 84' lang='grc' dir='ltr'>πράττοντας</span> <span class='ocrx_word' id='word_1_336' title='bbox 1160 3072 1326 3143; x_wconf 79' lang='grc' dir='ltr'>μόνῳ,</span> <span class='ocrx_word' id='word_1_337' title='bbox 1363 3075 1436 3147; x_wconf 81' lang='grc' dir='ltr'>μὴ</span> <span class='ocrx_word' id='word_1_338' title='bbox 1482 3074 1758 3131; x_wconf 76' lang='grc' dir='ltr'>ἐθελονταὶ</span> <span class='ocrx_word' id='word_1_339' title='bbox 1802 3077 1950 3149; x_wconf 82' lang='grc' dir='ltr'>βαδί-</span> 
     </span>
    </p>
   </div>
   <div class='ocr_carea' id='block_1_49' title="bbox 2059 1984 3637 2057">
    <p class='ocr_par' dir='ltr' id='par_1_49' title="bbox 2059 1984 3637 2057">
     <span class='ocr_line' id='line_1_49' title="bbox 2059 1984 3637 2057; baseline 0.003 -18"><span class='ocrx_word' id='word_1_340' title='bbox 2059 1984 2256 2040; x_wconf 90' lang='lat' dir='ltr'><strong>fuerint</strong></span> <span class='ocrx_word' id='word_1_341' title='bbox 2289 1984 2450 2056; x_wconf 79' lang='lat'><strong>166</strong></span> <span class='ocrx_word' id='word_1_342' title='bbox 2483 1985 2697 2055; x_wconf 88' lang='lat' dir='ltr'><strong>(nempe</strong></span> <span class='ocrx_word' id='word_1_343' title='bbox 2726 1985 3024 2056; x_wconf 85' lang='lat' dir='ltr'><strong>Babylonii,</strong></span> <span class='ocrx_word' id='word_1_344' title='bbox 3054 1987 3294 2057; x_wconf 83' lang='lat' dir='ltr'><strong>piscibus</strong></span> <span class='ocrx_word' id='word_1_345' title='bbox 3344 1989 3637 2047; x_wconf 66' lang='lat' dir='ltr'><strong>timiditate</strong></span> 
     </span>
    </p>
   </div>
   <div class='ocr_carea' id='block_1_50' title="bbox 2058 2073 3649 2145">
    <p class='ocr_par' dir='ltr' id='par_1_50' title="bbox 2058 2073 3649 2145">
     <span class='ocr_line' id='line_1_50' title="bbox 2058 2073 3649 2145; baseline 0.003 -15"><span class='ocrx_word' id='word_1_346' title='bbox 2058 2076 2199 2131; x_wconf 88' lang='lat' dir='ltr'><strong>haud</strong></span> <span class='ocrx_word' id='word_1_347' title='bbox 2234 2073 2553 2145; x_wconf 86' lang='lat' dir='ltr'><strong>absimiles),</strong></span> <span class='ocrx_word' id='word_1_348' title='bbox 2606 2085 2734 2131; x_wconf 88' lang='lat' dir='ltr'><strong>tunc</strong></span> <span class='ocrx_word' id='word_1_349' title='bbox 2775 2085 2830 2130; x_wconf 93' lang='lat' dir='ltr'><strong>et</strong></span> <span class='ocrx_word' id='word_1_350' title='bbox 2867 2078 2984 2132; x_wconf 88' lang='lat' dir='ltr'><strong>avis</strong></span> <span class='ocrx_word' id='word_1_351' title='bbox 3035 2078 3206 2131; x_wconf 86' lang='lat' dir='ltr'><strong>instar</strong></span> <span class='ocrx_word' id='word_1_352' title='bbox 3265 2087 3320 2133; x_wconf 89' lang='lat' dir='ltr'><strong>et</strong></span> <span class='ocrx_word' id='word_1_353' title='bbox 3375 2079 3649 2135; x_wconf 60' lang='lat' dir='ltr'><strong>columba:</strong></span> 
     </span>
    </p>
   </div>
   <div class='ocr_carea' id='block_1_51' title="bbox 2058 2166 3661 2242">
    <p class='ocr_par' dir='ltr' id='par_1_51' title="bbox 2058 2166 3661 2242">
     <span class='ocr_line' id='line_1_51' title="bbox 2058 2166 3661 2242; baseline 0.004 -22"><span class='ocrx_word' id='word_1_354' title='bbox 2058 2167 2350 2223; x_wconf 82' lang='lat' dir='ltr'><strong>avolabunt</strong></span> <span class='ocrx_word' id='word_1_355' title='bbox 2378 2182 2443 2221; x_wconf 77' lang='lat' dir='ltr'><strong>ex</strong></span> <span class='ocrx_word' id='word_1_356' title='bbox 2479 2166 2737 2239; x_wconf 61' lang='lat' dir='ltr'><strong>Egypto,</strong></span> <span class='ocrx_word' id='word_1_357' title='bbox 2763 2169 2853 2238; x_wconf 88' lang='lat' dir='ltr'><strong>qui</strong></span> <span class='ocrx_word' id='word_1_358' title='bbox 2890 2168 3092 2238; x_wconf 87' lang='lat' dir='ltr'><strong>pridem</strong></span> <span class='ocrx_word' id='word_1_359' title='bbox 3123 2169 3176 2224; x_wconf 91' lang='lat' dir='ltr'><strong>in</strong></span> <span class='ocrx_word' id='word_1_360' title='bbox 3218 2184 3337 2224; x_wconf 85' lang='lat' dir='ltr'><strong>eam</strong></span> <span class='ocrx_word' id='word_1_361' title='bbox 3381 2171 3661 2242; x_wconf 46' lang='lat' dir='ltr'><strong>coniugem</strong></span> 
     </span>
    </p>
   </div>
   <div class='ocr_carea' id='block_1_52' title="bbox 2056 2258 3636 2332">
    <p class='ocr_par' dir='ltr' id='par_1_52' title="bbox 2056 2258 3636 2332">
     <span class='ocr_line' id='line_1_52' title="bbox 2056 2258 3636 2332; baseline 0.004 -20"><span class='ocrx_word' id='word_1_362' title='bbox 2056 2268 2212 2319; x_wconf 87' lang='lat' dir='ltr'><strong>rant;</strong></span> <span class='ocrx_word' id='word_1_363' title='bbox 2244 2268 2298 2312; x_wconf 93' lang='lat' dir='ltr'><strong>et</strong></span> <span class='ocrx_word' id='word_1_364' title='bbox 2327 2258 2603 2327; x_wconf 79' lang='lat' dir='ltr'><strong>aufugient</strong></span> <span class='ocrx_word' id='word_1_365' title='bbox 2631 2261 2696 2313; x_wconf 90' lang='lat' dir='ltr'><strong>de</strong></span> <span class='ocrx_word' id='word_1_366' title='bbox 2724 2271 2865 2314; x_wconf 91' lang='lat' dir='ltr'><strong>terra</strong></span> <span class='ocrx_word' id='word_1_367' title='bbox 2914 2259 3313 2324; x_wconf 65' lang='lat' dir='ltr'><strong>Chaldaeorum,</strong></span> <span class='ocrx_word' id='word_1_368' title='bbox 3339 2263 3428 2330; x_wconf 93' lang='lat' dir='ltr'><strong>qui</strong></span> <span class='ocrx_word' id='word_1_369' title='bbox 3459 2263 3636 2332; x_wconf 85' lang='lat' dir='ltr'><strong>capti-</strong></span> 
     </span>
    </p>
   </div>
   <div class='ocr_carea' id='block_1_53' title="bbox 2057 2350 3638 2421">
    <p class='ocr_par' dir='ltr' id='par_1_53' title="bbox 2057 2350 3638 2421">
     <span class='ocr_line' id='line_1_53' title="bbox 2057 2350 3638 2421; baseline 0.004 -19"><span class='ocrx_word' id='word_1_370' title='bbox 2057 2350 2244 2405; x_wconf 79' lang='lat' dir='ltr'><strong>vitatis</strong></span> <span class='ocrx_word' id='word_1_371' title='bbox 2294 2350 2506 2419; x_wconf 88' lang='lat' dir='ltr'><strong>laqueis</strong></span> <span class='ocrx_word' id='word_1_372' title='bbox 2559 2350 2820 2421; x_wconf 88' lang='lat' dir='ltr'><strong>implicati</strong></span> <span class='ocrx_word' id='word_1_373' title='bbox 2880 2352 3219 2407; x_wconf 85' lang='lat' dir='ltr'><strong>tenebantur.</strong></span> <span class='ocrx_word' id='word_1_374' title='bbox 3276 2352 3638 2410; x_wconf 82' lang='lat' dir='ltr'><strong>Revertentur</strong></span> 
     </span>
    </p>
   </div>
   <div class='ocr_carea' id='block_1_54' title="bbox 2059 2443 3637 2515">
    <p class='ocr_par' dir='ltr' id='par_1_54' title="bbox 2059 2443 3637 2515">
     <span class='ocr_line' id='line_1_54' title="bbox 2059 2443 3637 2515; baseline 0.001 -18"><span class='ocrx_word' id='word_1_375' title='bbox 2059 2451 2196 2507; x_wconf 88' lang='lat' dir='ltr'><strong>tum,</strong></span> <span class='ocrx_word' id='word_1_376' title='bbox 2232 2451 2285 2497; x_wconf 90' lang='lat' dir='ltr'><strong>et</strong></span> <span class='ocrx_word' id='word_1_377' title='bbox 2308 2443 2583 2514; x_wconf 82' lang='lat' dir='ltr'><strong>regionem</strong></span> <span class='ocrx_word' id='word_1_378' title='bbox 2620 2457 2774 2497; x_wconf 91' lang='lat' dir='ltr'><strong>suam</strong></span> <span class='ocrx_word' id='word_1_379' title='bbox 2814 2443 3070 2499; x_wconf 90' lang='lat' dir='ltr'><strong>incolent.</strong></span> <span class='ocrx_word' id='word_1_380' title='bbox 3114 2444 3247 2500; x_wconf 87' lang='lat' dir='ltr'><strong>Cum</strong></span> <span class='ocrx_word' id='word_1_381' title='bbox 3278 2443 3441 2499; x_wconf 87' lang='lat' dir='ltr'><strong>liceat</strong></span> <span class='ocrx_word' id='word_1_382' title='bbox 3473 2444 3637 2515; x_wconf 85' lang='lat' dir='ltr'><strong>igitur</strong></span> 
     </span>
    </p>
   </div>
   <div class='ocr_carea' id='block_1_55' title="bbox 2058 2532 3636 2603">
    <p class='ocr_par' dir='ltr' id='par_1_55' title="bbox 2058 2532 3636 2603">
     <span class='ocr_line' id='line_1_55' title="bbox 2058 2532 3636 2603; baseline 0.002 -17"><span class='ocrx_word' id='word_1_383' title='bbox 2058 2533 2260 2587; x_wconf 81' lang='lat' dir='ltr'><strong>habere</strong></span> <span class='ocrx_word' id='word_1_384' title='bbox 2294 2533 2433 2587; x_wconf 87' lang='lat' dir='ltr'><strong>bona</strong></span> <span class='ocrx_word' id='word_1_385' title='bbox 2477 2532 2587 2586; x_wconf 90' lang='lat' dir='ltr'><strong>Deo</strong></span> <span class='ocrx_word' id='word_1_386' title='bbox 2618 2534 2885 2588; x_wconf 86' lang='lat' dir='ltr'><strong>cervicem</strong></span> <span class='ocrx_word' id='word_1_387' title='bbox 2934 2534 3098 2588; x_wconf 89' lang='lat' dir='ltr'><strong>animi</strong></span> <span class='ocrx_word' id='word_1_388' title='bbox 3154 2534 3522 2603; x_wconf 89' lang='lat' dir='ltr'><strong>subjicientes,</strong></span> <span class='ocrx_word' id='word_1_389' title='bbox 3582 2544 3636 2589; x_wconf 85' lang='lat' dir='ltr'><strong>et</strong></span> 
     </span>
    </p>
   </div>
   <div class='ocr_carea' id='block_1_56' title="bbox 2055 2624 3641 2697">
    <p class='ocr_par' dir='ltr' id='par_1_56' title="bbox 2055 2624 3641 2697">
     <span class='ocr_line' id='line_1_56' title="bbox 2055 2624 3641 2697; baseline 0 -18"><span class='ocrx_word' id='word_1_390' title='bbox 2055 2624 2156 2679; x_wconf 90' lang='lat' dir='ltr'><strong>sub</strong></span> <span class='ocrx_word' id='word_1_391' title='bbox 2178 2624 2295 2693; x_wconf 88' lang='lat' dir='ltr'><strong>ipso</strong></span> <span class='ocrx_word' id='word_1_392' title='bbox 2328 2625 2442 2679; x_wconf 88' lang='lat' dir='ltr'><strong>solo</strong></span> <span class='ocrx_word' id='word_1_393' title='bbox 2462 2627 2743 2695; x_wconf 75' lang='lat' dir='ltr'><strong>degentes,</strong></span> <span class='ocrx_word' id='word_1_394' title='bbox 2780 2641 2847 2679; x_wconf 90' lang='lat' dir='ltr'><strong>ne</strong></span> <span class='ocrx_word' id='word_1_395' title='bbox 2878 2637 3067 2697; x_wconf 85' lang='lat' dir='ltr'><strong>sponte</strong></span> <span class='ocrx_word' id='word_1_396' title='bbox 3092 2642 3215 2681; x_wconf 90' lang='lat' dir='ltr'><strong>eum</strong></span> <span class='ocrx_word' id='word_1_397' title='bbox 3253 2625 3517 2682; x_wconf 71' lang='lat' dir='ltr'><strong>olfensum</strong></span> <span class='ocrx_word' id='word_1_398' title='bbox 3543 2642 3641 2683; x_wconf 17' lang='lat' dir='ltr'><strong>ea-r</strong></span> 
     </span>
    </p>
   </div>
   <div class='ocr_carea' id='block_1_57' title="bbox 2055 2704 3647 2788">
    <p class='ocr_par' dir='ltr' id='par_1_57' title="bbox 2055 2704 3647 2788">
     <span class='ocr_line' id='line_1_57' title="bbox 2055 2704 3647 2788; baseline 0.004 -21"><span class='ocrx_word' id='word_1_399' title='bbox 2055 2728 2199 2780; x_wconf 91' lang='lat' dir='ltr'><strong>mus,</strong></span> <span class='ocrx_word' id='word_1_400' title='bbox 2228 2714 2531 2770; x_wconf 90' lang='lat' dir='ltr'><strong>ultroneam</strong></span> <span class='ocrx_word' id='word_1_401' title='bbox 2584 2717 2637 2770; x_wconf 90' lang='lat' dir='ltr'><strong>in</strong></span> <span class='ocrx_word' id='word_1_402' title='bbox 2693 2731 2793 2772; x_wconf 91' lang='lat' dir='ltr'><strong>nos</strong></span> <span class='ocrx_word' id='word_1_403' title='bbox 2832 2716 2969 2771; x_wconf 90' lang='lat' dir='ltr'><strong>iram</strong></span> <span class='ocrx_word' id='word_1_404' title='bbox 3019 2718 3189 2787; x_wconf 86' lang='lat' dir='ltr'><strong>ipsius</strong></span> <span class='ocrx_word' id='word_1_405' title='bbox 3250 2704 3647 2788; x_wconf 34' lang='lat' dir='ltr'><strong>provocantes;</strong></span> 
     </span>
    </p>
   </div>
   <div class='ocr_carea' id='block_1_58' title="bbox 2054 2804 3633 2878">
    <p class='ocr_par' dir='ltr' id='par_1_58' title="bbox 2054 2804 3633 2878">
     <span class='ocr_line' id='line_1_58' title="bbox 2054 2804 3633 2878; baseline 0.004 -21"><span class='ocrx_word' id='word_1_406' title='bbox 2054 2818 2177 2858; x_wconf 89' lang='lat' dir='ltr'><strong>cum</strong></span> <span class='ocrx_word' id='word_1_407' title='bbox 2210 2804 2293 2858; x_wconf 88' lang='lat' dir='ltr'><strong>fas</strong></span> <span class='ocrx_word' id='word_1_408' title='bbox 2324 2806 2427 2869; x_wconf 89' lang='lat' dir='ltr'><strong>sit,</strong></span> <span class='ocrx_word' id='word_1_409' title='bbox 2454 2814 2513 2860; x_wconf 88' lang='lat' dir='ltr'><strong>ut</strong></span> <span class='ocrx_word' id='word_1_410' title='bbox 2542 2804 2689 2869; x_wconf 85' lang='lat' dir='ltr'><strong>dixi,</strong></span> <span class='ocrx_word' id='word_1_411' title='bbox 2732 2806 2783 2858; x_wconf 90' lang='lat' dir='ltr'><strong>in</strong></span> <span class='ocrx_word' id='word_1_412' title='bbox 2844 2806 3013 2860; x_wconf 84' lang='lat' dir='ltr'><strong>multa</strong></span> <span class='ocrx_word' id='word_1_413' title='bbox 3066 2808 3425 2877; x_wconf 87' lang='lat' dir='ltr'><strong>prosperitate</strong></span> <span class='ocrx_word' id='word_1_414' title='bbox 3477 2808 3633 2878; x_wconf 84' lang='lat' dir='ltr'><strong>quie-</strong></span> 
     </span>
    </p>
   </div>
   <div class='ocr_carea' id='block_1_59' title="bbox 2053 2897 3631 2968">
    <p class='ocr_par' dir='ltr' id='par_1_59' title="bbox 2053 2897 3631 2968">
     <span class='ocr_line' id='line_1_59' title="bbox 2053 2897 3631 2968; baseline 0.002 -17"><span class='ocrx_word' id='word_1_415' title='bbox 2053 2910 2229 2962; x_wconf 82' lang='lat' dir='ltr'><strong>scere,</strong></span> <span class='ocrx_word' id='word_1_416' title='bbox 2258 2897 2542 2951; x_wconf 88' lang='lat' dir='ltr'><strong>Dominum</strong></span> <span class='ocrx_word' id='word_1_417' title='bbox 2589 2912 2684 2966; x_wconf 91' lang='lat' dir='ltr'><strong>per</strong></span> <span class='ocrx_word' id='word_1_418' title='bbox 2713 2900 3207 2968; x_wconf 80' lang='lat' dir='ltr'><strong>conversationem,</strong></span> <span class='ocrx_word' id='word_1_419' title='bbox 3232 2910 3288 2955; x_wconf 92' lang='lat' dir='ltr'><strong>et</strong></span> <span class='ocrx_word' id='word_1_420' title='bbox 3336 2901 3501 2954; x_wconf 82' lang='lat' dir='ltr'><strong>vitam</strong></span> <span class='ocrx_word' id='word_1_421' title='bbox 3561 2899 3631 2954; x_wconf 91' lang='lat' dir='ltr'><strong>ad</strong></span> 
     </span>
    </p>
   </div>
   <div class='ocr_carea' id='block_1_60' title="bbox 2054 2987 3631 3064">
    <p class='ocr_par' dir='ltr' id='par_1_60' title="bbox 2054 2987 3631 3064">
     <span class='ocr_line' id='line_1_60' title="bbox 2054 2987 3631 3064; baseline 0.003 -21"><span class='ocrx_word' id='word_1_422' title='bbox 2054 2987 2203 3058; x_wconf 74' lang='lat' dir='ltr'><strong>leges</strong></span> <span class='ocrx_word' id='word_1_423' title='bbox 2235 2989 2652 3058; x_wconf 87' lang='lat' dir='ltr'><strong>conformatam,</strong></span> <span class='ocrx_word' id='word_1_424' title='bbox 2681 3000 2738 3047; x_wconf 87' lang='lat' dir='ltr'><strong>et</strong></span> <span class='ocrx_word' id='word_1_425' title='bbox 2769 2991 3135 3048; x_wconf 84' lang='lat' dir='ltr'><strong>sinceritatem</strong></span> <span class='ocrx_word' id='word_1_426' title='bbox 3172 3006 3301 3064; x_wconf 78' lang='lat' dir='ltr'><strong>erga</strong></span> <span class='ocrx_word' id='word_1_427' title='bbox 3331 2992 3505 3063; x_wconf 89' lang='lat' dir='ltr'><strong>ipsum</strong></span> <span class='ocrx_word' id='word_1_428' title='bbox 3534 2992 3631 3048; x_wconf 83' lang='lat' dir='ltr'><strong>lae-</strong></span> 
     </span>
    </p>
   </div>
   <div class='ocr_carea' id='block_1_61' title="bbox 2057 3080 2348 3137">
    <p class='ocr_par' dir='ltr' id='par_1_61' title="bbox 2057 3080 2348 3137">
     <span class='ocr_line' id='line_1_61' title="bbox 2057 3080 2348 3137; baseline 0.01 -3"><span class='ocrx_word' id='word_1_429' title='bbox 2057 3080 2348 3137; x_wconf 85' lang='lat' dir='ltr'><strong>tilicantes.</strong></span> 
     </span>
    </p>
   </div>
   <div class='ocr_carea' id='block_1_62' title="bbox 352 3146 3630 3250">
    <p class='ocr_par' dir='ltr' id='par_1_62' title="bbox 352 3146 3630 3250">
     <span class='ocr_line' id='line_1_62' title="bbox 352 3146 3630 3250; baseline 0.009 -49"><span class='ocrx_word' id='word_1_430' title='bbox 352 3146 537 3250; x_wconf 64' lang='grc' dir='ltr'>ςωμεν</span> <span class='ocrx_word' id='word_1_431' title='bbox 565 3153 658 3206; x_wconf 77' lang='grc' dir='ltr'><strong>ἐπὶ</strong></span> <span class='ocrx_word' id='word_1_432' title='bbox 684 3154 747 3207; x_wconf 78' lang='grc' dir='ltr'><strong>τὸ</strong></span> <span class='ocrx_word' id='word_1_433' title='bbox 776 3155 1000 3224; x_wconf 82' lang='grc' dir='ltr'>λυποῦν,</span> <span class='ocrx_word' id='word_1_434' title='bbox 1027 3160 1358 3233; x_wconf 84' lang='grc' dir='ltr'>αὐτόκλητον</span> <span class='ocrx_word' id='word_1_435' title='bbox 1383 3146 1574 3239; x_wconf 82' lang='grc' dir='ltr'>ὥσπερ</span> <span class='ocrx_word' id='word_1_436' title='bbox 1605 3168 1692 3239; x_wconf 81' lang='grc' dir='ltr'><strong>ἐφ’</strong></span> <span class='ocrx_word' id='word_1_437' title='bbox 1757 3146 1971 3235; x_wconf 79' lang='grc' dir='ltr'>ἑαυτοῖς</span> <span class='ocrx_word' id='word_1_438' title='bbox 2006 3172 2409 3245; x_wconf 85' lang='grc' dir='ltr'>κατασύροντες</span> <span class='ocrx_word' id='word_1_439' title='bbox 2469 3174 2686 3247; x_wconf 88' lang='grc' dir='ltr'>κίνησιν</span> <span class='ocrx_word' id='word_1_440' title='bbox 2709 3193 2726 3207; x_wconf 77' lang='grc' dir='ltr'><strong>ο</strong></span> <span class='ocrx_word' id='word_1_441' title='bbox 2766 3176 2945 3230; x_wconf 78' lang='grc' dir='ltr'>καίτοι</span> <span class='ocrx_word' id='word_1_442' title='bbox 3021 3178 3202 3248; x_wconf 82' lang='grc' dir='ltr'>μετὸν,</span> <span class='ocrx_word' id='word_1_443' title='bbox 3252 3178 3328 3243; x_wconf 81' lang='grc' dir='ltr'><strong>ὡς</strong></span> <span class='ocrx_word' id='word_1_444' title='bbox 3370 3178 3526 3250; x_wconf 72' lang='grc' dir='ltr'>ἔφην,</span> <span class='ocrx_word' id='word_1_445' title='bbox 3570 3181 3630 3233; x_wconf 85' lang='grc' dir='ltr'>ὲν</span> 
     </span>
    </p>
   </div>
   <div class='ocr_carea' id='block_1_63' title="bbox 352 3242 3639 3353">
    <p class='ocr_par' dir='ltr' id='par_1_63' title="bbox 352 3242 3639 3353">
     <span class='ocr_line' id='line_1_63' title="bbox 352 3242 3639 3353; baseline 0.008 -47"><span class='ocrx_word' id='word_1_446' title='bbox 352 3242 593 3353; x_wconf 53' lang='grc' dir='ltr'>βςθείξκις</span> <span class='ocrx_word' id='word_1_447' title='bbox 619 3250 831 3353; x_wconf 35' lang='lat' dir='ltr'><strong>{cei-60m</strong></span> <span class='ocrx_word' id='word_1_448' title='bbox 854 3253 954 3324; x_wconf 81' lang='grc' dir='ltr'>τῆς</span> <span class='ocrx_word' id='word_1_449' title='bbox 978 3256 1302 3329; x_wconf 77' lang='grc' dir='ltr'>εὐημερίας,</span> <span class='ocrx_word' id='word_1_450' title='bbox 1328 3265 1828 3335; x_wconf 83' lang='grc' dir='ltr'>κατευφραίνοντας</span> <span class='ocrx_word' id='word_1_451' title='bbox 1880 3269 1972 3323; x_wconf 82' lang='grc' dir='ltr'><strong>τὸν</strong></span> <span class='ocrx_word' id='word_1_452' title='bbox 2007 3242 2288 3343; x_wconf 80' lang='grc' dir='ltr'>Δεσπότην</span> <span class='ocrx_word' id='word_1_453' title='bbox 2330 3271 2417 3325; x_wconf 83' lang='grc' dir='ltr'>διὰ</span> <span class='ocrx_word' id='word_1_454' title='bbox 2446 3271 2547 3343; x_wconf 87' lang='grc' dir='ltr'>τῆς</span> <span class='ocrx_word' id='word_1_455' title='bbox 2582 3242 2815 3345; x_wconf 36' lang='grc' dir='ltr'>’ἐννόμου</span> <span class='ocrx_word' id='word_1_456' title='bbox 2878 3242 3153 3338; x_wconf 76' lang='grc' dir='ltr'>πολιτείας</span> <span class='ocrx_word' id='word_1_457' title='bbox 3191 3242 3288 3329; x_wconf 67' lang='grc' dir='ltr'>καὶ</span> <span class='ocrx_word' id='word_1_458' title='bbox 3335 3242 3633 3353; x_wconf 21' lang='grc' dir='ltr'>ζωῆς,γκαλ</span> 
     </span>
    </p>
   </div>
   <div class='ocr_carea' id='block_1_64' title="bbox 348 3337 1154 3421">
    <p class='ocr_par' dir='ltr' id='par_1_64' title="bbox 348 3337 1154 3421">
     <span class='ocr_line' id='line_1_64' title="bbox 348 3337 1154 3421; baseline 0.021 -31"><span class='ocrx_word' id='word_1_459' title='bbox 348 3337 450 3408; x_wconf 84' lang='grc' dir='ltr'><strong>τῆς</strong></span> <span class='ocrx_word' id='word_1_460' title='bbox 478 3341 558 3403; x_wconf 86' lang='grc' dir='ltr'><strong>είς</strong></span> <span class='ocrx_word' id='word_1_461' title='bbox 589 3342 752 3397; x_wconf 82' lang='grc' dir='ltr'>αὑτὸν</span> <span class='ocrx_word' id='word_1_462' title='bbox 781 3348 1154 3421; x_wconf 87' lang='grc' dir='ltr'>γνησιότητος.</span> 
     </span>
    </p>
   </div>
   <div class='ocr_carea' id='block_1_65' title="bbox 430 3428 1949 3544">
    <p class='ocr_par' dir='ltr' id='par_1_65' title="bbox 430 3428 1947 3544">
     <span class='ocr_line' id='line_1_65' title="bbox 430 3428 1947 3544; baseline 0.019 -61"><span class='ocrx_word' id='word_1_463' title='bbox 430 3428 767 3544; x_wconf 47' lang='grc' dir='ltr'>ῖΕκιίκλωσέ</span> <span class='ocrx_word' id='word_1_464' title='bbox 800 3456 877 3508; x_wconf 82' lang='grc' dir='ltr'><strong>με</strong></span> <span class='ocrx_word' id='word_1_465' title='bbox 904 3441 975 3507; x_wconf 76' lang='grc' dir='ltr'><strong>ἐν</strong></span> <span class='ocrx_word' id='word_1_466' title='bbox 1010 3443 1225 3511; x_wconf 73' lang='grc' dir='ltr'>ψεύδει</span> <span class='ocrx_word' id='word_1_467' title='bbox 1258 3446 1525 3520; x_wconf 72' lang='grc' dir='ltr'>Ἐ’ςρραῒμ,</span> <span class='ocrx_word' id='word_1_468' title='bbox 1558 3451 1658 3507; x_wconf 81' lang='grc' dir='ltr'>καὶ</span> <span class='ocrx_word' id='word_1_469' title='bbox 1700 3454 1771 3508; x_wconf 84' lang='grc' dir='ltr'><strong>ἐν</strong></span> <span class='ocrx_word' id='word_1_470' title='bbox 1801 3456 1947 3511; x_wconf 80' lang='grc' dir='ltr'>ἀσε-</span> 
     </span>
    </p>
   </div>
   <div class='ocr_carea' id='block_1_66' title="bbox 2053 3428 3622 3544">
    <p class='ocr_par' dir='ltr' id='par_1_66' title="bbox 2125 3458 3622 3533">
     <span class='ocr_line' id='line_1_66' title="bbox 2125 3458 3622 3533; baseline 0.009 -24"><span class='ocrx_word' id='word_1_471' title='bbox 2125 3458 2285 3512; x_wconf 77' lang='lat' dir='ltr'><strong>Vsns.</strong></span> <span class='ocrx_word' id='word_1_472' title='bbox 2321 3458 2405 3512; x_wconf 71' lang='grc'><strong>12.</strong></span> <span class='ocrx_word' id='word_1_473' title='bbox 2438 3460 2792 3513; x_wconf 79' lang='lat' dir='ltr'><strong>Circumdedit</strong></span> <span class='ocrx_word' id='word_1_474' title='bbox 2835 3476 2917 3514; x_wconf 82' lang='lat' dir='ltr'><strong>me</strong></span> <span class='ocrx_word' id='word_1_475' title='bbox 2940 3461 3008 3514; x_wconf 90' lang='lat' dir='ltr'><strong>-in</strong></span> <span class='ocrx_word' id='word_1_476' title='bbox 3041 3462 3311 3516; x_wconf 82' lang='lat' dir='ltr'><strong>mendacio</strong></span> <span class='ocrx_word' id='word_1_477' title='bbox 3353 3462 3622 3533; x_wconf 78' lang='lat' dir='ltr'><strong>Epltmint,</strong></span> 
     </span>
    </p>
   </div>
   <div class='ocr_carea' id='block_1_67' title="bbox 350 3520 1362 3599">
    <p class='ocr_par' dir='ltr' id='par_1_67' title="bbox 350 3520 1362 3599">
     <span class='ocr_line' id='line_1_67' title="bbox 350 3520 1362 3599; baseline 0.018 -24"><span class='ocrx_word' id='word_1_478' title='bbox 350 3521 479 3591; x_wconf 72' lang='grc' dir='ltr'>θεία</span> <span class='ocrx_word' id='word_1_479' title='bbox 517 3520 683 3592; x_wconf 79' lang='grc' dir='ltr'>οἶκος</span> <span class='ocrx_word' id='word_1_480' title='bbox 722 3528 986 3599; x_wconf 76' lang='grc' dir='ltr'>Ἰσραὴλ,</span> <span class='ocrx_word' id='word_1_481' title='bbox 1016 3535 1114 3588; x_wconf 79' lang='grc' dir='ltr'>καὶ</span> <span class='ocrx_word' id='word_1_482' title='bbox 1152 3536 1362 3594; x_wconf 84' lang='grc' dir='ltr'>Ἰούδα.</span> 
     </span>
    </p>
   </div>
   <div class='ocr_carea' id='block_1_68' title="bbox 420 3615 1950 3709">
    <p class='ocr_par' dir='ltr' id='par_1_68' title="bbox 420 3615 1950 3709">
     <span class='ocr_line' id='line_1_68' title="bbox 420 3615 1950 3709; baseline 0.019 -43"><span class='ocrx_word' id='word_1_483' title='bbox 420 3615 585 3709; x_wconf 59' lang='grc' dir='ltr'><strong>ξ’ΛΓθ.</strong></span> <span class='ocrx_word' id='word_1_484' title='bbox 624 3617 789 3673; x_wconf 82' lang='grc' dir='ltr'>Φύσει</span> <span class='ocrx_word' id='word_1_485' title='bbox 829 3624 927 3692; x_wconf 79' lang='grc' dir='ltr'>μὲν</span> <span class='ocrx_word' id='word_1_486' title='bbox 970 3626 1173 3695; x_wconf 84' lang='grc' dir='ltr'>ἀγαθὸς</span> <span class='ocrx_word' id='word_1_487' title='bbox 1214 3630 1309 3695; x_wconf 82' lang='grc' dir='ltr'>ὢν,</span> <span class='ocrx_word' id='word_1_488' title='bbox 1355 3637 1448 3686; x_wconf 74' lang='grc' dir='ltr'>καὶ</span> <span class='ocrx_word' id='word_1_489' title='bbox 1492 3635 1883 3709; x_wconf 81' lang='grc' dir='ltr'>φιλοικτίρμων</span> <span class='ocrx_word' id='word_1_490' title='bbox 1920 3644 1950 3695; x_wconf 87' lang='grc' dir='ltr'>ὁ</span> 
     </span>
    </p>
   </div>
   <div class='ocr_carea' id='block_1_69' title="bbox 348 3705 1946 3800">
    <p class='ocr_par' dir='ltr' id='par_1_69' title="bbox 348 3705 1946 3800">
     <span class='ocr_line' id='line_1_69' title="bbox 348 3705 1946 3800; baseline 0.019 -42"><span class='ocrx_word' id='word_1_491' title='bbox 348 3705 502 3772; x_wconf 85' lang='grc' dir='ltr'>Θεὸς,</span> <span class='ocrx_word' id='word_1_492' title='bbox 547 3710 641 3764; x_wconf 76' lang='grc' dir='ltr'><strong>καὶ</strong></span> <span class='ocrx_word' id='word_1_493' title='bbox 677 3710 1000 3787; x_wconf 79' lang='grc' dir='ltr'>ἀνεθέλητον</span> <span class='ocrx_word' id='word_1_494' title='bbox 1045 3719 1157 3791; x_wconf 79' lang='grc' dir='ltr'>ἔχει</span> <span class='ocrx_word' id='word_1_495' title='bbox 1189 3723 1250 3777; x_wconf 85' lang='grc' dir='ltr'><strong>τὸ</strong></span> <span class='ocrx_word' id='word_1_496' title='bbox 1294 3724 1550 3800; x_wconf 57' lang='grc' dir='ltr'>πλήττειν</span> <span class='ocrx_word' id='word_1_497' title='bbox 1587 3705 1909 3797; x_wconf 34' lang='grc' dir='ltr'>ὅλως-τινὰς</span> <span class='ocrx_word' id='word_1_498' title='bbox 1930 3772 1946 3797; x_wconf 88' lang='grc'><strong>,</strong></span> 
     </span>
    </p>
   </div>
   <div class='ocr_carea' id='block_1_70' title="bbox 348 3804 1947 3902">
    <p class='ocr_par' dir='ltr' id='par_1_70' title="bbox 348 3804 1947 3902">
     <span class='ocr_line' id='line_1_70' title="bbox 348 3804 1947 3902; baseline 0.018 -45"><span class='ocrx_word' id='word_1_499' title='bbox 348 3804 596 3859; x_wconf 85' lang='grc' dir='ltr'>καλεῖται</span> <span class='ocrx_word' id='word_1_500' title='bbox 626 3806 682 3861; x_wconf 87' lang='grc' dir='ltr'>δὲ</span> <span class='ocrx_word' id='word_1_501' title='bbox 708 3811 802 3864; x_wconf 74' lang='grc' dir='ltr'><strong>καὶ</strong></span> <span class='ocrx_word' id='word_1_502' title='bbox 829 3812 1144 3882; x_wconf 81' lang='grc' dir='ltr'>ἀναγκαίως</span> <span class='ocrx_word' id='word_1_503' title='bbox 1178 3820 1260 3883; x_wconf 81' lang='grc' dir='ltr'><strong>εἰς</strong></span> <span class='ocrx_word' id='word_1_504' title='bbox 1294 3822 1665 3896; x_wconf 72' lang='grc' dir='ltr'>ἀγανάκτησιν</span> <span class='ocrx_word' id='word_1_505' title='bbox 1694 3828 1947 3902; x_wconf 75' lang='grc' dir='ltr'>ἐπιστρε-</span> 
     </span>
    </p>
   </div>
   <div class='ocr_carea' id='block_1_71' title="bbox 349 3898 1945 3993">
    <p class='ocr_par' dir='ltr' id='par_1_71' title="bbox 349 3898 1945 3993">
     <span class='ocr_line' id='line_1_71' title="bbox 349 3898 1945 3993; baseline 0.018 -46"><span class='ocrx_word' id='word_1_506' title='bbox 349 3898 571 3993; x_wconf 63' lang='grc' dir='ltr'>πτικην,</span> <span class='ocrx_word' id='word_1_507' title='bbox 595 3900 720 3954; x_wconf 83' lang='grc' dir='ltr'>ὅταν</span> <span class='ocrx_word' id='word_1_508' title='bbox 750 3903 819 3955; x_wconf 74' lang='lat' dir='ltr'><strong>iet</strong></span> <span class='ocrx_word' id='word_1_509' title='bbox 847 3906 1009 3959; x_wconf 84' lang='grc' dir='ltr'>τινῶν</span> <span class='ocrx_word' id='word_1_510' title='bbox 1056 3909 1201 3981; x_wconf 88' lang='grc' dir='ltr'>πέρα</span> <span class='ocrx_word' id='word_1_511' title='bbox 1230 3911 1392 3981; x_wconf 87' lang='grc' dir='ltr'>λόγου</span> <span class='ocrx_word' id='word_1_512' title='bbox 1420 3933 1481 3968; x_wconf 87' lang='grc' dir='ltr'><strong>τε</strong></span> <span class='ocrx_word' id='word_1_513' title='bbox 1515 3916 1611 3971; x_wconf 60' lang='grc' dir='ltr'><strong>καὶ⁵</strong></span> <span class='ocrx_word' id='word_1_514' title='bbox 1646 3918 1845 3993; x_wconf 87' lang='grc' dir='ltr'>μέτρου</span> <span class='ocrx_word' id='word_1_515' title='bbox 1859 3898 1945 3976; x_wconf 41' lang='grc' dir='ltr'>-τὰ</span> 
     </span>
    </p>
   </div>
   <div class='ocr_carea' id='block_1_72' title="bbox 348 3986 1945 4078">
    <p class='ocr_par' dir='ltr' id='par_1_72' title="bbox 348 3986 1945 4078">
     <span class='ocr_line' id='line_1_72' title="bbox 348 3986 1945 4078; baseline 0.019 -41"><span class='ocrx_word' id='word_1_516' title='bbox 348 3986 695 4059; x_wconf 77' lang='grc' dir='ltr'>ἐγκλήματα.</span> <span class='ocrx_word' id='word_1_517' title='bbox 751 3994 922 4050; x_wconf 89' lang='grc' dir='ltr'>Τοῦτο</span> <span class='ocrx_word' id='word_1_518' title='bbox 973 3998 1215 4055; x_wconf 80' lang='grc' dir='ltr'>διδάσκει</span> <span class='ocrx_word' id='word_1_519' title='bbox 1268 4005 1431 4061; x_wconf 85' lang='grc' dir='ltr'>πάλιν</span> <span class='ocrx_word' id='word_1_520' title='bbox 1496 3986 1657 4078; x_wconf 25' lang='grc' dir='ltr'>ἡμᾶς-</span> <span class='ocrx_word' id='word_1_521' title='bbox 1696 3986 1787 4064; x_wconf 65' lang='grc' dir='ltr'><strong>δια</strong></span> <span class='ocrx_word' id='word_1_522' title='bbox 1835 4013 1945 4068; x_wconf 85' lang='grc' dir='ltr'>τῶν</span> 
     </span>
    </p>
   </div>
   <div class='ocr_carea' id='block_1_73' title="bbox 347 4081 1941 4169">
    <p class='ocr_par' dir='ltr' id='par_1_73' title="bbox 347 4081 1941 4169">
     <span class='ocr_line' id='line_1_73' title="bbox 347 4081 1941 4169; baseline 0.019 -40"><span class='ocrx_word' id='word_1_523' title='bbox 347 4081 748 4151; x_wconf 84' lang='grc' dir='ltr'>προκειμένων.</span> <span class='ocrx_word' id='word_1_524' title='bbox 794 4087 1091 4162; x_wconf 76' lang='grc' dir='ltr'>Μονονουχὶ</span> <span class='ocrx_word' id='word_1_525' title='bbox 1130 4095 1239 4166; x_wconf 81' lang='grc' dir='ltr'><strong>γάρ</strong></span> <span class='ocrx_word' id='word_1_526' title='bbox 1286 4114 1438 4167; x_wconf 87' lang='grc' dir='ltr'>φησι·</span> <span class='ocrx_word' id='word_1_527' title='bbox 1482 4098 1622 4169; x_wconf 81' lang='grc' dir='ltr'>Τῇδε</span> <span class='ocrx_word' id='word_1_528' title='bbox 1694 4103 1941 4169; x_wconf 85' lang='grc' dir='ltr'>κάκεῖσε,</span> 
     </span>
    </p>
   </div>
   <div class='ocr_carea' id='block_1_74' title="bbox 348 4171 1942 4267">
    <p class='ocr_par' dir='ltr' id='par_1_74' title="bbox 348 4171 1942 4267">
     <span class='ocr_line' id='line_1_74' title="bbox 348 4171 1942 4267; baseline 0.018 -46"><span class='ocrx_word' id='word_1_529' title='bbox 348 4171 630 4267; x_wconf 37' lang='lat' dir='ltr'><strong>arui-olom!</strong></span> <span class='ocrx_word' id='word_1_530' title='bbox 663 4192 781 4240; x_wconf 87' lang='grc' dir='ltr'><strong>πως</strong></span> <span class='ocrx_word' id='word_1_531' title='bbox 808 4179 866 4230; x_wconf 80' lang='grc' dir='ltr'><strong>ἐν</strong></span> <span class='ocrx_word' id='word_1_532' title='bbox 894 4180 1081 4254; x_wconf 85' lang='grc' dir='ltr'>κύκλῳ</span> <span class='ocrx_word' id='word_1_533' title='bbox 1112 4186 1203 4240; x_wconf 80' lang='grc' dir='ltr'><strong>τὸν</strong></span> <span class='ocrx_word' id='word_1_534' title='bbox 1236 4188 1335 4257; x_wconf 85' lang='grc' dir='ltr'>τῆς</span> <span class='ocrx_word' id='word_1_535' title='bbox 1365 4190 1620 4258; x_wconf 82' lang='grc' dir='ltr'>θεότητος</span> <span class='ocrx_word' id='word_1_536' title='bbox 1665 4194 1942 4267; x_wconf 83' lang='grc' dir='ltr'>ὀφθαλμὸν</span> 
     </span>
    </p>
   </div>
   <div class='ocr_carea' id='block_1_75' title="bbox 349 4260 1938 4353">
    <p class='ocr_par' dir='ltr' id='par_1_75' title="bbox 349 4260 1938 4353">
     <span class='ocr_line' id='line_1_75' title="bbox 349 4260 1938 4353; baseline 0.018 -41"><span class='ocrx_word' id='word_1_537' title='bbox 349 4260 545 4353; x_wconf 64' lang='grc' dir='ltr'>ἐνιέντι</span> <span class='ocrx_word' id='word_1_538' title='bbox 575 4281 634 4318; x_wconf 89' lang='grc' dir='ltr'><strong>τε</strong></span> <span class='ocrx_word' id='word_1_539' title='bbox 685 4268 783 4321; x_wconf 77' lang='grc' dir='ltr'><strong>καὶ</strong></span> <span class='ocrx_word' id='word_1_540' title='bbox 821 4272 1190 4345; x_wconf 86' lang='grc' dir='ltr'>περιφέροντι,</span> <span class='ocrx_word' id='word_1_541' title='bbox 1238 4284 1487 4353; x_wconf 78' lang='grc' dir='ltr'>πανταχῇ</span> <span class='ocrx_word' id='word_1_542' title='bbox 1522 4284 1589 4336; x_wconf 82' lang='grc' dir='ltr'><strong>τδ</strong></span> <span class='ocrx_word' id='word_1_543' title='bbox 1614 4260 1810 4353; x_wconf 76' lang='grc' dir='ltr'>ψεῦδος</span> <span class='ocrx_word' id='word_1_544' title='bbox 1841 4260 1938 4339; x_wconf 73' lang='grc' dir='ltr'><strong>καὶ</strong></span> 
     </span>
    </p>
   </div>
   <div class='ocr_carea' id='block_1_76' title="bbox 347 4350 1936 4443">
    <p class='ocr_par' dir='ltr' id='par_1_76' title="bbox 347 4350 1936 4443">
     <span class='ocr_line' id='line_1_76' title="bbox 347 4350 1936 4443; baseline 0.019 -40"><span class='ocrx_word' id='word_1_545' title='bbox 347 4350 734 4443; x_wconf 81' lang='grc' dir='ltr'>τὴνάσέϐειαν</span> <span class='ocrx_word' id='word_1_546' title='bbox 756 4354 823 4430; x_wconf 75' lang='grc' dir='ltr'>ἦν</span> <span class='ocrx_word' id='word_1_547' title='bbox 852 4361 979 4417; x_wconf 82' lang='grc' dir='ltr'>ἰδεῖν</span> <span class='ocrx_word' id='word_1_548' title='bbox 1002 4366 1098 4419; x_wconf 88' lang='grc' dir='ltr'><strong>τοῦ</strong></span> <span class='ocrx_word' id='word_1_549' title='bbox 1126 4385 1187 4421; x_wconf 80' lang='grc' dir='ltr'><strong>τε</strong></span> <span class='ocrx_word' id='word_1_550' title='bbox 1214 4350 1596 4443; x_wconf 45' lang='grc' dir='ltr'>Ἐφραῒμξκαὶ</span> <span class='ocrx_word' id='word_1_551' title='bbox 1622 4350 1717 4429; x_wconf 80' lang='grc' dir='ltr'><strong>τοῦ</strong></span> <span class='ocrx_word' id='word_1_552' title='bbox 1748 4377 1936 4433; x_wconf 84' lang='grc' dir='ltr'>Ἰούδα.</span> 
     </span>
    </p>
   </div>
   <div class='ocr_carea' id='block_1_77' title="bbox 347 4442 1938 4538">
    <p class='ocr_par' dir='ltr' id='par_1_77' title="bbox 347 4442 1938 4538">
     <span class='ocr_line' id='line_1_77' title="bbox 347 4442 1938 4538; baseline 0.016 -40"><span class='ocrx_word' id='word_1_553' title='bbox 347 4442 560 4538; x_wconf 73' lang='grc' dir='ltr'>Ψεῦδος</span> <span class='ocrx_word' id='word_1_554' title='bbox 586 4446 642 4500; x_wconf 85' lang='grc' dir='ltr'>δὲ</span> <span class='ocrx_word' id='word_1_555' title='bbox 681 4450 947 4507; x_wconf 87' lang='grc' dir='ltr'>ἀποκαλεί</span> <span class='ocrx_word' id='word_1_556' title='bbox 982 4456 1051 4511; x_wconf 78' lang='grc' dir='ltr'>τὰ</span> <span class='ocrx_word' id='word_1_557' title='bbox 1080 4458 1182 4528; x_wconf 77' lang='grc' dir='ltr'>τῆς</span> <span class='ocrx_word' id='word_1_558' title='bbox 1218 4462 1632 4538; x_wconf 76' lang='grc' dir='ltr'>εἰδωλολατρίας</span> <span class='ocrx_word' id='word_1_559' title='bbox 1678 4469 1938 4537; x_wconf 86' lang='grc' dir='ltr'>παίγνια,</span> 
     </span>
    </p>
   </div>
   <div class='ocr_carea' id='block_1_78' title="bbox 346 4535 1938 4625">
    <p class='ocr_par' dir='ltr' id='par_1_78' title="bbox 346 4535 1938 4625">
     <span class='ocr_line' id='line_1_78' title="bbox 346 4535 1938 4625; baseline 0.018 -38"><span class='ocrx_word' id='word_1_560' title='bbox 346 4535 445 4590; x_wconf 78' lang='grc' dir='ltr'>καὶ</span> <span class='ocrx_word' id='word_1_561' title='bbox 496 4538 596 4609; x_wconf 84' lang='grc' dir='ltr'>τὴν</span> <span class='ocrx_word' id='word_1_562' title='bbox 644 4540 753 4595; x_wconf 82' lang='grc' dir='ltr'><strong>τῶν</strong></span> <span class='ocrx_word' id='word_1_563' title='bbox 805 4546 1049 4615; x_wconf 83' lang='grc' dir='ltr'>ματαίων</span> <span class='ocrx_word' id='word_1_564' title='bbox 1103 4552 1474 4625; x_wconf 86' lang='grc' dir='ltr'>προσκύνησιν</span> <span class='ocrx_word' id='word_1_565' title='bbox 1494 4535 1519 4586; x_wconf 29' lang='grc'><strong>’⁷</strong></span> <span class='ocrx_word' id='word_1_566' title='bbox 1558 4535 1820 4615; x_wconf 82' lang='grc' dir='ltr'>ἀσέϐειαν</span> <span class='ocrx_word' id='word_1_567' title='bbox 1880 4535 1938 4616; x_wconf 69' lang='grc' dir='ltr'><strong>δέ</strong></span> 
     </span>
    </p>
   </div>
   <div class='ocr_carea' id='block_1_79' title="bbox 344 4627 1938 4722">
    <p class='ocr_par' dir='ltr' id='par_1_79' title="bbox 344 4627 1938 4722">
     <span class='ocr_line' id='line_1_79' title="bbox 344 4627 1938 4722; baseline 0.019 -42"><span class='ocrx_word' id='word_1_568' title='bbox 344 4627 514 4722; x_wconf 63' lang='grc' dir='ltr'>τάχα,</span> <span class='ocrx_word' id='word_1_569' title='bbox 539 4630 637 4703; x_wconf 79' lang='grc' dir='ltr'>τὴν</span> <span class='ocrx_word' id='word_1_570' title='bbox 669 4633 827 4706; x_wconf 79' lang='grc' dir='ltr'>ὓϐριν</span> <span class='ocrx_word' id='word_1_571' title='bbox 865 4637 967 4710; x_wconf 82' lang='grc' dir='ltr'>τὴν</span> <span class='ocrx_word' id='word_1_572' title='bbox 999 4641 1140 4695; x_wconf 80' lang='grc' dir='ltr'>κατὰ</span> <span class='ocrx_word' id='word_1_573' title='bbox 1176 4643 1336 4701; x_wconf 88' lang='grc' dir='ltr'>Θεοῦ.</span> <span class='ocrx_word' id='word_1_574' title='bbox 1367 4647 1491 4712; x_wconf 80' lang='grc' dir='ltr'><strong>Πῶς</strong></span> <span class='ocrx_word' id='word_1_575' title='bbox 1522 4650 1632 4722; x_wconf 85' lang='grc' dir='ltr'><strong>γὰρ</strong></span> <span class='ocrx_word' id='word_1_576' title='bbox 1661 4654 1762 4706; x_wconf 87' lang='grc' dir='ltr'><strong>ούκ</strong></span> <span class='ocrx_word' id='word_1_577' title='bbox 1806 4655 1938 4709; x_wconf 74' lang='grc' dir='ltr'><strong>ἀσέά</strong></span> 
     </span>
    </p>
   </div>
   <div class='ocr_carea' id='block_1_80' title="bbox 345 4717 1937 4814">
    <p class='ocr_par' dir='ltr' id='par_1_80' title="bbox 345 4717 1937 4814">
     <span class='ocr_line' id='line_1_80' title="bbox 345 4717 1937 4814; baseline 0.019 -44"><span class='ocrx_word' id='word_1_578' title='bbox 345 4717 470 4814; x_wconf 40' lang='grc' dir='ltr'>ϐε-ια</span> <span class='ocrx_word' id='word_1_579' title='bbox 496 4720 663 4794; x_wconf 73' lang='grc' dir='ltr'>δεινὴ,</span> <span class='ocrx_word' id='word_1_580' title='bbox 693 4727 789 4779; x_wconf 74' lang='grc' dir='ltr'><strong>καὶ</strong></span> <span class='ocrx_word' id='word_1_581' title='bbox 828 4729 1205 4805; x_wconf 80' lang='grc' dir='ltr'>ὲκτοπωτάτη,</span> <span class='ocrx_word' id='word_1_582' title='bbox 1229 4736 1291 4789; x_wconf 85' lang='grc' dir='ltr'><strong>τὸ</strong></span> <span class='ocrx_word' id='word_1_583' title='bbox 1316 4717 1673 4796; x_wconf 81' lang='grc' dir='ltr'>ἀποσείεσθαι</span> <span class='ocrx_word' id='word_1_584' title='bbox 1718 4745 1817 4814; x_wconf 85' lang='grc' dir='ltr'>μὲν</span> <span class='ocrx_word' id='word_1_585' title='bbox 1846 4747 1937 4801; x_wconf 85' lang='grc' dir='ltr'>τὸν</span> 
     </span>
    </p>
   </div>
   <div class='ocr_carea' id='block_1_81' title="bbox 2050 3550 3267 3618">
    <p class='ocr_par' dir='ltr' id='par_1_81' title="bbox 2050 3550 3267 3618">
     <span class='ocr_line' id='line_1_81' title="bbox 2050 3550 3267 3618; baseline 0.004 -15"><span class='ocrx_word' id='word_1_586' title='bbox 2050 3559 2098 3603; x_wconf 85' lang='lat' dir='ltr'><strong>et</strong></span> <span class='ocrx_word' id='word_1_587' title='bbox 2122 3552 2175 3600; x_wconf 84' lang='lat' dir='ltr'><strong>in</strong></span> <span class='ocrx_word' id='word_1_588' title='bbox 2205 3550 2570 3618; x_wconf 75' lang='lat' dir='ltr'><strong>iniquitatibus</strong></span> <span class='ocrx_word' id='word_1_589' title='bbox 2599 3550 2786 3604; x_wconf 80' lang='lat' dir='ltr'><strong>domus</strong></span> <span class='ocrx_word' id='word_1_590' title='bbox 2818 3550 3007 3617; x_wconf 67' lang='lat' dir='ltr'><strong>Israel,</strong></span> <span class='ocrx_word' id='word_1_591' title='bbox 3032 3564 3078 3605; x_wconf 79' lang='lat' dir='ltr'><strong>et</strong></span> <span class='ocrx_word' id='word_1_592' title='bbox 3101 3552 3267 3608; x_wconf 84' lang='lat' dir='ltr'><strong>Juda.</strong></span> 
     </span>
    </p>
   </div>
   <div class='ocr_carea' id='block_1_82' title="bbox 2120 3638 3633 3715">
    <p class='ocr_par' dir='ltr' id='par_1_82' title="bbox 2120 3638 3633 3715">
     <span class='ocr_line' id='line_1_82' title="bbox 2120 3638 3633 3715; baseline 0.009 -22"><span class='ocrx_word' id='word_1_593' title='bbox 2120 3638 2401 3694; x_wconf 79' lang='lat' dir='ltr'><strong>CXXXlﬂ-t</strong></span> <span class='ocrx_word' id='word_1_594' title='bbox 2439 3640 2581 3695; x_wconf 86' lang='lat' dir='ltr'><strong>Deus</strong></span> <span class='ocrx_word' id='word_1_595' title='bbox 2624 3652 2818 3694; x_wconf 88' lang='lat' dir='ltr'><strong>natura</strong></span> <span class='ocrx_word' id='word_1_596' title='bbox 2870 3642 3065 3703; x_wconf 91' lang='lat' dir='ltr'><strong>bonus,</strong></span> <span class='ocrx_word' id='word_1_597' title='bbox 3108 3644 3439 3715; x_wconf 81' lang='lat' dir='ltr'><strong>misericors,</strong></span> <span class='ocrx_word' id='word_1_598' title='bbox 3492 3664 3547 3704; x_wconf 91' lang='lat' dir='ltr'><strong>et</strong></span> <span class='ocrx_word' id='word_1_599' title='bbox 3595 3667 3633 3706; x_wconf 83' lang='lat' dir='ltr'><strong>e</strong></span> 
     </span>
    </p>
   </div>
   <div class='ocr_carea' id='block_1_83' title="bbox 2049 3729 3628 3805">
    <p class='ocr_par' dir='ltr' id='par_1_83' title="bbox 2049 3729 3628 3805">
     <span class='ocr_line' id='line_1_83' title="bbox 2049 3729 3628 3805; baseline 0.009 -24"><span class='ocrx_word' id='word_1_600' title='bbox 2049 3729 2218 3800; x_wconf 76' lang='lat' dir='ltr'><strong>plagis</strong></span> <span class='ocrx_word' id='word_1_601' title='bbox 2243 3730 2657 3801; x_wconf 87' lang='lat' dir='ltr'><strong>quibuscunque</strong></span> <span class='ocrx_word' id='word_1_602' title='bbox 2692 3733 2983 3787; x_wconf 86' lang='lat' dir='ltr'><strong>metiendis</strong></span> <span class='ocrx_word' id='word_1_603' title='bbox 3037 3734 3264 3800; x_wconf 83' lang='lat' dir='ltr'><strong>alienus,</strong></span> <span class='ocrx_word' id='word_1_604' title='bbox 3302 3748 3628 3805; x_wconf 84' lang='lat' dir='ltr'><strong>provocatur</strong></span> 
     </span>
    </p>
   </div>
   <div class='ocr_carea' id='block_1_84' title="bbox 2047 3825 3625 3903">
    <p class='ocr_par' dir='ltr' id='par_1_84' title="bbox 2047 3825 3625 3903">
     <span class='ocr_line' id='line_1_84' title="bbox 2047 3825 3625 3903; baseline 0.008 -27"><span class='ocrx_word' id='word_1_605' title='bbox 2047 3831 2249 3901; x_wconf 73' lang='lat' dir='ltr'><strong>tamen,</strong></span> <span class='ocrx_word' id='word_1_606' title='bbox 2287 3833 2342 3879; x_wconf 89' lang='lat' dir='ltr'><strong>et</strong></span> <span class='ocrx_word' id='word_1_607' title='bbox 2369 3833 2687 3880; x_wconf 86' lang='lat' dir='ltr'><strong>convertere</strong></span> <span class='ocrx_word' id='word_1_608' title='bbox 2716 3840 2775 3879; x_wconf 93' lang='lat' dir='ltr'><strong>se</strong></span> <span class='ocrx_word' id='word_1_609' title='bbox 2822 3825 2888 3879; x_wconf 90' lang='lat' dir='ltr'><strong>ad</strong></span> <span class='ocrx_word' id='word_1_610' title='bbox 2932 3826 3352 3895; x_wconf 78' lang='lat' dir='ltr'><strong>indignationem</strong></span> <span class='ocrx_word' id='word_1_611' title='bbox 3392 3833 3625 3903; x_wconf 84' lang='lat' dir='ltr'><strong>cogitur,</strong></span> 
     </span>
    </p>
   </div>
   <div class='ocr_carea' id='block_1_85' title="bbox 2044 3916 3623 3993">
    <p class='ocr_par' dir='ltr' id='par_1_85' title="bbox 2044 3916 3623 3993">
     <span class='ocr_line' id='line_1_85' title="bbox 2044 3916 3623 3993; baseline 0.006 -22"><span class='ocrx_word' id='word_1_612' title='bbox 2044 3931 2166 3971; x_wconf 89' lang='lat' dir='ltr'><strong>cum</strong></span> <span class='ocrx_word' id='word_1_613' title='bbox 2190 3918 2549 3987; x_wconf 85' lang='lat' dir='ltr'><strong>quorumdam</strong></span> <span class='ocrx_word' id='word_1_614' title='bbox 2581 3918 2791 3973; x_wconf 82' lang='lat' dir='ltr'><strong>scelera</strong></span> <span class='ocrx_word' id='word_1_615' title='bbox 2825 3916 3031 3985; x_wconf 86' lang='lat' dir='ltr'><strong>majora</strong></span> <span class='ocrx_word' id='word_1_616' title='bbox 3072 3919 3294 3988; x_wconf 81' lang='lat' dir='ltr'><strong>fuerint,</strong></span> <span class='ocrx_word' id='word_1_617' title='bbox 3324 3939 3486 3993; x_wconf 89' lang='lat' dir='ltr'><strong>quam</strong></span> <span class='ocrx_word' id='word_1_618' title='bbox 3518 3926 3623 3981; x_wconf 88' lang='lat' dir='ltr'><strong>dici</strong></span> 
     </span>
    </p>
   </div>
   <div class='ocr_carea' id='block_1_86' title="bbox 2044 4008 3653 4078">
    <p class='ocr_par' dir='ltr' id='par_1_86' title="bbox 2044 4008 3653 4078">
     <span class='ocr_line' id='line_1_86' title="bbox 2044 4008 3653 4078; baseline 0.005 -15"><span class='ocrx_word' id='word_1_619' title='bbox 2044 4009 2236 4078; x_wconf 87' lang='lat' dir='ltr'><strong>possit.</strong></span> <span class='ocrx_word' id='word_1_620' title='bbox 2272 4008 2425 4077; x_wconf 83' lang='lat' dir='ltr'><strong>Quod</strong></span> <span class='ocrx_word' id='word_1_621' title='bbox 2458 4025 2558 4065; x_wconf 93' lang='lat' dir='ltr'><strong>nos</strong></span> <span class='ocrx_word' id='word_1_622' title='bbox 2586 4026 2799 4066; x_wconf 91' lang='lat' dir='ltr'><strong>rursum</strong></span> <span class='ocrx_word' id='word_1_623' title='bbox 2846 4012 3026 4067; x_wconf 88' lang='lat' dir='ltr'><strong>verbis</strong></span> <span class='ocrx_word' id='word_1_624' title='bbox 3072 4029 3101 4066; x_wconf 88' lang='lat' dir='ltr'><strong>a</strong></span> <span class='ocrx_word' id='word_1_625' title='bbox 3141 4028 3229 4068; x_wconf 89' lang='lat' dir='ltr'><strong>me</strong></span> <span class='ocrx_word' id='word_1_626' title='bbox 3258 4016 3498 4071; x_wconf 88' lang='lat' dir='ltr'><strong>recitatis</strong></span> <span class='ocrx_word' id='word_1_627' title='bbox 3529 4017 3653 4071; x_wconf 23' lang='lat' dir='ltr'><strong>do-i</strong></span> 
     </span>
    </p>
   </div>
   <div class='ocr_carea' id='block_1_87' title="bbox 2043 4099 3624 4177">
    <p class='ocr_par' dir='ltr' id='par_1_87' title="bbox 2043 4099 3624 4177">
     <span class='ocr_line' id='line_1_87' title="bbox 2043 4099 3624 4177; baseline 0.005 -23"><span class='ocrx_word' id='word_1_628' title='bbox 2043 4111 2150 4155; x_wconf 91' lang='lat' dir='ltr'><strong>cet.</strong></span> <span class='ocrx_word' id='word_1_629' title='bbox 2188 4099 2583 4170; x_wconf 91' lang='lat' dir='ltr'><strong>Propemodum</strong></span> <span class='ocrx_word' id='word_1_630' title='bbox 2618 4103 2761 4155; x_wconf 90' lang='lat' dir='ltr'><strong>enim</strong></span> <span class='ocrx_word' id='word_1_631' title='bbox 2790 4102 2960 4173; x_wconf 88' lang='lat' dir='ltr'><strong>inquit</strong></span> <span class='ocrx_word' id='word_1_632' title='bbox 2993 4122 3007 4159; x_wconf 91' lang='lat'><strong>:</strong></span> <span class='ocrx_word' id='word_1_633' title='bbox 3045 4104 3144 4160; x_wconf 88' lang='lat' dir='ltr'><strong>Hic</strong></span> <span class='ocrx_word' id='word_1_634' title='bbox 3173 4116 3228 4159; x_wconf 93' lang='lat' dir='ltr'><strong>et</strong></span> <span class='ocrx_word' id='word_1_635' title='bbox 3258 4106 3353 4169; x_wconf 92' lang='lat' dir='ltr'><strong>ibi,</strong></span> <span class='ocrx_word' id='word_1_636' title='bbox 3394 4116 3447 4161; x_wconf 91' lang='lat' dir='ltr'><strong>et</strong></span> <span class='ocrx_word' id='word_1_637' title='bbox 3468 4108 3624 4177; x_wconf 90' lang='lat' dir='ltr'><strong>quasi</strong></span> 
     </span>
    </p>
   </div>
   <div class='ocr_carea' id='block_1_88' title="bbox 2044 4193 3624 4264">
    <p class='ocr_par' dir='ltr' id='par_1_88' title="bbox 2044 4193 3624 4264">
     <span class='ocr_line' id='line_1_88' title="bbox 2044 4193 3624 4264; baseline 0.004 -17"><span class='ocrx_word' id='word_1_638' title='bbox 2044 4194 2397 4249; x_wconf 88' lang='lat' dir='ltr'><strong>circumcirca</strong></span> <span class='ocrx_word' id='word_1_639' title='bbox 2445 4193 2744 4249; x_wconf 85' lang='lat' dir='ltr'><strong>divinitatis</strong></span> <span class='ocrx_word' id='word_1_640' title='bbox 2787 4196 3005 4250; x_wconf 91' lang='lat' dir='ltr'><strong>oculum</strong></span> <span class='ocrx_word' id='word_1_641' title='bbox 3048 4198 3377 4264; x_wconf 86' lang='lat' dir='ltr'><strong>immittenti,</strong></span> <span class='ocrx_word' id='word_1_642' title='bbox 3422 4208 3476 4252; x_wconf 89' lang='lat' dir='ltr'><strong>et</strong></span> <span class='ocrx_word' id='word_1_643' title='bbox 3513 4200 3624 4254; x_wconf 91' lang='lat' dir='ltr'><strong>cir-</strong></span> 
     </span>
    </p>
   </div>
   <div class='ocr_carea' id='block_1_89' title="bbox 2041 4283 3624 4358">
    <p class='ocr_par' dir='ltr' id='par_1_89' title="bbox 2041 4283 3624 4358">
     <span class='ocr_line' id='line_1_89' title="bbox 2041 4283 3624 4358; baseline 0.004 -19"><span class='ocrx_word' id='word_1_644' title='bbox 2041 4284 2389 4351; x_wconf 89' lang='lat' dir='ltr'><strong>cumferenti,</strong></span> <span class='ocrx_word' id='word_1_645' title='bbox 2419 4283 2618 4356; x_wconf 92' lang='lat' dir='ltr'><strong>ubique</strong></span> <span class='ocrx_word' id='word_1_646' title='bbox 2662 4288 3018 4355; x_wconf 87' lang='lat' dir='ltr'><strong>mendacium,</strong></span> <span class='ocrx_word' id='word_1_647' title='bbox 3071 4298 3124 4342; x_wconf 90' lang='lat' dir='ltr'><strong>et</strong></span> <span class='ocrx_word' id='word_1_648' title='bbox 3174 4290 3526 4358; x_wconf 88' lang='lat' dir='ltr'><strong>impietatem,</strong></span> <span class='ocrx_word' id='word_1_649' title='bbox 3568 4300 3624 4345; x_wconf 90' lang='lat' dir='ltr'><strong>et</strong></span> 
     </span>
    </p>
   </div>
   <div class='ocr_carea' id='block_1_90' title="bbox 2043 4376 3622 4443">
    <p class='ocr_par' dir='ltr' id='par_1_90' title="bbox 2043 4376 3622 4443">
     <span class='ocr_line' id='line_1_90' title="bbox 2043 4376 3622 4443; baseline 0.006 -14"><span class='ocrx_word' id='word_1_650' title='bbox 2043 4376 2321 4443; x_wconf 85' lang='lat' dir='ltr'><strong>Ephraim,</strong></span> <span class='ocrx_word' id='word_1_651' title='bbox 2358 4386 2413 4432; x_wconf 94' lang='lat' dir='ltr'><strong>et</strong></span> <span class='ocrx_word' id='word_1_652' title='bbox 2441 4376 2584 4433; x_wconf 78' lang='lat' dir='ltr'><strong>Juda</strong></span> <span class='ocrx_word' id='word_1_653' title='bbox 2614 4377 2814 4433; x_wconf 89' lang='lat' dir='ltr'><strong>intueri</strong></span> <span class='ocrx_word' id='word_1_654' title='bbox 2859 4378 3040 4433; x_wconf 91' lang='lat' dir='ltr'><strong>datur.</strong></span> <span class='ocrx_word' id='word_1_655' title='bbox 3078 4378 3411 4435; x_wconf 84' lang='lat' dir='ltr'><strong>Mendacium</strong></span> <span class='ocrx_word' id='word_1_656' title='bbox 3448 4382 3622 4437; x_wconf 89' lang='lat' dir='ltr'><strong>idolo-</strong></span> 
     </span>
    </p>
   </div>
   <div class='ocr_carea' id='block_1_91' title="bbox 2042 4465 3621 4530">
    <p class='ocr_par' dir='ltr' id='par_1_91' title="bbox 2042 4465 3621 4530">
     <span class='ocr_line' id='line_1_91' title="bbox 2042 4465 3621 4530; baseline 0.004 -11"><span class='ocrx_word' id='word_1_657' title='bbox 2042 4465 2215 4520; x_wconf 66' lang='lat' dir='ltr'><strong>latriae</strong></span> <span class='ocrx_word' id='word_1_658' title='bbox 2240 4466 2412 4530; x_wconf 90' lang='lat' dir='ltr'><strong>lusus,</strong></span> <span class='ocrx_word' id='word_1_659' title='bbox 2447 4478 2502 4523; x_wconf 91' lang='lat' dir='ltr'><strong>et</strong></span> <span class='ocrx_word' id='word_1_660' title='bbox 2525 4468 2765 4521; x_wconf 88' lang='lat' dir='ltr'><strong>inanium</strong></span> <span class='ocrx_word' id='word_1_661' title='bbox 2803 4468 3221 4522; x_wconf 88' lang='lat' dir='ltr'><strong>simulacrorum</strong></span> <span class='ocrx_word' id='word_1_662' title='bbox 3249 4471 3621 4527; x_wconf 85' lang='lat' dir='ltr'><strong>adorationem</strong></span> 
     </span>
    </p>
   </div>
   <div class='ocr_carea' id='block_1_92' title="bbox 2039 4558 3620 4628">
    <p class='ocr_par' dir='ltr' id='par_1_92' title="bbox 2039 4558 3620 4628">
     <span class='ocr_line' id='line_1_92' title="bbox 2039 4558 3620 4628; baseline 0.007 -18"><span class='ocrx_word' id='word_1_663' title='bbox 2039 4558 2288 4627; x_wconf 87' lang='lat' dir='ltr'><strong>appellat.</strong></span> <span class='ocrx_word' id='word_1_664' title='bbox 2342 4560 2675 4628; x_wconf 86' lang='lat' dir='ltr'><strong>lmpietatem</strong></span> <span class='ocrx_word' id='word_1_665' title='bbox 2744 4560 2974 4614; x_wconf 81' lang='lat' dir='ltr'><strong>fortasse</strong></span> <span class='ocrx_word' id='word_1_666' title='bbox 3040 4561 3295 4628; x_wconf 89' lang='lat' dir='ltr'><strong>injuriam</strong></span> <span class='ocrx_word' id='word_1_667' title='bbox 3362 4566 3620 4621; x_wconf 79' lang='lat' dir='ltr'><strong>adversus</strong></span> 
     </span>
    </p>
   </div>
   <div class='ocr_carea' id='block_1_93' title="bbox 2041 4650 3621 4731">
    <p class='ocr_par' dir='ltr' id='par_1_93' title="bbox 2041 4650 3621 4731">
     <span class='ocr_line' id='line_1_93' title="bbox 2041 4650 3621 4731; baseline 0.006 -27"><span class='ocrx_word' id='word_1_668' title='bbox 2041 4650 2227 4706; x_wconf 87' lang='lat' dir='ltr'><strong>Deum.</strong></span> <span class='ocrx_word' id='word_1_669' title='bbox 2266 4650 2546 4718; x_wconf 84' lang='lat' dir='ltr'><strong>Quomodo</strong></span> <span class='ocrx_word' id='word_1_670' title='bbox 2570 4653 2710 4707; x_wconf 89' lang='lat' dir='ltr'><strong>enim</strong></span> <span class='ocrx_word' id='word_1_671' title='bbox 2748 4670 2851 4707; x_wconf 93' lang='lat' dir='ltr'><strong>non</strong></span> <span class='ocrx_word' id='word_1_672' title='bbox 2899 4664 2985 4708; x_wconf 92' lang='lat' dir='ltr'><strong>est</strong></span> <span class='ocrx_word' id='word_1_673' title='bbox 3040 4655 3235 4722; x_wconf 88' lang='lat' dir='ltr'><strong>injuria</strong></span> <span class='ocrx_word' id='word_1_674' title='bbox 3297 4658 3501 4731; x_wconf 78' lang='lat' dir='ltr'><strong>gravis,</strong></span> <span class='ocrx_word' id='word_1_675' title='bbox 3565 4668 3621 4714; x_wconf 87' lang='lat' dir='ltr'><strong>et</strong></span> 
     </span>
    </p>
   </div>
   <div class='ocr_carea' id='block_1_94' title="bbox 2039 4744 3620 4815">
    <p class='ocr_par' dir='ltr' id='par_1_94' title="bbox 2039 4744 3620 4815">
     <span class='ocr_line' id='line_1_94' title="bbox 2039 4744 3620 4815; baseline 0.006 -19"><span class='ocrx_word' id='word_1_676' title='bbox 2039 4744 2232 4797; x_wconf 86' lang='lat' dir='ltr'><strong>rationi</strong></span> <span class='ocrx_word' id='word_1_677' title='bbox 2267 4745 2809 4803; x_wconf 82' lang='lat' dir='ltr'><strong>maxime-contraria</strong></span> <span class='ocrx_word' id='word_1_678' title='bbox 2832 4786 2848 4811; x_wconf 95' lang='lat'><strong>,</strong></span> <span class='ocrx_word' id='word_1_679' title='bbox 2882 4745 3141 4815; x_wconf 88' lang='lat' dir='ltr'><strong>repellere</strong></span> <span class='ocrx_word' id='word_1_680' title='bbox 3175 4761 3368 4804; x_wconf 86' lang='lat' dir='ltr'><strong>natura</strong></span> <span class='ocrx_word' id='word_1_681' title='bbox 3392 4760 3447 4804; x_wconf 87' lang='lat' dir='ltr'><strong>et</strong></span> <span class='ocrx_word' id='word_1_682' title='bbox 3475 4752 3620 4805; x_wconf 89' lang='lat' dir='ltr'><strong>veri-</strong></span> 
     </span>
    </p>
   </div>
   <div class='ocr_carea' id='block_1_95' title="bbox 346 4808 1949 4914">
    <p class='ocr_par' dir='ltr' id='par_1_95' title="bbox 346 4808 1935 4914">
     <span class='ocr_line' id='line_1_95' title="bbox 346 4808 1935 4914; baseline 0.019 -52"><span class='ocrx_word' id='word_1_683' title='bbox 346 4808 599 4914; x_wconf 48' lang='grc' dir='ltr'>φύσει-τε</span> <span class='ocrx_word' id='word_1_684' title='bbox 637 4815 733 4914; x_wconf 67' lang='grc' dir='ltr'><strong>καὶ</strong></span> <span class='ocrx_word' id='word_1_685' title='bbox 776 4818 992 4889; x_wconf 84' lang='grc' dir='ltr'>ἀληθῶς</span> <span class='ocrx_word' id='word_1_686' title='bbox 1023 4822 1154 4878; x_wconf 76' lang='grc' dir='ltr'>ὄντα</span> <span class='ocrx_word' id='word_1_687' title='bbox 1194 4827 1345 4893; x_wconf 84' lang='grc' dir='ltr'>Θεὸν,</span> <span class='ocrx_word' id='word_1_688' title='bbox 1407 4808 1837 4902; x_wconf 71' lang='grc' dir='ltr'>προσκλίνεσθαι</span> <span class='ocrx_word' id='word_1_689' title='bbox 1876 4838 1935 4891; x_wconf 87' lang='grc' dir='ltr'>δὲ</span> 
     </span>
    </p>
   </div>
   <div class='ocr_carea' id='block_1_96' title="bbox 2053 4808 3617 4914">
    <p class='ocr_par' dir='ltr' id='par_1_96' title="bbox 2053 4808 3617 4914">
     <span class='ocr_line' id='line_1_96' title="bbox 2053 4808 3617 4914; baseline 0.004 -25"><span class='ocrx_word' id='word_1_690' title='bbox 2053 4844 2151 4890; x_wconf 77' lang='lat' dir='ltr'><strong>Late</strong></span> <span class='ocrx_word' id='word_1_691' title='bbox 2182 4837 2373 4901; x_wconf 84' lang='lat' dir='ltr'><strong>Deum,</strong></span> <span class='ocrx_word' id='word_1_692' title='bbox 2423 4846 2478 4890; x_wconf 90' lang='lat' dir='ltr'><strong>et</strong></span> <span class='ocrx_word' id='word_1_693' title='bbox 2503 4837 2568 4890; x_wconf 90' lang='lat' dir='ltr'><strong>ad</strong></span> <span class='ocrx_word' id='word_1_694' title='bbox 2603 4808 2842 4907; x_wconf 30' lang='lat' dir='ltr'><strong>lignaet&#39;</strong></span> <span class='ocrx_word' id='word_1_695' title='bbox 2867 4808 3169 4906; x_wconf 69' lang='lat' dir='ltr'><strong>lapidesse</strong></span> <span class='ocrx_word' id='word_1_696' title='bbox 3202 4842 3496 4914; x_wconf 84' lang='lat' dir='ltr'><strong>applicare,</strong></span> <span class='ocrx_word' id='word_1_697' title='bbox 3523 4858 3617 4896; x_wconf 90' lang='lat' dir='ltr'><strong>seu</strong></span> 
     </span>
    </p>
   </div>
   <div class='ocr_carea' id='block_1_97' title="bbox 343 4902 1932 4998">
    <p class='ocr_par' dir='ltr' id='par_1_97' title="bbox 343 4902 1932 4998">
     <span class='ocr_line' id='line_1_97' title="bbox 343 4902 1932 4998; baseline 0.016 -43"><span class='ocrx_word' id='word_1_698' title='bbox 343 4902 575 4998; x_wconf 77' lang='grc' dir='ltr'>ἀμαθῶς</span> <span class='ocrx_word' id='word_1_699' title='bbox 631 4906 809 4974; x_wconf 83' lang='grc' dir='ltr'>ξύλοις</span> <span class='ocrx_word' id='word_1_700' title='bbox 841 4928 901 4964; x_wconf 85' lang='grc' dir='ltr'><strong>τε</strong></span> <span class='ocrx_word' id='word_1_701' title='bbox 934 4914 1031 4967; x_wconf 79' lang='grc' dir='ltr'>καὶ</span> <span class='ocrx_word' id='word_1_702' title='bbox 1063 4914 1264 4981; x_wconf 83' lang='grc' dir='ltr'>λίθοις’</span> <span class='ocrx_word' id='word_1_703' title='bbox 1296 4920 1465 4990; x_wconf 72' lang='grc' dir='ltr'>ἤγουν</span> <span class='ocrx_word' id='word_1_704' title='bbox 1500 4929 1829 4993; x_wconf 86' lang='grc' dir='ltr'>προσκυνεῖν</span> <span class='ocrx_word' id='word_1_705' title='bbox 1865 4930 1932 4998; x_wconf 76' lang='grc' dir='ltr'>τῇ</span> 
     </span>
    </p>
   </div>
   <div class='ocr_carea' id='block_1_98' title="bbox 343 4996 1936 5089">
    <p class='ocr_par' dir='ltr' id='par_1_98' title="bbox 343 4996 1936 5089">
     <span class='ocr_line' id='line_1_98' title="bbox 343 4996 1936 5089; baseline 0.016 -41"><span class='ocrx_word' id='word_1_706' title='bbox 343 4996 543 5061; x_wconf 84' lang='grc' dir='ltr'>κτίσει,</span> <span class='ocrx_word' id='word_1_707' title='bbox 569 5002 720 5071; x_wconf 85' lang='grc' dir='ltr'>παρὰ</span> <span class='ocrx_word' id='word_1_708' title='bbox 738 5002 832 5057; x_wconf 82' lang='grc' dir='ltr'><strong>τὸν</strong></span> <span class='ocrx_word' id='word_1_709' title='bbox 852 5005 1143 5075; x_wconf 86' lang='grc' dir='ltr'>κτίσαντα,.</span> <span class='ocrx_word' id='word_1_710' title='bbox 1158 5010 1253 5065; x_wconf 76' lang='grc' dir='ltr'><strong>καὶ</strong></span> <span class='ocrx_word' id='word_1_711' title='bbox 1277 5014 1626 5079; x_wconf 88' lang='grc' dir='ltr'>Δεσποτικοῖς</span> <span class='ocrx_word' id='word_1_712' title='bbox 1647 4996 1936 5089; x_wconf 80' lang='grc' dir='ltr'>ὑψώμασιν</span> 
     </span>
    </p>
   </div>
   <div class='ocr_carea' id='block_1_99' title="bbox 343 5088 1936 5179">
    <p class='ocr_par' dir='ltr' id='par_1_99' title="bbox 343 5088 1936 5179">
     <span class='ocr_line' id='line_1_99' title="bbox 343 5088 1936 5179; baseline 0.016 -40"><span class='ocrx_word' id='word_1_713' title='bbox 343 5088 641 5158; x_wconf 76' lang='grc' dir='ltr'>ἐπιχειρεῖν</span> <span class='ocrx_word' id='word_1_714' title='bbox 673 5096 973 5164; x_wconf 81' lang='grc' dir='ltr'>στεφανοῦν</span> <span class='ocrx_word' id='word_1_715' title='bbox 1016 5099 1087 5153; x_wconf 83' lang='grc' dir='ltr'>τὰ</span> <span class='ocrx_word' id='word_1_716' title='bbox 1125 5103 1255 5173; x_wconf 79' lang='grc' dir='ltr'>παρ’</span> <span class='ocrx_word' id='word_1_717' title='bbox 1299 5104 1465 5159; x_wconf 84' lang='grc' dir='ltr'>αὑτοῦ</span> <span class='ocrx_word' id='word_1_718' title='bbox 1527 5108 1665 5179; x_wconf 85' lang='grc' dir='ltr'>πρὸς</span> <span class='ocrx_word' id='word_1_719' title='bbox 1693 5088 1936 5166; x_wconf 83' lang='grc' dir='ltr'>τὸεῖναι</span> 
     </span>
    </p>
   </div>
   <div class='ocr_carea' id='block_1_100' title="bbox 344 5183 837 5253">
    <p class='ocr_par' dir='ltr' id='par_1_100' title="bbox 344 5183 837 5253">
     <span class='ocr_line' id='line_1_100' title="bbox 344 5183 837 5253; baseline 0.02 -24"><span class='ocrx_word' id='word_1_720' title='bbox 344 5183 800 5253; x_wconf 81' lang='grc' dir='ltr'>παρενηνεγμένα</span> <span class='ocrx_word' id='word_1_721' title='bbox 822 5203 837 5253; x_wconf 90' lang='lat'><strong>;</strong></span> 
     </span>
    </p>
   </div>
   <div class='ocr_carea' id='block_1_101' title="bbox 412 5270 1934 5361">
    <p class='ocr_par' dir='ltr' id='par_1_101' title="bbox 412 5270 1934 5361">
     <span class='ocr_line' id='line_1_101' title="bbox 412 5270 1934 5361; baseline 0.016 -38"><span class='ocrx_word' id='word_1_722' title='bbox 412 5270 544 5324; x_wconf 81' lang='grc' dir='ltr'><strong>Νῦν</strong></span> <span class='ocrx_word' id='word_1_723' title='bbox 587 5272 742 5343; x_wconf 73' lang='grc' dir='ltr'>ἔγνω</span> <span class='ocrx_word' id='word_1_724' title='bbox 784 5278 1008 5346; x_wconf 80' lang='grc' dir='ltr'>αὐτοὺς</span> <span class='ocrx_word' id='word_1_725' title='bbox 1038 5284 1072 5335; x_wconf 88' lang='grc' dir='ltr'><em>ὀ</em></span> <span class='ocrx_word' id='word_1_726' title='bbox 1114 5282 1278 5349; x_wconf 84' lang='grc' dir='ltr'>Θεὸς,</span> <span class='ocrx_word' id='word_1_727' title='bbox 1313 5287 1413 5340; x_wconf 81' lang='grc' dir='ltr'>καὶ</span> <span class='ocrx_word' id='word_1_728' title='bbox 1442 5287 1590 5355; x_wconf 82' lang='grc' dir='ltr'>ναὸς</span> <span class='ocrx_word' id='word_1_729' title='bbox 1621 5289 1788 5361; x_wconf 75' lang='grc' dir='ltr'>ἅγιος</span> <span class='ocrx_word' id='word_1_730' title='bbox 1838 5309 1934 5347; x_wconf 76' lang='grc' dir='ltr'>κε-</span> 
     </span>
    </p>
   </div>
   <div class='ocr_carea' id='block_1_102' title="bbox 344 5362 850 5429">
    <p class='ocr_par' dir='ltr' id='par_1_102' title="bbox 344 5362 850 5429">
     <span class='ocr_line' id='line_1_102' title="bbox 344 5362 850 5429; baseline 0.02 -15"><span class='ocrx_word' id='word_1_731' title='bbox 344 5362 641 5429; x_wconf 69' lang='grc' dir='ltr'>κλήσεται</span> <span class='ocrx_word' id='word_1_732' title='bbox 680 5368 850 5424; x_wconf 84' lang='grc' dir='ltr'>Θεοῦ.</span> 
     </span>
    </p>
   </div>
   <div class='ocr_carea' id='block_1_103' title="bbox 413 5455 1930 5544">
    <p class='ocr_par' dir='ltr' id='par_1_103' title="bbox 413 5455 1930 5544">
     <span class='ocr_line' id='line_1_103' title="bbox 413 5455 1930 5544; baseline 0.013 -38"><span class='ocrx_word' id='word_1_733' title='bbox 413 5455 580 5509; x_wconf 84' lang='grc' dir='ltr'><strong>ΡΛΔ’.</strong></span> <span class='ocrx_word' id='word_1_734' title='bbox 634 5456 941 5516; x_wconf 80' lang='grc' dir='ltr'>Ἐκύκλωσε</span> <span class='ocrx_word' id='word_1_735' title='bbox 978 5464 1078 5536; x_wconf 81' lang='grc' dir='ltr'>μὲν</span> <span class='ocrx_word' id='word_1_736' title='bbox 1121 5466 1180 5519; x_wconf 78' lang='grc' dir='ltr'>ἐν</span> <span class='ocrx_word' id='word_1_737' title='bbox 1219 5466 1402 5537; x_wconf 81' lang='grc' dir='ltr'>ψεύδει</span> <span class='ocrx_word' id='word_1_738' title='bbox 1439 5487 1506 5540; x_wconf 89' lang='grc' dir='ltr'><strong>με</strong></span> <span class='ocrx_word' id='word_1_739' title='bbox 1549 5471 1644 5524; x_wconf 73' lang='grc' dir='ltr'><strong>καὶ</strong></span> <span class='ocrx_word' id='word_1_740' title='bbox 1676 5471 1930 5544; x_wconf 81' lang='grc' dir='ltr'>ἀσεϐείᾳ,</span> 
     </span>
    </p>
   </div>
   <div class='ocr_carea' id='block_1_104' title="bbox 343 5546 1934 5635">
    <p class='ocr_par' dir='ltr' id='par_1_104' title="bbox 343 5546 1934 5635">
     <span class='ocr_line' id='line_1_104' title="bbox 343 5546 1934 5635; baseline 0.002 -20"><span class='ocrx_word' id='word_1_741' title='bbox 343 5547 530 5616; x_wconf 70' lang='grc' dir='ltr'>φησὶν,</span> <span class='ocrx_word' id='word_1_742' title='bbox 578 5546 726 5616; x_wconf 77' lang='grc' dir='ltr'>οἶκος</span> <span class='ocrx_word' id='word_1_743' title='bbox 758 5554 998 5628; x_wconf 80' lang='grc' dir='ltr'>Ἐφραῒμ</span> <span class='ocrx_word' id='word_1_744' title='bbox 1052 5560 1147 5613; x_wconf 72' lang='grc' dir='ltr'><strong>καὶ</strong></span> <span class='ocrx_word' id='word_1_745' title='bbox 1211 5561 1397 5616; x_wconf 81' lang='grc' dir='ltr'>Ἰούδα.</span> <span class='ocrx_word' id='word_1_746' title='bbox 1444 5563 1591 5635; x_wconf 79' lang='grc' dir='ltr'>Πλὴν</span> <span class='ocrx_word' id='word_1_747' title='bbox 1626 5564 1721 5617; x_wconf 72' lang='grc' dir='ltr'><strong>καὶ</strong></span> <span class='ocrx_word' id='word_1_748' title='bbox 1760 5564 1934 5630; x_wconf 80' lang='grc' dir='ltr'>οὕτως</span> 
     </span>
    </p>
   </div>
   <div class='ocr_carea' id='block_1_105' title="bbox 343 5638 1930 5729">
    <p class='ocr_par' dir='ltr' id='par_1_105' title="bbox 343 5638 1930 5729">
     <span class='ocr_line' id='line_1_105' title="bbox 343 5638 1930 5729; baseline 0.014 -38"><span class='ocrx_word' id='word_1_749' title='bbox 343 5638 537 5710; x_wconf 75' lang='grc' dir='ltr'>ἔσομαι</span> <span class='ocrx_word' id='word_1_750' title='bbox 562 5644 818 5714; x_wconf 80' lang='grc' dir='ltr'>χρηστὸς,</span> <span class='ocrx_word' id='word_1_751' title='bbox 848 5647 1161 5723; x_wconf 87' lang='grc' dir='ltr'>σύμμετρον</span> <span class='ocrx_word' id='word_1_752' title='bbox 1193 5654 1377 5719; x_wconf 82' lang='grc' dir='ltr'>αὐτοῖς</span> <span class='ocrx_word' id='word_1_753' title='bbox 1408 5657 1627 5725; x_wconf 74' lang='grc' dir='ltr'>ἐπάγων</span> <span class='ocrx_word' id='word_1_754' title='bbox 1649 5658 1747 5729; x_wconf 78' lang='grc' dir='ltr'>τὴν</span> <span class='ocrx_word' id='word_1_755' title='bbox 1774 5658 1930 5729; x_wconf 86' lang='grc' dir='ltr'>κίνη-</span> 
     </span>
    </p>
   </div>
   <div class='ocr_carea' id='block_1_106' title="bbox 343 5734 1931 5820">
    <p class='ocr_par' dir='ltr' id='par_1_106' title="bbox 343 5734 1931 5820">
     <span class='ocr_line' id='line_1_106' title="bbox 343 5734 1931 5820; baseline 0.013 -36"><span class='ocrx_word' id='word_1_756' title='bbox 343 5746 452 5788; x_wconf 91' lang='grc' dir='ltr'>σιν.</span> <span class='ocrx_word' id='word_1_757' title='bbox 486 5734 670 5803; x_wconf 83' lang='grc' dir='ltr'>Ἔγνω</span> <span class='ocrx_word' id='word_1_758' title='bbox 697 5737 808 5810; x_wconf 81' lang='grc' dir='ltr'>γὰρ</span> <span class='ocrx_word' id='word_1_759' title='bbox 851 5741 1067 5809; x_wconf 78' lang='grc' dir='ltr'>αὐτοὺς,</span> <span class='ocrx_word' id='word_1_760' title='bbox 1097 5743 1172 5809; x_wconf 84' lang='grc' dir='ltr'><strong>ὡς</strong></span> <span class='ocrx_word' id='word_1_761' title='bbox 1205 5746 1306 5800; x_wconf 88' lang='grc' dir='ltr'><strong>οὑκ</strong></span> <span class='ocrx_word' id='word_1_762' title='bbox 1348 5746 1415 5800; x_wconf 85' lang='grc' dir='ltr'>ἂν</span> <span class='ocrx_word' id='word_1_763' title='bbox 1449 5749 1651 5820; x_wconf 77' lang='grc' dir='ltr'>ἑτέρως</span> <span class='ocrx_word' id='word_1_764' title='bbox 1682 5749 1931 5804; x_wconf 87' lang='grc' dir='ltr'>δύναιντο</span> 
     </span>
    </p>
   </div>
   <div class='ocr_carea' id='block_1_107' title="bbox 344 5823 1927 5908">
    <p class='ocr_par' dir='ltr' id='par_1_107' title="bbox 344 5823 1927 5908">
     <span class='ocr_line' id='line_1_107' title="bbox 344 5823 1927 5908; baseline 0.009 -27"><span class='ocrx_word' id='word_1_765' title='bbox 344 5823 415 5881; x_wconf 70' lang='grc' dir='ltr'>τὰ</span> <span class='ocrx_word' id='word_1_766' title='bbox 456 5825 664 5897; x_wconf 79' lang='grc' dir='ltr'>ἀμείνω</span> <span class='ocrx_word' id='word_1_767' title='bbox 700 5832 1056 5901; x_wconf 79' lang='grc' dir='ltr'>μεταμαθεῖν,</span> <span class='ocrx_word' id='word_1_768' title='bbox 1104 5837 1149 5889; x_wconf 82' lang='grc' dir='ltr'>εἰ</span> <span class='ocrx_word' id='word_1_769' title='bbox 1194 5838 1267 5908; x_wconf 84' lang='grc' dir='ltr'>μή</span> <span class='ocrx_word' id='word_1_770' title='bbox 1307 5855 1357 5891; x_wconf 89' lang='grc' dir='ltr'><strong>τι</strong></span> <span class='ocrx_word' id='word_1_771' title='bbox 1402 5840 1492 5896; x_wconf 77' lang='grc' dir='ltr'><strong>καὶ</strong></span> <span class='ocrx_word' id='word_1_772' title='bbox 1539 5839 1760 5895; x_wconf 75' lang='grc' dir='ltr'>πάθοιεν</span> <span class='ocrx_word' id='word_1_773' title='bbox 1799 5840 1927 5908; x_wconf 83' lang='grc' dir='ltr'>τῶν,</span> 
     </span>
    </p>
   </div>
   <div class='ocr_carea' id='block_1_108' title="bbox 2036 4929 3620 5002">
    <p class='ocr_par' dir='ltr' id='par_1_108' title="bbox 2036 4929 3620 5002">
     <span class='ocr_line' id='line_1_108' title="bbox 2036 4929 3620 5002; baseline 0.002 -20"><span class='ocrx_word' id='word_1_774' title='bbox 2036 4929 2264 4982; x_wconf 87' lang='lat' dir='ltr'><strong>adorare</strong></span> <span class='ocrx_word' id='word_1_775' title='bbox 2292 4936 2599 4983; x_wconf 87' lang='lat' dir='ltr'><strong>creaturam</strong></span> <span class='ocrx_word' id='word_1_776' title='bbox 2661 4929 2849 4984; x_wconf 89' lang='lat' dir='ltr'><strong>relicto</strong></span> <span class='ocrx_word' id='word_1_777' title='bbox 2874 4929 3160 4996; x_wconf 85' lang='lat' dir='ltr'><strong>Creatore,</strong></span> <span class='ocrx_word' id='word_1_778' title='bbox 3198 4942 3391 5000; x_wconf 77' lang='lat' dir='ltr'><strong>etqua:</strong></span> <span class='ocrx_word' id='word_1_779' title='bbox 3412 4934 3478 4987; x_wconf 89' lang='lat' dir='ltr'><strong>ab</strong></span> <span class='ocrx_word' id='word_1_780' title='bbox 3505 4934 3620 5002; x_wconf 83' lang='lat' dir='ltr'><strong>ipso</strong></span> 
     </span>
    </p>
   </div>
   <div class='ocr_carea' id='block_1_109' title="bbox 2038 5018 3618 5093">
    <p class='ocr_par' dir='ltr' id='par_1_109' title="bbox 2038 5018 3618 5093">
     <span class='ocr_line' id='line_1_109' title="bbox 2038 5018 3618 5093; baseline 0.003 -21"><span class='ocrx_word' id='word_1_781' title='bbox 2038 5028 2097 5073; x_wconf 91' lang='lat' dir='ltr'><strong>ut</strong></span> <span class='ocrx_word' id='word_1_782' title='bbox 2124 5027 2306 5073; x_wconf 89' lang='lat' dir='ltr'><strong>essent</strong></span> <span class='ocrx_word' id='word_1_783' title='bbox 2339 5018 2596 5087; x_wconf 86' lang='lat' dir='ltr'><strong>producta</strong></span> <span class='ocrx_word' id='word_1_784' title='bbox 2624 5031 2769 5086; x_wconf 88' lang='lat' dir='ltr'><strong>sunt,</strong></span> <span class='ocrx_word' id='word_1_785' title='bbox 2803 5019 2891 5074; x_wconf 90' lang='lat' dir='ltr'><strong>illa</strong></span> <span class='ocrx_word' id='word_1_786' title='bbox 2942 5021 3012 5075; x_wconf 86' lang='lat' dir='ltr'><strong>ad</strong></span> <span class='ocrx_word' id='word_1_787' title='bbox 3059 5021 3335 5093; x_wconf 80' lang='lat' dir='ltr'><strong>fastigium</strong></span> <span class='ocrx_word' id='word_1_788' title='bbox 3394 5022 3618 5077; x_wconf 88' lang='lat' dir='ltr'><strong>Domino</strong></span> 
     </span>
    </p>
   </div>
   <div class='ocr_carea' id='block_1_110' title="bbox 2038 5111 2627 5182">
    <p class='ocr_par' dir='ltr' id='par_1_110' title="bbox 2038 5111 2627 5182">
     <span class='ocr_line' id='line_1_110' title="bbox 2038 5111 2627 5182; baseline 0.002 -17"><span class='ocrx_word' id='word_1_789' title='bbox 2038 5111 2317 5182; x_wconf 87' lang='lat' dir='ltr'><strong>proprium</strong></span> <span class='ocrx_word' id='word_1_790' title='bbox 2340 5111 2627 5167; x_wconf 84' lang='lat' dir='ltr'><strong>extollere!</strong></span> 
     </span>
    </p>
   </div>
   <div class='ocr_carea' id='block_1_111' title="bbox 2113 5290 3614 5362">
    <p class='ocr_par' dir='ltr' id='par_1_111' title="bbox 2113 5290 3614 5362">
     <span class='ocr_line' id='line_1_111' title="bbox 2113 5290 3614 5362; baseline 0.002 -18"><span class='ocrx_word' id='word_1_791' title='bbox 2113 5290 2270 5345; x_wconf 79' lang='lat' dir='ltr'><strong>Nunc</strong></span> <span class='ocrx_word' id='word_1_792' title='bbox 2300 5293 2534 5361; x_wconf 81' lang='lat' dir='ltr'><strong>cognovit</strong></span> <span class='ocrx_word' id='word_1_793' title='bbox 2572 5308 2659 5346; x_wconf 80' lang='lat' dir='ltr'><strong>eos</strong></span> <span class='ocrx_word' id='word_1_794' title='bbox 2704 5291 2871 5359; x_wconf 79' lang='lat' dir='ltr'><strong>Deus,</strong></span> <span class='ocrx_word' id='word_1_795' title='bbox 2904 5303 2950 5346; x_wconf 86' lang='lat' dir='ltr'><strong>et</strong></span> <span class='ocrx_word' id='word_1_796' title='bbox 2982 5292 3229 5362; x_wconf 79' lang='lat' dir='ltr'><strong>templum</strong></span> <span class='ocrx_word' id='word_1_797' title='bbox 3259 5301 3497 5346; x_wconf 77' lang='lat' dir='ltr'><strong>sanciunt</strong></span> <span class='ocrx_word' id='word_1_798' title='bbox 3528 5310 3614 5347; x_wconf 79' lang='lat' dir='ltr'><strong>t&#39;O-</strong></span> 
     </span>
    </p>
   </div>
   <div class='ocr_carea' id='block_1_112' title="bbox 2038 5382 2383 5438">
    <p class='ocr_par' dir='ltr' id='par_1_112' title="bbox 2038 5382 2383 5438">
     <span class='ocr_line' id='line_1_112' title="bbox 2038 5382 2383 5438; baseline 0 -1"><span class='ocrx_word' id='word_1_799' title='bbox 2038 5383 2243 5438; x_wconf 81' lang='lat' dir='ltr'><strong>cabitur</strong></span> <span class='ocrx_word' id='word_1_800' title='bbox 2266 5382 2383 5437; x_wconf 89' lang='lat' dir='ltr'><strong>Dei.</strong></span> 
     </span>
    </p>
   </div>
   <div class='ocr_carea' id='block_1_113' title="bbox 2107 5474 3631 5546">
    <p class='ocr_par' dir='ltr' id='par_1_113' title="bbox 2107 5474 3631 5546">
     <span class='ocr_line' id='line_1_113' title="bbox 2107 5474 3631 5546; baseline 0.001 -15"><span class='ocrx_word' id='word_1_801' title='bbox 2107 5474 2392 5531; x_wconf 79' lang='lat' dir='ltr'><strong>CXXXIV.</strong></span> <span class='ocrx_word' id='word_1_802' title='bbox 2429 5476 2797 5532; x_wconf 88' lang='lat' dir='ltr'><strong>Circumdedit</strong></span> <span class='ocrx_word' id='word_1_803' title='bbox 2826 5491 2909 5531; x_wconf 90' lang='lat' dir='ltr'><strong>me</strong></span> <span class='ocrx_word' id='word_1_804' title='bbox 2954 5476 3174 5546; x_wconf 83' lang='lat' dir='ltr'><strong>quidem</strong></span> <span class='ocrx_word' id='word_1_805' title='bbox 3222 5478 3275 5530; x_wconf 90' lang='lat' dir='ltr'><strong>in</strong></span> <span class='ocrx_word' id='word_1_806' title='bbox 3333 5478 3631 5533; x_wconf 74' lang='lat' dir='ltr'><strong>mendacia</strong></span> 
     </span>
    </p>
   </div>
   <div class='ocr_carea' id='block_1_114' title="bbox 2039 5566 3617 5639">
    <p class='ocr_par' dir='ltr' id='par_1_114' title="bbox 2039 5566 3617 5639">
     <span class='ocr_line' id='line_1_114' title="bbox 2039 5566 3617 5639; baseline 0.001 -16"><span class='ocrx_word' id='word_1_807' title='bbox 2039 5577 2089 5623; x_wconf 87' lang='lat' dir='ltr'><strong>et</strong></span> <span class='ocrx_word' id='word_1_808' title='bbox 2124 5568 2400 5639; x_wconf 90' lang='lat' dir='ltr'><strong>impietate</strong></span> <span class='ocrx_word' id='word_1_809' title='bbox 2429 5570 2620 5624; x_wconf 89' lang='lat' dir='ltr'><strong>domus</strong></span> <span class='ocrx_word' id='word_1_810' title='bbox 2660 5569 2915 5638; x_wconf 87' lang='lat' dir='ltr'><strong>Ephraim</strong></span> <span class='ocrx_word' id='word_1_811' title='bbox 2949 5578 3002 5623; x_wconf 91' lang='lat' dir='ltr'><strong>et</strong></span> <span class='ocrx_word' id='word_1_812' title='bbox 3044 5566 3202 5635; x_wconf 88' lang='lat' dir='ltr'><strong>Juda,</strong></span> <span class='ocrx_word' id='word_1_813' title='bbox 3256 5569 3448 5639; x_wconf 86' lang='lat' dir='ltr'><strong>inquit.</strong></span> <span class='ocrx_word' id='word_1_814' title='bbox 3507 5569 3617 5625; x_wconf 82' lang='lat' dir='ltr'><strong>Ve-</strong></span> 
     </span>
    </p>
   </div>
   <div class='ocr_carea' id='block_1_115' title="bbox 2039 5660 3612 5731">
    <p class='ocr_par' dir='ltr' id='par_1_115' title="bbox 2039 5660 3612 5731">
     <span class='ocr_line' id='line_1_115' title="bbox 2039 5660 3612 5731; baseline 0.002 -17"><span class='ocrx_word' id='word_1_815' title='bbox 2039 5669 2341 5716; x_wconf 86' lang='lat' dir='ltr'><strong>rumtamen</strong></span> <span class='ocrx_word' id='word_1_816' title='bbox 2371 5660 2535 5716; x_wconf 87' lang='lat' dir='ltr'><strong>etiam</strong></span> <span class='ocrx_word' id='word_1_817' title='bbox 2570 5660 2651 5715; x_wconf 88' lang='lat' dir='ltr'><strong>sic</strong></span> <span class='ocrx_word' id='word_1_818' title='bbox 2679 5660 2921 5715; x_wconf 87' lang='lat' dir='ltr'><strong>clemens</strong></span> <span class='ocrx_word' id='word_1_819' title='bbox 2948 5674 3063 5726; x_wconf 89' lang='lat' dir='ltr'><strong>ero,</strong></span> <span class='ocrx_word' id='word_1_820' title='bbox 3111 5661 3180 5729; x_wconf 88' lang='lat' dir='ltr'><strong>si,</strong></span> <span class='ocrx_word' id='word_1_821' title='bbox 3216 5670 3274 5717; x_wconf 91' lang='lat' dir='ltr'><strong>ut</strong></span> <span class='ocrx_word' id='word_1_822' title='bbox 3311 5672 3612 5731; x_wconf 86' lang='lat' dir='ltr'><strong>merentur,</strong></span> 
     </span>
    </p>
   </div>
   <div class='ocr_carea' id='block_1_116' title="bbox 2040 5751 3614 5828">
    <p class='ocr_par' dir='ltr' id='par_1_116' title="bbox 2040 5751 3614 5828">
     <span class='ocr_line' id='line_1_116' title="bbox 2040 5751 3614 5828; baseline 0.004 -21"><span class='ocrx_word' id='word_1_823' title='bbox 2040 5751 2144 5809; x_wconf 89' lang='lat' dir='ltr'><strong>illis</strong></span> <span class='ocrx_word' id='word_1_824' title='bbox 2206 5753 2433 5810; x_wconf 89' lang='lat' dir='ltr'><strong>irascar.</strong></span> <span class='ocrx_word' id='word_1_825' title='bbox 2483 5752 2699 5809; x_wconf 86' lang='lat' dir='ltr'><strong>Sciebat</strong></span> <span class='ocrx_word' id='word_1_826' title='bbox 2749 5752 2894 5808; x_wconf 90' lang='lat' dir='ltr'><strong>enim</strong></span> <span class='ocrx_word' id='word_1_827' title='bbox 2945 5768 3039 5809; x_wconf 92' lang='lat' dir='ltr'><strong>eos</strong></span> <span class='ocrx_word' id='word_1_828' title='bbox 3083 5770 3188 5810; x_wconf 88' lang='lat' dir='ltr'><strong>non</strong></span> <span class='ocrx_word' id='word_1_829' title='bbox 3235 5755 3393 5810; x_wconf 89' lang='lat' dir='ltr'><strong>aliter</strong></span> <span class='ocrx_word' id='word_1_830' title='bbox 3435 5758 3614 5828; x_wconf 86' lang='lat' dir='ltr'><strong>denuo</strong></span> 
     </span>
    </p>
   </div>
   <div class='ocr_carea' id='block_1_117' title="bbox 2042 5830 3617 5919">
    <p class='ocr_par' dir='ltr' id='par_1_117' title="bbox 2042 5830 3617 5919">
     <span class='ocr_line' id='line_1_117' title="bbox 2042 5830 3617 5919; baseline 0.001 -18"><span class='ocrx_word' id='word_1_831' title='bbox 2042 5830 2199 5915; x_wconf 80' lang='lat' dir='ltr'><strong>posse</strong></span> <span class='ocrx_word' id='word_1_832' title='bbox 2232 5844 2453 5903; x_wconf 83' lang='lat' dir='ltr'><strong>meliora</strong></span> <span class='ocrx_word' id='word_1_833' title='bbox 2486 5846 2715 5913; x_wconf 87' lang='lat' dir='ltr'><strong>discere,</strong></span> <span class='ocrx_word' id='word_1_834' title='bbox 2753 5845 2857 5902; x_wconf 86' lang='lat' dir='ltr'><strong>nisi</strong></span> <span class='ocrx_word' id='word_1_835' title='bbox 2889 5846 3131 5917; x_wconf 66' lang='lat' dir='ltr'><strong>quantam</strong></span> <span class='ocrx_word' id='word_1_836' title='bbox 3162 5848 3332 5906; x_wconf 87' lang='lat' dir='ltr'><strong>tristia</strong></span> <span class='ocrx_word' id='word_1_837' title='bbox 3364 5844 3617 5919; x_wconf 61' lang='lat' dir='ltr'><strong>pat&#39;erene</strong></span> 
     </span>
    </p>
   </div>
  </div>
