4110 6368
425 329 533 391 979

1409 302 1485 390 ἐ.
1526 329 1797 389 cuum
1831 327 2310 388 ALEXAND!!th
2346 329 2674 388 sncmm

3590 327 3702 386 280

425 459 539 509 tur,
568 452 623 501 et
651 443 720 501 ad
750 412 967 501 sensum
997 443 1411 501 commissorum
1445 454 1795 516 peccatoru
1840 444 2012 499 addu-

2146 460 2213 497 σα
2240 442 2563 509 καταλυπεϊ,
2599 441 2694 496 καὶ
2728 441 2887 496 καλεῖ
2915 441 3051 513 πρὸς
3094 440 3350 513 αἴσθησιν
3378 437 3487 494 τῶν
3514 439 3697 510 ἡμαρο

427 546 704 597 cerentur.
726 537 989 609 Cognovit
1011 537 1172 606 igitur
1197 552 1293 594 eos
1326 537 1486 605 Deus,
1513 538 1615 596 hoc
1660 548 1766 604 est,
1792 537 2009 594 modum

428 626 709 682 industrie
742 625 873 696 ipsis
896 623 1193 695 proluturre
1243 641 1351 681 non
1396 627 1643 683 nescivit.
1688 625 1800 682 Nec
1833 625 2011 682 fructu

429 718 571 790 apud
601 731 696 774 eos
725 732 812 774 res
837 716 1066 774 carebit.
1090 716 1381 789 Continget
1412 720 1558 775 enim
1591 720 1719 776 hinc
1757 719 1922 774 etiam
1956 719 2013 771 in

428 810 646 882 templis
676 812 879 868 sanctis
908 826 1002 868 eos
1029 812 1266 868 censeri.
1299 812 1481 870 Semel
1504 814 1653 869 enim
1679 812 1842 869 insita
1885 828 2014 883 pra-

431 906 599 961 vitate
628 904 789 978 167
822 920 920 975 per
958 904 1173 962 labores
1211 914 1265 961 et
1309 905 1686 962 tribulationes
1722 904 2012 973 tabeiacta,

432 999 549 1065 puri
595 1007 651 1053 et
674 997 850 1053 sancti
875 1006 1056 1063 erunt,
1106 1006 1164 1055 et
1207 998 1536 1067 experientia
1582 997 1749 1066 docti,
1799 1013 2014 1069 germa-

435 1104 562 1145 nam
590 1091 646 1145 in
694 1091 861 1146 Deum
896 1090 1218 1145 charitatem
1255 1105 1446 1146 omnes
1481 1090 1610 1161 ipsis
1643 1090 1865 1147 delicias
1899 1090 2017 1146 feli-

434 1182 737 1254 eitatesque
799 1182 1249 1249 conciliaturam;
1299 1183 1755 1254 quemadmodum
1808 1184 2018 1240 scilicet

434 1279 721 1345 apostasia:
741 1277 956 1347 piacula
990 1278 1043 1334 in
1078 1278 1394 1335 servitutem
1422 1287 1477 1333 et
1510 1276 1853 1335 aﬁlictionem
1886 1293 2020 1350 pra:-

434 1368 683 1441 eipitant.

1219 1594 1232 1609 .
1271 1552 1387 1609 Xll.

1219 1594 1232 1609 .
1345 1552 1387 1609 l.

510 1640 675 1699 Vsus.
710 1642 761 1697 1.
794 1643 1051 1712 Epkraim
1081 1552 1212 1701 5::
1229 1552 1404 1702 ηιξίιιε
1441 1648 1679 1719 spiritus,
1720 1659 2021 1718 persecutus

2110 534 2382 605 τημένων.
2411 534 2594 603 Ἔγνω
2619 532 2800 587 τοίνυν
2822 533 3022 597 αὐτοὺς
3043 534 3077 586 ό
3104 532 3257 596 Θεὸς,
3278 530 3574 595 τουτέστιν,
3601 531 3701 583 οὐκ

2111 625 2347 696 ἠγνόηκε
2400 627 2502 697 τῆς
2549 624 2866 696 ὠφελούσης
2922 624 3120 687 αὐτοὺς
3165 620 3552 693 ἐπιστρεφείας
3602 620 3703 692 τὴν

2113 716 2249 771 ὁδόν.
2283 717 2393 771 Καὶ
2419 718 2518 771 οὐκ
2555 717 2814 788 ἀνόνητον
2851 715 3006 770 ἐσται
3037 715 3100 769 τὺ
3126 714 3315 787 χρῆμα
3346 713 3550 776 αὐτοῖς.
3587 713 3706 766 Ἐκ-

2114 810 2343 880 ϐήσεται
2382 809 2491 885 γὰρ
2536 808 2791 864 ἐντεῦθεν
2814 809 2874 862 τὸ
2906 809 3003 861 καὶ
3050 808 3108 862 ἐν
3139 809 3285 870 ναοῖς
3328 806 3506 873 ἁγίοις
3535 820 3705 857 κατα-

2113 903 2405 956 τάττεσθαι
2443 902 2602 958 Θεοῦ,
2639 898 2996 972 Ἐκτακείσης
3026 899 3137 972 γὰρ
3168 897 3319 963 ἅπαξ
3342 897 3445 966 τῆς
3475 895 3704 965 ἐνούσης

2116 995 2300 1059 αὐτοῖς
2331 994 2665 1065 φαυλότητος
2699 994 2789 1048 διὰ
2830 992 2995 1046 πόνου
3051 992 3146 1045 καὶ
3177 989 3431 1061 θλίψεων,
3475 986 3706 1059 καθαροί

2116 1107 2175 1143 τε
2213 1088 2423 1143 ἔσονται
2474 1088 2569 1142 καὶ
2598 1086 2946 1159 ἡγιασμένοι,
2978 1085 3074 1139 καὶ
3108 1083 3276 1155 πείρᾳ
3307 1080 3595 1154 μαθόντες,
3624 1080 3711 1135 ὅτι

2116 1189 2178 1241 τὸ
2223 1187 2319 1258 μὲν
2348 1188 2569 1258 γνήσιον
2596 1186 2697 1257 τῆς
2724 1185 2803 1249 εἰς
2828 1184 2961 1237 Θεὸν
2992 1182 3214 1252 ἀγάπης
3238 1178 3496 1252 πρόξενον
3525 1176 3710 1239 αὐτοῖς

2118 1280 2337 1351 ἀπάσης
2359 1278 2514 1332 ἐσται
2545 1278 2757 1351 τρυφῆς
2783 1276 2879 1331 καὶ
2925 1273 3249 1346 εὐημερίας,
3287 1270 3540 1342 καθάπερ
3572 1268 3711 1340 ἀμέ-

2119 1373 2201 1425 λει
2224 1372 2325 1442 τῆς
2352 1369 2690 1435 ἀποστασίας
2721 1369 2789 1424 τά
2813 1367 3141 1439 ἐγκλήματα
3180 1367 3297 1429 τοῖς
3327 1367 3429 1436 τῆς
3465 1360 3715 1424 δουλείας

2122 1465 2217 1520 καὶ
2250 1465 2484 1536 θλίψεως
2512 1464 2691 1535 ἐνίησι
2724 1462 2958 1535 βόθροις.

2719 1556 2973 1613 ΚΕΦΑΛ.
3014 1553 3121 1609 1Β’.

2205 1653 2263 1705 '0
2305 1650 2375 1706 δὲ
2412 1649 2663 1720 Ἐφραῒμ
2707 1646 2982 1716 πονηρὸν
3022 1644 3283 1714 πνεῦμα,
3317 1640 3524 1707 ἐδίωξε
3567 1639 3714 1694 καύ-

355 2434 361 2439 .
442 2398 566 2439 nern
599 2398 630 2438 a
656 2383 768 2440 Deo
801 2399 1053 2456 magnam
1079 2394 1133 2440 et
1164 2383 1481 2441 effrenatam
1525 2387 1776 2458 spiritum
1827 2388 2031 2445 malum

437 1744 514 1790 est
540 1732 772 1803 factum.
807 1733 939 1792 Tota
966 1738 1051 1793 die
1076 1740 1259 1794 inania
1294 1748 1347 1794 et
1380 1757 1518 1795 vana
1550 1740 1939 1811 multiplicauit,
1972 1753 2020 1797 et

2140 1759 2312 1809 mra,
2345 1743 2499 1814 ὅλην
2536 1742 2654 1812 τὴν
2686 1740 2916 1812 ἡμέραν
2954 1739 3102 1794 κενὰ
3152 1737 3252 1792 καὶ
3272 1736 3493 1807 μάταια
3529 1729 3718 1798 ἐπλή-

438 1833 806 1880 mtamentum
862 1844 980 1881 cum
1044 1829 1275 1901 Assyriis
1352 1830 1585 1901 pepigit,
1636 1842 1686 1886 et
1722 1831 1893 1887 oleum
1966 1832 2023 1887 in

2140 1841 2293 1903 ivre,
2323 1836 2422 1891 καὶ
2456 1833 2756 1903 διαθήκην
2783 1832 2935 1903 μετὰ
2974 1830 3304 1898 Ἀσσυρίων
3331 1826 3576 1887 διέθετο.
3616 1823 3714 1878 καί

440 1914 731 1987 Αἱρῃριιιηι
758 1932 853 1986 pro
878 1934 1046 1973 merce
1073 1918 1351 1988 inferebat.
2126 1931 2337 1989 ἔλαιον
2372 1931 2462 1997 εις
2490 1928 2796 1999 Αιγυπτον
2826 1923 3285 1994 ἑνεμπορεύετοσ

511 2008 778 2068 CXXXV.
805 2010 851 2064 Α
877 2009 1224 2067 multitudine
1257 2013 1463 2084 vulgari
1514 2031 1731 2070 rursum
1757 2014 1830 2071 ad
1856 2015 2026 2071 tribu-

2198 2023 2368 2077 PAE'.
2419 2020 2651 2077 Μέτεισι
2701 2016 2870 2071 πάλιν
2903 2018 2933 2070 ό
2984 2015 3143 2085 λόγος
3188 2014 3255 2068 ἐκ
3312 2013 3411 2084 τῆς
3456 2011 3723 2083 ἀγελαίας

440 2100 521 2161 let
554 2100 831 2173 Ephraim,
880 2114 1169 2175 regnantes
1215 2121 1381 2177 super
1424 2107 1588 2162 Israel
1641 2108 1696 2163 in
1751 2107 2025 2177 Samaria,

2140 2115 2367 2187 πληθύος
2401 2098 2494 2168 ἐπὶ
2522 2113 2646 2177 τοὺς
2676 2111 2747 2164 ἐκ
2771 2108 2947 2179 φυλῆς
2983 2106 3223 2179 Ἐφραῒμ
3254 2104 3715 2177 βεϐασιλευκότας

442 2197 640 2255 transit
676 2199 877 2266 oratio,
911 2213 1051 2270 quos
1104 2210 1158 2255 et
1196 2210 1418 2271 propter
1460 2199 1823 2259 difﬁcultatem
1866 2218 1962 2260 eos
1994 2218 2027 2259 a

2140 2206 2225 2261 tui.
2260 2205 2353 2259 τδν
2400 2202 2618 2275 Ἰσραὴλ
2655 2203 2714 2257 ἐν
2746 2203 2815 2271 τῇ
2862 2197 3168 2270 Σαμαρείᾳ,
3212 2194 3307 2261 οὒς
3358 2196 3453 2251 καὶ
3498 2194 3723 2265 πνεῦμα

441 2290 712 2361 sententia
742 2291 1060 2359 revocandi,
1083 2293 1615 2364 propensionemque
1661 2295 1730 2349 ad
1766 2294 2028 2352 defectio-

2140 2296 2368 2370 πονηρόν
2405 2312 2547 2368 φησι
2566 2294 2657 2349 διά
2684 2311 2774 2349 τοι
2797 2294 2896 2366 τῆς
2926 2291 3153 2363 γνώμης
3189 2290 3370 2346 αὐτῶν
3410 2290 3476 2345 τὸ
3517 2288 3720 2359 δυσμε-

2130 2391 2478 2461 τακόμιστον,
2505 2388 2599 2444 καὶ
2625 2387 2686 2441 τὸ
2720 2386 2842 2441 λίαν
2878 2382 3241 2447 ἀπονενευκδς
3295 2382 3395 2437 καὶ
3418 2380 3727 2436 ἀκάθεκτον

2131 2486 2212 2548 εἰς
2261 2482 2561 2536 ἀπόστασιν
2586 2480 2689 2552 τὴν
2731 2478 2842 2533 ἀπὸ
2880 2476 3017 2533 Θεοῦ
3049 2494 3071 2508 ο
3106 2494 3125 2527 ι
3165 2474 3387 2542 Ἐδίωξε
3436 2473 3547 2545 γὰρ
3591 2471 3726 2526 καύι-

2134 2591 2305 2641 σωνα,
2332 2593 2351 2628 ι
2398 2573 2531 2644 φησί
2549 2587 2573 2603 δ
2598 2573 2777 2627 καίτοι
2816 2570 2924 2642 γάρ
2954 2570 3074 2635 ἐξὸν
3103 2568 3210 2624 ὐπδ
3254 2569 3355 2640 τὴν
3402 2566 3542 2640 ἐμὴν
3584 2561 3728 2621 εἶναι

2136 2668 2315 2733 σκιάν,
2340 2666 2501 2720 οἱονεί
2526 2682 2643 2729 πως
2667 2664 2962 2735 αὐτόμολος
2986 2661 3264 2733 ἀπεχώρει
3288 2660 3422 2733 πρὸς
3446 2659 3723 2716 καύσωνα.

445 2476 713 2531 nominat.
746 2475 924 2547 lnquit
957 2477 1125 2544 enim,
1167 2497 1187 2530 ‹
1231 2477 1558 2536 Persecutus
1607 2492 1693 2534 εει
1737 2490 1948 2537 aestum.
2002 2500 2031 2536 ι

444 2568 659 2626 Etenim
690 2583 814 2625 cum
858 2569 1047 2627 liceret
1082 2570 1183 2627 sub
1216 2572 1409 2627 umbra
1458 2587 1577 2627 mea
1631 2574 1849 2645 degere,
1907 2585 2031 2629 tan-

443 2675 607 2731 quam
640 2661 920 2735 transfuga
951 2663 1019 2719 ad
1049 2673 1242 2719 aestum
1280 2663 1436 2719 abiit.
1472 2664 1691 2722 malum
1729 2667 2034 2725 tribulatio-

447 2767 578 2809 num
618 2751 888 2810 fervorem
940 2763 997 2811 et
1047 2755 1412 2813 calamitatem
1460 2766 1709 2814 urentem
1763 2759 2031 2815 nominat.

2140 2760 2408 2817 Καύσωνα
2443 2759 2500 2813 δὲ
2533 2756 2788 2829 ὀνομάζει
2817 2755 2918 2826 τὴν
2947 2756 3012 2809 ἐκ
3036 2753 3149 2807 τῶν
3178 2751 3413 2822 θλίψεων
3455 2752 3725 2823 πύρωσιν,

449 2844 635 2916 Itaque
660 2846 879 2918 sapiens
910 2846 1310 2916 Partemiastes,
1348 2848 1565 2906 labores
1610 2850 1899 2907 obscurius
1954 2853 2036 2908 sic

2140 2855 2234 2911 ttat
2259 2853 2359 2927 τὴν
2384 2851 2832 2922 καταφλέγουσαν
2859 2846 3169 2919 συμφοράν.
3205 2846 3317 2901 Καὶ
3354 2844 3484 2915 γοῦν
3510 2845 3541 2897 ό
3566 2843 3733 2913 σοφὸς

452 2949 759 3011 nuncupat,
781 2947 837 2995 et
857 2939 936 2996 ait
976 2958 991 2996 :
1026 2958 1047 2991 ι
1080 2939 1331 3000 Salvatus
1362 2950 1446 2999 est
1479 2943 1548 3000 ab
1584 2955 1721 3000 aestu
1768 2944 1912 3002 [ilius
1951 2944 2038 3000 in-

2140 2943 2553 3017 Παροιμιαστὴς
2587 2938 3004 3012 αἰνιγματωδῶς
3032 2939 3159 3001 τοὺς
3191 2937 3389 3000 πόνους
3419 2935 3591 2999 οὕτως
3614 2937 3735 2989 ὀνο-

455 3030 734 3103 telligens;
774 3043 1061 3104 corruptus
1090 3044 1272 3092 autem
1307 3052 1339 3091 a
1374 3045 1535 3093 vento
1574 3037 1635 3094 ﬁt
1670 3039 1724 3094 in
1766 3054 1947 3097 messe
1981 3039 2038 3096 tl-

2143 3039 2339 3111 μάζει,
2395 3037 2489 3091 καί
2548 3051 2714 3106 φησν
2778 3030 3069 3102 ιΔιεσώθη
3124 3030 3233 3085 ἀπὸ
3281 3029 3563 3101 καύματος
3610 3027 3729 3092 υίὸς

456 3126 807 3221 lius-iniquus
849 3128 920 3182 ³⁸.
982 3146 1002 3182 ι
1060 3128 1247 3202 Itaque
1299 3128 1582 3201 Ephraim,
1641 3132 1898 3203 quoniam
1954 3143 2038 3191 est

2140 3132 2388 3202 νοήμωνο
2419 3126 2792 3198 ἀνεμοφθόρος
2828 3123 2891 3178 δὲ.
2916 3124 3127 3193 γίνεται
3159 3122 3218 3176 ἐν
3248 3120 3449 3191 ἀμητῷ
3484 3119 3598 3183 υίὸς
3628 3136 3734 3221 παῖ

455 3215 686 3287 spiritus
711 3217 908 3285 malus,
936 3229 1252 3289 persecutus
1284 3230 1368 3277 est
1403 3230 1628 3279 aestum.
1661 3222 1945 3292 Quaesivit,
1985 3233 2038 3282 et

2147 3226 2402 3299 ράνομος.
2429 3240 2447 3273 ι
2495 3218 2705 3274 Οὐκοῦν
2743 3219 2773 3270 ὀ
2819 3216 2916 3287 μὲν
2952 3214 3230 3285 Ἐφραϊμ,
3268 3212 3570 3283 ἐπειδήπερ
3612 3211 3734 3265 ἐστὶ

456 3307 644 3365 volens
674 3312 911 3367 accurrit
937 3311 1009 3367 ad
1043 3322 1257 3369 aestum.
1311 3312 1416 3369 Sed
1470 3313 1764 3384 prudentes
1809 3315 1878 3372 de
1931 3318 2043 3374 Deo

458 3399 645 3456 dicunt
677 3419 695 3457 :
729 3420 749 3456 ι
789 3402 846 3458 ln
883 3405 1073 3463 umbra
1117 3404 1237 3476 eius
1264 3404 1593 3476 desideravi,
1625 3416 1681 3464 et
1726 3408 1842 3465 sedi
1892 3410 1961 3466 ”.
2017 3428 2041 3464 ι

460 3489 727 3547 Umbram
759 3494 979 3564 superni
1006 3509 1037 3549 a
1060 3495 1174 3551 Deo
1200 3497 1389 3554 auxilii
1418 3507 1792 3571 tegumentum
1822 3511 2039 3558 vocant.

461 3578 570 3637 Sed
599 3581 702 3637 hoc
723 3581 979 3653 Ephraim
1005 3600 1112 3641 non
1146 3585 1297 3642 fecit.
1343 3585 1603 3655 Quaesivit
1644 3590 1789 3645 enim
1829 3600 2044 3647 aestum.

460 3672 766 3741 Quomodo,
792 3681 886 3729 aut
925 3690 1032 3745 qua
1085 3677 1331 3733 ratione?
1377 3697 1396 3730 ι
1428 3678 1569 3735 Tota
1617 3681 1706 3736 die
1759 3683 1945 3738 inania
1990 3692 2047 3739 et

460 3781 599 3821 vana
628 3766 1027 3838 multiplicavit,
1062 3788 1082 3822 ι
1114 3770 1218 3826 hoc
1249 3779 1356 3838 est,
1382 3772 1531 3827 omni
1557 3785 1801 3844 tempore
1851 3775 2045 3831 frivola

461 3870 519 3913 et
548 3859 756 3915 inutilia
784 3870 841 3916 et
864 3860 1116 3929 iaciebat,
1147 3872 1204 3918 et
1232 3863 1612 3920 meditabatur.
1634 3866 1895 3933 Quaenam
1923 3868 2048 3924 illa?

469 3973 488 4005 ι
515 3950 925 4011 Testamentum
968 3969 1090 4009 eum
1129 3954 1367 4027 Assyriis
1418 3958 1637 4029 pepigit.
1683 3979 1707 4012 ›
1766 3960 1885 4015 Dixi
1932 3961 2045 4031 jam

463 4057 644 4113 antea,
672 4058 727 4102 et
751 4047 964 4119 saepius,
988 4063 1145 4117 reges
1168 4049 1432 4119 quosdam
1476 4050 1739 4108 Samaria:
1773 4062 1829 4109 et
1856 4050 2046 4109 Hiero-

464 4138 797 4211 solymorum
823 4154 1211 4210 nonnunquam
1254 4141 1501 4209 pecuniis
1541 4158 1730 4212 pacem
1779 4147 2046 4201 securita-

465 4243 682 4301 temque
724 4230 792 4284 ab
838 4229 1074 4301 Assyriis
1128 4231 1395 4286 redimere
1443 4234 1737 4301 studuisse,
1796 4252 2047 4292 nonnun-

466 4337 631 4391 quam
657 4320 944 4394 Egyptios
973 4321 1215 4377 subsidio
1260 4338 1506 4380 vocasse.
1566 4323 1871 4383 Mercantes
1919 4328 2047 4383 item

464 4415 733 4485 promissa
762 4412 1017 4470 amicitia:
1039 4416 1300 4484 ipsorum,
1333 4432 1455 4471 cum
1488 4417 1612 4474 aliis
1640 4419 1805 4475 etiam
1838 4436 1958 4490 qua:
1996 4423 2049 4477 in

2143 3316 2362 3387 πνεῦμα
2410 3312 2664 3384 πονηρὸν,
2715 3307 2901 3373 ἐδίωξε
2952 3305 3230 3361 καύσωνα.
3285 3304 3588 3375 Ἐζήτησε,
3638 3302 3741 3357 καὶ

2143 3408 2427 3479 ἐθελοντὴς
2454 3404 2664 3475 ἀπέδρα
2704 3403 2841 3474 πρὸς
2882 3400 3165 3455 καύσωνα.
3198 3397 3338 3453 Ἀλλ’
3360 3397 3478 3466 οἵγε
3524 3396 3735 3449 συνετοὶ

2144 3500 2274 3573 περὶ
2299 3496 2433 3553 Θεοῦ
2457 3496 2705 3565 λέγουσιν
2724 3510 2737 3521 ’
2768 3512 2787 3545 ι
2811 3493 2907 3548 Ἐν
2930 3494 2997 3563 τῇ
3029 3492 3157 3562 σκιᾷ
3184 3490 3349 3544 αὐτοῦ
3383 3486 3733 3559 ἐπεθύμησα,

2146 3596 2241 3648 καὶ
2284 3590 2532 3646 ἐκάθισα.
2564 3608 2584 3642 ι
2621 3587 2789 3642 Σκιάν
2837 3585 2894 3640 δέ
2943 3602 3076 3653 φασι
3113 3583 3211 3653 τῆς
3261 3582 3415 3654 παρά
3461 3579 3598 3635 Θεοῦ
3636 3579 3737 3633 καὶ

2146 3686 2353 3742 ἀνωθεν
2394 3681 2715 3752 ἐπικουρίας
2751 3679 2853 3751 τὴν
2891 3677 3121 3747 σκέπην.
3169 3673 3317 3729 Ἀλλ’
3344 3672 3406 3727 οὐ
3446 3671 3607 3727 τοῦτο
3646 3669 3736 3725 δέ·

2146 3782 2346 3853 δρακεν
2378 3781 2407 3833 ὁ
2444 3776 2704 3847 Ἐφραῖμ.
2747 3770 3013 3842 Ἐξήτησε
3049 3768 3159 3839 γὰρ
3189 3766 3471 3823 καύσωνα.
3502 3763 3647 3829 Πῶς,
3694 3761 3739 3834 ἢ

2147 3873 2269 3925 τίνα
2301 3869 2537 3942 τρόπον;
2575 3886 2593 3919 ι
2625 3865 2794 3936 Ὅλην
2825 3863 2923 3934 τὴν
2954 3859 3169 3933 ἡμέραν
3216 3858 3350 3913 κενά
3381 3857 3477 3913 καὶ
3529 3856 3738 3926 μάταια

2148 3963 2438 4032 ἐπλήθυνε,
2468 3978 2489 4013 ι
2521 3956 2821 4021 τουτέστιν,
2854 3956 2913 4007 ἐν
2951 3952 3117 4006 παντὶ
3166 3949 3345 4021 καιρῷ
3383 3946 3596 4019 ψυχρὰ,
3638 3944 3741 3999 καὶ

2148 4053 2399 4124 ἀνωφελῆ
2454 4050 2546 4105 καὶ
2587 4049 2738 4120 ἔδρα,
2785 4047 2880 4101 καὶ
2922 4044 3256 4099 ἐϐουλεύετο.
3287 4043 3424 4096 Ποῖα
3464 4041 3523 4095 δὲ
3560 4038 3739 4093 ταῦτά

2150 4151 2300 4212 tam;
2347 4164 2366 4198 ι
2402 4142 2680 4213 Διαθήκην
2734 4138 2872 4212 μετά
2913 4138 3213 4209 ’Δσσυρίων
3252 4134 3476 4189 διέθετο.
3504 4152 3522 4186 ι
3560 4133 3740 4201 Ἐφην

2149 4242 2205 4295 δὲ
2236 4239 2337 4311 ἤδη
2369 4234 2679 4308 προλαϐὼν,
2712 4233 2806 4286 καὶ
2844 4230 3187 4293 πλειστάκις,
3216 4229 3299 4281 ὅτι
3330 4227 3437 4280 τῶν
3473 4224 3740 4296 βασιλέων

2149 4331 2257 4387 τῶν
2285 4333 2344 4385 ἐν
2371 4327 2658 4401 Σαμαρείᾳ
2700 4324 2880 4390 τινὲς,
2921 4323 3016 4377 καὶ
3060 4321 3170 4375 τῶν
3208 4322 3266 4373 ἐν
3297 4321 3405 4382 τοῖς
3439 4315 3739 4388 Ἰεροσολύι

2154 4444 2297 4497 μοις,
2332 4424 2466 4478 ποτὲ
2499 4421 2600 4493 μὲν
2637 4418 2885 4491 χρήμασι
2921 4415 3019 4488 τὴν
3052 4415 3189 4487 πρὸς
3231 4410 3552 4480 ’Δσσυρίους
3587 4410 3742 4482 εἰρή-

467 4500 749 4568 provincia
790 4516 888 4557 sua
918 4501 1115 4557 humus
1144 4503 1402 4559 edidisset
1428 4506 1735 4563 mittebant.
1770 4509 1904 4565 Erat
1946 4528 2038 4566 au-

2154 4537 2272 4590 νην,
2315 4517 2410 4572 καὶ
2451 4512 2549 4586 τὴν
2595 4511 2807 4567 ἐκεῖθεν
2850 4507 3150 4579 ἀσφάλειαν
3196 4499 3486 4575 ἀγοράζειν
3522 4498 3743 4571 ἐπεχεί-

468 4603 577 4649 tem
607 4594 762 4651 tellus
793 4594 1188 4651 Samaritarum
1221 4595 1373 4650 ferax
1406 4598 1533 4666 olei,
1566 4610 1622 4655 et
1648 4600 1703 4655 id
1734 4605 1788 4658 in
1813 4602 2050 4676 Egypto

468 4689 523 4742 in
549 4702 744 4759 magno
766 4686 960 4757 pretio,
989 4687 1132 4758 quod
1161 4702 1225 4742 ea
1258 4701 1399 4743 terra
1440 4689 1492 4745 id
1543 4707 1650 4747 non
1689 4693 1875 4753 ferret.
1932 4699 2052 4753 Ina—

469 4784 556 4838 nis
582 4782 749 4854 igitur
775 4789 831 4836 et
855 4794 995 4836 vana
1023 4796 1147 4851 spes
1179 4795 1300 4851 quae
1338 4782 1500 4855 168
1527 4784 1829 4844 collocatur
1864 4790 1918 4847 in
1963 4794 2065 4848 bo-

471 4876 739 4943 minibus;
772 4874 1017 4945 quinimo
1043 4872 1262 4930 insultet
1297 4875 1589 4931 conﬁdenti
1640 4877 1692 4932 in
1745 4881 2053 4940 hominibus

469 4968 819 5044 quiconﬁdit
858 4968 913 5024 in
943 4966 1079 5033 Deo,
1116 4966 1245 5021 illud
1299 4981 1368 5021 ex
1419 4965 1650 5024 Psalmis
1710 4986 1980 5041 usurpans
2035 4994 2050 5030 :

475 5082 493 5114 σ
530 5063 668 5118 Hcce
717 5061 880 5117 homo
903 5060 997 5132 qui
1022 5075 1127 5115 non
1152 5059 1515 5130 posuitDeum
1536 5061 1837 5133 adjutorem
1863 5082 2019 5123 suum
2036 5110 2055 5137 ,

472 5156 566 5210 sed
597 5154 841 5225 speravit
864 5153 917 5209 in
949 5152 1296 5208 multitudine
1326 5151 1640 5207 divitiarum
1674 5169 1914 5211 suarum.
1942 5156 2057 5228 Ego

474 5259 653 5305 aulem
682 5248 829 5304 velut
881 5247 1022 5304 oliva
1050 5247 1352 5317 fructifera,
1384 5249 1437 5303 in
1483 5249 1643 5304 domo
1685 5247 1803 5317 Dei,
1842 5254 2054 5322 speravi

475 5355 639 5410 super
663 5339 1039 5396 misericordia
1068 5338 1159 5394 Dei
1190 5339 1241 5393 in
1269 5339 1547 5405 saeculum,
1599 5348 1654 5396 et
1700 5340 1753 5394 in
1799 5343 2053 5399 saeculum

475 5430 656 5487 saeculi
687 5431 755 5485 “’.
793 5450 813 5484 ι

2161 4630 2322 4687 ρουν,
2368 4608 2499 4664 ποτε
2538 4606 2598 4661 δὲ
2629 4604 2728 4677 τὴν
2756 4601 3068 4671 Αἰγυπτίων
3114 4596 3344 4653 ἐκάλουν
3394 4592 3740 4687 ἐπικουρίαν.

2174 4700 2635 4776 Ἐμπορευόμενοί
2688 4715 2750 4752 τε
2797 4697 2898 4768 τῆς
2948 4695 3082 4765 παρ’
3129 4688 3309 4746 αὐτῶν
3380 4686 3590 4749 εὐνοίας
3642 4683 3749 4776 τὴν

2149 4774 2469 4866 ὐπόσχεήσιν,
2510 4793 2580 4847 τὰ
2627 4793 2693 4845 ἐκ
2736 4790 2836 4860 τῆς
2874 4786 3014 4850 ιδίας
3056 4784 3309 4855 ἔπεμπον
3353 4778 3576 4852 χώρας,
3605 4774 3747 4845 ὁμοῦ

2155 4865 2397 4960 δηλονότι
2440 4887 2554 4946 τοῖς
2584 4882 2784 4945 ἄλλοις.
2826 4876 3175 4948 Ἐλαιοφόρος
3211 4874 3268 4928 δὲ
3294 4875 3329 4945 ἡ
3358 4865 3744 4960 Σαμαρειτῶν,

2156 4958 2255 5034 καὶ
2286 4974 2354 5050 ἦν
2389 4980 2447 5031 ἐν
2476 4974 2739 5044 Αἰγύπτῳ
2766 4973 2824 5025 ἐν
2856 4972 2991 5043 τιμῇ
3023 4968 3086 5023 τὸ
3133 4966 3332 5033 ἔλαιον,
3367 4964 3468 5017 οὐκ
3511 4958 3746 5050 ἐχούσης

2158 5069 2291 5124 αὐτὸ
2315 5049 2420 5139 τῆς
2452 5066 2576 5135 γῆς.
2607 5063 2781 5120 Κενὸν
2807 5058 2899 5117 οῦν
2931 5060 3039 5132 ἄρα
3090 5058 3182 5113 καὶ
3218 5056 3446 5129 μάταιον
3477 5054 3511 5123 ὴ
3540 5052 3621 5113 εἰς
3646 5049 3745 5102 ἀν·-

2160 5156 2411 5229 θρώπους
2441 5156 2614 5219 ἐλπίς.
2643 5154 2753 5209 Καὶ
2781 5152 2845 5224 δὴ
2880 5148 3255 5222 κατορχείσθω
3286 5146 3381 5201 τοῦ
3424 5139 3746 5203 πεποιθότος

2161 5251 2249 5305 ἐπ’
2294 5249 2620 5321 ἀνθρώποις,
2645 5249 2674 5302 ὁ
2704 5248 2797 5301 ἐπὶ
2826 5245 2948 5317 Θεῷ
2987 5240 3375 5311 πεποιθὼς,ίτὸ
3405 5240 3463 5292 tv
3493 5235 3746 5305 Ψαλμοῖς

2160 5343 2336 5395 ἐκεῖνο
2363 5340 2571 5410 λέγων’
2609 5357 2629 5391 ι
2670 5338 2803 5393 Ἰδού
2854 5336 3176 5407 ἄνθρωπος,
3220 5333 3282 5397 ὃς
3328 5331 3429 5385 οὐκ
3472 5328 3623 5384 ἔθετο
3654 5324 3782 5399 τὴν¹

2158 5432 2290 5487 Θεὸν
2334 5430 2525 5503 βοηθὸν
2552 5428 2741 5494 αὐτοῦ,
2767 5427 2884 5482 ἀλλ’
2922 5414 3151 5499 ἤλπισεν
3181 5425 3275 5480 ἐπὶ
3312 5421 3393 5494 τῷ
3423 5419 3616 5490 πλήθει
3650 5414 3748 5469 τοῦ

480 5525 711 5580 πλούτου
735 5524 924 5582 αὐτοῦ.
951 5525 1092 5596 Ἐγὼ
1115 5526 1172 5581 δέ
1205 5525 1336 5580 ὡσεὶ
1364 5525 1518 5579 ἐλαία
1543 5524 1901 5597 κατάκαρπος
1933 5528 1991 5581 ἐν
2017 5526 2094 5599 τῷ
2132 5526 2267 5601 οἴκῳ
2296 5526 2389 5582 τοῦ
2421 5526 2579 5593 Θεοῦ,
2633 5525 2839 5597 ἤλπισα
2867 5522 2959 5577 ἐπὶ
2982 5522 3045 5576 τὸ
3087 5519 3235 5583 ἕλεος
3262 5516 3354 5573 τοῦ
3382 5512 3518 5609 Θεοῦ
3544 5513 3624 5575 εἰς
3654 5508 3751 5562 τδν

476 5619 672 5689 αἰῶνα,
696 5620 790 5675 καὶ
819 5622 900 5686 είς
927 5621 1017 5675 τὸν
1043 5621 1216 5675 αἰῶνα
1244 5619 1336 5674 τοῦ
1368 5620 1581 5684 αἰῶνος,
1607 5641 1624 5673 ι

551 5797 598 5832 ³³
634 5797 793 5855 Prov.
827 5814 881 5867 χ,
913 5799 973 5855 5.
1038 5799 1087 5831 ’θ
1126 5795 1281 5856 Cant.
1311 5799 1364 5865 2,
1404 5799 1453 5854 5.
1544 5798 1588 5831 ⁸⁸
1622 5796 1767 5855 'Psal.
1800 5812 1872 5863 LI,
1904 5794 2061 5853 9-10.
