4110 6368
408 326 510 387 281

1329 338 1887 406 COMMENTARIUS
1923 349 1994 407 IN
2033 351 2265 409 OSEAM
2306 355 2755 414 PROPI‘IETAM.

3569 367 3681 429 28‘!

480 444 591 548 tisi
636 446 839 548 κρίσις
885 447 967 548 τῷ
996 453 1192 521 Κυρίῳ
1221 456 1372 524 πρὸς
1410 458 1652 528 Ἰούδαν,
1693 464 1798 519 τοῦ
1837 466 1989 519 ἐκδι-

2170 468 2333 525 VEns.
2358 471 2412 526 2.
2452 472 2517 526 Et
2547 473 2810 542 judicium
2847 474 3069 529 Dantin
3119 488 3302 532 contra
3352 478 3570 548 ludam,
3621 495 3677 539 ut

409 536 592 606 κῆσαι
644 538 754 593 τόν
789 540 1008 598 Ἰακώϐ.
1054 544 1218 599 Κατὰ
1259 548 1368 615 τὰς
1415 550 1594 619 ὀδοὺς
1635 557 1846 621 αὐτοῦ,
1892 558 1989 611 καί

410 626 559 682 κατά
584 626 657 683 τὰ
687 629 1124 701 ἐπιτηδεύματα
1154 637 1344 692 αὐτοῦ
1369 641 1782 701 ἀνταποδώσω
1808 647 1990 715 αὐτῷ.

480 721 664 789 PAG’.
702 722 912 796 Ὠσπερ
949 727 1188 798 Ἐφραῒμ
1215 731 1508 803 ὀνομάσας,
1540 739 1824 811 παρέδειξε
1852 746 1993 796 νοεῖν

408 812 534 876 τοὺς
561 814 628 867 ἐκ
655 813 827 887 φυλῆς
860 816 1103 889 Ἐφραῒμ
1136 820 1620 893 βεϐασιλευκότας,
1666 830 1811 885 οὕτω
1856 835 1989 887 κάν-

409 904 535 959 θάδε
566 907 694 969 τοὺς
727 910 791 962 ἐκ
830 909 1004 982 φυλῆς
1038 913 1207 969 Ἰούδα
1244 918 1388 973 κατά
1415 923 1642 993 καιροὺς
1675 924 1990 994 βασιλεύον-

407 1013 534 1090 τας,
554 997 631 1063 ὼς
662 998 722 1065 ἐξ
752 1000 1014 1072 ὀνόματος
1037 1005 1140 1076 τῆς
1166 1007 1558 1083 βασιλευούσης
1588 1020 1990 1090 κατασημαίνει

409 1088 611 1161 φυλῆς·
642 1092 974 1165 ἐπιτιμήσας
1003 1096 1066 1167 δὴ
1098 1094 1191 1153 οὗν
1219 1100 1299 1172 τῷ
1335 1102 1595 1177 Ἐφραῖμ,
1634 1109 1751 1180 ἠτοι
1784 1088 1897 1175 τοῖς
1933 1114 1992 1179 ἐξ

422 1180 661 1254 Ἑφραῖμ
708 1186 969 1256 κρατοῦσι
1000 1190 1093 1243 τοῦ
1126 1192 1369 1265 Ἰσραὴλ,
1421 1197 1642 1269 πνεῦμά
1679 1218 1737 1255 τε
1793 1203 1992 1270 αὐτοὺς

406 1273 678 1366 ὀνομάσας
709 1279 964 1350 πονηρὸν,
1007 1284 1101 1336 καὶ
1153 1285 1287 1339 κενά
1334 1288 1430 1341 καὶ
1460 1291 1665 1359 μάταια
1699 1293 1991 1366 πληθύνειν

406 1365 599 1434 είπὼν,
627 1366 716 1423 διά
749 1385 813 1438 γε
839 1370 936 1425 τοῦ
978 1372 1243 1446 διαθήκας
1275 1378 1375 1448 μὲν
1413 1379 1659 1438 τίθεσθαι
1699 1365 1837 1458 πρδς
1869 1390 1992 1443 Ἀσο

408 1459 659 1532 συρίους.
696 1463 1099 1535 ἐμπορεύεσθαι
1141 1469 1197 1523 δὲ
1238 1472 1332 1525 καὶ
1368 1470 1549 1528 ἔλαιον
1579 1478 1660 1541 είς
1692 1478 1987 1548 Αἴγυπτον,

408 1555 751 1608 καταιτιᾶται
777 1555 961 1610 λοιπὸν
982 1559 1109 1624 τοὺς
1130 1560 1191 1626 ἐξ
1221 1563 1391 1619 Ἰούδα
1418 1567 1600 1634 πάλιν,
1630 1570 1990 1643 κριθήσεσθαί

405 1660 467 1739 τε
503 1644 641 1739 πρὸς
689 1648 885 1713 αὐτοὺς
912 1649 1003 1704 τὸν
1031 1653 1141 1709 τῶν
1183 1655 1319 1711 ὅλων
1348 1658 1500 1721 Θεὸν.
1529 1657 1588 1716 εὖ
1626 1664 1770 1733 μάλα
1802 1669 1986 1739 φησὶν,

405 1738 568 1792 οἱονεί
599 1756 715 1803 πως
745 1742 1064 1799 ἐκδικοῦντα
1101 1746 1191 1800 τὸν
1229 1748 1445 1818 Ἰακὼϐ,
1479 1755 1621 1825 φημὶ
1661 1756 1723 1828 δή
1761 1738 1989 1813 τὸνίπα-

404 1830 692 1902 τριάρχην,
728 1833 804 1899 ὼς
832 1836 894 1889 οὐ
931 1838 1169 1909 μετρίως
1208 1839 1558 1913 ἠδικημένον,
1588 1846 1757 1902 διάτοι
1802 1850 1865 1904 τὸ
1892 1846 1990 1906 ἶσα

409 1921 485 2015 μή
523 1924 738 1979 ἑλέσθαι
782 1931 1002 1999 φρονεῖν
1028 1932 1154 1996 τοὺς
1201 1933 1261 1999 ἐξ
1290 1935 1454 1989 αὐτοῦ
1497 1941 1809 2007 γεγονότας,
1853 1946 1991 2015 μήτε

408 2013 515 2085 μὴν
543 2016 642 2087 τῆς
670 2019 930 2091 πατρῴας
954 2025 1185 2080 κατόπιν
1213 2027 1347 2083 ίέναι
1370 2030 1617 2102 γνώμης,
1641 2013 1992 2092 ἀποσείεσθαι

404 2102 462 2155 δὲ
494 2103 687 2177 ὥσπερ
716 2127 769 2164 τι
797 2109 905 2164 τῶν
935 2112 1077 2180 ἄγαν
1118 2116 1365 2172 ἐκτόπων
1392 2121 1451 2174 τὸ
1479 2123 1876 2193 ἀπομιμεῖσθαι
1910 2127 1993 2181 θέ-

404 2194 516 2291 λειν
547 2199 730 2291 αύτόν.
758 2202 965 2258 Οὐκοῦν
992 2205 1068 2270 ὡς
1094 2207 1420 2280 ἠδικημένον
1450 2214 1530 2277 είς
1559 2215 1719 2282 δόξαν
1754 2216 1842 2271 διὰ
1894 2220 1992 2291 τῆς

540 2289 744 2347 τέκνων
783 2295 1115 2369 φαυλότητος
1142 2300 1234 2354 τὸν
1271 2302 1464 2358 Ἰακὼϐ
1492 2306 1801 2379 ἐκδικήσειν
1828 2286 1994 2380 ἐπαγ-

405 2379 690 2449 γέλλεται,
727 2388 838 2451 τοῖς
867 2387 1185 2460 ἠδικηκόσιν
1227 2392 1508 2460 ἀποδιδοὺς
1538 2397 1679 2452 κατά
1706 2399 1805 2464 τάς

404 2474 607 2541 αὐτῶν,
638 2479 733 2532 καὶ
762 2482 900 2536 κατά
928 2482 996 2536 τὰ
1023 2484 1432 2561 ἐπιτηδεύματα
1456 2492 1657 2547 αὐτῶν.

488 2568 585 2623 Ἐν
627 2569 703 2639 τῇ
741 2575 943 2641 κοιλίᾳ
983 2576 1301 2647 ἐπτέρνισε
1336 2581 1445 2636 τὸν
1481 2583 1752 2654 ἀδελφόν
1782 2589 1990 2654 αὑτοῦ,

404 2660 504 2714 καὶ
539 2661 611 2716 ἐν
646 2665 856 2732 κόποις
890 2669 1077 2723 αὑτοῦ
1122 2671 1419 2741 ἐνίσχυσε
1468 2676 1620 2743 πρὸς
1664 2679 1832 2733 Geor.
1882 2681 1994 2735 Kal

401 2751 698 2821 ένίσχυσε
722 2757 873 2825 μετὰ
900 2758 1183 2828 ἀγγέλου,
1219 2763 1321 2817 καί
1355 2764 1693 2835 ἠδυνάσθη.

474 2846 641 2901 ΡΛΖ’.
692 2849 1112 2922 Ἀπαριθμεῑται
1159 2856 1445 2926 χρησίμως
1476 2857 1575 2922 τὰς
1615 2860 1994 2933 εὐδοκιμήσεις

400 2936 498 2991 τοῦ
536 2938 762 3010 Ἰακὼϐ,
808 2944 888 3006 εἰς
928 2944 1153 3017 ἐλέγχου
1195 2946 1426 3020 δύναμιν
1462 2952 1785 3022 παρατιθεὶς
1821 2954 1991 3017 αύτάς

401 3030 511 3084 τῶν
547 3031 709 3103 ἕτερα
760 3033 898 3089 ἄττα
953 3038 1168 3107 φρονεῖν
1208 3055 1271 3091 τε
1339 3041 1437 3093 καὶ
1482 3039 1615 3113 δρᾷν
1660 3043 1984 3113 ᾑρημένων·

2095 560 2382 615 ulciscatur
2399 562 2587 618 Jacob.
2621 564 2655 618 .1
2664 574 2791 620 uxta
2817 567 2921 621 eius
2943 569 3079 636 ejus,
3111 577 3160 622 et
3175 570 3334 639 juxta
3363 574 3541 627 studia
3565 575 3676 645 ejus

2096 655 2347 708 retribuet
2372 656 2444 710 ei.

2164 743 2448 799 CXXXVI.
2527 745 2994 813 Quemadmodum
3067 752 3345 807 nominato
3415 755 3672 823 Ephraim

2093 838 2333 892 ostendit
2359 838 2733 908 intelligendos
2762 856 2913 910 reges
2964 844 3030 897 de
3068 845 3210 900 tribu
3255 848 3540 918 Epitraim,
3603 857 3674 907 ita

2091 936 2146 979 et
2168 926 2256 981 hic
2288 928 2380 997 qui
2410 927 2699 997 aliquando
2731 945 2798 985 ex
2834 932 2975 986 tribu
3007 933 3142 989 ,θυαε
3174 948 3446 1007 sceptrum
3486 951 3671 997 tenue-

2094 1028 2241 1084 runt,
2278 1029 2424 1075 utex
2456 1022 2597 1076 tribu
2630 1033 2912 1091 regnante,
2959 1026 3183 1085 indicat.
3233 1030 3527 1103 Obiurgato
3574 1034 3674 1105 igi-

2095 1122 2181 1166 tur
2211 1112 2488 1182 Ephraim,
2512 1114 2630 1169 sive
2647 1114 2999 1183 Ephraimitis
3026 1118 3211 1176 Israeli
3258 1122 3669 1192 imperantibus,

2092 1213 2141 1259 et
2182 1204 2467 1274 appellatis
2492 1206 2685 1276 spiritu
2717 1207 2886 1273 malo,
2918 1210 3190 1282 dictoque,
3226 1214 3346 1270 illos
3399 1217 3575 1271 inania
3617 1228 3674 1271 et

2093 1313 2228 1353 vana
2265 1299 2640 1370 multiplicare,
2675 1303 2815 1370 quod
2845 1313 3226 1360 testamentum
3279 1322 3398 1362 cum
3432 1309 3673 1379 Assyriis

2094 1392 2355 1460 facerent,
2381 1402 2435 1446 et
2462 1392 2638 1448 oleum
2672 1394 3013 1451 vendendum
3046 1397 3097 1450 in
3128 1396 3420 1469 Egyptum
3468 1401 3673 1470 impor-

2093 1493 2291 1550 tarent,
2322 1485 2575 1555 deinceps
2602 1485 2769 1540 etiam
2806 1484 2958 1541 Judte
2984 1503 3141 1557 reges
3171 1488 3470 1558 insimulat,
3504 1502 3560 1546 et
3584 1493 3670 1562 jn-

2093 1577 2231 1630 dicio
2261 1592 2382 1631 cum
2412 1576 2518 1632 illis
2564 1577 2939 1631 universorum
2995 1578 3163 1635 Deum
3210 1590 3544 1637 certaturum
3589 1598 3675 1637 re-

2091 1668 2330 1723 ctissime
2382 1668 2578 1738 inquit,
2610 1670 2761 1739 quasi
2804 1667 2972 1724 Jacob
3018 1669 3394 1738 ulciscentem,
3437 1675 3672 1743 patriar-

2092 1763 2270 1828 cltam,
2306 1764 2546 1833 inquam,
2580 1773 2639 1820 ut
2672 1766 3014 1837 iniquissime
3042 1766 3251 1832 lassum,
3280 1773 3424 1839 quod
3449 1786 3569 1824 cum
3602 1787 3671 1825 ex

2094 1871 2159 1910 eo
2187 1856 2538 1923 prodiissent,
2569 1858 2707 1912 idem
2735 1859 2802 1914 de
2828 1859 3086 1929 religione
3116 1861 3322 1914 sentire
3371 1860 3673 1916 detrectas-

2095 1957 2245 2013 sent,
2274 1965 2447 2017 neque
2475 1961 2686 2020 patrum
2728 1951 2974 2020 vestigiis
3008 1950 3355 2017 institissent,
3397 1961 3452 2006 et
3479 1952 3673 2005 volun-

2096 2047 2260 2094 tatem
2291 2039 2433 2095 illius
2466 2042 2708 2096 imitandi
2747 2057 2845 2097 ceu
2881 2043 3137 2113 quiddam
3178 2042 3525 2098 vehementer
3573 2046 3674 2098 ab-

2093 2132 2311 2186 surdum
2348 2133 2739 2199 repudiassent.
2773 2131 2973 2201 Quare,
3006 2144 3063 2187 ut
3084 2132 3198 2201 ejus
3219 2134 3387 2203 gloria
3422 2151 3517 2205 per
3538 2134 3675 2190 ﬁlio-

2095 2238 2213 2277 rum
2246 2223 2640 2293 improbitatem
2680 2226 2995 2288 obscurata,
3047 2223 3215 2280 Jacob
3261 2241 3321 2281 se
3370 2225 3675 2281 vindicatu-

2094 2332 2212 2371 rum
2240 2316 2543 2387 pollicetur,
2580 2317 2854 2374 reddendo
2900 2317 3176 2388 iniuriosis
3227 2317 3525 2374 secundum
3555 2316 3675 2373 vias

2092 2421 2146 2465 et
2174 2411 2347 2465 studia
2375 2410 2632 2485 ipsorum.

2164 2591 2330 2646 Vens.
2358 2592 2411 2647 3.
2442 2590 2508 2645 In
2534 2601 2681 2645 utero
2698 2590 3053 2659 supplantavit
3086 2590 3307 2659 fratrem
3337 2606 3513 2652 suum,
3544 2599 3593 2643 et
3616 2592 3673 2644 is

2094 2683 2361 2738 laboribus
2400 2684 2509 2737 suis
2538 2683 2814 2750 prwvaluit
2841 2683 2897 2737 in
2923 2682 3112 2740 Deum.
3142 2683 3207 2738 Et
3241 2683 3519 2751 praevaluit
3553 2699 3673 2737 cum

2093 2775 2298 2845 angelo,
2322 2785 2370 2830 et
2401 2778 2593 2842 potuit.

2163 2864 2473 2922 CXXXVII.
2509 2865 2727 2923 Utiliter
2754 2864 2942 2921 laudes
2974 2864 3142 2921 Iacob
3163 2873 3467 2931 enumerat,
3501 2874 3560 2920 ut
3606 2865 3672 2920 iis

2092 2957 2249 3013 aliter
2278 2967 2330 3012 et
2356 2957 2659 3027 cogitantes
2707 2968 2764 3012 et
2798 2956 3060 3013 facientes
3093 2958 3411 3029 redargnat-;
3460 2972 3675 3026 semper

2093 3049 2236 3103 enim
2264 3048 2388 3103 boui
2420 3048 2760 3118 appositione
2786 3046 2982 3101 malum
3017 3061 3111 3100 seu
3150 3045 3405 3102 vitiosum
3427 3047 3675 3114 coargui-

403 3122 491 3174 ἀε“ι
526 3122 635 3195 γάρ
672 3141 790 3189 πως
830 3127 1257 3200 ἀντιπαραθέσει
1295 3130 1390 3185 τοῦ
1436 3132 1646 3212 ἀγαθοῦ
1698 3133 1758 3187 τὸ
1789 3134 1988 3204 φαῦλον

2094 3150 2199 3204 tur,
2233 3151 2289 3196 et
2335 3156 2403 3195 ex
2451 3139 2741 3197 collatione
2792 3139 3162 3204 laudabilium,
3209 3138 3352 3208 quod
3404 3137 3672 3207 ejusmodi

402 3212 704 3284 ἐλέγχεται,
735 3217 830 3271 καὶ
861 3221 928 3290 τῇ
970 3220 1286 3290 παραδείξει
1328 3224 1439 3278 τῶν
1480 3226 1886 3298 ἐπαινουμένων
1927 3228 1987 3283 τὸ

406 3305 483 3376 μή
511 3304 687 3371 οὕτως
727 3306 851 3379 ἔχον
892 3314 1315 3383 κατηγορεῖσθαι
1346 3316 1512 3386 φιλεῖ.
1542 3318 1662 3372 Ὀτι
1691 3319 1867 3372 τοίνυν
1894 3320 1990 3373 καὶ

403 3394 463 3460 ἐξ
488 3395 666 3450 αὐτῶν
691 3398 1020 3469 σπαργάνων
1048 3402 1250 3474 εὐφυὴς
1279 3405 1502 3474 γέγονεν
1536 3406 1753 3472 Ἰακὼϐ,
1790 3409 1988 3479 μᾶλλον

402 3485 460 3538 δέ
486 3487 579 3539 καὶ
612 3488 719 3557 πρὸ
739 3488 949 3554 ὠδῖνος,
985 3494 1240 3563 πειρᾶται
1266 3494 1533 3551 δεικνύειν
1568 3498 1658 3552 διὰ
1681 3499 1776 3553 τοῦ
1823 3518 1983 3573 πτερ-

405 3575 547 3631 νίσαι
578 3576 669 3631 τὸν
692 3578 917 3649 ἀδελφὸν
944 3582 1003 3634 ἐν
1035 3586 1101 3654 τῇ
1129 3584 1324 3656 κοιλίᾳ.
1351 3587 1416 3640 El
1455 3588 1561 3659 γὰρ
1594 3590 1689 3643 καὶ
1723 3590 1874 3654 θείας
1900 3591 1990 3646 δυ-

405 3667 622 3739 νάμέως
664 3670 945 3743 ἐνέργημα
981 3673 1042 3726 τὸ
1082 3674 1359 3747 δρώμενον
1389 3671 1460 3749 ἦν
1506 3677 1588 3747 (οὐ
1635 3681 1743 3751 γάρ
1788 3700 1894 3737 που
1926 3683 1990 3737 τὸ

407 3757 606 3829 βρέφος
636 3760 697 3812 τὸ
718 3762 776 3813 ἐν
804 3762 1029 3835 ἐμϐρύῳ
1082 3767 1177 3819 καὶ
1211 3771 1392 3840 μήτρᾳ
1416 3773 1698 3842 πτερνίσαι
1726 3777 1906 3847 φαμὲν
1930 3778 1990 3843 ἐξ

405 3849 601 3903 ἐαυτοῦ
627 3851 716 3903 τὸν
752 3852 968 3925 Ἠσαῦ),
993 3854 1108 3909 ἀλλ’
1132 3853 1225 3911 οὖν
1263 3860 1406 3914 κατὰ
1436 3862 1745 3932 πρόγνωσιν
1771 3866 1845 3931 ὡς
1870 3869 1989 3921 ἐσο-

409 3941 556 4011 μένῳ
587 3942 828 4013 χρηστῷ,
863 3943 960 4017 τὴν
990 3946 1087 4001 τοῦ
1126 3951 1408 4019 γεγονότος
1446 3954 1780 4026 κατόρθωσιν
1815 3959 1990 4012 ἐνετίιο

408 4032 490 4085 θει
520 4033 668 4097 Θεός.
700 4035 856 4089 Οῦτω
891 4039 984 4091 καὶ⁵
1010 4039 1217 4109 ἔφασκε
1243 4058 1259 4076 ⁸
1294 4062 1312 4096 ι
1344 4045 1449 4099 Τὸν
1488 4047 1681 4101 Ἰακὼϐ
1704 4050 1987 4122 ἠγάπησα,

406 4124 499 4177 τὸν
535 4124 594 4178 δὲ
637 4125 808 4181 Ἠσαῦ
850 4130 1108 4201 ἐμίσησα,
1136 4153 1155 4184 ι
1190 4133 1360 4189 Τοῦτο
1402 4136 1458 4190 δὲ
1490 4133 1557 4210 ἦν
1596 4143 1717 4193 κατ’
1759 4141 1991 4215 ἐκλογὴν

407 4217 644 4287 χάριτος,
678 4220 932 4291 ἑλομένου
969 4223 1106 4277 Θεοῦ
1137 4226 1231 4279 τὸν
1255 4228 1464 4297 ἀμείνω
1493 4248 1595 4284 που
1629 4232 1846 4298 πάντως
1872 4236 1993 4288 ἐσόο

410 4326 591 4380 μενον,
619 4310 695 4375 ὼς
737 4314 796 4365 ἐν
828 4314 1132 4385 προγνώσει
1170 4316 1235 4389 δὴ
1274 4320 1454 4374 πάλιν.
1493 4322 1654 4377 ⁹Αλλά
1701 4327 1861 4379 ταυτὶ
1892 4327 1992 4398 μὲν

406 4402 465 4453 ἐν
500 4403 704 4475 μήτρᾳ.
743 4404 1043 4478 Ἐπειδήδέ
1082 4411 1350 4481 προῆλθεν
1379 4414 1460 4475 είς
1496 4415 1657 4488 ἥϐην,
1692 4416 1895 4488 μᾶλλον
1932 4418 1991 4473 δὲ

2096 3246 2202 3289 non
2230 3241 2335 3298 est,
2370 3232 2690 3304 reprehendi
2722 3247 2786 3287 ac
2815 3232 3059 3287 damnari
3095 3230 3250 3286 solet.
3279 3230 3362 3285 Ab
3391 3230 3524 3300 ipsis
3568 3229 3673 3301 igi-

2094 3336 2182 3383 tur
2212 3325 2548 3382 incunabulis
2572 3324 2739 3381 Jacob
2772 3324 2941 3380 fuisse
2976 3323 3208 3380 habilem
3249 3338 3313 3378 ac
3366 3324 3673 3387 dexterum,

2096 3421 2205 3475 imo
2232 3430 2518 3489 antequam
2549 3428 2703 3487 partu
2731 3418 3006 3482 ederetur,
3033 3433 3099 3473 ex
3128 3431 3193 3471 eo
3220 3416 3450 3484 probare
3496 3415 3677 3471 studet

2095 3514 2237 3584 quod
2267 3512 2492 3568 fratrem
2536 3510 2591 3566 in
2633 3520 2789 3565 utero
2821 3520 3068 3564 materno
3121 3508 3499 3578 supplantarit.
3559 3505 3674 3562 Etsi

2094 3605 2239 3658 enim
2275 3603 2470 3657 divina:
2497 3601 2715 3656 virtutis
2745 3616 2881 3671 Opus
2909 3600 3031 3666 fuit,
3069 3601 3213 3671 quod
3257 3601 3517 3672 agebatur
3545 3600 3673 3670 (non

2095 3695 2239 3750 enim
2271 3694 2532 3748 infantem
2568 3694 2620 3746 in
2656 3691 2955 3746 visceribus
2996 3700 3051 3747 et
3092 3700 3247 3746 utero
3284 3706 3377 3759 per
3424 3705 3483 3744 se
3533 3689 3674 3743 Esau

2097 3789 2333 3857 plantam
2361 3787 2597 3841 tenuisse
2623 3784 2805 3840 dicere
2833 3783 3137 3850 audemus),
3174 3792 3352 3837 tamen
3379 3780 3672 3835 secundum

2096 3876 2515 3947 praescientiam,
2548 3884 2611 3930 ut
2638 3875 2728 3945 qui
2756 3875 2930 3930 bonus
2955 3883 3103 3930 esset
3134 3873 3370 3937 futurus,
3405 3874 3544 3928 Deus
3571 3871 3675 3928 hoc

2098 3970 2295 4025 factum
2317 3968 2592 4038 egregium
2617 3966 2671 4021 in
2698 3983 2763 4021 eo
2787 3966 3075 4035 excitavit;
3105 3966 3197 4037 qui
3215 3966 3378 4022 etiam
3403 3968 3475 4020 ita
3501 3966 3672 4021 dixit:

2103 4083 2121 4115 ι
2154 4061 2322 4117 Jacob
2356 4059 2541 4124 dilexi,
2583 4057 2746 4130 169
2777 4057 2916 4112 Esau
2954 4067 3137 4111 autem
3184 4056 3311 4111 odio
3353 4056 3512 4110 habui
3543 4054 3608 4109 δ’.
3648 4071 3671 4108 ι

2098 4154 2211 4209 Hoc
2246 4166 2409 4223 porro
2437 4158 2556 4205 erat
2592 4149 2887 4206 secundum
2928 4147 3248 4203 electionem
3287 4146 3496 4217 gratiae,
3548 4160 3673 4200 cum

2094 4243 2347 4315 elegisset
2372 4240 2514 4297 Deus
2535 4240 2683 4294 omni
2713 4238 2922 4293 ratione
2947 4238 3223 4292 meliorem
3252 4236 3528 4305 futurum;
3577 4238 3675 4292 sed

2099 4344 2155 4389 ut
2178 4349 2244 4388 ex
2274 4331 2633 4404 prrescientia.
2658 4330 2833 4398 Atque
2867 4329 2982 4384 haec
3012 4329 3233 4398 quidem
3272 4327 3325 4381 in
3357 4336 3531 4381 utero.
3569 4325 3672 4384 Ubi

2098 4433 2276 4480 autem
2306 4421 2600 4492 iuvenilem
2630 4430 2844 4475 aetatem
2869 4420 3077 4490 attigit,
3108 4419 3217 4473 imo
3244 4418 3424 4473 verius
3459 4419 3510 4473 in
3537 4419 3672 4473 viris

406 4494 502 4547 καὶ
538 4496 597 4548 ἐν
642 4496 870 4568 ἀνδράσι
914 4499 1087 4553 ἐτέλει
1133 4499 1338 4569 λοιπὸν,
1388 4521 1407 4555 ι
1453 4504 1543 4559 Ἐν
1589 4505 1778 4572 κόποις
1824 4507 1989 4563 αὐτοῦ

2096 4525 2411 4573 numeratus
2442 4522 2546 4581 est,
2587 4532 2607 4565 ι
2670 4513 2724 4568 in
2777 4511 3055 4567 laboribus
3106 4512 3220 4566 suis
3283 4510 3563 4581 praevaluit
3618 4510 3673 4565 in

405 4586 656 4657 ἐνίσχυσε
684 4589 822 4661 πρὸς
864 4590 1061 4648 Θεόν.»
1109 4592 1246 4647 Θεοῦ
1293 4594 1401 4667 γὰρ
1433 4597 1747 4668 πέμποντος
1790 4601 1995 4655 οἰκονο-

408 4680 584 4749 μικῶς
608 4681 690 4746 είς
727 4682 958 4755 ἱδρῶτας
987 4685 1083 4739 καὶ
1118 4687 1335 4752 πόνους,
1361 4690 1462 4743 οὐκ
1490 4690 1778 4761 ἠσθένησε,
1806 4693 1994 4763 φησίν.

404 4774 477 4825 Ἦ
521 4772 632 4844 γὰρ
676 4774 777 4845 οὐχ
829 4775 1021 4845 ἱδρὼς,
1060 4779 1123 4832 τὸ
1158 4783 1260 4850 τῆς
1297 4780 1560 4853 πατρῴας
1596 4783 1694 4853 μὲν
1737 4783 1994 4856 ἀπαίρειν

406 4865 608 4931 ἑστίας,
647 4866 992 4936 ἀφικνεῖσθαι
1031 4871 1089 4926 δὲ
1125 4873 1263 4944 πρὸς
1289 4874 1493 4936 Λάϐαν,
1536 4876 1628 4929 καὶ
1664 4877 1991 4947 ἀνασχέσθαι

404 4953 661 5024 θητείας,
704 4960 959 5023 καὶτοὺς
986 4962 1080 5016 ἐπὶ
1120 4963 1182 5016 τὸ
1212 4966 1521 5035 ποιμαίνειν
1556 4967 1852 5039 ἀνατλῆναι
1892 4970 1991 5023 πό-

403 5062 561 5111 νους;
599 5048 922 5118 ’Δμφίϐολον
945 5052 1162 5117 οὐκοῦν,
1190 5074 1208 5107 ι
1240 5056 1329 5108 Ἐν
1355 5056 1538 5121 πόνοις
1565 5057 1814 5129 ἐνίσχυσε
1850 5059 1987 5131 πρὸς

402 5136 551 5190 Θεόν.
568 5158 587 5190 ι
616 5140 728 5210 Οὐχ
754 5141 832 5205 ώς
854 5142 974 5213 θεῷ
1004 5144 1330 5217 μαχόμενος,
1358 5147 1649 5202 ὑπακούων
1673 5148 1729 5202 δὲ
1761 5150 1982 5221 μᾶλλον,

402 5229 498 5282 καὶ
528 5231 691 5283 οἱονεὶ¹
719 5236 1170 5307 περιγιγνόμενος
1206 5236 1295 5291 διά
1322 5238 1416 5292 τοῦ
1437 5238 1681 5311 πληροῦν
1712 5240 1781 5294 τὰ
1822 5258 1986 5296 κεκε-

402 5318 693 5391 λευσμένα.
726 5324 878 5390 Ἐξὸν
915 5326 1023 5402 γὰρ
1066 5330 1321 5401 ἀνιδρωτὶ
1352 5331 1621 5399 πλουτεῖν,
1655 5333 1750 5387 καὶ
1788 5336 1986 5405 εὐημε-

408 5416 520 5481 ρεῖν
547 5414 685 5470 οἶκοι
713 5417 944 5488 μένοντα
969 5421 1060 5475 τὸν
1087 5422 1303 5490 Ἰακὼϐ,
1327 5425 1427 5478 οὐκ
1458 5426 1805 5498 ἀγύμναστον
1833 5430 1982 5499 ἠφίει

405 5501 555 5568 Θιός.
590 5507 715 5562 Ἐπὶ
739 5511 1009 5582 προφάσει
1034 5512 1093 5565 δέ
1134 5513 1333 5584 μᾶλλον
1370 5516 1479 5569 τῶν
1506 5515 1565 5583 ἐξ
1597 5516 1765 5571 Ἡσαῦ
1794 5518 1981 5588 δειμά-

408 5610 510 5651 των
537 5598 622 5650 ἐπ’
652 5600 955 5673 ἀλλοδαπὴν
988 5605 1132 5661 ίόντα
1174 5606 1356 5679 χώραν
1389 5626 1445 5663 τε
1492 5610 1584 5664 καὶ
1632 5609 1805 5676 πόλιν,
1852 5610 1979 5665 δύσ-

476 5778 518 5808 “
561 5776 784 5836 Malach.
819 5796 859 5847 ι,
891 5782 943 5835 5.

2096 4609 2285 4664 Deum.
2323 4625 2342 4658 ›
2387 4605 2519 4659 Nam
2551 4620 2674 4660 cum
2696 4604 2834 4659 Deus
2854 4604 3197 4674 providenter
3216 4618 3340 4658 eum
3360 4604 3426 4657 ad
3449 4604 3674 4658 sudores

2090 4701 2414 4770 laboresque
2460 4697 2718 4760 misisset,
2769 4711 2875 4750 non
2931 4693 3150 4761 deiecit,
3206 4696 3401 4764 inquit.
3449 4697 3672 4751 Annon

2089 4793 2234 4847 enim
2265 4789 2483 4846 sudoris
2511 4804 2648 4859 opus
2678 4796 2781 4853 est,
2822 4804 2850 4841 a
2894 4795 3114 4858 paterna
3165 4787 3326 4841 domo
3369 4786 3670 4852 discedere,

2091 4884 2155 4937 ad
2192 4882 2370 4937 Labau
2399 4880 2671 4944 devenire,
2692 4879 2766 4934 ibi
2791 4880 3178 4934 mercenariam
3204 4879 3517 4934 servitutem
3548 4894 3671 4934 sus—

2094 4976 2299 5039 tinere,
2329 4981 2385 5028 et
2410 4971 2723 5043 pastoritios
2763 4972 2979 5028 labores
3014 4969 3294 5041 perferre?
3339 4969 3453 5025 lloc
3504 4970 3673 5042 igitur

2094 5077 2178 5121 est
2209 5065 2540 5135 ambiguum,
2574 5081 2593 5115 ι
2628 5064 2684 5119 1η
2714 5063 2991 5120 laboribus
3021 5063 3300 5133 praevaluit
3325 5064 3377 5118 in
3414 5064 3577 5118 Deum
3605 5082 3620 5119 :
3647 5082 3665 5115 ι

2097 5172 2199 5210 non
2234 5155 2389 5225 quasi
2413 5169 2535 5209 cum
2569 5152 2677 5209 Deo
2706 5169 2972 5224 pugnans,
3013 5156 3108 5209 sed
3160 5152 3423 5209 obediens
3469 5153 3669 5222 potius.

2093 5258 2146 5303 et
2183 5247 2345 5303 veluti
2379 5246 2627 5316 superior
2662 5260 2725 5300 ac
2755 5246 2953 5310 victor,
3006 5246 3149 5315 quod
3200 5244 3345 5314 iusta
3398 5244 3668 5315 impleret.

2094 5336 2226 5391 Nam
2263 5352 2385 5392 cum
2420 5336 2614 5392 liceret
2646 5334 2814 5389 Jacob
2840 5337 2975 5391 citra
3005 5337 3255 5391 sudorem
3298 5334 3589 5399 ditescere,
3614 5342 3672 5389 et

2090 5429 2402 5484 felicitatem
2434 5428 2681 5499 adipisci,
2726 5428 2771 5483 si
2830 5428 2973 5484 domi
3026 5438 3290 5491 maneret,
3349 5425 3493 5482 Deus
3541 5442 3667 5482 eum

2088 5520 2483 5577 exercitatione
2510 5534 2705 5573 vacare
2755 5533 2860 5573 non
2911 5518 3188 5587 permisit;
3246 5518 3343 5572 sed
3381 5518 3669 5573 occasione

2088 5610 2353 5667 minarum
2380 5610 2445 5666 ab
2469 5612 2606 5666 Esau
2625 5606 3093 5673 intentatarum,in
3111 5608 3450 5680 peregrinum
3470 5605 3667 5675 solum,
