4110 6368
445 347 554 402 283

1440 351 1498 409 S.
1541 352 1814 408 CYlilLLl
1854 351 2329 409 ALEXANDRINI
2365 353 2686 410 ARCIIIEP.
2759 365 2767 372 '

3591 351 3695 406 285

448 451 502 492 et
538 443 722 494 urbem
754 441 1052 510 profectum
1081 443 1147 507 δ’,
1184 443 1454 512 negoﬁum
1481 445 1864 513 permolestum
1896 460 2018 500 sus-

2129 460 2298 498 οιστον
2351 445 2672 512 ὑπενεγκεῖν
2715 444 3091 514 παρεσκεύαζε
3139 443 3321 506 πόνον,
3375 443 3462 496 ἵνα
3503 442 3596 496 καὶ
3639 447 3697 496 ἐν

453 533 625 586 linere
661 531 816 598 fecit,
850 542 910 588 ut
951 535 1114 589 etiam
1157 536 1208 590 in
1249 535 1380 605 ipsis
1429 537 1643 592 casibus
1693 537 1906 593 sincere
1968 538 2020 592 in

450 624 620 678 Deum
670 625 938 681 charitate
992 636 1228 689 servata.
1302 627 1423 696 jure
1467 637 1612 682 esset
1657 626 2020 682 admirationi.

450 716 617 786 Igitur
655 735 674 769 ι
709 717 985 786 praevaluit
1017 717 1069 771 in
1099 718 1371 772 laboribus
1397 721 1508 773 suis
1543 720 1594 774 in
1626 720 1828 786 Deum;
1867 739 1885 772 ι
1927 721 2021 774 sed

456 824 476 858 ι
509 805 799 862 Praevaluit
823 810 984 866 etiam
1017 826 1139 865 cum
1187 812 1396 880 angelo.
1445 813 1642 880 inquit,
1683 821 1738 865 et
1771 813 1962 882 potuit.
1997 831 2016 864 ι

453 898 713 954 antatus
731 910 814 955 est
841 902 983 956 enim
1014 917 1135 956 cum
1164 886 1230 957 eo
1267 905 1487 972 angelus
1515 913 1571 956 ut
1607 904 1656 956 in
1694 903 1862 957 forma
1906 903 2022 956 Dei.

453 990 590 1044 Tum
623 993 787 1046 etiam
820 994 1288 1048 emarcuit'femur
1331 996 1469 1064 ejus.
1515 993 1894 1049 Verumtamen
1943 995 2025 1048 di-

451 1081 612 1136 vinus
667 1080 834 1137 ,ἴοι-οι)
876 1083 1080 1148 gratias
1142 1085 1267 1139 huic
1325 1085 1481 1140 lucta:
1536 1088 1758 1156 agebat;
1811 1087 2025 1140 dicebat

452 1173 596 1228 enim
624 1187 640 1227 :
672 1193 692 1225 ι
725 1175 857 1241 Quia
883 1175 990 1230 vidi
1017 1177 1182 1230 Deum
1222 1175 1359 1231 facie
1406 1176 1470 1230 ad
1511 1176 1727 1242 faciem,
1770 1187 1826 1231 et
1875 1178 2020 1233 salva

455 1264 595 1320 facta
628 1275 708 1320 est
738 1268 911 1322 anima
940 1285 1056 1324 mea
1090 1269 1154 1323 ⁸³.
1197 1288 1216 1320 ι

523 1358 836 1429 Mysterium
869 1360 1030 1430 igitur
1057 1361 1108 1414 in
1135 1361 1350 1416 Christo
1385 1376 1480 1430 per
1522 1361 1737 1416 luctam.
1765 1377 1885 1416 cum
1927 1378 2025 1416 an—

453 1451 574 1520 gelo
604 1460 1072 1520 pramonstratum
1101 1461 1199 1506 est.
1234 1453 1651 1506 Perseverarunt
1675 1455 1815 1507 enim
1846 1464 2024 1524 poste-

455 1542 499 1595 ri
531 1540 696 1596 Jacob
732 1543 1002 1597 adversari
1041 1541 1281 1606 Christo,
1313 1559 1472 1613 quem
1521 1545 1794 1614 prophetae
1842 1546 2023 1615 magni

453 1633 667 1687 consilii
695 1632 952 1700 Angelum
984 1645 1178 1688 vocant
1218 1635 1285 1689 “.
1341 1636 1404 1688 Et
1432 1635 1519 1688 alii
1554 1636 1769 1706 quidem
1816 1653 2026 1692 marco-

455 1735 593 1784 rem,
624 1722 674 1775 id
710 1732 813 1785 est,
859 1723 1280 1793 redemptionem
1328 1725 1443 1792 ejus
1493 1741 1597 1780 non
1651 1727 2019 1790 admittentes;

453 1811 544 1868 alii
575 1815 734 1868 etiam
767 1827 826 1870 se
859 1815 1057 1870 vidisse
1098 1831 1194 1885 per
1227 1817 1424 1885 ipsum,
1447 1829 1501 1873 et
1549 1820 1601 1873 in
1651 1821 1766 1888 ipso
1793 1819 1930 1875 facie
1959 1822 2024 1875 ad
2058 1798 2098 1852 Β

455 1905 649 1960 faciem
681 1921 866 1973 unum,
895 1916 948 1962 et
975 1917 1190 1974 natura,
1223 1919 1277 1963 et
1308 1923 1432 1963 vere
1467 1910 1630 1964 Deum
1662 1913 1904 1965 confiteri
1933 1927 2027 1965 uo-

456 1998 654 2054 lentes.
679 1998 731 2052 In
757 2003 933 2068 seipso
963 2000 1104 2053 enim
1135 2001 1370 2055 ostendit
1426 2001 1579 2055 nobis
1631 2001 1844 2056 Patrem
1901 2002 2028 2064 Em-

457 2092 691 2157 manuel,
712 2092 898 2147 dicens
932 2106 948 2144 :
983 2111 1001 2143 ι
1026 2091 1125 2158 Qui
1148 2092 1278 2146 vidit
1303 2107 1406 2153 me.
1437 2093 1568 2147 vidit
1597 2102 1650 2147 et
1669 2094 1881 2148 Patrem
1906 2093 1972 2147 ".
2002 2112 2020 2144 ι

453 2181 812 2237 Adumbravit
837 2198 965 2253 ergo
997 2185 1304 2254 mysterium
1341 2184 1530 2238 modus
1560 2187 1889 2241 certaminis.
1927 2185 2028 2239 Ve—

455 2287 575 2327 rum
611 2271 753 2328 Deus
781 2272 976 2327 factum
1013 2273 1155 2328 istud
1209 2271 1374 2328 Jacob
1407 2273 1547 2327 laudi
1579 2273 1819 2343 apponit.

525 2549 689 2604 Vsus.
721 2549 776 2614 4,
804 2549 856 2604 5.
896 2547 1194 2614 Flaurum,
1231 2559 1278 2604 et
1327 2550 1591 2617 deprecati
1640 2560 1759 2604 sunt
1805 2567 1904 2604 me.
1960 2549 2028 2604 In

455 2641 608 2696 domo
630 2658 744 2696 mea
771 2642 1073 2696 invenerunt
1110 2658 1214 2705 me,
1251 2651 1296 2694 et
1333 2641 1404 2694 ibi
1432 2643 1629 2694 dictum
1670 2653 1743 2695 est
1784 2643 1854 2694 ad
1886 2659 2022 2696 eum.

458 2733 711 2788 Dominus
735 2750 854 2786 vero
873 2733 1012 2787 Deus
1035 2737 1356 2802 omnipotens
1374 2735 1474 2788 erit
1499 2733 1801 2787 memoriale
1821 2733 1952 2803 ejus.

526 2911 856 2968 CXXXVIII.
886 2913 1074 2968 Adhuc
1102 2911 1330 2966 aliarum
1377 2913 1721 2968 historiarum
1762 2913 2022 2977 meminit,

457 3005 718 3078 inclytum
768 3014 823 3060 et
871 3008 1226 3074 undequaque
1281 3005 1600 3058 laudabilem
1656 3005 1810 3060 nobis
1858 3003 2027 3060 Iacob

2122 537 2314 600 αὐταῖς
2351 540 2474 602 ταῖς
2501 537 2714 606 θλίψεσι
2749 538 2847 608 τῆς
2873 539 2954 602 εἰς
2980 539 3112 591 Θεὸν
3137 539 3359 606 ἀγάπης
3383 534 3699 607 τετηρηκὼς

2121 629 2184 682 τὸ
2201 629 2440 698 γνήσιον,
2467 630 2692 692 εἰκότως
2716 628 3066 699 θαυμάζοιτο.
3092 627 3322 689 Οὐκοῦν,
3351 646 3370 678 ι
3391 626 3701 695 Ἐνίσχυσεν

2122 722 2180 773 ὲν
2210 720 2392 784 πόνοις
2425 719 2588 772 αὐτοῦ
2632 720 2766 792 πρὸς
2807 718 2898 771 τὸν
2954 719 3107 773 Θεόν.
3136 737 3154 770 ι
3199 717 3336 770 Ἀλλ’
3366 736 3385 768 ι
3426 715 3701 786 Ἔνίσχυσε

2123 812 2217 864 καὶ
2271 813 2386 881 μετ’
2411 811 2666 880 ἀγγέλου,
2697 811 2853 882 φησὶ,
2889 812 2984 864 καὶ
3023 809 3347 880 ἡδυνάσθη.ι
3389 807 3700 861 Πεπάλαικε

2123 902 2230 974 γὰρ
2263 903 2493 972 ἄγγελος
2527 904 2663 975 πρὸς
2690 904 2873 960 αὐτὸν.
2898 903 2976 966 ώς
3008 905 3064 955 ὲν
3091 903 3222 956 εῖδει
3250 903 3405 955 Θεοῦ.
3448 901 3582 953 Τότε
3608 900 3702 952 καὶ

2124 994 2428 1062 ἐνὰρκησεν
2459 995 2488 1046 ό
2531 991 2704 1062 μηρὸς
2737 992 2921 1046 αὑτοῦ.
2959 991 3104 1061 Πλὴν
3133 991 3162 1043 ὁ
3193 990 3477 1053 θεσπέσιος
3513 987 3700 1042 Ἰακὼϐ

2124 1083 2382 1152 πλείστην
2411 1083 2542 1152 ὅσην
2590 1081 2858 1151 ὡμολόγει
2898 1084 2964 1152 τῇ
3002 1081 3146 1152 πάλῃ
3192 1080 3291 1150 τὴν
3342 1079 3525 1149 χάριν.
3557 1079 3701 1147 Ἔφη

2124 1173 2253 1244 γὰρ,
2287 1193 2304 1224 ι
2325 1174 2446 1227 ’Ότι
2476 1171 2613 1226 εἶδον
2637 1173 2770 1226 Θεὸν
2801 1173 3089 1243 πρόσωπον
3114 1171 3247 1241 πρὸς
3275 1171 3585 1240 πρόσωπον,
3609 1169 3704 1222 καὶ

2125 1265 2300 1335 ἐσώθη
2337 1282 2437 1334 μου
2464 1267 2497 1334 ἡ
2537 1265 2703 1336 ψυχή.
2729 1284 2746 1315 ι

2194 1354 2268 1407 Τὸ
2308 1358 2405 1424 μὲν
2437 1350 2528 1406 οὖν
2571 1354 2661 1405 ἐπὶ
2711 1351 2930 1424 Χριστῷ
2968 1351 3260 1422 μυστήριον
3289 1348 3376 1402 διὰ
3419 1349 3519 1418 τῆς
3567 1345 3701 1416 πρὸς

2125 1448 2214 1502 τὸν
2247 1448 2475 1518 ἄγγελον
2511 1447 2957 1518 προανεδείκνυτο
2990 1445 3187 1514 πάλης.
3219 1443 3450 1514 Ἐμενον
3501 1441 3614 1511 γὰρ
3651 1439 3702 1492 οι

2125 1539 2185 1604 ἐξ
2219 1537 2407 1593 Ἰακὼὸ
2449 1537 2913 1608 ἀνταγωνίζεσθαι
2946 1536 3023 1608 τῷ
3065 1535 3323 1608 Χριστῷ,
3362 1533 3420 1587 ὃν
3461 1531 3703 1604 μεγάλης

2127 1631 2322 1703 βουλῆς
2346 1632 2612 1701 ’Ἄγγελον
2637 1629 2786 1684 ὁτῶν
2815 1628 3110 1700 προφητῶν
3137 1628 3388 1698 ώνόμασε
3415 1624 3705 1693 λόγος.Καὶ

2125 1727 2173 1779 oi
2202 1725 2300 1796 μὲν
2332 1725 2596 1796 νάρκησιν
2641 1724 2740 1794 τὴν
2771 1723 2898 1792 παρ’
2940 1720 3104 1775 αὑτοῦ
3136 1719 3404 1790 λύτρωσιν
3438 1718 3497 1771 οὐ
3540 1732 3706 1788 προσ-

2126 1819 2425 1889 ηκάμενοι·’
2462 1819 2510 1871 οἱ
2540 1817 2597 1870 δὲ
2629 1817 2721 1869 καὶ
2750 1815 3050 1886 ὁμολογεῖν,
3077 1815 3158 1867 ὅτι
3188 1812 3474 1866 τεθέανται
3505 1809 3572 1863 δι’
3605 1808 3704 1863 αὐ-

2127 1909 2221 1962 τοῦ
2256 1926 2315 1962 τε
2363 1908 2456 1961 καὶ
2487 1909 2543 1960 ὲν
2571 1905 2724 1977 αὐτῷ
2770 1906 3058 1976 πρόσωπον
3101 1903 3238 1974 πρὸς
3288 1900 3577 1972 πρόσωπον
3613 1898 3706 1952 τὸν

2127 2001 2222 2055 ἕνα
2260 2018 2320 2053 τε
2353 2001 2448 2054 καὶ
2481 2001 2658 2068 φύσει,
2691 1998 2784 2052 καὶ
2818 1996 3032 2068 ἀληθῶς
3058 1994 3213 2048 Θεόν.
3252 1994 3338 2046 Ἐν
3391 1990 3566 2062 ἐαυτῷ
3597 1990 3705 2062 γὰρ

2126 2093 2256 2164 ἡμῖν
2283 2091 2529 2156 ὑπέδειξε
2555 2091 2645 2144 τδν
2671 2089 2889 2160 Πατέρα
2920 2087 3093 2157 λέγων
3119 2089 3146 2140 ὁ
3186 2083 3536 2156 Ἐμμανουήλ
3557 2098 3571 2111 °
3605 2101 3622 2134 ι
3648 2082 3707 2136 ’0

2127 2185 2388 2254 ἑωρακὼς
2430 2184 2550 2254 ἐμὲ,
2587 2181 2800 2253 ἑώρακε
2849 2179 2940 2233 τὸν
2981 2180 3223 2252 Πατέρα.
3253 2199 3272 2229 ι
3313 2175 3543 2238 Οὐκοῦν,
3577 2191 3708 2245 προσ

2127 2278 2394 2332 ανετύπου
2418 2277 2478 2329 τὸ
2505 2276 2800 2346 μυστήριον
2821 2273 2850 2325 ὁ
2875 2273 2974 2340 τῆς
2997 2271 3275 2342 ἀθλήσεως
3313 2270 3531 2342 τρόπος.
3561 2268 3708 2338 Πλὴν

2127 2369 2208 2431 εἰς
2253 2365 2581 2437 κατόρθωμα
2633 2363 2710 2435 τῷ
2749 2361 2942 2416 Ἰακὼὸ
2981 2361 3324 2434 καταγράφει
3351 2359 3483 2424 Θεὸς
3524 2358 3586 2412 τὸ
3613 2374 3708 2426 γε-

2127 2476 2256 2528 γενη
2267 2459 2451 2528 μένον.

2201 2551 2576 2612 Ἕκλαυσαν,
2605 2547 2704 2600 καὶ
2749 2545 3090 2612 ἐδεήθησάν
3137 2563 3278 2615 μου.
3309 2545 3409 2598 Ἐν
3444 2541 3525 2609 τῷ
3568 2541 3710 2606 οικῳ

2123 2659 2242 2710 μου
2271 2640 2536 2709 εὗροσάν
2570 2657 2666 2708 με,
2698 2640 2793 2693 καί
2843 2638 2966 2692 ἐκεῖ
3012 2636 3285 2704 ἐλαλήθη
3319 2635 3469 2704 πρὸς
3499 2636 3706 2689 αὐτόν.

2138 2733 2191 2784 '0
2222 2731 2290 2784 δὲ
2323 2733 2534 2799 Κύριος
2559 2734 2590 2784 ό
2626 2731 2769 2798 Θεὸς
2793 2733 2826 2785 ὀ
2856 2727 3273 2799 παντοκράτωρ
3294 2728 3464 2782 ἕσται
3484 2726 3710 2794 μνημό-

2127 2840 2321 2876 συνον
2345 2821 2552 2875 αὑτοῦ.

2199 2917 2373 2968 ΡΛΗ’.
2411 2913 2645 2983 Ἑτέρων
2674 2911 3042 2984 διαμέμνηται
3076 2911 3236 2964 πάλιν
3269 2910 3541 2986 ἱστοριῶν,
3567 2909 3706 2980 λαμ-

2129 3009 2266 3080 πρὸν
2317 3006 2407 3060 καὶ
2441 3007 2726 3077 εὐδόκιμον
2757 3005 3094 3076 πανταχόθεν
3118 3006 3248 3076 ἡμῖν
3277 3003 3592 3072 ἀποφαίνων
3619 3002 3710 3057 τὸν

455 3097 854 3152 demonstrans.
890 3095 1069 3162 Quare
1096 3096 1355 3164 scriptum
1385 3105 1466 3148 est
1509 3095 1561 3148 in
1613 3093 1834 3158 Genesi,
1890 3094 2026 3150 filius

2141 3099 2355 3156 Ἰακώϐ.
2379 3100 2689 3171 Γέγραπται
2723 3099 2898 3152 τοίνυν
2929 3099 2986 3150 ὲν
3009 3100 3075 3168 τῇ
3105 3098 3346 3163 Γενέσει,
3381 3098 3462 3150 ὅτι
3493 3095 3710 3167 Σικιμί-

454 3189 620 3244 Jacob
655 3187 982 3255 Simeonem,
1009 3197 1064 3242 et
1106 3187 1233 3242 Levi
1268 3185 1578 3243 Sicbimitas
1612 3187 1901 3241 crudeliter
1929 3187 2026 3240 im-

2132 3211 2230 3256 τας
2280 3193 2377 3262 μὲν
2422 3191 2587 3261 ὠμῶς
2616 3208 2674 3243 τε
2704 3191 2798 3244 καὶ
2823 3186 3202 3261 ἀπανθρώπως
3244 3187 3604 3241 ἀπεκτόνασιν
3656 3188 3710 3241 οἱ

459 3281 797 3350 maniterque
827 3280 1142 3345 trucidasse,
1173 3293 1460 3334 succensos
1493 3278 1653 3348 170
1697 3278 1774 3332 ira
1810 3287 2028 3346 propter

453 3369 647 3423 Dinam
678 3383 942 3434 sororem,
969 3369 1055 3424 cui
1097 3368 1458 3438 virginitatem
1508 3369 1730 3422 Emmor
1771 3367 1910 3423 filius
1942 3365 2028 3422 Si-

455 3460 612 3514 chem
637 3459 929 3513 ademerat.
961 3457 1111 3514 Unde
1161 3457 1212 3512 in
1241 3474 1491 3528 magnum
1543 3459 1787 3512 timorem
1846 3457 2028 3527 conje-

454 3561 576 3607 ctus
607 3551 795 3606 beatus
824 3550 1008 3614 Jacob,
1044 3566 1270 3620 seseque
1299 3550 1567 3619 extemplo
1602 3566 1721 3604 cum
1762 3551 1946 3606 liberis
1974 3559 2027 3606 et

455 3638 764 3694 domesticis
785 3640 1034 3695 omnibus
1075 3639 1416 3695 interfectum
1452 3641 1516 3695 iri
1553 3641 1891 3707 existimans,
1929 3658 2028 3696 au-

454 3742 634 3787 ctores
665 3732 874 3787 illarum
899 3735 1123 3787 caedium
1181 3733 1468 3804 increpuit,
1522 3751 1644 3789 cum
1679 3736 1746 3788 ita
1774 3735 1972 3789 diceret
2009 3751 2025 3789 :

460 3844 480 3877 ι
517 3824 772 3881 Odiosum
805 3841 890 3880 uie
917 3825 1140 3893 fecistis,
1174 3827 1246 3880 ita
1283 3837 1340 3881 ut
1373 3827 1544 3881 malus
1576 3842 1674 3896 ego
1702 3828 1802 3882 sim
1849 3826 2027 3882 omni-

455 3919 555 3973 bus
586 3917 953 3973 habitantibus
1008 3928 1232 3982 terram,
1278 3929 1333 3972 et
1382 3920 1434 3971 in
1490 3918 1828 3986 Chananzeis,
1873 3929 1928 3974 et
1973 3920 2025 3974 in

455 4007 780 4062 Pberezaeis.
817 4007 930 4078 Ego
958 4017 1132 4062 autem
1161 4008 1520 4078 paucissimus
1545 4025 1662 4063 sum
1701 4011 1751 4063 iu
1777 4025 2021 4071 numero,

453 4111 508 4154 et
528 4101 834 4170 congregati
867 4116 1029 4170 super
1073 4115 1156 4154 me
1191 4101 1489 4168 percutient
1537 4116 1643 4168 me,
1694 4109 1748 4155 et
1803 4101 2025 4155 delebor

453 4208 572 4260 ego,
603 4204 658 4247 et
690 4195 880 4247 domus
909 4208 1021 4246 mea
1054 4191 1152 4246 ⁸⁸⁸.»
1193 4195 1258 4247 At
1274 4193 1497 4263 juvenes
1543 4194 1607 4247 de
1647 4192 1844 4248 ferocia
1897 4194 2029 4247 nihil

457 4284 801 4340 remittebant
873 4285 1118 4350 omnino,
1180 4293 1640 4355 occurrentesque
1701 4285 1952 4338 dicebant
2011 4299 2026 4336 :

459 4397 476 4425 ι
515 4375 621 4430 Sed
650 4376 792 4431 sicut
821 4387 1002 4431 scorto
1033 4387 1252 4433 utentur
1284 4393 1469 4432 sorore
1496 4386 1680 4432 nostra
1715 4375 1790 4430 ’τί
1825 4396 1844 4429 ι
1879 4375 2022 4446 Quo-

2132 3286 2194 3351 ἐξ
2234 3285 2427 3340 Ἰακὼϐ
2479 3285 2610 3338 Δευῖ
2636 3301 2694 3337 τε
2724 3283 2819 3336 καὶ
2852 3281 3098 3352 Συμεὼν,
3144 3281 3530 3352 ἀνακαιόμενοι
3576 3279 3710 3349 πρὸς

2133 3376 2302 3448 ὀργὰς
2332 3375 2423 3428 ἐπὶ
2450 3374 2579 3445 Δίνᾳ
2603 3376 2669 3445 τῇ
2702 3373 2928 3444 ἀδελφῇ,
2959 3373 3024 3443 ἢν
3050 3371 3498 3442 διεπαρθένευσεν
3525 3369 3713 3440 Ἐμὼρ

2133 3471 2161 3521 ὁ
2199 3467 2380 3538 Συχὲμ
2404 3467 2534 3530 υἱός.
2570 3461 2702 3519 Εἶτα
2732 3465 2984 3536 περιδεὴς
3013 3463 3262 3518 ἐντεῦθεν
3290 3465 3318 3516 ὁ
3349 3463 3616 3533 μακάριος
3645 3457 3712 3531 ἦν

2147 3556 2338 3609 Ἰακώϐ
2362 3574 2373 3585 ·
2406 3559 2499 3609 καὶ
2529 3556 2727 3609 αὐτίκα
2764 3555 2828 3626 δὴ
2873 3554 3016 3626 μάλα
3058 3553 3446 3608 συνδιολείσθαι
3489 3557 3598 3617 τοῖς
3626 3553 3714 3605 τέ-

2134 3667 2282 3713 κνοις
2341 3649 2434 3702 καί
2459 3651 2570 3710 τοῖς
2599 3649 2720 3701 κατ’
2747 3644 2893 3701 οἷκον
2927 3647 3100 3701 ἀπασι
3123 3645 3454 3718 προσδοκῶν,
3479 3647 3714 3714 ἐπετίμα

2132 3744 2245 3804 τοῖς
2283 3743 2468 3794 ἐκεῖνα
2492 3740 2828 3811 δεδρακόσιν,
2855 3738 2997 3792 οὕτω
3029 3756 3088 3791 τε
3124 3737 3226 3809 ἔφη
3256 3753 3270 3767 ⁸
3311 3757 3329 3789 ι
3359 3737 3603 3806 Μισητόν
3646 3752 3713 3806 με

2135 3836 2492 3906 πεποιήκατε,
2520 3833 2659 3887 ὥστε
2693 3833 2928 3904 πονηρόν
2976 3851 3042 3904 με
3081 3829 3218 3886 εἶναι
3266 3835 3376 3894 τοῖς
3403 3830 3715 3884 κατοικοῦσι.

2133 3925 2232 3997 τὴν
2259 3927 2379 3996 γῆν,
2410 3924 2468 3977 ἓν
2499 3941 2558 3976 τε
2598 3927 2709 3988 τοῖς
2743 3924 3088 3988 Χαναναίοις,
3116 3924 3210 3977 καὶ
3241 3926 3352 3986 τοῖς
3381 3922 3711 3993 Φερεζαίοις.

2148 4015 2288 4084 Ἐγω
2316 4017 2371 4068 δὲ
2400 4015 2676 4084 ὀλιγοστός
2713 4016 2829 4085 εἰμι
2872 4015 2930 4067 ἐν
2978 4015 3213 4086 ἀριθμῷ,
3243 4015 3334 4068 καὶ
3361 4013 3715 4084 συναχθέντες

2135 4109 2223 4160 ἐπ’
2255 4108 2374 4176 ἐμὲ,
2411 4107 2740 4177 συγκόψουσί
2783 4124 2870 4177 με,
2901 4108 2994 4160 καὶ
3024 4107 3416 4177 ὲκεριϐήσομαι
3457 4105 3586 4174 ἐγὼ,
3621 4103 3714 4158 καὶ

2136 4199 2163 4250 ὁ
2191 4195 2336 4262 οἶκός
2367 4217 2486 4268 μου.
2521 4218 2538 4250 ι
2569 4200 2679 4252 Καὶ
2703 4198 3004 4268 κατέληγον
3036 4199 3133 4269 μὲν
3159 4198 3408 4268 οὐδαμῶς
3446 4198 3540 4250 τοῦ
3581 4197 3714 4268 θράο

2138 4305 2265 4349 σους
2291 4291 2339 4341 οἱ
2367 4288 2595 4341 νεανίαι.
2627 4289 3033 4358 Προσυπήντων
3065 4287 3170 4358 γὰρ
3197 4287 3445 4355 λέγοντες
3463 4305 3477 4317 ⁸
3515 4307 3534 4338 ‹
3561 4287 3714 4340 Ἀλλ’

2136 4381 2268 4433 ὡσεὶ
2305 4380 2480 4451 πόρνῃ
2518 4381 2812 4450 χρήσονται
2847 4382 2913 4450 τῇ
2956 4379 3156 4450 ἀδελφῇ
3205 4379 3396 4449 ήμῶν;
3427 4396 3445 4429 ι
3496 4377 3714 4449 Ἐπειδὴ

455 4467 597 4521 uiam
629 4482 758 4522 vero
779 4482 1101 4536 magnopere
1132 4467 1421 4534 metuebat,
1467 4468 1608 4522 sicut
1664 4467 1798 4533 dixi,
1849 4467 2026 4536 justus

2135 4473 2215 4532 δὲ.
2245 4473 2318 4537 ὡς
2346 4472 2501 4541 ἔφην,
2534 4473 2788 4544 περιδεὴς
2806 4468 2873 4543 ἦν
2900 4471 3039 4538 ἄγαν
3066 4473 3094 4524 ὁ
3122 4471 3347 4535 δίκαιος,
3372 4471 3713 4542 προσέπιπτε

453 4558 566 4624 ille,
597 4559 772 4614 denuo
803 4561 1028 4614 cadebat
1054 4545 1410 4630 supplex-Deo
1453 4559 1746 4624 Servatori,
1777 4561 1867 4630 qui
1903 4575 2025 4615 eum

457 4649 755 4704 terroribus
784 4649 922 4705 haud
954 4651 1122 4706 multo
1160 4661 1280 4721 post
1332 4651 1679 4706 liberaturum
1711 4653 2024 4723 spopondit,

455 4741 527 4795 ita
557 4740 781 4810 loquens
823 4756 1007 4796 amans
1043 4742 1305 4811 iustorum
1339 4743 1480 4798 Deus
1530 4762 1544 4798 :
1585 4763 1603 4795 ι
1646 4744 1906 4814 Surgens,
1940 4761 2026 4801 as-

454 4833 626 4888 cende
656 4834 710 4889 in
743 4834 915 4890 locum
959 4834 1166 4900 Betbel,
1203 4845 1257 4890 et
1295 4835 1476 4890 habita
1514 4836 1607 4900 ibi,
1636 4847 1691 4890 et
1719 4835 1804 4890 fac
1835 4836 1906 4891 ibi
1943 4836 2024 4890 al-

455 4937 570 4983 tare
593 4929 723 4992 Deo,
756 4928 845 4998 qui
879 4931 1124 4998 apparuit
1159 4929 1277 4996 tibi,
1314 4930 1528 4999 quando
1561 4929 1802 4999 fugiebas
1831 4945 1858 4982 a
1889 4929 2028 4984 facie

453 5019 595 5075 Esau
624 5019 810 5074 fratris
835 5020 910 5073 tui
943 5019 1011 5073 “'.
1053 5038 1072 5072 ι
1127 5019 1319 5075 Postea
1374 5036 1697 5076 ascensurus
1746 5021 1797 5075 in
1838 5020 2027 5076 Bethel

453 5113 642 5168 beatus
673 5112 861 5176 Jacob,
894 5121 948 5166 et
980 5113 1211 5166 divinam
1248 5113 1464 5166 domum
1508 5113 1848 5184 ingressurus
1881 5113 2026 5186 (red-

452 5205 597 5258 ditur
620 5204 764 5258 enim
791 5203 974 5258 Bethel
1008 5223 1027 5256 ι
1085 5204 1136 5257 in
1184 5205 1398 5258 domum
1446 5204 1567 5273 Dei,
1609 5206 1675 5277 ι)
1731 5206 1802 5258 ita
1858 5215 2022 5261 totam

453 5301 672 5349 c'omum
702 5309 877 5360 suam,
909 5304 965 5348 et
995 5310 1184 5350 omnes
1214 5295 1306 5365 qui
1336 5311 1458 5351 cum
1491 5310 1556 5351 eo
1583 5297 2030 5370 erant,[compel-

450 5388 626 5442 iuvit:
664 5407 683 5440 ι
723 5387 916 5444 Tollite
961 5391 1090 5446 deos
1131 5391 1336 5445 alienos
1385 5393 1450 5445 de
1480 5391 1656 5445 medio
1688 5400 1946 5457 vestrum,
1975 5400 2032 5446 et

451 5481 808 5547 mundamini,
840 5489 896 5538 et
937 5493 1142 5539 mutate
1182 5483 1499 5538 vestimenta
1543 5492 1746 5551 vestra,
1796 5492 1850 5539 et
1907 5498 2031 5540 eur—

523 5679 569 5710 ⁸¹
606 5679 742 5734 Gen.
777 5698 945 5748 xxv",
977 5687 1065 5741 41.

479 5749 570 5804 50.
645 5753 686 5781 ⁸⁷
729 5749 858 5808 Ibid.
891 5756 976 5808 3i.
1054 5757 1098 5788 δ’
1139 5756 1271 5813 Gen.
1309 5771 1472 5820 xxxv,
1504 5758 1552 5810 1.

1143 5687 1186 5757 ¹ὲ³
1222 5686 1355 5741 Gen.
1387 5701 1562 5747 χχχιι,
1589 5687 1679 5743 30.
1757 5691 1802 5722 ⁵³
1840 5689 1940 5745 lsa.
1971 5704 2047 5757 ιι,
2077 5686 2130 5754 6,
2159 5686 2380 5743 secund.
2409 5683 2572 5740 LXX.

2132 4562 2293 4616 πάλιν
2325 4561 2732 4634 τῷδιασώζοντι
2761 4561 2900 4634 Θεῷ.
2947 4558 3081 4616 Εἶτα
3117 4559 3227 4613 τῶν
3252 4560 3522 4630 δειμάτων
3551 4558 3712 4613 αὑτὸν

2131 4656 2494 4713 ἀπαλλάττειν
2539 4658 2867 4727 ὑπισχνεῖτο,
2898 4657 2991 4708 καὶ
3037 4654 3136 4708 οὐκ
3177 4655 3258 4718 εἰς
3306 4655 3521 4724 μακράν
3569 4651 3715 4706 οὕτω

2131 4749 2308 4818 λέγων
2335 4750 2363 4802 ὁ
2387 4749 2715 4819 φιλοδίκαιος
2737 4749 2889 4812 Θεόςο
2923 4767 2945 4800 ι
2970 4745 3233 4810 Ἀναστὰς
3259 4745 3490 4817 ἀνάϐηθι
3519 4747 3599 4809 εἰς
3622 4746 3714 4799 τὸν

2130 4842 2294 4896 τόπον
2339 4841 2562 4913 Βαιθὴλ,
2597 4842 2693 4894 καὶ
2725 4840 2863 4894 οἴκει
2899 4841 3037 4904 ἐκεῖ,
3066 4841 3160 4895 καὶ
3191 4840 3413 4910 ποίησον
3457 4840 3574 4892 ἐκεῖ
3621 4839 3714 4892 θυο

2135 4935 2449 5006 σιαστήριον
2479 4934 2554 5004 τῷ
2577 4932 2715 5004 Θεῷ,
2757 4933 2835 5003 τῷ
2877 4931 3095 5002 ὀφθέντι
3125 4949 3206 4986 σοι
3237 4932 3295 4985 ὲν
3333 4930 3408 5002 τῷ
3439 4947 3498 4983 σε
3524 4929 3712 4985 ἀποδι-

2130 5027 2388 5098 δράσκειν
2436 5027 2544 5080 ἀπὸ
2591 5025 2884 5098 προσώπου
2921 5025 3091 5078 Ἠσαῦ
3125 5025 3220 5078 τοῦ
3265 5023 3494 5092 ἀδελφοῦ
3535 5040 3649 5076 σου.
3687 5041 3707 5073 ι

2132 5115 2286 5182 Εἶτα,
2323 5119 2530 5190 μέλλων
2573 5117 2882 5170 ἀναϐαίνειν
2928 5116 3008 5179 είς
3035 5098 3236 5186 natm"
3265 5115 3293 5167 ό
3324 5114 3586 5183 μακάριος
3609 5113 3713 5166 Ἰα-

2133 5211 2270 5276 κὼό,
2303 5211 2396 5265 καὶ
2427 5212 2506 5274 είς
2533 5210 2624 5263 τὸν
2652 5209 2792 5262 θεῖον
2824 5203 2972 5262 οἶκον
3005 5205 3178 5262 ἐλθεῖν
3203 5205 3583 5277 (ἑρμηνεύεται
3605 5204 3713 5272 γὰρ

2129 5306 2164 5375 ή
2192 5303 2412 5373 Βαιθὴλ,
2455 5323 2472 5353 ι
2503 5303 2580 5364 εἰς
2607 5296 2752 5354 οἷκον
2786 5298 2920 5353 Θεοῦ
2949 5319 2966 5350 ι
2998 5298 3015 5369 )
3039 5338 3054 5361 ,
3078 5295 3416 5368 προσεφώνει
3450 5295 3610 5348 παντὶ
3635 5292 3713 5362 τῷ

2129 5396 2264 5466 οἴκῳ
2295 5395 2482 5457 αὑτοῦ,
2507 5395 2598 5448 κα)⁵
2621 5395 2753 5446 πᾶσι
2782 5394 2894 5456 τοῖς
2927 5392 3044 5462 μετ’
3075 5390 3241 5446 αὑτοῦ
3270 5407 3282 5419 ³
3319 5391 3552 5458 «Ἄρατε
3585 5386 3712 5450 τοὺς

2132 5487 2288 5551 θεοὺς
2330 5488 2457 5551 τοὺς
2498 5485 2811 5557 ἀλλοτρίους
2849 5484 2916 5536 ὲκ
2943 5483 3108 5554 μέσου
3149 5481 3322 5552 ὑμῶν,
3357 5479 3450 5534 καὶ
3481 5475 3712 5548 καθαριά

2679 5685 2724 5718 δ’
2763 5682 2920 5740 Joan.
2949 5698 3061 5750 xrv,
3115 5681 3168 5738 9.
3267 5681 3314 5714 “
3351 5681 3486 5738 Gen.
3522 5697 3720 5751 unus,
