4110 6368
370 378 480 436 285

1311 377 1965 437 COMMENTARIUSJN
2006 378 2238 435 osum
2277 361 2722 434 momenti.

3525 384 3634 439 986

373 487 562 552 σασθε,
590 486 683 540 καὶ
707 487 969 553 ἀλλάξατε
997 487 1092 554 τὰς
1128 490 1318 554 στολὰς
1348 490 1524 561 ὑμῶν,
1556 491 1652 544 καὶ
1686 490 1944 544 ἀναστάν-

2055 500 2240 558 gentes
2275 492 2633 546 ascendamus
2658 491 2711 544 in
2745 489 2952 555 Bethel,
2981 502 3034 545 et
3069 493 3326 548 faciamus
3364 493 3435 548 ibi
3465 495 3635 549 altare

372 597 462 644 τες
503 579 790 652 ἀναδῶμεν
838 583 919 645 εἱς
968 581 1190 651 Βαιθὴλ,
1232 585 1325 635 καὶ
1360 585 1674 654 ποιήσωμεν
1703 585 1818 635 ἐκεῖ
1865 581 1952 633 θυ-

375 673 688 744 σιαστήριον
722 671 800 744 τῷ
827 672 963 744 Θεῷ,
994 673 1071 744 τῷ
1113 674 1477 728 ὲπακούσαντί
1509 693 1610 746 μου
1659 676 1717 728 ὲν
1767 675 1953 745 ἡμέρᾳ

373 763 624 834 θλίψεως,
651 764 710 828 ὃς
742 759 811 836 ἦν
839 767 958 836 μετ’
982 767 1138 837 ἐμοῦ,
1172 767 1264 821 καὶ
1292 768 1514 822 διέσωσέ
1557 785 1622 838 με
1651 769 1708 820 ὲν
1737 769 1802 838 τῇ
1827 766 1950 837 ὁδῷ,

369 851 404 929 ᾖ
430 857 752 928 ἐπορεύθην.
781 858 892 915 Καὶ
928 857 1136 913 ἔδωκαν
1169 859 1245 930 τῷ
1269 860 1463 914 Ἰακὼϐ
1491 862 1614 922 τοὺς
1643 859 1799 922 θεοὺς
1827 860 1952 921 τοὺς

369 947 703 1020 ἀλλοτρίους,
730 948 779 1001 οἳ
827 944 968 1020 ἦσαν
1011 951 1069 1003 ὲν
1101 952 1218 1012 ταῖς
1264 949 1453 1022 χερσὶν
1499 948 1698 1013 αὐτῶν,
1744 946 1840 1001 καὶ
1883 945 1952 998 τὰ

369 1040 566 1094 ἐνώτια
607 1040 674 1093 τά
711 1043 770 1094 ὲν
809 1045 922 1105 τοῖς
946 1043 1079 1095 ὠσὶν
1104 1041 1304 1107 αὑτῶν,
1346 1044 1440 1096 καὶ
1473 1041 1782 1113 κατέκρυψε
1812 1039 1951 1092 αὐτὰ

383 1131 577 1188 Ἰακὼϐ
627 1133 732 1186 ὑπὸ
776 1133 875 1204 τὴν
920 1133 1230 1205 τερέϐινθον
1274 1132 1371 1204 τὴν
1421 1135 1478 1187 ὲν
1523 1131 1810 1202 Σικίμοις,
1856 1133 1951 1184 καὶ

369 1223 648 1279 ἀπώλεσεν
697 1225 836 1279 αὑτά
891 1226 994 1289 ἕως
1041 1225 1141 1296 τῆς
1189 1227 1426 1297 σήμερον
1457 1225 1689 1296 ἡμέρας.
1727 1242 1744 1272 ι
1780 1217 1854 1276 υῦ
1885 1222 1949 1294 δὴ

369 1315 684 1384 γεγονότος,
737 1319 794 1368 ὲν
822 1315 974 1387 καλῷ
1006 1319 1104 1389 τῆς
1132 1317 1344 1382 ἐλπίδος
1373 1313 1442 1388 ἦν
1471 1319 1500 1369 6
1535 1315 1821 1378 θεσπέσιος
1851 1315 1952 1366 Ἰα-

368 1406 506 1461 κώϐ.
525 1407 921 1478 Ἀπηλλάττετο
944 1409 1051 1480 γὰρ
1083 1410 1315 1464 εἱσάπαν
1353 1409 1453 1479 τῆς
1497 1407 1792 1478 Σικιμιτῶν
1821 1408 1953 1460 ὑπο-

367 1498 518 1570 ψίας,
554 1499 688 1552 Θεοῦ
719 1500 1143 1564 κατευνάζοντος
1175 1501 1281 1572 ίδίᾳ
1312 1501 1539 1570 δυνάμει
1572 1501 1700 1562 τοὺς
1732 1498 1830 1570 τὴν
1863 1498 1949 1551 ἐπ’

369 1590 518 1661 αὑτῷ
550 1590 730 1663 μάχην
753 1591 1212 1664 ὼδίνοντας.¹Ἐφη
1237 1593 1347 1664 γὰρ
1373 1593 1434 1646 τὸ
1464 1593 1701 1663 Γράμμα
1723 1591 1782 1644 τὸ
1807 1589 1951 1662 ἱερὸν
1979 1627 1981 1629 ι

368 1681 566 1757 ἐφεξῆς
591 1699 604 1714 ·
645 1703 660 1733 ι
693 1684 802 1737 Καὶ
826 1683 1044 1752 ἐγένετο
1069 1683 1233 1753 φόϐος
1269 1684 1477 1756 Κυρίου
1505 1684 1596 1738 ἐπὶ
1633 1683 1730 1746 τὰς
1769 1682 1952 1745 πόλεις

366 1773 467 1836 τὰς
517 1773 702 1845 κύκλῳ
757 1774 958 1838 αὐτῶν,
997 1774 1091 1828 καὶ
1137 1775 1198 1827 οὑ
1244 1773 1578 1838 κατεδίωξαν
1621 1773 1798 1827 ὀπίσω
1843 1770 1951 1825 τῶν

2055 583 2189 646 Deo,
2213 583 2302 652 qui
2345 583 2619 636 exaudivit
2649 597 2731 636 me
2757 582 2808 634 in
2840 581 2924 635 die
2970 582 3356 649 tribulationis,
3389 586 3478 654 qui
3533 586 3634 640 fuit

2054 689 2284 740 mecum,
2319 683 2372 727 et
2400 671 2623 726 salvavit
2673 688 2758 727 tne
2811 673 2864 727 in
2919 674 3002 727 via
3055 689 3157 743 qua
3220 677 3506 732 ambulavi.
3570 679 3636 733 Et

2053 765 2314 820 dederunt
2348 763 2514 820 Jacob
2542 767 2670 820 deos
2712 766 2936 833 alienos,
2972 767 3059 834 qui
3083 779 3240 822 erant
3276 771 3326 822 in
3384 771 3634 824 manibus

2052 873 2261 921 eorum,
2287 867 2342 912 et
2366 859 2603 920 inaures,
2633 872 2752 926 qua:
2796 857 2846 910 in
2875 859 3112 914 .auribus
3152 873 3364 922 eorum,
3409 869 3462 915 et
3508 863 3633 914 abs-

2053 949 2236 1002 condit
2263 963 2323 1001 ea
2375 947 2542 1004 Jacob
2577 949 2680 1002 sub
2725 948 3031 1004 terebintho
3088 966 3207 1019 qua:
3238 961 3321 1005 est
3355 952 3407 1005 in
3452 952 3632 1006 Sicbi-

2053 1043 2178 1106 mis,
2206 1050 2257 1095 ct
2292 1042 2523 1110 perdidit
2555 1057 2616 1094 ea
2654 1055 2823 1110 usque
2847 1040 2899 1094 in
2935 1041 3256 1096 hodiernum
3297 1043 3436 1097 diem
3486 1043 3552 1095 δ’.
3606 1063 3625 1094 ι

2053 1133 2169 1199 Qun
2203 1145 2422 1201 peracto
2452 1133 2588 1187 bona
2623 1147 2718 1202 spe
2747 1132 2988 1186 alebatur
3023 1144 3242 1188 sanctus
3276 1132 3462 1188 Iacob.
3494 1133 3630 1187 Nam

2054 1225 2454 1281 Sichimitarnm
2487 1225 2775 1278 formidine
2813 1225 3027 1294 penitus
3073 1225 3468 1288 exsolvebatur,
3521 1225 3630 1280 Deo

2053 1317 2251 1370 virtute
2284 1331 2376 1370 sua
2417 1315 2609 1369 bellum
2649 1317 2905 1370 adversus
2936 1331 3058 1369 eum
3091 1317 3450 1383 parturientes
3479 1331 3630 1370 com-

2053 1407 2334 1473 primente.
2366 1403 2440 1458 lta
2473 1407 2614 1460 enim
2651 1406 2703 1458 in
2731 1420 2884 1458 sacra
2918 1405 3198 1472 Scriptura
3245 1405 3496 1474 deinceps
3544 1421 3630 1460 se-

2051 1497 2237 1565 quitur
2269 1515 2280 1549 :
2324 1515 2342 1546 ι
2380 1496 2445 1549 Ει
2473 1494 2646 1549 factus
2671 1505 2755 1549 est
2785 1496 2942 1547 timor
2964 1495 3056 1548 Dei
3083 1509 3246 1563 super
3289 1495 3534 1548 civitates
3574 1496 3627 1550 in

2052 1588 2277 1642 circuitu
2301 1601 2508 1651 eorum,
2537 1596 2591 1640 et
2644 1601 2748 1640 non
2804 1586 3070 1656 persecuti
3137 1596 3262 1640 sunt
3316 1597 3438 1654 post
3491 1587 3630 1643 ﬁlios

2053 1680 2310 1734 Israel".
2352 1699 2369 1731 ι
2398 1679 2690 1749 Postquam
2731 1689 2907 1733 autem
2951 1678 3274 1733 aedificatum
3323 1689 3406 1734 est
3461 1679 3630 1735 altare

2055 1774 2106 1825 in
2132 1770 2298 1837 Luza,
2331 1786 2448 1840 quae
2477 1779 2559 1825 est
2581 1771 2789 1837 Bethel,
2841 1791 2859 1823 ‹
2912 1771 3193 1840 Apparuit,
3235 1772 3429 1841 inquit,
3490 1772 3630 1827 Deus

367 1863 500 1917 υἱῶν
538 1865 773 1936 Ἰσραήλ.
805 1885 823 1917 ι
845 1865 1061 1938 Ἐπειδὴ
1092 1867 1150 1920 δὲ
1185 1868 1451 1938 ἐγήγερτο
1477 1865 1861 1935 θυσιαστήριον
1893 1863 1944 1914 ὲν

2051 1861 2240 1928 Jacoh,
2269 1874 2324 1918 et
2358 1863 2634 1916 benedixit
2664 1862 2736 1927 ei,
2772 1862 3017 1931 dixitque
3061 1879 3076 1915 :
3123 1860 3236 1931 Ego
3287 1861 3428 1916 Deus
3484 1869 3626 1926 tuus,

366 1955 568 2020 Λουζά,
592 1958 621 2010 ὅ
640 1957 756 2011 ἐστι
779 1956 1002 2030 Βαιθὴλ,
1037 1979 1053 2008 ι
1069 1958 1268 2030 Ὠφθη,
1291 1959 1446 2030 φησὶ,
1469 1957 1602 2021 Θεὸς
1620 1956 1698 2028 τῷ
1719 1955 1940 2024 Ἰακὼϐ,

366 2046 462 2100 καὶ
483 2047 785 2118 ηὑλόγησεν
817 2051 999 2116 αὑτὸν,
1040 2051 1136 2105 καὶ
1172 2045 1346 2104 εἵπενο
1399 2049 1542 2118 Ἐγὼ
1576 2050 1605 2102 ὁ
1639 2048 1772 2113 Θεός
1823 2065 1939 2114 σου,

364 2137 620 2206 αύξάνου,
657 2142 751 2196 καὶ
777 2141 1076 2213 πληθύνου·
1118 2142 1244 2213 ἔθνη
1311 2142 1404 2196 καὶ
1437 2141 1750 2210 συναγωγαὶ
1775 2140 1944 2194 ἐθνῶν

365 2230 580 2285 ἔσονται
616 2234 682 2288 ἐκ
721 2233 835 2296 σοῦ,
867 2235 961 2288 καὶ
1005 2234 1243 2304 βασιλεῖς
1276 2236 1340 2288 ἐκ
1368 2235 1467 2305 τῆς
1501 2234 1700 2303 ὀσφύος
1731 2252 1824 2287 σου
1856 2234 1945 2301 ἐξ-

365 2314 701 2386 ελεύσονται,
743 2321 836 2375 καὶ
881 2321 981 2394 τὴν
1028 2323 1156 2390 γῆν,
1209 2323 1276 2394 ἣν
1328 2323 1504 2377 ἔδωκα
1548 2317 1803 2395 Ἀϐραὰμ
1851 2324 1943 2377 καὶ

376 2404 582 2469 Ἰσαὰκ,
624 2409 708 2460 σοὶ
744 2409 953 2464 δέδωκα
1007 2411 1208 2482 αὑτήν·
1243 2412 1337 2465 καὶ
1390 2411 1466 2482 τῷ
1515 2412 1792 2484 σπέρματί
1849 2430 1942 2465 σου

366 2495 506 2565 μετά
546 2497 605 2551 σὲ
661 2498 817 2554 δώσω
847 2501 943 2569 τὴν
971 2502 1072 2572 γῆν
1102 2501 1326 2575 ταύτην.
1362 2523 1380 2554 ι
1414 2504 1634 2558 Τούτων
1666 2507 1800 2577 ἡμῖν
1827 2504 1944 2558 δια-

365 2586 638 2658 μέμνηται
671 2590 780 2644 τῶν
813 2592 1064 2663 ἱστοριῶν
1106 2595 1186 2658 εἰς
1234 2594 1294 2648 τὸ
1345 2595 1520 2667 παρὸν
1561 2595 1947 2668 χρησμῲδημα

362 2679 425 2730 τὸ
456 2682 814 2752 προφητικόν.
834 2683 1043 2738 Οὐκοῦν
1068 2681 1135 2757 ἦν
1170 2685 1267 2756 μὲν
1290 2687 1354 2740 ὲκ
1380 2687 1591 2757 μήτρας
1619 2688 1946 2759 πτερνιστὴς

373 2770 588 2837 Ἰακὼϐ,
618 2774 776 2844 ὑμεῖς
802 2775 859 2828 δὲ
893 2777 981 2830 ἀεὶ⁹
1014 2777 1383 2848 πτερνίξεσθε,
1412 2779 1506 2832 καὶ
1535 2780 1595 2832 ού
1628 2779 1945 2850 πτερνίζετε

364 2863 564 2932 μᾶλλον
597 2865 694 2937 τὴν
721 2867 1016 2938 ἁμαρτίαν.
1051 2869 1161 2923 Καὶ
1193 2868 1624 2939 φιλοπονώτατος
1663 2871 1763 2943 μὲν
1805 2873 1947 2924 ἐκεῖ·

359 2969 470 3020 νος,
507 2957 600 3008 καὶ
619 2958 674 3010 ἐν
704 2958 888 3030 ἱδρῶσι
923 2961 1228 3031 εὐδόκιμος.
1259 2962 1354 3015 καὶ
1392 2965 1613 3033 γνήσιος
1635 2964 1773 3034 πρὸς
1790 2963 1942 3017 Θεόν⁶

361 3045 520 3115 ὑμεῖς
563 3048 621 3102 δὲ
665 3050 978 3123 τρυφῶντες
1033 3057 1154 3118 ταῖς
1191 3055 1572 3122 ἁποστασίαις,
1601 3056 1693 3110 τὸν
1727 3057 1946 3128 ἀπάσης

361 3142 490 3213 ὑμῖν
519 3139 780 3211 εὐθυμίας
815 3143 876 3196 οὑ
919 3145 1254 3215 τετιμήκατε
1298 3147 1553 3218 χορηγόν.
1601 3147 1946 3200 (Ἐκλαυσαν

2045 1971 2233 2010 cresce
2294 1965 2348 2010 et
2386 1947 2745 2025 multiplicare
2780 1965 3010 2024 :gentes
3069 1963 3125 2010 et
3183 1953 3629 2025 congregatioues

2044 2048 2282 2120 gentium
2319 2056 2475 2102 erunt
2503 2063 2568 2101 ex
2609 2056 2679 2113 te,
2715 2058 2768 2101 et
2812 2063 2963 2117 reges
3010 2047 3076 2101 de
3117 2046 3420 2103 lumbo-tuo
3467 2063 3627 2118 egre-

2047 2143 2281 2205 dientur,
2311 2149 2366 2195 et
2391 2151 2586 2196 terram
2627 2155 2787 2210 quam
2837 2140 2958 2194 dedi
3019 2138 3292 2194 Abraham
3351 2148 3407 2194 et
3448 2139 3626 2208 Isaac,

2048 2233 2142 2287 tibi
2173 2233 2292 2288 dedi
2319 2248 2463 2297 eam,
2495 2242 2547 2287 et
2583 2233 2775 2287 semini
2823 2243 2911 2285 tuo
2957 2241 3076 2302 post
3128 2241 3180 2286 te
3235 2231 3375 2285 dabo
3424 2240 3629 2286 terram

2048 2325 2184 2380 hanc
2211 2326 2277 2378 ⁵¹.
2313 2344 2332 2377 ι
2371 2324 2571 2378 Harum
2604 2325 2950 2378 historiarum
3001 2338 3098 2378 nos
3126 2321 3541 2378 commonefacit
3570 2323 3626 2376 in

2045 2417 2293 2484 praesenti
2329 2414 2697 2483 propheticum
2725 2413 3022 2468 oraculum.
3049 2409 3181 2464 Erat
3216 2410 3378 2479 igitur
3398 2425 3463 2464 ex
3503 2419 3626 2465 ute-

2048 2523 2111 2562 ro
2141 2505 2513 2576 supplantator
2541 2502 2724 2564 Jacob,
2752 2519 2849 2559 vos
2893 2512 3075 2557 autem
3122 2517 3335 2570 semper
3371 2500 3627 2571 supplan-

2049 2599 2257 2663 tamini,
2283 2609 2336 2652 et
2364 2614 2466 2652 non
2497 2597 2852 2667 supplantatis
2898 2596 3074 2666 potius
3109 2595 3262 2670 171
3321 2602 3621 2664 peccatum.

2050 2691 2114 2745 Et
2140 2691 2226 2743 ille
2251 2691 2468 2760 quidem
2496 2688 2736 2744 laborum
2767 2697 2887 2743 erat
2915 2686 3342 2748 amantissimus,
3375 2694 3429 2738 et
3459 2683 3627 2739 sudo-

2049 2781 2196 2836 ribus
2229 2789 2524 2850 spectatus,
2555 2787 2610 2832 et
2637 2778 2880 2833 sincerus
2907 2791 3034 2845 erga
3067 2774 3269 2839 Deum;
3303 2787 3400 2828 vos
3443 2782 3622 2827 autem

2049 2872 2442 2926 deiectionibus
2474 2869 2742 2936 ludentes,
2787 2868 2962 2922 omnis
2998 2866 3197 2920 laetitiae
3227 2873 3420 2919 vestrae
3466 2863 3627 2931 largi-

2050 2976 2220 3021 torem
2257 2981 2363 3020 non
2392 2964 2723 3020 honorastis.
2759 2980 2777 3013 r
2819 2961 3110 3015 Flcverunt
3140 2967 3320 3028 patres
3344 2956 3531 3019 vestri,
3571 2963 3627 3010 et

2047 3058 2404 3114 obsecrarunt
2439 3071 2546 3117 me,
2589 3073 2607 3106 ι
2648 3053 2839 3122 inquit.
2871 3050 3003 3106 Nam
3041 3050 3088 3105 si
3113 3051 3327 3119 quando
3359 3061 3456 3118 per
3487 3046 3623 3101 insi-

2050 3153 2168 3206 dias
2193 3146 2466 3221 quidpiam
2498 3149 2565 3201 ab
2604 3146 2725 3200 aliis
2763 3160 2824 3199 se
2876 3158 3134 3213 passuros
3188 3141 3620 3211 suspicabantur,

359 3232 410 3288 ct
441 3231 679 3303 πατέρες
725 3233 899 3304 ὑμῶν,
938 3237 1030 3287 καὶ
1082 3234 1382 3306 ἐδεήθησάν
1433 3254 1556 3306 μου,
1591 3255 1610 3288 ›
1659 3234 1846 3306 φησίν.
1883 3233 1944 3287 Ei

2055 3245 2252 3300 ﬂebant
2275 3251 2328 3297 et
2352 3239 2726 3310 supplicabant
2749 3237 2878 3292 mihi
2912 3249 3047 3304 :per
3073 3249 3158 3288 me
3196 3233 3340 3288 enim
3391 3240 3624 3286 tanturn-

359 3328 472 3400 γάρ
512 3345 615 3381 που
641 3328 931 3397 γεγόνασιν
963 3331 1022 3382 ὲν
1057 3331 1316 3400 ὑποψίαις
1344 3331 1438 3385 τοῦ
1474 3331 1668 3386 παθεῖν
1695 3330 1767 3384 τά
1799 3332 1950 3402 παρὰ

359 3423 462 3491 τῆς
507 3437 669 3474 τινων
719 3420 1033 3493 ἐπιϐουλῆς,
1063 3421 1280 3476 ἔκλαιον
1331 3424 1426 3477 καὶ
1478 3423 1688 3477 ἐδέοντό
1716 3440 1839 3493 μου.
1868 3420 1948 3476 Δι’

360 3511 499 3583 ἐμοῦ
529 3512 640 3585 γὰρ
671 3515 767 3566 καὶ
799 3513 960 3584 μόνου
991 3513 1257 3579 σώζεσθαι
1292 3515 1638 3584 προσεδόκων
1657 3530 1670 3544 ⁸
1714 3515 1869 3586 ὑμεῖς
1891 3515 1947 3568 δὲ

362 3603 547 3668 πόλεις
591 3604 878 3675 τειχίζετε,
910 3605 1090 3659 οἴεσθέ
1134 3624 1214 3671 τε,
1245 3607 1327 3660 ὅτι
1372 3608 1475 3661 κᾶν
1508 3610 1556 3661 εἱ
1602 3607 1676 3680 μὴ
1713 3607 1943 3680 θέλοιμι,

364 3695 506 3766 ιάχα
545 3711 647 3755 που
687 3695 1021 3766 σωθήσεσθε,
1053 3696 1149 3750 καὶ
1197 3699 1500 3769 κρατήσετε
1547 3699 1654 3751 τῶν
1684 3699 1947 3770 ἀνθεστη-

359 3782 555 3837 κότων.
587 3784 844 3837 Κάκεῖνοι
898 3783 956 3836 δὲ
1016 3803 1034 3835 ‹
1060 3785 1148 3838 Ἐν
1201 3785 1281 3856 τῷ
1323 3785 1460 3857 οἴκῳ
1498 3787 1732 3858 εὖροσάν
1789 3806 1875 3860 με.
1919 3807 1940 3842 ι

374 3876 565 3948 ’Δνέϐη
607 3875 737 3948 γὰρ,
767 3878 842 3942 ὼς
872 3877 1030 3950 ἔφην,
1060 3881 1116 3931 ὲν
1154 3880 1360 3952 Βαιθὴλ
1390 3883 1418 3934 6
1449 3880 1664 3945 Ἰακὼϐ,
1697 3883 1941 3956 ἐπεφάνη

359 3986 422 4022 τε
467 3967 602 4031 Θεὸς
650 3968 820 4039 αὐτῷ,
849 3972 941 4022 καὶ
990 3973 1106 4024 ἐκεῖ
1138 3971 1373 4044 ἐλαλήθη
1420 3974 1556 4046 πρὸς
1594 3975 1754 4027 αὐτὸν
1782 3977 1814 4046 ἡ
1843 3976 1943 4045 τῆς

359 4061 611 4131 εὐλογίας
633 4061 944 4131 ὑπόσχεσις,
968 4062 1220 4135 καθάπερ
1239 4062 1522 4136 ἐδείξαμεν
1539 4065 1765 4137 ἀρτίως,
1788 4069 1942 4139 ὑμεῖς

358 4155 418 4210 δὲ
445 4155 608 4209 πάλιν
633 4155 691 4207 ού
720 4154 935 4224 ζητεῖτε
960 4155 1093 4209 Θεὸν
1135 4159 1194 4210 ὲν
1233 4156 1312 4229 τῷ
1351 4158 1486 4229 οἴκῳ
1513 4159 1702 4222 αὑτοῦ,
1733 4161 1942 4232 εἱστρέ-

359 4264 485 4320 χετε
513 4247 567 4301 δὲ
598 4247 819 4318 μᾶλλον,
838 4249 932 4302 καὶ⁴
960 4250 1164 4319 σφόδρα
1197 4251 1516 4323 προθύμως,
1541 4255 1600 4306 ὲν
1632 4257 1744 4318 τοῖς
1771 4256 1940 4326 τεμέ-

359 4355 476 4391 νεσι
515 4337 608 4391 τοῦ
652 4338 817 4403 Βάαλ,
850 4338 947 4402 καὶ
981 4339 1246 4406 ὲξαιτεῖτε
1284 4341 1476 4411 λόγους
1501 4345 1562 4396 ού
1597 4345 1748 4415 παρά
1779 4345 1936 4411 Θεοῦ,

357 4429 496 4484 ἀλλά
544 4428 615 4482 τὰ
659 4429 725 4482 ὲκ.
766 4429 875 4483 τῶν
919 4430 1192 4499 δαιμόνων
1225 4431 1597 4503 μαντεύματα.
1645 4434 1810 4488 Καὶὸ
1840 4436 1938 4506 μὲν

2055 3336 2214 3392 modo
2244 3336 2471 3390 salutem
2509 3330 2921 3402 ex3pectabant;
2959 3337 3012 3382 at
3047 3343 3144 3380 vos
3180 3324 3342 3379 urbes
3383 3337 3628 3377 commu-

2055 3429 2204 3494 nitis,
2240 3428 2550 3498 putatisque
2577 3426 2739 3480 etiam
2763 3422 2978 3476 nolente
2994 3435 3076 3473 me
3103 3417 3330 3472 fortasse
3353 3422 3623 3470 servatum

2055 3521 2143 3584 iri,
2177 3529 2230 3573 et
2259 3521 2321 3572 dc
2354 3516 2600 3571 hostibus
2633 3513 2914 3568 victoriam
2956 3509 3245 3563 relaturos.
3301 3507 3364 3560 Et
3400 3504 3475 3559 illi
3512 3521 3533 3555 ι
3570 3504 3626 3558 in

2053 3613 2214 3667 domo
2244 3611 2562 3664 invenerunt
2586 3621 2690 3660 me.
2727 3625 2745 3656 ι
2784 3601 3200 3658 Ascenditenim
3229 3599 3282 3653 in
3316 3595 3498 3652 Bethel
3531 3592 3625 3650 Ja-

2051 3705 2174 3768 cob,
2208 3713 2266 3757 ut
2302 3701 2439 3763 dixi,
2467 3699 2824 3768 apparuitque
2855 3694 2932 3749 illi
2967 3695 3125 3758 Deus,
3173 3700 3228 3747 et
3266 3692 3337 3745 ibi
3370 3690 3510 3745 dicta
3540 3697 3628 3744 est

2050 3797 2115 3851 ad
2145 3795 2292 3849 illum
2330 3791 2722 3847 benedictionis
2753 3787 3062 3857 promissio,
3086 3796 3139 3838 ut
3173 3784 3330 3853 paulo
3364 3793 3490 3837 ante
3524 3783 3625 3836 do-

2047 3889 2287 3954 cuimus;
2324 3894 2380 3939 at
2406 3899 2503 3939 vos
2531 3897 2745 3938 rursum
2781 3896 2884 3934 non
2917 3877 3158 3948 quaeritis
3184 3875 3346 3930 Deum
3380 3874 3434 3928 in
3466 3875 3626 3928 domo

2049 3978 2186 4046 ejus,
2217 3977 2309 4032 sed
2336 3976 2388 4031 in
2417 3975 2637 4029 delubra
2665 3971 2789 4026 Baal
2819 3970 3019 4041 potius,
3044 3978 3098 4024 et
3123 3966 3474 4038 cupidissime
3502 3980 3628 4019 cur-

2051 4071 2195 4134 ritis;
2237 4083 2336 4125 nec
2365 4085 2393 4122 a
2417 4068 2526 4123 Deo
2552 4080 2831 4135 responsa,
2865 4063 2959 4118 sed
3010 4063 3312 4116 da~monum
3368 4056 3623 4112 vaticinia

2045 4161 2356 4231 exquiritis.
2396 4160 2460 4214 Et
2500 4159 2713 4214 divinus
2758 4156 2972 4226 quidem
3017 4153 3183 4208 Jacob
3223 4150 3520 4205 ascendens
3567 4149 3622 4203 in

2046 4253 2252 4317 Bethel,
2296 4253 2398 4307 hoc
2435 4259 2538 4313 est,
2575 4267 2593 4301 ι
2633 4249 2686 4302 in
2721 4249 2934 4301 dommn
2979 4245 3092 4302 Dei.
3133 4261 3151 4295 ι
3205 4241 3401 4296 delevit
3449 4237 3622 4303 idola;

2045 4361 2141 4400 vos
2169 4355 2354 4399 contra
2387 4344 2437 4396 in
2471 4341 2630 4395 domo
2655 4339 2747 4392 Dei
2784 4337 2948 4390 Deum
2996 4334 3296 4403 sculptilem
3339 4331 3625 4388 constitui-

2045 4437 2162 4490 stis.
2200 4433 2518 4489 Statuerunt
2547 4431 2746 4499 quippe
2778 4429 2831 4481 in
2885 4426 3066 4480 Bethel
3113 4423 3334 4477 vitulum
3379 4437 3621 4487 aureum,

359 4521 644 4584 θεσπέσιος
674 4521 871 4575 Ἰακὼϐ
917 4523 1221 4577 ἀναϐαίνων
1263 4525 1344 4588 εἱς
1388 4524 1608 4596 Βαιθὴλ,
1635 4527 1934 4592 τουτέστιν,

2050 4524 2262 4580 tametsi
2317 4522 2500 4577 Betbel
2555 4519 3048 4588 interpretationem
3110 4515 3382 4568 baberetc
3427 4512 3621 4566 domus

364 4633 384 4666 ι
416 4616 496 4676 εἱς
535 4610 681 4667 οἷκον
709 4613 866 4679 Θεοῦ,
905 4633 923 4666 ›
971 4617 1302 4687 κατηφάνισε
1329 4616 1396 4670 τὰ
1427 4617 1619 4670 εἴδωλα
1640 4635 1651 4646 ·
1690 4619 1847 4689 ὑμεῖς
1882 4622 1940 4676 δὲ

2051 4617 2169 4678 Dei,
2217 4635 2234 4667 ι
2272 4625 2331 4667 ιιι
2364 4613 2494 4668 dixi.
2525 4610 2789 4677 Quocirca
2818 4619 2872 4662 et
2905 4622 3001 4677 per
3034 4603 3323 4659 Jeremiam
3370 4603 3510 4657 Deus
3547 4603 3625 4657 ait

357 4707 419 4760 τὸ
463 4707 702 4760 ἐναντίον
741 4709 800 4761 ὲν
829 4706 966 4778 οἴκῳ
1009 4708 1144 4761 Θεοῦ
1195 4707 1315 4762 θεὸν
1372 4711 1634 4782 ὲστήσατε
1684 4712 1939 4780 γλυπτόν.

361 4799 638 4870 Ἔστησαν
684 4799 792 4871 γὰρ
841 4801 923 4864 εἱς
962 4800 1162 4872 Βαιθὴλ
1197 4801 1296 4871 τὴν
1319 4801 1551 4874 δάμαλιν
1578 4803 1678 4874 τὴν
1706 4805 1936 4876 χρυσῆν,

357 4892 452 4945 καί
480 4908 563 4944 τοι
589 4891 688 4962 τῆς
714 4891 916 4963 Βαιθὴλ
939 4893 1401 4964 ἐρμηνευομένης,
1427 4894 1503 4958 ὼς
1531 4890 1702 4959 εἶπον,
1743 4914 1761 4945 ι
1790 4891 1938 4960 οἶκος

357 4982 511 5036 Θεοῦ.
545 5001 564 5033 ι
603 4981 703 5034 Διά
727 4982 884 5035 τοῦτο
911 4983 1005 5035 καὶ⁵
1036 4982 1123 5036 διὰ
1176 4986 1362 5054 φωνῆς
1394 4984 1658 5057 Ἱερεμίου
1707 4987 1872 5058 φησὶν
1909 4989 1939 5040 ὁ

356 5074 489 5137 Θεὸς
517 5073 645 5144 περὶ
671 5075 772 5144 τῆς
795 5073 1063 5127 Ἰουδαίων
1094 5074 1429 5146 Συναγωγῆς
1455 5091 1471 5108 ο
1513 5094 1532 5128 ι
1559 5077 1624 5130 Τί
1657 5079 1690 5148 ή
1721 5079 1938 5150 ἠγαπη-

359 5166 494 5235 μένη
524 5167 583 5218 ὲν
611 5163 689 5234 τῷ
724 5164 858 5235 οἴκῳ
895 5181 994 5234 μου
1018 5165 1239 5236 ἐποίησε
1263 5165 1568 5237 βδέλυγμα;
1596 5185 1614 5218 ι
1639 5167 1933 5232 τουτέστιν,

355 5255 598 5311 εἴδωλον.
630 5255 740 5310 Καὶ
787 5255 817 5308 ὁ
867 5255 966 5324 μὲν
998 5254 1282 5321 θεσπέσιος
1305 5257 1502 5311 Ἰακὼϐ
1533 5259 1628 5312 καὶ
1673 5261 1753 5324 εἱς
1792 5254 1942 5314 οἷκον

355 5346 708 5401 ἀναϐαίνουσι
755 5347 892 5401 Θεου
915 5347 1302 5419 καθαρίζεσθαι
1331 5365 1392 5402 τε
1421 5350 1516 5402 καὶ⁴
1549 5348 1719 5413 αὑτὰς
1744 5348 1802 5402 δὲ
1837 5350 1936 5414 τὰς

359 5437 553 5501 στολὰς
596 5439 947 5510 μεταμείϐειν
981 5439 1289 5493 ἐκέλευσεν·
1341 5441 1500 5511 ὑμεῖς
1529 5441 1586 5494 δὲ
1613 5441 1810 5512 ὁρᾶσθε
1847 5441 1938 5512 βέ-

360 5531 512 5602 ϐηλοι
564 5529 658 5584 καὶ
707 5530 1026 5602 ἀκάθαρτοι,
1056 5532 1152 5587 καὶ
1195 5531 1440 5596 ἀνίπτοις
1471 5531 1639 5596 ἱόντες
1668 5531 1826 5585 ποσὶν
1858 5534 1938 5595 εἰς

356 5623 450 5680 τὸν
479 5623 620 5677 θεῖον
644 5617 790 5676 οἷκον
830 5625 930 5676 οὐκ
963 5623 1279 5696 ἐρυθριᾶτε;
1316 5623 1500 5695 φησίν.
1549 5623 1767 5695 Ἐπειδὴ
1791 5623 1846 5676 δὲ
1869 5619 1938 5694 ἦν

2048 4711 2112 4764 de
2140 4706 2445 4763 Judaeorum
2482 4701 2810 4772 Synagoga:
2857 4717 2876 4748 ‹
2929 4697 3070 4763 Quid
3121 4696 3312 4748 dilecta
3361 4695 3412 4747 in
3463 4694 3623 4748 domo

2048 4815 2164 4854 mea
2205 4797 2336 4851 fecit
2368 4795 2826 4850 abominatiOnem
2868 4790 2956 4845 ’νζ
3005 4809 3024 4841 ι
3089 4787 3286 4843 idolum
3343 4795 3492 4856 puta.
3543 4786 3624 4842 Ac

2044 4891 2258 4945 divinus
2289 4887 2502 4956 quidem
2529 4885 2695 4940 Jacob
2720 4884 2883 4939 etiam
2921 4883 2973 4935 in
3023 4883 3240 4934 domum
3291 4878 3380 4932 Dei
3426 4892 3620 4932 ascen-

2045 4982 2294 5038 dentibus
2335 4977 2611 5032 mandavit
2645 4975 2918 5040 mundari,
2965 4980 3019 5026 et
3047 4983 3256 5025 mutare
3285 4977 3495 5031 vestes;
3524 4981 3623 5020 vos

2043 5083 2220 5129 autem
2253 5070 2535 5128 cernimini
2566 5068 2802 5138 profani,
2833 5076 2886 5119 et
2918 5063 3199 5123 immundi,
3235 5072 3288 5116 et
3336 5059 3499 5113 illotis
3524 5073 3622 5128 pe-

2043 5167 2200 5220 dibus
2231 5165 2446 5218 dommn
2475 5161 2710 5217 divinam
2742 5158 2946 5225 ingredi
3011 5172 3116 5209 non
3155 5151 3512 5207 erubescitis?
3540 5149 3624 5203 in-

2045 5258 2181 5329 quit.
2217 5255 2479 5323 Quoniam
2523 5267 2684 5323 porro
2725 5250 2851 5305 talis
2903 5257 3020 5303 erat
3076 5245 3263 5305 Jacob,
3317 5243 3520 5298 idcirco
3565 5249 3623 5294 et

2052 5369 2072 5402 ι
2106 5349 2360 5404 Dominus
2393 5346 2739 5414 omnipotens
2767 5342 2871 5396 erit
2899 5337 3210 5394 memoriale
3243 5336 3382 5405 ejus.
3430 5351 3449 5385 ι
3507 5331 3622 5385 Ma-

2045 5451 2138 5495 net
2172 5441 2314 5494 enim
2348 5438 2534 5492 salvus
2577 5435 2631 5488 in
2681 5431 2938 5487 memoria
2989 5428 3107 5493 Dei,
3149 5437 3203 5480 et
3247 5424 3402 5479 ﬂoret
3452 5423 3620 5494 gloria

2044 5529 2358 5586 immortali.
2386 5526 2665 5583 Glorilicat
2696 5524 2892 5595 quippe
2925 5521 3066 5576 Deus
3092 5519 3378 5585 diligentes
3409 5529 3488 5570 se.
3517 5513 3622 5568 Ita-

2044 5639 2148 5692 que
2171 5622 2366 5693 (dicam
2400 5621 2545 5676 enim
2577 5619 2772 5675 iterum
2801 5615 3076 5687 quidpiam
3105 5613 3458 5668 vehementer
3489 5623 3620 5665 con-

425 5801 474 5840 “
511 5803 645 5860 Gen.
679 5818 841 5869 xxxv,
871 5802 924 5868 9.,
961 5803 1011 5860 4.
1089 5805 1109 5836 ⁸
1177 5803 1310 5860 lbid.
1359 5805 1410 5860 5.
1489 5805 1529 5838 '"
1572 5804 1703 5862 Ibid.
1765 5804 1818 5870 9,
1857 5802 1937 5857 1'2.
2013 5804 2057 5834 ⁵³
2095 5798 2206 5856 Jer.
2243 5813 2314 5864 at,
2351 5796 2435 5853 15.
