  <div class='ocr_page' id='page_1' title='image "/cluster/home/n/w/nwhite01/storage/ocr_20150623/71/nnc1.0046980199/159.png"; bbox 0 0 4110 6368; ppageno 0'>
   <div class='ocr_carea' id='block_1_1' title="bbox 475 289 3752 354">
    <p class='ocr_par' dir='ltr' id='par_1_1' title="bbox 475 289 3752 354">
     <span class='ocr_line' id='line_1_1' title="bbox 475 289 3752 354; baseline -0.002 0"><span class='ocrx_word' id='word_1_1' title='bbox 475 296 582 354; x_wconf 72' lang='lat'><strong>287</strong></span> <span class='ocrx_word' id='word_1_2' title='bbox 1473 297 1530 353; x_wconf 70' lang='grc' dir='ltr'>Ε.</span> <span class='ocrx_word' id='word_1_3' title='bbox 1573 295 1848 352; x_wconf 74' lang='lat' dir='ltr'><strong>CYBILLI</strong></span> <span class='ocrx_word' id='word_1_4' title='bbox 1887 289 2355 350; x_wconf 74' lang='lat' dir='ltr'><strong>ALEXANDRINI</strong></span> <span class='ocrx_word' id='word_1_5' title='bbox 2391 293 2714 352; x_wconf 73' lang='lat' dir='ltr'><strong>ARCHIEP.</strong></span> <span class='ocrx_word' id='word_1_6' title='bbox 3639 289 3752 349; x_wconf 72' lang='grc'><strong>288</strong></span> 
     </span>
    </p>
   </div>
   <div class='ocr_carea' id='block_1_2' title="bbox 480 408 2066 491">
    <p class='ocr_par' dir='ltr' id='par_1_2' title="bbox 480 415 2064 491">
     <span class='ocr_line' id='line_1_2' title="bbox 480 415 2064 491; baseline -0.003 -17"><span class='ocrx_word' id='word_1_7' title='bbox 480 420 737 490; x_wconf 81' lang='lat' dir='ltr'><strong>ducibiie)</strong></span> <span class='ocrx_word' id='word_1_8' title='bbox 767 420 1002 477; x_wconf 82' lang='lat' dir='ltr'><strong>honores</strong></span> <span class='ocrx_word' id='word_1_9' title='bbox 1030 429 1243 491; x_wconf 79' lang='lat' dir='ltr'><strong>patrum</strong></span> <span class='ocrx_word' id='word_1_10' title='bbox 1275 428 1578 473; x_wconf 79' lang='lat' dir='ltr'><strong>vestrorum</strong></span> <span class='ocrx_word' id='word_1_11' title='bbox 1628 415 2064 472; x_wconf 87' lang='lat' dir='ltr'><strong>condenmabuut</strong></span> 
     </span>
    </p>
   </div>
   <div class='ocr_carea' id='block_1_3' title="bbox 2169 408 3753 491">
    <p class='ocr_par' dir='ltr' id='par_1_3' title="bbox 2169 408 3753 485">
     <span class='ocr_line' id='line_1_3' title="bbox 2169 408 3753 485; baseline -0.003 -18"><span class='ocrx_word' id='word_1_12' title='bbox 2169 414 2407 479; x_wconf 87' lang='grc' dir='ltr'>τοιοῦτος</span> <span class='ocrx_word' id='word_1_13' title='bbox 2431 412 2699 477; x_wconf 80' lang='grc' dir='ltr'>όἸακὼσ,</span> <span class='ocrx_word' id='word_1_14' title='bbox 2731 413 2986 485; x_wconf 81' lang='grc' dir='ltr'>ταύτῃτοι</span> <span class='ocrx_word' id='word_1_15' title='bbox 3022 414 3113 467; x_wconf 80' lang='grc' dir='ltr'>καὶ</span> <span class='ocrx_word' id='word_1_16' title='bbox 3149 429 3170 465; x_wconf 78' lang='grc' dir='ltr'><strong>ι</strong></span> <span class='ocrx_word' id='word_1_17' title='bbox 3197 410 3400 484; x_wconf 77' lang='grc' dir='ltr'>Κύριος</span> <span class='ocrx_word' id='word_1_18' title='bbox 3445 408 3753 481; x_wconf 81' lang='grc' dir='ltr'>παντοκρά-</span> 
     </span>
    </p>
   </div>
   <div class='ocr_carea' id='block_1_4' title="bbox 479 503 2066 583">
    <p class='ocr_par' dir='ltr' id='par_1_4' title="bbox 479 509 2061 583">
     <span class='ocr_line' id='line_1_4' title="bbox 479 509 2061 583; baseline -0.006 -15"><span class='ocrx_word' id='word_1_19' title='bbox 479 528 599 579; x_wconf 76' lang='lat' dir='ltr'><strong>vos,</strong></span> <span class='ocrx_word' id='word_1_20' title='bbox 627 513 717 583; x_wconf 91' lang='lat' dir='ltr'><strong>qui</strong></span> <span class='ocrx_word' id='word_1_21' title='bbox 754 529 875 570; x_wconf 90' lang='lat' dir='ltr'><strong>cum</strong></span> <span class='ocrx_word' id='word_1_22' title='bbox 904 513 1036 582; x_wconf 87' lang='lat' dir='ltr'><strong>ipsis</strong></span> <span class='ocrx_word' id='word_1_23' title='bbox 1067 527 1278 581; x_wconf 85' lang='lat' dir='ltr'><strong>sapere.</strong></span> <span class='ocrx_word' id='word_1_24' title='bbox 1309 509 1682 578; x_wconf 82' lang='lat' dir='ltr'><strong>similibusque</strong></span> <span class='ocrx_word' id='word_1_25' title='bbox 1718 509 1961 563; x_wconf 88' lang='lat' dir='ltr'><strong>moribus</strong></span> <span class='ocrx_word' id='word_1_26' title='bbox 2006 516 2061 562; x_wconf 87' lang='lat' dir='ltr'><strong>et</strong></span> 
     </span>
    </p>
   </div>
   <div class='ocr_carea' id='block_1_5' title="bbox 2169 503 3756 583">
    <p class='ocr_par' dir='ltr' id='par_1_5' title="bbox 2169 503 3756 581">
     <span class='ocr_line' id='line_1_5' title="bbox 2169 503 3756 581; baseline -0.004 -20"><span class='ocrx_word' id='word_1_27' title='bbox 2169 525 2279 579; x_wconf 85' lang='grc' dir='ltr'><strong>τωρ</strong></span> <span class='ocrx_word' id='word_1_28' title='bbox 2310 509 2467 562; x_wconf 76' lang='grc' dir='ltr'>ἔσται</span> <span class='ocrx_word' id='word_1_29' title='bbox 2499 508 2843 581; x_wconf 88' lang='grc' dir='ltr'>μνημόσυνον</span> <span class='ocrx_word' id='word_1_30' title='bbox 2869 505 3059 563; x_wconf 82' lang='grc' dir='ltr'>αὑτοῦ.</span> <span class='ocrx_word' id='word_1_31' title='bbox 3087 524 3107 557; x_wconf 73' lang='grc' dir='ltr'><strong>ι</strong></span> <span class='ocrx_word' id='word_1_32' title='bbox 3137 504 3375 571; x_wconf 81' lang='grc' dir='ltr'><strong>Σώζεται</strong></span> <span class='ocrx_word' id='word_1_33' title='bbox 3401 503 3510 574; x_wconf 99' lang='lat'><strong>7&amp;9</strong></span> <span class='ocrx_word' id='word_1_34' title='bbox 3536 503 3595 558; x_wconf 78' lang='grc' dir='ltr'><strong>ἐν</strong></span> <span class='ocrx_word' id='word_1_35' title='bbox 3622 503 3756 574; x_wconf 77' lang='grc' dir='ltr'>μνή-</span> 
     </span>
    </p>
   </div>
   <div class='ocr_carea' id='block_1_6' title="bbox 481 596 2066 673">
    <p class='ocr_par' dir='ltr' id='par_1_6' title="bbox 481 600 2059 661">
     <span class='ocr_line' id='line_1_6' title="bbox 481 600 2059 661; baseline -0.004 -3"><span class='ocrx_word' id='word_1_36' title='bbox 481 605 676 660; x_wconf 73' lang='grc' dir='ltr'>ειιιιίὶὶε</span> <span class='ocrx_word' id='word_1_37' title='bbox 728 605 981 661; x_wconf 82' lang='lat' dir='ltr'><strong>exornari</strong></span> <span class='ocrx_word' id='word_1_38' title='bbox 1032 602 1338 658; x_wconf 77' lang='lat' dir='ltr'><strong>nolueritis.</strong></span> <span class='ocrx_word' id='word_1_39' title='bbox 1401 600 1796 656; x_wconf 87' lang='lat' dir='ltr'><strong>Damnabimini</strong></span> <span class='ocrx_word' id='word_1_40' title='bbox 1857 609 2059 661; x_wconf 86' lang='lat' dir='ltr'><strong>autem,</strong></span> 
     </span>
    </p>
   </div>
   <div class='ocr_carea' id='block_1_7' title="bbox 2169 596 3756 673">
    <p class='ocr_par' dir='ltr' id='par_1_7' title="bbox 2171 596 3756 673">
     <span class='ocr_line' id='line_1_7' title="bbox 2171 596 3756 673; baseline -0.004 -18"><span class='ocrx_word' id='word_1_41' title='bbox 2171 619 2245 673; x_wconf 85' lang='grc' dir='ltr'>μῃ</span> <span class='ocrx_word' id='word_1_42' title='bbox 2272 602 2430 665; x_wconf 85' lang='grc' dir='ltr'>Θεοῦ,</span> <span class='ocrx_word' id='word_1_43' title='bbox 2462 601 2576 672; x_wconf 74' lang='grc' dir='ltr'>ἔχει</span> <span class='ocrx_word' id='word_1_44' title='bbox 2612 617 2671 654; x_wconf 89' lang='grc' dir='ltr'><strong>τε</strong></span> <span class='ocrx_word' id='word_1_45' title='bbox 2707 599 2931 671; x_wconf 80' lang='grc' dir='ltr'>ἀειθαλῆ</span> <span class='ocrx_word' id='word_1_46' title='bbox 2965 599 3065 671; x_wconf 84' lang='grc' dir='ltr'><strong>τὴν</strong></span> <span class='ocrx_word' id='word_1_47' title='bbox 3092 598 3363 654; x_wconf 74' lang='grc' dir='ltr'>εὔκλειαν.</span> <span class='ocrx_word' id='word_1_48' title='bbox 3394 596 3615 664; x_wconf 77' lang='grc' dir='ltr'>Δοξάζει</span> <span class='ocrx_word' id='word_1_49' title='bbox 3646 596 3756 666; x_wconf 89' lang='lat'><strong>7&amp;9</strong></span> 
     </span>
    </p>
   </div>
   <div class='ocr_carea' id='block_1_8' title="bbox 482 687 2066 765">
    <p class='ocr_par' dir='ltr' id='par_1_8' title="bbox 482 692 2063 765">
     <span class='ocr_line' id='line_1_8' title="bbox 482 692 2063 765; baseline -0.002 -16"><span class='ocrx_word' id='word_1_50' title='bbox 482 713 588 751; x_wconf 83' lang='lat' dir='ltr'><strong>non</strong></span> <span class='ocrx_word' id='word_1_51' title='bbox 619 698 742 765; x_wconf 88' lang='lat' dir='ltr'><strong>quia</strong></span> <span class='ocrx_word' id='word_1_52' title='bbox 769 697 1054 752; x_wconf 84' lang='lat' dir='ltr'><strong>animabus</strong></span> <span class='ocrx_word' id='word_1_53' title='bbox 1080 705 1289 751; x_wconf 90' lang='lat' dir='ltr'><strong>tantum</strong></span> <span class='ocrx_word' id='word_1_54' title='bbox 1317 695 1514 747; x_wconf 75' lang='lat' dir='ltr'><strong>vestris</strong></span> <span class='ocrx_word' id='word_1_55' title='bbox 1543 692 1732 762; x_wconf 85' lang='lat' dir='ltr'><strong>iniqui,</strong></span> <span class='ocrx_word' id='word_1_56' title='bbox 1758 692 1850 748; x_wconf 88' lang='lat' dir='ltr'><strong>sed</strong></span> <span class='ocrx_word' id='word_1_57' title='bbox 1881 692 2063 759; x_wconf 73' lang='lat' dir='ltr'><strong>gloria:</strong></span> 
     </span>
    </p>
   </div>
   <div class='ocr_carea' id='block_1_9' title="bbox 2169 687 3753 765">
    <p class='ocr_par' dir='ltr' id='par_1_9' title="bbox 2169 687 3753 760">
     <span class='ocr_line' id='line_1_9' title="bbox 2169 687 3753 760; baseline -0.004 -15"><span class='ocrx_word' id='word_1_58' title='bbox 2169 694 2196 745; x_wconf 81' lang='grc' dir='ltr'>ὁ</span> <span class='ocrx_word' id='word_1_59' title='bbox 2226 692 2355 757; x_wconf 82' lang='grc' dir='ltr'>Θεὸς</span> <span class='ocrx_word' id='word_1_60' title='bbox 2389 694 2517 756; x_wconf 80' lang='grc' dir='ltr'>τοὺς</span> <span class='ocrx_word' id='word_1_61' title='bbox 2552 690 2883 759; x_wconf 84' lang='grc' dir='ltr'>ἀγαπῶντας</span> <span class='ocrx_word' id='word_1_62' title='bbox 2925 691 3108 747; x_wconf 82' lang='grc' dir='ltr'>αὐτόν.</span> <span class='ocrx_word' id='word_1_63' title='bbox 3140 689 3350 744; x_wconf 84' lang='grc' dir='ltr'>Οὐκοῦν</span> <span class='ocrx_word' id='word_1_64' title='bbox 3386 688 3538 760; x_wconf 77' lang='grc' dir='ltr'>(ἐρῶ</span> <span class='ocrx_word' id='word_1_65' title='bbox 3565 687 3674 759; x_wconf 89' lang='grc' dir='ltr'><strong>γάρ</strong></span> <span class='ocrx_word' id='word_1_66' title='bbox 3699 704 3753 740; x_wconf 91' lang='grc' dir='ltr'><strong>τι</strong></span> 
     </span>
    </p>
   </div>
   <div class='ocr_carea' id='block_1_10' title="bbox 481 779 2066 857">
    <p class='ocr_par' dir='ltr' id='par_1_10' title="bbox 481 784 2060 857">
     <span class='ocr_line' id='line_1_10' title="bbox 481 784 2060 857; baseline -0.003 -16"><span class='ocrx_word' id='word_1_67' title='bbox 481 800 695 856; x_wconf 73' lang='lat' dir='ltr'><strong>quoque</strong></span> <span class='ocrx_word' id='word_1_68' title='bbox 721 795 931 857; x_wconf 91' lang='lat' dir='ltr'><strong>patrum</strong></span> <span class='ocrx_word' id='word_1_69' title='bbox 965 784 1209 841; x_wconf 76' lang='lat' dir='ltr'><strong>insidiati</strong></span> <span class='ocrx_word' id='word_1_70' title='bbox 1241 784 1474 848; x_wconf 81' lang='lat' dir='ltr'><strong>fueritis,</strong></span> <span class='ocrx_word' id='word_1_71' title='bbox 1513 784 2060 853; x_wconf 87' lang='lat' dir='ltr'><strong>majorumquenobi—</strong></span> 
     </span>
    </p>
   </div>
   <div class='ocr_carea' id='block_1_11' title="bbox 2169 779 3753 857">
    <p class='ocr_par' dir='ltr' id='par_1_11' title="bbox 2169 779 3753 855">
     <span class='ocr_line' id='line_1_11' title="bbox 2169 779 3753 855; baseline -0.006 -15"><span class='ocrx_word' id='word_1_72' title='bbox 2169 785 2331 840; x_wconf 76' lang='grc' dir='ltr'>πάλιν</span> <span class='ocrx_word' id='word_1_73' title='bbox 2366 785 2426 838; x_wconf 88' lang='grc' dir='ltr'><strong>τὸ</strong></span> <span class='ocrx_word' id='word_1_74' title='bbox 2454 786 2534 849; x_wconf 90' lang='grc' dir='ltr'><strong>είς</strong></span> <span class='ocrx_word' id='word_1_75' title='bbox 2566 784 2752 855; x_wconf 74' lang='grc' dir='ltr'>ὄνησιν</span> <span class='ocrx_word' id='word_1_76' title='bbox 2784 784 3116 853; x_wconf 84' lang='grc' dir='ltr'>ἀναγκαῖον)</span> <span class='ocrx_word' id='word_1_77' title='bbox 3153 781 3572 853; x_wconf 88' lang='grc' dir='ltr'>κατακρίνουσιν</span> <span class='ocrx_word' id='word_1_78' title='bbox 3609 779 3753 849; x_wconf 80' lang='grc' dir='ltr'>ὑμᾶς</span> 
     </span>
    </p>
   </div>
   <div class='ocr_carea' id='block_1_12' title="bbox 481 870 2066 949">
    <p class='ocr_par' dir='ltr' id='par_1_12' title="bbox 481 876 1237 933">
     <span class='ocr_line' id='line_1_12' title="bbox 481 876 1237 933; baseline -0.001 -2"><span class='ocrx_word' id='word_1_79' title='bbox 481 876 686 933; x_wconf 81' lang='lat' dir='ltr'><strong>litatetn</strong></span> <span class='ocrx_word' id='word_1_80' title='bbox 719 876 1237 933; x_wconf 87' lang='lat' dir='ltr'><strong>contaminaveritis.</strong></span> 
     </span>
    </p>
   </div>
   <div class='ocr_carea' id='block_1_13' title="bbox 2169 870 3753 949">
    <p class='ocr_par' dir='ltr' id='par_1_13' title="bbox 2169 870 3753 949">
     <span class='ocr_line' id='line_1_13' title="bbox 2169 870 3753 949; baseline -0.005 -18"><span class='ocrx_word' id='word_1_81' title='bbox 2169 877 2276 931; x_wconf 82' lang='grc' dir='ltr'><strong>τῶν</strong></span> <span class='ocrx_word' id='word_1_82' title='bbox 2310 877 2564 949; x_wconf 81' lang='grc' dir='ltr'><strong>πατέρων</strong></span> <span class='ocrx_word' id='word_1_83' title='bbox 2605 878 2662 931; x_wconf 91' lang='grc' dir='ltr'><strong>αί</strong></span> <span class='ocrx_word' id='word_1_84' title='bbox 2687 876 2856 944; x_wconf 81' lang='grc' dir='ltr'>δόξαι,</span> <span class='ocrx_word' id='word_1_85' title='bbox 2888 876 2963 948; x_wconf 83' lang='grc' dir='ltr'>μὴ</span> <span class='ocrx_word' id='word_1_86' title='bbox 2990 875 3061 929; x_wconf 80' lang='grc' dir='ltr'>τὰ</span> <span class='ocrx_word' id='word_1_87' title='bbox 3094 870 3189 929; x_wconf 78' lang='grc' dir='ltr'>ἶσα</span> <span class='ocrx_word' id='word_1_88' title='bbox 3219 876 3436 946; x_wconf 84' lang='grc' dir='ltr'>φρονεῖν</span> <span class='ocrx_word' id='word_1_89' title='bbox 3466 871 3753 942; x_wconf 75' lang='grc' dir='ltr'><strong>ἑλομένους</strong></span> 
     </span>
    </p>
   </div>
   <div class='ocr_carea' id='block_1_14' title="bbox 480 961 3754 1042">
    <p class='ocr_par' dir='ltr' id='par_1_14' title="bbox 480 961 3754 1042">
     <span class='ocr_line' id='line_1_14' title="bbox 480 961 3754 1042; baseline -0.003 -16"><span class='ocrx_word' id='word_1_90' title='bbox 480 971 684 1035; x_wconf 85' lang='grc' dir='ltr'>αὐτοῖς.</span> <span class='ocrx_word' id='word_1_91' title='bbox 709 973 805 1028; x_wconf 78' lang='grc' dir='ltr'>καὶ</span> <span class='ocrx_word' id='word_1_92' title='bbox 835 971 924 1026; x_wconf 85' lang='grc' dir='ltr'>διὰ</span> <span class='ocrx_word' id='word_1_93' title='bbox 944 972 1051 1025; x_wconf 86' lang='grc' dir='ltr'><strong>τῶν</strong></span> <span class='ocrx_word' id='word_1_94' title='bbox 1107 971 1310 1042; x_wconf 87' lang='grc' dir='ltr'>ὁμοίων</span> <span class='ocrx_word' id='word_1_95' title='bbox 1343 970 1848 1024; x_wconf 79' lang='grc' dir='ltr'>κατακαλλὺνεσθαι</span> <span class='ocrx_word' id='word_1_96' title='bbox 1914 970 2132 1041; x_wconf 89' lang='grc' dir='ltr'>τρόπων</span> <span class='ocrx_word' id='word_1_97' title='bbox 2163 989 2222 1025; x_wconf 84' lang='grc' dir='ltr'><strong>τε</strong></span> <span class='ocrx_word' id='word_1_98' title='bbox 2250 975 2345 1027; x_wconf 78' lang='grc' dir='ltr'><strong>καὶ</strong></span> <span class='ocrx_word' id='word_1_99' title='bbox 2399 971 2848 1042; x_wconf 85' lang='grc' dir='ltr'>σπουδασμάτων.</span> <span class='ocrx_word' id='word_1_100' title='bbox 2880 968 3365 1039; x_wconf 81' lang='grc' dir='ltr'>Κατακριθήσεσθε</span> <span class='ocrx_word' id='word_1_101' title='bbox 3400 965 3482 1029; x_wconf 78' lang='grc' dir='ltr'><strong>δὲ,</strong></span> <span class='ocrx_word' id='word_1_102' title='bbox 3535 962 3633 1032; x_wconf 82' lang='grc' dir='ltr'>οὐχ</span> <span class='ocrx_word' id='word_1_103' title='bbox 3677 961 3754 1025; x_wconf 85' lang='grc' dir='ltr'>ὡς</span> 
     </span>
    </p>
   </div>
   <div class='ocr_carea' id='block_1_15' title="bbox 478 1056 3753 1136">
    <p class='ocr_par' dir='ltr' id='par_1_15' title="bbox 478 1056 3753 1136">
     <span class='ocr_line' id='line_1_15' title="bbox 478 1056 3753 1136; baseline -0.003 -18"><span class='ocrx_word' id='word_1_104' title='bbox 478 1065 559 1127; x_wconf 73' lang='grc' dir='ltr'><strong>είς</strong></span> <span class='ocrx_word' id='word_1_105' title='bbox 606 1064 775 1135; x_wconf 87' lang='grc' dir='ltr'>μόνας</span> <span class='ocrx_word' id='word_1_106' title='bbox 811 1064 1133 1136; x_wconf 74' lang='grc' dir='ltr'><strong>ἠδικηκότες</strong></span> <span class='ocrx_word' id='word_1_107' title='bbox 1163 1063 1261 1128; x_wconf 72' lang='grc' dir='ltr'><strong>τὰς</strong></span> <span class='ocrx_word' id='word_1_108' title='bbox 1298 1063 1506 1116; x_wconf 79' lang='grc' dir='ltr'><strong>ἑαυτῶν</strong></span> <span class='ocrx_word' id='word_1_109' title='bbox 1530 1063 1732 1133; x_wconf 75' lang='grc' dir='ltr'>ψυχὰς,</span> <span class='ocrx_word' id='word_1_110' title='bbox 1767 1064 1884 1117; x_wconf 81' lang='grc' dir='ltr'>ἀλλ’</span> <span class='ocrx_word' id='word_1_111' title='bbox 1921 1064 2083 1118; x_wconf 83' lang='grc' dir='ltr'>οἱονεί</span> <span class='ocrx_word' id='word_1_112' title='bbox 2123 1083 2243 1130; x_wconf 87' lang='grc' dir='ltr'><strong>πως</strong></span> <span class='ocrx_word' id='word_1_113' title='bbox 2280 1066 2375 1119; x_wconf 73' lang='grc' dir='ltr'><strong>καὶ</strong></span> <span class='ocrx_word' id='word_1_114' title='bbox 2432 1066 2551 1129; x_wconf 86' lang='grc' dir='ltr'>ταῖς</span> <span class='ocrx_word' id='word_1_115' title='bbox 2590 1063 2698 1118; x_wconf 88' lang='grc' dir='ltr'>τῶν</span> <span class='ocrx_word' id='word_1_116' title='bbox 2755 1063 3008 1134; x_wconf 82' lang='grc' dir='ltr'><strong>πατέρων</strong></span> <span class='ocrx_word' id='word_1_117' title='bbox 3032 1059 3303 1123; x_wconf 77' lang='grc' dir='ltr'>εὐκλείαις</span> <span class='ocrx_word' id='word_1_118' title='bbox 3333 1056 3753 1112; x_wconf 77' lang='grc' dir='ltr'>ἐπιϐουλεύσαν-</span> 
     </span>
    </p>
   </div>
   <div class='ocr_carea' id='block_1_16' title="bbox 477 1154 1889 1228">
    <p class='ocr_par' dir='ltr' id='par_1_16' title="bbox 477 1154 1889 1228">
     <span class='ocr_line' id='line_1_16' title="bbox 477 1154 1889 1228; baseline 0.001 -20"><span class='ocrx_word' id='word_1_119' title='bbox 477 1173 590 1220; x_wconf 83' lang='grc' dir='ltr'>τες,</span> <span class='ocrx_word' id='word_1_120' title='bbox 626 1155 718 1209; x_wconf 75' lang='grc' dir='ltr'>καὶ</span> <span class='ocrx_word' id='word_1_121' title='bbox 744 1155 1073 1228; x_wconf 80' lang='grc' dir='ltr'>προγονικὴν</span> <span class='ocrx_word' id='word_1_122' title='bbox 1098 1154 1375 1224; x_wconf 79' lang='grc' dir='ltr'>εὐγένειαν</span> <span class='ocrx_word' id='word_1_123' title='bbox 1406 1154 1889 1226; x_wconf 84' lang='grc' dir='ltr'>καταισχύναντες.</span> 
     </span>
    </p>
   </div>
   <div class='ocr_carea' id='block_1_17' title="bbox 552 1241 2066 1312">
    <p class='ocr_par' dir='ltr' id='par_1_17' title="bbox 552 1246 2065 1312">
     <span class='ocr_line' id='line_1_17' title="bbox 552 1246 2065 1312; baseline 0.001 -13"><span class='ocrx_word' id='word_1_124' title='bbox 552 1247 716 1303; x_wconf 72' lang='lat' dir='ltr'><strong>Vens.</strong></span> <span class='ocrx_word' id='word_1_125' title='bbox 754 1246 807 1302; x_wconf 82' lang='lat'><strong>6.</strong></span> <span class='ocrx_word' id='word_1_126' title='bbox 846 1247 911 1301; x_wconf 79' lang='lat' dir='ltr'><strong>Et</strong></span> <span class='ocrx_word' id='word_1_127' title='bbox 950 1258 1009 1301; x_wconf 77' lang='lat' dir='ltr'><strong>tu</strong></span> <span class='ocrx_word' id='word_1_128' title='bbox 1042 1250 1096 1303; x_wconf 84' lang='lat' dir='ltr'><strong>in</strong></span> <span class='ocrx_word' id='word_1_129' title='bbox 1126 1247 1233 1302; x_wconf 85' lang='lat' dir='ltr'><strong>Deo</strong></span> <span class='ocrx_word' id='word_1_130' title='bbox 1265 1257 1355 1302; x_wconf 77' lang='lat' dir='ltr'><strong>tuo</strong></span> <span class='ocrx_word' id='word_1_131' title='bbox 1386 1250 1730 1312; x_wconf 79' lang='lat' dir='ltr'><strong>converteris,</strong></span> <span class='ocrx_word' id='word_1_132' title='bbox 1764 1248 2065 1303; x_wconf 76' lang='lat' dir='ltr'><strong>misericor-</strong></span> 
     </span>
    </p>
   </div>
   <div class='ocr_carea' id='block_1_18' title="bbox 2169 1241 3755 1312">
    <p class='ocr_par' dir='ltr' id='par_1_18' title="bbox 2236 1241 3755 1312">
     <span class='ocr_line' id='line_1_18' title="bbox 2236 1241 3755 1312; baseline -0.004 -12"><span class='ocrx_word' id='word_1_133' title='bbox 2236 1246 2347 1301; x_wconf 83' lang='lat' dir='ltr'><strong>Kal</strong></span> <span class='ocrx_word' id='word_1_134' title='bbox 2371 1245 2455 1299; x_wconf 82' lang='grc' dir='ltr'>σὺ</span> <span class='ocrx_word' id='word_1_135' title='bbox 2486 1245 2556 1299; x_wconf 77' lang='grc' dir='ltr'><strong>ἐν</strong></span> <span class='ocrx_word' id='word_1_136' title='bbox 2577 1242 2699 1309; x_wconf 84' lang='grc' dir='ltr'>Θεῷ</span> <span class='ocrx_word' id='word_1_137' title='bbox 2721 1259 2838 1299; x_wconf 87' lang='grc' dir='ltr'><strong>σου</strong></span> <span class='ocrx_word' id='word_1_138' title='bbox 2861 1242 3264 1312; x_wconf 64' lang='grc' dir='ltr'>ἐπιστρέψας,</span> <span class='ocrx_word' id='word_1_139' title='bbox 3289 1241 3467 1296; x_wconf 74' lang='grc' dir='ltr'>ἔλεον</span> <span class='ocrx_word' id='word_1_140' title='bbox 3495 1242 3594 1295; x_wconf 78' lang='grc' dir='ltr'><strong>καί</strong></span> <span class='ocrx_word' id='word_1_141' title='bbox 3631 1244 3755 1310; x_wconf 78' lang='grc' dir='ltr'>κρί-</span> 
     </span>
    </p>
   </div>
   <div class='ocr_carea' id='block_1_19' title="bbox 479 1331 2066 1411">
    <p class='ocr_par' dir='ltr' id='par_1_19' title="bbox 479 1339 2063 1411">
     <span class='ocr_line' id='line_1_19' title="bbox 479 1339 2063 1411; baseline -0.001 -17"><span class='ocrx_word' id='word_1_142' title='bbox 479 1340 625 1394; x_wconf 82' lang='lat' dir='ltr'><strong>diam</strong></span> <span class='ocrx_word' id='word_1_143' title='bbox 659 1350 707 1394; x_wconf 78' lang='lat' dir='ltr'><strong>et</strong></span> <span class='ocrx_word' id='word_1_144' title='bbox 735 1341 1002 1411; x_wconf 82' lang='lat' dir='ltr'><strong>judicium</strong></span> <span class='ocrx_word' id='word_1_145' title='bbox 1040 1340 1265 1405; x_wconf 74' lang='lat' dir='ltr'><strong>custodi,</strong></span> <span class='ocrx_word' id='word_1_146' title='bbox 1302 1352 1350 1394; x_wconf 81' lang='lat' dir='ltr'><strong>et</strong></span> <span class='ocrx_word' id='word_1_147' title='bbox 1388 1340 1750 1408; x_wconf 84' lang='lat' dir='ltr'><strong>appropinqua</strong></span> <span class='ocrx_word' id='word_1_148' title='bbox 1787 1341 1857 1393; x_wconf 85' lang='lat' dir='ltr'><strong>ad</strong></span> <span class='ocrx_word' id='word_1_149' title='bbox 1897 1339 2063 1395; x_wconf 83' lang='lat' dir='ltr'><strong>Deum</strong></span> 
     </span>
    </p>
   </div>
   <div class='ocr_carea' id='block_1_20' title="bbox 2169 1331 3756 1411">
    <p class='ocr_par' dir='ltr' id='par_1_20' title="bbox 2169 1331 3756 1410">
     <span class='ocr_line' id='line_1_20' title="bbox 2169 1331 3756 1410; baseline -0.006 -14"><span class='ocrx_word' id='word_1_150' title='bbox 2169 1357 2246 1410; x_wconf 81' lang='grc' dir='ltr'><strong>μα</strong></span> <span class='ocrx_word' id='word_1_151' title='bbox 2278 1337 2628 1409; x_wconf 76' lang='grc' dir='ltr'><strong>φυλάσσου,</strong></span> <span class='ocrx_word' id='word_1_152' title='bbox 2656 1335 2757 1389; x_wconf 80' lang='grc' dir='ltr'>καὶ</span> <span class='ocrx_word' id='word_1_153' title='bbox 2783 1332 2971 1406; x_wconf 68' lang='grc' dir='ltr'>ἐγγιζε</span> <span class='ocrx_word' id='word_1_154' title='bbox 2992 1333 3142 1403; x_wconf 84' lang='grc' dir='ltr'>πρὸς</span> <span class='ocrx_word' id='word_1_155' title='bbox 3170 1334 3322 1388; x_wconf 83' lang='grc' dir='ltr'>Θεόν</span> <span class='ocrx_word' id='word_1_156' title='bbox 3345 1346 3463 1387; x_wconf 83' lang='grc' dir='ltr'><strong>σου</strong></span> <span class='ocrx_word' id='word_1_157' title='bbox 3484 1331 3583 1387; x_wconf 83' lang='grc' dir='ltr'>διὰ</span> <span class='ocrx_word' id='word_1_158' title='bbox 3611 1346 3756 1387; x_wconf 70' lang='grc' dir='ltr'>παν-</span> 
     </span>
    </p>
   </div>
   <div class='ocr_carea' id='block_1_21' title="bbox 480 1433 2066 1498">
    <p class='ocr_par' dir='ltr' id='par_1_21' title="bbox 480 1443 880 1495">
     <span class='ocr_line' id='line_1_21' title="bbox 480 1443 880 1495; baseline -0.01 -6"><span class='ocrx_word' id='word_1_159' title='bbox 480 1443 627 1489; x_wconf 73' lang='grc' dir='ltr'>ιιιιιιη</span> <span class='ocrx_word' id='word_1_160' title='bbox 660 1447 880 1495; x_wconf 76' lang='lat' dir='ltr'><strong>aeniper.</strong></span> 
     </span>
    </p>
   </div>
   <div class='ocr_carea' id='block_1_22' title="bbox 2169 1433 2422 1498">
    <p class='ocr_par' dir='ltr' id='par_1_22' title="bbox 2169 1433 2422 1498">
     <span class='ocr_line' id='line_1_22' title="bbox 2169 1433 2422 1498; baseline -0.012 -11"><span class='ocrx_word' id='word_1_161' title='bbox 2169 1433 2285 1498; x_wconf 84' lang='grc' dir='ltr'>τός.</span> <span class='ocrx_word' id='word_1_162' title='bbox 2417 1479 2422 1484; x_wconf 86' lang='grc'><strong>.</strong></span> 
     </span>
    </p>
   </div>
   <div class='ocr_carea' id='block_1_23' title="bbox 551 1517 2066 1594">
    <p class='ocr_par' dir='ltr' id='par_1_23' title="bbox 551 1520 2059 1589">
     <span class='ocr_line' id='line_1_23' title="bbox 551 1520 2059 1589; baseline -0.002 -9"><span class='ocrx_word' id='word_1_163' title='bbox 551 1521 838 1580; x_wconf 71' lang='lat' dir='ltr'><strong>CXXXIX.</strong></span> <span class='ocrx_word' id='word_1_164' title='bbox 880 1520 1082 1577; x_wconf 72' lang='lat' dir='ltr'><strong>Gratiae</strong></span> <span class='ocrx_word' id='word_1_165' title='bbox 1117 1522 1436 1589; x_wconf 86' lang='lat' dir='ltr'><strong>pollicitatio</strong></span> <span class='ocrx_word' id='word_1_166' title='bbox 1470 1524 1630 1577; x_wconf 85' lang='lat' dir='ltr'><strong>minis</strong></span> <span class='ocrx_word' id='word_1_167' title='bbox 1664 1522 1894 1577; x_wconf 89' lang='lat' dir='ltr'><strong>admista</strong></span> <span class='ocrx_word' id='word_1_168' title='bbox 1926 1531 2010 1577; x_wconf 88' lang='lat' dir='ltr'><strong>est</strong></span> <span class='ocrx_word' id='word_1_169' title='bbox 2042 1538 2059 1577; x_wconf 88' lang='lat'><strong>:</strong></span> 
     </span>
    </p>
   </div>
   <div class='ocr_carea' id='block_1_24' title="bbox 2169 1517 3755 1594">
    <p class='ocr_par' dir='ltr' id='par_1_24' title="bbox 2236 1517 3755 1594">
     <span class='ocr_line' id='line_1_24' title="bbox 2236 1517 3755 1594; baseline -0.005 -17"><span class='ocrx_word' id='word_1_170' title='bbox 2236 1523 2406 1577; x_wconf 75' lang='lat' dir='ltr'><strong>PAG’.</strong></span> <span class='ocrx_word' id='word_1_171' title='bbox 2449 1521 2673 1592; x_wconf 82' lang='grc' dir='ltr'>Ἀπειλῇ</span> <span class='ocrx_word' id='word_1_172' title='bbox 2710 1519 3043 1594; x_wconf 80' lang='grc' dir='ltr'><strong>κεκέρασται</strong></span> <span class='ocrx_word' id='word_1_173' title='bbox 3070 1519 3171 1589; x_wconf 89' lang='grc' dir='ltr'>τ’ἧς</span> <span class='ocrx_word' id='word_1_174' title='bbox 3199 1517 3425 1589; x_wconf 83' lang='grc' dir='ltr'>χάριτος</span> <span class='ocrx_word' id='word_1_175' title='bbox 3455 1519 3489 1589; x_wconf 80' lang='grc' dir='ltr'><strong>ὴ</strong></span> <span class='ocrx_word' id='word_1_176' title='bbox 3523 1517 3755 1588; x_wconf 83' lang='grc' dir='ltr'>ὑπόσχε-</span> 
     </span>
    </p>
   </div>
   <div class='ocr_carea' id='block_1_25' title="bbox 480 1610 2066 1685">
    <p class='ocr_par' dir='ltr' id='par_1_25' title="bbox 480 1614 2061 1685">
     <span class='ocr_line' id='line_1_25' title="bbox 480 1614 2061 1685; baseline 0 -16"><span class='ocrx_word' id='word_1_177' title='bbox 480 1616 864 1670; x_wconf 84' lang='lat' dir='ltr'><strong>comminantis</strong></span> <span class='ocrx_word' id='word_1_178' title='bbox 888 1615 1035 1669; x_wconf 91' lang='lat' dir='ltr'><strong>enim</strong></span> <span class='ocrx_word' id='word_1_179' title='bbox 1067 1614 1236 1683; x_wconf 79' lang='lat' dir='ltr'><strong>magis</strong></span> <span class='ocrx_word' id='word_1_180' title='bbox 1272 1630 1433 1683; x_wconf 86' lang='lat' dir='ltr'><strong>quam</strong></span> <span class='ocrx_word' id='word_1_181' title='bbox 1489 1614 1811 1685; x_wconf 74' lang='lat' dir='ltr'><strong>simpliciter</strong></span> <span class='ocrx_word' id='word_1_182' title='bbox 1836 1615 2061 1684; x_wconf 81' lang='lat' dir='ltr'><strong>promit-</strong></span> 
     </span>
    </p>
   </div>
   <div class='ocr_carea' id='block_1_26' title="bbox 2169 1610 3755 1685">
    <p class='ocr_par' dir='ltr' id='par_1_26' title="bbox 2169 1610 3755 1685">
     <span class='ocr_line' id='line_1_26' title="bbox 2169 1610 3755 1685; baseline -0.004 -16"><span class='ocrx_word' id='word_1_183' title='bbox 2169 1633 2271 1678; x_wconf 86' lang='grc' dir='ltr'>σις.</span> <span class='ocrx_word' id='word_1_184' title='bbox 2293 1613 2672 1676; x_wconf 80' lang='grc' dir='ltr'>Ἀπειλοῦντος</span> <span class='ocrx_word' id='word_1_185' title='bbox 2708 1612 2818 1685; x_wconf 82' lang='grc' dir='ltr'>γὰρ</span> <span class='ocrx_word' id='word_1_186' title='bbox 2868 1611 3091 1683; x_wconf 80' lang='grc' dir='ltr'>μᾶλλον,</span> <span class='ocrx_word' id='word_1_187' title='bbox 3119 1611 3152 1683; x_wconf 81' lang='grc' dir='ltr'>ἢ</span> <span class='ocrx_word' id='word_1_188' title='bbox 3198 1610 3629 1680; x_wconf 81' lang='grc' dir='ltr'><strong>ὑπισχνουμένου</strong></span> <span class='ocrx_word' id='word_1_189' title='bbox 3660 1627 3755 1664; x_wconf 88' lang='grc' dir='ltr'>κα-</span> 
     </span>
    </p>
   </div>
   <div class='ocr_carea' id='block_1_27' title="bbox 460 1675 2066 1781">
    <p class='ocr_par' dir='ltr' id='par_1_27' title="bbox 460 1707 2058 1781">
     <span class='ocr_line' id='line_1_27' title="bbox 460 1707 2058 1781; baseline 0.001 -16"><span class='ocrx_word' id='word_1_190' title='bbox 460 1710 644 1765; x_wconf 81' lang='lat' dir='ltr'><strong>.tentis</strong></span> <span class='ocrx_word' id='word_1_191' title='bbox 675 1718 757 1766; x_wconf 89' lang='lat' dir='ltr'><strong>est</strong></span> <span class='ocrx_word' id='word_1_192' title='bbox 790 1708 895 1763; x_wconf 90' lang='lat' dir='ltr'><strong>ista</strong></span> <span class='ocrx_word' id='word_1_193' title='bbox 925 1710 1123 1765; x_wconf 87' lang='lat' dir='ltr'><strong>oratio.</strong></span> <span class='ocrx_word' id='word_1_194' title='bbox 1145 1707 1526 1767; x_wconf 82' lang='lat' dir='ltr'><strong>Verumtamen</strong></span> <span class='ocrx_word' id='word_1_195' title='bbox 1557 1725 1623 1765; x_wconf 85' lang='lat' dir='ltr'><strong>ex</strong></span> <span class='ocrx_word' id='word_1_196' title='bbox 1657 1725 1843 1766; x_wconf 89' lang='lat' dir='ltr'><strong>amore</strong></span> <span class='ocrx_word' id='word_1_197' title='bbox 1868 1726 2058 1781; x_wconf 86' lang='lat' dir='ltr'><strong>proce-</strong></span> 
     </span>
    </p>
   </div>
   <div class='ocr_carea' id='block_1_28' title="bbox 2169 1675 3751 1781">
    <p class='ocr_par' dir='ltr' id='par_1_28' title="bbox 2169 1675 3751 1778">
     <span class='ocr_line' id='line_1_28' title="bbox 2169 1675 3751 1778; baseline -0.003 -18"><span class='ocrx_word' id='word_1_198' title='bbox 2169 1675 2346 1778; x_wconf 85' lang='grc' dir='ltr'>θαρῶς</span> <span class='ocrx_word' id='word_1_199' title='bbox 2379 1708 2458 1770; x_wconf 86' lang='grc' dir='ltr'><strong>είς</strong></span> <span class='ocrx_word' id='word_1_200' title='bbox 2486 1705 2547 1759; x_wconf 81' lang='grc' dir='ltr'><strong>τὸ</strong></span> <span class='ocrx_word' id='word_1_201' title='bbox 2581 1675 2757 1777; x_wconf 37' lang='grc' dir='ltr'>παρὸ-ν</span> <span class='ocrx_word' id='word_1_202' title='bbox 2788 1675 2842 1757; x_wconf 50' lang='grc' dir='ltr'><strong>’ὁ</strong></span> <span class='ocrx_word' id='word_1_203' title='bbox 2868 1675 3037 1773; x_wconf 44' lang='grc' dir='ltr'>’λόγος</span> <span class='ocrx_word' id='word_1_204' title='bbox 3059 1675 3086 1735; x_wconf 26' lang='grc'><strong>’⁷</strong></span> <span class='ocrx_word' id='word_1_205' title='bbox 3141 1675 3286 1773; x_wconf 71' lang='grc' dir='ltr'>πλὴν</span> <span class='ocrx_word' id='word_1_206' title='bbox 3330 1675 3390 1767; x_wconf 56' lang='grc' dir='ltr'><strong>ἐξ</strong></span> <span class='ocrx_word' id='word_1_207' title='bbox 3446 1675 3666 1774; x_wconf 82' lang='grc' dir='ltr'>άγάπης</span> <span class='ocrx_word' id='word_1_208' title='bbox 3716 1704 3751 1774; x_wconf 77' lang='grc' dir='ltr'><strong>ἡ</strong></span> 
     </span>
    </p>
   </div>
   <div class='ocr_carea' id='block_1_29' title="bbox 479 1793 2066 1873">
    <p class='ocr_par' dir='ltr' id='par_1_29' title="bbox 479 1800 2061 1873">
     <span class='ocr_line' id='line_1_29' title="bbox 479 1800 2061 1873; baseline 0.002 -18"><span class='ocrx_word' id='word_1_209' title='bbox 479 1801 562 1855; x_wconf 85' lang='lat' dir='ltr'><strong>dit</strong></span> <span class='ocrx_word' id='word_1_210' title='bbox 588 1800 962 1864; x_wconf 83' lang='lat' dir='ltr'><strong>comminatio,</strong></span> <span class='ocrx_word' id='word_1_211' title='bbox 992 1810 1047 1855; x_wconf 89' lang='lat' dir='ltr'><strong>et</strong></span> <span class='ocrx_word' id='word_1_212' title='bbox 1071 1808 1155 1854; x_wconf 90' lang='lat' dir='ltr'><strong>est</strong></span> <span class='ocrx_word' id='word_1_213' title='bbox 1180 1800 1246 1855; x_wconf 90' lang='lat' dir='ltr'><strong>ad</strong></span> <span class='ocrx_word' id='word_1_214' title='bbox 1278 1802 1478 1870; x_wconf 89' lang='lat' dir='ltr'><strong>probas</strong></span> <span class='ocrx_word' id='word_1_215' title='bbox 1505 1802 1885 1873; x_wconf 78' lang='lat' dir='ltr'><strong>cogitationes,</strong></span> <span class='ocrx_word' id='word_1_216' title='bbox 1914 1813 1967 1857; x_wconf 92' lang='lat' dir='ltr'><strong>et</strong></span> <span class='ocrx_word' id='word_1_217' title='bbox 1995 1804 2061 1858; x_wconf 89' lang='lat' dir='ltr'><strong>ad</strong></span> 
     </span>
    </p>
   </div>
   <div class='ocr_carea' id='block_1_30' title="bbox 2169 1793 3755 1873">
    <p class='ocr_par' dir='ltr' id='par_1_30' title="bbox 2169 1793 3755 1869">
     <span class='ocr_line' id='line_1_30' title="bbox 2169 1793 3755 1869; baseline -0.003 -18"><span class='ocrx_word' id='word_1_218' title='bbox 2169 1798 2382 1869; x_wconf 75' lang='grc' dir='ltr'>ἀπειλὴ,</span> <span class='ocrx_word' id='word_1_219' title='bbox 2409 1796 2505 1851; x_wconf 74' lang='grc' dir='ltr'><strong>καὶ</strong></span> <span class='ocrx_word' id='word_1_220' title='bbox 2537 1796 2832 1859; x_wconf 79' lang='grc' dir='ltr'>καλοῦντος</span> <span class='ocrx_word' id='word_1_221' title='bbox 2852 1797 2932 1859; x_wconf 84' lang='grc' dir='ltr'><strong>είς</strong></span> <span class='ocrx_word' id='word_1_222' title='bbox 2957 1794 3224 1866; x_wconf 77' lang='grc' dir='ltr'>ὀρθότητα</span> <span class='ocrx_word' id='word_1_223' title='bbox 3244 1793 3544 1864; x_wconf 79' lang='grc' dir='ltr'>λογισμῶν,</span> <span class='ocrx_word' id='word_1_224' title='bbox 3562 1795 3657 1848; x_wconf 73' lang='grc' dir='ltr'>καὶ</span> <span class='ocrx_word' id='word_1_225' title='bbox 3671 1793 3755 1858; x_wconf 83' lang='grc' dir='ltr'><strong>είς</strong></span> 
     </span>
    </p>
   </div>
   <div class='ocr_carea' id='block_1_31' title="bbox 485 1890 2058 1962">
    <p class='ocr_par' dir='ltr' id='par_1_31' title="bbox 485 1890 2058 1962">
     <span class='ocr_line' id='line_1_31' title="bbox 485 1890 2058 1962; baseline 0.002 -17"><span class='ocrx_word' id='word_1_226' title='bbox 485 1891 651 1962; x_wconf 70' lang='lat'><strong>172</strong></span> <span class='ocrx_word' id='word_1_227' title='bbox 673 1891 999 1945; x_wconf 80' lang='lat' dir='ltr'><strong>desiderium</strong></span> <span class='ocrx_word' id='word_1_228' title='bbox 1027 1890 1205 1946; x_wconf 79' lang='lat' dir='ltr'><strong>oﬂicio</strong></span> <span class='ocrx_word' id='word_1_229' title='bbox 1233 1893 1454 1962; x_wconf 84' lang='lat' dir='ltr'><strong>parendi</strong></span> <span class='ocrx_word' id='word_1_230' title='bbox 1484 1894 1729 1950; x_wconf 79' lang='lat' dir='ltr'><strong>vocantis</strong></span> <span class='ocrx_word' id='word_1_231' title='bbox 1758 1894 2058 1949; x_wconf 80' lang='lat' dir='ltr'><strong>oraculum.</strong></span> 
     </span>
    </p>
   </div>
   <div class='ocr_carea' id='block_1_32' title="bbox 480 1981 2063 2054">
    <p class='ocr_par' dir='ltr' id='par_1_32' title="bbox 480 1981 2063 2054">
     <span class='ocr_line' id='line_1_32' title="bbox 480 1981 2063 2054; baseline 0.003 -18"><span class='ocrx_word' id='word_1_232' title='bbox 480 1981 609 2036; x_wconf 81' lang='lat' dir='ltr'><strong>Erat</strong></span> <span class='ocrx_word' id='word_1_233' title='bbox 636 1983 803 2047; x_wconf 89' lang='lat' dir='ltr'><strong>enim,</strong></span> <span class='ocrx_word' id='word_1_234' title='bbox 829 1981 1023 2051; x_wconf 86' lang='lat' dir='ltr'><strong>inquit,</strong></span> <span class='ocrx_word' id='word_1_235' title='bbox 1050 1982 1269 2052; x_wconf 82' lang='lat' dir='ltr'><strong>sapiens</strong></span> <span class='ocrx_word' id='word_1_236' title='bbox 1293 1983 1561 2054; x_wconf 78' lang='lat' dir='ltr'><strong>longeque</strong></span> <span class='ocrx_word' id='word_1_237' title='bbox 1582 1987 1821 2044; x_wconf 83' lang='lat' dir='ltr'><strong>optimus</strong></span> <span class='ocrx_word' id='word_1_238' title='bbox 1846 1986 2063 2041; x_wconf 81' lang='lat' dir='ltr'><strong>divinus</strong></span> 
     </span>
    </p>
   </div>
   <div class='ocr_carea' id='block_1_33' title="bbox 466 2072 2065 2148">
    <p class='ocr_par' dir='ltr' id='par_1_33' title="bbox 466 2072 2065 2148">
     <span class='ocr_line' id='line_1_33' title="bbox 466 2072 2065 2148; baseline 0.007 -25"><span class='ocrx_word' id='word_1_239' title='bbox 466 2072 676 2141; x_wconf 63' lang='lat' dir='ltr'><strong>Iacob,</strong></span> <span class='ocrx_word' id='word_1_240' title='bbox 706 2085 761 2129; x_wconf 85' lang='lat' dir='ltr'><strong>et</strong></span> <span class='ocrx_word' id='word_1_241' title='bbox 788 2075 1047 2144; x_wconf 82' lang='lat' dir='ltr'><strong>propositi</strong></span> <span class='ocrx_word' id='word_1_242' title='bbox 1078 2076 1160 2129; x_wconf 89' lang='lat' dir='ltr'><strong>sui</strong></span> <span class='ocrx_word' id='word_1_243' title='bbox 1196 2075 1430 2130; x_wconf 79' lang='lat' dir='ltr'><strong>fructum</strong></span> <span class='ocrx_word' id='word_1_244' title='bbox 1463 2075 1695 2131; x_wconf 83' lang='lat' dir='ltr'><strong>habebat</strong></span> <span class='ocrx_word' id='word_1_245' title='bbox 1725 2077 1814 2132; x_wconf 87' lang='lat' dir='ltr'><strong>Dei</strong></span> <span class='ocrx_word' id='word_1_246' title='bbox 1847 2094 1975 2148; x_wconf 81' lang='lat' dir='ltr'><strong>erga</strong></span> <span class='ocrx_word' id='word_1_247' title='bbox 2004 2094 2065 2134; x_wconf 88' lang='lat' dir='ltr'><strong>se</strong></span> 
     </span>
    </p>
   </div>
   <div class='ocr_carea' id='block_1_34' title="bbox 480 2167 2063 2238">
    <p class='ocr_par' dir='ltr' id='par_1_34' title="bbox 480 2167 2063 2238">
     <span class='ocr_line' id='line_1_34' title="bbox 480 2167 2063 2238; baseline -0.001 -15"><span class='ocrx_word' id='word_1_248' title='bbox 480 2167 826 2224; x_wconf 82' lang='lat' dir='ltr'><strong>eharitatem.</strong></span> <span class='ocrx_word' id='word_1_249' title='bbox 855 2167 961 2222; x_wconf 89' lang='lat' dir='ltr'><strong>Sed</strong></span> <span class='ocrx_word' id='word_1_250' title='bbox 992 2176 1049 2222; x_wconf 88' lang='lat' dir='ltr'><strong>tu</strong></span> <span class='ocrx_word' id='word_1_251' title='bbox 1077 2176 1285 2238; x_wconf 86' lang='lat' dir='ltr'><strong>patrem</strong></span> <span class='ocrx_word' id='word_1_252' title='bbox 1318 2183 1429 2222; x_wconf 82' lang='lat' dir='ltr'><strong>non</strong></span> <span class='ocrx_word' id='word_1_253' title='bbox 1457 2183 1516 2223; x_wconf 89' lang='lat' dir='ltr'><strong>es</strong></span> <span class='ocrx_word' id='word_1_254' title='bbox 1550 2168 1812 2224; x_wconf 81' lang='lat' dir='ltr'><strong>imitatus.</strong></span> <span class='ocrx_word' id='word_1_255' title='bbox 1837 2168 2063 2223; x_wconf 75' lang='lat' dir='ltr'><strong>Verum~</strong></span> 
     </span>
    </p>
   </div>
   <div class='ocr_carea' id='block_1_35' title="bbox 481 2257 2063 2328">
    <p class='ocr_par' dir='ltr' id='par_1_35' title="bbox 481 2257 2063 2328">
     <span class='ocr_line' id='line_1_35' title="bbox 481 2257 2063 2328; baseline 0.001 -15"><span class='ocrx_word' id='word_1_256' title='bbox 481 2268 663 2314; x_wconf 88' lang='lat' dir='ltr'><strong>tamen</strong></span> <span class='ocrx_word' id='word_1_257' title='bbox 697 2276 716 2311; x_wconf 79' lang='grc' dir='ltr'><strong>ι</strong></span> <span class='ocrx_word' id='word_1_258' title='bbox 750 2257 1095 2315; x_wconf 78' lang='lat' dir='ltr'><strong>Converteris</strong></span> <span class='ocrx_word' id='word_1_259' title='bbox 1124 2260 1174 2314; x_wconf 92' lang='lat' dir='ltr'><strong>in</strong></span> <span class='ocrx_word' id='word_1_260' title='bbox 1204 2260 1316 2314; x_wconf 89' lang='lat' dir='ltr'><strong>Deo</strong></span> <span class='ocrx_word' id='word_1_261' title='bbox 1345 2269 1435 2315; x_wconf 92' lang='lat' dir='ltr'><strong>tuo</strong></span> <span class='ocrx_word' id='word_1_262' title='bbox 1460 2261 1624 2315; x_wconf 86' lang='lat' dir='ltr'><strong>etiam</strong></span> <span class='ocrx_word' id='word_1_263' title='bbox 1659 2270 1736 2325; x_wconf 92' lang='lat' dir='ltr'><strong>tu,</strong></span> <span class='ocrx_word' id='word_1_264' title='bbox 1774 2280 1796 2313; x_wconf 69' lang='grc' dir='ltr'><strong>ι</strong></span> <span class='ocrx_word' id='word_1_265' title='bbox 1827 2262 1931 2316; x_wconf 87' lang='lat' dir='ltr'><strong>hoc</strong></span> <span class='ocrx_word' id='word_1_266' title='bbox 1955 2271 2063 2328; x_wconf 88' lang='lat' dir='ltr'><strong>est,</strong></span> 
     </span>
    </p>
   </div>
   <div class='ocr_carea' id='block_1_36' title="bbox 479 2350 2061 2423">
    <p class='ocr_par' dir='ltr' id='par_1_36' title="bbox 479 2350 2061 2423">
     <span class='ocr_line' id='line_1_36' title="bbox 479 2350 2061 2423; baseline 0.003 -19"><span class='ocrx_word' id='word_1_267' title='bbox 479 2352 729 2423; x_wconf 76' lang='lat' dir='ltr'><strong>quamvis</strong></span> <span class='ocrx_word' id='word_1_268' title='bbox 769 2351 1032 2421; x_wconf 88' lang='lat' dir='ltr'><strong>insipiens</strong></span> <span class='ocrx_word' id='word_1_269' title='bbox 1071 2350 1261 2419; x_wconf 81' lang='lat' dir='ltr'><strong>fueris,</strong></span> <span class='ocrx_word' id='word_1_270' title='bbox 1299 2361 1356 2407; x_wconf 86' lang='lat' dir='ltr'><strong>et</strong></span> <span class='ocrx_word' id='word_1_271' title='bbox 1393 2362 1669 2422; x_wconf 77' lang='lat' dir='ltr'><strong>apostata,</strong></span> <span class='ocrx_word' id='word_1_272' title='bbox 1705 2363 1758 2406; x_wconf 88' lang='lat' dir='ltr'><strong>et</strong></span> <span class='ocrx_word' id='word_1_273' title='bbox 1802 2354 2061 2420; x_wconf 90' lang='lat' dir='ltr'><strong>insolens,</strong></span> 
     </span>
    </p>
   </div>
   <div class='ocr_carea' id='block_1_37' title="bbox 483 2444 2063 2515">
    <p class='ocr_par' dir='ltr' id='par_1_37' title="bbox 483 2444 2063 2515">
     <span class='ocr_line' id='line_1_37' title="bbox 483 2444 2063 2515; baseline 0.003 -17"><span class='ocrx_word' id='word_1_274' title='bbox 483 2444 835 2500; x_wconf 87' lang='lat' dir='ltr'><strong>nihilominus</strong></span> <span class='ocrx_word' id='word_1_275' title='bbox 868 2446 1029 2500; x_wconf 87' lang='lat' dir='ltr'><strong>etiam</strong></span> <span class='ocrx_word' id='word_1_276' title='bbox 1062 2453 1259 2515; x_wconf 71' lang='lat' dir='ltr'><strong>pra-ter</strong></span> <span class='ocrx_word' id='word_1_277' title='bbox 1287 2445 1621 2501; x_wconf 79' lang='lat' dir='ltr'><strong>voluntatem</strong></span> <span class='ocrx_word' id='word_1_278' title='bbox 1655 2447 1721 2501; x_wconf 91' lang='lat' dir='ltr'><strong>ad</strong></span> <span class='ocrx_word' id='word_1_279' title='bbox 1753 2448 1917 2501; x_wconf 84' lang='lat' dir='ltr'><strong>vitam</strong></span> <span class='ocrx_word' id='word_1_280' title='bbox 1950 2449 2063 2502; x_wconf 83' lang='lat' dir='ltr'><strong>vir-</strong></span> 
     </span>
    </p>
   </div>
   <div class='ocr_carea' id='block_1_38' title="bbox 482 2527 2063 2594">
    <p class='ocr_par' dir='ltr' id='par_1_38' title="bbox 482 2527 2063 2594">
     <span class='ocr_line' id='line_1_38' title="bbox 482 2527 2063 2594; baseline 0.001 -3"><span class='ocrx_word' id='word_1_281' title='bbox 482 2527 614 2591; x_wconf 79' lang='lat' dir='ltr'><strong>tutis</strong></span> <span class='ocrx_word' id='word_1_282' title='bbox 642 2552 830 2592; x_wconf 89' lang='lat' dir='ltr'><strong>norma</strong></span> <span class='ocrx_word' id='word_1_283' title='bbox 862 2536 1123 2591; x_wconf 87' lang='lat' dir='ltr'><strong>directam</strong></span> <span class='ocrx_word' id='word_1_284' title='bbox 1153 2538 1376 2593; x_wconf 83' lang='lat' dir='ltr'><strong>redibis.</strong></span> <span class='ocrx_word' id='word_1_285' title='bbox 1409 2537 1628 2593; x_wconf 80' lang='lat' dir='ltr'><strong>Redibis</strong></span> <span class='ocrx_word' id='word_1_286' title='bbox 1659 2548 1840 2593; x_wconf 85' lang='lat' dir='ltr'><strong>autem</strong></span> <span class='ocrx_word' id='word_1_287' title='bbox 1871 2554 2063 2594; x_wconf 85' lang='lat' dir='ltr'><strong>corre-</strong></span> 
     </span>
    </p>
   </div>
   <div class='ocr_carea' id='block_1_39' title="bbox 479 2627 2065 2700">
    <p class='ocr_par' dir='ltr' id='par_1_39' title="bbox 479 2627 2065 2700">
     <span class='ocr_line' id='line_1_39' title="bbox 479 2627 2065 2700; baseline 0.004 -19"><span class='ocrx_word' id='word_1_288' title='bbox 479 2639 604 2699; x_wconf 82' lang='lat' dir='ltr'><strong>ptus</strong></span> <span class='ocrx_word' id='word_1_289' title='bbox 646 2628 700 2683; x_wconf 92' lang='lat' dir='ltr'><strong>in</strong></span> <span class='ocrx_word' id='word_1_290' title='bbox 737 2627 870 2693; x_wconf 87' lang='lat' dir='ltr'><strong>Deo,</strong></span> <span class='ocrx_word' id='word_1_291' title='bbox 910 2628 962 2682; x_wconf 89' lang='lat' dir='ltr'><strong>id</strong></span> <span class='ocrx_word' id='word_1_292' title='bbox 1005 2636 1107 2693; x_wconf 84' lang='lat' dir='ltr'><strong>est,</strong></span> <span class='ocrx_word' id='word_1_293' title='bbox 1152 2643 1248 2699; x_wconf 90' lang='lat' dir='ltr'><strong>per</strong></span> <span class='ocrx_word' id='word_1_294' title='bbox 1286 2629 1481 2684; x_wconf 90' lang='lat' dir='ltr'><strong>Deum.</strong></span> <span class='ocrx_word' id='word_1_295' title='bbox 1517 2630 1582 2684; x_wconf 82' lang='lat' dir='ltr'><strong>Et</strong></span> <span class='ocrx_word' id='word_1_296' title='bbox 1625 2631 1880 2700; x_wconf 80' lang='lat' dir='ltr'><strong>quoniam</strong></span> <span class='ocrx_word' id='word_1_297' title='bbox 1925 2633 2065 2687; x_wconf 91' lang='lat' dir='ltr'><strong>bona</strong></span> 
     </span>
    </p>
   </div>
   <div class='ocr_carea' id='block_1_40' title="bbox 480 2720 2065 2794">
    <p class='ocr_par' dir='ltr' id='par_1_40' title="bbox 480 2720 2065 2794">
     <span class='ocr_line' id='line_1_40' title="bbox 480 2720 2065 2794; baseline 0.003 -19"><span class='ocrx_word' id='word_1_298' title='bbox 480 2720 622 2777; x_wconf 86' lang='lat' dir='ltr'><strong>ratio</strong></span> <span class='ocrx_word' id='word_1_299' title='bbox 648 2734 754 2776; x_wconf 86' lang='lat' dir='ltr'><strong>non</strong></span> <span class='ocrx_word' id='word_1_300' title='bbox 778 2720 1045 2789; x_wconf 76' lang='lat' dir='ltr'><strong>persuasit</strong></span> <span class='ocrx_word' id='word_1_301' title='bbox 1085 2730 1144 2775; x_wconf 89' lang='lat' dir='ltr'><strong>ut</strong></span> <span class='ocrx_word' id='word_1_302' title='bbox 1186 2731 1332 2776; x_wconf 85' lang='lat' dir='ltr'><strong>recta</strong></span> <span class='ocrx_word' id='word_1_303' title='bbox 1355 2721 1441 2776; x_wconf 81' lang='lat' dir='ltr'><strong>via</strong></span> <span class='ocrx_word' id='word_1_304' title='bbox 1467 2723 1798 2788; x_wconf 88' lang='lat' dir='ltr'><strong>ambulares,</strong></span> <span class='ocrx_word' id='word_1_305' title='bbox 1824 2724 2065 2794; x_wconf 86' lang='lat' dir='ltr'><strong>velleque</strong></span> 
     </span>
    </p>
   </div>
   <div class='ocr_carea' id='block_1_41' title="bbox 480 2812 2065 2886">
    <p class='ocr_par' dir='ltr' id='par_1_41' title="bbox 480 2812 2065 2886">
     <span class='ocr_line' id='line_1_41' title="bbox 480 2812 2065 2886; baseline 0.004 -21"><span class='ocrx_word' id='word_1_306' title='bbox 480 2826 674 2882; x_wconf 80' lang='lat' dir='ltr'><strong>sapere</strong></span> <span class='ocrx_word' id='word_1_307' title='bbox 700 2821 759 2865; x_wconf 88' lang='lat' dir='ltr'><strong>ut</strong></span> <span class='ocrx_word' id='word_1_308' title='bbox 786 2820 1083 2879; x_wconf 86' lang='lat' dir='ltr'><strong>oporteret,</strong></span> <span class='ocrx_word' id='word_1_309' title='bbox 1114 2812 1339 2868; x_wconf 81' lang='lat' dir='ltr'><strong>restabit</strong></span> <span class='ocrx_word' id='word_1_310' title='bbox 1371 2813 1466 2868; x_wconf 89' lang='lat' dir='ltr'><strong>tibi</strong></span> <span class='ocrx_word' id='word_1_311' title='bbox 1501 2813 1661 2883; x_wconf 87' lang='lat' dir='ltr'><strong>plane</strong></span> <span class='ocrx_word' id='word_1_312' title='bbox 1691 2814 1982 2886; x_wconf 90' lang='lat' dir='ltr'><strong>ﬂagellum,</strong></span> <span class='ocrx_word' id='word_1_313' title='bbox 2011 2827 2065 2871; x_wconf 91' lang='lat' dir='ltr'><strong>et</strong></span> 
     </span>
    </p>
   </div>
   <div class='ocr_carea' id='block_1_42' title="bbox 480 2902 2064 2973">
    <p class='ocr_par' dir='ltr' id='par_1_42' title="bbox 480 2902 2064 2973">
     <span class='ocr_line' id='line_1_42' title="bbox 480 2902 2064 2973; baseline 0.003 -16"><span class='ocrx_word' id='word_1_314' title='bbox 480 2902 734 2957; x_wconf 85' lang='lat' dir='ltr'><strong>celeriter</strong></span> <span class='ocrx_word' id='word_1_315' title='bbox 765 2903 835 2957; x_wconf 88' lang='lat' dir='ltr'><strong>ad</strong></span> <span class='ocrx_word' id='word_1_316' title='bbox 874 2902 1179 2971; x_wconf 87' lang='lat' dir='ltr'><strong>eligendum</strong></span> <span class='ocrx_word' id='word_1_317' title='bbox 1220 2913 1275 2958; x_wconf 90' lang='lat' dir='ltr'><strong>et</strong></span> <span class='ocrx_word' id='word_1_318' title='bbox 1311 2904 1745 2972; x_wconf 82' lang='lat' dir='ltr'><strong>cognoscendum</strong></span> <span class='ocrx_word' id='word_1_319' title='bbox 1784 2905 1926 2973; x_wconf 90' lang='lat' dir='ltr'><strong>quod</strong></span> <span class='ocrx_word' id='word_1_320' title='bbox 1963 2920 2064 2961; x_wconf 76' lang='lat' dir='ltr'><strong>ex-</strong></span> 
     </span>
    </p>
   </div>
   <div class='ocr_carea' id='block_1_43' title="bbox 2164 1884 3751 1961">
    <p class='ocr_par' dir='ltr' id='par_1_43' title="bbox 2164 1884 3751 1961">
     <span class='ocr_line' id='line_1_43' title="bbox 2164 1884 3751 1961; baseline -0.004 -16"><span class='ocrx_word' id='word_1_321' title='bbox 2164 1892 2348 1961; x_wconf 79' lang='grc' dir='ltr'>ἔφεσιν</span> <span class='ocrx_word' id='word_1_322' title='bbox 2370 1890 2669 1961; x_wconf 75' lang='grc' dir='ltr'>εὐκοσμίας</span> <span class='ocrx_word' id='word_1_323' title='bbox 2688 1890 2750 1943; x_wconf 82' lang='grc' dir='ltr'><strong>τὸ</strong></span> <span class='ocrx_word' id='word_1_324' title='bbox 2770 1884 3289 1961; x_wconf 66' lang='grc' dir='ltr'>χρησμῲδημα.τΗν</span> <span class='ocrx_word' id='word_1_325' title='bbox 3320 1888 3419 1958; x_wconf 75' lang='grc' dir='ltr'><strong>μὲν</strong></span> <span class='ocrx_word' id='word_1_326' title='bbox 3443 1887 3573 1958; x_wconf 76' lang='grc' dir='ltr'>γὰρ,</span> <span class='ocrx_word' id='word_1_327' title='bbox 3593 1885 3751 1957; x_wconf 78' lang='grc' dir='ltr'>φησὶ,</span> 
     </span>
    </p>
   </div>
   <div class='ocr_carea' id='block_1_44' title="bbox 2166 1981 3752 2055">
    <p class='ocr_par' dir='ltr' id='par_1_44' title="bbox 2166 1981 3752 2055">
     <span class='ocr_line' id='line_1_44' title="bbox 2166 1981 3752 2055; baseline -0.004 -15"><span class='ocrx_word' id='word_1_328' title='bbox 2166 1985 2328 2054; x_wconf 76' lang='grc' dir='ltr'>σοφὸς</span> <span class='ocrx_word' id='word_1_329' title='bbox 2359 1985 2453 2038; x_wconf 74' lang='grc' dir='ltr'>καὶ</span> <span class='ocrx_word' id='word_1_330' title='bbox 2488 1983 2820 2055; x_wconf 82' lang='grc' dir='ltr'>πανάριστος</span> <span class='ocrx_word' id='word_1_331' title='bbox 2863 1985 2891 2037; x_wconf 85' lang='grc' dir='ltr'><strong>ὁ</strong></span> <span class='ocrx_word' id='word_1_332' title='bbox 2934 1983 3221 2046; x_wconf 81' lang='grc' dir='ltr'>Θεσπέσιος</span> <span class='ocrx_word' id='word_1_333' title='bbox 3244 1981 3459 2046; x_wconf 76' lang='grc' dir='ltr'>Ἰακὼϐ,</span> <span class='ocrx_word' id='word_1_334' title='bbox 3487 1981 3581 2035; x_wconf 62' lang='grc' dir='ltr'><strong>καλ⁸</strong></span> <span class='ocrx_word' id='word_1_335' title='bbox 3610 1981 3752 2050; x_wconf 84' lang='grc' dir='ltr'><strong>γνὼ-</strong></span> 
     </span>
    </p>
   </div>
   <div class='ocr_carea' id='block_1_45' title="bbox 2167 2074 3753 2149">
    <p class='ocr_par' dir='ltr' id='par_1_45' title="bbox 2167 2074 3753 2149">
     <span class='ocr_line' id='line_1_45' title="bbox 2167 2074 3753 2149; baseline -0.003 -17"><span class='ocrx_word' id='word_1_336' title='bbox 2167 2096 2274 2149; x_wconf 85' lang='grc' dir='ltr'><strong>μης</strong></span> <span class='ocrx_word' id='word_1_337' title='bbox 2308 2077 2444 2141; x_wconf 87' lang='grc' dir='ltr'>ίδίας</span> <span class='ocrx_word' id='word_1_338' title='bbox 2480 2077 2620 2148; x_wconf 82' lang='grc' dir='ltr'>ἔχων</span> <span class='ocrx_word' id='word_1_339' title='bbox 2669 2076 2884 2147; x_wconf 82' lang='grc' dir='ltr'>καρπὸν</span> <span class='ocrx_word' id='word_1_340' title='bbox 2927 2076 2990 2130; x_wconf 78' lang='grc' dir='ltr'>τὸ</span> <span class='ocrx_word' id='word_1_341' title='bbox 3036 2074 3304 2146; x_wconf 88' lang='grc' dir='ltr'>θεοφιλές.</span> <span class='ocrx_word' id='word_1_342' title='bbox 3329 2074 3469 2129; x_wconf 83' lang='grc' dir='ltr'>Ἀλλ’</span> <span class='ocrx_word' id='word_1_343' title='bbox 3498 2075 3599 2129; x_wconf 82' lang='grc' dir='ltr'>οὐκ</span> <span class='ocrx_word' id='word_1_344' title='bbox 3632 2077 3753 2146; x_wconf 83' lang='grc' dir='ltr'>ἐμι-</span> 
     </span>
    </p>
   </div>
   <div class='ocr_carea' id='block_1_46' title="bbox 2169 2166 3751 2242">
    <p class='ocr_par' dir='ltr' id='par_1_46' title="bbox 2169 2166 3751 2242">
     <span class='ocr_line' id='line_1_46' title="bbox 2169 2166 3751 2242; baseline -0.003 -19"><span class='ocrx_word' id='word_1_345' title='bbox 2169 2172 2325 2242; x_wconf 82' lang='grc' dir='ltr'>μήσω</span> <span class='ocrx_word' id='word_1_346' title='bbox 2364 2170 2457 2223; x_wconf 79' lang='grc' dir='ltr'><strong>τὸν</strong></span> <span class='ocrx_word' id='word_1_347' title='bbox 2491 2170 2726 2240; x_wconf 85' lang='grc' dir='ltr'>πατέρα.</span> <span class='ocrx_word' id='word_1_348' title='bbox 2760 2169 2907 2239; x_wconf 85' lang='grc' dir='ltr'>Πλὴν</span> <span class='ocrx_word' id='word_1_349' title='bbox 2943 2187 2962 2219; x_wconf 77' lang='grc' dir='ltr'><strong>ι</strong></span> <span class='ocrx_word' id='word_1_350' title='bbox 2986 2168 3366 2239; x_wconf 84' lang='grc' dir='ltr'>Ἐπιστρέψεις</span> <span class='ocrx_word' id='word_1_351' title='bbox 3407 2170 3465 2222; x_wconf 84' lang='grc' dir='ltr'><strong>ἐν</strong></span> <span class='ocrx_word' id='word_1_352' title='bbox 3507 2166 3627 2237; x_wconf 84' lang='grc' dir='ltr'>Θεῷ</span> <span class='ocrx_word' id='word_1_353' title='bbox 3658 2184 3751 2220; x_wconf 84' lang='grc' dir='ltr'><strong>σου</strong></span> 
     </span>
    </p>
   </div>
   <div class='ocr_carea' id='block_1_47' title="bbox 2164 2258 3749 2333">
    <p class='ocr_par' dir='ltr' id='par_1_47' title="bbox 2164 2258 3749 2333">
     <span class='ocr_line' id='line_1_47' title="bbox 2164 2258 3749 2333; baseline -0.004 -17"><span class='ocrx_word' id='word_1_354' title='bbox 2164 2265 2258 2316; x_wconf 74' lang='grc' dir='ltr'><strong>καὶ</strong></span> <span class='ocrx_word' id='word_1_355' title='bbox 2292 2263 2378 2324; x_wconf 80' lang='grc' dir='ltr'><strong>σὺ,</strong></span> <span class='ocrx_word' id='word_1_356' title='bbox 2412 2281 2430 2314; x_wconf 73' lang='grc' dir='ltr'><strong>ι</strong></span> <span class='ocrx_word' id='word_1_357' title='bbox 2465 2262 2733 2328; x_wconf 82' lang='grc' dir='ltr'>τουτέστι,</span> <span class='ocrx_word' id='word_1_358' title='bbox 2772 2262 2874 2317; x_wconf 72' lang='grc' dir='ltr'><strong>κᾶν</strong></span> <span class='ocrx_word' id='word_1_359' title='bbox 2903 2260 3143 2332; x_wconf 76' lang='grc' dir='ltr'>ἐξίτηλος</span> <span class='ocrx_word' id='word_1_360' title='bbox 3176 2258 3263 2333; x_wconf 77' lang='grc' dir='ltr'><strong>ᾖς,</strong></span> <span class='ocrx_word' id='word_1_361' title='bbox 3292 2259 3388 2313; x_wconf 73' lang='grc' dir='ltr'>καὶ</span> <span class='ocrx_word' id='word_1_362' title='bbox 3415 2258 3749 2328; x_wconf 80' lang='grc' dir='ltr'>ἀποστάτης,</span> 
     </span>
    </p>
   </div>
   <div class='ocr_carea' id='block_1_48' title="bbox 2166 2347 3753 2423">
    <p class='ocr_par' dir='ltr' id='par_1_48' title="bbox 2166 2347 3753 2423">
     <span class='ocr_line' id='line_1_48' title="bbox 2166 2347 3753 2423; baseline -0.003 -18"><span class='ocrx_word' id='word_1_363' title='bbox 2166 2352 2260 2405; x_wconf 74' lang='grc' dir='ltr'>καὶ</span> <span class='ocrx_word' id='word_1_364' title='bbox 2281 2351 2560 2423; x_wconf 75' lang='grc' dir='ltr'>ὑδριστὴς,</span> <span class='ocrx_word' id='word_1_365' title='bbox 2586 2351 2700 2405; x_wconf 78' lang='grc' dir='ltr'>ἀλλ’</span> <span class='ocrx_word' id='word_1_366' title='bbox 2727 2347 2819 2406; x_wconf 74' lang='grc' dir='ltr'>οὖν</span> <span class='ocrx_word' id='word_1_367' title='bbox 2852 2350 3116 2423; x_wconf 77' lang='grc' dir='ltr'>ὲπανήξῃ,</span> <span class='ocrx_word' id='word_1_368' title='bbox 3140 2352 3236 2405; x_wconf 70' lang='grc' dir='ltr'><strong>καὶ</strong></span> <span class='ocrx_word' id='word_1_369' title='bbox 3264 2351 3364 2422; x_wconf 85' lang='grc' dir='ltr'>οὐχ</span> <span class='ocrx_word' id='word_1_370' title='bbox 3392 2348 3557 2416; x_wconf 86' lang='grc' dir='ltr'>ἐκὼν,</span> <span class='ocrx_word' id='word_1_371' title='bbox 3590 2350 3671 2411; x_wconf 85' lang='grc' dir='ltr'><strong>είς</strong></span> <span class='ocrx_word' id='word_1_372' title='bbox 3691 2350 3753 2402; x_wconf 82' lang='grc' dir='ltr'>τὸ</span> 
     </span>
    </p>
   </div>
   <div class='ocr_carea' id='block_1_49' title="bbox 2165 2441 3754 2514">
    <p class='ocr_par' dir='ltr' id='par_1_49' title="bbox 2165 2441 3754 2514">
     <span class='ocr_line' id='line_1_49' title="bbox 2165 2441 3754 2514; baseline -0.002 -18"><span class='ocrx_word' id='word_1_373' title='bbox 2165 2443 2383 2497; x_wconf 76' lang='grc' dir='ltr'>ἑλέσθαι</span> <span class='ocrx_word' id='word_1_374' title='bbox 2418 2442 2569 2514; x_wconf 87' lang='grc' dir='ltr'>βιοῦν</span> <span class='ocrx_word' id='word_1_375' title='bbox 2600 2443 2796 2513; x_wconf 81' lang='grc' dir='ltr'>ὀρθῶς.</span> <span class='ocrx_word' id='word_1_376' title='bbox 2821 2443 3148 2514; x_wconf 82' lang='grc' dir='ltr'>Ἐπανήξεις</span> <span class='ocrx_word' id='word_1_377' title='bbox 3185 2442 3243 2495; x_wconf 81' lang='grc' dir='ltr'><strong>δέ</strong></span> <span class='ocrx_word' id='word_1_378' title='bbox 3272 2441 3661 2512; x_wconf 85' lang='grc' dir='ltr'>παιδευόμενος</span> <span class='ocrx_word' id='word_1_379' title='bbox 3694 2443 3754 2493; x_wconf 73' lang='grc' dir='ltr'><strong>ἐν</strong></span> 
     </span>
    </p>
   </div>
   <div class='ocr_carea' id='block_1_50' title="bbox 2163 2534 3752 2606">
    <p class='ocr_par' dir='ltr' id='par_1_50' title="bbox 2163 2534 3752 2606">
     <span class='ocr_line' id='line_1_50' title="bbox 2163 2534 3752 2606; baseline 0 -18"><span class='ocrx_word' id='word_1_380' title='bbox 2163 2535 2297 2604; x_wconf 80' lang='grc' dir='ltr'>Θεῷ,</span> <span class='ocrx_word' id='word_1_381' title='bbox 2335 2536 2599 2600; x_wconf 77' lang='grc' dir='ltr'>τουτέστι,</span> <span class='ocrx_word' id='word_1_382' title='bbox 2624 2536 2713 2589; x_wconf 81' lang='grc' dir='ltr'>διὰ</span> <span class='ocrx_word' id='word_1_383' title='bbox 2753 2536 2910 2589; x_wconf 87' lang='grc' dir='ltr'>Θεοῦ.</span> <span class='ocrx_word' id='word_1_384' title='bbox 2944 2537 3055 2590; x_wconf 73' lang='grc' dir='ltr'>Καὶ</span> <span class='ocrx_word' id='word_1_385' title='bbox 3097 2535 3283 2606; x_wconf 85' lang='grc' dir='ltr'>ἐπειδή</span> <span class='ocrx_word' id='word_1_386' title='bbox 3319 2552 3377 2589; x_wconf 88' lang='grc' dir='ltr'><strong>σε</strong></span> <span class='ocrx_word' id='word_1_387' title='bbox 3404 2534 3661 2605; x_wconf 80' lang='grc' dir='ltr'>λογισμὸς</span> <span class='ocrx_word' id='word_1_388' title='bbox 3689 2534 3752 2588; x_wconf 81' lang='grc' dir='ltr'>οὗ</span> 
     </span>
    </p>
   </div>
   <div class='ocr_carea' id='block_1_51' title="bbox 2166 2625 3755 2700">
    <p class='ocr_par' dir='ltr' id='par_1_51' title="bbox 2166 2625 3755 2700">
     <span class='ocr_line' id='line_1_51' title="bbox 2166 2625 3755 2700; baseline -0.003 -17"><span class='ocrx_word' id='word_1_389' title='bbox 2166 2629 2428 2683; x_wconf 83' lang='grc' dir='ltr'>πέπεικεν</span> <span class='ocrx_word' id='word_1_390' title='bbox 2459 2628 2681 2698; x_wconf 83' lang='grc' dir='ltr'>ἀγαθὸς,</span> <span class='ocrx_word' id='word_1_391' title='bbox 2718 2630 2804 2682; x_wconf 77' lang='grc' dir='ltr'>ἐπ’</span> <span class='ocrx_word' id='word_1_392' title='bbox 2826 2628 2992 2700; x_wconf 77' lang='grc' dir='ltr'>ὀρθὴν</span> <span class='ocrx_word' id='word_1_393' title='bbox 3022 2627 3157 2682; x_wconf 88' lang='grc' dir='ltr'>ίέναι</span> <span class='ocrx_word' id='word_1_394' title='bbox 3180 2628 3387 2699; x_wconf 77' lang='grc' dir='ltr'>τρίϐον,</span> <span class='ocrx_word' id='word_1_395' title='bbox 3419 2628 3513 2681; x_wconf 72' lang='grc' dir='ltr'>καὶ</span> <span class='ocrx_word' id='word_1_396' title='bbox 3537 2625 3755 2695; x_wconf 77' lang='grc' dir='ltr'>ἀγαπῆ-</span> 
     </span>
    </p>
   </div>
   <div class='ocr_carea' id='block_1_52' title="bbox 2166 2718 3755 2794">
    <p class='ocr_par' dir='ltr' id='par_1_52' title="bbox 2166 2718 3755 2794">
     <span class='ocr_line' id='line_1_52' title="bbox 2166 2718 3755 2794; baseline -0.003 -20"><span class='ocrx_word' id='word_1_397' title='bbox 2166 2739 2258 2774; x_wconf 89' lang='grc' dir='ltr'><strong>σαι</strong></span> <span class='ocrx_word' id='word_1_398' title='bbox 2295 2724 2512 2794; x_wconf 79' lang='grc' dir='ltr'>φρονεῖν</span> <span class='ocrx_word' id='word_1_399' title='bbox 2549 2720 2585 2776; x_wconf 75' lang='grc' dir='ltr'><strong>ἃ</strong></span> <span class='ocrx_word' id='word_1_400' title='bbox 2610 2721 2710 2785; x_wconf 89' lang='grc' dir='ltr'>δεῖ,</span> <span class='ocrx_word' id='word_1_401' title='bbox 2746 2720 3162 2792; x_wconf 80' lang='grc' dir='ltr'>περι-γενήσεταί</span> <span class='ocrx_word' id='word_1_402' title='bbox 3195 2737 3289 2773; x_wconf 92' lang='grc' dir='ltr'><strong>σου</strong></span> <span class='ocrx_word' id='word_1_403' title='bbox 3326 2721 3499 2791; x_wconf 83' lang='grc' dir='ltr'>πάντη</span> <span class='ocrx_word' id='word_1_404' title='bbox 3544 2735 3603 2772; x_wconf 83' lang='grc' dir='ltr'><strong>τε</strong></span> <span class='ocrx_word' id='word_1_405' title='bbox 3658 2718 3755 2771; x_wconf 78' lang='grc' dir='ltr'>καὶ</span> 
     </span>
    </p>
   </div>
   <div class='ocr_carea' id='block_1_53' title="bbox 2167 2809 3755 2883">
    <p class='ocr_par' dir='ltr' id='par_1_53' title="bbox 2167 2809 3755 2883">
     <span class='ocr_line' id='line_1_53' title="bbox 2167 2809 3755 2883; baseline -0.003 -18"><span class='ocrx_word' id='word_1_406' title='bbox 2167 2812 2384 2876; x_wconf 86' lang='grc' dir='ltr'>πάντως</span> <span class='ocrx_word' id='word_1_407' title='bbox 2427 2813 2460 2883; x_wconf 82' lang='grc' dir='ltr'>ἠ</span> <span class='ocrx_word' id='word_1_408' title='bbox 2510 2812 2733 2883; x_wconf 82' lang='grc' dir='ltr'>μάστιξ,</span> <span class='ocrx_word' id='word_1_409' title='bbox 2764 2812 2859 2866; x_wconf 74' lang='grc' dir='ltr'><strong>καὶ</strong></span> <span class='ocrx_word' id='word_1_410' title='bbox 2913 2812 3209 2882; x_wconf 82' lang='grc' dir='ltr'>μεταθήσει</span> <span class='ocrx_word' id='word_1_411' title='bbox 3248 2811 3465 2883; x_wconf 85' lang='grc' dir='ltr'>γοργῶς</span> <span class='ocrx_word' id='word_1_412' title='bbox 3492 2809 3628 2881; x_wconf 82' lang='grc' dir='ltr'>πρὸς</span> <span class='ocrx_word' id='word_1_413' title='bbox 3655 2809 3755 2879; x_wconf 79' lang='grc' dir='ltr'><strong>τὴν</strong></span> 
     </span>
    </p>
   </div>
   <div class='ocr_carea' id='block_1_54' title="bbox 2164 2899 3759 2975">
    <p class='ocr_par' dir='ltr' id='par_1_54' title="bbox 2164 2899 3759 2975">
     <span class='ocr_line' id='line_1_54' title="bbox 2164 2899 3759 2975; baseline -0.003 -19"><span class='ocrx_word' id='word_1_414' title='bbox 2164 2902 2259 2957; x_wconf 85' lang='grc' dir='ltr'><strong>τοῦ</strong></span> <span class='ocrx_word' id='word_1_415' title='bbox 2308 2902 2682 2975; x_wconf 85' lang='grc' dir='ltr'>συμφέροντος</span> <span class='ocrx_word' id='word_1_416' title='bbox 2730 2902 2944 2973; x_wconf 75' lang='grc' dir='ltr'>αἵρεσίν</span> <span class='ocrx_word' id='word_1_417' title='bbox 2970 2919 3030 2955; x_wconf 93' lang='grc' dir='ltr'><strong>τε</strong></span> <span class='ocrx_word' id='word_1_418' title='bbox 3061 2901 3154 2956; x_wconf 77' lang='grc' dir='ltr'>καὶ</span> <span class='ocrx_word' id='word_1_419' title='bbox 3187 2902 3409 2971; x_wconf 86' lang='grc' dir='ltr'>γνῶσιν.</span> <span class='ocrx_word' id='word_1_420' title='bbox 3434 2900 3606 2955; x_wconf 79' lang='grc' dir='ltr'>Ταυτὶ</span> <span class='ocrx_word' id='word_1_421' title='bbox 3655 2899 3759 2970; x_wconf 83' lang='grc' dir='ltr'>μὲν</span> 
     </span>
    </p>
   </div>
   <div class='ocr_carea' id='block_1_55' title="bbox 482 2990 2066 3093">
    <p class='ocr_par' dir='ltr' id='par_1_55' title="bbox 482 2991 2063 3062">
     <span class='ocr_line' id='line_1_55' title="bbox 482 2991 2063 3062; baseline 0.001 -14"><span class='ocrx_word' id='word_1_422' title='bbox 482 2993 632 3061; x_wconf 84' lang='lat' dir='ltr'><strong>pedit</strong></span> <span class='ocrx_word' id='word_1_423' title='bbox 670 3001 724 3048; x_wconf 88' lang='lat' dir='ltr'><strong>te</strong></span> <span class='ocrx_word' id='word_1_424' title='bbox 765 2991 1079 3048; x_wconf 79' lang='lat' dir='ltr'><strong>transferet.</strong></span> <span class='ocrx_word' id='word_1_425' title='bbox 1116 2993 1293 3062; x_wconf 89' lang='lat' dir='ltr'><strong>Atque</strong></span> <span class='ocrx_word' id='word_1_426' title='bbox 1331 2993 1445 3048; x_wconf 65' lang='lat' dir='ltr'><strong>haec</strong></span> <span class='ocrx_word' id='word_1_427' title='bbox 1492 2993 1667 3058; x_wconf 86' lang='lat' dir='ltr'><strong>nobis,</strong></span> <span class='ocrx_word' id='word_1_428' title='bbox 1707 3003 1767 3049; x_wconf 89' lang='lat' dir='ltr'><strong>ut</strong></span> <span class='ocrx_word' id='word_1_429' title='bbox 1804 2995 2063 3061; x_wconf 88' lang='lat' dir='ltr'><strong>arbitror,</strong></span> 
     </span>
    </p>
   </div>
   <div class='ocr_carea' id='block_1_56' title="bbox 2169 2990 3757 3093">
    <p class='ocr_par' dir='ltr' id='par_1_56' title="bbox 2169 2990 3757 3066">
     <span class='ocr_line' id='line_1_56' title="bbox 2169 2990 3757 3066; baseline -0.003 -18"><span class='ocrx_word' id='word_1_430' title='bbox 2169 2990 2259 3049; x_wconf 81' lang='grc' dir='ltr'><strong>οὖν</strong></span> <span class='ocrx_word' id='word_1_431' title='bbox 2310 2997 2463 3066; x_wconf 80' lang='grc' dir='ltr'>ἡμῖν,</span> <span class='ocrx_word' id='word_1_432' title='bbox 2491 2994 2744 3066; x_wconf 87' lang='grc' dir='ltr'>καθάπερ</span> <span class='ocrx_word' id='word_1_433' title='bbox 2782 2993 3172 3064; x_wconf 80' lang='grc' dir='ltr'>ὑπολαμϐάνω,</span> <span class='ocrx_word' id='word_1_434' title='bbox 3207 2994 3647 3064; x_wconf 83' lang='grc' dir='ltr'>κατασημήνειεν</span> <span class='ocrx_word' id='word_1_435' title='bbox 3685 2991 3757 3045; x_wconf 79' lang='grc' dir='ltr'>ἃν</span> 
     </span>
    </p>
   </div>
   <div class='ocr_carea' id='block_1_57' title="bbox 483 3084 2063 3154">
    <p class='ocr_par' dir='ltr' id='par_1_57' title="bbox 483 3084 2063 3154">
     <span class='ocr_line' id='line_1_57' title="bbox 483 3084 2063 3154; baseline 0.002 -13"><span class='ocrx_word' id='word_1_436' title='bbox 483 3084 805 3141; x_wconf 80' lang='lat' dir='ltr'><strong>indicaverit</strong></span> <span class='ocrx_word' id='word_1_437' title='bbox 835 3085 1027 3140; x_wconf 87' lang='lat' dir='ltr'><strong>merito</strong></span> <span class='ocrx_word' id='word_1_438' title='bbox 1057 3090 1200 3154; x_wconf 90' lang='lat' dir='ltr'><strong>quod</strong></span> <span class='ocrx_word' id='word_1_439' title='bbox 1234 3086 1455 3151; x_wconf 87' lang='lat' dir='ltr'><strong>dicitur,</strong></span> <span class='ocrx_word' id='word_1_440' title='bbox 1492 3106 1510 3139; x_wconf 77' lang='grc' dir='ltr'><strong>ι</strong></span> <span class='ocrx_word' id='word_1_441' title='bbox 1535 3087 1601 3143; x_wconf 82' lang='lat' dir='ltr'><strong>Et</strong></span> <span class='ocrx_word' id='word_1_442' title='bbox 1622 3097 1676 3141; x_wconf 88' lang='lat' dir='ltr'><strong>tu</strong></span> <span class='ocrx_word' id='word_1_443' title='bbox 1710 3090 1761 3142; x_wconf 91' lang='lat' dir='ltr'><strong>in</strong></span> <span class='ocrx_word' id='word_1_444' title='bbox 1796 3086 1905 3142; x_wconf 89' lang='lat' dir='ltr'><strong>Deo</strong></span> <span class='ocrx_word' id='word_1_445' title='bbox 1932 3103 2063 3143; x_wconf 86' lang='lat' dir='ltr'><strong>con-</strong></span> 
     </span>
    </p>
   </div>
   <div class='ocr_carea' id='block_1_58' title="bbox 481 3176 2063 3248">
    <p class='ocr_par' dir='ltr' id='par_1_58' title="bbox 481 3176 2063 3248">
     <span class='ocr_line' id='line_1_58' title="bbox 481 3176 2063 3248; baseline 0.004 -19"><span class='ocrx_word' id='word_1_446' title='bbox 481 3176 730 3241; x_wconf 71' lang='lat' dir='ltr'><strong>verteris,</strong></span> <span class='ocrx_word' id='word_1_447' title='bbox 762 3193 785 3229; x_wconf 68' lang='grc' dir='ltr'><strong>ι</strong></span> <span class='ocrx_word' id='word_1_448' title='bbox 810 3177 1006 3238; x_wconf 88' lang='lat' dir='ltr'><strong>minas,</strong></span> <span class='ocrx_word' id='word_1_449' title='bbox 1031 3185 1089 3229; x_wconf 93' lang='lat' dir='ltr'><strong>ut</strong></span> <span class='ocrx_word' id='word_1_450' title='bbox 1120 3176 1254 3240; x_wconf 83' lang='lat' dir='ltr'><strong>dixi,</strong></span> <span class='ocrx_word' id='word_1_451' title='bbox 1278 3176 1435 3232; x_wconf 88' lang='lat' dir='ltr'><strong>bonis</strong></span> <span class='ocrx_word' id='word_1_452' title='bbox 1464 3178 1748 3248; x_wconf 83' lang='lat' dir='ltr'><strong>promissis</strong></span> <span class='ocrx_word' id='word_1_453' title='bbox 1773 3177 2063 3235; x_wconf 80' lang='lat' dir='ltr'><strong>scitissime</strong></span> 
     </span>
    </p>
   </div>
   <div class='ocr_carea' id='block_1_59' title="bbox 481 3264 2061 3337">
    <p class='ocr_par' dir='ltr' id='par_1_59' title="bbox 481 3264 2061 3337">
     <span class='ocr_line' id='line_1_59' title="bbox 481 3264 2061 3337; baseline -0.001 -16"><span class='ocrx_word' id='word_1_454' title='bbox 481 3266 769 3335; x_wconf 83' lang='lat' dir='ltr'><strong>pennistas</strong></span> <span class='ocrx_word' id='word_1_455' title='bbox 800 3264 1019 3321; x_wconf 80' lang='lat' dir='ltr'><strong>habens.</strong></span> <span class='ocrx_word' id='word_1_456' title='bbox 1052 3265 1259 3321; x_wconf 90' lang='lat' dir='ltr'><strong>Deinde</strong></span> <span class='ocrx_word' id='word_1_457' title='bbox 1286 3281 1471 3337; x_wconf 91' lang='lat' dir='ltr'><strong>porro,</strong></span> <span class='ocrx_word' id='word_1_458' title='bbox 1500 3276 1562 3323; x_wconf 91' lang='lat' dir='ltr'><strong>ut</strong></span> <span class='ocrx_word' id='word_1_459' title='bbox 1584 3266 1698 3335; x_wconf 85' lang='lat' dir='ltr'><strong>jam</strong></span> <span class='ocrx_word' id='word_1_460' title='bbox 1726 3265 1934 3336; x_wconf 88' lang='lat' dir='ltr'><strong>ﬂagella</strong></span> <span class='ocrx_word' id='word_1_461' title='bbox 1966 3281 2061 3337; x_wconf 81' lang='lat' dir='ltr'><strong>pa-</strong></span> 
     </span>
    </p>
   </div>
   <div class='ocr_carea' id='block_1_60' title="bbox 482 3358 2060 3423">
    <p class='ocr_par' dir='ltr' id='par_1_60' title="bbox 482 3358 2060 3423">
     <span class='ocr_line' id='line_1_60' title="bbox 482 3358 2060 3423; baseline 0.001 -10"><span class='ocrx_word' id='word_1_462' title='bbox 482 3360 660 3423; x_wconf 82' lang='lat' dir='ltr'><strong>tienti,</strong></span> <span class='ocrx_word' id='word_1_463' title='bbox 699 3367 755 3413; x_wconf 92' lang='lat' dir='ltr'><strong>et</strong></span> <span class='ocrx_word' id='word_1_464' title='bbox 774 3360 830 3413; x_wconf 90' lang='lat' dir='ltr'><strong>in</strong></span> <span class='ocrx_word' id='word_1_465' title='bbox 862 3358 1039 3412; x_wconf 89' lang='lat' dir='ltr'><strong>medio</strong></span> <span class='ocrx_word' id='word_1_466' title='bbox 1068 3359 1352 3414; x_wconf 79' lang='lat' dir='ltr'><strong>verberum</strong></span> <span class='ocrx_word' id='word_1_467' title='bbox 1384 3361 1684 3416; x_wconf 89' lang='lat' dir='ltr'><strong>constituto</strong></span> <span class='ocrx_word' id='word_1_468' title='bbox 1710 3360 1852 3416; x_wconf 92' lang='lat' dir='ltr'><strong>Deus</strong></span> <span class='ocrx_word' id='word_1_469' title='bbox 1881 3362 2060 3416; x_wconf 82' lang='lat' dir='ltr'><strong>accla-</strong></span> 
     </span>
    </p>
   </div>
   <div class='ocr_carea' id='block_1_61' title="bbox 480 3448 2065 3521">
    <p class='ocr_par' dir='ltr' id='par_1_61' title="bbox 480 3448 2065 3521">
     <span class='ocr_line' id='line_1_61' title="bbox 480 3448 2065 3521; baseline 0.001 -16"><span class='ocrx_word' id='word_1_470' title='bbox 480 3460 623 3505; x_wconf 83' lang='lat' dir='ltr'><strong>mat:</strong></span> <span class='ocrx_word' id='word_1_471' title='bbox 658 3468 677 3503; x_wconf 80' lang='grc' dir='ltr'><strong>ι</strong></span> <span class='ocrx_word' id='word_1_472' title='bbox 701 3448 1126 3504; x_wconf 79' lang='lat' dir='ltr'><strong>Misericordiam</strong></span> <span class='ocrx_word' id='word_1_473' title='bbox 1154 3461 1211 3505; x_wconf 85' lang='lat' dir='ltr'><strong>et</strong></span> <span class='ocrx_word' id='word_1_474' title='bbox 1232 3450 1497 3519; x_wconf 87' lang='lat' dir='ltr'><strong>judicium</strong></span> <span class='ocrx_word' id='word_1_475' title='bbox 1526 3451 1761 3517; x_wconf 88' lang='lat' dir='ltr'><strong>custodi,</strong></span> <span class='ocrx_word' id='word_1_476' title='bbox 1787 3460 1843 3507; x_wconf 87' lang='lat' dir='ltr'><strong>et</strong></span> <span class='ocrx_word' id='word_1_477' title='bbox 1869 3466 2065 3521; x_wconf 89' lang='lat' dir='ltr'><strong>appro-</strong></span> 
     </span>
    </p>
   </div>
   <div class='ocr_carea' id='block_1_62' title="bbox 480 3540 2062 3611">
    <p class='ocr_par' dir='ltr' id='par_1_62' title="bbox 480 3540 2062 3611">
     <span class='ocr_line' id='line_1_62' title="bbox 480 3540 2062 3611; baseline 0.002 -16"><span class='ocrx_word' id='word_1_478' title='bbox 480 3542 682 3611; x_wconf 85' lang='lat' dir='ltr'><strong>pinqna</strong></span> <span class='ocrx_word' id='word_1_479' title='bbox 728 3541 795 3596; x_wconf 90' lang='lat' dir='ltr'><strong>ad</strong></span> <span class='ocrx_word' id='word_1_480' title='bbox 840 3540 1008 3596; x_wconf 87' lang='lat' dir='ltr'><strong>Deum</strong></span> <span class='ocrx_word' id='word_1_481' title='bbox 1055 3551 1205 3596; x_wconf 89' lang='lat' dir='ltr'><strong>tuum</strong></span> <span class='ocrx_word' id='word_1_482' title='bbox 1250 3558 1491 3611; x_wconf 82' lang='lat' dir='ltr'><strong>semper.</strong></span> <span class='ocrx_word' id='word_1_483' title='bbox 1536 3562 1555 3594; x_wconf 74' lang='grc' dir='ltr'><strong>ι</strong></span> <span class='ocrx_word' id='word_1_484' title='bbox 1601 3542 2062 3610; x_wconf 86' lang='lat' dir='ltr'><strong>Quemadmodum</strong></span> 
     </span>
    </p>
   </div>
   <div class='ocr_carea' id='block_1_63' title="bbox 478 3632 2065 3706">
    <p class='ocr_par' dir='ltr' id='par_1_63' title="bbox 478 3632 2065 3706">
     <span class='ocr_line' id='line_1_63' title="bbox 478 3632 2065 3706; baseline 0.001 -18"><span class='ocrx_word' id='word_1_485' title='bbox 478 3633 624 3688; x_wconf 86' lang='lat' dir='ltr'><strong>enim</strong></span> <span class='ocrx_word' id='word_1_486' title='bbox 660 3632 704 3687; x_wconf 90' lang='lat' dir='ltr'><strong>si</strong></span> <span class='ocrx_word' id='word_1_487' title='bbox 741 3633 993 3689; x_wconf 90' lang='lat' dir='ltr'><strong>dominus</strong></span> <span class='ocrx_word' id='word_1_488' title='bbox 1024 3633 1294 3703; x_wconf 88' lang='lat' dir='ltr'><strong>quispiam</strong></span> <span class='ocrx_word' id='word_1_489' title='bbox 1325 3650 1481 3690; x_wconf 83' lang='lat' dir='ltr'><strong>servo</strong></span> <span class='ocrx_word' id='word_1_490' title='bbox 1515 3636 1569 3690; x_wconf 90' lang='lat' dir='ltr'><strong>in</strong></span> <span class='ocrx_word' id='word_1_491' title='bbox 1606 3651 1763 3706; x_wconf 74' lang='lat' dir='ltr'><strong>poma</strong></span> <span class='ocrx_word' id='word_1_492' title='bbox 1787 3676 1802 3701; x_wconf 93' lang='lat'><strong>,</strong></span> <span class='ocrx_word' id='word_1_493' title='bbox 1834 3645 1890 3692; x_wconf 87' lang='lat' dir='ltr'><strong>et</strong></span> <span class='ocrx_word' id='word_1_494' title='bbox 1920 3637 2065 3691; x_wconf 86' lang='lat' dir='ltr'><strong>inter</strong></span> 
     </span>
    </p>
   </div>
   <div class='ocr_carea' id='block_1_64' title="bbox 478 3722 2065 3796">
    <p class='ocr_par' dir='ltr' id='par_1_64' title="bbox 478 3722 2065 3796">
     <span class='ocr_line' id='line_1_64' title="bbox 478 3722 2065 3796; baseline 0 -15"><span class='ocrx_word' id='word_1_495' title='bbox 478 3724 598 3794; x_wconf 78' lang='lat' dir='ltr'><strong>ipsa</strong></span> <span class='ocrx_word' id='word_1_496' title='bbox 635 3722 841 3793; x_wconf 86' lang='lat' dir='ltr'><strong>ﬂagella</strong></span> <span class='ocrx_word' id='word_1_497' title='bbox 875 3737 999 3778; x_wconf 89' lang='lat' dir='ltr'><strong>cum</strong></span> <span class='ocrx_word' id='word_1_498' title='bbox 1030 3725 1185 3779; x_wconf 85' lang='lat' dir='ltr'><strong>venia</strong></span> <span class='ocrx_word' id='word_1_499' title='bbox 1222 3733 1277 3778; x_wconf 84' lang='lat' dir='ltr'><strong>et</strong></span> <span class='ocrx_word' id='word_1_500' title='bbox 1313 3724 1686 3796; x_wconf 80' lang='lat' dir='ltr'><strong>indignatione</strong></span> <span class='ocrx_word' id='word_1_501' title='bbox 1720 3726 1868 3781; x_wconf 91' lang='lat' dir='ltr'><strong>dicat</strong></span> <span class='ocrx_word' id='word_1_502' title='bbox 1902 3745 1916 3782; x_wconf 88' lang='lat'><strong>:</strong></span> <span class='ocrx_word' id='word_1_503' title='bbox 1948 3725 2065 3781; x_wconf 87' lang='lat' dir='ltr'><strong>Mo-</strong></span> 
     </span>
    </p>
   </div>
   <div class='ocr_carea' id='block_1_65' title="bbox 480 3816 2063 3886">
    <p class='ocr_par' dir='ltr' id='par_1_65' title="bbox 480 3816 2063 3886">
     <span class='ocr_line' id='line_1_65' title="bbox 480 3816 2063 3886; baseline 0.001 -15"><span class='ocrx_word' id='word_1_504' title='bbox 480 3816 667 3871; x_wconf 84' lang='lat' dir='ltr'><strong>destus</strong></span> <span class='ocrx_word' id='word_1_505' title='bbox 707 3825 847 3880; x_wconf 90' lang='lat' dir='ltr'><strong>esto,</strong></span> <span class='ocrx_word' id='word_1_506' title='bbox 888 3822 943 3869; x_wconf 91' lang='lat' dir='ltr'><strong>et</strong></span> <span class='ocrx_word' id='word_1_507' title='bbox 984 3823 1231 3885; x_wconf 88' lang='lat' dir='ltr'><strong>prompte</strong></span> <span class='ocrx_word' id='word_1_508' title='bbox 1269 3816 1548 3879; x_wconf 87' lang='lat' dir='ltr'><strong>obediens,</strong></span> <span class='ocrx_word' id='word_1_509' title='bbox 1591 3828 1647 3870; x_wconf 91' lang='lat' dir='ltr'><strong>et</strong></span> <span class='ocrx_word' id='word_1_510' title='bbox 1686 3817 1877 3873; x_wconf 88' lang='lat' dir='ltr'><strong>herilia</strong></span> <span class='ocrx_word' id='word_1_511' title='bbox 1913 3816 2063 3886; x_wconf 89' lang='lat' dir='ltr'><strong>jussa</strong></span> 
     </span>
    </p>
   </div>
   <div class='ocr_carea' id='block_1_66' title="bbox 480 3908 2064 3977">
    <p class='ocr_par' dir='ltr' id='par_1_66' title="bbox 480 3908 2064 3977">
     <span class='ocr_line' id='line_1_66' title="bbox 480 3908 2064 3977; baseline 0 -13"><span class='ocrx_word' id='word_1_512' title='bbox 480 3922 551 3964; x_wconf 85' lang='lat' dir='ltr'><strong>ne</strong></span> <span class='ocrx_word' id='word_1_513' title='bbox 579 3916 903 3973; x_wconf 87' lang='lat' dir='ltr'><strong>contemne;</strong></span> <span class='ocrx_word' id='word_1_514' title='bbox 934 3908 1123 3962; x_wconf 88' lang='lat' dir='ltr'><strong>eodem</strong></span> <span class='ocrx_word' id='word_1_515' title='bbox 1155 3908 1337 3972; x_wconf 90' lang='lat' dir='ltr'><strong>modo,</strong></span> <span class='ocrx_word' id='word_1_516' title='bbox 1364 3909 1576 3977; x_wconf 89' lang='lat' dir='ltr'><strong>opinor,</strong></span> <span class='ocrx_word' id='word_1_517' title='bbox 1603 3919 1660 3964; x_wconf 90' lang='lat' dir='ltr'><strong>et</strong></span> <span class='ocrx_word' id='word_1_518' title='bbox 1687 3911 2064 3964; x_wconf 85' lang='lat' dir='ltr'><strong>universorum</strong></span> 
     </span>
    </p>
   </div>
   <div class='ocr_carea' id='block_1_67' title="bbox 481 3999 2062 4069">
    <p class='ocr_par' dir='ltr' id='par_1_67' title="bbox 481 3999 2062 4069">
     <span class='ocr_line' id='line_1_67' title="bbox 481 3999 2062 4069; baseline 0.002 -15"><span class='ocrx_word' id='word_1_519' title='bbox 481 4001 645 4066; x_wconf 85' lang='lat' dir='ltr'><strong>Deus,</strong></span> <span class='ocrx_word' id='word_1_520' title='bbox 674 4013 937 4069; x_wconf 87' lang='lat' dir='ltr'><strong>percusso</strong></span> <span class='ocrx_word' id='word_1_521' title='bbox 963 3999 1359 4068; x_wconf 89' lang='lat' dir='ltr'><strong>quodammodo</strong></span> <span class='ocrx_word' id='word_1_522' title='bbox 1386 3999 1661 4069; x_wconf 82' lang='lat' dir='ltr'><strong>Epltraim,</strong></span> <span class='ocrx_word' id='word_1_523' title='bbox 1692 4011 1746 4055; x_wconf 91' lang='lat' dir='ltr'><strong>et</strong></span> <span class='ocrx_word' id='word_1_524' title='bbox 1775 4001 1897 4057; x_wconf 87' lang='lat' dir='ltr'><strong>belli</strong></span> <span class='ocrx_word' id='word_1_525' title='bbox 1918 4003 2062 4057; x_wconf 87' lang='lat' dir='ltr'><strong>cala-</strong></span> 
     </span>
    </p>
   </div>
   <div class='ocr_carea' id='block_1_68' title="bbox 480 4090 2064 4163">
    <p class='ocr_par' dir='ltr' id='par_1_68' title="bbox 480 4090 2064 4163">
     <span class='ocr_line' id='line_1_68' title="bbox 480 4090 2064 4163; baseline 0.001 -17"><span class='ocrx_word' id='word_1_526' title='bbox 480 4090 762 4147; x_wconf 87' lang='lat' dir='ltr'><strong>mitatibus</strong></span> <span class='ocrx_word' id='word_1_527' title='bbox 790 4091 1075 4160; x_wconf 84' lang='lat' dir='ltr'><strong>castigato,</strong></span> <span class='ocrx_word' id='word_1_528' title='bbox 1106 4090 1305 4162; x_wconf 91' lang='lat' dir='ltr'><strong>inquit,</strong></span> <span class='ocrx_word' id='word_1_529' title='bbox 1336 4111 1355 4144; x_wconf 78' lang='grc' dir='ltr'><strong>ι</strong></span> <span class='ocrx_word' id='word_1_530' title='bbox 1389 4092 1814 4149; x_wconf 82' lang='lat' dir='ltr'><strong>Misericordiam</strong></span> <span class='ocrx_word' id='word_1_531' title='bbox 1841 4104 1897 4149; x_wconf 87' lang='lat' dir='ltr'><strong>et</strong></span> <span class='ocrx_word' id='word_1_532' title='bbox 1918 4093 2064 4163; x_wconf 82' lang='lat' dir='ltr'><strong>judi-</strong></span> 
     </span>
    </p>
   </div>
   <div class='ocr_carea' id='block_1_69' title="bbox 480 4185 2063 4255">
    <p class='ocr_par' dir='ltr' id='par_1_69' title="bbox 480 4185 2063 4255">
     <span class='ocr_line' id='line_1_69' title="bbox 480 4185 2063 4255; baseline 0 -15"><span class='ocrx_word' id='word_1_533' title='bbox 480 4186 626 4244; x_wconf 80' lang='lat' dir='ltr'><strong>cium</strong></span> <span class='ocrx_word' id='word_1_534' title='bbox 659 4185 897 4249; x_wconf 79' lang='lat' dir='ltr'><strong>custodi,</strong></span> <span class='ocrx_word' id='word_1_535' title='bbox 926 4194 983 4240; x_wconf 90' lang='lat' dir='ltr'><strong>et</strong></span> <span class='ocrx_word' id='word_1_536' title='bbox 1015 4185 1384 4255; x_wconf 85' lang='lat' dir='ltr'><strong>appropinqua</strong></span> <span class='ocrx_word' id='word_1_537' title='bbox 1421 4185 1489 4240; x_wconf 91' lang='lat' dir='ltr'><strong>ad</strong></span> <span class='ocrx_word' id='word_1_538' title='bbox 1526 4186 1691 4241; x_wconf 81' lang='lat' dir='ltr'><strong>Deum</strong></span> <span class='ocrx_word' id='word_1_539' title='bbox 1732 4195 1883 4242; x_wconf 89' lang='lat' dir='ltr'><strong>tuum</strong></span> <span class='ocrx_word' id='word_1_540' title='bbox 1918 4201 2063 4242; x_wconf 81' lang='lat' dir='ltr'><strong>sem-</strong></span> 
     </span>
    </p>
   </div>
   <div class='ocr_carea' id='block_1_70' title="bbox 482 4274 2061 4349">
    <p class='ocr_par' dir='ltr' id='par_1_70' title="bbox 482 4274 2061 4349">
     <span class='ocr_line' id='line_1_70' title="bbox 482 4274 2061 4349; baseline 0.001 -17"><span class='ocrx_word' id='word_1_541' title='bbox 482 4293 602 4349; x_wconf 86' lang='lat' dir='ltr'><strong>per.</strong></span> <span class='ocrx_word' id='word_1_542' title='bbox 641 4295 661 4330; x_wconf 81' lang='grc'><strong>›</strong></span> <span class='ocrx_word' id='word_1_543' title='bbox 702 4275 932 4331; x_wconf 88' lang='lat' dir='ltr'><strong>Perinde</strong></span> <span class='ocrx_word' id='word_1_544' title='bbox 966 4274 1200 4333; x_wconf 80' lang='lat' dir='ltr'><strong>fortasse</strong></span> <span class='ocrx_word' id='word_1_545' title='bbox 1232 4291 1296 4332; x_wconf 84' lang='lat' dir='ltr'><strong>ac</strong></span> <span class='ocrx_word' id='word_1_546' title='bbox 1326 4277 1373 4331; x_wconf 91' lang='lat' dir='ltr'><strong>si</strong></span> <span class='ocrx_word' id='word_1_547' title='bbox 1409 4276 1559 4332; x_wconf 88' lang='lat' dir='ltr'><strong>dicat</strong></span> <span class='ocrx_word' id='word_1_548' title='bbox 1591 4296 1606 4332; x_wconf 90' lang='lat'><strong>:</strong></span> <span class='ocrx_word' id='word_1_549' title='bbox 1642 4278 1759 4334; x_wconf 84' lang='lat' dir='ltr'><strong>Hac</strong></span> <span class='ocrx_word' id='word_1_550' title='bbox 1794 4278 1860 4333; x_wconf 88' lang='lat' dir='ltr'><strong>de</strong></span> <span class='ocrx_word' id='word_1_551' title='bbox 1895 4294 2061 4334; x_wconf 87' lang='lat' dir='ltr'><strong>causa</strong></span> 
     </span>
    </p>
   </div>
   <div class='ocr_carea' id='block_1_71' title="bbox 2170 3084 3761 3157">
    <p class='ocr_par' dir='ltr' id='par_1_71' title="bbox 2170 3084 3761 3157">
     <span class='ocr_line' id='line_1_71' title="bbox 2170 3084 3761 3157; baseline -0.004 -14"><span class='ocrx_word' id='word_1_552' title='bbox 2170 3090 2395 3151; x_wconf 82' lang='grc' dir='ltr'>εἰκότως</span> <span class='ocrx_word' id='word_1_553' title='bbox 2426 3087 2509 3153; x_wconf 82' lang='grc' dir='ltr'><strong>τὸ,</strong></span> <span class='ocrx_word' id='word_1_554' title='bbox 2552 3106 2570 3139; x_wconf 81' lang='grc' dir='ltr'><strong>ι</strong></span> <span class='ocrx_word' id='word_1_555' title='bbox 2605 3087 2713 3141; x_wconf 75' lang='grc' dir='ltr'><strong>Καὶ</strong></span> <span class='ocrx_word' id='word_1_556' title='bbox 2743 3089 2808 3140; x_wconf 86' lang='grc' dir='ltr'><strong>σὺ</strong></span> <span class='ocrx_word' id='word_1_557' title='bbox 2839 3089 2895 3141; x_wconf 84' lang='grc' dir='ltr'><strong>ἐν</strong></span> <span class='ocrx_word' id='word_1_558' title='bbox 2926 3086 3044 3157; x_wconf 86' lang='grc' dir='ltr'>Θεῷ</span> <span class='ocrx_word' id='word_1_559' title='bbox 3079 3104 3173 3140; x_wconf 89' lang='grc' dir='ltr'><strong>σου</strong></span> <span class='ocrx_word' id='word_1_560' title='bbox 3206 3085 3573 3157; x_wconf 73' lang='grc' dir='ltr'>ἐπιδ-τρέψεις,</span> <span class='ocrx_word' id='word_1_561' title='bbox 3609 3104 3627 3137; x_wconf 73' lang='grc' dir='ltr'><strong>ι</strong></span> <span class='ocrx_word' id='word_1_562' title='bbox 3659 3084 3761 3137; x_wconf 75' lang='grc' dir='ltr'>ἀπο</span> 
     </span>
    </p>
   </div>
   <div class='ocr_carea' id='block_1_72' title="bbox 2171 3172 3759 3253">
    <p class='ocr_par' dir='ltr' id='par_1_72' title="bbox 2171 3172 3759 3253">
     <span class='ocr_line' id='line_1_72' title="bbox 2171 3172 3759 3253; baseline -0.004 -19"><span class='ocrx_word' id='word_1_563' title='bbox 2171 3180 2320 3253; x_wconf 85' lang='grc' dir='ltr'>ειλὴν</span> <span class='ocrx_word' id='word_1_564' title='bbox 2347 3179 2489 3251; x_wconf 78' lang='grc' dir='ltr'>ἔχον,</span> <span class='ocrx_word' id='word_1_565' title='bbox 2520 3178 2597 3243; x_wconf 89' lang='grc' dir='ltr'>ὡς</span> <span class='ocrx_word' id='word_1_566' title='bbox 2642 3178 2799 3247; x_wconf 78' lang='grc' dir='ltr'>ἔφην,</span> <span class='ocrx_word' id='word_1_567' title='bbox 2829 3178 3091 3249; x_wconf 83' lang='grc' dir='ltr'>χρησταῖς</span> <span class='ocrx_word' id='word_1_568' title='bbox 3125 3176 3450 3247; x_wconf 75' lang='grc' dir='ltr'>ὑποσχέσεσι</span> <span class='ocrx_word' id='word_1_569' title='bbox 3497 3172 3557 3229; x_wconf 82' lang='grc' dir='ltr'>εὖ</span> <span class='ocrx_word' id='word_1_570' title='bbox 3610 3174 3759 3246; x_wconf 77' lang='grc' dir='ltr'>μάλα</span> 
     </span>
    </p>
   </div>
   <div class='ocr_carea' id='block_1_73' title="bbox 2170 3264 3755 3343">
    <p class='ocr_par' dir='ltr' id='par_1_73' title="bbox 2170 3264 3755 3343">
     <span class='ocr_line' id='line_1_73' title="bbox 2170 3264 3755 3343; baseline -0.004 -17"><span class='ocrx_word' id='word_1_571' title='bbox 2170 3270 2607 3343; x_wconf 83' lang='grc' dir='ltr'>κεκερασμένην.</span> <span class='ocrx_word' id='word_1_572' title='bbox 2659 3264 2794 3322; x_wconf 79' lang='grc' dir='ltr'>Εἶτα</span> <span class='ocrx_word' id='word_1_573' title='bbox 2842 3268 3049 3330; x_wconf 77' lang='grc' dir='ltr'>λοιπὸν,</span> <span class='ocrx_word' id='word_1_574' title='bbox 3079 3268 3155 3332; x_wconf 85' lang='grc' dir='ltr'>ὡς</span> <span class='ocrx_word' id='word_1_575' title='bbox 3202 3267 3301 3339; x_wconf 74' lang='grc' dir='ltr'>ἤδη</span> <span class='ocrx_word' id='word_1_576' title='bbox 3354 3266 3755 3339; x_wconf 78' lang='grc' dir='ltr'>μαστιζομένῳ,</span> 
     </span>
    </p>
   </div>
   <div class='ocr_carea' id='block_1_74' title="bbox 2170 3359 3754 3432">
    <p class='ocr_par' dir='ltr' id='par_1_74' title="bbox 2170 3359 3754 3432">
     <span class='ocr_line' id='line_1_74' title="bbox 2170 3359 3754 3432; baseline -0.003 -15"><span class='ocrx_word' id='word_1_577' title='bbox 2170 3365 2264 3417; x_wconf 73' lang='grc' dir='ltr'><strong>καὶ</strong></span> <span class='ocrx_word' id='word_1_578' title='bbox 2291 3365 2349 3415; x_wconf 84' lang='grc' dir='ltr'><strong>ἐν</strong></span> <span class='ocrx_word' id='word_1_579' title='bbox 2377 3361 2528 3432; x_wconf 84' lang='grc' dir='ltr'>αὑτῷ</span> <span class='ocrx_word' id='word_1_580' title='bbox 2545 3360 2790 3430; x_wconf 87' lang='grc' dir='ltr'>γεγονότι</span> <span class='ocrx_word' id='word_1_581' title='bbox 2814 3359 2894 3431; x_wconf 87' lang='grc' dir='ltr'>τῷ</span> <span class='ocrx_word' id='word_1_582' title='bbox 2918 3359 3273 3430; x_wconf 83' lang='grc' dir='ltr'>πλήττεσθαι,</span> <span class='ocrx_word' id='word_1_583' title='bbox 3294 3359 3425 3424; x_wconf 68' lang='grc' dir='ltr'>Θεὸς</span> <span class='ocrx_word' id='word_1_584' title='bbox 3450 3361 3714 3428; x_wconf 85' lang='grc' dir='ltr'>ἐπιφωνεῖ</span> <span class='ocrx_word' id='word_1_585' title='bbox 3738 3375 3754 3387; x_wconf 76' lang='grc'><strong>⁸</strong></span> 
     </span>
    </p>
   </div>
   <div class='ocr_carea' id='block_1_75' title="bbox 2176 3450 3760 3523">
    <p class='ocr_par' dir='ltr' id='par_1_75' title="bbox 2176 3450 3760 3523">
     <span class='ocr_line' id='line_1_75' title="bbox 2176 3450 3760 3523; baseline 0.001 -18"><span class='ocrx_word' id='word_1_586' title='bbox 2176 3453 2401 3507; x_wconf 78' lang='grc' dir='ltr'>«Ἔλεον</span> <span class='ocrx_word' id='word_1_587' title='bbox 2436 3453 2533 3506; x_wconf 75' lang='grc' dir='ltr'><strong>καὶ</strong></span> <span class='ocrx_word' id='word_1_588' title='bbox 2560 3452 2737 3523; x_wconf 86' lang='grc' dir='ltr'>κρίμα</span> <span class='ocrx_word' id='word_1_589' title='bbox 2779 3452 3078 3521; x_wconf 83' lang='grc' dir='ltr'>φυλάσσου,</span> <span class='ocrx_word' id='word_1_590' title='bbox 3110 3451 3204 3504; x_wconf 73' lang='grc' dir='ltr'>καὶ</span> <span class='ocrx_word' id='word_1_591' title='bbox 3249 3450 3433 3521; x_wconf 77' lang='grc' dir='ltr'>ἐγγιζε</span> <span class='ocrx_word' id='word_1_592' title='bbox 3482 3450 3620 3520; x_wconf 80' lang='grc' dir='ltr'>πρὸς</span> <span class='ocrx_word' id='word_1_593' title='bbox 3663 3450 3760 3506; x_wconf 77' lang='grc' dir='ltr'><strong>τὸν</strong></span> 
     </span>
    </p>
   </div>
   <div class='ocr_carea' id='block_1_76' title="bbox 2170 3541 3757 3613">
    <p class='ocr_par' dir='ltr' id='par_1_76' title="bbox 2170 3541 3757 3613">
     <span class='ocr_line' id='line_1_76' title="bbox 2170 3541 3757 3613; baseline -0.001 -16"><span class='ocrx_word' id='word_1_594' title='bbox 2170 3543 2305 3597; x_wconf 83' lang='grc' dir='ltr'>Θεόν</span> <span class='ocrx_word' id='word_1_595' title='bbox 2327 3560 2419 3597; x_wconf 89' lang='grc' dir='ltr'><strong>σου</strong></span> <span class='ocrx_word' id='word_1_596' title='bbox 2446 3542 2759 3606; x_wconf 85' lang='grc' dir='ltr'>διαπαντός.</span> <span class='ocrx_word' id='word_1_597' title='bbox 2794 3543 3033 3613; x_wconf 74' lang='grc' dir='ltr'>»Ὠσπερ</span> <span class='ocrx_word' id='word_1_598' title='bbox 3061 3542 3169 3612; x_wconf 85' lang='grc' dir='ltr'><strong>γὰρ</strong></span> <span class='ocrx_word' id='word_1_599' title='bbox 3197 3541 3250 3594; x_wconf 76' lang='grc' dir='ltr'><strong>εί</strong></span> <span class='ocrx_word' id='word_1_600' title='bbox 3270 3559 3355 3605; x_wconf 88' lang='grc' dir='ltr'><strong>τις</strong></span> <span class='ocrx_word' id='word_1_601' title='bbox 3379 3541 3644 3613; x_wconf 77' lang='grc' dir='ltr'>δεσπότης</span> <span class='ocrx_word' id='word_1_602' title='bbox 3673 3544 3757 3595; x_wconf 81' lang='grc' dir='ltr'>οῖ-</span> 
     </span>
    </p>
   </div>
   <div class='ocr_carea' id='block_1_77' title="bbox 2171 3632 3760 3707">
    <p class='ocr_par' dir='ltr' id='par_1_77' title="bbox 2171 3632 3760 3707">
     <span class='ocr_line' id='line_1_77' title="bbox 2171 3632 3760 3707; baseline -0.001 -19"><span class='ocrx_word' id='word_1_603' title='bbox 2171 3635 2307 3707; x_wconf 81' lang='grc' dir='ltr'>κέτῃ</span> <span class='ocrx_word' id='word_1_604' title='bbox 2335 3633 2732 3705; x_wconf 82' lang='grc' dir='ltr'>παιδευομένῳ,</span> <span class='ocrx_word' id='word_1_605' title='bbox 2764 3633 2857 3687; x_wconf 78' lang='grc' dir='ltr'><strong>καὶ</strong></span> <span class='ocrx_word' id='word_1_606' title='bbox 2889 3634 2945 3686; x_wconf 86' lang='grc' dir='ltr'><strong>ἐν</strong></span> <span class='ocrx_word' id='word_1_607' title='bbox 2970 3632 3117 3703; x_wconf 81' lang='grc' dir='ltr'><strong>αὐτῷ</strong></span> <span class='ocrx_word' id='word_1_608' title='bbox 3150 3632 3506 3705; x_wconf 84' lang='grc' dir='ltr'>μαστίζεσθαι</span> <span class='ocrx_word' id='word_1_609' title='bbox 3535 3634 3760 3703; x_wconf 87' lang='grc' dir='ltr'>γεγονό-</span> 
     </span>
    </p>
   </div>
   <div class='ocr_carea' id='block_1_78' title="bbox 2169 3724 3755 3797">
    <p class='ocr_par' dir='ltr' id='par_1_78' title="bbox 2169 3724 3755 3797">
     <span class='ocr_line' id='line_1_78' title="bbox 2169 3724 3755 3797; baseline -0.001 -17"><span class='ocrx_word' id='word_1_610' title='bbox 2169 3745 2244 3791; x_wconf 89' lang='grc' dir='ltr'><strong>τι,</strong></span> <span class='ocrx_word' id='word_1_611' title='bbox 2267 3728 2413 3794; x_wconf 91' lang='grc' dir='ltr'>λέγοι</span> <span class='ocrx_word' id='word_1_612' title='bbox 2466 3727 2603 3797; x_wconf 80' lang='grc' dir='ltr'>μετὰ</span> <span class='ocrx_word' id='word_1_613' title='bbox 2642 3724 2857 3796; x_wconf 81' lang='grc' dir='ltr'>φειδοῦς</span> <span class='ocrx_word' id='word_1_614' title='bbox 2902 3743 2961 3779; x_wconf 89' lang='grc' dir='ltr'><strong>τε</strong></span> <span class='ocrx_word' id='word_1_615' title='bbox 3006 3725 3123 3796; x_wconf 75' lang='grc' dir='ltr'><strong>ἅμα</strong></span> <span class='ocrx_word' id='word_1_616' title='bbox 3172 3725 3265 3778; x_wconf 73' lang='grc' dir='ltr'>καὶ</span> <span class='ocrx_word' id='word_1_617' title='bbox 3312 3726 3755 3795; x_wconf 78' lang='grc' dir='ltr'>ἀγανακτήσεως,</span> 
     </span>
    </p>
   </div>
   <div class='ocr_carea' id='block_1_79' title="bbox 2172 3814 3755 3889">
    <p class='ocr_par' dir='ltr' id='par_1_79' title="bbox 2172 3814 3755 3889">
     <span class='ocr_line' id='line_1_79' title="bbox 2172 3814 3755 3889; baseline -0.003 -17"><span class='ocrx_word' id='word_1_618' title='bbox 2172 3817 2416 3888; x_wconf 81' lang='grc' dir='ltr'>Σώφρων</span> <span class='ocrx_word' id='word_1_619' title='bbox 2461 3818 2553 3871; x_wconf 77' lang='grc' dir='ltr'>ἔσο</span> <span class='ocrx_word' id='word_1_620' title='bbox 2603 3819 2699 3872; x_wconf 73' lang='grc' dir='ltr'><strong>καὶ</strong></span> <span class='ocrx_word' id='word_1_621' title='bbox 2746 3816 3025 3889; x_wconf 66' lang='grc' dir='ltr'>εὐπειθὴς,</span> <span class='ocrx_word' id='word_1_622' title='bbox 3052 3817 3146 3871; x_wconf 79' lang='grc' dir='ltr'><strong>καὶ</strong></span> <span class='ocrx_word' id='word_1_623' title='bbox 3193 3816 3268 3888; x_wconf 82' lang='grc' dir='ltr'><strong>μὴ</strong></span> <span class='ocrx_word' id='word_1_624' title='bbox 3317 3814 3647 3887; x_wconf 85' lang='grc' dir='ltr'>καταφρόνει</span> <span class='ocrx_word' id='word_1_625' title='bbox 3677 3814 3755 3868; x_wconf 76' lang='grc' dir='ltr'>δε·</span> 
     </span>
    </p>
   </div>
   <div class='ocr_carea' id='block_1_80' title="bbox 2172 3905 3763 3981">
    <p class='ocr_par' dir='ltr' id='par_1_80' title="bbox 2172 3905 3763 3981">
     <span class='ocr_line' id='line_1_80' title="bbox 2172 3905 3763 3981; baseline -0.003 -16"><span class='ocrx_word' id='word_1_626' title='bbox 2172 3910 2443 3965; x_wconf 86' lang='grc' dir='ltr'>σποτικῶν</span> <span class='ocrx_word' id='word_1_627' title='bbox 2472 3911 2838 3981; x_wconf 85' lang='grc' dir='ltr'>ἐνταλμάτων’</span> <span class='ocrx_word' id='word_1_628' title='bbox 2858 3910 2948 3964; x_wconf 82' lang='grc' dir='ltr'><strong>τὸν</strong></span> <span class='ocrx_word' id='word_1_629' title='bbox 2978 3909 3161 3973; x_wconf 75' lang='grc' dir='ltr'>αὑτὸν,</span> <span class='ocrx_word' id='word_1_630' title='bbox 3188 3905 3361 3979; x_wconf 81' lang='grc' dir='ltr'>οἶμαι,</span> <span class='ocrx_word' id='word_1_631' title='bbox 3383 3908 3585 3981; x_wconf 89' lang='grc' dir='ltr'>τρόπον</span> <span class='ocrx_word' id='word_1_632' title='bbox 3608 3909 3702 3962; x_wconf 75' lang='grc' dir='ltr'>καὶ</span> <span class='ocrx_word' id='word_1_633' title='bbox 3729 3910 3763 3961; x_wconf 74' lang='grc' dir='ltr'><strong>ὁ</strong></span> 
     </span>
    </p>
   </div>
   <div class='ocr_carea' id='block_1_81' title="bbox 2170 4000 3755 4075">
    <p class='ocr_par' dir='ltr' id='par_1_81' title="bbox 2170 4000 3755 4075">
     <span class='ocr_line' id='line_1_81' title="bbox 2170 4000 3755 4075; baseline -0.003 -18"><span class='ocrx_word' id='word_1_634' title='bbox 2170 4004 2282 4058; x_wconf 85' lang='grc' dir='ltr'><strong>τῶν</strong></span> <span class='ocrx_word' id='word_1_635' title='bbox 2311 4004 2447 4058; x_wconf 80' lang='grc' dir='ltr'>ὅλων</span> <span class='ocrx_word' id='word_1_636' title='bbox 2488 4004 2622 4067; x_wconf 81' lang='grc' dir='ltr'>Θεὸς</span> <span class='ocrx_word' id='word_1_637' title='bbox 2663 4004 2985 4075; x_wconf 86' lang='grc' dir='ltr'>τυπτομένῳ</span> <span class='ocrx_word' id='word_1_638' title='bbox 3017 4003 3217 4074; x_wconf 84' lang='grc' dir='ltr'>τρόπον</span> <span class='ocrx_word' id='word_1_639' title='bbox 3247 4001 3369 4057; x_wconf 79' lang='grc' dir='ltr'>τινὰ</span> <span class='ocrx_word' id='word_1_640' title='bbox 3389 4000 3469 4073; x_wconf 82' lang='grc' dir='ltr'>τῷ</span> <span class='ocrx_word' id='word_1_641' title='bbox 3491 4000 3755 4072; x_wconf 73' lang='grc' dir='ltr'>Ἐφραῒμ,</span> 
     </span>
    </p>
   </div>
   <div class='ocr_carea' id='block_1_82' title="bbox 2172 4092 3761 4166">
    <p class='ocr_par' dir='ltr' id='par_1_82' title="bbox 2172 4092 3761 4166">
     <span class='ocr_line' id='line_1_82' title="bbox 2172 4092 3761 4166; baseline -0.005 -17"><span class='ocrx_word' id='word_1_642' title='bbox 2172 4097 2267 4150; x_wconf 74' lang='grc' dir='ltr'><strong>καὶ</strong></span> <span class='ocrx_word' id='word_1_643' title='bbox 2296 4098 2419 4159; x_wconf 85' lang='grc' dir='ltr'>ταῖς</span> <span class='ocrx_word' id='word_1_644' title='bbox 2446 4096 2540 4149; x_wconf 86' lang='grc' dir='ltr'><strong>τοῦ</strong></span> <span class='ocrx_word' id='word_1_645' title='bbox 2574 4096 2812 4166; x_wconf 88' lang='grc' dir='ltr'>πολέμου</span> <span class='ocrx_word' id='word_1_646' title='bbox 2846 4095 3154 4166; x_wconf 82' lang='grc' dir='ltr'>συμφοραῖς</span> <span class='ocrx_word' id='word_1_647' title='bbox 3192 4092 3633 4163; x_wconf 83' lang='grc' dir='ltr'>ἐκπαιδευομένῳ</span> <span class='ocrx_word' id='word_1_648' title='bbox 3659 4109 3761 4162; x_wconf 72' lang='grc' dir='ltr'>φη.</span> 
     </span>
    </p>
   </div>
   <div class='ocr_carea' id='block_1_83' title="bbox 2174 4185 3762 4259">
    <p class='ocr_par' dir='ltr' id='par_1_83' title="bbox 2174 4185 3762 4259">
     <span class='ocr_line' id='line_1_83' title="bbox 2174 4185 3762 4259; baseline -0.003 -17"><span class='ocrx_word' id='word_1_649' title='bbox 2174 4189 2280 4242; x_wconf 89' lang='grc' dir='ltr'>σίν·</span> <span class='ocrx_word' id='word_1_650' title='bbox 2340 4188 2563 4241; x_wconf 76' lang='grc' dir='ltr'>«Ἔλεον</span> <span class='ocrx_word' id='word_1_651' title='bbox 2592 4190 2685 4243; x_wconf 72' lang='grc' dir='ltr'><strong>καὶ</strong></span> <span class='ocrx_word' id='word_1_652' title='bbox 2727 4188 2902 4259; x_wconf 87' lang='grc' dir='ltr'>κρίμα</span> <span class='ocrx_word' id='word_1_653' title='bbox 2946 4187 3242 4255; x_wconf 86' lang='grc' dir='ltr'>φυλάσσου,</span> <span class='ocrx_word' id='word_1_654' title='bbox 3277 4187 3370 4240; x_wconf 74' lang='grc' dir='ltr'><strong>καὶ</strong></span> <span class='ocrx_word' id='word_1_655' title='bbox 3406 4185 3591 4254; x_wconf 78' lang='grc' dir='ltr'>ἐγγιζε</span> <span class='ocrx_word' id='word_1_656' title='bbox 3618 4185 3762 4255; x_wconf 82' lang='grc' dir='ltr'>πρὸς</span> 
     </span>
    </p>
   </div>
   <div class='ocr_carea' id='block_1_84' title="bbox 2172 4273 3753 4348">
    <p class='ocr_par' dir='ltr' id='par_1_84' title="bbox 2172 4273 3753 4348">
     <span class='ocr_line' id='line_1_84' title="bbox 2172 4273 3753 4348; baseline -0.004 -15"><span class='ocrx_word' id='word_1_657' title='bbox 2172 4280 2264 4333; x_wconf 73' lang='grc' dir='ltr'>τὸν</span> <span class='ocrx_word' id='word_1_658' title='bbox 2291 4278 2423 4333; x_wconf 81' lang='grc' dir='ltr'>Θεόν</span> <span class='ocrx_word' id='word_1_659' title='bbox 2455 4296 2548 4332; x_wconf 89' lang='grc' dir='ltr'><strong>σου</strong></span> <span class='ocrx_word' id='word_1_660' title='bbox 2575 4278 2887 4341; x_wconf 84' lang='grc' dir='ltr'>διαπαντός.</span> <span class='ocrx_word' id='word_1_661' title='bbox 2930 4277 3186 4348; x_wconf 78' lang='grc' dir='ltr'>»Ὅμοιον</span> <span class='ocrx_word' id='word_1_662' title='bbox 3211 4277 3286 4339; x_wconf 86' lang='grc' dir='ltr'>ὡς</span> <span class='ocrx_word' id='word_1_663' title='bbox 3308 4276 3359 4329; x_wconf 86' lang='grc' dir='ltr'><strong>εί</strong></span> <span class='ocrx_word' id='word_1_664' title='bbox 3381 4274 3533 4343; x_wconf 90' lang='grc' dir='ltr'>λέγοι</span> <span class='ocrx_word' id='word_1_665' title='bbox 3556 4273 3720 4344; x_wconf 86' lang='grc' dir='ltr'>τυχόν</span> <span class='ocrx_word' id='word_1_666' title='bbox 3737 4291 3753 4304; x_wconf 87' lang='grc'><strong>·</strong></span> 
     </span>
    </p>
   </div>
   <div class='ocr_carea' id='block_1_85' title="bbox 482 4364 2066 4457">
    <p class='ocr_par' dir='ltr' id='par_1_85' title="bbox 482 4370 2061 4440">
     <span class='ocr_line' id='line_1_85' title="bbox 482 4370 2061 4440; baseline -0.001 -13"><span class='ocrx_word' id='word_1_667' title='bbox 482 4371 624 4427; x_wconf 85' lang='lat' dir='ltr'><strong>scito</strong></span> <span class='ocrx_word' id='word_1_668' title='bbox 665 4378 719 4425; x_wconf 90' lang='lat' dir='ltr'><strong>te</strong></span> <span class='ocrx_word' id='word_1_669' title='bbox 760 4371 999 4440; x_wconf 88' lang='lat' dir='ltr'><strong>percuti,</strong></span> <span class='ocrx_word' id='word_1_670' title='bbox 1044 4370 1174 4440; x_wconf 87' lang='lat' dir='ltr'><strong>quia</strong></span> <span class='ocrx_word' id='word_1_671' title='bbox 1241 4385 1345 4424; x_wconf 91' lang='lat' dir='ltr'><strong>non</strong></span> <span class='ocrx_word' id='word_1_672' title='bbox 1409 4371 1693 4426; x_wconf 88' lang='lat' dir='ltr'><strong>custodisti</strong></span> <span class='ocrx_word' id='word_1_673' title='bbox 1745 4387 1846 4426; x_wconf 90' lang='lat' dir='ltr'><strong>nec</strong></span> <span class='ocrx_word' id='word_1_674' title='bbox 1884 4373 2061 4440; x_wconf 74' lang='lat' dir='ltr'><strong>magni</strong></span> 
     </span>
    </p>
   </div>
   <div class='ocr_carea' id='block_1_86' title="bbox 2169 4364 3758 4457">
    <p class='ocr_par' dir='ltr' id='par_1_86' title="bbox 2175 4364 3758 4443">
     <span class='ocr_line' id='line_1_86' title="bbox 2175 4364 3758 4443; baseline -0.003 -18"><span class='ocrx_word' id='word_1_675' title='bbox 2175 4373 2391 4443; x_wconf 70' lang='grc' dir='ltr'>Ταύτης</span> <span class='ocrx_word' id='word_1_676' title='bbox 2436 4372 2601 4427; x_wconf 72' lang='grc' dir='ltr'>ἕνεκα</span> <span class='ocrx_word' id='word_1_677' title='bbox 2644 4371 2746 4441; x_wconf 85' lang='grc' dir='ltr'>τῆς</span> <span class='ocrx_word' id='word_1_678' title='bbox 2794 4371 2974 4433; x_wconf 70' lang='grc' dir='ltr'>αἰτίας</span> <span class='ocrx_word' id='word_1_679' title='bbox 3003 4369 3113 4423; x_wconf 85' lang='grc' dir='ltr'>ῖσθι</span> <span class='ocrx_word' id='word_1_680' title='bbox 3152 4368 3537 4440; x_wconf 86' lang='grc' dir='ltr'>πληττόμενος,</span> <span class='ocrx_word' id='word_1_681' title='bbox 3566 4366 3649 4420; x_wconf 83' lang='grc' dir='ltr'>ὅτι</span> <span class='ocrx_word' id='word_1_682' title='bbox 3680 4364 3758 4436; x_wconf 83' lang='grc' dir='ltr'>μὴ</span> 
     </span>
    </p>
   </div>
   <div class='ocr_carea' id='block_1_87' title="bbox 481 4460 2061 4532">
    <p class='ocr_par' dir='ltr' id='par_1_87' title="bbox 481 4460 2061 4532">
     <span class='ocr_line' id='line_1_87' title="bbox 481 4460 2061 4532; baseline 0.001 -16"><span class='ocrx_word' id='word_1_683' title='bbox 481 4461 682 4516; x_wconf 84' lang='lat' dir='ltr'><strong>duxisti</strong></span> <span class='ocrx_word' id='word_1_684' title='bbox 730 4476 850 4530; x_wconf 77' lang='lat' dir='ltr'><strong>qua-</strong></span> <span class='ocrx_word' id='word_1_685' title='bbox 876 4460 1004 4514; x_wconf 85' lang='lat' dir='ltr'><strong>mihi</strong></span> <span class='ocrx_word' id='word_1_686' title='bbox 1033 4471 1183 4532; x_wconf 80' lang='lat' dir='ltr'><strong>grata</strong></span> <span class='ocrx_word' id='word_1_687' title='bbox 1214 4469 1341 4514; x_wconf 90' lang='lat' dir='ltr'><strong>sunt</strong></span> <span class='ocrx_word' id='word_1_688' title='bbox 1366 4470 1419 4515; x_wconf 91' lang='lat' dir='ltr'><strong>et</strong></span> <span class='ocrx_word' id='word_1_689' title='bbox 1448 4461 1663 4516; x_wconf 90' lang='lat' dir='ltr'><strong>dilecta.</strong></span> <span class='ocrx_word' id='word_1_690' title='bbox 1690 4461 2061 4519; x_wconf 81' lang='lat' dir='ltr'><strong>Misericordia</strong></span> 
     </span>
    </p>
   </div>
   <div class='ocr_carea' id='block_1_88' title="bbox 484 4551 2070 4623">
    <p class='ocr_par' dir='ltr' id='par_1_88' title="bbox 484 4551 2070 4623">
     <span class='ocr_line' id='line_1_88' title="bbox 484 4551 2070 4623; baseline 0.002 -16"><span class='ocrx_word' id='word_1_691' title='bbox 484 4554 653 4623; x_wconf 89' lang='lat' dir='ltr'><strong>igitur</strong></span> <span class='ocrx_word' id='word_1_692' title='bbox 687 4553 1030 4608; x_wconf 88' lang='lat' dir='ltr'><strong>dilectionem</strong></span> <span class='ocrx_word' id='word_1_693' title='bbox 1073 4552 1374 4622; x_wconf 82' lang='lat' dir='ltr'><strong>signiﬁcat,</strong></span> <span class='ocrx_word' id='word_1_694' title='bbox 1420 4571 1438 4604; x_wconf 79' lang='grc' dir='ltr'><strong>ι</strong></span> <span class='ocrx_word' id='word_1_695' title='bbox 1490 4551 1719 4610; x_wconf 90' lang='lat' dir='ltr'><strong>Dilectio</strong></span> <span class='ocrx_word' id='word_1_696' title='bbox 1760 4562 1940 4610; x_wconf 91' lang='lat' dir='ltr'><strong>autem</strong></span> <span class='ocrx_word' id='word_1_697' title='bbox 1985 4564 2070 4612; x_wconf 88' lang='lat' dir='ltr'><strong>est</strong></span> 
     </span>
    </p>
   </div>
   <div class='ocr_carea' id='block_1_89' title="bbox 483 4646 2068 4716">
    <p class='ocr_par' dir='ltr' id='par_1_89' title="bbox 483 4646 2068 4716">
     <span class='ocr_line' id='line_1_89' title="bbox 483 4646 2068 4716; baseline 0.003 -16"><span class='ocrx_word' id='word_1_698' title='bbox 483 4646 621 4716; x_wconf 89' lang='lat' dir='ltr'><strong>legis</strong></span> <span class='ocrx_word' id='word_1_699' title='bbox 659 4646 934 4716; x_wconf 90' lang='lat' dir='ltr'><strong>plenitudo</strong></span> <span class='ocrx_word' id='word_1_700' title='bbox 956 4646 1004 4678; x_wconf 83' lang='grc'><strong>⁸³</strong></span> <span class='ocrx_word' id='word_1_701' title='bbox 1044 4662 1060 4699; x_wconf 89' lang='lat'>:</span> <span class='ocrx_word' id='word_1_702' title='bbox 1109 4665 1129 4699; x_wconf 77' lang='grc' dir='ltr'><strong>ι</strong></span> <span class='ocrx_word' id='word_1_703' title='bbox 1172 4646 1423 4714; x_wconf 87' lang='lat' dir='ltr'><strong>proximo</strong></span> <span class='ocrx_word' id='word_1_704' title='bbox 1463 4646 1609 4701; x_wconf 91' lang='lat' dir='ltr'><strong>enim</strong></span> <span class='ocrx_word' id='word_1_705' title='bbox 1659 4666 1677 4700; x_wconf 75' lang='grc' dir='ltr'><strong>ι</strong></span> <span class='ocrx_word' id='word_1_706' title='bbox 1726 4646 1920 4701; x_wconf 84' lang='lat' dir='ltr'><strong>Malum</strong></span> <span class='ocrx_word' id='word_1_707' title='bbox 1962 4664 2068 4704; x_wconf 92' lang='lat' dir='ltr'><strong>non</strong></span> 
     </span>
    </p>
   </div>
   <div class='ocr_carea' id='block_1_90' title="bbox 483 4736 2071 4806">
    <p class='ocr_par' dir='ltr' id='par_1_90' title="bbox 483 4736 2071 4806">
     <span class='ocr_line' id='line_1_90' title="bbox 483 4736 2071 4806; baseline 0.003 -16"><span class='ocrx_word' id='word_1_708' title='bbox 483 4747 742 4806; x_wconf 83' lang='lat' dir='ltr'><strong>operatur</strong></span> <span class='ocrx_word' id='word_1_709' title='bbox 762 4738 831 4801; x_wconf 72' lang='grc'>⁸⁸,</span> <span class='ocrx_word' id='word_1_710' title='bbox 875 4755 895 4789; x_wconf 73' lang='grc' dir='ltr'><strong>ι</strong></span> <span class='ocrx_word' id='word_1_711' title='bbox 936 4745 996 4792; x_wconf 84' lang='grc' dir='ltr'><strong>ιιι</strong></span> <span class='ocrx_word' id='word_1_712' title='bbox 1032 4736 1223 4790; x_wconf 90' lang='lat' dir='ltr'><strong>beatus</strong></span> <span class='ocrx_word' id='word_1_713' title='bbox 1260 4736 1464 4793; x_wconf 87' lang='lat' dir='ltr'><strong>Paulus</strong></span> <span class='ocrx_word' id='word_1_714' title='bbox 1499 4738 1595 4795; x_wconf 88' lang='lat' dir='ltr'><strong>ait.</strong></span> <span class='ocrx_word' id='word_1_715' title='bbox 1632 4738 1903 4794; x_wconf 87' lang='lat' dir='ltr'><strong>Judicium</strong></span> <span class='ocrx_word' id='word_1_716' title='bbox 1943 4754 2071 4795; x_wconf 87' lang='lat' dir='ltr'><strong>vero</strong></span> 
     </span>
    </p>
   </div>
   <div class='ocr_carea' id='block_1_91' title="bbox 482 4827 2069 4902">
    <p class='ocr_par' dir='ltr' id='par_1_91' title="bbox 482 4827 2069 4902">
     <span class='ocr_line' id='line_1_91' title="bbox 482 4827 2069 4902; baseline 0.006 -25"><span class='ocrx_word' id='word_1_717' title='bbox 482 4827 687 4896; x_wconf 86' lang='lat' dir='ltr'><strong>justam</strong></span> <span class='ocrx_word' id='word_1_718' title='bbox 720 4827 1011 4891; x_wconf 89' lang='lat' dir='ltr'><strong>actionem,</strong></span> <span class='ocrx_word' id='word_1_719' title='bbox 1044 4830 1158 4882; x_wconf 90' lang='lat' dir='ltr'><strong>sive</strong></span> <span class='ocrx_word' id='word_1_720' title='bbox 1184 4828 1473 4896; x_wconf 90' lang='lat' dir='ltr'><strong>justitiam,</strong></span> <span class='ocrx_word' id='word_1_721' title='bbox 1506 4841 1562 4885; x_wconf 87' lang='lat' dir='ltr'><strong>et</strong></span> <span class='ocrx_word' id='word_1_722' title='bbox 1588 4831 1782 4886; x_wconf 67' lang='lat' dir='ltr'><strong>divinae</strong></span> <span class='ocrx_word' id='word_1_723' title='bbox 1811 4831 1946 4902; x_wconf 85' lang='lat' dir='ltr'><strong>legis</strong></span> <span class='ocrx_word' id='word_1_724' title='bbox 1971 4846 2069 4886; x_wconf 85' lang='lat' dir='ltr'><strong>vo-</strong></span> 
     </span>
    </p>
   </div>
   <div class='ocr_carea' id='block_1_92' title="bbox 484 4917 2075 4987">
    <p class='ocr_par' dir='ltr' id='par_1_92' title="bbox 484 4917 2075 4987">
     <span class='ocr_line' id='line_1_92' title="bbox 484 4917 2075 4987; baseline 0.006 -16"><span class='ocrx_word' id='word_1_725' title='bbox 484 4917 818 4987; x_wconf 85' lang='lat' dir='ltr'><strong>lnutatisque</strong></span> <span class='ocrx_word' id='word_1_726' title='bbox 850 4919 1308 4975; x_wconf 77' lang='lat' dir='ltr'><strong>observationem.</strong></span> <span class='ocrx_word' id='word_1_727' title='bbox 1338 4920 1608 4977; x_wconf 89' lang='lat' dir='ltr'><strong>Judicium</strong></span> <span class='ocrx_word' id='word_1_728' title='bbox 1642 4924 1785 4979; x_wconf 88' lang='lat' dir='ltr'><strong>enim</strong></span> <span class='ocrx_word' id='word_1_729' title='bbox 1822 4939 1849 4975; x_wconf 90' lang='lat' dir='ltr'><strong>a</strong></span> <span class='ocrx_word' id='word_1_730' title='bbox 1885 4924 2075 4979; x_wconf 81' lang='lat' dir='ltr'><strong>divina</strong></span> 
     </span>
    </p>
   </div>
   <div class='ocr_carea' id='block_1_93' title="bbox 487 5008 2071 5083">
    <p class='ocr_par' dir='ltr' id='par_1_93' title="bbox 487 5008 2071 5083">
     <span class='ocr_line' id='line_1_93' title="bbox 487 5008 2071 5083; baseline 0.004 -19"><span class='ocrx_word' id='word_1_731' title='bbox 487 5009 772 5078; x_wconf 84' lang='lat' dir='ltr'><strong>Scriptura</strong></span> <span class='ocrx_word' id='word_1_732' title='bbox 816 5008 905 5063; x_wconf 86' lang='lat' dir='ltr'><strong>lex</strong></span> <span class='ocrx_word' id='word_1_733' title='bbox 950 5019 1193 5064; x_wconf 84' lang='lat' dir='ltr'><strong>vocatur.</strong></span> <span class='ocrx_word' id='word_1_734' title='bbox 1240 5012 1689 5083; x_wconf 85' lang='lat' dir='ltr'><strong>Appropinquare</strong></span> <span class='ocrx_word' id='word_1_735' title='bbox 1735 5023 1914 5070; x_wconf 89' lang='lat' dir='ltr'><strong>autem</strong></span> <span class='ocrx_word' id='word_1_736' title='bbox 1959 5013 2071 5070; x_wconf 84' lang='lat' dir='ltr'><strong>Deo</strong></span> 
     </span>
    </p>
   </div>
   <div class='ocr_carea' id='block_1_94' title="bbox 485 5102 2072 5177">
    <p class='ocr_par' dir='ltr' id='par_1_94' title="bbox 485 5102 2072 5177">
     <span class='ocr_line' id='line_1_94' title="bbox 485 5102 2072 5177; baseline 0.003 -19"><span class='ocrx_word' id='word_1_737' title='bbox 485 5116 720 5172; x_wconf 86' lang='lat' dir='ltr'><strong>semper,</strong></span> <span class='ocrx_word' id='word_1_738' title='bbox 749 5102 1059 5174; x_wconf 73' lang='lat' dir='ltr'><strong>significare</strong></span> <span class='ocrx_word' id='word_1_739' title='bbox 1086 5113 1261 5172; x_wconf 89' lang='lat' dir='ltr'><strong>potest</strong></span> <span class='ocrx_word' id='word_1_740' title='bbox 1288 5105 1561 5160; x_wconf 87' lang='lat' dir='ltr'><strong>sincerum</strong></span> <span class='ocrx_word' id='word_1_741' title='bbox 1590 5107 1787 5161; x_wconf 88' lang='lat' dir='ltr'><strong>mentis</strong></span> <span class='ocrx_word' id='word_1_742' title='bbox 1814 5107 1866 5162; x_wconf 88' lang='lat' dir='ltr'><strong>in</strong></span> <span class='ocrx_word' id='word_1_743' title='bbox 1897 5108 2072 5177; x_wconf 87' lang='lat' dir='ltr'><strong>ipsum</strong></span> 
     </span>
    </p>
   </div>
   <div class='ocr_carea' id='block_1_95' title="bbox 490 5192 2077 5258">
    <p class='ocr_par' dir='ltr' id='par_1_95' title="bbox 490 5192 2077 5258">
     <span class='ocr_line' id='line_1_95' title="bbox 490 5192 2077 5258; baseline 0.003 -11"><span class='ocrx_word' id='word_1_744' title='bbox 490 5193 820 5247; x_wconf 90' lang='lat' dir='ltr'><strong>desiderium</strong></span> <span class='ocrx_word' id='word_1_745' title='bbox 858 5200 912 5246; x_wconf 91' lang='lat' dir='ltr'><strong>et</strong></span> <span class='ocrx_word' id='word_1_746' title='bbox 944 5192 1373 5258; x_wconf 90' lang='lat' dir='ltr'><strong>inclinationem,</strong></span> <span class='ocrx_word' id='word_1_747' title='bbox 1408 5203 1465 5248; x_wconf 91' lang='lat' dir='ltr'><strong>et</strong></span> <span class='ocrx_word' id='word_1_748' title='bbox 1496 5195 1793 5250; x_wconf 89' lang='lat' dir='ltr'><strong>abhorrere</strong></span> <span class='ocrx_word' id='word_1_749' title='bbox 1851 5196 1921 5250; x_wconf 88' lang='lat' dir='ltr'><strong>ab</strong></span> <span class='ocrx_word' id='word_1_750' title='bbox 1954 5195 2077 5251; x_wconf 87' lang='lat' dir='ltr'><strong>aliis</strong></span> 
     </span>
    </p>
   </div>
   <div class='ocr_carea' id='block_1_96' title="bbox 489 5284 2077 5351">
    <p class='ocr_par' dir='ltr' id='par_1_96' title="bbox 489 5284 2077 5351">
     <span class='ocr_line' id='line_1_96' title="bbox 489 5284 2077 5351; baseline 0.003 -17"><span class='ocrx_word' id='word_1_751' title='bbox 489 5285 580 5351; x_wconf 87' lang='lat' dir='ltr'><strong>qui</strong></span> <span class='ocrx_word' id='word_1_752' title='bbox 622 5300 727 5337; x_wconf 87' lang='lat' dir='ltr'><strong>non</strong></span> <span class='ocrx_word' id='word_1_753' title='bbox 767 5293 892 5337; x_wconf 87' lang='lat' dir='ltr'><strong>sunt</strong></span> <span class='ocrx_word' id='word_1_754' title='bbox 923 5284 1019 5350; x_wconf 88' lang='lat' dir='ltr'><strong>dii,</strong></span> <span class='ocrx_word' id='word_1_755' title='bbox 1056 5293 1147 5337; x_wconf 91' lang='lat' dir='ltr'><strong>aut</strong></span> <span class='ocrx_word' id='word_1_756' title='bbox 1182 5300 1212 5337; x_wconf 90' lang='lat' dir='ltr'><strong>a</strong></span> <span class='ocrx_word' id='word_1_757' title='bbox 1248 5293 1493 5339; x_wconf 83' lang='lat' dir='ltr'><strong>creatura</strong></span> <span class='ocrx_word' id='word_1_758' title='bbox 1529 5284 1689 5349; x_wconf 78' lang='lat' dir='ltr'><strong>forte,</strong></span> <span class='ocrx_word' id='word_1_759' title='bbox 1728 5295 1823 5341; x_wconf 89' lang='lat' dir='ltr'><strong>aut</strong></span> <span class='ocrx_word' id='word_1_760' title='bbox 1860 5295 2007 5342; x_wconf 89' lang='lat' dir='ltr'><strong>certe</strong></span> <span class='ocrx_word' id='word_1_761' title='bbox 2044 5301 2077 5339; x_wconf 87' lang='lat' dir='ltr'><strong>a</strong></span> 
     </span>
    </p>
   </div>
   <div class='ocr_carea' id='block_1_97' title="bbox 493 5376 2079 5449">
    <p class='ocr_par' dir='ltr' id='par_1_97' title="bbox 493 5376 2079 5449">
     <span class='ocr_line' id='line_1_97' title="bbox 493 5376 2079 5449; baseline 0.005 -23"><span class='ocrx_word' id='word_1_762' title='bbox 493 5377 655 5447; x_wconf 81' lang='lat' dir='ltr'><strong>lignis</strong></span> <span class='ocrx_word' id='word_1_763' title='bbox 703 5385 758 5432; x_wconf 81' lang='lat' dir='ltr'><strong>et</strong></span> <span class='ocrx_word' id='word_1_764' title='bbox 808 5376 1097 5446; x_wconf 80' lang='lat' dir='ltr'><strong>lapidibus.</strong></span> <span class='ocrx_word' id='word_1_765' title='bbox 1140 5378 1611 5449; x_wconf 85' lang='lat' dir='ltr'><strong>Appropinquabit</strong></span> <span class='ocrx_word' id='word_1_766' title='bbox 1653 5393 1781 5433; x_wconf 83' lang='lat' dir='ltr'><strong>vero</strong></span> <span class='ocrx_word' id='word_1_767' title='bbox 1830 5377 1975 5445; x_wconf 89' lang='lat' dir='ltr'><strong>Deo,</strong></span> <span class='ocrx_word' id='word_1_768' title='bbox 2022 5388 2079 5434; x_wconf 86' lang='lat' dir='ltr'><strong>et</strong></span> 
     </span>
    </p>
   </div>
   <div class='ocr_carea' id='block_1_98' title="bbox 498 5469 2075 5542">
    <p class='ocr_par' dir='ltr' id='par_1_98' title="bbox 498 5469 2075 5542">
     <span class='ocr_line' id='line_1_98' title="bbox 498 5469 2075 5542; baseline 0.006 -23"><span class='ocrx_word' id='word_1_769' title='bbox 498 5482 663 5535; x_wconf 85' lang='lat' dir='ltr'><strong>prope</strong></span> <span class='ocrx_word' id='word_1_770' title='bbox 694 5469 803 5524; x_wconf 91' lang='lat' dir='ltr'><strong>erit</strong></span> <span class='ocrx_word' id='word_1_771' title='bbox 838 5472 1135 5526; x_wconf 89' lang='lat' dir='ltr'><strong>secundum</strong></span> <span class='ocrx_word' id='word_1_772' title='bbox 1170 5472 1443 5537; x_wconf 88' lang='lat' dir='ltr'><strong>aﬂectum,</strong></span> <span class='ocrx_word' id='word_1_773' title='bbox 1476 5471 1565 5541; x_wconf 85' lang='lat' dir='ltr'><strong>qui</strong></span> <span class='ocrx_word' id='word_1_774' title='bbox 1601 5479 1655 5524; x_wconf 92' lang='lat' dir='ltr'><strong>ct</strong></span> <span class='ocrx_word' id='word_1_775' title='bbox 1690 5472 1871 5542; x_wconf 82' lang='lat' dir='ltr'><strong>probis</strong></span> <span class='ocrx_word' id='word_1_776' title='bbox 1902 5472 2075 5527; x_wconf 90' lang='lat' dir='ltr'><strong>actio-</strong></span> 
     </span>
    </p>
   </div>
   <div class='ocr_carea' id='block_1_99' title="bbox 505 5558 2075 5634">
    <p class='ocr_par' dir='ltr' id='par_1_99' title="bbox 505 5558 2075 5634">
     <span class='ocr_line' id='line_1_99' title="bbox 505 5558 2075 5634; baseline 0.006 -23"><span class='ocrx_word' id='word_1_777' title='bbox 505 5558 662 5613; x_wconf 83' lang='lat' dir='ltr'><strong>nibus</strong></span> <span class='ocrx_word' id='word_1_778' title='bbox 684 5560 948 5619; x_wconf 79' lang='lat' dir='ltr'><strong>excellere</strong></span> <span class='ocrx_word' id='word_1_779' title='bbox 971 5567 1146 5630; x_wconf 76' lang='lat' dir='ltr'><strong>novit,</strong></span> <span class='ocrx_word' id='word_1_780' title='bbox 1172 5573 1225 5619; x_wconf 88' lang='lat' dir='ltr'><strong>et</strong></span> <span class='ocrx_word' id='word_1_781' title='bbox 1247 5563 1614 5634; x_wconf 87' lang='lat' dir='ltr'><strong>incorruptam</strong></span> <span class='ocrx_word' id='word_1_782' title='bbox 1639 5561 1692 5617; x_wconf 92' lang='lat' dir='ltr'><strong>in</strong></span> <span class='ocrx_word' id='word_1_783' title='bbox 1718 5563 1894 5634; x_wconf 89' lang='lat' dir='ltr'><strong>seipso</strong></span> <span class='ocrx_word' id='word_1_784' title='bbox 1918 5564 2075 5620; x_wconf 83' lang='lat' dir='ltr'><strong>tidem</strong></span> 
     </span>
    </p>
   </div>
   <div class='ocr_carea' id='block_1_100' title="bbox 588 5737 1674 5827">
    <p class='ocr_par' dir='ltr' id='par_1_100' title="bbox 588 5737 1674 5827">
     <span class='ocr_line' id='line_1_100' title="bbox 588 5737 1674 5827; baseline 0.004 -33"><span class='ocrx_word' id='word_1_785' title='bbox 588 5737 635 5772; x_wconf 82' lang='grc'><strong>³³</strong></span> <span class='ocrx_word' id='word_1_786' title='bbox 678 5739 832 5827; x_wconf 80' lang='lat' dir='ltr'><strong>Rom.</strong></span> <span class='ocrx_word' id='word_1_787' title='bbox 866 5759 985 5811; x_wconf 86' lang='lat' dir='ltr'><strong>xm,</strong></span> <span class='ocrx_word' id='word_1_788' title='bbox 1020 5744 1101 5799; x_wconf 78' lang='lat'><strong>10.</strong></span> <span class='ocrx_word' id='word_1_789' title='bbox 1180 5747 1224 5777; x_wconf 79' lang='lat'><strong>°&quot;</strong></span> <span class='ocrx_word' id='word_1_790' title='bbox 1270 5744 1436 5802; x_wconf 83' lang='lat' dir='ltr'><strong>lCur.</strong></span> <span class='ocrx_word' id='word_1_791' title='bbox 1472 5760 1588 5812; x_wconf 82' lang='lat' dir='ltr'><strong>xm,</strong></span> <span class='ocrx_word' id='word_1_792' title='bbox 1622 5744 1674 5798; x_wconf 79' lang='lat'><strong>5.</strong></span> 
     </span>
    </p>
   </div>
   <div class='ocr_carea' id='block_1_101' title="bbox 2167 4458 3760 4533">
    <p class='ocr_par' dir='ltr' id='par_1_101' title="bbox 2167 4458 3760 4533">
     <span class='ocr_line' id='line_1_101' title="bbox 2167 4458 3760 4533; baseline -0.006 -16"><span class='ocrx_word' id='word_1_793' title='bbox 2167 4464 2437 4533; x_wconf 76' lang='grc' dir='ltr'>ἐφυλάξιιι,</span> <span class='ocrx_word' id='word_1_794' title='bbox 2473 4463 2607 4533; x_wconf 86' lang='grc' dir='ltr'><strong>μηδέ</strong></span> <span class='ocrx_word' id='word_1_795' title='bbox 2634 4461 2939 4533; x_wconf 87' lang='grc' dir='ltr'>τετίμηκας</span> <span class='ocrx_word' id='word_1_796' title='bbox 2964 4461 3033 4515; x_wconf 74' lang='grc' dir='ltr'><strong>τά</strong></span> <span class='ocrx_word' id='word_1_797' title='bbox 3086 4461 3211 4531; x_wconf 68' lang='grc' dir='ltr'><strong>ἐμολ⁸</strong></span> <span class='ocrx_word' id='word_1_798' title='bbox 3240 4460 3366 4530; x_wconf 91' lang='grc' dir='ltr'>φίλα</span> <span class='ocrx_word' id='word_1_799' title='bbox 3401 4458 3496 4513; x_wconf 75' lang='grc' dir='ltr'>καὶ</span> <span class='ocrx_word' id='word_1_800' title='bbox 3540 4459 3760 4526; x_wconf 79' lang='grc' dir='ltr'>ἠγαπη-</span> 
     </span>
    </p>
   </div>
   <div class='ocr_carea' id='block_1_102' title="bbox 2170 4546 3758 4624">
    <p class='ocr_par' dir='ltr' id='par_1_102' title="bbox 2170 4546 3758 4624">
     <span class='ocr_line' id='line_1_102' title="bbox 2170 4546 3758 4624; baseline -0.004 -18"><span class='ocrx_word' id='word_1_801' title='bbox 2170 4553 2325 4623; x_wconf 81' lang='grc' dir='ltr'>μένα.</span> <span class='ocrx_word' id='word_1_802' title='bbox 2359 4554 2432 4607; x_wconf 83' lang='grc' dir='ltr'><strong>Τὸ</strong></span> <span class='ocrx_word' id='word_1_803' title='bbox 2473 4553 2572 4624; x_wconf 80' lang='grc' dir='ltr'>μὲν</span> <span class='ocrx_word' id='word_1_804' title='bbox 2598 4547 2692 4606; x_wconf 85' lang='grc' dir='ltr'><strong>οῦν</strong></span> <span class='ocrx_word' id='word_1_805' title='bbox 2719 4552 2867 4616; x_wconf 76' lang='grc' dir='ltr'>ἔλεος</span> <span class='ocrx_word' id='word_1_806' title='bbox 2892 4550 2995 4621; x_wconf 80' lang='grc' dir='ltr'><strong>τὴν</strong></span> <span class='ocrx_word' id='word_1_807' title='bbox 3022 4550 3245 4620; x_wconf 84' lang='grc' dir='ltr'>ἀγάπην</span> <span class='ocrx_word' id='word_1_808' title='bbox 3279 4548 3451 4620; x_wconf 88' lang='grc' dir='ltr'>δηλοῖ.</span> <span class='ocrx_word' id='word_1_809' title='bbox 3491 4566 3511 4600; x_wconf 79' lang='grc' dir='ltr'><strong>ι</strong></span> <span class='ocrx_word' id='word_1_810' title='bbox 3538 4546 3758 4618; x_wconf 77' lang='grc' dir='ltr'>Ἀγά-πη</span> 
     </span>
    </p>
   </div>
   <div class='ocr_carea' id='block_1_103' title="bbox 2165 4640 3758 4719">
    <p class='ocr_par' dir='ltr' id='par_1_103' title="bbox 2165 4640 3758 4719">
     <span class='ocr_line' id='line_1_103' title="bbox 2165 4640 3758 4719; baseline -0.005 -19"><span class='ocrx_word' id='word_1_811' title='bbox 2165 4647 2224 4701; x_wconf 80' lang='grc' dir='ltr'><strong>δέ</strong></span> <span class='ocrx_word' id='word_1_812' title='bbox 2254 4647 2420 4717; x_wconf 84' lang='grc' dir='ltr'>νόμου</span> <span class='ocrx_word' id='word_1_813' title='bbox 2444 4646 2742 4719; x_wconf 84' lang='grc' dir='ltr'>πλήρωσις.</span> <span class='ocrx_word' id='word_1_814' title='bbox 2783 4662 2801 4697; x_wconf 75' lang='grc' dir='ltr'><strong>ι</strong></span> <span class='ocrx_word' id='word_1_815' title='bbox 2833 4643 2926 4716; x_wconf 85' lang='grc' dir='ltr'><strong>Τῷ</strong></span> <span class='ocrx_word' id='word_1_816' title='bbox 2965 4646 3075 4718; x_wconf 82' lang='grc' dir='ltr'><strong>γάρ</strong></span> <span class='ocrx_word' id='word_1_817' title='bbox 3123 4643 3353 4714; x_wconf 82' lang='grc' dir='ltr'>πλησίον</span> <span class='ocrx_word' id='word_1_818' title='bbox 3393 4661 3411 4693; x_wconf 79' lang='grc' dir='ltr'><strong>ι</strong></span> <span class='ocrx_word' id='word_1_819' title='bbox 3443 4640 3631 4695; x_wconf 82' lang='grc' dir='ltr'>Κακὸν</span> <span class='ocrx_word' id='word_1_820' title='bbox 3655 4640 3758 4693; x_wconf 86' lang='grc' dir='ltr'><strong>οὑκ</strong></span> 
     </span>
    </p>
   </div>
   <div class='ocr_carea' id='block_1_104' title="bbox 2169 4733 3755 4809">
    <p class='ocr_par' dir='ltr' id='par_1_104' title="bbox 2169 4733 3755 4809">
     <span class='ocr_line' id='line_1_104' title="bbox 2169 4733 3755 4809; baseline -0.004 -17"><span class='ocrx_word' id='word_1_821' title='bbox 2169 4738 2483 4809; x_wconf 74' lang='grc' dir='ltr'>ἐργάζεται,</span> <span class='ocrx_word' id='word_1_822' title='bbox 2516 4757 2533 4791; x_wconf 77' lang='grc' dir='ltr'><strong>ι</strong></span> <span class='ocrx_word' id='word_1_823' title='bbox 2570 4736 2821 4809; x_wconf 80' lang='grc' dir='ltr'>κατὰτὴν</span> <span class='ocrx_word' id='word_1_824' title='bbox 2850 4735 2949 4791; x_wconf 83' lang='grc' dir='ltr'><strong>τοῦ</strong></span> <span class='ocrx_word' id='word_1_825' title='bbox 2988 4735 3260 4808; x_wconf 88' lang='grc' dir='ltr'>μακαρίου</span> <span class='ocrx_word' id='word_1_826' title='bbox 3293 4734 3510 4788; x_wconf 86' lang='grc' dir='ltr'>Παύλου</span> <span class='ocrx_word' id='word_1_827' title='bbox 3549 4733 3755 4804; x_wconf 76' lang='grc' dir='ltr'>φωνήν.</span> 
     </span>
    </p>
   </div>
   <div class='ocr_carea' id='block_1_105' title="bbox 2171 4822 3757 4902">
    <p class='ocr_par' dir='ltr' id='par_1_105' title="bbox 2171 4822 3757 4902">
     <span class='ocr_line' id='line_1_105' title="bbox 2171 4822 3757 4902; baseline -0.007 -18"><span class='ocrx_word' id='word_1_828' title='bbox 2171 4832 2246 4884; x_wconf 76' lang='grc' dir='ltr'>Τὸ</span> <span class='ocrx_word' id='word_1_829' title='bbox 2265 4831 2322 4883; x_wconf 81' lang='grc' dir='ltr'>δὲ</span> <span class='ocrx_word' id='word_1_830' title='bbox 2346 4831 2523 4902; x_wconf 87' lang='grc' dir='ltr'>κρίμα</span> <span class='ocrx_word' id='word_1_831' title='bbox 2544 4829 2643 4901; x_wconf 85' lang='grc' dir='ltr'>τὴν</span> <span class='ocrx_word' id='word_1_832' title='bbox 2661 4826 3104 4900; x_wconf 79' lang='grc' dir='ltr'>δικαιοπραγίαν,</span> <span class='ocrx_word' id='word_1_833' title='bbox 3127 4828 3245 4897; x_wconf 75' lang='grc' dir='ltr'>ἦτοι</span> <span class='ocrx_word' id='word_1_834' title='bbox 3265 4825 3363 4895; x_wconf 78' lang='grc' dir='ltr'>τὴν</span> <span class='ocrx_word' id='word_1_835' title='bbox 3391 4822 3757 4892; x_wconf 81' lang='grc' dir='ltr'>δικαιοσύνην,</span> 
     </span>
    </p>
   </div>
   <div class='ocr_carea' id='block_1_106' title="bbox 2174 4914 3762 4993">
    <p class='ocr_par' dir='ltr' id='par_1_106' title="bbox 2174 4914 3762 4993">
     <span class='ocr_line' id='line_1_106' title="bbox 2174 4914 3762 4993; baseline -0.006 -18"><span class='ocrx_word' id='word_1_836' title='bbox 2174 4922 2270 4975; x_wconf 69' lang='grc' dir='ltr'>καὶ</span> <span class='ocrx_word' id='word_1_837' title='bbox 2294 4922 2393 4993; x_wconf 81' lang='grc' dir='ltr'><strong>τὴν</strong></span> <span class='ocrx_word' id='word_1_838' title='bbox 2418 4920 2511 4975; x_wconf 90' lang='grc' dir='ltr'><strong>τοῦ</strong></span> <span class='ocrx_word' id='word_1_839' title='bbox 2544 4920 2688 4975; x_wconf 88' lang='grc' dir='ltr'>θείου</span> <span class='ocrx_word' id='word_1_840' title='bbox 2716 4921 2880 4992; x_wconf 81' lang='grc' dir='ltr'>νόμου</span> <span class='ocrx_word' id='word_1_841' title='bbox 2908 4919 3071 4990; x_wconf 85' lang='grc' dir='ltr'>βουλή</span> <span class='ocrx_word' id='word_1_842' title='bbox 3082 4935 3246 4988; x_wconf 86' lang='grc' dir='ltr'>ματος</span> <span class='ocrx_word' id='word_1_843' title='bbox 3282 4918 3531 4988; x_wconf 83' lang='grc' dir='ltr'>τήρησιν.</span> <span class='ocrx_word' id='word_1_844' title='bbox 3568 4914 3762 4985; x_wconf 80' lang='grc' dir='ltr'>Κρίμα</span> 
     </span>
    </p>
   </div>
   <div class='ocr_carea' id='block_1_107' title="bbox 2176 4996 3762 5087">
    <p class='ocr_par' dir='ltr' id='par_1_107' title="bbox 2176 4996 3762 5087">
     <span class='ocr_line' id='line_1_107' title="bbox 2176 4996 3762 5087; baseline -0.006 -19"><span class='ocrx_word' id='word_1_845' title='bbox 2176 5015 2285 5087; x_wconf 71' lang='grc' dir='ltr'><strong>γὰρ</strong></span> <span class='ocrx_word' id='word_1_846' title='bbox 2336 5016 2363 5068; x_wconf 85' lang='grc' dir='ltr'>ὁ</span> <span class='ocrx_word' id='word_1_847' title='bbox 2416 5013 2579 5084; x_wconf 87' lang='grc' dir='ltr'>νόμος</span> <span class='ocrx_word' id='word_1_848' title='bbox 2628 4996 2942 5083; x_wconf 84' lang='grc' dir='ltr'>ὠνόμασται</span> <span class='ocrx_word' id='word_1_849' title='bbox 2994 5011 3148 5081; x_wconf 82' lang='grc' dir='ltr'>παρά</span> <span class='ocrx_word' id='word_1_850' title='bbox 3191 5027 3257 5077; x_wconf 92' lang='grc' dir='ltr'><strong>γε</strong></span> <span class='ocrx_word' id='word_1_851' title='bbox 3305 5010 3371 5079; x_wconf 79' lang='grc' dir='ltr'>τῇ</span> <span class='ocrx_word' id='word_1_852' title='bbox 3415 5004 3762 5076; x_wconf 80' lang='grc' dir='ltr'>θεοπνεύστῳ</span> 
     </span>
    </p>
   </div>
   <div class='ocr_carea' id='block_1_108' title="bbox 2169 5098 3748 5180">
    <p class='ocr_par' dir='ltr' id='par_1_108' title="bbox 2169 5098 3748 5180">
     <span class='ocr_line' id='line_1_108' title="bbox 2169 5098 3748 5180; baseline -0.009 -18"><span class='ocrx_word' id='word_1_853' title='bbox 2169 5109 2385 5180; x_wconf 78' lang='grc' dir='ltr'>Γραφῇ.</span> <span class='ocrx_word' id='word_1_854' title='bbox 2418 5107 2491 5160; x_wconf 84' lang='grc' dir='ltr'><strong>Τὸ</strong></span> <span class='ocrx_word' id='word_1_855' title='bbox 2515 5107 2573 5161; x_wconf 78' lang='grc' dir='ltr'><strong>δὲ</strong></span> <span class='ocrx_word' id='word_1_856' title='bbox 2605 5106 2847 5176; x_wconf 80' lang='grc' dir='ltr'>ἐγγίζειν</span> <span class='ocrx_word' id='word_1_857' title='bbox 3023 5101 3333 5166; x_wconf 83' lang='grc' dir='ltr'>διαπαντὸς,</span> <span class='ocrx_word' id='word_1_858' title='bbox 3370 5100 3647 5170; x_wconf 87' lang='grc' dir='ltr'>ὑπέφηνεν</span> <span class='ocrx_word' id='word_1_859' title='bbox 3680 5098 3748 5151; x_wconf 78' lang='grc' dir='ltr'>ἂν</span> 
     </span>
    </p>
   </div>
   <div class='ocr_carea' id='block_1_109' title="bbox 2171 5186 3762 5273">
    <p class='ocr_par' dir='ltr' id='par_1_109' title="bbox 2171 5186 3762 5273">
     <span class='ocr_line' id='line_1_109' title="bbox 2171 5186 3762 5273; baseline -0.009 -20"><span class='ocrx_word' id='word_1_860' title='bbox 2171 5202 2271 5273; x_wconf 80' lang='grc' dir='ltr'>τὴν</span> <span class='ocrx_word' id='word_1_861' title='bbox 2313 5202 2392 5264; x_wconf 84' lang='grc' dir='ltr'>εἰς</span> <span class='ocrx_word' id='word_1_862' title='bbox 2436 5198 2598 5252; x_wconf 75' lang='grc' dir='ltr'>αὑτὸν</span> <span class='ocrx_word' id='word_1_863' title='bbox 2642 5196 2872 5269; x_wconf 84' lang='grc' dir='ltr'>γνησίαν</span> <span class='ocrx_word' id='word_1_864' title='bbox 2915 5196 3017 5266; x_wconf 83' lang='grc' dir='ltr'>τῆς</span> <span class='ocrx_word' id='word_1_865' title='bbox 3060 5194 3299 5256; x_wconf 83' lang='grc' dir='ltr'>διανοίας</span> <span class='ocrx_word' id='word_1_866' title='bbox 3332 5189 3519 5261; x_wconf 79' lang='grc' dir='ltr'>ἔφεσιν</span> <span class='ocrx_word' id='word_1_867' title='bbox 3549 5205 3611 5241; x_wconf 82' lang='grc' dir='ltr'><strong>τε</strong></span> <span class='ocrx_word' id='word_1_868' title='bbox 3664 5186 3762 5241; x_wconf 66' lang='grc' dir='ltr'>καὶ</span> 
     </span>
    </p>
   </div>
   <div class='ocr_carea' id='block_1_110' title="bbox 2175 5276 3762 5363">
    <p class='ocr_par' dir='ltr' id='par_1_110' title="bbox 2175 5276 3762 5363">
     <span class='ocr_line' id='line_1_110' title="bbox 2175 5276 3762 5363; baseline -0.01 -18"><span class='ocrx_word' id='word_1_869' title='bbox 2175 5290 2367 5363; x_wconf 76' lang='grc' dir='ltr'>ῥοπὴν,</span> <span class='ocrx_word' id='word_1_870' title='bbox 2397 5289 2573 5344; x_wconf 81' lang='grc' dir='ltr'>καὶτὸ</span> <span class='ocrx_word' id='word_1_871' title='bbox 2601 5288 2679 5359; x_wconf 85' lang='grc' dir='ltr'>μὴ</span> <span class='ocrx_word' id='word_1_872' title='bbox 2708 5286 3067 5360; x_wconf 85' lang='grc' dir='ltr'>προσκεῖσθαι</span> <span class='ocrx_word' id='word_1_873' title='bbox 3092 5284 3266 5352; x_wconf 83' lang='grc' dir='ltr'>φιλεῖν</span> <span class='ocrx_word' id='word_1_874' title='bbox 3293 5280 3502 5350; x_wconf 78' lang='grc' dir='ltr'>ἑτέροις</span> <span class='ocrx_word' id='word_1_875' title='bbox 3525 5281 3638 5341; x_wconf 85' lang='grc' dir='ltr'>τοῖς</span> <span class='ocrx_word' id='word_1_876' title='bbox 3658 5276 3762 5330; x_wconf 79' lang='grc' dir='ltr'>οὐκ</span> 
     </span>
    </p>
   </div>
   <div class='ocr_carea' id='block_1_111' title="bbox 2172 5368 3763 5451">
    <p class='ocr_par' dir='ltr' id='par_1_111' title="bbox 2172 5368 3763 5451">
     <span class='ocr_line' id='line_1_111' title="bbox 2172 5368 3763 5451; baseline -0.008 -16"><span class='ocrx_word' id='word_1_877' title='bbox 2172 5379 2290 5436; x_wconf 79' lang='grc' dir='ltr'>οὖσι</span> <span class='ocrx_word' id='word_1_878' title='bbox 2325 5381 2488 5445; x_wconf 87' lang='grc' dir='ltr'>θεοῖς,</span> <span class='ocrx_word' id='word_1_879' title='bbox 2527 5381 2563 5451; x_wconf 77' lang='grc' dir='ltr'><strong>ἢ</strong></span> <span class='ocrx_word' id='word_1_880' title='bbox 2593 5383 2659 5450; x_wconf 80' lang='grc' dir='ltr'>τῇ</span> <span class='ocrx_word' id='word_1_881' title='bbox 2695 5379 2868 5433; x_wconf 87' lang='grc' dir='ltr'>κτίσει</span> <span class='ocrx_word' id='word_1_882' title='bbox 2898 5377 3080 5449; x_wconf 82' lang='grc' dir='ltr'>τυχὸν,</span> <span class='ocrx_word' id='word_1_883' title='bbox 3116 5376 3149 5447; x_wconf 78' lang='grc' dir='ltr'><strong>ἢ</strong></span> <span class='ocrx_word' id='word_1_884' title='bbox 3203 5374 3335 5445; x_wconf 92' lang='grc' dir='ltr'>γοῦν</span> <span class='ocrx_word' id='word_1_885' title='bbox 3362 5372 3539 5440; x_wconf 82' lang='grc' dir='ltr'>ξύλοις</span> <span class='ocrx_word' id='word_1_886' title='bbox 3564 5387 3627 5424; x_wconf 78' lang='grc' dir='ltr'>τι</span> <span class='ocrx_word' id='word_1_887' title='bbox 3663 5368 3763 5423; x_wconf 77' lang='grc' dir='ltr'>καὶ</span> 
     </span>
    </p>
   </div>
   <div class='ocr_carea' id='block_1_112' title="bbox 2172 5462 3762 5545">
    <p class='ocr_par' dir='ltr' id='par_1_112' title="bbox 2172 5462 3762 5545">
     <span class='ocr_line' id='line_1_112' title="bbox 2172 5462 3762 5545; baseline -0.009 -16"><span class='ocrx_word' id='word_1_888' title='bbox 2172 5474 2360 5539; x_wconf 85' lang='grc' dir='ltr'>λίθοις.</span> <span class='ocrx_word' id='word_1_889' title='bbox 2380 5476 2588 5544; x_wconf 82' lang='grc' dir='ltr'>Ἐγγιεῖ</span> <span class='ocrx_word' id='word_1_890' title='bbox 2613 5474 2670 5527; x_wconf 83' lang='grc' dir='ltr'>δὲ</span> <span class='ocrx_word' id='word_1_891' title='bbox 2699 5473 2838 5545; x_wconf 85' lang='grc' dir='ltr'>Θεῷ,</span> <span class='ocrx_word' id='word_1_892' title='bbox 2872 5471 2965 5526; x_wconf 75' lang='grc' dir='ltr'><strong>καὶ</strong></span> <span class='ocrx_word' id='word_1_893' title='bbox 2996 5470 3221 5541; x_wconf 89' lang='grc' dir='ltr'>πλησίον</span> <span class='ocrx_word' id='word_1_894' title='bbox 3260 5469 3416 5522; x_wconf 71' lang='grc' dir='ltr'>ἔσται</span> <span class='ocrx_word' id='word_1_895' title='bbox 3455 5463 3597 5521; x_wconf 81' lang='grc' dir='ltr'>κατὰ</span> <span class='ocrx_word' id='word_1_896' title='bbox 3640 5462 3762 5516; x_wconf 85' lang='grc' dir='ltr'>διά-</span> 
     </span>
    </p>
   </div>
   <div class='ocr_carea' id='block_1_113' title="bbox 2178 5553 3773 5638">
    <p class='ocr_par' dir='ltr' id='par_1_113' title="bbox 2178 5553 3773 5638">
     <span class='ocr_line' id='line_1_113' title="bbox 2178 5553 3773 5638; baseline -0.01 -16"><span class='ocrx_word' id='word_1_897' title='bbox 2178 5568 2347 5632; x_wconf 83' lang='grc' dir='ltr'>θεσιν,</span> <span class='ocrx_word' id='word_1_898' title='bbox 2378 5568 2473 5621; x_wconf 81' lang='grc' dir='ltr'><strong>καί</strong></span> <span class='ocrx_word' id='word_1_899' title='bbox 2504 5568 2532 5619; x_wconf 82' lang='grc' dir='ltr'><strong>ό</strong></span> <span class='ocrx_word' id='word_1_900' title='bbox 2568 5566 2829 5638; x_wconf 80' lang='grc' dir='ltr'>πράξεσιν</span> <span class='ocrx_word' id='word_1_901' title='bbox 2860 5563 3092 5635; x_wconf 78' lang='grc' dir='ltr'>ἀγαθαῖς</span> <span class='ocrx_word' id='word_1_902' title='bbox 3119 5561 3423 5633; x_wconf 77' lang='grc' dir='ltr'>ἐμπρέπειν</span> <span class='ocrx_word' id='word_1_903' title='bbox 3455 5556 3632 5621; x_wconf 85' lang='grc' dir='ltr'>είδὼς,</span> <span class='ocrx_word' id='word_1_904' title='bbox 3663 5553 3773 5608; x_wconf 66' lang='grc' dir='ltr'>καὶ</span> 
     </span>
    </p>
   </div>
  </div>
