4110 6368
378 411 490 468 εεο

1306 406 1853 465 COMMENTARIUS
1892 405 1962 462 1N
2000 405 2232 464 OSEAM
2271 405 2718 464 PROPHETAM.

3545 413 3654 469 290

380 529 771 602 ἁπαράφθορον
798 530 855 585 έν
880 528 1056 601 ἑαυτῷ
1082 528 1329 600 τηρήσας
1360 528 1460 599 τὴν
1489 529 1690 581 πίστιν.
1714 526 1965 581 Μεσολα-

2069 527 2328 578 servavit.
2368 523 2521 593 Saepe
2558 523 2702 577 enim
2746 533 3025 593 peccatum
3069 539 3127 579 se
3167 524 3494 595 interponit,
3531 538 3589 582 et
3622 540 3653 583 tt

380 622 463 675 ϐεῖ
513 621 623 691 γὰρ
667 620 926 682 πολλάκις
965 623 997 691 ἡ
1050 620 1328 690 ἁμαρτία,
1372 621 1467 673 καὶ
1523 619 1758 689 διίστησι
1801 617 1957 672 Θεοῦ.

381 712 537 766 Κατά
577 711 669 763 τὸν
716 710 830 764 ἴσον
875 710 931 764 δὲ
982 713 1181 783 τρόπον
1217 711 1478 766 ἀποσοϐεῖ
1506 711 1667 765 πάλιν
1699 710 1799 780 τῆς
1827 710 1965 782 πρὸς

380 803 542 857 αὐτὸν
564 803 893 873 οἰκειότητος
916 803 1008 855 καὶ
1029 803 1091 856 τὸ
1116 802 1473 871 προσκεῖσθαι
1501 806 1706 871 φωναῖς
1736 804 1966 856 ἀνοσίων

378 894 897 965 ψευδοδιδασκάλων.
933 894 1304 965 Παραιτητέον
1336 895 1400 966 δὴ
1424 892 1518 949 οὖν
1550 898 1662 959 τοῖς
1690 894 1965 949 ἐθέλουσιν

381 976 551 1055 δγγὺς
582 981 719 1038 εἶναι
748 984 902 1050 Θεοῦ,
932 986 1001 1039 τὰ
1027 985 1092 1038 δι’
1125 979 1201 1040 ὧν
1233 985 1298 1039 ἂν
1324 987 1566 1055 γένοιντο
1599 986 1836 1057 μακράν.

454 1116 716 1181 Χαναὰν,
749 1117 819 1171 ἐν
861 1118 1012 1187 χειρὶ
1055 1118 1245 1173 αὐτοῦ
1278 1118 1452 1188 ζυγὸς
1497 1120 1752 1186 ἀδικίας,
1792 1138 1969 1176 κατα-

382 1209 780 1265 δυναστεύειν
807 1210 1104 1281 ἠγάπησε.
1140 1212 1249 1264 Καὶ
1278 1208 1447 1265 εἶπεν
1481 1214 1727 1282 Ἐφραΐμ
1748 1230 1761 1243 ο
1795 1214 1971 1282 Πλὴν

384 1305 794 1372 πεπλούτηκα,
833 1304 1057 1373 εὕρηκα
1096 1304 1427 1374 ἀναψυχὴν
1451 1305 1703 1375 ἐμαυτῷ.
1742 1306 1969 1372 Πάντες

382 1398 435 1448 οι
451 1396 625 1449 πόνοι
654 1396 841 1450 αὐτοῦ
860 1398 973 1465 οὐχ
996 1394 1426 1465 εὑρεθήσονται
1449 1397 1609 1463 αὑτῷ
1633 1397 1708 1452 δι’
1732 1399 1969 1464 ἀδικίας

384 1487 457 1554 ἀς
487 1488 769 1559 ἥμαρτενο

454 1620 590 1675 PM'.
634 1620 799 1676 Ὅσον
840 1623 938 1692 μὲν
967 1622 1073 1696 γὰρ
1113 1625 1237 1695 ἥκει
1282 1626 1362 1689 εἷς
1402 1644 1465 1695 γε
1513 1627 1573 1680 τὸ
1611 1627 1799 1681 δοκοῦν
1828 1626 1968 1698 Θεῷ,

384 1713 683 1783 τετήρηκεν
728 1714 794 1768 ἂν
839 1714 985 1779 ἔλεός
1022 1734 1082 1769 τε
1115 1719 1209 1770 καὶ
1252 1718 1446 1791 κρίμα,
1489 1720 1583 1773 καὶ
1626 1719 1686 1773 τὸ
1730 1721 1971 1789 ἐγγίζειν

386 1806 535 1875 αὐτῷ
563 1805 853 1872 διαπαντὸς
878 1810 907 1862 ό
927 1809 1186 1881 Ἐφραῒμ.
1206 1811 1424 1882 Ἐπειδὴ
1448 1812 1506 1865 δὲ
1538 1812 1734 1883 φρενὸς
1758 1813 1970 1867 ἀπώλι-

2069 614 2179 670 Deo
2210 616 2475 685 disjungit
2515 631 2580 671 ac
2622 625 2858 685 separat.
2896 615 3094 669 Eodem
3137 632 3352 687 quoque
3387 621 3550 674 modo
3585 622 3655 673 ab

2065 708 2183 775 ejus
2222 707 2601 763 familiaritate
2642 718 2794 762 arcet
2840 709 3430 779 pseudomagistrorum
3473 711 3656 780 impiis

2068 799 2409 854 sermonibus
2451 800 2692 854 deditum
2740 816 2879 856 esse.
2928 800 3085 871 173
3128 799 3448 856 Volentibus
3490 801 3658 871 igitur

2073 893 2180 945 Deo
2210 892 2543 961 propinquos
2571 906 2716 958 esse,
2746 896 3075 947 removenda
3108 903 3234 948 sunt
3265 907 3361 963 per
3386 894 3508 962 qua:
3538 893 3657 946 louo

2070 984 2253 1054 giuqui
2282 982 2351 1037 ab
2378 998 2444 1038 eo
2477 983 2631 1037 ﬁant.

2143 1120 2305 1176 Vens.
2349 1118 2405 1185 7,
2442 1119 2495 1175 8.
2539 1120 2816 1186 Chanaan,
2853 1123 2906 1175 in
2952 1139 3113 1176 manu
3157 1124 3269 1191 ejus
3313 1133 3510 1177 statera
3553 1123 3656 1176 ini-

2070 1213 2320 1283 quitatis,
2365 1212 2656 1281 opprimere
2696 1230 2787 1279 per
2827 1216 3113 1283 potentiam
3153 1215 3360 1269 dilexit.
3408 1214 3473 1269 Et
3519 1216 3655 1268 dixit

2077 1303 2328 1372 Ephraim
2368 1318 2386 1355 :
2442 1303 2806 1357 Verumtamen
2853 1304 2995 1358 dit-es
3038 1306 3252 1373 effectus
3294 1322 3442 1367 sunt,
3484 1306 3655 1361 inueni

2070 1397 2299 1467 requiem
2333 1395 2481 1449 mihi.
2513 1393 2703 1449 Omnes
2737 1396 2941 1448 labores
2973 1395 3087 1465 ejus
3122 1412 3222 1448 non
3255 1396 3580 1450 invenientur
3607 1397 3657 1450 ei

2070 1499 2278 1558 propter
2306 1488 2608 1557 iniquitates
2645 1506 2775 1558 quas
2811 1490 3062 1554 peccavit.

2143 1618 2297 1674 CXL.
2340 1622 2491 1687 Quod
2533 1621 2729 1676 attinet
2769 1622 2834 1674 ad
2876 1622 3273 1690 beueplacitum
3318 1624 3435 1692 Dei,
3470 1637 3655 1679 custo-

2074 1713 2240 1768 disset
2276 1714 2702 1768 misericordiam
2737 1725 2791 1769 et
2817 1713 3083 1781 judicium
3107 1756 3123 1779 ,
3158 1729 3213 1772 et
3244 1717 3545 1775 studuisset
3580 1719 3654 1795 illi

2075 1808 2504 1874 apprOpinquare
2549 1820 2765 1875 semper
2807 1807 3087 1876 Ephraim.
3134 1809 3239 1863 Sed
3284 1811 3412 1879 quia
3458 1812 3654 1865 bonam

387 1896 513 1950 σθεν
537 1898 771 1970 ἀγαθῆς,
800 1900 895 1953 καὶ
916 1899 982 1953 δι’
1002 1901 1218 1965 οὐδενὸς
1244 1905 1535 1973 πεποίηται
1558 1904 1718 1971 λόγου
1740 1904 1808 1958 τά
1830 1904 1966 1957 οὕτω

2076 1908 2307 1950 mentem
2340 1897 2539 1953 amisit,
2569 1904 2621 1949 et
2652 1912 2738 1951 res
2768 1898 2903 1950 adeo
2931 1900 3267 1954 veneranda:
3294 1900 3657 1971 colendusque

386 1988 559 2041 σεπτὰ
588 1987 683 2042 καὶ
713 1988 887 2058 τίμια,
914 1990 1136 2058 γέγονεν
1166 1993 1224 2044 ὲν
1252 1993 1351 2061 ἴσῳ
1379 1996 1492 2056 τοῖς
1516 1993 1827 2062 ἀλλογενέσι
1852 1997 1965 2048 Χα-

385 2081 623 2144 ναναίοις
664 2082 822 2147 ἄθεός
864 2100 923 2136 τε
953 2084 1047 2138 καὶ
1097 2084 1362 2156 δυσσεϐὴς
1389 2128 1405 2151 ,
1451 2087 1545 2141 καὶ
1598 2088 1680 2141 ὅτι
1732 2087 1968 2158 μάλιστα

383 2172 591 2245 χαίρων
614 2174 705 2227 ἐπὶ
726 2177 837 2238 τοῖς
864 2178 963 2248 τῆς
979 2176 1308 2248 φαυλότητος
1326 2178 1568 2249 τρόποις,
1593 2180 1688 2234 καὶ
1710 2179 1969 2253 βαρϐάρῳ

383 2262 579 2335 γνώμῃ
607 2264 709 2335 τῆς
744 2265 1042 2338 ἀλλοτρίων
1088 2267 1381 2338 ἐπιθυμίας
1421 2269 1690 2339 ἀχαλίνως
1718 2270 1968 2342 ἡττώμε-

385 2371 494 2418 νος.
528 2357 735 2410 Οὐκοῦν
765 2357 873 2411 ἔδει
919 2358 1018 2429 μὲν
1055 2360 1146 2413 τὸν
1174 2361 1413 2432 Ἐφραῒμ
1459 2360 1706 2434 ζηλωτὴν
1737 2364 1968 2435 ὁρᾶσθαι

383 2447 477 2501 τοῦ
513 2450 857 2522 προπάτορος
882 2450 1098 2517 Ἰακὼϐ,
1133 2454 1227 2507 καὶ
1256 2455 1357 2524 τῆς
1389 2455 1600 2508 ἐκείνου
1626 2455 1970 2528 δικαιοσύνης

383 2539 506 2593 κατ’
560 2542 705 2613 ἴχνος
750 2543 883 2596 ίέναι
936 2545 1129 2613 φιλεῖν.
1170 2545 1334 2600 Ἀλλά
1397 2547 1590 2615 γέγονε
1642 2550 1965 2612 Χαναναῖος.

384 2631 635 2704 Ηῦρηται
681 2635 791 2706 γάρ
848 2655 865 2686 ι
897 2637 1069 2705 Ζυγὸς
1117 2638 1330 2701 ἀδικίας
1378 2639 1438 2692 ὲν
1479 2640 1668 2711 χερσὶν
1715 2640 1901 2703 αὑτοῦ,
1944 2661 1962 2691 ι

382 2725 683 2792 τουτέστιν,
713 2728 967 2799 ἀνισότης
1029 2731 1122 2783 καὶ
1150 2730 1450 2795 πλεονεξία.
1480 2730 1752 2803 Τετίμηκε
1778 2734 1887 2806 γὰρ
1910 2737 1967 2788 ὲν

385 2817 486 2889 ῐσῳ
513 2821 624 2882 τοῖς
659 2818 836 2871 ἔθνεσι
887 2823 1000 2883 τοῖς
1026 2821 1127 2875 οὐκ
1166 2821 1332 2876 εἰδόσι
1362 2822 1514 2885 Θεὸν,
1546 2823 1647 2895 τὴν
1692 2824 1968 2895 ἐπάρατον

384 2907 867 2962 καταδυναστείαν.
892 2910 1002 2965 Καὶ
1022 2912 1104 2965 ὅτι
1138 2912 1237 2983 μὲν
1260 2912 1604 2984 ἐπλημμέὶξει
1625 2914 1783 2969 τοῦτο
1801 2915 1965 2987 δρῶν,

384 3001 583 3053 ἐννοεῖν
614 3001 716 3054 οῦκ
746 3001 920 3071 ἠξίου.
948 3003 1315 3075 Ἐπετέρπετο
1341 3006 1396 3059 δὲ
1426 3006 1573 3079 μόνῳ
1600 3007 1677 3079 τῷ
1718 3009 1967 3063 πλουτεῖν

383 3092 477 3145 καὶ
510 3094 741 3164 τρυφᾷν,
772 3093 846 3159 ὡς
884 3096 984 3149 οὐκ
1014 3098 1319 3167 ἐφορῶντος
1343 3099 1501 3165 Θεοῦ,
1534 3100 1611 3164 ὡς
1658 3102 1840 3156 οὐκέτι
1870 3120 1968 3156 κα-

383 3181 825 3255 τασκεπτομένου
858 3188 986 3250 τοὺς
1028 3188 1123 3240 ἐπὶ
1168 3189 1267 3259 τῆς
1302 3191 1423 3261 γῆς,
1468 3193 1561 3244 καὶ
1598 3194 1710 3255 τοῖς
1761 3192 1967 3247 ἀδικεῖν

2071 1987 2226 2042 ιιίΙιίΙί
2256 1987 2403 2050 fecit,
2428 1986 2759 2043 Chananazis
2784 1988 3106 2059 alienigenis
3134 1989 3309 2045 factus
3332 2000 3415 2045 est
3440 1992 3654 2052 similis.

2071 2078 2261 2132 atheus
2285 2087 2338 2132 et
2361 2078 2579 2147 impius,
2601 2088 2656 2133 et
2682 2079 2921 2136 moribus
2946 2096 3174 2150 nequam
3202 2082 3495 2153 plurimum
3518 2101 3651 2155 gan-

2071 2168 2236 2233 dens,
2271 2179 2325 2224 et
2358 2170 2540 2223 animo
2574 2169 2864 2224 barbarico
2896 2172 3195 2240 cupiditate
3229 2187 3409 2226 rerum
3447 2173 3655 2229 aliena-

2074 2276 2189 2313 rum
2236 2261 2560 2329 impotenter
2597 2262 2935 2334 subjugatus.
2980 2262 3123 2335 Ergo
3167 2264 3396 2320 debebat
3436 2266 3654 2336 quidem

2069 2353 2324 2423 Epltraim
2368 2356 2526 2425 primi
2574 2356 2745 2424 patris
2785 2356 2868 2410 sui
2905 2354 3073 2412 Iacob
3106 2356 3332 2414 aemulus
3364 2358 3558 2424 videri,
3599 2369 3655 2413 et

2070 2457 2167 2511 per
2192 2444 2413 2515 vestigia
2439 2444 2666 2511 justitiae
2692 2444 2808 2513 ejus
2838 2446 3067 2502 libenter
3094 2447 3374 2515 incedere;
3405 2451 3497 2505 sed
3525 2467 3655 2505 eva-

2069 2534 2137 2590 sit
2167 2535 2524 2591 Chananaeus.
2546 2535 2766 2592 Inventa
2791 2547 2876 2593 est
2898 2539 3042 2593 enim
3070 2556 3091 2590 ι
3123 2548 3324 2595 statera
3353 2541 3655 2613 iniquitatis

2071 2628 2125 2681 in
2172 2644 2333 2683 manu
2379 2630 2531 2698 ejus,
2575 2648 2595 2681 ›
2645 2630 2745 2685 hoc
2783 2640 2886 2697 est,
2926 2632 3263 2701 inaequalitas
3303 2644 3359 2689 et
3400 2637 3652 2690 avaritia.

2068 2722 2203 2777 Nam
2233 2738 2382 2778 more
2407 2723 2648 2791 gentium
2677 2725 2843 2777 Deum
2872 2723 3234 2794 ignorantium
3261 2728 3651 2782 exsecrandum

2068 2812 2475 2882 oppressionem
2508 2829 2607 2882 pro
2639 2829 2836 2883 magno
2865 2814 3072 2871 habuit.
3104 2814 3172 2870 Et
3204 2831 3263 2871 se
3295 2831 3521 2886 peccare
3553 2818 3655 2873 hoc

2070 2904 2337 2974 faciendo,
2364 2906 2605 2977 cogitare
2630 2908 2823 2961 noluit.
2845 2906 2990 2963 Solis
3010 2907 3214 2963 divitiis
3233 2910 3581 2979 aequirendis
3601 2921 3657 2966 et

2068 2999 2435 3070 voluptatibus
2470 3000 2863 3061 delectabatur.
2905 3000 3061 3069 quasi
3109 3000 3220 3055 Deo
3263 3016 3368 3057 non
3402 3001 3653 3067 vidente,

2069 3107 2167 3149 nec
2207 3092 2435 3162 amplius
2476 3094 2722 3148 ltomines
2764 3095 2818 3148 iu
2860 3094 3022 3148 terris
3055 3094 3328 3159 visitante,
3362 3105 3419 3150 et
3458 3094 3655 3162 injuste

2069 3193 2293 3255 agentes
2315 3184 2462 3253 juste
2496 3186 2785 3241 multante.
2819 3185 2911 3240 Est
2940 3196 3121 3241 autem
3151 3196 3407 3241 extremae
3434 3187 3656 3243 demen-

383 3275 657 3330 ὶθέλουσιν
720 3278 1080 3349 ἐπιτιμῶντος
1138 3279 1380 3346 δικαίως.
1430 3281 1713 3345 Ἀπονοίας
1763 3282 1818 3336 δὲ
1866 3283 1966 3354 τῆς

2071 3277 2158 3332 tiae
2196 3287 2572 3347 argumentum
2607 3279 2998 3347 certissimum,
3034 3278 3289 3349 prraim
3328 3281 3503 3337 modis
3531 3296 3653 3337 om-

384 3369 621 3440 ἐσχάτης
660 3369 747 3441 εἴη
774 3372 841 3425 ἂν
875 3372 1149 3439 ἀπόδειξις
1180 3373 1440 3445 ἐναργὴς,
1467 3374 1528 3428 τὸ
1556 3376 1620 3428 ἐκ
1642 3377 1844 3439 παντὸς
1870 3376 1967 3447 μὲν

381 3462 586 3533 τρόπου
634 3462 883 3517 πλουτεῖν
928 3463 1240 3534 ἐπείγεσθαι
1282 3467 1374 3519 τὸν
1415 3467 1673 3538 Ἐφραῖμ.
1715 3470 1867 3523 οὐδὲν
1911 3470 1967 3524 δὲ

385 3549 522 3607 εἶναι
552 3555 793 3626 νομίζειν
832 3556 901 3610 τὰ
960 3556 1019 3622 ἐξ
1058 3558 1316 3629 ἁρπαγῆς
1344 3560 1435 3613 καὶ
1469 3561 1589 3629 βίας
1622 3561 1965 3632 ἐγκλήματα,

389 3645 773 3717 σεμνολόγημα
805 3647 861 3700 δὲ
898 3647 1087 3720 ὥσπερ
1133 3650 1402 3703 ποιεῖσθαι
1435 3649 1620 3705 λοιπὸν
1658 3652 1721 3704 ἐκ
1767 3650 1969 3721 πολλῆς

386 3734 526 3803 ἄγαν
577 3737 937 3809 ἀποπληξίας,
967 3739 1034 3791 τὰ
1078 3734 1159 3802 οἷς
1212 3739 1318 3793 ἔδει
1372 3739 1571 3811 μᾶλλον
1614 3741 1964 3813 ἐπερυθριᾷν.

391 3828 534 3899 Ἔφη
585 3830 694 3900 γάρ
719 3846 732 3858 ·
771 3849 788 3881 ι
817 3831 962 3901 Πλὴν
1018 3831 1390 3904 πεπλούτηκα,
1421 3832 1640 3905 ηὕρηκα
1687 3834 1967 3906 ἀναψυχὴν

385 3920 630 3991 ἐμαυτῷ.
656 3942 673 3973 ι
709 3922 774 3975 Τί
804 3919 895 3977 οὖν
930 3924 1067 3993 πρὸς
1098 3925 1271 3978 ταῦτα
1296 3924 1465 3991 Θεός;
1503 3944 1521 3977 ι
1554 3926 1761 3991 Πάντες
1786 3928 1836 3981 οἱ
1865 3928 1965 3980 πό-

383 4029 463 4065 νοι
515 4012 680 4067 αὐτοῦ
724 4014 821 4084 οὐχ
869 4014 1251 4087 εὑρεθήσονται
1302 4015 1470 4086 αὐτῷ,
1513 4016 1599 4069 διὰ
1640 4016 1851 4080 ἀδικίας
1900 4015 1967 4081 ἃς

380 4105 619 4176 ἥμαρτε.
650 4127 670 4158 ι
715 4108 826 4159 Καὶ
860 4108 967 4178 γάρ
999 4108 1146 4160 ἐστιν
1174 4106 1393 4177 ἀληθὲς,
1424 4109 1504 4161 ὅτι
1541 4129 1555 4159 ι
1593 4108 1827 4171 Πλοῦτος
1850 4107 1967 4161 ἀδί-

382 4214 496 4260 κως
529 4197 892 4269 συναγόμενος
914 4198 999 4265 ὲξε
1009 4199 1326 4270 μεθήσεται,
1356 4218 1374 4250 ι
1409 4202 1549 4253 κατά
1568 4200 1628 4253 τὸ
1646 4200 1968 4270 γεγραμμέο

382 4306 490 4345 νον.
526 4293 635 4345 Καὶ
667 4291 730 4364 δὴ
761 4294 872 4355 τοῖς
902 4290 1174 4345 ἐθέλουσιν
1203 4292 1260 4358 ἐξ
1285 4292 1502 4357 ἀδικίας
1545 4293 1843 4363 συλλέγειν,
1874 4296 1968 4350 καὶ

382 4385 631 4437 πλουτεῖν
670 4386 732 4437 ὲκ
766 4384 1095 4450 πλεονεξίας,
1124 4386 1464 4454 ὲπιφωνείτω
1505 4402 1590 4449 τις
1640 4387 1739 4459 ἤδη
1788 4386 1850 4439 τὸ
1881 4387 1968 4442 διὰ

381 4477 568 4547 φωνῆς
605 4477 760 4544 άγίου
784 4492 797 4505 ·
841 4476 1061 4529 Βέλτιον
1091 4472 1159 4548 ἦν
1194 4494 1254 4530 σε
1288 4496 1305 4527 ι
1337 4480 1507 4531 ποιεῖν
1538 4479 1732 4549 κρίμα,
1769 4479 1862 4533 καὶ
1896 4479 1971 4532 δε,-

381 4566 674 4639 καιοσύνην
724 4568 930 4636 καλήνο
962 4588 979 4619 ι
1015 4569 1376 4638 προκειμένου
1407 4572 1515 4642 γὰρ
1548 4571 1641 4623 τοῦ
1672 4570 1815 4623 θείου
1866 4569 1964 4640 βῆ-

384 4675 575 4729 ματος,
609 4678 626 4709 ι
654 4659 766 4712 Οὐκ
799 4658 1137 4733 ὠφελήσουσι
1168 4660 1265 4727 μὲν
1300 4658 1564 4732 θησαυροὶ
1593 4659 1846 4730 ἀνόμους,
1889 4660 1967 4713 δι-

380 4749 641 4821 καιοσύνη
669 4750 724 4802 δὲ
751 4750 973 4822 ῥύσεται
996 4752 1061 4805 ὲκ
1087 4752 1339 4807 θανάτου.
1369 4772 1387 4804 t
1414 4753 1525 4806 Kal.
1609 4769 1742 4823 φησι
1767 4756 1794 4805 ὁ
1822 4753 1969 4823 Παρ-

380 4841 689 4912 οιμιαστὴς,
726 4860 743 4891 ι
776 4842 1058 4913 Κρείσσων
1090 4843 1261 4914 μικρὰ
1290 4843 1445 4914 μερὶς
1480 4843 1619 4913 μετά
1662 4843 1828 4911 φόϐου
1858 4845 1968 4896 Ku-

385 4934 521 5005 ρίου,
555 4933 584 5002 ἢ
622 4934 883 5005 θησαυροὶ
913 4934 1139 5005 μεγάλοι
1168 4934 1307 5006 μετά
1335 4937 1586 5004 ἀφοϐίας.
1624 4956 1639 4987 ι
1668 4938 1778 4990 Καὶ
1808 4936 1970 4989 πάλιν

378 5027 409 5078 ὁ
436 5024 596 5087 αὑτός
620 5040 635 5055 ο
672 5041 689 5074 t
720 5025 1003 5095 Κρείσσων
1033 5024 1188 5096 ὀλίγη
1232 5025 1395 5095 λῆψις
1443 5030 1580 5096 μετά
1602 5026 1969 5098 δικαιοσύνης.

378 5117 414 5188 ἢ
447 5116 617 5169 πολλὰ
647 5119 959 5187 γεννήματα
991 5117 1130 5188 μετά
1156 5116 1389 5179 ἀδικίας.
1421 5136 1438 5168 ι
1470 5117 1614 5189 Πλὴν
1645 5118 1702 5169 αἱ
1733 5117 1961 5189 πράξεις

379 5210 547 5279 ἡμᾶς,
580 5209 675 5261 καὶ
712 5209 745 5277 ὴ
778 5207 885 5261 τῶν
920 5208 1097 5279 ἔργων
1131 5210 1372 5278 ποιότης,
1403 5208 1587 5274 ἀξίους
1612 5208 1725 5261 ἔσθ’
1754 5210 1842 5262 ὅτε
1862 5211 1962 5280 τῆς

375 5301 487 5354 τῶν
523 5302 692 5370 ἀγίων
722 5301 981 5372 Πατέρων
1010 5302 1289 5368 εὐγενείας
1317 5301 1590 5367 ἀποτελεῖ,
1615 5300 1875 5373 ἀπονέμει
1904 5301 1961 5356 δὲ

378 5395 476 5448 καὶ
525 5393 798 5464 πατράσιν
841 5392 1205 5464 ἁμαρτωλοῖς.
1256 5392 1536 5461 Διοίσομεν
1582 5395 1690 5463 γὰρ
1724 5394 1844 5446 κατ’
1873 5393 1964 5445 οὐ-

375 5485 503 5538 δένα
530 5485 731 5556 τρόπον
753 5483 861 5536 τῶν
882 5485 940 5537 ὲν
970 5483 1195 5553 ἀσεϐείᾳ
1223 5482 1586 5554 βεϐιωκότων,
1613 5485 1661 5536 εί
1685 5483 1754 5536 τά
1781 5483 1963 5535 αὐτῶν

380 5574 707 5645 μεμοίμεθα.
743 5572 1033 5645 Ταύτῃτοι,
1063 5573 1359 5644 κεκλῆσθαί
1405 5590 1587 5644 φαμεν
1616 5572 1839 5627 Χαναὰν
1873 5571 1962 5625 τὸν

391 5667 651 5739 Ἑφραῖμ.
694 5666 1011 5738 Πεφρόνηκε
1045 5665 1153 5737 γὰρ
1182 5667 1249 5720 τὰ
1281 5665 1603 5733 ἀλλογενῶν.
1630 5664 1963 5733 ’Δλλογενεῖς

2071 3370 2232 3425 nibus
2260 3371 2327 3425 ad
2358 3365 2576 3427 divitias
2603 3372 2973 3427 corradendas
3003 3374 3342 3441 incumbere,
3368 3387 3424 3431 et
3454 3372 3657 3445 rapinae

2069 3477 2134 3518 ac
2165 3463 2438 3519 violentiae
2480 3464 2711 3519 crimina
2753 3446 2907 3520 nihili
2950 3464 3167 3531 facere;
3212 3468 3305 3521 sed
3349 3482 3417 3521 ex
3461 3483 3658 3539 magno

2069 3566 2287 3625 Stupore
2316 3556 2493 3610 adhuc
2522 3555 2822 3612 honoriﬁce
2846 3558 3247 3627 quodammodo
3276 3559 3343 3613 de
3374 3573 3434 3613 se
3464 3561 3657 3629 praedi-

2069 3662 2214 3714 care,
2231 3650 2300 3702 ob
2324 3662 2445 3717 qua:
2472 3656 2755 3717 praestaret
2780 3650 2984 3717 pudore
3007 3648 3263 3704 sutl‘undi.
3283 3651 3375 3704 Ait
3396 3667 3650 3719 namque,

2074 3755 2094 3789 ι
2142 3737 2521 3793 Verumtamen
2551 3737 2702 3792 dives
2740 3739 2961 3793 ell‘eclus
3000 3754 3151 3801 sum,
3189 3739 3370 3794 inveni
3412 3741 3653 3809 requiem

2070 3831 2221 3886 mihi.
2257 3848 2279 3883 ι
2311 3830 2454 3897 Quid
2490 3831 2655 3901 igitur
2686 3833 2753 3885 ad
2788 3833 2901 3885 haec
2937 3830 3110 3885 Deus?
3147 3850 3167 3882 ι
3207 3830 3411 3886 Omnes
3444 3832 3655 3886 labores

2068 3922 2186 3992 ejus
2230 3938 2335 3976 non
2380 3922 2720 3976 invenientur
2761 3923 2845 3987 ei,
2894 3933 3117 3992 propter
3161 3922 3475 3993 iniquitates
3518 3938 3656 3992 quas

2068 4013 2330 4082 peccavit.
2374 4031 2393 4065 ι
2430 4013 2626 4067 Verum
2661 4021 2747 4067 est
2778 4013 2954 4078 enim,
2995 4034 3011 4066 ι
3055 4013 3259 4068 divitia;
3294 4014 3491 4083 injuste
3522 4030 3653 4068 cou-

2069 4112 2302 4172 gregalia
2330 4102 2737 4166 crementur”,
2772 4120 2790 4151 ι
2824 4112 2883 4156 ut
2910 4103 3174 4171 scriptum
3200 4109 3304 4157 est.
3330 4102 3468 4169 Quin
3502 4114 3556 4157 et
3582 4118 3652 4158 ex

2070 4192 2360 4263 iniquitate
2391 4193 2717 4247 conantibus
2747 4208 2879 4263 opes
2911 4193 3197 4265 colligere,
3231 4204 3285 4248 et
3318 4209 3386 4249 ex
3420 4195 3653 4249 avaritia

2069 4284 2338 4340 ditescere
2367 4285 2495 4339 illud
2525 4285 2699 4340 sancti
2727 4285 2994 4355 quispiam
3024 4285 3316 4347 acclamet,
3348 4285 3541 4341 melius
3569 4295 3655 4340 est

2074 4390 2125 4433 te
2168 4396 2187 4429 ι
2240 4377 2419 4433 facere
2455 4378 2754 4446 judicium,
2796 4389 2852 4433 et
2885 4378 3152 4446 justitiam
3181 4378 3249 4432 ⁸⁸.
3299 4397 3318 4431 ι
3368 4378 3654 4446 Proposito

2072 4484 2308 4537 namque
2345 4470 2531 4523 divino
2570 4470 2824 4524 tribunali
2865 4489 2884 4522 ι
2927 4486 3034 4525 non
3076 4472 3373 4541 proderunt
3408 4472 3649 4526 theSauri

2072 4560 2303 4628 iniquis;
2330 4561 2540 4627 jusutia
2573 4571 2751 4615 autem
2789 4563 3040 4616 liberabit
3072 4579 3100 4615 a
3135 4577 3309 4618 morte
3332 4565 3400 4618 ⁵⁷.
3437 4584 3456 4617 ι
3492 4566 3556 4620 Ει
3590 4576 3651 4620 ut

2068 4654 2144 4706 ait
2175 4652 2556 4707 Parmmiastes
2595 4671 2608 4707 :
2650 4671 2669 4705 ι
2714 4652 2901 4708 Melior
2932 4665 3018 4709 est
3052 4671 3215 4725 parva
3254 4671 3379 4724 pars
3413 4674 3537 4712 cum
3575 4659 3650 4712 ti~

2068 4759 2218 4798 more
2247 4741 2485 4808 Domini,
2515 4760 2677 4813 quam
2711 4745 2947 4800 thesauri
2981 4748 3159 4818 magni
3193 4764 3313 4802 cum
3348 4749 3531 4804 animo
3562 4736 3652 4805 in-

2067 4836 2275 4906 trepido
2290 4835 2359 4890 ⁸⁸.
2389 4854 2408 4887 ι
2436 4835 2503 4890 Ει
2528 4853 2717 4892 rursus
2742 4838 2918 4893 idem:
2950 4858 2969 4891 ι
3000 4840 3190 4896 Melior
3214 4856 3381 4910 pauca
3406 4844 3649 4911 acceptio

2066 4946 2186 4983 cum
2207 4929 2441 4999 justitia,
2458 4945 2622 5000 quam
2642 4930 2809 4985 multa
2826 4932 3066 5003 germina
3088 4949 3210 4987 cmn
3229 4935 3595 5005 iniquitate”.
3623 4956 3644 4987 ι

2068 5023 2549 5079 Verumeuimvero
2575 5024 2817 5080 actiones
2844 5040 2961 5092 nos,
2995 5025 3155 5099 174
3181 5036 3237 5082 et
3259 5042 3484 5097 operum
3514 5044 3653 5097 quia-

2067 5117 2190 5172 litas
2216 5128 2527 5173 sanctorum
2564 5117 2785 5172 Patrum
2820 5119 3104 5174 nobilitate
3136 5120 3429 5191 aliquando
3458 5124 3651 5192 dignos

2068 5208 2335 5274 eiliciunt,
2370 5224 2425 5266 et
2460 5212 2705 5281 patribus
2741 5212 3118 5281 peccatoribus
3151 5213 3355 5268 similes
3395 5216 3643 5272 reddunt.

2068 5302 2226 5356 Nullo
2249 5304 2445 5373 quippe
2474 5303 2630 5358 modo
2656 5303 2723 5358 ab
2752 5306 2836 5358 his
2862 5304 2952 5374 qui
2983 5304 3148 5373 impie
3167 5307 3418 5359 vixerunt
3440 5305 3643 5362 discre-

2070 5394 2353 5465 pabimus,
2381 5396 2425 5452 si
2460 5396 2696 5467 ipsorum
2728 5411 2909 5452 mores
2941 5397 3235 5451 imitemur.
3264 5397 3473 5453 ldcirco
3498 5400 3649 5455 dice-

2070 5502 2189 5543 tuus
2212 5486 2465 5553 Ephraim
2490 5497 2736 5543 vocatum
2763 5503 2883 5543 esse
2901 5487 3181 5544 Chanaan.
3204 5489 3281 5544 Eo
3298 5490 3442 5544 enim
3465 5491 3652 5546 animo

2071 5578 2288 5634 luerunt
2307 5592 2414 5647 quo
2434 5578 2746 5650 alienigenae
2761 5598 2776 5645 ;
2794 5579 3087 5634 Chananasi
3106 5589 3285 5635 autem
3308 5580 3644 5651 alienigenae,

2071 5680 2125 5725 et
2161 5680 2381 5741 propter
2412 5670 2742 5743 impietatem
2778 5672 3029 5728 infames.
3066 5673 3297 5731 Proinde
3330 5684 3385 5731 et
3422 5676 3644 5743 quidam

451 5848 498 5880 ⁸³
534 5843 637 5901 Job
665 5859 758 5913 xx,
792 5844 880 5901 15.
955 5841 1151 5919 “__Jer.
1179 5858 1315 5911 nu,
1347 5843 1399 5897 5.
1464 5842 1506 5874 ³⁷
1550 5841 1705 5896 Prov.
1740 5856 1793 5908 ι,
1824 5840 1880 5897 2.
1921 5871 1924 5875 ~
1956 5841 1966 5873 ¹

2069 5845 2199 5898 'rov.
2230 5859 2320 5910 xv,
2354 5842 2443 5899 16.
2520 5843 2566 5877 ³³
2604 5843 2764 5903 Prov.
2794 5862 2906 5914 xrt,
2936 5848 2991 5903 8-
