4110 6368
470 375 537 428 29
547 373 570 428 1

1461 370 1520 425 S.
1563 370 1835 427 CYRILLI
1872 372 2343 429 ALEXANDRINI
2381 370 2703 428 ARCHIEP.

3637 375 3743 430 292

471 495 841 560 increpantur,
874 491 1194 546 facinorosae
1227 491 1466 546 audaciae
1499 507 1612 546 suae
1643 495 2048 559 convenienter,

2163 493 2211 547 δὲ
2267 496 2314 547 οἱ
2370 493 2695 555 Χαναναῖοι,
2745 489 2836 542 καὶ
2879 489 2965 542 ἐπ’
3003 488 3257 561 ἀθεότητι
3306 489 3740 562 διαϐεϐλημένον

473 587 778 651 audientes,
814 605 832 636 ι
871 601 1055 640 semen
1087 586 1365 645 Chanaan,
1395 594 1448 640 et
1481 600 1586 639 non
1616 584 1753 640 Juda
1779 586 1844 638 ⁸ο.
1882 604 1901 638 ι

551 859 708 914 Vens.
739 859 793 926 9,
825 860 910 912 10.
952 860 1060 928 ligo
1089 869 1262 911 autem
1294 857 1551 913 Dominus
1579 859 1721 913 Deus
1753 870 1873 915 tum
1901 862 2060 914 eduxi

473 963 522 1004 te
555 955 619 1006 de
652 965 793 1006 terra
821 949 1060 1020 Egypti.
1093 949 1279 1004 Adhuc
1311 951 1548 1004 habitare
1582 962 1630 1005 le
1662 951 1856 1020 faciam
1892 955 1945 1006 in
1981 963 2061 1006 ta-

473 1043 789 1109 bernaculis,
821 1044 950 1096 sicut
983 1043 1037 1095 in
1069 1043 1251 1097 diebus
1282 1042 1648 1096 solemnitatis.
1677 1041 1748 1096 Et
1781 1043 1969 1113 loquar
1992 1045 2060 1097 ad

470 1134 775 1201 prophetas.
815 1130 881 1184 Et
922 1147 1015 1200 ego
1058 1132 1280 1186 visiones
1318 1132 1687 1202 multiplicavi,
1723 1144 1770 1188 et
1807 1135 1863 1187 in
1902 1152 2059 1188 manu

471 1225 842 1294 prophetarum
877 1224 1206 1277 assimilatas
1242 1240 1377 1276 sum.

541 1315 719 1369 CXLI.
761 1316 1022 1370 Chanaan
1054 1314 1343 1385 appellavit
1375 1315 1655 1386 Ephraim,
1691 1326 1749 1371 ut
1779 1317 1911 1385 dixi,
1940 1334 2060 1371 ma-

473 1407 669 1462 uiIeSLe
695 1422 995 1476 coarguens
1020 1416 1077 1459 ut
1106 1407 1381 1460 inimicum
1412 1408 1798 1464 misericordia:
1824 1419 1876 1463 et
1897 1409 2059 1479 justi-

473 1500 589 1563 tiae,
618 1508 671 1553 et
700 1508 994 1553 sectantem
1031 1498 1210 1566 potius
1241 1499 1661 1568 inaequalitatem
1691 1510 1743 1555 et
1776 1502 2058 1555 avaritiam

470 1601 526 1645 et
550 1589 852 1660 iniquitatis
875 1603 1037 1643 omne
1062 1605 1251 1658 genus.
1281 1590 1477 1644 Verum
1508 1607 1636 1647 ecce
1661 1603 1892 1647 conatur
1921 1609 2060 1664 pra:-

471 1697 621 1739 tcrea
651 1685 972 1747 ostendere,
1005 1699 1108 1737 non
1137 1684 1310 1737 solum
1343 1687 1393 1738 in
1423 1686 1586 1741 rebus
1615 1687 1868 1743 humanis
1895 1687 2062 1742 fuisse

473 1777 662 1842 talen‘i,
693 1779 784 1831 sed
813 1778 976 1832 etiam
1010 1777 1446 1846 appropinquare
1477 1777 1588 1832 Deo
1617 1777 1778 1832 rebus
1809 1779 1940 1849 ipsis
1972 1796 2062 1835 rc-

2158 587 2436 656 τοιγάρτοι
2468 585 2563 638 καὶ
2601 581 2938 648 ὠνειδίζοντό
2967 599 3132 646 τινες,
3161 583 3275 647 τοῖς
3307 583 3518 636 ἑαυτῶν
3543 584 3746 657 τολμήο

2163 694 2296 748 μασι
2346 676 2665 748 πρεπόντως
2711 674 3024 740 ἀκούοντες,
3061 693 3080 726 ι
3111 674 3342 747 Σπέρμα
3375 674 3619 741 Χαναὰν,
3651 675 3746 729 καὶ

2160 770 2261 823 οὐκ
2299 768 2490 823 Ἰούδα.
2523 788 2542 821 i

2244 861 2384 931 Ἐγὼ
2413 861 2481 915 δὲ
2505 863 2720 930 Κύριος
2735 863 2768 915 ὀ
2791 856 2935 927 Θὲός
2955 874 3072 914 σου
3103 858 3412 930 ἀνήναγόν
3434 873 3509 913 σε
3529 861 3597 913 ἐκ
3634 859 3747 929 γῆς

2159 953 2616 1023 Αἰγύπτου.”Ετι
2646 952 2921 1007 κατοικιῶ
2950 967 3024 1006 σε
3046 952 3116 1006 ὲν
3143 951 3424 1018 σκηναῖς,
3460 951 3656 1017 καθὼς
3678 953 3746 1004 ὲν

2164 1044 2414 1114 ἡμέραις
2467 1045 2698 1114 ἑορτῆς.
2736 1045 2846 1098 Καὶ
2903 1042 3156 1110 λαλήσω
3211 1042 3358 1112 πρὸς
3411 1041 3741 1111 προφήτας.

2161 1135 2271 1188 Καὶ
2303 1134 2416 1206 ἐγὼ
2449 1134 2688 1203 ὁράσεις
2716 1135 3051 1203 ἐπλήθυνα,
3079 1135 3177 1189 καὶ
3203 1135 3274 1187 ἐν
3310 1135 3482 1204 χερσὶ
3518 1150 3747 1204 προφη-

2162 1224 2282 1280 τῶν
2307 1224 2634 1296 ὡμοιώθην.

2233 1319 2415 1372 ΡΜΑ¹.
2458 1318 2682 1385 Χαναὰν
2732 1317 2986 1390 ὠνόμασε
3035 1317 3127 1372 τὸν
3167 1317 3427 1389 Ἐφραῒμ,
3471 1318 3548 1383 ὡς
3587 1317 3744 1389 ἔφην,

2163 1399 2484 1480 ἀπελέγχων
2511 1411 2778 1482 ἐναργῶς,
2809 1411 2883 1476 ὡς
2921 1412 3007 1482 εἴη
3040 1411 3360 1484 μεμισηκὼς
3385 1411 3532 1475 ἔλεός
3560 1429 3620 1465 τε
3652 1412 3747 1467 καὶ

2164 1504 2357 1574 κρίμα,
2387 1503 2765 1576 ἀνθῃρημένος
2804 1505 2859 1558 δὲ
2897 1505 3098 1575 μᾶλλον
3142 1505 3240 1576 τὴν
3291 1503 3621 1571 πλεονεξίαν,
3653 1507 3748 1559 καὶ

2161 1593 2258 1665 τὴν
2287 1595 2596 1666 ἀνισότητα,
2632 1599 2728 1648 καὶ
2775 1597 2883 1648 πᾶν
2929 1592 3070 1660 εἶδος
3110 1597 3342 1659 ἀδικίας.
3367 1595 3506 1650 Ἀλλ’
3536 1595 3642 1650 ἰδοὺ
3681 1597 3748 1668 δὴ

2163 1684 2326 1738 πάλιν
2357 1687 2619 1756 πειρᾶται
2652 1685 2939 1753 δεικνύειν,
2973 1688 3049 1752 ὡς
3089 1687 3166 1759 μὴ
3196 1688 3358 1760 μόνον
3389 1689 3648 1757 γεγονότα
3678 1690 3748 1743 τὰ

2162 1776 2244 1840 είς
2289 1776 2610 1848 ἀνθρώπους
2659 1778 2920 1842 τοιοῦτον,
2951 1777 3088 1832 ἀλλά
3119 1778 3227 1850 γὰρ
3273 1779 3368 1833 καὶ
3411 1779 3472 1832 τὸ
3511 1777 3748 1849 ἐγγίζειν

472 1884 715 1926 cusassc.
744 1869 1026 1924 Insimulat
1055 1870 1221 1938 igitur
1250 1880 1308 1922 ut
1343 1870 1682 1939 ignorantem
1718 1869 2056 1926 liberatorem

2163 1867 2282 1938 Θεῷ
2313 1868 2403 1921 διὰ
2433 1871 2779 1940 πραγμάτων
2810 1871 2990 1924 αὐτῶν
3019 1868 3472 1943 παραιτούμενον.
3497 1873 3747 1926 Αίτιᾶται

471 1977 655 2025 suum,
689 1972 748 2016 ut
778 1953 1061 2018 vecOrdem
1096 1978 1161 2017 ac
1194 1971 1508 2031 protervum
1542 1964 1801 2019 adversus
1832 1965 2059 2018 educto-

473 2073 587 2112 rem
622 2072 810 2121 suum,
847 2074 866 2107 ι
906 2056 983 2111 De
1015 2056 1176 2112 domo
1209 2055 1515 2123 servitutis,
1553 2057 1607 2111 in
1643 2057 1811 2127 signis
1842 2069 1897 2113 et
1931 2073 2060 2128 por-

474 2148 658 2212 tentis,
682 2158 737 2201 et
758 2148 809 2200 in
830 2147 1052 2202 brachio
1071 2148 1286 2202 excelso
1303 2149 1369 2202 ⁶¹.
1399 2148 1644 2218 ι-ιΕεο
1669 2149 1835 2215 enim,
1864 2151 2058 2220 inquit,

472 2240 633 2294 eduxi
655 2253 750 2292 vos
771 2252 837 2293 ex
872 2238 1126 2310 Egypto.
1152 2259 1170 2291 ι
1201 2240 1334 2293 Dum
1373 2249 1552 2295 autem
1591 2241 1742 2307 dicit,
1783 2259 1801 2292 ι
1827 2243 2012 2308 eduxi,
2035 2261 2054 2295 ι

472 2342 694 2387 revocat
729 2347 828 2387 nos
863 2333 929 2386 ad
971 2332 1288 2387 memoriam
1327 2343 1664 2402 patratorum
1701 2350 1867 2405 super
1902 2337 2053 2404 ipsis,

473 2426 652 2495 quoad
691 2426 746 2480 in
783 2433 984 2479 terram
1020 2425 1266 2495 patribus
1301 2427 1537 2494 ipsorum
1575 2427 1896 2496 promissam
1931 2444 2060 2496 pro-

474 2519 602 2573 fecti
635 2527 779 2573 sunt.
813 2517 887 2571 Ea
921 2528 1183 2573 sexcenta
1218 2529 1367 2585 sunt,
1397 2528 1454 2573 et
1486 2534 1604 2588 qua:
1638 2523 1771 2574 satis
1800 2521 2058 2575 admirari

471 2625 634 2665 nemo
661 2619 860 2678 potest.
888 2608 1098 2663 Nullam
1131 2618 1310 2664 autem
1346 2610 1586 2665 relictam
1618 2611 1721 2666 illis
1749 2615 2058 2669 excusatio-

472 2717 596 2756 nem
615 2702 681 2755 de
696 2701 964 2755 oblivione
982 2702 1172 2755 horum
1195 2701 1370 2766 docet,
1385 2701 1680 2773 adjungens
1697 2721 1742 2758 ει
1762 2703 1950 2758 Adhuc
1964 2704 2060 2758 ha-

472 2795 648 2851 bitare
665 2805 717 2849 te
734 2795 925 2850 faciam
945 2794 997 2848 in
1015 2795 1398 2859 tabernaculis,
1419 2797 1562 2850 sicut
1579 2797 1628 2848 in
1645 2799 1837 2852 diebus
1864 2799 2056 2852 solem-

472 2885 683 2939 nitatis.
709 2905 728 2936 ι
754 2886 904 2952 Quod
947 2884 1076 2954 quid
1123 2884 1212 2942 sit.
1259 2885 1446 2939 audies
1471 2901 1708 2941 rursum.
1732 2887 1834 2943 Lex
1863 2888 2060 2959 Moysis

473 2977 528 3032 in
563 2989 748 3030 mense
773 2975 1022 3043 septimo,
1042 2974 1252 3029 decimo
1277 2975 1467 3043 quinto
1484 2976 1592 3042 die,
1627 2977 1822 3031 festum
1851 2978 2057 3033 Sccno-

473 3069 680 3138 pegize,
717 3083 812 3122 seu
846 3067 1346 3122 Tabernaculorum
1387 3068 1650 3123 celebrari
1681 3071 1862 3136 jussit.
1896 3072 2059 3138 Cujus

473 3177 595 3232 quae
626 3161 793 3215 fuerit
817 3161 1054 3225 occasio,
1091 3161 1204 3229 ipse
1236 3161 1510 3230 Iegislator
1537 3163 1800 3229 declarat,
1829 3167 1894 3218 de
1923 3165 2056 3219 Sce-

474 3251 702 3321 nopegia
739 3251 883 3305 hunc
917 3252 969 3304 in
1009 3253 1223 3310 modum
1262 3253 1490 3322 loquens
1524 3253 1576 3308 in
1615 3251 1858 3309 Levitico
1890 3271 1903 3307 :
1944 3273 1962 3306 ι
2001 3255 2056 3309 In

475 3357 663 3397 mense
701 3343 933 3410 septimo
973 3342 1319 3399 celebrabitis
1364 3345 1556 3414 ipsam.
1597 3345 1653 3398 In
1697 3345 2059 3402 tabernaculis

474 3435 786 3490 habitabilis
832 3443 1037 3506 septem
1090 3437 1225 3491 dies.
1267 3437 1457 3492 Omnis
1504 3437 1756 3508 indigena
1799 3441 1851 3492 in
1896 3438 2057 3492 Israel

475 3526 745 3583 habitabit
789 3528 841 3582 in
887 3529 1273 3583 tabernaculis.
1315 3527 1386 3583 Ut
1423 3529 1639 3582 videant
1681 3532 2058 3599 generationes

474 3631 704 3684 vestrae,
735 3619 879 3688 quod
910 3619 963 3673 in
999 3619 1361 3674 tabernaculis
1390 3619 1636 3674 habitare
1666 3619 1886 3674 fecerim
1918 3620 2059 3676 filios

473 3708 668 3774 Israel,
711 3724 833 3762 cum
879 3709 1162 3764 educerem
1209 3709 1331 3764 illos
1375 3711 1442 3764 de
1483 3719 1628 3764 terra
1667 3709 1906 3780 Egypti.
1946 3708 2059 3781 Ego

476 3802 739 3857 Dominus
775 3802 916 3856 Deus
945 3812 1125 3857 vester
1152 3802 1218 3855 “.
1257 3821 1276 3853 ι
1312 3801 1499 3872 Itaque
1529 3803 1596 3857 ad
1630 3803 2056 3857 recordationem

474 3896 653 3950 exitus
664 3897 729 3949 de
744 3893 978 3966 Egypto
997 3894 1188 3950 festum
1214 3897 1557 3966 peragebant.
1583 3895 1784 3950 Deinde
1801 3897 1896 3958 ait,
1915 3896 2059 3962 Quo-

478 3986 639 4042 modo
668 3987 842 4056 possis
870 3988 973 4040 mei
999 3987 1281 4054 oblivisci,
1309 3989 1399 4057 qui
1429 3989 1591 4042 eduxi
1621 3998 1673 4043 te
1699 4005 1764 4044 ex
1790 3990 2058 4063 1Egypt0,

480 4079 639 4150 175
669 4079 845 4133 adhuc
876 4077 1128 4133 habitans
1158 4079 1210 4132 in
1244 4081 1635 4144 tabernaculis,
1664 4092 1718 4136 et
1750 4083 1924 4151 ipsum
1959 4087 2060 4139 hoc

475 4172 753 4240 negotium
801 4170 1161 4225 solemnitatis
1203 4172 1543 4226 occasionem
1592 4183 1648 4228 et
1698 4189 1917 4229 causam
1965 4179 2060 4230 ha-

476 4264 644 4318 bens?
677 4281 696 4315 ι
734 4263 924 4318 Adhuc
953 4263 1098 4318 enim
1135 4264 1382 4319 habitare
1411 4273 1464 4319 te
1493 4263 1689 4319 faciam
1723 4267 1776 4320 in
1810 4268 2060 4322 taberna-

477 4353 872 4418 culis,utindie
894 4353 1451 4408 festi.i—tHabitare
1471 4362 1524 4408 te
1543 4355 1736 4410 faciam
1767 4374 1786 4408 ι
1810 4357 1908 4421 ait,
1939 4373 2058 4426 pro,

478 4446 725 4500 habitare
757 4455 809 4498 te
843 4444 1001 4509 facio,
1035 4457 1127 4498 aut
1159 4445 1297 4499 facio
1330 4445 1575 4499 habitare
1609 4447 1661 4499 in
1699 4447 2062 4504 tabernaculis

2160 1957 2225 2030 δὴ
2271 1954 2385 2025 οὖν,
2418 1961 2494 2024 ὡς
2539 1962 2848 2032 ήγνοηκότα
2899 1961 2991 2016 τὸν
3031 1961 3326 2035 λυτρωτὴν,
3353 1963 3428 2028 ὡς
3453 1966 3576 2028 ταῖς
3611 1966 3748 2018 ἀπο·-

2161 2051 2331 2116 νοίαις
2361 2053 2791 2126 περιυϐρίσαντα
2819 2054 2910 2108 τὸν
2937 2056 2996 2121 ἐξ
3016 2055 3166 2111 οἴκου
3195 2055 3436 2120 δουλείας
3460 2059 3749 2128 ἐκκεκομι-

2160 2143 2296 2196 κότα
2329 2146 2576 2214 σημείοις
2607 2163 2666 2199 τε
2701 2147 2795 2199 καὶ
2814 2146 3028 2217 τέρασι,
3051 2148 3144 2201 καὶ
3173 2149 3230 2200 ἐν
3255 2148 3480 2219 δυνάμει
3511 2151 3745 2223 μεγάλῃ,

2160 2234 2255 2286 καὶ
2292 2234 2350 2288 ἐν
2383 2233 2629 2306 βραχίονι
2665 2236 2876 2308 ὑψηλῷ.
2925 2257 2944 2289 ι
2976 2237 3120 2306 Ἐγὼ
3162 2224 3289 2311 γὰρ,
3329 2241 3514 2310 φησὶν,
3546 2241 3749 2312 ἀνήγα-

2159 2341 2258 2394 γον
2271 2327 2414 2397 ὑμᾶς
2430 2319 2840 2396 ὲξΑἱγύπτου.ἷ
2863 2330 2954 2384 Ἐν
2971 2330 3028 2383 δὲ
3053 2331 3129 2402 τῷ
3156 2350 3173 2381 ι
3198 2332 3473 2402 ἀνήγαγον
3497 2351 3514 2384 i
3547 2335 3744 2399 εἰπεῖν,

2159 2418 2425 2489 ἀποφέρει
2453 2419 2588 2491 πρὸς
2614 2421 2921 2492 ἀνάμνησιν
2951 2422 3058 2476 τῶν
3085 2424 3172 2477 ἐπ’
3205 2426 3389 2488 αὐτοῖς
3418 2427 3744 2496 γενομένων,

2160 2512 2321 2583 ἄχρις
2347 2512 2413 2566 ἂν
2443 2514 2798 2568 εἰσελάσωσιν
2827 2518 2908 2580 είς
2936 2516 3035 2588 τὴν
3055 2518 3160 2588 γῆν
3183 2518 3282 2587 τὴν
3302 2521 3424 2582 τοῖς
3450 2519 3624 2588 ἁγίοις
3649 2537 3750 2572 πα-

2159 2605 2354 2675 τράσιν
2385 2605 2824 2676 ἐπηγγελμένην.
2867 2609 3052 2680 Μυρία
3080 2609 3136 2662 δὲ
3164 2609 3263 2662 ὅσα
3293 2609 3472 2675 ταυτὶ,
3503 2611 3596 2664 καὶ
3621 2628 3751 2664 παν-

2157 2699 2250 2761 τὸς
2271 2701 2532 2753 ἐπέκεινα
2559 2699 2859 2769 θαύματος.
2876 2700 2998 2753 ’Ότι
3024 2700 3080 2754 δὲ
3103 2702 3472 2772 προφάσιστον
3487 2703 3671 2767 αὐτοῖς
3685 2705 3750 2757 τὸ

2161 2793 2628 2849 ἐπιλανθάνεσθαι
2656 2791 2883 2856 τούτων,
2915 2793 3198 2865 παρέδειξε
3225 2794 3565 2865 προστιθείςθ
3593 2797 3748 2850 ιἜτι

2162 2886 2430 2944 κατοικιῶ
2463 2904 2522 2940 σε
2551 2888 2608 2939 ἔν
2635 2889 2892 2958 σκηναῖς,
2929 2885 3110 2949 καθὼς
3143 2887 3200 2938 ἐν
3231 2885 3465 2956 ἡμέραις
3496 2886 3744 2958 ἐορτῆς.ι

2164 2983 2273 3035 Καὶ
2320 2981 2373 3033 τί
2415 2980 2479 3050 δὴ
2513 2978 2670 3033 τοῦτό
2721 2971 2860 3042 ἔστι,
2891 2977 3067 3050 πεύσῃ
3109 2978 3173 3047 δὴ
3211 2977 3470 3032 πάλιν.⁹0
3501 2977 3590 3031 διά
3622 2979 3754 3033 Mm-

2164 3072 2303 3135 σέως
2333 3070 2670 3144 προστέταχε
2699 3071 2862 3141 νόμος
2890 3072 2947 3123 ἐν
2961 3069 3038 3141 τῷ
3056 3070 3268 3140 ἑϐδόμῳ
3295 3071 3445 3140 μηνὶ,
3471 3074 3536 3141 τῇ
3566 3089 3752 3124 πεντε-

2163 3165 2463 3237 καιδεκάτῃ
2509 3165 2719 3236 ἡμέρᾳ,
2762 3164 2863 3234 τῆς
2917 3164 3286 3235 σκηνοπηγίας
3333 3163 3600 3217 τελεῖσθαι
3653 3163 3752 3235 τὴν

2161 3259 2376 3330 ἐορτήν.
2413 3258 2523 3310 Καὶ
2550 3257 2634 3321 τίς
2665 3259 2696 3326 ἡ
2731 3255 2886 3310 τοῦδε
2917 3255 3209 3326 πρόφασις,
3243 3256 3403 3320 αὐτὸς
3435 3259 3566 3328 ἡμῖν
3591 3258 3620 3310 ό
3651 3275 3755 3310 νο-

2168 3349 2402 3420 μοθέτης
2427 3349 2695 3418 διεσάφει,
2726 3349 2900 3417 λέγων
2943 3348 3072 3420 περὶ
3122 3348 3219 3417 τῆς
3265 3349 3658 3419 σκηνοπηγίας,
3691 3351 3753 3403 ἐν

2163 3441 2241 3511 τῷ
2269 3440 2539 3511 Λευῖτικῷ
2567 3457 2580 3473 ο
2621 3459 2638 3492 ι
2675 3441 2765 3493 Ἐν
2803 3439 2880 3511 τῷ
2920 3441 3052 3511 μηνὶ
3080 3439 3157 3510 τῷ
3206 3440 3418 3512 ἑϐδόμῳ
3457 3442 3747 3514 ἐορτὰσετε

2164 3533 2463 3602 αὑτήν;Ἐν
2496 3535 2724 3603 σκηναῖς
2751 3533 3106 3602 κατοικήσετε
3141 3533 3282 3586 ἐπτά
3313 3533 3545 3604 ἡμέρας.
3573 3534 3688 3597 Πᾶς
3721 3534 3754 3586 ό

2163 3627 2444 3698 αὐτόχθων
2472 3627 2692 3698 Ἰσραὴλ
2723 3627 3040 3698 κατοικήσει
3071 3628 3129 3680 ἐν
3158 3632 3385 3698 σκηναῖς
3405 3645 3418 3658 ο
3450 3632 3599 3693 ὅπως
3630 3629 3756 3684 ἴδω-

2167 3738 2250 3773 σιν
2279 3720 2336 3773 αί
2367 3719 2554 3788 γενεαὶ
2598 3717 2772 3790 ὑμῶν,
2800 3719 2881 3772 ὅτι
2928 3720 2987 3773 ἐν
3043 3723 3270 3792 σκηναῖς
3305 3719 3584 3792 κατῴκισα
3621 3723 3754 3786 τοὺς

2165 3811 2316 3874 υἱοὺς
2335 3810 2576 3881 Ἰσραὴλ,
2608 3810 2665 3862 ἐν
2704 3809 2782 3881 τῷ
2811 3809 3101 3880 ἐξαγαγεῖν
3130 3828 3196 3882 με
3227 3812 3424 3874 αὐτοὺς
3449 3813 3514 3866 ἐκ
3541 3815 3642 3884 γῆς
3663 3815 3756 3867 Αί-

2165 3903 2232 3971 γύ
2243 3919 2396 3957 πτου.
2415 3901 2555 3970 Ἐγὼ
2576 3901 2784 3972 Κύριος
2815 3905 2842 3956 ό
2868 3903 3002 3966 Θεὸς
3039 3903 3211 3973 ὑμῶν.
3232 3922 3249 3954 ι
3270 3904 3382 3956 Ούκ
3403 3904 3497 3958 οὖν
3521 3908 3600 3968 είς
3618 3906 3754 3959 ἀνάε-

2169 4013 2363 4066 μνησιν
2411 3995 2511 4064 τῆς
2559 3993 2737 4058 ἐξόδου
2782 3993 2986 4065 τῆς¹ὲξ
3032 3995 3306 4064 Αἰγύπτου
3355 3998 3753 4068 γεγενημένης,

2166 4085 2382 4139 ἐτέλουν
2411 4085 2509 4155 τὴν
2530 4085 2744 4156 ἑορτήν.
2773 4080 2928 4149 Εἶτα,
2951 4083 3067 4147 πῶς
3091 4083 3156 4137 ἂν
3184 4083 3382 4149 δύναιο,
3427 4086 3610 4156 φησὶν,
3633 4088 3758 4140 ἐπι-

2164 4176 2524 4232 λανθάνεσθαί
2561 4193 2686 4248 μου,
2719 4175 2816 4229 τοῦ
2845 4175 3205 4244 ἐξαγαγόντος
3249 4194 3308 4229 σε
3347 4177 3407 4241 ἐξ
3449 4177 3752 4247 Αἰγύπτου,

2166 4267 2448 4338 γινόμενος
2480 4265 2561 4319 ἔτι
2591 4267 2684 4319 καὶ¹
2716 4267 2822 4320 ὑπὸ
2852 4269 3098 4339 σκηναῖς,
3131 4269 3224 4320 καὶ
3258 4268 3530 4339 πρόφασιν
3557 4269 3754 4341 ἐορτῆς

2165 4359 2225 4412 τὸ
2270 4359 2461 4430 χρῆμα
2511 4359 2868 4430 ποιούμενος;
2925 4361 3088 4414 «Ἔτι
3135 4360 3241 4430 γὰρ
3289 4361 3550 4415 κατοικιῶ
3593 4379 3652 4415 σε
3692 4363 3756 4418 ἐν

2170 4453 2420 4520 σκηναῖς,
2438 4449 2620 4514 καθὼς
2637 4452 2694 4505 ἐν
2710 4451 2894 4523 ἡμέρᾳ
2912 4452 3125 4524 ἑορτῆς.
3143 4471 3159 4502 ι
3184 4452 3276 4516 Τὸ,
3309 4472 3328 4504 ι
3341 4454 3605 4508 κατοικιῶ
3631 4471 3713 4518 σε,
3729 4475 3749 4508 ι

477 4535 534 4590 in
558 4537 746 4590 diebus
772 4536 892 4590 festi
924 4537 1140 4590 horum.
1167 4535 1334 4604 Igitur
1355 4537 1567 4590 defendi
1593 4536 1795 4592 oblivio
1823 4539 1922 4592 ista
1955 4555 2057 4594 non

2166 4543 2331 4613 φησὶν
2370 4544 2490 4597 ἀντὶ
2529 4542 2646 4607 τοῦ,
2684 4543 2998 4609 κατοικίζω,
3046 4545 3164 4616 ἤτοι
3208 4545 3347 4598 ποιῶ
3389 4549 3664 4600 κατοικεῖν
3693 4548 3756 4601 ἐν

478 4634 676 4693 ροιεει.
722 4623 828 4679 Sed
875 4625 1131 4695 cupiebas
1184 4627 1411 4681 forsitan
1463 4626 1766 4681 futurorum
1812 4631 2056 4698 quaadam

479 4729 658 4782 nosse,
685 4724 739 4769 et
771 4717 1045 4785 inquirere
1077 4717 1293 4771 volebas
1322 4719 1592 4772 curiosius
1622 4733 1741 4787 quae
1773 4729 1860 4773 tua
1895 4720 2062 4775 inter-

477 4818 680 4862 essent.
721 4808 786 4862 Et
821 4824 923 4862 cur
954 4810 1135 4879 potius
1169 4810 1348 4864 adires
1385 4810 1549 4864 falsos
1586 4821 1732 4867 vates
1773 4811 1934 4879 Baal,
1968 4825 2061 4866 aut

478 4901 880 4955 commentitios
921 4903 1070 4966 deos,
1124 4903 1273 4954 etab
1314 4901 1446 4969 ipsis
1484 4903 1585 4954 ista
1623 4903 1967 4971 exquireres,
2007 4912 2060 4956 et

478 5008 586 5047 non
621 4993 792 5062 magis
847 4993 1121 5060 sapienter
1153 4995 1496 5047 meminisses
1539 5010 1623 5048 me
1658 4995 1803 5065 loqui
1839 4997 1904 5050 ad
1939 5013 2059 5066 pro-

478 5084 698 5154 phetas,
729 5095 784 5137 et
816 5085 1176 5152 inultiplicare
1208 5086 1440 5140 visiones
1469 5103 1682 5156 quoque
1702 5130 1716 5151 ,
1751 5091 1852 5144 hoc
1883 5101 1997 5154 est,
2029 5108 2058 5144 a

479 5190 565 5230 me
591 5190 806 5229 omnem
834 5190 1142 5230 sermonem
1176 5177 1553 5246 propheticum
1581 5191 1636 5235 et
1666 5180 2056 5251 profecturum,

477 5275 534 5319 et
569 5266 873 5335 profectum
909 5283 1055 5332 esse,
1096 5278 1150 5322 et
1191 5286 1294 5324 non
1337 5270 1405 5324 ab
1444 5273 1625 5341 aliquo
1663 5273 1799 5328 falso
1842 5276 2060 5330 nomine

479 5359 701 5414 deorum
731 5362 979 5416 tuorum?
1003 5363 1130 5417 Mihi
1155 5353 1298 5418 enim
1324 5365 1424 5419 soli
1452 5369 1504 5418 in
1533 5369 1770 5435 acceptis
1799 5367 2062 5422 referetur

479 5458 536 5504 et
563 5449 743 5506 futura
773 5455 935 5518 scire,
968 5467 1023 5508 et
1054 5458 1324 5524 prmterita
1359 5459 1695 5514 meminisse.
1729 5457 1834 5514 Sed
1866 5460 2058 5514 imitati

481 5553 608 5596 sunt
640 5558 748 5609 tne,
779 5547 973 5615 inquit,
1009 5549 1256 5602 hoiiorati
1293 5551 1388 5604 abs
1420 5559 1470 5603 te
1499 5550 1789 5605 adulterini
1827 5563 1977 5606 vates
2007 5563 2063 5606 et

478 5633 775 5702 prophetae.
823 5635 934 5693 IIoc
965 5649 1049 5694 est
1085 5640 1229 5709 quod
1266 5641 1372 5705 ait,
1410 5660 1429 5692 ι
1471 5640 1531 5697 In
1571 5659 1732 5698 manu
1768 5646 2060 5713 propheta-

2165 4640 2412 4706 σκηναῖς,
2450 4638 2506 4690 ἐν
2551 4640 2671 4700 ταῖς
2704 4637 2940 4708 ἡμέραις
2984 4639 3085 4709 τῆς
3127 4640 3220 4692 ἐπὶ
3271 4639 3483 4703 τούτοις
3535 4640 3751 4711 ἐορτῆς.

2166 4728 2375 4781 Οὐκοῦν
2425 4727 2836 4800 ἀπροφάσιστος
2882 4732 2915 4800 ἠ
2970 4729 3129 4801 λήθη.
3175 4730 3315 4784 Ἀλλ’
3366 4730 3580 4800 ἐζήτεις
3623 4731 3754 4795 ἴσως

2164 4817 2362 4870 εἰδέναι
2420 4818 2529 4871 τῶν
2574 4819 2848 4888 ἐσομένων
2904 4821 3062 4885 τινὰ,
3121 4823 3210 4875 καὶ
3275 4823 3752 4894 πολυπραγμονεῖν

2164 4909 2385 4963 ἐδούλου
2416 4911 2490 4966 τὰ
2525 4911 2668 4965 κατὰ
2695 4913 2889 4966 σαυτόν
2911 4929 2926 4944 ο
2962 4914 3057 4966 καὶ
3103 4915 3154 4968 τί
3200 4916 3399 4986 μᾶλλον
3443 4916 3548 4968 ἔδει
3582 4932 3753 4988 προσ-

2167 5000 2302 5052 ιέναι
2346 5002 2459 5063 τοῖς
2496 5000 2889 5071 ψευδομάντεσι
2937 5001 3032 5054 τοῦ
3079 5002 3244 5064 Βάαλ,
3282 5003 3446 5072 ῆγουν
3491 5005 3601 5064 τοῖς
3645 5001 3754 5056 τῶν

2164 5090 2530 5160 ψευδωνύμων
2564 5091 2722 5156 θεῶν,
2751 5092 2844 5145 καὶ
2875 5093 3004 5163 παρ’
3039 5093 3218 5146 αὐτῶν
3249 5095 3314 5147 τὰ
3334 5094 3509 5147 τοιάδε
3547 5093 3752 5164 ζητεῖν,

2167 5183 2260 5234 καὶ
2282 5183 2402 5250 οὐχὶ
2425 5181 2488 5253 δὴ
2513 5183 2711 5252 μᾶλλον
2732 5185 3242 5254 ἀναμιμνήσκεσθαι
3275 5185 3473 5252 σοφῶς,
3503 5187 3582 5239 ὅτι
3606 5186 3755 5238 λαλῶ

2171 5277 2267 5346 μὲν
2308 5275 2417 5340 ἐγὼ
2446 5276 2582 5346 πρὸς
2615 5278 2919 5345 προφήτας,
2950 5277 3227 5348 ἐπλήθυνα
3275 5279 3330 5330 δὲ
3379 5279 3474 5331 καὶ
3506 5278 3752 5348 ὁράσεις,

2160 5368 2428 5430 τουτέστι,
2462 5369 2589 5439 παρ’
2611 5369 2746 5438 ἐμοῦ
2772 5371 2880 5433 πᾶς
2911 5369 3066 5424 ἔσται
3097 5371 3251 5439 λόγος
3278 5370 3635 5440 προφητείας,
3659 5371 3755 5423 καὶ

2161 5459 2263 5527 ἤδη
2311 5459 2556 5527 γέγονεν,
2601 5462 2662 5513 ού
2714 5464 2843 5531 παρ’
2876 5463 3063 5533 ἐτέρου
3107 5480 3200 5516 σου
3239 5463 3348 5518 τῶν
3386 5462 3754 5532 ψευδωνύμων

2159 5549 2318 5604 θεῶν.
2338 5549 2494 5621 Ἐμοὶ
2525 5552 2634 5622 γὰρ
2663 5553 3012 5606 ἀνακείσεται
3045 5553 3214 5624 μόνῳ,
3247 5554 3306 5608 τὸ
3340 5554 3436 5606 καὶ
3459 5553 3654 5607 εἰδέναι
3685 5552 3757 5607 τὰ

2160 5640 2431 5710 ἐσόμενα,
2482 5641 2580 5695 καὶ
2629 5642 2940 5713 μεμνῆσθαι
2984 5643 3093 5696 τῶν
3137 5645 3574 5718 παρῳχημένων.
3614 5642 3755 5697 ’Δλλ’

550 5812 597 5846 ⁶⁰
641 5814 772 5871 Dan.
803 5831 918 5884 xm,
950 5819 1039 5876 56.
1117 5821 1156 5852 ⁶¹
1198 5820 1308 5877 Jer.
1345 5839 1511 5878 χχιιι.
1547 5823 1638 5878 21.
1717 5823 1762 5857 ⁶²
1806 5822 1978 5879 chit.
2018 5838 2172 5890 xm",
2217 5823 2396 5878 11-45.
