4110 6368
402 370 514 437 295

1326 379 1879 445 COMMENTARIUS
1921 386 1987 441 ΙΝ
2028 386 2260 445 OSEAM
2301 391 2751 451 PROPHETAM.

3566 410 3671 465 εθι

403 488 745 559 ἐμιμήσαντό
796 506 898 560 με,
947 494 1129 562 φησιν,
1182 495 1230 547 οἱ
1277 503 1628 571 τετιμημένοι
1683 505 1838 575 παρὰ
1895 506 1965 558 σοὲ

2091 523 2209 562 rum
2246 510 2576 566 :tssintilalus
2606 528 2746 567 sum.
2784 532 2802 565 ι
2839 513 3125 582 Quaerebas
3160 519 3302 576 scire
3335 522 3404 578 ab
3440 523 3546 580 illis
3584 528 3670 581 fu-

400 578 789 650 ψευδομάντεις
838 580 929 633 καὶ
994 582 1460 659 ψευδοπροφῆται.
1517 594 1687 647 Τοῦτό
1739 599 1853 650 ἐστι
1906 599 1989 665 τὸ,

405 690 425 722 ‹
450 670 538 724 Ἑν
570 673 728 742 χερσὶ
756 676 1380 751 προφητῶνώμοιώθην.
1414 702 1432 735 ι
1467 685 1711 757 Ἐζήτεις
1739 690 1868 761 παρ’
1890 692 1989 743 αύ-

397 759 507 812 τῶν
554 760 751 813 εἰδέναι
787 762 852 815 τὰ
886 761 1171 833 μέλλοντα.
1210 764 1363 834 Εἶτα,
1400 775 1527 837 τοὺς
1557 777 1724 846 ἐμοὺς
1760 759 1990 835 πλαττό-

401 868 554 921 μενοι
592 852 802 921 λόγους,
839 855 1029 910 καὶτὰ
1064 854 1173 912 τῶν
1201 857 1350 932 ἐμῶν
1388 868 1682 938 προφητῶν
1729 870 1865 941 ἔργα
1901 892 1989 943 μι-

400 942 681 1013 μούμενοι,
713 944 783 998 τὰ
824 946 931 999 ἀπὸ
959 950 1187 1020 καρδίας
1218 954 1395 1008 αὐτῶν
1424 957 1719 1028 ἡρεύγοντό
1747 979 1850 1018 σοι.
1876 942 1987 1018 Καὶ

394 1033 527 1102 γοῦν
560 1035 825 1107 Ἱερεμίας
852 1038 953 1108 μέν
988 1040 1015 1091 ὁ
1045 1043 1353 1113 προφήτης,
1388 1048 1603 1112 κλοιοὺς
1638 1049 1807 1104 ἐτίθει
1838 1052 1982 1117 ξυλί-

396 1144 522 1191 νους
554 1128 680 1199 περὶ
716 1129 806 1182 τὸν
834 1131 1107 1203 τράχηλον
1144 1126 1329 1199 αὐτοῦ,
1366 1136 1503 1191 Θεοῦ
1533 1138 1593 1191 τὸ
1620 1140 1807 1211 χρῆμα
1833 1142 1995 1210 γενέ-¹

398 1220 521 1274 σθαι
564 1223 1509 1298 προστάττοντος.Ἀντιταττόμενος
1557 1230 1613 1283 δὲ
1658 1233 1771 1295 τοῖς
1818 1233 1981 1286 αὐτοῦ

393 1311 573 1380 λόγοις
618 1316 646 1366 ὁ
676 1313 1129 1389 ψευδοπροφήτης
1155 1318 1429 1383 Ἀνανίας,
1465 1320 1645 1374 λαϐὼν
1697 1323 1980 1396 συνέτριψε

392 1407 519 1467 τοὺς
552 1405 784 1469 κλοιοὺς,
809 1407 911 1478 ἔφη
935 1423 1018 1461 τεο
1047 1408 1265 1474 (Οὕτως
1290 1407 1409 1465 εἷπε
1432 1412 1654 1484 Κύριος
1681 1414 1980 1488 Συνέτριιξια

390 1496 484 1550 τὸν
532 1496 693 1567 ζυγὸν
745 1498 1009 1569 βασιλέως
1058 1502 1399 1567 Βαϐυλῶνος.
1434 1525 1452 1554 ι
1487 1506 1657 1560 Τοῦτό
1700 1508 1863 1574 ἐστιν,
1904 1512 1979 1574 ὡς

392 1590 551 1659 Eqrqv,
604 1590 685 1655 τὸ,
723 1592 851 1644 (Ἑν
903 1594 1060 1663 χερσὶ
1112 1596 1407 1665 προφητῶν
1459 1598 1767 1669 ὠμοιώθην.
1802 1622 1819 1654 ι
1850 1602 1979 1671 Ἔγ-

389 1683 575 1753 κλημα
606 1683 667 1755 δὴ
697 1679 788 1736 οῦν
823 1683 899 1754 τῷ
922 1685 1183 1757 Ἐφραῗμ,
1214 1688 1295 1740 ὅτι
1344 1686 1521 1742 καίτοι
1550 1692 1694 1763 σαφῆ
1724 1692 1822 1764 τὴν
1848 1695 1978 1749 ὑπό-

392 1788 588 1843 μνησιν
632 1773 771 1844 έχων
826 1774 935 1827 ἀπό
958 1793 1021 1843 γε
1071 1776 1170 1847 τῆς
1205 1778 1397 1850 ἑορτῆς
1448 1781 1545 1851 τῆς
1580 1785 1972 1854 σκηνοπηγίας,

2096 608 2236 654 tura.
2262 599 2467 655 Deinde
2493 603 2565 657 illi
2594 620 2743 658 meus
2773 619 3050 663 sermones
3078 608 3370 681 ﬁngentes,
3398 631 3670 672 meorum-

2091 704 2196 759 que
2225 694 2614 762 pr0plietarum
2649 711 2812 771 opera
2844 696 3141 765 imitantes,
3175 702 3241 755 de
3271 706 3526 761 cordibus
3555 710 3669 764 suis

2089 782 2414 839 eructabant
2451 785 2568 839 tibi.
2606 787 2784 853 Quare
2818 788 3081 848 Jeremias
3118 797 3412 865 propheta,
3446 799 3557 854 Deo
3594 801 3666 855 ita

2090 874 2414 941 mandante,
2453 878 2694 945 vincula,
2729 896 2822 937 seu
2860 895 3078 942 catenas
3115 886 3322 959 ligneas
3355 893 3665 964 circumpo-

2088 965 2250 1019 nebat
2286 966 2426 1022 collo
2467 982 2567 1025 suo
2594 970 2659 1024 ⁶³.
2697 972 2795 1037 Qui
2834 984 3010 1029 autem
3046 982 3388 1038 sermonibus
3422 984 3539 1054 ejus
3574 1001 3664 1041 re-

2085 1055 2398 1127 fragabatur
2422 1059 2587 1116 falsus
2612 1064 2871 1132 propheta
2896 1067 3152 1133 Ananias,
3182 1084 3428 1142 arreptas
3453 1080 3660 1133 contri-

2084 1145 2182 1208 vit,
2208 1146 2452 1218 dixitque
2478 1170 2492 1204 :
2526 1169 2544 1202 ‹
2579 1151 2668 1207 Sic
2688 1156 2818 1210 dicit
2844 1156 3104 1215 Dominus
3135 1178 3151 1214 :
3181 1161 3429 1219 Contrivi
3472 1166 3661 1238 jugum

2086 1240 2225 1308 regis
2270 1240 2639 1311 Babylonis“.
2690 1265 2708 1297 ι
2757 1248 2869 1303 lloc
2908 1261 2989 1304 est
3032 1255 3173 1321 quod
3219 1257 3496 1327 dicebam,
3538 1280 3557 1313 ι
3607 1264 3661 1318 in

2082 1344 2242 1383 manu
2281 1336 2660 1403 prophetarum
2699 1341 3026 1397 assimilatus
3060 1361 3201 1399 sum.
3245 1367 3264 1399 ι
3304 1349 3519 1406 Crimen
3555 1354 3660 1424 igi-

2084 1431 2171 1473 tur
2200 1422 2452 1490 Ephraim
2491 1439 2571 1481 est
2615 1436 2779 1498 quod,
2818 1437 3066 1503 quamvis
3104 1452 3132 1490 a
3171 1442 3516 1499 solemnitate
3550 1446 3662 1500 Ta-

2078 1513 2489 1573 bernacnlorum
2529 1524 2809 1580 evidenter
2840 1529 3138 1585 eductionis
3180 1534 3246 1586 de
3280 1533 3515 1605 Egypto
3560 1541 3657 1594 ad»

2082 1622 2411 1677 lllOllel‘eltlt‘,
2445 1614 2863 1673 obliviscebatur
2896 1629 3073 1675 tamen
3117 1623 3243 1689 Dei;
3282 1636 3336 1680 et
3371 1631 3515 1698 quod
3551 1647 3655 1686 non

2077 1700 2255 1771 potius
2287 1703 2460 1771 ipsum
2490 1711 2784 1777 quaerebat,
2816 1724 2873 1765 ut
2902 1713 3209 1782 loquentem
3240 1719 3307 1772 ad
3338 1723 3654 1791 prophetas,

2079 1800 2134 1843 ut
2166 1792 2399 1850 visiones
2434 1799 2910 1871 multiplicantem;
2946 1806 3039 1859 sed
3070 1808 3241 1878 decipi
3273 1825 3332 1864 se
3361 1826 3390 1864 a
3424 1817 3656 1882 pseudo-

386 1863 488 1933 τῆς
513 1862 691 1930 ἐξόδου
724 1865 825 1935 τῆς
856 1866 1134 1934 Αἰγύπτου
1161 1870 1558 1940 γεγενημένης,
1588 1871 1965 1929 ἐπελανθάνετι

388 1951 521 1976 αυξτ
571 1956 740 1976 nam-
896 1956 1048 1976 ,1“,
1164 1960 1176 1975 .
1222 1959 1236 1976 ς
1304 1961 1386 1976 ....
1622 1962 1634 1976 .
1706 1965 1722 1976 ς
1776 1965 1790 1976 .
1841 1965 1862 1976 -

2083 1884 2362 1952 prophetis
2391 1862 2666 1952 pateret-ur
2692 1896 2869 1950 verbis
2897 1909 2952 1952 et
2982 1897 3139 1953 factis
3165 1914 3285 1969 quae
3311 1903 3403 1959 Dei
3437 1910 3655 1976 propria

387 1951 543 2021 Θεοῦ,
570 1956 663 2008 καὶ
684 1956 764 2008 ὅτι
788 1957 861 2027 μὴ
892 1956 1090 2027 μᾶλλον
1118 1959 1278 2012 αὑτὸν
1301 1961 1582 2032 ἐζήτησεν,
1606 1962 1681 2027 ὡς
1706 1965 1974 2021 λαλοῦντα

387 2045 523 2120 πρὸς
567 2050 881 2119 προφήτας,
936 2050 1012 2113 ὡς
1062 2051 1284 2122 ὁράσεις
1332 2052 1751 2126 πεπληθυκότα,
1805 2063 2124 2132 προσέκειτο

387 2141 771 2211 πλαττομένων
797 2142 863 2195 τὰ
893 2145 987 2198 τοῦ
1019 2145 1154 2200 Θεοῦ
1181 2147 1267 2201 διά
1292 2165 1351 2200 τε
1382 2148 1553 2219 λόγων
1576 2153 1671 2205 καὶ
1692 2154 1963 2224 πράξεων.

457 2234 527 2287 El
548 2233 635 2303 μὴ
694 2233 940 2289 Γαλαὰδ
983 2238 1172 2305 ἐστιν,
1228 2234 1343 2309 ἆρα
1387 2243 1632 2312 ψευδεῖς
1690 2243 1853 2317 ἦσαν
1900 2251 1970 2304 ἐν

384 2326 636 2395 Γαλγὰλ
679 2322 967 2395 ἄρχοντες
1021 2332 1407 2402 θυσιάζοντες
1434 2375 1448 2399 ,
1497 2338 1596 2391 καὶ
1644 2340 1718 2393 τὰ
1765 2344 1971 2396 θυσια-

384 2416 603 2486 στήρια
632 2416 833 2470 αὐτῶν
864 2421 945 2487 ὠς
974 2422 1233 2491 χελῶναι
1271 2425 1370 2478 ἐπὶ
1396 2426 1622 2495 χέρσον
1646 2429 1865 2499 ἀγροῦ;

458 2510 633 2564 PMB’.
665 2510 788 2565 ’Ὀτι
859 2515 1213 2584 προσέκειντο
1255 2520 1370 2581 τοῖς
1411 2519 1835 2590 ψευδομάντεσιν
1878 2526 1970 2577 καὶ

382 2598 885 2673 ψευδοπροφήταις,
925 2606 1308 2671 άναϐαίνοντές
1369 2626 1428 2662 τε
1483 2611 1577 2663 καὶ
1624 2610 1839 2677 θύοντες
1891 2615 1971 2679 εἷς

383 2710 445 2745 τε
479 2693 574 2765 τὴν
634 2696 848 2750 Γαλαὰδ
887 2698 980 2750 καὶ
1022 2699 1253 2767 Γαλγὰλ,
1287 2701 1580 2773 ἀπελέγχει
1609 2704 1696 2757 διὰ
1730 2706 1966 2759 τούτων’

382 2782 599 2853 δέχεται
623 2785 679 2839 δὲ
710 2788 845 2856 πρὸς
884 2788 1159 2854 ἀπόδειξιν
1196 2792 1293 2854 τὰς
1324 2791 1417 2845 δύο
1464 2794 1698 2863 μάλιστα
1739 2799 1970 2852 ταυτασὶ

383 2875 589 2941 πόλεις,
624 2878 680 2929 ἐν
712 2871 800 2941 αἶς
837 2874 905 2951 ἦν
949 2882 1299 2952 ἐκτοπωτέρα
1333 2884 1441 2937 τῶν
1480 2886 1654 2941 ἄλλων
1687 2889 1720 2959 ή
1769 2889 1965 2961 πλάνη,

382 2965 478 3019 καὶ
519 2968 665 3031 ἄπας
714 2970 813 3039 μὲν
862 2972 1061 3043 τρόπος
1108 2974 1209 3044 τῆς
1239 2977 1319 3038 εἰς
1371 2976 1503 3030 Θεὸν
1542 2979 1823 3045 εὐσεϐείας
1854 2984 1962 3035 ἀπ-

380 3064 765 3129 εσπουδάξετο,
787 3065 967 3118 πάντα
995 3067 1051 3119 δὲ
1083 3063 1150 3138 ἦν
1173 3070 1229 3121 ἐν
1258 3069 1400 3140 λόγῳ
1428 3070 1496 3123 τὰ
1530 3073 1957 3145 παροτρύνοντα,

381 3154 473 3206 καὶ
506 3155 606 3225 τῆς
659 3158 737 3219 εἰς
770 3158 938 3227 ἄκρον
992 3158 1231 3229 ἡκούσης
1266 3163 1522 3226 ἀπονοίας
1556 3163 1798 3234 έμπλεω.
1848 3170 1958 3221 Καὶ
1985 3162 2025 3216 C

380 3243 511 3311 γοῦν
528 3246 585 3298 ἐν
602 3248 714 3309 τοῖς
740 3248 997 3319 ἀνωτέρω
1026 3267 1093 3301 πε
1104 3251 1154 3320 pi.
1186 3252 1282 3321 μὲν
1306 3252 1404 3323 τῆς
1430 3252 1643 3308 Γαλαὰδ
1663 3255 1766 3327 ἔφη
1790 3256 1920 3322 Θεός
1944 3276 1955 3288 ·

386 3352 404 3383 ι
440 3333 588 3387 Ἐκεῖ
613 3336 989 3409 κατεφρόνησέ
1029 3356 1131 3408 μου
1168 3339 1400 3405 Γαλαὰδ,
1438 3344 1587 3410 πόλις
1616 3347 1957 3420 ἐργαζομένη

382 3426 607 3496 μάταια,
639 3448 656 3480 ι
689 3429 987 3493 τουτέστιν,
1015 3430 1230 3483 εἴδωλα.
1268 3434 1641 3508 Πλαστουργοὶ
1667 3438 1777 3510 γάρ
1809 3440 1962 3493 εἰδώ-

377 3516 484 3570 λων
512 3512 652 3589 ἦσαν
683 3521 729 3571 οἱ
760 3520 817 3572 ἐν
849 3521 1005 3593 αὐτῇ.
1030 3524 1163 3595 Περὶ
1194 3524 1250 3577 δέ
1273 3543 1335 3593 γε
1360 3528 1460 3597 τῆς
1490 3532 1683 3603 ἐτέρας
1705 3548 1717 3559 ·
1750 3534 1958 3595 [Πᾶσαι

377 3608 435 3661 αἱ
484 3610 675 3663 κακίαι
716 3612 894 3667 αὐτῶν
927 3617 1006 3678 εὶς
1041 3616 1285 3686 Γαλγάλ·
1323 3620 1405 3673 ὅτι
1450 3623 1567 3675 ἐκεῖ
1600 3624 1798 3690 αὐτοὺς
1841 3628 1960 3697 ἐμί-

380 3713 520 3768 σησα
549 3700 636 3752 διὰ
682 3701 781 3765 τὰς
822 3704 1023 3769 κακίας
1068 3707 1178 3760 τῶν
1220 3708 1669 3782 ἐπιτηδευμάτων
1708 3717 1904 3775 αὐτῶν.
1931 3738 1950 3770 ›

391 3788 667 3846 Ἐπειπεῖν
696 3792 752 3846 δὲ
784 3794 1082 3864 ἀναγκαῖον
1120 3798 1226 3851 τῶν
1272 3801 1694 3873 συμϐεϐηκότων
1744 3808 1865 3861 τινὰ
1890 3812 1955 3882 τῇ

374 3881 743 3939 Γαλααδιτῶν.
770 3888 1101 3958 Συνήσωμεν
1133 3890 1243 3962 γὰρ
1265 3890 1408 3945 οὕτω
1448 3894 1555 3948 τῶν
1581 3902 1957 3970 προκειμένων

373 3974 466 4029 τὸν
499 3974 643 4029 νοῦν.
668 3977 873 4041 Φούλας
914 3980 1165 4049 βασιλεὺς
1198 3983 1519 4057 Ἀσσυρίων,
1552 3989 1765 4058 πρῶτος
1789 3990 1957 4044 ἐλθὼν

373 4068 519 4121 κατὰ
547 4068 645 4139 τῆς
675 4071 1007 4143 Σαμαρείας,
1048 4074 1376 4144 πρωτόλειον
1414 4075 1603 4151 ῶσπερ
1632 4098 1681 4132 τι
1730 4082 1825 4147 τὰς
1864 4084 1957 4138 δύο

376 4158 547 4227 φυλὰς
576 4161 873 4232 ἐποιήσατο
904 4163 1001 4228 τὰς
1024 4164 1198 4237 πέραν
1224 4166 1318 4219 τοῦ
1351 4168 1634 4239 Ἰορδάνου,
1658 4173 1750 4226 καὶ
1775 4174 1956 4240 πάσας

374 4252 554 4306 αὐτῶν
598 4249 709 4333 εἷλε
747 4255 844 4320 τὰς
893 4257 1100 4321 πόλεις,
1134 4259 1229 4313 καὶ
1258 4260 1366 4332 πρό
1394 4277 1458 4328 γε
1497 4262 1605 4316 τῶν
1640 4264 1814 4318 ἄλλων
1856 4267 1955 4339 τὴν

371 4331 604 4398 Γαλαάδ.
642 4347 845 4401 Τούτου
897 4348 1266 4420 διαμέμνηται
1318 4352 1482 4415 Θεὸς,
1538 4354 1613 4417 ὡς
1664 4357 1720 4407 ἐν
1772 4376 1953 4430 παρα-

370 4435 566 4507 δρομῇ,
601 4438 775 4507 λέγων
799 4456 812 4471 ο
859 4460 876 4491 ι
910 4441 972 4493 Εἰ
1011 4443 1084 4512 μὴ
1119 4442 1333 4497 Γαλαὰδ
1355 4446 1523 4500 ἐστιν.
1556 4467 1574 4498 ι
1611 4448 1671 4500 El
1711 4450 1785 4521 μὴ
1818 4450 1951 4515 ἔστι,

372 4530 527 4598 φησι,
557 4532 650 4583 καὶ
681 4531 756 4603 μὴ
791 4533 1021 4597 σώζεται
1047 4534 1143 4588 νῦν
1168 4539 1200 4605 ἡ
1232 4536 1445 4591 Γαλαάδ
1465 4557 1477 4570 ·
1506 4542 1553 4592 εἰ
1574 4543 1668 4594 καὶ
1691 4543 1953 4612 ἀπόλωλε,

371 4629 465 4675 καὶ
482 4623 580 4674 οὐκ
603 4622 750 4676 ἔστιν
785 4625 841 4691 ἐξ
867 4628 1033 4697 αὐτῆς
1054 4628 1151 4699 τὴν
1183 4630 1273 4682 τοῦ
1306 4632 1547 4703 Ἐφραῒμ
1575 4634 1789 4703 ἐλέγξαι
1817 4656 1957 4710 παρ-

366 4713 562 4777 οινίαν,
586 4715 671 4768 διὰ
697 4715 756 4767 τὸ
789 4718 864 4787 μὴ
900 4718 1130 4786 ὁρᾶσθαι
1162 4722 1301 4782 νυνὶ,
1333 4718 1440 4795 ἆρα
1471 4725 1566 4775 καὶ
1600 4726 1646 4776 οἱ
1680 4725 1958 4792 θυσιάζον-

366 4822 459 4869 τες
499 4808 758 4875 άρχοντες
794 4810 851 4859 ἐν
886 4812 952 4879 τῇ
988 4810 1204 4879 Γαλγὰλ
1252 4812 1463 4881 ψευδεῖς
1511 4809 1673 4882 ἦσαν,
1722 4817 1814 4868 καὶ
1858 4820 1955 4871 οὐκ

365 4899 607 4969 ἀληθεῖς.
646 4900 862 4969 Γαλγὰλ
893 4902 947 4953 δὲ
980 4904 1132 4967 πόλις
1163 4906 1280 4957 ἐστὶ
1309 4907 1417 4959 τῶν
1452 4909 1717 4978 Ἰορδάνου
1756 4912 1952 4983 πέραν,

364 4986 482 5063 ἐνῇ
521 4992 754 5062 μάλιστα
790 4995 1173 5065 συντρέχοντες
1210 5001 1395 5069 μικροὶ
1425 5000 1519 5053 καὶ
1554 5003 1801 5073 μεγάλοι,
1836 5008 1947 5069 τοῖς

362 5084 461 5152 τῆς
507 5084 924 5157 εἰδωλολατρίας
973 5091 1325 5160 προσέκειντο
1373 5094 1690 5165 μολιδσμοῖς.
1741 5099 1950 5152 Οὐκοῦν

361 5178 410 5227 εὶ
446 5174 520 5246 μὴ
551 5174 749 5249 ἐστινὴ
772 5179 1004 5245 Γαλαὰδ,
1038 5177 1148 5252 ἆρα
1164 5183 1247 5247 τίς
1266 5184 1413 5237 ἐστιν
1450 5188 1478 5238 ὁ
1508 5188 1674 5255 φάναι
1708 5189 1942 5261 τολμῶν,

358 5269 442 5320 ὅτι
476 5271 569 5321 καὶ
608 5271 657 5321 οἱ
690 5270 1038 5336 θυσιάζοντες
1073 5274 1332 5345 ἄρχοντες
1372 5280 1449 5340 είς
1488 5279 1703 5348 Γαλγὰλ
1732 5281 1944 5350 ψευδεῖς

356 5351 521 5426 ἦσαν,
566 5358 661 5410 καὶ
706 5359 806 5411 οὐκ
839 5360 1094 5432 άληθεῖς;
1174 5404 1189 5417 .
1269 5403 1285 5419 .
1364 5406 1376 5419 .
1460 5410 1473 5421 .
1554 5407 1569 5422 .
1648 5410 1662 5423 .
1743 5411 1755 5423 .
1838 5411 1851 5425 .
1932 5412 1945 5425 .

352 5638 741 5713 θυσιαστήρια,
807 5645 1068 5715 χελώναις
1117 5650 1173 5703 ἐν
1226 5649 1324 5722 ἴσῳ
1378 5655 1497 5716 ταῖς
1544 5655 1664 5707 κατ’
1712 5656 1937 5725 ἀγρούς.

2079 1987 2207 2030 sunt
2235 1981 2641 2039 mentientibus.

2185 2071 2241 2124 δέ
2313 2076 2514 2144 μᾶλλον
2540 2081 2658 2145 ταῖς
2699 2081 2809 2135 τῶν
2873 2083 3330 2164 ψευδοπροφητῶν
3389 2092 3652 2162 ἀπάταις.

2155 2254 2313 2312 Vens.
2356 2260 2440 2314 Η.
2482 2261 2539 2317 Si
2576 2263 2782 2320 Galaad
2816 2286 2916 2324 mm
2953 2282 3059 2337 est,
3096 2292 3217 2328 num
3256 2276 3379 2344 falsi
3413 2292 3563 2334 erant
3596 2283 3654 2337 in

2068 2346 2257 2418 Galgal
2287 2354 2543 2420 principes
2578 2357 2932 2427 immolantes,
2971 2376 3017 2418 et
3053 2366 3245 2421 altaria
3278 2387 3458 2424 eorum
3494 2377 3650 2443 quasi

2069 2443 2350 2497 testudines
2380 2462 2537 2514 super
2564 2450 2827 2505 desertum
2862 2458 3020 2523 agri?

2139 2531 2343 2587 CXLII.
2386 2536 2642 2595 Addictos
2672 2541 2823 2599 falsis
2848 2549 3060 2603 vatibus
3085 2560 3139 2604 et
3171 2549 3319 2607 falsis
3350 2556 3648 2624 prophetis,

2068 2626 2531 2697 ascendentesque
2559 2641 2613 2685 et
2646 2636 3017 2694 sacrificantes
3048 2641 3099 2694 in
3132 2641 3335 2699 Galaad
3367 2657 3419 2701 et
3452 2647 3644 2721 Galgal

2068 2714 2152 2770 his
2185 2719 2365 2773 verbis
2408 2723 2769 2790 reprehendit.
2816 2727 3301 2791 Demonstrationis
3342 2752 3470 2806 ergo
3511 2745 3650 2799 duas

2066 2809 2225 2865 hasce
2250 2813 2501 2870 civitates
2527 2819 2867 2884 potissimum
2896 2828 3110 2896 accipit,
3141 2828 3190 2882 in
3216 2832 3412 2898 quibus
3435 2836 3650 2905 vigebat

2064 2904 2307 2960 seductio
2340 2910 2646 2977 euormius,
2682 2924 2736 2967 et
2767 2917 2943 2971 omnis
2979 2920 3117 2973 ratio
3150 2921 3369 2990 pietatis
3403 2939 3650 2983 contem-

2068 2994 2315 3062 uehatur,
2332 3000 2619 3071 omniaque
2639 3007 3072 3075 magniﬁcabant,
3093 3027 3213 3082 qua:
3232 3016 3442 3070 animos
3465 3018 3649 3074 incen-

2067 3085 2277 3147 derent.
2298 3099 2351 3142 et
2375 3099 2616 3147 extrema
2640 3106 2821 3150 essent
2849 3099 3006 3168 plena
3036 3103 3270 3159 insania.
3299 3107 3459 3180 176
3482 3109 3648 3180 Igitur

2060 3195 2219 3246 supra
2245 3182 2309 3236 de
2334 3180 2534 3239 Galaad
2563 3188 2701 3243 dixit
2730 3190 2905 3245 Deus:
2938 3212 2956 3244 ι
2986 3191 3059 3247 lbi
3086 3200 3407 3268 contempsit
3433 3218 3518 3256 me
3540 3188 3649 3258 Ga-

2062 3270 2202 3335 laad.
2228 3274 2418 3330 civitas
2443 3291 2673 3345 operans
2695 3297 2831 3336 vana
2856 3284 2922 3349 “,
2955 3304 2973 3337 ι
3007 3287 3107 3342 hoc
3132 3298 3236 3354 est,
3262 3291 3426 3346 idola.
3453 3293 3647 3351 Incolae

2063 3363 2205 3416 enim
2236 3365 2377 3421 illius
2406 3369 2671 3426 idolorum
2704 3375 2943 3431 artifices
2969 3392 3143 3435 erant.
3174 3383 3245 3438 De
3278 3386 3446 3441 altera
3470 3404 3601 3445 vero
3628 3408 3644 3444 :

2068 3471 2085 3503 ‹
2119 3453 2321 3510 Omnes
2352 3461 2604 3528 nequitiae
2631 3478 2817 3519 eorum
2851 3469 2901 3520 in
2932 3469 3141 3542 Galgal,
3174 3477 3296 3543 quia
3328 3478 3398 3531 ibi
3430 3482 3515 3534 odi
3549 3497 3647 3538 eos

2059 3556 2280 3612 propter
2304 3549 2535 3604 malitias
2563 3553 3003 3612 adiuventionum
3033 3578 3219 3616 eorum
3243 3565 3307 3622 ⁸⁵.
3342 3587 3360 3619 ι
3394 3568 3507 3624 Νοιι
3538 3574 3644 3627 erit

2062 3634 2156 3688 alis
2186 3650 2242 3689 re
2268 3639 2522 3693 nonnulla
2556 3642 2800 3711 proferre
2830 3647 2883 3700 in
2917 3651 3171 3715 medium,
3200 3671 3319 3724 qua:
3345 3658 3643 3721 Galaaditis

2060 3725 2369 3781 acciderunt
2405 3748 2419 3784 :
2452 3731 2531 3785 sic
2566 3735 2708 3787 enim
2746 3752 2935 3795 sensus
2965 3744 3250 3800 verborum
3284 3751 3638 3811 adductorum

2061 3815 2305 3885 liquebit.
2334 3818 2533 3878 Phulas
2559 3838 2650 3878 rex
2682 3828 3049 3900 Assyriorum,
3084 3837 3173 3904 qui
3208 3840 3416 3907 primus
3450 3843 3643 3901 Sama-

2058 3909 2194 3963 riam
2241 3911 2464 3969 adortus
2507 3928 2623 3981 est,
2668 3921 2833 3977 veluti
2874 3925 3141 3992 primitias
3180 3933 3280 3986 sibi
3326 3932 3456 3991 fecit
3503 3940 3641 3997 duas

2060 4001 2233 4057 tribus
2264 4016 2412 4061 trans
2433 4006 2746 4079 Jordanem,
2772 4030 3069 4087 omnesque
3096 4038 3281 4079 earum
3314 4029 3475 4085 urbes
3507 4034 3639 4088 sub-

2058 4094 2200 4161 egit,
2230 4106 2284 4149 et
2314 4108 2441 4153 ante
2474 4101 2607 4157 alias
2639 4102 2859 4162 Galaad.
2898 4109 3099 4166 Horum
3132 4117 3279 4172 velut
3315 4120 3366 4174 in
3407 4126 3636 4180 transitu

2058 4186 2304 4241 meminit
2327 4188 2488 4256 Deus,
2512 4193 2698 4251 dicens
2722 4214 2735 4250 :
2768 4215 2788 4249 ι
2818 4197 2873 4253 Si
2902 4200 3103 4259 Galaad
3130 4222 3233 4261 non
3259 4221 3359 4265 est.
3391 4232 3413 4265 ›
3443 4214 3501 4269 Si
3530 4233 3636 4273 non

2057 4289 2160 4341 est,
2186 4279 2378 4350 inquit,
2405 4294 2460 4338 et
2487 4302 2629 4343 nunc
2660 4290 2804 4344 salva
2836 4308 2940 4348 non
2972 4307 3053 4351 est
3088 4299 3320 4371 Galaad;
3350 4308 3393 4360 si
3425 4316 3479 4363 et
3509 4326 3635 4380 per-

2058 4370 2145 4434 iit,
2179 4389 2281 4427 nou
2310 4387 2391 4430 est
2418 4393 2486 4432 ex
2513 4394 2574 4434 ea
2608 4381 2860 4451 Ephraim
2892 4392 3215 4461 redarguere
3242 4370 3626 4470 petulantiam,

1987 4508 2032 4562 Β
2060 4463 2185 4531 quia
2228 4480 2369 4520 nunc
2410 4484 2514 4522 non
2551 4472 2785 4542 videtur;
2825 4494 2947 4532 nam
2989 4491 3041 4536 et
3078 4463 3445 4545 sacriﬁcantes
3486 4496 3636 4561 prin-

2061 4554 2208 4623 cipes
2239 4556 2290 4610 in
2323 4557 2507 4628 Galgal
2539 4567 2824 4622 mendaces
2855 4582 3031 4637 erant,
3063 4584 3116 4628 et
3151 4592 3255 4631 non
3284 4582 3416 4635 veri.
3447 4582 3633 4655 Galgal

2054 4648 2307 4715 Oppidum
2332 4663 2414 4706 est
2442 4665 2589 4708 trans
2608 4654 2917 4729 Jordanem,
2943 4663 2993 4716 in
3017 4681 3175 4734 quam
3202 4673 3351 4739 parvi
3375 4685 3425 4727 et
3453 4648 3631 4746 magni

2053 4741 2386 4798 conﬂuentes
2433 4763 2551 4802 sese
2600 4750 2913 4809 idololatriae
2960 4761 3208 4815 sordibus
3257 4764 3628 4834 inquinabant.

2052 4833 2235 4903 Itaque
2272 4838 2316 4890 si
2360 4855 2463 4893 non
2505 4853 2585 4896 cst
2626 4844 2844 4915 Galgal,
2881 4866 3009 4906 num
3050 4855 3171 4922 quis
3214 4858 3393 4913 dicere
3435 4863 3629 4930 audet,

2057 4926 2218 4978 etiam
2247 4930 2617 4987 sacriﬁcantes
2644 4938 2911 5007 principes
2942 4942 2993 4994 in
3023 4944 3210 5015 Galgal
3240 4946 3405 5004 falsos
3431 4966 3493 5006 ac
3524 4968 3629 5007 non

2053 5018 3627 5099 verosfuisse?..............

2055 5146 2068 5159 .
2138 5149 2152 5162 .
2225 5149 2238 5162 .
2307 5148 2322 5163 .
2395 5154 2409 5166 .
2478 5116 2688 5170 excelsa
2732 5130 2787 5174 et
2830 5128 3121 5195 conSpicua
3170 5130 3473 5186 simulacris
3516 5135 3628 5188 eri-

2049 5212 2238 5270 gentes
2274 5205 2495 5269 altaria,
2528 5210 2724 5264 similia
2764 5218 3120 5275 testudinibus
3157 5221 3212 5274 in
3248 5237 3397 5291 agro.
3432 5223 3619 5279 Testu-

2049 5295 2201 5349 dines
2230 5312 2348 5351 esse
2379 5300 2540 5363 dicit,
2571 5319 2675 5357 non
2708 5305 2795 5359 illa
2828 5309 3111 5378 animalia,
3144 5328 3275 5368 cave
3310 5327 3496 5384 putes;
3529 5321 3624 5374 sed

2049 5403 2271 5457 aggeres
2304 5392 2594 5454 excitatos.
2626 5412 2761 5465 quos
2793 5402 3011 5469 quidam
3044 5405 3110 5456 ad
3140 5421 3334 5474 aquam
3372 5409 3422 5461 in
3458 5412 3625 5467 colles

2047 5481 2392 5536 derivandam
2430 5484 2636 5541 faciunt
2667 5509 2679 5544 :
2717 5492 2995 5549 innumera
3031 5498 3172 5551 enim
3213 5500 3514 5568 hujnsmodi
3553 5506 3622 5561 ab

2044 5573 2294 5640 agricolis
2332 5578 2560 5634 solerter
2593 5585 2894 5652 excogitata
2935 5598 3079 5642 sunt.
3120 5588 3400 5661 Principes
3440 5606 3620 5652 abtem

2044 5666 2419 5723 sacriﬁcantes
2438 5673 2700 5743 nominat,
2721 5686 2812 5731 aut
2838 5680 3098 5736 exercitui
3130 5684 3415 5753 praefectos
3440 5700 3491 5744 et
3512 5690 3622 5745 dis-

418 5824 467 5855 ⁸³
504 5824 612 5881 Jcr.
644 5843 813 5899 xxvtt,
843 5830 895 5885 2.
976 5832 1019 5863 ⁶¹⁵
1059 5833 1166 5891 Jer.
1206 5852 1391 5904 xxvm,
1427 5840 1511 5895 ll.
1590 5844 1631 5874 ⁸³
1673 5841 1794 5898 Ose.
1826 5858 1898 5908 vn,
1934 5842 1963 5895 7

2096 5846 2140 5877 ⁸⁸
2180 5846 2300 5903 Οδιι.
2340 5849 2527 5907 13.15.
