4110 6368
433 381 543 441 τεεί

1430 374 1489 429 8.
1532 370 1809 428 ΩῚἮΙΙᾸᾸ
1850 365 2319 425 ΑιΕΧΑΝῡιιιΝΙ
2360 364 2680 423 ABCHIEP.

3608 356 3714 413 296

434 493 649 565 elplime
683 488 936 545 militaris
968 489 1167 554 duces;
1218 494 1312 541 aut
1345 495 1495 542 certe
1542 500 1610 542 ex
1645 486 1848 540 familia
1886 484 2014 540 Levi
2047 552 2049 557 γ

2148 482 2379 547 [ελώνας
2416 482 2474 535 δὲ
2518 475 2662 534 εἷναί
2696 495 2883 550 φησιν,
2916 476 3036 548 ούχί
3068 475 3133 547 δὴ
3160 473 3231 529 τά
3271 472 3403 539 ζῶα,
3438 471 3515 543 μὴ
3556 470 3714 525 τοῦτο

435 594 771 655 procreatos,
809 595 972 653 penes
1015 594 1151 648 quos
1196 590 1315 635 erat
1360 594 1427 633 ex
1475 577 1593 649 lege
1637 579 1968 648 principatus
2005 591 2019 629 :

437 690 563 734 nam
591 681 648 729 et
676 672 803 740 ipsi,
840 683 962 724 cum
990 670 1111 724 aliis
1142 668 1310 738 lapsi,
1345 667 1653 723 servierunt
1689 667 2024 737 sculptilibus

436 778 542 817 non
581 762 736 831 pauci
775 775 1025 815 numero.
1070 759 1339 829 Scriptum
1382 768 1464 814 est
1510 759 1679 828 igitur
1711 760 1851 827 apud
1888 758 2024 813 Eze-

434 856 663 911 chielem
686 874 702 908 :
726 872 747 906 ι
778 854 904 908 Ideo
926 854 1044 908 haec
1064 853 1193 907 dicit
1216 852 1476 907 Dominus
1494 873 1506 908 :
1524 851 1716 907 Omnis
1738 851 2027 906 iiliusalie-

437 948 632 1017 nigena
668 947 1087 1002 incircumcisus
1124 945 1288 1000 corde
1314 952 1372 999 et
1399 943 1815 999 incircumcisus
1840 957 2026 1009 carne,

436 1053 544 1093 non
587 1037 920 1108 ingredietur
955 1036 1007 1091 in
1052 1044 1240 1090 sancta
1286 1049 1404 1087 mea
1455 1033 1507 1088 in
1552 1032 1807 1089 omnibus
1842 1032 2032 1088 alieni-

434 1130 589 1199 genis
624 1130 714 1198 qui
750 1138 877 1184 sunt
914 1129 966 1182 in
1004 1127 1182 1181 medio
1216 1126 1410 1181 domus
1444 1124 1643 1191 Israel;
1676 1124 1769 1180 sed
1804 1121 2029 1189 Levitae,

438 1225 530 1292 qui
561 1223 893 1278 resiluerunt
924 1236 952 1273 a
985 1234 1104 1286 me,
1133 1234 1258 1273 cum
1291 1225 1506 1274 erraret
1537 1216 1705 1273 Israel
1731 1231 1759 1270 a
1794 1230 1880 1271 me
1914 1225 2035 1285 post

438 1315 800 1380 cogitationes
821 1328 968 1378 suas,
992 1324 1047 1368 et
1068 1312 1337 1380 accipient
1361 1309 1707 1381 iniquitatem
1731 1323 1884 1365 suam
1905 1308 1973 1363 ⁸⁷.
2006 1327 2025 1360 ι

2130 574 2382 646 νομίσῃς,
2414 572 2553 626 ἀλλά
2586 572 2696 642 γάρ
2744 569 2845 634 τὰς
2878 567 2986 621 τῶν
3023 565 3296 638 χωμάτων
3335 564 3606 635 ἐγέρσεις,
3648 559 3715 624 ἃς

2132 665 2371 720 ποιοῖντό
2424 680 2603 729 τινες,
2657 664 2737 726 είς
2787 660 3012 735 βουνοὺς
3057 656 3535 731 ἀναλαμϐάνοντες
3590 655 3715 719 τοὺς

2133 757 2505 832 ὑδραγωγούς.
2554 756 2743 828 Μυρία
2782 754 2840 808 δέ
2893 754 2996 807 ὅσα
3042 751 3269 807 τοιαῦτα
3313 751 3424 814 τοῖς
3456 746 3717 819 γηπόνοις

2132 850 2518 906 ἐσπούδασται.
2550 849 2852 920 Ἀρχοντας
2878 845 2935 899 δέ
2966 860 3100 915 φησι
3121 842 3474 909 θυσιάζοντας
3499 840 3534 911 ἢ
3564 852 3718 908 στρα-

2134 943 2361 1013 τηγοὺς,
2386 942 2481 996 καὶ
2515 941 2624 995 τῶν
2656 938 2933 994 τακτικῶν
2958 937 3317 1010 ἡγουμένους,
3355 935 3389 1005 ἢ
3426 931 3559 1003 γοῦν
3595 930 3718 993 τοὺς

2136 1035 2198 1100 ἐξ
2234 1036 2466 1106 αἵματος
2509 1033 2663 1099 Λευῒ,
2702 1034 2804 1105 τὴν
2852 1035 2917 1087 ἐκ
2945 1031 3111 1103 νόμου
3153 1028 3485 1102 φρονοῦντας
3514 1026 3717 1096 ἠγεμο-

2132 1129 2274 1183 νίαν.
2306 1126 2727 1183 Συναπὼλισθον
2756 1125 2867 1198 γάρ
2902 1125 2999 1179 καὶ
3044 1123 3200 1178 αὐτοὶ
3238 1124 3349 1185 τοῖς
3390 1119 3594 1181 ἄλλοις,
3628 1114 3721 1167 καὶ

2133 1220 2528 1295 λελατρεύκασι
2568 1222 2680 1283 τοῖς
2707 1219 2969 1289 γλυπτοῖς
3000 1215 3102 1269 ούκ
3143 1214 3315 1283 ὀλίγοι
3339 1212 3431 1266 τὸν
3463 1206 3698 1282 ἀριθμόν

2134 1307 2451 1379 Γέγραπται
2501 1303 2596 1362 οὖν
2621 1309 2679 1361 ἐν
2708 1306 2790 1379 τῷ
2845 1305 3149 1377 Ἱεζεκιήλι·
3194 1322 3212 1355 ι
3246 1302 3346 1357 Διά
3392 1297 3554 1355 τοῦτο
3595 1295 3718 1350 τάδε

435 1399 587 1478 λέγει
617 1408 820 1480 Κύριος
846 1410 875 1461 ό
905 1407 1067 1470 Θεός·
1092 1407 1209 1470 Πᾶς
1276 1407 1392 1470 υίὸς
1424 1404 1724 1490 ἀλλογενὴς
1793 1405 2166 1476 ἀπερίτμητος
2228 1402 2450 1476 καρδίᾳ,
2482 1403 2576 1456 καί
2596 1400 2973 1474 ἀπερίτμητος
3012 1400 3202 1471 σαρκὶ,
3235 1398 3336 1451 οὐκ
3357 1391 3723 1449 εἰσελεύσεται

439 1476 522 1565 εἰς
558 1502 627 1555 τά
660 1476 793 1569 ἅγιά
846 1517 971 1571 μου,
1025 1501 1084 1553 ἐν
1123 1500 1292 1550 πᾶσιν
1346 1499 1480 1561 υἱοῖς
1533 1480 1839 1565 ἀλλογενῶν
1864 1536 1879 1559 ,
1936 1496 2047 1549 τῶν
2116 1496 2286 1549 ὅντων
2316 1496 2374 1548 ἐν
2417 1493 2566 1565 μέσῳ
2595 1493 2746 1546 οἴκου
2788 1489 3042 1563 Ἰσραήλ·
3082 1488 3197 1543 ἀλλ’
3225 1488 3260 1560 ἢ
3319 1487 3369 1540 oi
3400 1479 3643 1543 Λευῖται.
3672 1476 3727 1529 οἵ

438 1612 585 1660 τινες
605 1568 882 1667 ἀφήλαντο
910 1592 1005 1646 ἀπ’
1025 1589 1160 1662 ἐμοῦ
1183 1590 1244 1643 ἐν
1271 1590 1348 1661 τῷ
1370 1587 1677 1644 πλανᾶσθαι
1700 1588 1790 1642 τὸν
1817 1588 2037 1660 Ἰσραὴλ
2072 1589 2170 1642 ἀπ’
2198 1585 2359 1658 ἐμοῦ,
2413 1583 2741 1640 κατόπισθεν
2804 1583 2914 1636 τῶν
2941 1581 3346 1652 ἐνθυμημάτων
3392 1574 3597 1637 αὐτῶν,
3628 1568 3723 1623 καὶ

441 1686 702 1757 λήψονται
725 1682 824 1754 τὴν
846 1681 1060 1735 ἀδικίαν
1082 1680 1284 1735 αὐτῶν.

514 1754 678 1832 Vsus.
714 1774 802 1829 12.
839 1774 903 1828 Et
941 1774 1151 1827 recessit
1184 1772 1352 1826 Jacob
1385 1771 1440 1824 in
1477 1788 1719 1840 campum
1754 1768 1950 1840 Syria',
1985 1780 2033 1823 et

2206 1762 2316 1819 Kal
2345 1762 2735 1833 ἀνεχώρησεν
2762 1757 2962 1814 Ἰακὼϐ
2994 1758 3081 1823 εἰς
3114 1754 3325 1809 πεδίον
3350 1754 3589 1823 Συρίας,
3622 1754 3723 1808 καὶ

441 1873 648 1927 servivit
681 1866 852 1923 Israel
882 1867 937 1920 in
970 1883 1153 1932 uxore,
1186 1875 1236 1920 et
1268 1867 1322 1918 in
1359 1881 1521 1918 uxore
1552 1864 1856 1917 custodiuit.

522 2095 679 2167 177
720 2092 943 2150 CXLIII.
985 2091 1068 2146 Ad
1100 2088 1341 2162 primaevi
1396 2086 1567 2158 patris
1616 2085 2033 2158 germanitatem

450 2192 878 2257 bonitatemque,
916 2193 972 2238 et
995 2198 1062 2239 ex
1101 2200 1167 2238 eo
1211 2180 1619 2253 progenitorum
1649 2177 1936 2233 stultitiam
1985 2186 2041 2232 et

450 2283 782 2353 impietatem
815 2274 1268 2333 considerandam
1301 2273 1462 2333 redit,
1486 2281 1544 2326 et
1581 2271 1724 2326 illius
1758 2272 1813 2324 in
1856 2271 2041 2341 parvis

452 2376 616 2431 rebus
681 2371 1025 2427 tolerantiam
1098 2365 1249 2422 velut
1302 2364 1627 2419 admiratur.
1675 2362 1879 2418 Deinde
1917 2376 2037 2417 eam

455 2469 626 2538 ipsam
655 2465 721 2520 ad
755 2459 1240 2533 reprehensionem
1297 2456 1525 2528 ignaviae
1571 2456 1758 2510 decem
1796 2454 2033 2509 tribuum

455 2561 510 2616 in
564 2560 725 2615 rebus
780 2554 1036 2612 maximis
1113 2550 1512 2607 accommodat.
1573 2547 1855 2616 Quomodo
1893 2547 2037 2602 enim

456 2668 562 2718 non
614 2661 760 2707 esset
791 2645 1140 2705 admirationi
1172 2643 1379 2709 Iacob,
1414 2643 1506 2714 qui
1539 2642 1675 2697 adeo
1703 2640 1958 2697 molestos
1986 2647 2043 2694 et

455 2745 547 2799 vix
578 2738 918 2798 sufferendos
949 2737 1162 2793 labores
1200 2734 1478 2797 exhausit,
1513 2742 1568 2788 et
1593 2744 1814 2803 propter
1846 2745 2043 2786 uxores

457 2832 733 2891 ducendas
814 2825 1139 2885 mercenarii
1226 2825 1345 2880 loco
1420 2822 1605 2879 Laban
1672 2821 1881 2877 servire
1935 2834 2042 2875 non

460 2925 736 2983 recusavit
759 2921 847 2976 “‘2
880 2920 988 2976 Sed
1022 2918 1271 2988 quamvis
1325 2915 1483 2986 primi
1530 2913 1772 2984 parentis
1840 2926 2045 2966 urerces

462 3021 658 3090 exigua
692 3016 871 3077 fuerit,
903 3013 1236 3068 connubium
1290 3009 1564 3075 videlicet,
1599 3015 1657 3060 ut
1694 3003 1825 3069 dixi,
1868 3013 2047 3059 custo-

466 3110 598 3165 divit
632 3118 827 3170 tamen,
856 3115 911 3160 et
942 3102 1179 3159 servavit
1214 3100 1397 3167 (idem,
1426 3100 1517 3170 qui
1556 3098 1605 3152 ei
1642 3096 2046 3151 matrimonium

467 3202 738 3273 promisit.
795 3196 1086 3253 Laboravit
1138 3204 1317 3249 autem
1366 3208 1470 3247 non
1517 3206 1614 3261 pro
1684 3189 1894 3260 patria,
1954 3197 2049 3242 aut

470 3306 639 3361 terra,
670 3302 765 3349 aut
803 3292 963 3347 domo
1002 3304 1101 3344 sua
1142 3304 1158 3354 ;
1205 3287 1299 3342 sed
1346 3288 1575 3348 advena,
1601 3291 1658 3337 et
1689 3282 1740 3335 in
1769 3280 2053 3351 peregrina

471 3388 693 3457 regione
739 3396 1103 3440 commorans.
1151 3377 1219 3434 Et
1262 3376 1385 3432 talis
1424 3375 1646 3447 quidem
1703 3381 1823 3428 erat
1865 3370 2053 3426 Jacob.

474 3478 768 3534 Videamus
793 3489 939 3530 nunc
972 3484 1195 3543 peccata
1226 3479 1569 3540 posterorum
1626 3464 1807 3521 Israel.
1838 3461 1954 3518 Non
2000 3463 2055 3515 in

473 3573 707 3626 alienam
761 3555 1037 3638 regionem
1095 3564 1272 3629 missi,
1304 3561 1399 3618 sed
1450 3561 1506 3618 in
1558 3574 1623 3614 ea
1675 3572 1836 3628 quam
1892 3554 2060 3610 armis

473 3668 817 3731 comparant,
838 3656 1084 3714 collocati
1122 3663 1288 3720 sunt;
1321 3661 1377 3708 et
1409 3666 1533 3708 cum
1582 3648 1851 3721 Egyptiis
1889 3644 2061 3701 servi-

476 3765 639 3820 rent,
680 3753 1046 3821 sudorumque
1084 3761 1307 3805 suorum
1366 3744 1569 3800 nullam
1609 3739 1915 3797 mercedem
1964 3752 2060 3791 ac-

476 3852 747 3921 ciperent,
785 3844 1077 3916 aliquando
1115 3844 1315 3898 virtute
1366 3839 1461 3895 Dei
1516 3852 1547 3893 e
1606 3837 1825 3908 regione
1883 3835 2063 3906 oppri-

478 3942 740 4000 mentium
767 3955 827 3995 se
855 3939 1248 4001 discesserunt,
1269 3943 1325 3990 et
1371 3932 1425 3988 in
1453 3942 1598 3987 terra
1645 3928 1888 4001 patribus
1934 3942 2062 3997 pro-

480 4037 649 4092 missa
704 4031 1092 4088 consederunt.
1137 4028 1253 4084 Non
1295 4027 1362 4082 iis
1414 4024 1613 4093 nuptiae
1672 4037 1795 4079 cum
1847 4020 2067 4075 mulier—

479 4131 640 4192 cula,
702 4136 759 4179 ut
806 4123 1045 4195 captanti
1128 4120 1345 4192 nuptias
1426 4115 1696 4173 mercedis
1758 4116 1879 4170 loco
1940 4122 2068 4167 sunt

481 4219 770 4291 proposita:
799 4234 814 4283 ;
841 4217 933 4271 sed
968 4213 1145 4271 omnis
1168 4212 1292 4265 boni
1318 4208 1471 4279 copia
1500 4205 1703 4278 potius,
1726 4212 1870 4260 terra
1890 4201 2066 4257 ﬂuens

485 4316 625 4368 lacte
664 4321 721 4366 et
782 4308 972 4374 melle,
1016 4302 1304 4360 debellatio
1364 4298 1835 4361 adversariorum,
1898 4293 2068 4365 gloria

482 4416 539 4462 et
569 4403 788 4469 divitiae,
815 4411 871 4456 et
899 4400 1026 4455 hinc
1064 4394 1440 4467 promanantia
1478 4394 1698 4455 decora,
1720 4399 1775 4444 et
1799 4388 1927 4458 quid
1960 4401 2065 4439 non

485 4496 730 4558 tandem,
792 4491 935 4561 quod
975 4489 1043 4543 ad
1075 4486 1289 4544 felicem
1344 4494 1543 4539 statum
1579 4481 1911 4549 deliciasque
1944 4493 2067 4548 spe-

484 4588 707 4647 ctaret?
760 4585 867 4641 Sed
923 4598 1029 4639 non
1092 4579 1487 4637 custodierunt.
1536 4572 1880 4645 Transgressi
1941 4579 2068 4625 sunt

487 4682 658 4743 enim,
687 4676 991 4734 custodiam
1025 4673 1184 4744 plane
1211 4672 1266 4727 in
1305 4667 1544 4724 minimis
1575 4672 1855 4737 ponentes.
1893 4661 2069 4716 Mani—

488 4773 686 4829 festum
721 4769 908 4840 igitur,
937 4764 1254 4835 longissime
1289 4775 1320 4814 a
1352 4769 1567 4830 patrum
1598 4755 1867 4826 probitate
1894 4767 2072 4806 remo-

490 4878 597 4931 tos,
646 4876 747 4917 nec
773 4859 880 4915 illis
938 4857 1223 4926 impertita;
1256 4852 1443 4923 gratia:
1512 4847 1784 4920 principes
1828 4844 2073 4910 futuros;

484 4956 666 5029 justus
717 4962 800 5008 est
830 4949 975 5005 enim
1004 4946 1192 5017 judex.

560 5047 728 5105 Vens.
764 5046 851 5101 15.
888 5040 959 5096 Et
1009 5042 1063 5094 in
1094 5037 1345 5108 propheta
1371 5033 1550 5089 eduxit
1600 5031 1854 5086 Dominus
1889 5028 2072 5084 Israc-

486 5143 592 5197 lem
641 5156 705 5194 ea:
755 5147 895 5191 terra
928 5132 1149 5205 Egyptt'
1176 5169 1193 5197 ,
1228 5140 1275 5183 ct
1306 5130 1363 5181 in
1408 5124 1660 5196 propheta
1699 5134 1932 5176 servatus
1974 5130 2073 5175 est.

563 5232 792 5290 CXLIV.
836 5229 951 5284 Hoc
1002 5227 1122 5282 loco
1185 5235 1405 5278 causam
1469 5216 1625 5273 nobis
1677 5215 1854 5284 aperit
1908 5227 2077 5283 quare

494 5324 663 5383 Israel
689 5321 1069 5395 praescriptum
1102 5315 1205 5372 sibi
1238 5310 1556 5368 mandatum
1610 5323 1716 5362 non
1751 5305 2073 5369 servaverit,

2136 1858 2510 1914 ἐδούλευσεν
2553 1852 2804 1923 Ἰσραὴλ
2835 1851 2907 1905 ἐν
2943 1848 3203 1920 γυναικὶ,
3254 1847 3352 1900 καὶ
3383 1846 3452 1899 ἐν
3486 1846 3722 1915 γυναικί

2138 1951 2504 2023 ἐφυλάξατο.

2208 2042 2387 2100 ΡΜΓ.
2430 2040 2749 2095 Ὑπονοστεῖ
2776 2038 2840 2111 δὴ
2890 2036 3052 2090 πάλιν
3079 2035 3107 2088 ό
3150 2033 3310 2102 λόγος
3355 2034 3435 2097 εἰς
3487 2031 3723 2103 βάσανον

2140 2140 2240 2210 τῆς
2268 2156 2329 2191 τε
2358 2136 2455 2190 τοῦ
2484 2133 2832 2207 προπάτορος
2885 2129 3242 2200 γνησιότητος
3264 2126 3361 2181 καὶ
3396 2124 3723 2187 ἐπιεικείας,

2140 2231 2360 2303 καὶτῆς
2395 2229 2503 2284 τῶν
2534 2229 2594 2293 ἐξ
2627 2226 2792 2281 αὑτοῦ
2828 2222 3130 2294 γεγονότων
3165 2219 3488 2291 σκαιότητός
3520 2234 3579 2271 τε
3630 2218 3725 2270 καὶ

2138 2324 2480 2387 δυσσεϐείας.
2509 2319 2793 2391 Θαυμάζει
2816 2317 2873 2371 δέ
2906 2315 3098 2387 ῶσπερ
3125 2314 3185 2368 τὸ
3212 2313 3307 2367 ἐπὶ
3340 2312 3557 2383 μικροῖς
3585 2308 3729 2361 ὲκεί-

2140 2436 2233 2472 νου
2266 2414 2565 2488 τληπαθές,
2600 2408 2717 2465 εἶτα
2747 2407 3058 2483 παραφέρει
3088 2406 3148 2460 τὸ
3177 2405 3369 2476 χρῆμα
3404 2402 3553 2472 πρὸς
3575 2400 3728 2469 ἐλεγ-

2140 2529 2237 2583 χον
2264 2511 2365 2581 τῆς
2417 2507 2512 2561 ἐπὶ
2567 2504 2847 2577 μεγίστοις
2898 2499 3170 2573 ῥᾳθυμίας
3207 2497 3317 2550 τῶν
3356 2495 3491 2549 δέκα
3522 2493 3727 2563 φυλῶν.

2142 2602 2267 2665 Πῶς
2294 2600 2404 2671 γάρ
2433 2598 2532 2653 ούκ
2559 2596 2627 2651 ἀν
2654 2593 2921 2664 ἀγάσαιτό
2965 2609 3051 2656 τις
3078 2591 3168 2645 τὸν
3206 2586 3422 2654 Ἰακὼϐ,
3455 2587 3548 2641 τὸν
3588 2584 3731 2641 οὕτω

2143 2692 2342 2763 πικρὸν
2406 2689 2502 2746 καὶ
2543 2687 2822 2741 δύσοιστον
2850 2682 3157 2738 ἀνατλάντα
3200 2679 3383 2741 πόνον,
3434 2678 3529 2732 καὶ
3548 2675 3609 2731 τὸ
3635 2675 3734 2747 θη-

2142 2785 2322 2839 τεύειν
2346 2782 2425 2855 τῷ
2452 2780 2640 2837 Λάϐαν
2662 2778 2722 2833 οὐ
2757 2775 3242 2848 παραιτησάμενον
3275 2773 3369 2827 ἐπὶ
3388 2770 3605 2841 γυναιξὶ
3638 2772 3733 2825 καί⁵

2145 2875 2381 2948 γάμοις;
2421 2871 2563 2926 Ἀλλ’
2619 2870 2666 2925 εἰ
2708 2869 2804 2923 καὶ
2840 2866 3037 2939 μικρὸς
3082 2864 3279 2936 κομιδῇ
3328 2863 3673 2936 προπάτορος
3703 2863 3737 2915 ό

2147 2970 2341 3043 μισθὸς
2374 2968 2573 3040 (γάμος
2612 2961 2716 3038 ἦν,
2759 2965 2835 3029 ὼς
2863 2963 3046 3034 έφην),
3094 2960 3234 3031 πλὴν
3281 2956 3584 3029 ἐφυλάξατο
3638 2954 3732 3009 καὶ

2147 3063 2419 3133 τετήρηκε
2463 3061 2561 3131 τὴν
2612 3058 2796 3113 πίστιν
2841 3054 2919 3126 τῷ
2973 3055 3066 3107 τὸν
3115 3053 3294 3123 γάμον
3343 3047 3730 3121 ύπεσχημένῳ.

2075 3185 2119 3244 c
2151 3153 2435 3222 Πεπόνηκε
2458 3151 2517 3204 δὲ
2544 3149 2667 3202 οὐδὲ
2689 3148 2781 3202 ἐπὶ
2802 3145 3008 3208 οἰκείας
3033 3142 3239 3206 πόλεως
3260 3140 3293 3212 ἢ
3314 3140 3437 3210 γῆς,
3465 3138 3499 3210 ἢ
3525 3135 3734 3201 ἐστίας,

2152 3244 2266 3301 ἀλλ’
2300 3244 2376 3298 ὢν
2403 3240 2701 3313 ἐπηλύτης,
2724 3240 2820 3293 καὶ
2841 3234 3135 3309 διατρίϐων
3161 3235 3247 3287 ἐπ’
3269 3231 3596 3301 ἀλλοδαπῆς.
3624 3230 3738 3283 Καὶ

2154 3333 2223 3410 ἦν
2256 3335 2356 3408 μέν
2393 3332 2634 3395 τοιοῦτος
2659 3332 2688 3383 ό
2721 3327 2939 3393 Ἰακὼϐ,
2973 3317 3171 3397 ίδὼμεν
3216 3322 3275 3377 δὲ
3318 3322 3413 3377 καὶ
3437 3321 3507 3376 τά
3534 3321 3640 3376 τῶν
3678 3321 3743 3386 ἐξ

2169 3429 2386 3503 Ἰσραὴλ
2412 3426 2752 3498 ἐγκλήματα.
2787 3422 2903 3476 Ούκ
2929 3421 3010 3484 εἰς
3043 3418 3257 3472 ὀθνείαν
3290 3416 3570 3486 ἐπέμπετο
3603 3415 3741 3486 γῆν·

2157 3524 2271 3581 ἀλλ’
2306 3524 2364 3576 ἐν
2402 3520 2733 3593 δορυκτήτου
2769 3514 2936 3586 μοίρᾳ
2974 3511 3248 3581 κείμενος,
3294 3506 3539 3579 θητεύων
3579 3508 3746 3575 Αἰγυ-

2158 3617 2360 3680 πτίοις,
2391 3613 2486 3668 καὶ
2514 3608 2746 3683 ἄμισθον
2776 3604 3063 3677 ὑπομένων
3094 3601 3315 3674 ἱδρῶτα,
3351 3599 3483 3653 ποτέ
3514 3598 3746 3669 δυνάμει

2160 3708 2298 3765 Θεοῦ
2327 3709 2427 3780 τῆς
2454 3707 2564 3761 τῶν
2606 3699 3074 3758 πλεονεκτούντων
3123 3693 3400 3767 ἀπήλλαξέ
3447 3710 3509 3746 τε
3538 3690 3745 3765 χώρας,

2162 3803 2259 3858 καὶ
2287 3799 2541 3864 ἐκάθιζεν
2570 3797 2651 3859 είς
2677 3795 2781 3866 γῆν
2811 3792 2911 3863 τὴν
2931 3791 3044 3853 τοῖς
3088 3786 3362 3860 πατράσιν
3397 3781 3748 3854 ἐπηγγελμέο

2163 3914 2283 3967 νην.
2331 3892 2406 3947 Οὐ
2455 3889 2632 3961 γάμος
2666 3882 2737 3960 ἦν
2788 3881 2939 3955 αύτῷ
2987 3880 3214 3951 γυναίου
3272 3876 3631 3950 προκείμενος
3666 3874 3749 3937 εἰς

2163 3966 2494 4047 ἀντέκτισιν,
2532 3981 2609 4044 ὡς
2668 3975 2997 4048 τετηρηκότι
3038 3973 3134 4026 τὸν
3168 3971 3370 4043 γάμον,
3413 3967 3647 4040 χορηγία
3688 3966 3750 4019 δέ

2170 4078 2369 4150 μᾶλλον
2394 4070 2713 4147 ἀμφιλαφὴς
2744 4067 2945 4130 παντὸς
2982 4062 3210 4134 ἀγαθοῦ,
3258 4062 3331 4133 γῆ
3371 4062 3569 4133 ῥέουσα
3604 4056 3751 4126 γάλα

2168 4173 2263 4225 καὶ
2293 4168 2438 4241 μέλι,
2465 4167 2525 4221 τὸ
2566 4162 2853 4219 καταθλείν
2883 4156 3143 4213 δύνασθαι
3166 4154 3276 4208 τῶν
3310 4150 3749 4222 ἀνθεστηκότων,

2167 4262 2294 4327 δόξα
2318 4261 2415 4314 καὶ
2435 4256 2683 4321 πλοῦτος,
2717 4254 2813 4308 καὶ
2836 4250 2907 4305 τά
2939 4247 3188 4303 ἐντεῦθεν
3223 4244 3543 4317 αὐχήματα,
3573 4243 3667 4297 καί
3696 4242 3752 4294 τί

2169 4360 2276 4427 γὰρ
2303 4354 2423 4423 οὐχὶ
2448 4350 2507 4405 τὸ
2528 4349 2637 4402 τῶν
2660 4349 2739 4411 εἰς
2770 4342 3070 4415 εὐημερίαν
3091 4341 3188 4394 καὶ
3213 4339 3455 4412 τρυφήν;
3481 4334 3621 4389 Ἀλλ’
3649 4333 3755 4387 οὐκ

2169 4630 2419 4702 πατέρων
2461 4621 2762 4686 ἐπιεικείας
2801 4618 3029 4673 κατόπιν
3061 4616 3252 4677 ἰόντες,
3281 4612 3375 4666 καὶ
3412 4609 3573 4664 τοῦτο
3614 4608 3753 4678 ἁμέ-

2171 4700 2337 4797 τρωςῖ,
2392 4718 2515 4775 ούδέ
2559 4719 2673 4779 τοῖς
2727 4713 2957 4773 ἐκείνοις
3003 4706 3398 4777 ἐκνεμηθείσης
3435 4700 3652 4773 φειδοῦς
3699 4701 3760 4753 ἐν

2177 4796 2391 4889 μεθέξει
2420 4812 2763 4883 γενήσονται·
2804 4804 3012 4865 δίκαιος
3045 4802 3156 4872 γὰρ
3189 4801 3216 4852 ὁ
3254 4796 3473 4869 κριτής.

2252 5013 2364 5070 Kal.
2410 5011 2478 5064 ἐν
2510 5003 2784 5077 προφήτῃ
2832 4997 3095 5067 ἀνήγαγε
3131 4995 3356 5063 [Κύριος
3387 4992 3496 5046 τὸν
3522 4988 3765 5058 Ἰσραὴλ

2180 5110 2251 5164 ἐκ
2282 5106 2395 5177 γῆς
2435 5102 2766 5171 Αἰγύπτου,
2802 5092 2900 5148 καί
2933 5092 3003 5146 ἐν
3041 5088 3318 5158 προφήτῃ
3360 5082 3761 5154 διεφυλὰχθη.

2254 5172 2431 5255 PbdA'.
2472 5195 2583 5267 Τὴν
2626 5192 2806 5248 αἰτίαν
2846 5190 2978 5261 ἡμῖν
3017 5186 3075 5237 ἐν
3106 5181 3317 5243 τούτοις
3366 5178 3645 5248 διατρανοῖ
3670 5172 3764 5227 τοῦ

2190 5300 2326 5367 μήτε
2358 5289 2593 5362 φυλάξαι
2639 5287 2728 5340 τὸν
2763 5280 2980 5354 Ἰσραὴλ
3029 5277 3130 5347 τὴν
3171 5272 3482 5347 ὁρισθεῖσαν
3524 5266 3765 5337 ἐντολὴν,

495 5358 663 5383 mae.
728 5358 1069 5391 ..ηουημυω
1103 5358 1205 5372 ...η
1238 5358 1556 5368 ..._..__------
1751 5358 1829 5363 η,
1960 5358 1970 5361 _

495 5430 553 5475 ct
603 5358 768 5473 Deill’lll
799 5410 1206 5484 contempserit,
1253 5404 1545 5461 dicentem:
1583 5418 1603 5453 ι
1636 5398 1753 5455 Νοιι
1784 5407 1946 5455 erunt
1988 5398 2049 5451 til

2182 5381 2595 5456 καταφρονῆσαι
2623 5376 2718 5431 τοῦ
2747 5372 2894 5430 ’Θεοῦ
2929 5370 3202 5439 λέγοντος,
3240 5384 3259 5418 t
3293 5366 3407 5419 Ούκ
3440 5358 3653 5415 ἔσονταί
3686 5374 3769 5411 σοι

2192 5481 2205 5484 -
2274 5480 2284 5484 -
2330 5476 2351 5484 μ
2581 5472 2596 5484 ι
2618 5472 2628 5484 .
2713 5471 2726 5484 .
2816 5467 2841 5477 -
2942 5463 3026 5484 ημε
3059 5458 3150 5484 _-_-.
3180 5461 3251 5484 ua.
3284 5457 3488 5484 χαίτη..
3511 5455 3631 5484 -..τρ
3660 5449 3769 5484 ...τω

498 5449 553 5475 τι
603 5449 768 5473 unum
799 5449 1206 5484 ιυιιιςιιιγσνιιη
1255 5449 1545 5461 ..ην-ην.---
1588 5449 1602 5453 -
1636 5449 1753 5455 -.-η
1789 5449 1834 5455 ,-
1852 5449 1943 5453 ---η

498 5513 572 5568 dii
611 5510 701 5565 alii
749 5519 947 5581 praeter
985 5519 1071 5560 me
1100 5502 1169 5568 ",
1203 5519 1223 5553 ι
1281 5508 1339 5554 et
1378 5510 1547 5567 quare
1609 5492 1810 5549 eximia
1871 5496 2049 5562 patrui

2184 5480 2299 5535 θεοί⁵
2329 5449 2507 5549 ἐτεροι
2538 5472 2677 5542 πλὴν
2710 5467 2867 5540 ἐμοῦ,
2892 5484 2911 5518 ι
2940 5458 3153 5517 καὶτοῦ
3179 5461 3254 5532 μὴ
3284 5457 3488 5511 ἐθέλειν
3511 5455 3631 5516 ταῖς
3660 5449 3771 5504 τῶν

2310 5571 2323 5581 -
2465 5570 2477 5581 ι
2681 5563 2692 5581 ο
2722 5580 2727 5581 ,
2770 5578 2783 5581 Α
2808 5556 3012 5581 ..-ψη
3030 5554 3185 5581 =4...
3215 5549 3298 5581 ,ηπ
3312 5550 3389 5581 ρι’..
3409 5564 3422 5579 .
3448 5544 3606 5581 sm...)
3621 5543 3771 5581 4m.“

500 5543 572 5568 un
611 5543 701 5565 um
749 5543 938 5581 γιοῑινι
985 5543 1071 5560 Iuv
1153 5543 1169 5568 ν
1204 5543 1222 5553 ν
1283 5543 1338 5554 ν-
1380 5543 1546 5567 ..ς-..-ν
1615 5543 1810 5549 -..μ-ηπ
1871 5543 1920 5562 Γ

500 5607 681 5663 studia
710 5601 951 5660 aemulari
990 5598 1245 5654 uoluerit.
1297 5592 1564 5665 Obiurgat
1626 5587 1772 5644 enim
1790 5583 2049 5658 ,Israeiits

2187 5543 2440 5644 πατέρων
2461 5563 2784 5626 ἐπιεικείαις
2804 5554 3191 5631 διαμιλλᾶσθαι
3215 5549 3389 5621 φιλεῖν
3409 5564 3422 5579 ο
3446 5543 3772 5613 ἐπιπλήττει

2236 5664 2243 5665 ί
2350 5662 2372 5665 ’ξ
2577 5658 2586 5665 ·
2778 5650 2823 5665 --
2979 5650 2993 5665 -
3054 5646 3109 5665 υ
3150 5639 3353 5665 ἰη-ω
3404 5636 3507 5665 .·.-λ
3537 5634 3637 5665 -a...
3674 5636 3772 5665 ιιι.

500 5699 646 5768 quod
680 5712 738 5752 se
774 5694 1032 5749 humano.
1058 5703 1225 5759 regno
1259 5701 1325 5743 ex
1371 5697 1497 5740 asse
1554 5679 1916 5749 subiicerent,
1963 5689 2049 5730 cui

2188 5664 2318 5734 γὰρ,
2347 5662 2431 5715 ὅτι
2459 5658 2744 5729 γεγόνασιν
2777 5650 2914 5715 ὅλως
2946 5650 2996 5703 οἰ

574 5877 621 5908 θ’
663 5873 862 5929 Ezecb.
896 5884 1038 5937 xuv,
1070 5869 1221 5927 9-I0.
1384 5864 1520 5921 Gen.
1554 5876 1707 5927 xxix,
1732 5859 1825 5912 το.

3052 5646 3111 5713 ἐξ
3150 5639 3364 5715 Ἰσραὴλ
3404 5636 3510 5692 ὑπὸ
3537 5634 3637 5707 τὴν
3673 5636 3773 5689 ἀν-

1937 5851 2193 5927 ⁶⁹ιΕιοιΙ.
2226 5865 2317 5911 sx,
2344 5849 2400 5902 5.
