4110 6368
393 401 497 456 297

1314 401 1864 458 COMMENTARIUS
1903 397 1971 453 IN
2011 396 2248 452 OSEAM
2288 391 2737 449 PROPHETAM.

3553 388 3660 446 298

396 516 632 586 θρώπων
674 516 971 586 βασιλείαν,
1006 517 1183 569 καίτοι
1244 516 1622 587 βασιλεύοντος
1668 517 1847 574 αὐτῶν
1887 514 1980 569 τοῦ

2101 527 2266 567 .ameu
2302 520 2550 581 regnaret
2612 520 2775 576 super
2817 504 2961 573 ipsos
3018 501 3160 556 Deus
3218 515 3315 571 per
3367 501 3662 570 prOphetas

395 607 530 660 Θεοῦ
559 607 651 661 διὰ
693 607 989 679 προφητῶν
1030 608 1229 677 ἁγίων’
1260 611 1355 662 καὶ
1392 612 1763 675 ἐκλελοιπότος
1795 612 1980 672 αὐτοῖς

395 700 626 766 οὐδενὸς,
650 702 730 764 είς
756 701 818 754 τὸ
846 697 983 755 εἶναι
1020 702 1343 774 μακαρίους.
1376 702 1721 774 Μεμνήμεθα
1748 703 1857 772 γὰρ
1897 703 1980 754 ὅτι

396 793 678 865 περιόντος
710 810 771 845 τε
832 795 928 847 καὶ
971 795 1411 865 προφητεύοντος
1448 795 1528 848 ἔτι
1566 795 1661 849 τοῦ
1709 794 1979 865 μακαρίου

396 888 669 959 Σαμουὴλ,
694 889 966 960 ἐζήτησαν
1005 890 1250 961 βασιλέα.
1282 891 1396 945 Καὶ
1437 891 1575 960 πρός
1617 906 1680 957 γε
1710 887 1774 957 δὴ
1823 886 1983 939 τοῦτο

395 979 530 1045 Θεὸς
550 981 834 1053 ὠργίζετο,
864 984 959 1037 καὶ
987 984 1064 1047 ὡς
1111 983 1437 1054 ὑϐρισμένος
1467 983 1528 1035 ού
1564 980 1799 1052 μετρίως
1823 977 1983 1032 λελύ-

396 1089 566 1142 πηται
594 1074 712 1142 μὲν,
736 1073 879 1143 πλὴν
905 1074 1144 1141 ἀνέδειξε
1169 1074 1261 1126 τὸν
1287 1073 1478 1126 Σαούλ.
1505 1072 1714 1125 Οὐκοῦν
1744 1072 1982 1123 αἰτιᾶται

397 1163 549 1228 λίαν,
585 1164 671 1217 ὅτι
713 1166 1000 1233 γεγόνασιν
1029 1166 1167 1229 ὅλως
1197 1166 1302 1218 ὑπὸ
1342 1166 1441 1235 τὴν
1480 1164 1784 1235 ἀνθρώπων
1833 1162 1985 1232 βασι-

397 1254 565 1320 λείαν,
594 1256 694 1309 οὐκ
734 1256 1093 1327 ἀνασχόμενοι
1117 1257 1179 1309 τὸ
1213 1256 1367 1328 παρὰ
1395 1255 1529 1309 Θεοῦ
1559 1255 1647 1309 διὰ
1691 1254 1985 1325 προφητῶν

399 1346 797 1415 βασιλεύεσθαι.
848 1349 1069 1401 Σέσωκε
1122 1350 1219 1420 μὲν
1261 1349 1373 1419 γὰρ
1413 1352 1441 1401 6
1490 1348 1657 1413 Θεὸς,
1686 1347 1851 1418 φησὶ,
1895 1347 1985 1399 τὸν

410 1438 644 1510 Ἰσραὴλ,
661 1440 758 1492 καὶ
780 1438 839 1504 ἐξ
862 1440 1011 1493 οἴκου
1034 1439 1277 1504 δουλείας
1299 1440 1589 1510 ἐξήγαγεν,
1613 1438 1987 1509 μεσιτεύοντος

397 1532 700 1596 Μωῦσέως,
726 1530 787 1594 ὃς
835 1532 929 1585 καὶ
977 1531 1169 1601 γέγονε
1199 1534 1509 1604 προφήτης,
1546 1532 1641 1585 καὶ
1690 1531 1986 1602 προφητῶν

397 1624 656 1696 ἀπαρχήο
738 1624 833 1678 καὶ
887 1625 987 1678 οὐκ
1042 1623 1277 1695 ἐξήγαγε
1341 1608 1513 1695 μόνον
1571 1625 1629 1690 ἐξ
1685 1622 1984 1691 Αἰγύπτου,

400 1717 585 1787 φησιν,
630 1715 767 1769 ἀλλὰ
804 1715 915 1785 γάρ
950 1716 1045 1769 κα)⁵
1087 1717 1381 1786 τετήρηκε.
1422 1714 1715 1784 Μεμένηκε
1753 1714 1860 1783 γὰρ
1907 1713 1988 1764 ἐνὶ

398 1806 477 1878 τῷ
506 1807 700 1877 φύσει,
734 1808 828 1861 καὶ
884 1807 1100 1878 ἀληθῶς
1146 1807 1432 1879 λατρεύειν
1477 1806 1616 1876 Θεῷ.
1664 1806 1880 1875 Ἐπειδὴ
1930 1804 1988 1857 δὲ

2082 615 2320 671 sanctos,
2351 614 2407 658 et
2440 602 2571 655 nihil
2615 600 2695 654 eis
2721 598 2785 652 ad
2820 596 3233 667 prosperitatcm
3267 594 3498 649 deesset.
3540 593 3661 647 Me.-

2086 698 2338 751 miuimus
2394 693 2561 758 enim,
2624 691 2915 761 superstite
2978 689 3154 743 adhuc
3210 696 3266 741 et
3313 685 3663 755 prOphetaute

2084 788 2355 852 Samuele,
2383 802 2476 841 eos
2506 800 2687 854 regem
2722 786 3041 851 postulasse.
3076 781 3237 851 178
3265 778 3414 845 Quod
3448 778 3664 846 indigne

2088 880 2205 935 tulit
2248 880 2413 943 Deus,
2447 885 2503 931 et
2539 891 2597 930 se
2644 882 2883 943 Spretum
2915 887 3035 927 esse
3088 871 3337 935 indoluit;
3391 880 3662 923 verumta-

2086 985 2207 1026 men
2239 970 2366 1024 Saul
2395 967 2698 1037 designavit
2727 966 2797 1018 ⁷ο.
2831 964 3066 1019 Accusat
3096 963 3257 1032 igitur
3284 976 3377 1015 eos
3408 961 3662 1030 majorem

2087 1064 2139 1115 in
2188 1064 2439 1125 modum,
2470 1070 2529 1113 ut
2589 1068 2728 1113 totos
2778 1059 3016 1111 humano
3066 1055 3172 1125 regi
3232 1054 3522 1121 subjectos,
3566 1068 3667 1107 nec

2088 1156 2180 1211 Dei
2233 1156 2515 1223 imperium
2574 1168 2669 1222 per
2700 1152 2991 1221 prophetas
3040 1150 3391 1203 sustinentes.
3426 1146 3667 1200 Salvavit

2087 1252 2254 1316 enim,
2286 1251 2483 1318 inquit,
2517 1248 2658 1302 Deus
2690 1245 2964 1310 lsraelem,
2996 1254 3050 1297 et
3096 1246 3162 1297 de
3189 1243 3349 1297 domo
3392 1240 3665 1295 servitutis

2088 1344 2274 1398 eduxit
2332 1342 2632 1397 ministerio
2680 1340 2878 1410 Moysis
2938 1337 3210 1408 praphetrc
3264 1347 3319 1390 et
3378 1336 3668 1405 propheta-

2090 1452 2207 1489 rum
2249 1434 2671 1506 antesignani".
2708 1432 2816 1488 Nec
2856 1431 3028 1487 solum
3056 1447 3121 1485 ex
3172 1429 3401 1500 [Egypto
3458 1429 3663 1490 eduxit,

2092 1528 2283 1597 inquit,
2314 1529 2404 1581 sed
2438 1526 2601 1580 etiam
2647 1523 2976 1585 custodlvit;
3009 1522 3060 1576 in
3100 1537 3231 1575 vero
3267 1524 3483 1574 enimet
3510 1531 3667 1573 natu-

2090 1634 2148 1671 ra
2199 1618 2306 1671 Deo
2330 1617 2558 1671 colendo
2600 1616 2971 1684 perstiterunt.
3001 1615 3293 1682 Postquam
3340 1620 3519 1666 autem
3566 1611 3667 1665 sub

2091 1723 2253 1778 regno
2300 1707 2538 1769 fuerunt,
2570 1704 2842 1760 dilectioni
2871 1720 2998 1774 erga
3036 1703 3205 1758 Deum
3271 1703 3665 1758 valedixerunt.

2092 1800 2306 1856 Primus
2340 1798 2482 1853 enim
2529 1796 2783 1851 Salomon
2818 1804 2873 1850 et
2917 1810 3060 1859 aras,
3103 1805 3157 1849 et
3189 1795 3412 1850 delubra
3457 1793 3665 1848 Baalitu

399 1900 688 1969 γεγόνασιν
713 1899 805 1952 ἐπὶ
836 1898 1229 1969 βασιλέας,τῆς
1256 1900 1337 1961 είς
1360 1898 1494 1951 Θεὸν
1526 1898 1745 1965 ἀγάπης
1775 1895 1988 1959 ἐξώκει-

2101 1892 2370 1946 edilicavit
2395 1892 2461 1945 τ’.
2488 1888 2618 1944 Post
2654 1904 2776 1943 eum
2818 1888 3168 1948 detestandus
3200 1887 3488 1942 Jeroboam
3532 1887 3668 1940 vitu-

400 1989 516 2041 λαν·
562 1988 782 2060 Πρῶτος
825 1989 923 2060 μὲν
946 1990 1053 2061 γὰρ
1096 1989 1413 2060 ᾠκοδόμησε
1454 1988 1707 2059 Σολομῶν
1753 1988 1844 2040 καὶ
1887 1986 1990 2056 βω-

404 2081 558 2150 μοὺς,
605 2080 695 2135 καὶ
739 2081 943 2152 τεμένη
986 2082 1099 2146 τοῖς
1152 2082 1418 2151 Βααλείμ*
1456 2076 1575 2134 εἶτα
1622 2082 1737 2150 μετ’
1765 2080 1924 2132 αὐτὸν
1960 2081 1989 2131 ό

400 2173 675 2242 ἐπάρατος
735 2172 1022 2244 Ἱεροὸοάμ
1072 2174 1169 2237 τὰς
1224 2175 1431 2244 χρυσᾶς
1489 2172 1663 2225 ἐποίει
1706 2171 1986 2240 δαμάλεις.

403 2265 650 2318 Αἰτιᾶται
671 2266 849 2318 τοίνυν
874 2265 950 2329 ὡς
980 2265 1274 2335 παγκάλην
1310 2265 1625 2336 οἰκονομίαν
1658 2263 1719 2315 οὐ
1763 2278 1988 2331 τετηρη-

402 2356 588 2419 κότας,
610 2357 671 2410 τὸ
692 2355 802 2427 γὰρ
826 2356 980 2428 παρὰ
1005 2357 1160 2423 Θεοῦ,
1190 2356 1355 2427 φημὶ,
1378 2356 1468 2409 διὰ
1510 2354 1807 2427 προφητῶν
1840 2353 1989 2422 βασι-

2094 1984 2173 2039 los
2210 1998 2401 2039 aureos
2455 1983 2576 2037 fecit
2604 1982 2669 2034 ⁷³.
2698 1982 3061 2051 Conqueritur
3114 1996 3262 2051 ergo,
3301 1992 3361 2035 ut
3404 1981 3494 2047 qui
3548 1981 3667 2049 pul-

2094 2077 2419 2132 cherrimam
2465 2075 2823 2130 oeconomiam
2858 2088 2966 2128 non
3007 2075 3364 2139 servaverint,
3399 2085 3457 2126 ut
3494 2088 3523 2127 a
3559 2073 3667 2127 Deo

2092 2185 2189 2239 per
2216 2169 2504 2238 prophetas
2527 2178 2859 2237 regerentur,
2894 2166 2986 2220 sed
3014 2166 3113 2220 sub
3141 2164 3414 2218 hominum
3438 2175 3671 2234 potesta-

2096 2273 2200 2314 tem
2231 2276 2289 2315 se
2339 2260 2551 2313 tradere
2606 2259 2916 2325 maluerint,
2944 2259 3085 2328 quod
3118 2273 3212 2313 eos
3236 2259 3300 2311 ad
3343 2259 3669 2327 apostasiam

2094 2368 2310 2423 quoque
2341 2353 2615 2420 perduxit.

402 2450 673 2514 λεύεσθαι,
702 2451 763 2503 τὸ
783 2451 841 2503 δὲ
888 2451 994 2504 ὑπὸ
1045 2453 1199 2520 χεῖρα
1268 2452 1451 2503 πεσεῖν
1507 2448 1811 2518 ἀνθρώπων
1880 2446 2309 2519 ἀνθῃρημένους,
2361 2447 2389 2499 ὃ
2440 2446 2504 2516 δὴ
2545 2447 2639 2499 καὶ
2686 2444 2909 2514 γέγονεν
2953 2445 3134 2507 αὐτοῖς
3181 2446 3280 2515 τῆς
3336 2443 3671 2507 ἀποστασίας

403 2544 680 2614 πρόξενον.

487 2680 821 2749 Ἐθύμωσεν
869 2680 1153 2749 Ἐφραῒμ,
1209 2679 1309 2733 καὶ
1356 2679 1725 2750 παρώργισε,
1775 2679 1874 2732 καὶ
1928 2680 1994 2732 τὸ

403 2768 547 2841 αἷμα
578 2772 769 2850 αὐτοῦ
798 2772 891 2825 ἐπ’
921 2773 1108 2826 αὑτὸν
1132 2771 1555 2840 ἐκχυθήσεται,
1584 2772 1683 2824 καὶ
1718 2770 1823 2824 τὸν
1847 2773 1996 2824 ἐνει-

404 2863 625 2929 δισμόν
651 2863 835 2917 αὑτοῦ
858 2862 1279 2917 ἀνταποδώσει
1316 2864 1532 2932 Κύριος
1561 2862 1743 2928 αὐτῷ.

478 2996 657 3050 PME'.
692 2997 813 3050 Ὅτι
862 2996 1090 3066 πικρὸν,
1134 2997 1228 3048 καὶ
1276 2996 1611 3064 ἐπισφαλὲς,
1644 2995 1737 3048 καὶ
1768 2995 1991 3066 ὀλέθρου

410 3088 701 3159 παραίτιον
728 3086 920 3154 γέγονε
954 3088 1066 3149 τοῖς
1097 3085 1158 3149 ἐξ
1191 3086 1428 3156 Ἰσραὴλ,
1457 3086 1517 3138 τὸ
1545 3086 1763 3138 ἑλέσθαι
1794 3085 1995 3155 μᾶλλον

410 3180 516 3233 ὑπὸ
548 3179 647 3250 τὴν
678 3178 789 3231 τῶν
827 3175 1128 3248 ἀνθρώπων
1165 3173 1302 3229 εἶναι
1349 3177 1656 3246 βασιλείαν,
1692 3177 1748 3227 ἐν
1783 3176 1994 3238 τούτοις

2185 2678 2346 2730 Vens.
2389 2676 2474 2729 14.
2506 2677 2585 2728 Ad
2616 2676 2948 2728 iracundiam
2972 2674 3245 2727 concitavit
3278 2692 3359 2729 me
3396 2675 3670 2743 Ephraim,

2097 2783 2142 2823 et
2172 2770 2418 2832 irritavit,
2455 2780 2501 2822 et
2544 2769 2759 2836 sanguis
2792 2768 2905 2835 ejus
2936 2783 3092 2833 super
3130 2768 3298 2833 ipsum
3351 2768 3669 2836 e/fundelur.

2097 2874 2144 2916 et
2196 2861 2527 2931 opprobrium
2575 2860 2686 2929 ejus
2742 2858 2987 2912 retribuet
3024 2858 3275 2912 Dominus
3306 2860 3424 2927 ipsi.

2172 2994 2376 3051 CXLV.
2406 2993 2607 3061 Triste,
2639 2992 3003 3064 periculosum
3032 3003 3088 3047 et
3117 2994 3480 3063 perniciosum
3512 2996 3677 3052 fuisse

2101 3088 2308 3151 lsraeli,
2344 3087 2489 3155 quod
2550 3085 2653 3142 sub
2705 3086 2982 3140 hominum
3021 3099 3190 3154 regno
3233 3100 3355 3141 esse
3406 3096 3677 3156 prmopta-

2101 3183 2258 3247 verit,
2282 3180 2367 3235 his
2389 3178 2571 3233 verbis
2598 3185 2827 3233 conatur
2858 3192 2957 3232 nos
2987 3177 3181 3232 docere
3213 3178 3545 3245 planissime.
3578 3179 3677 3237 Ec-

409 3273 542 3341 ἡμῖν
576 3267 634 3324 εὖ
670 3270 813 3341 μάλα
846 3271 1104 3338 πειρᾶται
1146 3269 1430 3323 δεικνύειν.
1468 3270 1601 3322 Ἰδοὺ
1638 3269 1768 3339 γὰρ,
1804 3270 1989 3338 φησὶν,

2101 3289 2159 3329 ce
2188 3274 2356 3337 enim,
2382 3272 2576 3341 inquit,
2633 3270 2909 3340 Ephraim,
2948 3271 3051 3324 hoc
3074 3279 3176 3335 est,
3216 3268 3527 3338 Jeroboam,
3585 3275 3675 3342 qui

410 3365 440 3415 6
474 3362 733 3434 Ἐφραῖμ,
758 3363 1056 3423 τουτέστιν,
1086 3363 1113 3413 ό
1134 3362 1198 3413 ἐκ
1230 3360 1403 3430 φυλῆς
1432 3360 1669 3430 Ἐφραῖμ
1691 3359 1990 3430 Ἰεροϐοὰμ,
2020 3398 2033 3414 .

412 3454 513 3525 ἐμὲ
545 3455 635 3508 τὸν
675 3454 785 3507 τῶν
818 3455 955 3507 ὅλων
994 3453 1281 3522 δεσπότην,
1306 3471 1323 3502 ‹
1371 3452 1654 3522 τεθύμωκε
1678 3494 1691 3515 ,
1723 3452 1818 3504 καὶ
1851 3468 1995 3521 παρ-

413 3545 639 3617 ώργισε,
675 3565 692 3597 ι
731 3545 825 3599 καὶ
878 3546 957 3606 είς
997 3545 1106 3597 πᾶν
1152 3540 1292 3606 εἶδος
1330 3544 1557 3597 ἐκάλεσε
1609 3542 1995 3613 παροξὀσμοῦ,

416 3638 819 3707 καινοτομὴσας
848 3636 1132 3706 δαμάλεις,
1160 3637 1255 3689 καὶ
1284 3635 1344 3687 τὸ
1380 3636 1509 3704 ἐμὸν
1540 3636 1733 3697 αὑταῖς
1773 3633 1996 3705 αὔχημα

418 3727 683 3799 περιθείς.
712 3727 1003 3797 Τοιγάρτοι
1032 3726 1321 3797 παραίτιος
1348 3726 1508 3789 αὐτὸς
1546 3725 1645 3794 τῆς
1683 3725 1878 3777 ἑαυτοῦ
1907 3725 1998 3792 γέ-

416 3837 574 3889 γονεν
597 3818 892 3882 ἀπωλείας.
924 3817 1043 3871 Ἐπ’
1076 3817 1239 3872 αὑτὸν
1269 3817 1378 3888 γὰρ
1404 3817 1521 3888 ἥξει
1545 3817 1604 3870 τὸ
1638 3811 1778 3886 αἷμα
1806 3816 1993 3869 αὐτοῦ.

430 3910 649 3980 Ἐπειδὴ
677 3910 755 3973 δὲ,
795 3910 883 3962 ὅτε
917 3908 1016 3973 τὰς
1038 3909 1301 3979 δαμάλεις
1326 3908 1554 3979 ἔστησεν
1588 3910 1667 3972 είς
1693 3907 1896 3978 Βαιθήλ
1937 3925 1997 3960 τε

420 4005 513 4056 καὶ
547 4000 677 4065 Δάν,
712 4000 1149 4073 προσπεφώνηκε
1178 4004 1291 4064 τοῖς
1330 4000 1391 4065 ἐξ
1430 4000 1677 4072 Ἰσραήλ·
1709 4019 1726 4051 ι
1763 3999 1999 4054 Ἱκανού-

421 4094 534 4147 σθω
587 4094 713 4163 ὑμῖν
763 4093 823 4145 τὸ
866 4092 1177 4146 ἀναϐαίνειν
1231 4094 1312 4155 εἰς
1352 4092 1715 4163 Ἱεροσόλυμα.
1775 4093 1905 4145 Ἰδοὺ
1948 4093 1997 4144 οἱ

422 4183 533 4236 θεοί
582 4199 674 4235 σου
726 4183 779 4235 οἵ
819 4200 962 4245 τινες
1013 4183 1284 4252 ἀνήγαγόν
1314 4200 1373 4235 σε
1412 4184 1475 4234 ὲκ
1506 4182 1609 4251 γῆς
1644 4182 1940 4250 Αἰγύπτου,
1974 4202 1993 4234 ι

422 4274 681 4345 ταύτῃτοι
707 4272 915 4337 λοιπὸν,
944 4275 1035 4326 καὶ
1060 4274 1203 4344 μάλα
1232 4276 1478 4338 εἰκότως,
1508 4275 1777 4341 ἀποτίσει,
1813 4277 1995 4345 φησιν,

422 4368 549 4437 ἐμοὶ
593 4366 671 4437 τῷ
702 4367 939 4436 κρίνοντι
976 4366 1069 4420 τοῦ
1116 4369 1424 4437 όνειδισμοῦ
1458 4369 1555 4431 τὰς
1598 4367 1771 4431 δίκας.
1802 4368 2002 4440 ’Ὕϐρις

424 4460 534 4530 γὰρ
576 4459 869 4531 ἄντικρυς,
937 4460 1034 4513 καὶ
1091 4460 1387 4529 ὀνειδισμοὶ
1429 4460 1877 4530 ὁμολογουμένως
1923 4462 2003 4522 είς

424 4552 578 4616 Θεὸν,
600 4551 660 4604 τὸ
687 4551 839 4614 ὕλαις
864 4551 1095 4621 ἀψύχοις
1128 4551 1405 4604 ἀναθεῖναι
1426 4553 1630 4622 τολμᾷν
1656 4551 1722 4603 τὰ
1746 4551 1814 4603 δι’
1835 4551 2000 4604 αὐτοῦ

427 4643 686 4712 γεγονότα
716 4643 969 4715 λαμπρὰ,
1005 4643 1100 4695 καὶ
1138 4642 1549 4712 ἀξιοθαύμαστα
1578 4640 1999 4712 κατορθώματα.
2039 4636 2081 4690 ι)

428 4735 640 4789 Ούκούν
685 4736 828 4788 κατά
868 4736 959 4788 τὸν
1018 4735 1182 4788 αὐτοῦ
1233 4734 1327 4787 τοῦ
1386 4733 1627 4804 Ἐφραῒμ
1677 4735 2002 4804 ὀνειδισμὸν,

426 4829 727 4889 τουτέστιν,
779 4828 1080 4897 ίσομέτρως
1127 4829 1247 4889 ταῖς
1296 4824 1461 4879 αὑτοῦ
1510 4825 1871 4895 δυσφημίαις,
1911 4826 2007 4878 καὶ

430 4920 663 4982 ἀνοσίοις
714 4920 940 4987 φωναῖς,
991 4918 1061 4970 τὰ
1114 4917 1178 4981 ἐξ
1228 4919 1398 4987 ὀργῆς
1431 4917 2004 4987 ἀντεπενεχθήσονται.

431 5012 644 5081 Ὥσπερ
682 5009 791 5082 γὰρ
826 5009 948 5062 ὅσον
973 5010 1097 5079 ἥκει
1127 5010 1206 5071 είς
1232 5007 1539 5079 ἐγχείρημά
1566 5025 1625 5060 τε
1669 5008 1761 5061 καὶ
1792 5008 2008 5076 λόγους,

428 5108 528 5173 τῆς
556 5102 708 5173 αύτῷ
740 5104 834 5155 καὶ
869 5102 1016 5173 μόνῳ
1047 5102 1363 5173 πρεπούσης
1401 5100 1557 5172 δόξης
1604 5101 1811 5173 ἐξώσθη
1835 5102 1967 5165 Θεός
1990 5117 2005 5130 ·

429 5192 574 5247 οὕτω
599 5194 694 5246 καὶ
720 5193 880 5256 αὐτὸς
901 5193 1002 5263 τῆς
1026 5193 1162 5256 ἰδίας
1187 5193 1363 5264 ἀρχῆς
1383 5191 2007 5262 ὲξωσθήσεται.Πεπαύ-

434 5299 584 5335 σεται
612 5280 721 5353 γὰρ
752 5283 893 5337 κατὰ
922 5284 1145 5353 καιροὺς
1173 5284 1206 5352 ἡ
1233 5280 1479 5351 βασιλεία
1500 5281 1594 5335 τοῦ
1627 5280 1888 5352 Ἐφραῒμ.
1921 5282 2008 5345 Ὡς

434 5377 545 5446 γὰρ
581 5375 685 5445 ἤδη
712 5379 993 5445 προεῖπον,
1026 5375 1163 5445 μετά
1190 5375 1288 5443 τὴν
1315 5374 1379 5427 ἐκ
1407 5373 1729 5436 Βαϐυλῶνος
1756 5374 2013 5427 ἐπάνοδον

432 5465 607 5529 οὐδεὶς
652 5466 733 5519 ἔτι
774 5465 1158 5536 βεϐασίλευκεν
1187 5466 1244 5520 ὲν
1278 5465 1559 5537 Σαμαρείᾳ
1604 5465 1709 5520 τῶν
1738 5466 1869 5519 δέκα
1916 5484 2016 5534 φυο

434 5555 544 5610 λῶν
565 5575 578 5589 ·
613 5558 725 5610 ἀλλ’
748 5554 888 5628 ἦσαν
913 5560 970 5611 ὲν
994 5560 1107 5620 τοῖς
1136 5555 1399 5627 Ἰεροσολύ
1408 5574 1527 5627 μοις
1554 5558 1642 5627 ὑφ’
1667 5556 1764 5609 ἕνα
1795 5557 2013 5623 πάντες,

435 5649 545 5703 τῶν
573 5651 637 5703 ὲκ
659 5649 828 5720 φυλῆς
858 5650 1027 5702 Ἰούδα
1056 5648 1199 5701 κατά
1231 5648 1459 5719 καιροὺς
1490 5647 1943 5718 βασιλευσάντων.

2108 3367 2208 3421 fuit
2236 3367 2301 3421 de
2324 3366 2468 3421 tribu
2502 3364 2781 3433 Ephraim,
2837 3377 2922 3416 me
2970 3362 3343 3417 universorum
3395 3364 3678 3419 Dominum

2110 3479 2126 3511 ι
2170 3459 2234 3513 ad
2271 3456 2603 3512 iracundiam
2632 3456 2923 3510 concitavit
2970 3465 3024 3509 et
3057 3456 3311 3521 irritavit,
3350 3475 3369 3507 ι
3416 3457 3681 3511 omnimo-

2107 3552 2188 3605 dis
2241 3548 2604 3611 exacerbavit,
2650 3546 2927 3601 l'abricatis
2964 3546 3143 3600 vitulis
3200 3548 3373 3613 novis,
3408 3558 3461 3602 ct
3512 3549 3678 3617 gloria

2110 3657 2224 3696 mea
2265 3642 2319 3695 in
2351 3640 2469 3695 illos
2516 3640 2728 3695 collata.
2756 3638 2984 3692 Proinde
3028 3639 3143 3706 ipse
3176 3639 3398 3693 exitium
3451 3639 3549 3693 sibi
3586 3655 3681 3708 pe-

2106 3734 2265 3803 perit.
2296 3732 2469 3801 Super
2526 3732 2701 3801 ipsum
2733 3730 2874 3783 enim
2921 3730 3099 3783 veniet
3141 3731 3360 3802 sanguis
3381 3730 3517 3800 ejus.
3544 3731 3681 3798 Quia

2105 3826 2246 3881 enim
2292 3824 2477 3877 vitulis
2530 3823 2581 3876 in
2612 3821 2794 3875 Bcthel
2845 3832 2899 3874 et
2941 3821 3049 3873 Dan
3094 3822 3292 3875 erectis
3348 3823 3685 3876 denuntiavit

2106 3916 2383 3979 lsraelitis,
2419 3915 2490 3968 ita
2559 3915 2815 3982 loquens:
2860 3931 2877 3962 c
2917 3912 3160 3966 Sufﬁciat
3208 3913 3360 3967 vobis
3390 3913 3682 3968 ascendere

2108 4009 2159 4062 in
2191 4006 2512 4061 Jerusalem.
2547 4006 2684 4059 Ecce
2712 4005 2781 4058 dii
2819 4005 2915 4070 tui,
2960 4002 3142 4069 Israel,
3178 4006 3266 4072 qui
3301 4008 3603 4058 eduxerunt
3632 4015 3683 4059 te

2108 4101 2173 4154 de
2206 4109 2347 4152 terra
2383 4096 2596 4166 Egypti
2632 4096 2717 4159 υς
2759 4113 2775 4146 ι
2811 4096 3031 4157 idcirco,
3065 4096 3258 4164 inquit,
3289 4106 3338 4149 et
3375 4095 3497 4163 jure
3539 4098 3683 4164 opti-

2110 4207 2217 4256 mo,
2250 4190 2378 4243 mihi
2409 4189 2577 4256 judici
2634 4188 2791 4256 hujus
2823 4188 3003 4255 probri
3035 4196 3089 4240 et
3120 4196 3461 4255 contemptus
3494 4201 3683 4256 poenas

2108 4282 2395 4352 persolvet.
2447 4281 2643 4349 Aperta
2690 4289 2773 4332 est
2813 4292 3048 4345 namque
3110 4277 3304 4346 injuria
3344 4286 3398 4330 et
3444 4277 3683 4330 omnium

2110 4375 2448 4431 confessione
2485 4372 2833 4442 opprobratio
2860 4372 2912 4424 in
2956 4371 3146 4437 Deum,
3170 4370 3409 4423 materia:
3438 4369 3687 4423 inanimae

2111 4468 2406 4521 attribuere
2461 4466 2661 4519 audere
2701 4480 2821 4533 quae
2870 4462 2938 4516 ab
2992 4464 3110 4532 ipso
3145 4462 3419 4529 splendide
3456 4472 3510 4516 et
3564 4478 3685 4517 cum

2114 4558 2469 4613 admiratione
2525 4566 2735 4625 patrata
2764 4565 3077 4624 suntopera
3123 4554 3431 4609 laudabilia.
3487 4553 3688 4621 Quam-

2109 4651 2294 4705 obrem
2346 4652 2639 4704 secundum
2674 4648 2841 4718 ipsius
2868 4647 3121 4716 Ephraim
3148 4646 3428 4717 probrum,
3452 4647 3555 4701 hoc
3581 4657 3684 4712 est,

2109 4742 2457 4813 proportione
2494 4741 2612 4809 ejus
2653 4740 3107 4809 blasphemiarum
3156 4747 3212 4794 et
3244 4738 3530 4809 impiorum
3571 4755 3687 4795 ser-

2112 4849 2350 4896 monum,
2385 4834 2454 4888 ab
2481 4834 2617 4886 irato
2666 4832 2774 4886 Deo
2803 4831 2877 4885 illi
2927 4830 3163 4886 vicissim
3192 4832 3455 4901 supplicia
3487 4832 3690 4901 irroga-

2111 4927 2328 4980 buutur.
2361 4925 2821 4989 Quemadmodum
2862 4924 3004 4977 enim
3042 4939 3145 4993 qua
3190 4923 3353 4988 facto,
3385 4939 3489 4993 qua
3526 4926 3692 4977 verbo

2109 5017 2233 5083 sibi,
2257 5028 2309 5071 et
2338 5017 2435 5071 soli
2462 5016 2795 5069 convenienti
2831 5014 2996 5084 gloria
3022 5013 3206 5085 pulsus
3239 5015 3398 5085 179
3427 5026 3509 5069 est
3530 5015 3689 5074 Deus.

2117 5108 2196 5161 sic
2235 5116 2288 5160 et
2328 5107 2442 5174 ipse
2482 5120 2581 5159 suo
2639 5106 2937 5173 principatu
2991 5106 3239 5174 pelletur.
3298 5104 3513 5157 Desinet
3540 5105 3685 5158 enim

2116 5198 2404 5266 aliquando
2447 5212 2668 5265 regnum
2700 5195 2974 5265 Ephraim.
3003 5195 3159 5262 Nam,
3191 5205 3247 5248 ut
3312 5210 3471 5263 supra
3511 5195 3692 5259 docui,

2119 5300 2241 5357 post
2279 5288 2506 5341 reditum
2538 5303 2568 5341 e
2597 5287 2883 5356 Babylone,
2928 5302 3088 5342 nemo
3114 5287 3341 5355 amplius
3378 5301 3541 5355 super
3597 5286 3693 5338 de-

2116 5396 2233 5437 cem
2267 5381 2437 5435 tribus
2472 5381 2522 5433 in
2552 5380 2796 5434 Samaria
2848 5379 3125 5447 regnavit;
3158 5379 3249 5432 sed
3306 5377 3694 5449 Hierosolymis

2115 5486 2271 5528 erant
2315 5474 2416 5529 sub
2465 5488 2572 5527 uno
2605 5487 2814 5537 omnes,
2836 5470 3088 5538 oriundo;
3110 5486 3175 5525 ex
3205 5470 3272 5524 iis
3308 5470 3399 5539 qui
3431 5469 3499 5525 de
3549 5469 3693 5523 tribu

2116 5561 2252 5619 Juda
2281 5574 2439 5616 antea
2487 5567 2867 5630 regnaverant.

515 5839 560 5872 ⁷⁸
598 5838 779 5910 lReg.
809 5854 886 5904 Ix,
912 5837 999 5891 i7.
1072 5836 1118 5867 "
1158 5835 1327 5891 Exod.
1365 5851 1485 5898 xm,
1522 5836 1605 5889 Η.
1683 5837 1727 5867 ⁷²
1767 5833 1829 5889 lll
1860 5833 1988 5906 Reg.

2123 5833 2190 5888 5..
2254 5832 2299 5865 ⁷³
2338 5831 2410 5888 lii
2436 5830 2569 5901 Reg.
2598 5846 2696 5899 xu,
2723 5830 2793 5886 9.8
2819 5870 2833 5884 .
2909 5829 2956 5864 7"
2995 5829 3126 5885 Ibid.

760 5934 1031 5993 ΡΑτιιοι.
1078 5930 1196 5990 Gn.
1249 5930 1469 5992 LXXI.

3309 5916 3381 5980 10
