4110 6368
455 413 563 470 299

1070 512 1230 570 'CAP.
1271 509 1413 568 XIII.

531 613 699 669 Vens.
728 609 861 676 1,2.
917 605 1334 675 Justi/icationcs
1387 602 1500 673 ejus
1549 602 1744 670 accepit
1810 599 1920 663 ipse
1978 596 2034 647 iu

465 705 658 770 Israel,
681 713 729 758 et
758 701 931 772 posuit
969 713 1058 753 ea:
1080 696 1238 762 Baai,
1270 703 1320 750 et
1349 702 1589 749 mortuus
1629 703 1726 746 est.
1755 688 1825 743 Et
1875 703 2036 757 appo-

464 804 679 852 suerunt
729 801 786 847 ut
840 797 1110 861 peccarent
1166 787 1358 842 adhuc.
1397 785 1462 839 Et
1495 785 1732 854 fecerunt
1763 781 1865 835 sibi
1917 795 2039 832 con-

1445 393 1504 452 S.
1546 390 1817 451 CYRILLI
1855 376 2324 442 ALEXANDRINI
2364 371 2686 430 ARCHIEP.

2070 509 2123 568 Δ.

3606 353 3712 410 500

2732 484 2957 540 ΚΕΦΑΛ
2970 525 2981 536 .
3029 481 3129 534 II".

2207 584 2570 655 Δικαιώματα
2591 580 2774 636 αὑτοῦ
2800 579 3014 634 ἐλαϐεν
3035 573 3220 638 αὐτὸς
3243 569 3312 624 ἐν
3336 567 3416 632 τῷ
3450 562 3711 633 Ἰσραὴλ,

2136 677 2234 732 καί
2265 654 2430 730 ἔθετο
2480 672 2633 726 αὐτὰ
2663 670 2737 738 τῇ
2783 668 2970 731 Βαὰλ,
3007 663 3104 720 καὶ
3136 661 3414 717 ἀπέθανε.
3458 655 3568 710 Καὶ
3599 654 3717 708 νῦν

2139 766 2463 838 προσέθετο
2484 766 2551 818 τὸ
2575 759 2935 832 ἁμαρτάνειν
2969 758 3078 815 ἔτι.
3120 753 3232 808 Καὶ
3262 751 3558 816 ἐποίησαν
3587 747 3720 799 ἐαυ·

469 838 679 852 πων...
731 838 783 847 ..-
840 838 1106 861 rum---
1399 838 1430 839 κ
1495 838 1507 854 ,

469 887 634 954 ﬂatile
681 900 746 939 ea:
812 888 1028 952 argento
1090 880 1347 948 ipsorum,
1395 876 1678 931 secundum
1761 873 2041 942 imaginem

2182 860 2264 926 οἷς
2286 856 2658 928 χώνευμα-ὲκ
2677 852 2782 906 τοῦ
2809 849 3093 919 ἀργυρίου
3118 843 3336 909 αὐτῶν,
3363 842 3490 894 κατ’
3516 838 3721 892 εἰκόνα

2209 952 2220 954 ’
2256 952 2264 954 ’
2458 951 2479 954 “”
2790 944 2801 954 ¹
3225 940 3264 954 ην
3313 935 3472 954 mil-4.-
3506 929 3696 954 ,μ’-..-τ’-

471 978 757 1039 idolorum,
787 988 944 1042 Opera
993 969 1265 1039 artiﬁcum
1293 968 1530 1037 confecta
1566 968 1663 1020 eis.

541 1066 770 1124 CXLVI.
815 1065 930 1120 Non
970 1063 1258 1134 separatim
1317 1060 1501 1116 decem
1552 1058 1744 1123 tribus,
1777 1054 1872 1111 sed
1925 1052 2046 1108 uni-

473 1178 689 1218 versum
741 1158 903 1214 Israel
940 1159 1169 1218 incusat,
1192 1163 1248 1210 et
1269 1155 1364 1220 ait,
1396 1150 1874 1222 justiﬁcationibus
1916 1147 2049 1218 ipsis

480 1271 574 1324 per
607 1254 822 1324 Moysen
841 1249 1076 1316 traditis,
1101 1248 1294 1316 quibus
1320 1245 1708 1301 erudiebantur
1747 1255 1854 1310 quo
1891 1249 2052 1309 pacto

479 1349 646 1401 Deum
697 1344 940 1398 colerent
985 1351 1039 1394 et
1077 1339 1524 1409 quemadmodum
1557 1335 1630 1388 illi
1661 1332 2050 1393 sacriﬁcarent,

481 1452 576 1491 eos
613 1435 736 1488 talia
780 1430 1164 1502 propemodum
1217 1425 1504 1490 Baa|,si\_'e
1553 1423 1709 1478 idolis
1740 1435 2055 1477 consecras-

484 1526 673 1585 se.-Ex
706 1533 858 1594 parte
909 1522 1050 1576 enim
1093 1531 1473 1585 nonnunquam
1534 1522 1702 1568 totum
1763 1512 2053 1582 signiﬁcat.

486 1620 600 1674 Non
629 1617 770 1670 enim
833 1612 1060 1681 amplius
1110 1611 1242 1672 Deo,
1273 1607 1364 1662 sed
1419 1607 1601 1676 potius
1655 1604 1908 1674 operibus
1947 1616 2060 1655 rna-

488 1724 654 1766 nuum
685 1719 904 1760 suarum
957 1716 1111 1758 sacra
1165 1699 1517 1765 fecerunt,et
1565 1696 1695 1766 ipsis
1735 1695 1849 1750 dies
1897 1693 2062 1749 festos

482 1805 827 1872 peregerunt,
863 1795 1207 1862 divinumque
1235 1791 1436 1845 cultum
1464 1788 1848 1852 adhibuerunt,
1871 1794 1926 1840 et
1949 1785 2061 1855 pri-

2143 952 2422 1015 εἰδώλων,
2448 951 2594 1018 ἔργα
2630 944 2926 999 τεκτόνων
2952 935 3474 1005 συντετελεσμένα
3495 929 3718 993 αὐτοῖς.

2214 1045 2394 1108 ΡΜς’.
2436 1043 2550 1094 Οὐκ
2579 1038 2682 1092 ἀνὰ
2716 1039 2882 1110 μέρος
2908 1037 2966 1087 ὲν
2989 1032 3202 1092 τούτοις
3237 1027 3336 1090 τὰς
3365 1025 3500 1079 δέκα
3530 1021 3720 1091 φυλὰς,

2148 1136 2260 1192 ἀλλ’
2281 1135 2398 1188 ὅλον
2424 1133 2665 1187 αἰτιᾶται
2685 1127 2778 1182 τὸν
2809 1124 3046 1197 Ἰσραὴλ,
3079 1121 3173 1175 καί
3190 1136 3373 1190 φησιν,
3395 1118 3477 1171 ὅτι
3507 1116 3726 1168 δικαιωο

2153 1229 2340 1298 μάτων
2357 1224 2538 1285 αὐτοῖς
2562 1219 2821 1274 δοθέντων
2845 1216 2933 1270 διὰ
2961 1212 3239 1275 Μωῡσέως
3255 1252 3269 1275 ,
3299 1209 3363 1262 δι’
3384 1203 3456 1262 ῶν
3479 1202 3728 1260 ἐπαιδεύ-

2151 1337 2292 1382 οντο,
2312 1317 2434 1370 τίνα
2463 1315 2569 1386 χρὴ
2593 1312 2793 1384 τρόπον
2824 1307 3146 1382 θεραπεύειν
3177 1304 3268 1358 τὸν
3303 1301 3457 1364 Θεὸν,
3497 1299 3642 1358 ὅπως
3667 1311 3729 1348 τε

2153 1410 2334 1480 δεήσει
2382 1404 2677 1476 προσάγειν
2703 1401 2914 1464 θυσίας,
2948 1397 3100 1451 αὐτοὶ
3129 1395 3201 1448 τὰ
3241 1391 3419 1446 τοιάδε
3454 1385 3731 1458 μονονουχὶ

2155 1478 2512 1556 τεθεσπίκασι
2532 1497 2607 1567 τῷ
2629 1495 2795 1558 Βάαλ,
2819 1494 2935 1563 ἤτοι
2955 1493 3066 1553 τοῖς
3084 1487 3344 1549 εἰδώλοις.
3375 1481 3510 1538 Ἀπὸ
3537 1478 3733 1550 μέρους

2159 1594 2268 1662 γὰρ
2293 1590 2404 1643 ἔσθ’
2433 1590 2522 1642 ὅτε
2548 1587 2801 1658 σημαίνει
2828 1584 2886 1638 τὸ
2911 1585 3037 1636 πᾶν.
3059 1579 3331 1633 Τεθύκασι
3351 1575 3458 1646 γὰρ
3481 1573 3598 1643 Θεῷ
3636 1571 3734 1642 μὲν

2160 1684 2342 1738 ούκέτι
2370 1723 2384 1746 ,
2421 1681 2619 1752 μᾶλλον
2644 1679 2702 1732 δὲ
2734 1679 2846 1741 τοῖς
2877 1677 3059 1748 ἔργοις
3084 1673 3192 1726 τῶν
3223 1671 3365 1724 ἰδίων
3409 1667 3607 1739 χειρῶν
3641 1666 3736 1718 αύ-

2164 1779 2275 1840 τοῖς
2304 1774 2518 1827 ἐτέλουν
2557 1772 2654 1834 τὰς
2679 1769 2890 1840 ἑορτὰς,
2917 1768 3012 1820 καὶ
3041 1764 3317 1836 προσῆγον
3339 1759 3437 1832 τὴν
3458 1757 3733 1829 λατρείαν,

489 1893 694 1954 mitias,
719 1887 1108 1950 adorationem,
1141 1884 1280 1938 dona
1311 1880 1654 1952 gratitudinis
1695 1893 1826 1949 ergo
1865 1854 2068 1932 obtule-

2182 1871 2264 1932 τὰς
2313 1868 2588 1938 ἀπαρχὰς,
2623 1867 2723 1935 τὴν
2776 1862 3168 1935 προσκύνησιν,
3202 1859 3270 1913 τὰ
3298 1857 3448 1927 δῶρα
3476 1854 3544 1907 τὰ
3582 1869 3736 1922 xopt-

493 1993 642 2049 runt,
674 1991 728 2038 et
759 1980 924 2052 gloria
959 1993 1054 2032 sua
1086 1977 1250 2031 Deum
1280 1973 1594 2042 spoliattms,
1643 1986 1760 2025 eam
1807 1967 2067 2036 sculptili-

493 2078 592 2132 bus
626 2075 958 2130 dicaverunt.
988 2069 1092 2124 Sed
1117 2070 1232 2124 haec
1271 2082 1392 2122 cum
1423 2061 1847 2126 iecissetlsrael,
1873 2059 2064 2128 inquit,

492 2187 519 2220 l
562 2176 805 2222 mortuus
843 2173 946 2229 est,
1003 2171 1058 2216 et
1095 2174 1309 2229 rursum
1353 2156 1750 2227 apposuerunt‘,
1775 2161 1830 2206 ut
1881 2166 2069 2220 pecca-

496 2269 670 2315 rent.»
703 2259 782 2313 Ac
813 2257 858 2311 si
893 2256 1063 2310 dicat:
1100 2252 1325 2306 l’unitus
1358 2257 1443 2305 est
1509 2257 1629 2317 post
1670 2247 1892 2308 factum,
1927 2242 2070 2297 dele-

501 2361 586 2404 tus
635 2357 720 2403 est
765 2355 885 2416 post
922 2346 1024 2399 hos
1053 2357 1235 2408 ausus,
1276 2340 1448 2396 sensit
1487 2337 1911 2408 indignatiOnem
1959 2335 2070 2386 Do-

501 2441 632 2496 mini
662 2453 850 2510 poenas
882 2435 1102 2492 ultionis
1129 2434 1427 2490 errantium
1459 2429 1706 2501 sanguini
1760 2425 2069 2495 inﬁigeulis.

502 2530 568 2583 Et
597 2543 629 2583 a
665 2526 960 2582 stoliditate
991 2540 1087 2580 sua
1122 2524 1434 2592 neutiquam
1499 2517 1769 2584 cessavit;
1832 2515 2074 2585 quinimo

502 2622 556 2675 in
610 2619 730 2674 aliis
761 2625 816 2672 et
869 2616 1085 2688 paribus
1135 2613 1428 2669 sceleribus
1490 2607 1820 2678 deprehendi
1873 2615 2072 2675 potest.

501 2711 628 2783 Legi
653 2710 800 2765 enim
837 2709 888 2762 in
934 2706 1184 2761 Numeris
1211 2703 1503 2758 fornicatos
1544 2714 1665 2756 esse
1697 2698 1840 2752 ﬁlios
1883 2696 2073 2761 Israel,

504 2801 899 2869 advoluptates
921 2796 1225 2866 illegitimas
1251 2791 1696 2857 inﬂammatos,et
1723 2786 2076 2842 Moabitarnm

508 2885 722 2940 feminis
778 2883 1087 2938 adhaesisse.
1132 2880 1284 2946 Quod
1316 2879 1524 2934 facinus
1581 2876 1920 2932 atrocissime
1969 2874 2080 2928 lue-

511 2986 660 3032 runt.
694 2975 786 3030 Sic
821 2975 964 3029 enim
1001 2971 1161 3028 habet
1193 2970 1502 3038 Scriptura:
1527 2987 1546 3020 ι
1580 2967 1647 3022 Ει
1672 2967 1890 3020 divertit
1918 2964 2082 3018 Israel

512 3070 568 3124 in
615 3066 810 3130 Setim,
833 3073 886 3120 et
916 3062 1313 3119 contaminatus
1335 3069 1418 3115 est
1457 3057 1712 3130 p0pulus,
1751 3065 1810 3112 ut
1853 3055 2083 3110 fornica-

513 3171 664 3218 retur
689 3158 916 3242 inﬁtias
953 3156 1128 3211 Moab.
1172 3155 1240 3209 Et
1264 3160 1599 3208 vocaverunt
1636 3164 1730 3205 eos
1780 3149 1845 3202 ad
1907 3145 2080 3202 sacri-

2168 1963 2363 2030 στήρια
2385 1975 2399 1988 ⁸
2427 1959 2520 2011 καὶ
2550 1956 2709 2026 δόξης
2733 1956 2872 2019 ἰδίας
2898 1950 3326 2022 ἀποστεροῦντες
3361 1947 3512 2008 Θεὸν,
3538 1942 3738 2010 ταύτην

2165 2051 2425 2106 ἀνέθεσαν
2455 2051 2567 2111 τοῖς
2593 2047 2872 2115 γλυπτοῖς.
2922 2043 3081 2096 Ἀλλὰ
3111 2040 3270 2094 τοῦτο
3304 2038 3535 2107 ποιήσας
3573 2036 3602 2087 6
3641 2033 3735 2084 ἰσο

2171 2142 2342 2212 ραὴλ,
2386 2161 2403 2192 ι
2453 2139 2736 2202 Ἀπέθανε,
2779 2136 2936 2207 φησὶ,
2980 2134 3073 2188 καὶ
3106 2132 3265 2186 πάλιν
3311 2126 3602 2198 προσέθετο
3647 2122 3742 2175 τοῦ

2175 2232 2532 2304 ἁμαρτάνειν.
2569 2231 2794 2299 ’Ὅμοιον
2821 2227 2896 2290 ὡς
2923 2227 2972 2278 εἰ
3001 2225 3168 2292 λέγοι,
3203 2221 3529 2276 κεκόλασται
3557 2215 3743 2284 δεδραν

2177 2322 2308 2385 κὼς,
2339 2319 2672 2390 ὼλόθρευται
2714 2316 2996 2386 τολμήσας
3017 2351 3034 2376 ,
3059 2313 3201 2380 ἔγνω
3243 2308 3336 2361 τοῦ
3367 2304 3626 2359 δεσπότου
3648 2301 3746 2371 τὴν

2171 2414 2578 2483 ἀγανάκτησιν,
2618 2411 2698 2472 εἰς
2742 2402 2882 2478 αἷμα
2920 2406 3020 2477 τὴν
3057 2404 3214 2474 δίκην
3241 2403 3351 2461 τοῖς
3377 2394 3746 2464 πλανωμένοις

2173 2508 2488 2574 ἐπάγοντος.
2521 2504 2631 2558 Καὶ
2657 2502 2756 2572 τῆς
2786 2499 2979 2553 ἑαυτοῦ
3009 2497 3326 2565 σκαιότητος
3359 2489 3618 2559 κατέληξε
3649 2485 3749 2556 μὲν

2173 2598 2441 2668 οὐδαμῶς.
2493 2595 2670 2665 Ἀλοίη
2709 2593 2751 2646 δ’
2803 2591 2869 2645 ἂν
2917 2588 3116 2661 μᾶλλον
3162 2585 3246 2653 ἐφ’
3286 2583 3494 2653 ἑτέροις
3542 2596 3602 2632 τε
3656 2577 3751 2630 καὶ

2178 2688 2312 2752 ἴσοις
2363 2687 2724 2756 ἐγκλήμασιν.
2784 2682 3018 2748 Ἀνέγνω
3059 2679 3157 2750 μὲν
3193 2677 3301 2747 γὰρ
3339 2677 3396 2727 ὲν
3423 2675 3534 2735 τοῖς
3574 2668 3753 2741 Ἀριθ-

2181 2784 2336 2852 μοῖς,
2374 2780 2456 2832 ὅτι
2488 2776 2926 2848 πεπορνεύκασιν
2970 2774 3016 2826 οἰ
3065 2771 3170 2825 υἱοὶ
3213 2767 3450 2840 Ἰσραὴλ,
3489 2768 3753 2818 ἐκκεκαυ-

2183 2875 2332 2946 μένοι
2363 2871 2500 2941 πρὸς
2543 2869 2806 2930 ὲκτόπους
2854 2863 3045 2935 ἡδονὰς
3067 2905 3080 2927 ,
3109 2862 3202 2916 καὶ
3238 2862 3360 2922 ταῖς
3391 2857 3500 2910 τῶν
3528 2854 3756 2910 Μωαϐι-

2179 2966 2288 3020 τῶν
2330 2963 2678 3034 προσέκειντο
2739 2957 3006 3027 γυναιξίν,
3043 2950 3210 3016 Εἶτα,
3245 2952 3400 3013 δίκας
3447 2949 3540 3002 ἐπὶ
3585 2946 3760 3015 τούτῳ

2181 3058 2282 3119 τὰς
2321 3052 2546 3108 ἁπασῶν
2597 3050 2830 3120 ἐσχάτας
2873 3047 3180 3118 ἐξῄτηνται.
3223 3045 3376 3113 Ἔχει
3409 3043 3466 3095 δὲ
3504 3039 3646 3093 οὕτω
3691 3039 3762 3090 τὰ

2188 3143 2583 3215 Γεγραμμένα’
2633 3161 2652 3192 ι
2693 3143 2803 3193 Καὶ
2849 3138 3145 3193 κατέλυσεν
3185 3133 3401 3206 Ἰσραὴλ
3451 3134 3508 3185 έν
3550 3132 3719 3198 Σετὶμ
3745 3169 3762 3192 ,

516 3253 636 3308 ﬁcia
661 3230 923 3306 idolorum
953 3261 1194 3312 suorum;
1229 3253 1284 3298 et
1318 3242 1550 3298 comedit
1575 3240 1798 3311 populus
1823 3240 1888 3293 de
1911 3237 2080 3292 sacri-

2188 3208 2622 3304 ’ὲϐεθηλὼθη
2664 3235 2692 3285 6
2719 3231 2847 3294 λαὸς
2877 3227 3236 3300 ὲκπορνεῦσαι
3283 3228 3368 3293 εἰς,
3406 3224 3505 3288 τὰς
3536 3221 3764 3291 θυγατέ-

521 3342 660 3396 ﬁciis
708 3355 893 3395 eorum
933 3348 988 3393 et
1020 3335 1261 3392 adoravit
1291 3333 1430 3389 idola
1484 3347 1692 3397 eorum,
1736 3341 1790 3384 et
1845 3330 2087 3383 initiatus
2119 3390 2130 3402 .

515 3445 600 3493 est
661 3433 823 3489 Israel
857 3430 1208 3501 Beelphegor,
1255 3436 1309 3482 et
1347 3427 1518 3480 iratus
1556 3433 1639 3478 est
1690 3425 1872 3476 furore
1909 3421 2088 3474 Domi-

517 3520 619 3582 nu's
649 3523 855 3590 Israeli,
884 3533 940 3576 et
966 3523 1099 3576 dixit
1132 3520 1390 3575 Dominus
1442 3515 1639 3587 Moysi:
1671 3514 1870 3583 Accipe
1900 3524 2088 3566 omnes

517 3619 680 3672 duces
712 3613 918 3686 populi,
951 3621 1005 3666 et
1033 3611 1222 3664 traduc
1249 3623 1341 3663 eos
1372 3607 1600 3662 Domino
1635 3614 1823 3660 contra
1877 3603 2085 3666 solem,

518 3717 574 3762 et
608 3713 878 3760 avertetur
908 3701 1068 3772 180
1101 3700 1178 3754 ira
1233 3698 1431 3753 furoris
1459 3696 1669 3751 Domini
1707 3696 1774 3749 ab
1807 3694 1993 3748 Israel.
2026 3692 2092 3746 Et

520 3799 658 3853 dixit
685 3796 894 3866 Moyses
940 3793 1184 3848 tribubus
1220 3789 1382 3846 Israel
1420 3788 1685 3845 :Occidat
1712 3785 2090 3853 unusquisque

521 3889 876 3944 domesticum
904 3901 1057 3944 suum
1105 3884 1195 3952 qui
1233 3881 1560 3938 sacriﬁcavit
1612 3879 1943 3948 Beelphegor
1975 3877 2041 3929 ⁷⁸.
2070 3894 2088 3928 ι

523 3981 634 4036 I'Iac
660 3991 839 4048 strage
868 3992 973 4031 non
1000 3975 1281 4029 mediocris
1303 3971 1587 4027 multitudo
1609 3985 1674 4025 ex
1694 3969 1856 4024 Israel
1879 3967 2091 4023 cecidit.

522 4071 659 4127 Vide
685 4069 851 4140 igitur
896 4066 1165 4137 quomodo
1194 4063 1377 4127 Israel,
1410 4060 1751 4130 temporibus
1783 4057 1981 4129 Moysis
2007 4056 2098 4126 ju-

523 4161 873 4219 stiﬁcationes
928 4158 1022 4212 Dei
1054 4156 1210 4212 idolis
1274 4153 1528 4217 otl'erens,
1590 4149 1972 4205 miserabiliter
2026 4150 2100 4204 sit

525 4265 803 4312 mortuus:
837 4252 1088 4306 seductus
1153 4247 1320 4310 enim,
1379 4244 1801 4315 propinquorum
1863 4240 2095 4312 gladiis,

529 4362 632 4401 non
692 4344 868 4398 aliena
938 4356 1095 4395 manu
1169 4336 1556 4392 trucidabatur.
1610 4333 1808 4388 Verum
1852 4333 2101 4402 apposuit

529 4450 776 4505 peccare.
814 4432 1080 4486 Fecerunt
1133 4430 1274 4483 enim
1313 4427 1415 4482 sibi
1463 4423 1730 4480 conflatile
1765 4438 2011 4488 aureum,
2049 4430 2103 4476 et

529 4543 691 4596 opera
718 4525 961 4588 artiﬁcis,
993 4532 1048 4576 et
1079 4521 1330 4587 opiﬁcum
1371 4519 1577 4572 artibus
1610 4515 1914 4570 elaboratos
1944 4514 2097 4568 deos.

535 4615 728 4669 Irridet
759 4624 936 4668 autem
982 4611 1160 4679 aliquo
1204 4609 1362 4663 modo
1388 4621 1572 4660 eorum
1620 4605 1930 4658 vanitatem.
1961 4602 2100 4657 Deos

535 4707 676 4762 enim
704 4703 994 4759 credebant
1016 4716 1169 4767 esse,
1191 4713 1326 4768 quos
1383 4697 1592 4767 ipsimet
1622 4694 1868 4749 fabricati
1922 4703 2101 4749 erant.

532 4797 808 4852 Exclamet
838 4794 997 4861 igitur
1026 4800 1212 4846 contra
1242 4791 1338 4844 hos
1359 4789 1669 4844 Psalmista:
1697 4806 1716 4840 ι
1751 4787 1970 4843 Similes
2002 4789 2105 4843 illis

535 4891 669 4943 ﬁant
690 4888 778 4957 qui
805 4886 1008 4940 faciunt
1029 4899 1114 4949 ea,
1131 4893 1184 4936 et
1204 4897 1392 4936 omnes
1413 4880 1504 4948 qui
1543 4881 1816 4935 conﬁdunt
1859 4881 1912 4934 in
1935 4881 2014 4935 eis
2034 4880 2102 4934 ".

2194 3347 2290 3401 ρας
2313 3327 2509 3392 Μωὰϐ,
2541 3327 2636 3380 καὶ
2661 3323 2925 3378 ἐκάλεσαν
2959 3322 3160 3382 αὐτοὺς
3198 3321 3278 3382 εἰς
3307 3319 3402 3381 τὰς
3441 3316 3633 3377 θυσίας
3657 3313 3766 3367 τῶν

2190 3422 2419 3476 εἰδώλων
2448 3419 2647 3474 αὐτῶν.
2693 3417 2802 3471 Καὶ
2839 3415 3011 3485 ἔφαγε
3058 3415 3086 3466 6
3135 3413 3264 3474 λαὸς
3302 3411 3409 3464 τῶν
3441 3407 3642 3462 θυσιῶν
3675 3407 3768 3459 αύ-

2190 3515 2320 3579 τῶν,
2369 3511 2464 3566 καὶ
2512 3509 2927 3582 προσεκύνησαν
2974 3507 3086 3568 τοῖς
3142 3502 3377 3566 εἰδώλοις
3426 3499 3638 3561 αὐτῶν,
3673 3498 3800 3564 καὶ,

2191 3603 2446 3672 ἐτελέσθη
2491 3601 2707 3673 Ἰσραὴλ
2735 3600 2813 3670 τῷ
2837 3595 3180 3667 Βεελφεγὼρ,
3216 3594 3307 3649 καὶ
3332 3591 3576 3664 ὠργίσθη
3611 3589 3771 3660 θυμῷ

2192 3698 2396 3768 Κύριος
2438 3695 2513 3764 τῷ
2555 3694 2790 3766 Ἰσραήλ.
2841 3692 2944 3746 Καὶ
2997 3687 3116 3744 εἷπε
3158 3689 3362 3759 Κύριος
3409 3685 3486 3755 τῷ
3536 3686 3767 3754 Μωῦσῇ·

2197 3788 2350 3843 Λάϐε
2392 3787 2600 3849 πάντας
2625 3789 2750 3848 τοὺς
2779 3783 3054 3856 ἀρχηγοὺς
3081 3780 3175 3832 τοῦ
3208 3779 3361 3840 λαοῦ,
3383 3779 3477 3831 καὶ
3509 3775 3772 3848 παραδει-

2206 3881 2473 3950 γμάτισον
2527 3877 2724 3940 αὐτοὺς
2763 3875 2970 3946 Κυρίῳ,
3002 3873 3264 3924 ἀπέναντι
3321 3870 3416 3924 τοῦ
3461 3868 3634 3940 ἡλίου,
3677 3867 3775 3920 καί¹

2197 3972 2675 4044 ἀποστραφήσεται
2720 3967 2855 4039 ὀργὴ
2912 3965 3082 4036 θυμοῦ
3123 3965 3326 4036 Κυρίου
3375 3963 3482 4017 ἀπὸ
3534 3960 3773 4032 Ἰσραήλ.

2197 4067 2308 4120 Καὶ
2336 4061 2453 4117 εἷπε
2471 4063 2711 4132 Μωῦσῆς
2739 4064 2857 4123 ταῖς
2888 4060 3078 4130 φυλαῖς
3117 4056 3331 4127 Ἰσραὴλ
3348 4096 3361 4119 ,
3386 4057 3444 4109 Ἀ
3455 4053 3775 4110 ποκτείνατε

2200 4159 2428 4221 ἕκαστος
2446 4157 2536 4209 τὸν
2565 4157 2761 4208 οἰκεῖον
2789 4151 2974 4214 αὐτοῦ,
2997 4152 3088 4204 τὸν
3115 4148 3498 4218 τετελεσμένον
3516 4146 3594 4216 τῷ
3615 4145 3778 4198 Βεελ-

2202 4249 2408 4320 φεγώρ.
2446 4267 2464 4300 ι
2505 4243 2578 4300 Oi:
2597 4246 2661 4317 δὴ
2688 4247 2781 4300 καὶ
2814 4247 2892 4308 είς
2924 4244 3091 4314 πέρας
3120 4239 3502 4310 ἐνηνεγμένου,
3522 4239 3776 4290 πέπτωκε

2203 4341 2411 4411 πληθὺς
2441 4341 2501 4393 οὐ
2549 4338 2745 4409 μετρία
2774 4337 2882 4389 τῶν
2911 4336 2968 4400 ἐξ
3018 4333 3254 4404 Ἰσραήλ.
3308 4331 3496 4401 Ἀορει
3542 4329 3605 4400 δὴ
3657 4324 3777 4393 οὖν,

2207 4432 2288 4484 ὅτι
2319 4430 2612 4501 προσάγων
2655 4425 2726 4481 τὰ
2770 4425 2862 4479 τοῦ
2921 4423 3055 4477 Θεοῦ
3087 4421 3428 4492 δικαιώματα
3477 4420 3620 4473 κατὰ
3651 4419 3778 4482 τοὺς

2205 4522 2483 4584 Μωῦσέως
2507 4519 2730 4591 χρόνους
2759 4520 2787 4571 6
2817 4517 3052 4588 Ἰσραὴλ,
3079 4515 3346 4568 ἀπέθανεν
3369 4512 3618 4584 οἰκτρῶς.
3654 4513 3779 4564 Ἀπ-

2207 4613 2469 4682 εσφάζετο
2484 4613 2555 4680 γά
2561 4629 2593 4682 ρ
2609 4612 2637 4663 6
2650 4610 2895 4677 πεπλανη
2905 4609 3064 4679 μένος
3079 4609 3189 4670 τοῖς
3203 4606 3312 4658 τῶν
3322 4605 3537 4658 οἰκείων
3549 4604 3777 4672 ξίφεσιν,

2208 4702 2307 4754 οὐκ
2338 4701 2518 4771 ὀθνείᾳ
2573 4698 2716 4771 χειρί
2732 4715 2746 4730 ο
2787 4697 2924 4753 ἀλλὰ
2977 4695 3271 4769 προσέθετο
3324 4694 3383 4747 τὸ
3423 4695 3776 4764 ἁμαρτάνειν.

2213 4793 2551 4864 Πεποιήκασι
2615 4792 2724 4860 γὰο
2795 4791 3006 4852 ἑαυτοῖς
3056 4787 3310 4859 χώνευμα
3372 4784 3631 4856 χρυσοῦν,
3687 4785 3782 4838 καὶ

2212 4883 2349 4955 ἔργα
2377 4884 2662 4947 τέκτονος,
2714 4883 2808 4935 καὶ
2859 4881 3198 4952 τεχνουργῶν
3242 4879 3574 4948 ἐπιστήμαις
3613 4879 3784 4930 ὲκπε-

538 4978 869 5050 ποιημένους
902 4975 1075 5038 θεούς.
1119 4973 1425 5043 Ἐπιμειδιᾷ
1455 4973 1513 5026 δὲ
1553 4972 1742 5044 ὥσπερ
1802 4975 1922 5036 ταῖς
1965 4972 2146 5027 αὐτῶν
2183 4975 2598 5040 εἰκαιοϐουλίαις
2644 4977 2671 5027 6
2705 4975 2881 5042 λόγος.
2945 4973 3113 5034 Θεοὺς
3155 4971 3263 5042 γὰρ
3300 4966 3439 5023 εἶναι
3488 4966 3783 5021 πεπιστεύ-

537 5090 718 5136 κασιν,
758 5071 850 5134 οὓς
883 5070 1037 5123 αὐτοὶ
1083 5067 1471 5130 τεκταίνουσιν.
1513 5067 1884 5136 Ἐπιφωνείτω
1929 5066 1992 5138 δὴ
2027 5063 2118 5121 οὖν
2181 5069 2274 5122 καὶ
2305 5070 2513 5133 τούτοις
2549 5073 2576 5122 ὁ
2636 5067 2969 5137 Ψαλμῳδός·
3023 5084 3042 5116 ι
3085 5066 3299 5132 Ὅμοιοι
3335 5062 3517 5124 αὐτοῖς
3549 5060 3788 5128 γένοιντο

540 5167 590 5220 οἱ
637 5162 916 5224 ποιοῦντες
967 5159 1126 5226 αὐτὰ,
1178 5161 1274 5213 καὶ
1318 5159 1519 5222 πάντες
1567 5161 1616 5211 οἱ
1660 5159 1978 5224 πεποιθότες
2025 5161 2111 5213 ἐπ’
2145 5163 2346 5226 αὐτοῖς.

614 5253 780 5308 Vens.
806 5254 860 5307 5.
916 5249 1030 5322 Ipsi
1054 5252 1277 5303 dicunt:
1316 5248 1595 5303 Immolate
1635 5250 1892 5316 homines,
1965 5251 2110 5304 viluli

542 5349 681 5403 enim
733 5346 1052 5414 defecerunt.
1096 5341 1305 5396 Idcirco
1352 5351 1500 5394 erunt
1541 5341 1693 5409 quasi
1734 5341 1895 5394 nubes
1930 5349 2110 5394 matu-

542 5441 675 5504 tina,
714 5447 761 5490 et
790 5437 921 5489 sicut
956 5453 1040 5489 ros
1088 5437 1375 5488 matutinus
1441 5435 1813 5500 pertransiens,
1871 5444 1917 5487 et
1978 5435 2111 5487 sicut

540 5528 704 5599 pulvis
733 5527 1029 5597 exsuﬁlatus
1064 5527 1126 5578 ab
1167 5542 1314 5593 area,
1365 5534 1413 5578 et
1454 5525 1585 5578 sicut
1624 5541 1782 5592 vapor
1815 5541 1848 5580 a
1886 5525 2112 5580 camino.

622 5795 668 5828 "
701 5793 860 5849 Num.
895 5809 1019 5860 xxv,
1058 5793 1174 5848 1-5.
1246 5794 1293 5825 ⁷⁸
1328 5791 1466 5849 Psal.
1502 5808 1652 5857 ortu,
1687 5791 1741 5847 8.

2285 5253 2462 5307 Αὐτοὶ
2486 5253 2756 5321 λέγουσι·
2781 5251 3010 5304 Θύσατε
3037 5245 3401 5314 ἀνθρώπους,
3426 5243 3647 5312 μόσχοι
3670 5241 3780 5308 γὰρ

2215 5342 2627 5396 ἐκλελοίπασι.
2655 5339 2759 5394 Διὰ
2785 5339 2962 5394 τοῦτο
2989 5338 3232 5391 ἔσονται
3257 5336 3336 5399 ὠς
3363 5331 3584 5400 νεφέλη
3606 5337 3783 5398 πρωϊ-

2216 5429 2315 5498 νὴ,
2359 5430 2455 5483 καί
2495 5431 2572 5494 ὡς
2605 5429 2823 5497 δρόσος
2849 5425 3093 5495 ὀρθρινὴ
3139 5419 3508 5490 πορευομένη
3531 5458 3546 5482 ,
3584 5417 3681 5471 καὶ
3711 5417 3790 5481 ὡς

2219 5522 2406 5593 χνοὺς
2429 5521 2904 5590 ἀποφυσώμενος
2945 5517 3044 5586 ἀφ’
3071 5516 3302 5580 ἅλωνος
3321 5554 3335 5580 ,
3369 5511 3464 5565 καὶ
3494 5511 3574 5576 ὡς
3617 5506 3791 5577 ἀτμὶς

2220 5616 2338 5670 ἀπὸ
2367 5613 2774 5682 καπνοδόκης,
