4110 6368
391 471 492 529 δΉ

1314 467 1867 525 COMMENTARIUS
1906 467 1974 523 IN
2014 466 2247 527 OSEAM
2287 470 2732 531 PBOPHETAM.

3542 479 3650 536 502

460 587 897 643 ΡΜΖ¹.Αἰτιά⁹ται
922 586 1101 651 πάλιν,
1128 587 1207 640 ὅτι
1234 588 1310 659 μὴ
1339 587 1498 659 μόνον
1517 587 1960 659 δεδυσσεϐήκασι,

2141 588 2393 647 CXLVII.
2443 591 2803 664 Conqueritur
2848 608 3082 659 rursum,
3118 595 3261 666 quod
3319 610 3425 651 non
3473 595 3647 652 solum

390 681 509 734 κατ’
549 679 735 732 εἰκόνα
772 677 1007 731 εἰδώλων
1058 678 1119 731 τὸ
1157 678 1309 749 παρὰ
1338 678 1476 731 Θεοῦ
1528 678 1681 734 δοθὲν
1708 679 1971 752 ἀργύριον

388 770 827 834 διαπλάττοντες,
876 771 971 823 καὶ
997 772 1108 833 τοῖς
1137 769 1244 824 ἀπὸ
1267 769 1423 835 ξύλου
1447 770 1541 824 καὶ
1564 770 1727 825 λίθων
1749 788 1972 843 πεποιη-

395 863 578 932 μένοις
624 862 685 916 τὸ
737 862 836 932 τῆς
882 861 1034 926 θείας
1084 862 1242 933 δόξης
1296 863 1721 932 ἐπιφημίζοντες
1764 862 1967 932 ὄνομα,

388 955 527 1010 ἀλλά
558 956 667 1026 γάρ
694 955 791 1009 καί⁹
832 956 912 1019 είς
942 954 1102 1008 τοῦτο
1149 951 1484 1007 κατώλισθον
1520 953 1788 1025 ἀμαθίας,
1829 954 1969 1025 μᾶλι

389 1044 480 1098 λον
510 1044 565 1098 δὲ
596 1044 937 1115 σκαιότητος,
980 1044 1075 1098 καὶ
1105 1043 1517 1116 ἀπανθρωπίας,
1549 1044 1644 1098 καὶ
1675 1044 1969 1116 θηριοπρε-

390 1137 527 1199 ποῦς
549 1137 873 1208 ἀγριότητος
912 1138 945 1208 ἢ
975 1137 1071 1191 καὶ
1097 1136 1177 1190 ἔτι
1206 1136 1410 1191 τούτων
1433 1138 1707 1201 ἐπέκεινα,
1733 1138 1809 1201 ὡς
1835 1138 1967 1209 μηδὲ

388 1228 570 1284 αὐτῶν
619 1228 728 1282 τῶν
778 1229 924 1282 ίδίων
958 1227 1234 1298 φείδεσθαι
1287 1229 1513 1282 τέκνων.
1570 1228 1967 1299 ’Λποσφάττειν

384 1322 443 1375 δὲ
497 1320 636 1374 αὐτὰ
677 1322 793 1384 τοῖς
852 1320 1091 1390 δαίμοσι,
1149 1319 1327 1374 καίτοι
1381 1321 1849 1391 κατεστυγηκότος
1904 1320 1967 1373 τὸ

384 1413 572 1484 χρῆμα
593 1413 752 1477 Θεοῦ,
780 1414 873 1467 καὶ
898 1414 1004 1466 οὐδ’
1028 1413 1094 1467 ἂν
1118 1414 1290 1485 αὐτὴν
1319 1413 1689 1484 ἀνασχομένου
1714 1415 1844 1468 ποτὲ
1864 1415 1965 1488 τὴν

384 1502 567 1573 φωνὴν
605 1503 638 1574 ἢ
676 1504 851 1556 εἰπεῖν
878 1503 1106 1575 ἑτέροις,
1132 1502 1166 1573 ἢ
1200 1502 1331 1571 γοῦν
1369 1502 1600 1558 ἀκοῦσαι
1626 1504 1778 1575 παρά
1797 1521 1961 1568 τινος.

384 1595 459 1647 Οὐ
486 1593 595 1666 γὰρ
637 1594 965 1665 φιλαίματος
997 1597 1025 1649 ό
1061 1596 1361 1666 Δεσπότης,
1409 1594 1533 1649 οὔτε
1582 1596 1688 1668 μὴν
1717 1598 1809 1650 ἐπὶ
1843 1601 1964 1662 ταῖς

380 1685 491 1739 τῶν
531 1685 834 1758 ἀνθρώπων
873 1687 1060 1758 ἥδεται
1091 1687 1486 1766 καταφθοραῖς.
1542 1689 1748 1742 Πολλοῦ
1778 1706 1840 1758 γε
1866 1690 1962 1743 καὶ

379 1778 479 1833 δεῖ.
537 1779 759 1832 Ἔκτισε
808 1779 916 1850 γὰρ
962 1781 1042 1843 είς
1070 1779 1129 1832 τὸ
1178 1775 1320 1832 εἶναι
1365 1780 1435 1833 τά
1472 1781 1682 1846 πάντα,
1720 1784 1859 1835 κατά
1900 1782 1962 1835 τὸ

380 1870 785 1942 γεγραμμένον,
811 1870 909 1924 καὶ
952 1873 1208 1942 σωτήριοι
1232 1873 1291 1924 αἱ
1333 1872 1577 1940 γενέσεις
1603 1872 1698 1927 τοῦ
1728 1875 1956 1945 κόσμου.

2074 681 2238 751 impie
2264 682 2494 752 egerint,
2521 684 2773 740 donatum
2792 700 2823 739 a
2849 685 2958 741 Deo
2979 698 3260 757 argentum
3282 688 3336 743 in
3354 688 3649 759 imaginem

2073 769 2335 825 idolorum
2394 771 2862 842 transformantes,
2896 784 2951 831 et
2980 789 3011 830 e
3052 775 3197 845 ligno
3253 791 3317 832 ac
3380 777 3649 847 lapidibus

2070 859 2349 917 fabricatis
2372 862 2569 917 divinae
2619 864 2803 934 gloriae
2860 880 3053 921 nomen
3123 868 3492 934 ascribentes,
3552 872 3647 924 sed

2070 951 2235 1005 etiam
2265 966 2330 1007 eo
2360 952 2613 1020 inscitiae,
2648 956 2757 1009 imo
2808 957 3068 1021 stultitize,
3105 967 3159 1013 et
3190 959 3563 1025 immanitatis,
3593 971 3648 1014 et

2070 1041 2256 1099 ferina;
2313 1045 2559 1113 saevitia,
2588 1055 2683 1101 aut
2708 1047 2751 1102 si
2778 1048 2907 1117 quid
2953 1049 3038 1105 his
3082 1051 3255 1121 majus
3279 1062 3384 1117 est,
3442 1051 3644 1123 delapsi

2068 1134 2198 1199 sint,
2228 1142 2287 1189 ut
2314 1149 2383 1189 ne
2407 1135 2530 1190 ﬁliis
2560 1137 2777 1207 quidem
2812 1138 2928 1193 suis
2974 1150 3281 1210 parcerent,
3307 1156 3495 1197 verum
3549 1156 3648 1199 eos

2068 1222 2402 1278 daemonibus
2446 1225 2809 1293 immolarent,
2848 1228 3061 1283 tametsi
3094 1229 3236 1285 Deus
3260 1229 3464 1285 factum
3493 1232 3648 1287 odis-

2068 1323 2151 1368 set
2178 1315 2335 1379 adeo,
2370 1324 2426 1370 ut
2459 1329 2528 1370 ne
2568 1315 2736 1385 ipsam
2763 1318 2980 1387 quidem
3016 1334 3201 1375 vocem
3244 1320 3361 1390 ejus
3393 1321 3478 1377 vel
3524 1322 3647 1379 aliis

2068 1407 2376 1472 dicere,,rvel
2403 1408 2471 1461 ab
2492 1407 2611 1464 aliis
2632 1410 2821 1465 audire
2842 1412 3155 1468 sustineret.
3199 1412 3316 1469 Non
3345 1416 3489 1470 enim
3515 1431 3647 1484 gau-

2066 1500 2156 1553 det
2197 1500 2460 1568 sanguine
2510 1501 2803 1570 Dominus,
2870 1518 2971 1559 nec
3008 1506 3312 1574 perditione
3364 1508 3643 1563 hominum

2065 1586 2278 1642 laetatur
2305 1590 2371 1643 ⁷⁷.
2422 1589 2605 1661 Longe
2648 1593 2819 1649 abest.
2865 1595 3082 1651 Creavit
3124 1598 3267 1673 enim
3338 1599 3521 1654 omnia
3586 1612 3646 1655 ut

2065 1690 2247 1736 essent
2276 1682 2452 1754 (sicut
2481 1686 2740 1754 scriptum
2765 1695 2851 1741 est
2879 1686 2918 1759 ),
2967 1699 3025 1743 et
3049 1690 3317 1745 salutares
3368 1700 3497 1745 sunt
3553 1707 3646 1761 ge-

2065 1775 2376 1831 nerationes
2404 1776 2587 1830 mundi
2622 1776 2690 1831 ⁷⁸.
2728 1777 2832 1832 Sed
2875 1779 3040 1833 draco
3069 1791 3337 1849 apostata,
3380 1791 3439 1836 ut
3493 1797 3644 1837 mor-

2066 1866 2135 1921 tis
2181 1867 2428 1921 inventor
2456 1877 2509 1923 et
2542 1882 2760 1936 parens,
2799 1870 3076 1923 hominum
3110 1871 3349 1927 caedibus
3408 1872 3645 1929 delecta-

392 1961 610 2032 Ἐπειδὴ
660 1960 719 2014 δέ
753 1963 869 2014 ἐστι
904 1961 1135 2015 Θανάτου
1158 1962 1252 2015 καὶ
1281 1962 1511 2034 εὑρετὴς
1539 1964 1632 2017 καὶ
1655 1964 1914 2036 πρόξενος
1934 1968 1960 2020 ό

2068 1966 2175 2010 tur.
2202 1955 2412 2011 Nudum
2444 1958 2607 2029 igitur
2636 1974 2941 2015 sermonem
2976 1976 3193 2031 quoque
3231 1979 3393 2033 super
3439 1966 3524 2021 his
3559 1966 3644 2019 in-

377 2055 591 2125 δράκων
613 2052 641 2104 ὁ
669 2053 1003 2123 ἀποστάτης,
1025 2052 1197 2126 ταύτῃ
1218 2072 1298 2107 τοι
1318 2057 1435 2117 ταῖς
1453 2054 1754 2124 ἀνθρώπων
1774 2058 1959 2128 ἥδεται

378 2146 633 2213 σφαγαῖς.
664 2145 787 2196 ’Ότι
819 2144 998 2198 τοίνυν
1023 2146 1119 2198 καὶ
1144 2144 1298 2213 ψιλὸς
1325 2148 1353 2199 ὁ
1374 2146 1467 2198 ἐπὶ
1494 2146 1668 2218 τούτῳ
1689 2147 1844 2217 λόγος
1870 2166 1962 2220 με-

378 2238 606 2307 μίσηται
644 2238 795 2308 παρά
834 2237 984 2308 Θεῷ,
1025 2238 1305 2309 διατρανοῖ
1347 2240 1559 2308 λέγων·
1616 2259 1635 2293 ι
1663 2242 1827 2296 Αὐτοὶ
1868 2225 1958 2298 λέ-

376 2346 553 2396 γουσι,
576 2328 787 2383 Θύσατε
813 2328 1154 2400 ἀνθρώπους,
1178 2329 1367 2401 μόσχοι
1383 2332 1491 2403 γὰρ
1519 2333 1910 2388 ἐκλελοίπασιν.
1936 2355 1955 2388 ι

376 2422 490 2475 Ούκ
522 2422 672 2492 ἐμὸς,
703 2422 890 2491 φησιν,
922 2425 950 2474 ὁ
980 2422 1135 2490 λόγος
1181 2423 1289 2475 οὐδ’
1308 2424 1374 2477 ἂν
1395 2426 1604 2497 εἴποιμί
1635 2444 1764 2480 ποτε
1784 2427 1961 2481 τοιάν-

373 2513 428 2565 δε
469 2517 673 2586 φωνήν.
721 2515 886 2568 Αὐτοὶ
931 2513 988 2568 δέ
1044 2532 1207 2583 φασιν
1246 2517 1297 2568 οἱ
1329 2517 1438 2570 τῶν
1495 2518 1766 2589 δαιμόνων
1799 2519 1960 2590 θερα-

377 2605 596 2665 πευταὶ,
642 2604 703 2657 τὸ
725 2606 835 2659 δεῖν
885 2604 1208 2677 ἀνθρώπους
1242 2608 1537 2662 καταθύειν
1575 2610 1777 2674 αὐτοῖς.
1827 2608 1959 2665 Εἶτα

372 2697 596 2768 διαγελᾷ
645 2699 744 2769 τὴν
792 2697 1003 2767 σκέψιν,
1058 2700 1151 2752 καὶ
1199 2699 1448 2771 διασύρει
1511 2700 1573 2753 τὸ
1612 2702 1957 2773 ἐγχείρημα,

372 2789 728 2862 προστιθεὶς,
789 2792 884 2843 καὶ
930 2790 1133 2858 λέγων·
1171 2811 1189 2842 ι
1232 2792 1421 2863 μόσχοι
1470 2793 1601 2865 γὰρ,
1632 2813 1649 2844 ι
1708 2795 1850 2848 κατά
1898 2795 1960 2848 τὸ

373 2884 543 2949 εἰκὸς,
579 2904 597 2936 ι
620 2885 719 2937 οὐκ
746 2880 888 2955 ἦσαν
918 2884 1120 2946 αὐτοῖς.
1160 2903 1178 2938 ι
1209 2887 1306 2939 Διά
1334 2886 1491 2939 τοῦτο
1513 2889 1843 2958 τετιμήκασι
1861 2888 1958 2957 τὴν

373 2976 748 3049 ἀνδροφονίαν.
776 2976 913 3029 Ἀλλ’
940 2975 1100 3041 ἔστω,
1130 2977 1285 3047 φησὶ,
1314 2977 1683 3048 πεπλάνησθε,
1711 2980 1805 3031 καὶ
1834 2980 1960 3041 τοὺς

372 3069 644 3139 γλυπτούς
671 3088 753 3133 τε,
784 3070 877 3123 καλ¹
913 3071 1220 3139 χωνευτοὺς
1260 3071 1594 3140 τετιμήκατε
1632 3070 1807 3134 θεούς.
1842 3072 1958 3123 Ἵνα

371 3164 423 3218 τί
449 3166 542 3217 καὶ
567 3165 759 3234 αἵμασι
785 3164 909 3226 τοὺς
932 3164 1157 3217 ἐκείνων
1186 3164 1401 3232 βωμοὺς
1424 3164 1813 3227 κατεδεύσατες
1840 3164 1959 3216 Ἀν-

2064 2049 2236 2103 visum
2271 2063 2391 2105 esse
2420 2051 2530 2105 Deo
2560 2052 2818 2117 declarat,
2840 2052 3066 2108 dicens:
3106 2053 3250 2124 «1ρεί
3293 2056 3510 2110 dicunt:
3543 2057 3644 2111 Sa-

2060 2142 2304 2198 criﬁcate
2335 2144 2603 2211 homines,
2643 2144 2793 2200 vituli
2835 2146 2978 2200 enim
3008 2146 3341 2204 defecerunt.
3366 2167 3385 2200 ι
3415 2147 3530 2204 Non
3558 2160 3644 2205 est

2063 2235 2285 2290 verbum
2355 2250 2556 2301 meum,
2599 2237 2796 2307 inquit,
2838 2253 2939 2293 nec
2967 2254 3204 2308 unquam
3242 2239 3494 2309 loquerer
3539 2256 3643 2313 ego

2059 2329 2389 2399 huiusmodi.
2423 2331 2528 2402 Ipsi
2563 2341 2745 2387 autem
2790 2331 3029 2388 cultores
3083 2334 3381 2389 dmmnnum
3419 2335 3639 2397 dicunt,

2062 2421 2448 2477 sacrificandos
2492 2423 2559 2477 ab
2591 2437 2649 2478 se
2680 2424 2947 2480 homines.
2978 2425 3182 2480 Deinde
3204 2424 3487 2481 consilium
3517 2426 3643 2481 irri-

2062 2513 2153 2567 det
2194 2521 2248 2567 et
2299 2512 2629 2567 molitionem
2694 2513 3028 2583 perstringit,
3098 2528 3219 2567 cum
3298 2514 3395 2576 ait,
3427 2531 3447 2564 ι
3489 2513 3639 2567 vituli

2061 2603 2224 2668 enim,
2269 2623 2287 2655 ι
2319 2614 2376 2656 ut
2409 2612 2827 2659 consentaneum
2875 2614 2977 2668 est,
3012 2604 3161 2673 «{non
3215 2613 3372 2659 erant
3422 2605 3574 2675 ipsis,
3614 2623 3635 2657 ι

2063 2695 2267 2750 idcirco
2299 2695 2521 2749 honoris
2545 2709 2706 2749 causa
2726 2695 2928 2750 caedem
2953 2695 3228 2749 hominum
3257 2704 3638 2765 susceperunt.

2066 2788 2221 2858 181
2260 2786 2365 2842 Sed
2420 2797 2558 2852 esto,
2597 2786 2791 2856 inquit,
2821 2787 3157 2853 erraveritis,
3195 2787 3641 2857 sculptilibusque

2062 2890 2115 2933 et
2145 2878 2508 2933 conﬂatilibus
2543 2878 2645 2933 diis
2670 2879 3076 2932 venerationem
3109 2877 3413 2933 tribueritis
3458 2918 3473 2944 ,
3502 2893 3639 2947 qua-

2064 2985 2124 3025 re
2174 2972 2336 3024 etiam
2408 2972 2645 3023 humano
2700 2969 2963 3040 sanguine
3000 2970 3212 3024 illorum
3263 2985 3386 3024 aras
3453 2969 3643 3024 imbui-

2071 3062 2214 3115 stis?
2253 3062 2509 3129 Legimus
2565 3062 2619 3114 in
2661 3062 2812 3114 libris
2870 3060 3098 3129 Regum,
3155 3061 3322 3115 ﬁlium
3406 3059 3638 3115 Joathan

2062 3151 2228 3207 fuisse
2252 3152 2454 3217 Achaz,
2486 3153 2578 3221 qui
2606 3153 2851 3221 regnavit
2884 3168 3046 3221 super
3076 3151 3306 3205 .lntlam:
3347 3152 3638 3207 «Ambula-

372 3255 623 3325 έγνωμεν
653 3255 707 3306 δὲ
737 3256 792 3306 ὲν
830 3259 949 3317 ταῖς
980 3255 1312 3317 Βασιλείαις,
1352 3256 1433 3307 ὅτι
1473 3256 1694 3322 γέγονεν
1737 3255 1956 3308 Ἰωάθαν

2062 3246 2136 3298 vit
2176 3260 2301 3298 vero
2344 3245 2395 3296 in
2438 3244 2520 3296 via
2552 3258 2736 3309 regum
2770 3243 2958 3305 Israel,
2986 3255 3041 3296 et
3072 3244 3307 3297 adolevit
3354 3244 3635 3299 incensum

372 3345 488 3408 υἱός
534 3344 718 3415 Ἀχάζ,
764 3346 822 3408 ὃς
881 3344 1231 3399 ἐϐασίλευσεν
1264 3346 1356 3397 ἐπὶ
1396 3346 1487 3398 τὸν
1533 3346 1753 3400 Ἰούδαν·
1794 3364 1811 3395 ι
1850 3347 1954 3398 Πε-

2063 3337 2112 3388 in
2153 3335 2405 3399 excelsis,
2433 3345 2486 3387 et
2526 3334 2800 3387 transtulit
2826 3334 2992 3388 lilium
3024 3348 3179 3387 suum
3203 3350 3299 3402 per
3328 3335 3505 3404 ignem
3529 3335 3631 3399 ⁷³,ι

371 3437 637 3509 πόρευταί
670 3454 734 3505 γε
772 3437 877 3508 μὴν
912 3438 970 3489 ὲν
1141 3438 1408 3508 βασιλέων
1449 3437 1691 3509 Ἰσραὴλ,
1723 3439 1817 3491 καὶ
1841 3436 1957 3489 ὲθυ-

356 3529 473 3598 ,μία
507 3531 606 3599 μὲν
654 3531 710 3582 ἐν
744 3532 855 3593 τοῖς
907 3529 1162 3599 ὑψηλοῖς,
1204 3530 1432 3600 διήγαγε
1479 3530 1537 3582 δὲ
1569 3531 1663 3582 καὶ
1699 3529 1789 3582 τὸν
1826 3528 1954 3581 ἴδιον

370 3622 484 3674 υἱὸν
515 3624 571 3675 ὲν
604 3623 758 3692 πυρὶ,
800 3642 817 3674 ι
863 3622 958 3675 καὶ
990 3625 1102 3686 τοῖς
1137 3623 1435 3693 δαιμονίοις
1480 3622 1745 3675 κατέθυσε
1771 3622 1861 3674 τὸν
1895 3620 1954 3686 ἐξ

368 3713 537 3767 αὑτοῦ
588 3713 782 3781 φύντα,
834 3714 928 3769 καὶ.
970 3715 1355 3783 γεγενημένον.
1404 3713 1618 3784 Ἐπειδὴ
1650 3714 1706 3766 δὲ
1729 3712 1953 3767 τοιαῦτα

368 3803 723 3873 δεδράκασιν,
772 3802 1020 3868 ἔσονται,
1051 3805 1244 3872 φησὶν,
1287 3822 1305 3854 ι
1353 3803 1439 3865 Ὠς
1464 3802 1662 3873 νεφέλη
1702 3803 1913 3872 πρωϊνὴ
1937 3845 1951 3867 ,

369 3896 465 3948 καὶ
496 3894 570 3957 ὼς
599 3894 786 3965 δρόσος
806 3935 819 3958 ,
845 3894 921 3957 ὡς
954 3894 1139 3965 χνοῦς,
1176 3894 1269 3947 καὶ
1300 3894 1375 3957 ὡς
1401 3894 1565 3962 ἀτμὶς
1603 3894 1667 3945 ἐκ
1696 3892 1956 3945 καπνοδό-

370 4006 493 4058 χης,
524 4008 539 4039 ι
588 3988 881 4051 τουτέστιν,
929 3986 1109 4056 ὀλίγον
1143 3986 1420 4055 ὀφθέντες,
1473 3987 1785 4056 οἰχήσονται
1820 3984 1955 4054 πρὸς

370 4078 667 4143 ἀπώλειαν,
694 4081 787 4133 καὶ
816 4080 1123 4149 βαδιοῦνται
1146 4079 1283 4150 πρὸς
1304 4080 1363 4133 τὸ
1396 4077 1583 4149 μηδέν.
1611 4076 1828 4147 Νεφέλη
1850 4075 1957 4146 γὰρ

372 4168 609 4238 πρωῖνὴ,
646 4169 953 4233 τουτέστιν,
987 4170 1176 4241 ἀχλὺς,
1209 4170 1399 4241 δρόσος
1441 4185 1501 4220 τε
1538 4167 1631 4221 καὶ
1657 4167 1835 4237 χνοὺς,
1865 4168 1957 4219 καὶ

370 4260 536 4329 ἀτμὶς
584 4262 648 4313 ἐκ
699 4262 1055 4332 καπνοδόχης,
1114 4261 1495 4331 εύδιαρίπιστά
1553 4260 1700 4321 ὲστι,
1756 4259 1850 4311 καὶ
1898 4259 1957 4310 ἐν

2059 3436 2114 3478 et
2140 3442 2203 3480 ex
2237 3442 2294 3479 se
2323 3437 2498 3480 ortum
2542 3442 2605 3480 ac
2633 3427 2870 3496 genitum
2917 3427 3250 3481 daemonibus
3285 3427 3633 3483 sacriﬁcavit.

2063 3516 2129 3570 Et
2159 3520 2283 3587 quia
2325 3518 2424 3571 ista
2457 3516 2722 3582 fecerunt,
2750 3527 2928 3581 erunt,
2960 3517 3154 3583 inquit,
3181 3536 3200 3569 ι
3226 3527 3284 3572 ιιι
3314 3520 3483 3573 nubes
3520 3537 3636 3573 rna-

2058 3608 2251 3671 tntina,
2289 3617 2344 3660 et
2387 3617 2448 3659 ut
2485 3622 2595 3671 ros,
2627 3617 2683 3659 ut
2727 3606 2920 3673 pulvis,
2953 3614 3009 3659 ut
3073 3622 3241 3674 vapor
3285 3624 3348 3662 ex
3395 3609 3630 3675 camino,

2054 3713 2146 3752 seu
2170 3699 2471 3766 vaporario,
2504 3716 2523 3750 ι
2550 3700 2650 3752 hoc
2668 3706 2775 3763 est,
2806 3713 2927 3752 cum
2957 3700 3022 3753 ad
3047 3701 3209 3754 breve
3240 3709 3450 3769 tempus
3471 3716 3636 3770 appa-

2064 3792 2292 3857 ruerint,
2328 3792 2378 3844 in
2408 3791 2630 3845 exitium
2672 3793 2919 3857 abibunt,
2948 3801 3002 3846 et
3037 3792 3088 3845 in
3149 3793 3373 3846 nihilum
3432 3808 3634 3847 evane-

2056 3892 2230 3937 scent.
2270 3881 2451 3936 Nubes
2497 3885 2640 3935 enim
2683 3886 2964 3949 matutina,
3008 3887 3107 3939 hoc
3139 3894 3254 3947 est,
3289 3885 3511 3946 nebula,
3549 3900 3637 3939 'us

2057 3980 2205 4044 item,
2243 3988 2296 4033 et
2326 3979 2517 4048 pulvis,
2543 3989 2596 4032 et
2628 3994 2791 4048 vapor
2829 3995 2891 4033 ex
2929 3980 3140 4034 camino
3205 3980 3362 4034 facile
3419 3979 3634 4033 dililan~

2056 4081 2162 4136 tur,
2193 4082 2245 4124 et
2277 4070 2511 4139 pauxillo
2544 4082 2804 4139 tempore,
2830 4071 2937 4124 imo
2974 4072 3102 4124 liora
3130 4087 3255 4135 una,
3279 4072 3628 4138 dissipantur.

2055 4162 2242 4230 Qualis
2294 4164 2436 4217 enim
2465 4173 2557 4217 aut
2614 4164 2870 4231 pulveris,
2906 4174 2997 4217 aut
3034 4164 3191 4228 roris,
3217 4175 3311 4217 aut
3349 4179 3429 4237 ex
3483 4164 3632 4219 furno

2055 4257 2355 4310 constantis
2393 4257 2605 4323 vaporis
2643 4255 3024 4310 subsistentia?

371 4348 633 4417 ὀλιγοστῷ
662 4348 958 4420 ’,παντελῶς
1005 4349 1402 4403 διασκίδνανται
1445 4348 1653 4420 χρόνῳ,
1690 4346 1885 4417 μᾶλλον
1920 4345 1979 4398 δὲ
2038 4344 2132 4398 καὶ
2156 4346 2212 4397 ὲν
2258 4344 2376 4416 ὥρᾳ
2447 4347 2560 4416 μιᾷ.
2587 4345 2721 4398 Ποία
2762 4345 2869 4416 γὰρ
2918 4345 3213 4410 ὑπόστασις
3253 4346 3286 4416 ἢ
3354 4348 3528 4416 χνοὸς,
3590 4346 3628 4418 ἢ

369 4442 584 4513 δρόσου,
636 4441 805 4511 ἤγουν
856 4443 956 4513 τῆς
989 4443 1054 4496 ἐκ
1087 4442 1299 4496 καπνοῦ
1337 4442 1734 4512 συνισταμένης
1786 4439 2040 4511 ἀτμίδος;

659 4589 728 4670 Τ
734 4590 1041 4674 ΟΜΟΣ
1115 4586 1663 4675 ΕΒΔΟΜΟΣ.

453 4740 596 4810 Ἐγὼ
622 4740 691 4795 δὲ
714 4742 929 4810 Κύριος
952 4746 984 4797 ό
1025 4747 1168 4809 Θεός
1201 4758 1337 4808 σου,
1373 4747 1405 4797 ό
1440 4742 1703 4811 στερεῶν
1722 4742 1830 4796 τόν
1856 4744 1950 4797 οὐ·

362 4831 578 4901 ρανόν,
628 4831 726 4884 καί
769 4832 979 4893 κτίζων
1032 4833 1167 4903 γῆν,
1218 4829 1290 4889 οὗ
1326 4836 1387 4888 αἱ
1439 4834 1633 4902 χεῖρες
1696 4833 1948 4887 ἔκτισαν

368 4923 578 4979 πᾶσαν
597 4923 727 4992 Ιτὴν
763 4934 1052 4993 στρατιὰν
1085 4926 1191 4979 τοῦ
1232 4927 1513 4993 οὐρανοῦ,
1564 4926 1662 4979 καὶ
1697 4928 1767 4979 οὐ
1800 4942 1951 4995 παρ-

364 5010 568 5081 έδειξὰ
583 5031 683 5069 σοι
710 5016 884 5078 αὐτὰ,
902 5015 1008 5068 τοῦ
1026 5017 1383 5084 πορεύεσθαι
1412 5017 1605 5070 ὀπίσω
1633 5015 1937 5087 αὐτῶν-(1).

439 5109 627 5161 PMH'.
691 5107 1003 5177 Ἐλέγχεταί
1062 5125 1177 5171 πως
1226 5109 1312 5161 ἀεὶ
1360 5109 1461 5177 τῆς
1512 5109 1855 5179 ψευδοδοξίας
1890 5110 1951 5163 τὸ

362 5198 601 5261 ἀκαλλὲς
627 5198 725 5267 τῆς
746 5198 979 5265 ἀληθοῦς
1004 5197 1255 5265 γνώσεως
1273 5202 1352 5262 είς
1378 5201 1540 5271 μέσον
1566 5200 1949 5271 ὲνηνεγμένης,

363 5292 459 5345 καὶ
495 5291 660 5344 οἱονεὶ
685 5292 861 5361 φωτὸς
885 5291 1293 5361 ἀναλάμποντος
1319 5293 1394 5355 ὡς
1422 5294 1479 5344 ἐν
1502 5294 1675 5357 νυκτὶ,
1700 5295 1792 5347 καὶ
1818 5294 1944 5346 σκό-

360 5400 465 5453 τῳ,
516 5382 611 5435 τοῦ
660 5382 796 5453 πρὸς
836 5382 1105 5454 ὀρθότητα
1151 5382 1425 5453 λογισμῶν
1476 5383 1947 5452 παιδαγωγοῦντος

363 5474 547 5542 λόγου.
582 5474 700 5528 Ὀτι
738 5474 916 5527 τοίνυν
937 5478 1035 5545 τῆς
1057 5476 1284 5550 ἀπασῶν
1328 5476 1561 5547 ἐσχάτης
1595 5476 1946 5547 ἀναπιμπλά-

367 5585 521 5641 μενοι
577 5568 920 5631 δυσϐουλίας,
962 5568 1253 5639 ἀθλότητος
1306 5569 1386 5631 εἰς
1457 5567 1609 5638 λῆξιν
1646 5567 1813 5631 ἰόντες
1848 5568 1947 5638 τὴν

438 5745 482 5775 ⁷⁷
517 5744 651 5797 'I‘ub.
680 5759 761 5808 ιιι,
791 5741 883 5795 99..
957 5744 1000 5775 ⁷⁸
1030 5744 1155 5813 Sap.
1194 5758 1231 5806 I,
1275 5745 1358 5798 ii.
1437 5743 1481 5774 "
1512 5741 1577 5797 Ν
1611 5740 1742 5816 Reg.
1786 5759 1895 5809 xvr,
1936 5743 1985 5797 5.

444 5900 517 5968 (ι)
549 5898 673 5954 llaec
705 5909 829 5954 sunt
872 5899 1019 5956 lsaim
1046 5898 1339 5969 prophetrr,
1369 5914 1487 5964 xcv,
1519 5897 1602 5954 {8.

2289 4594 2538 4685 TOM
2566 4594 2697 4682 US
2768 4593 3407 4683 SEPTIMUS.

2127 4745 2240 4816 Ego
2259 4755 2429 4798 autem
2468 4743 2721 4797 Dominus
2749 4743 2886 4798 Deus
2916 4754 3057 4809 tum,
3085 4743 3305 4811 ﬁrmans
3335 4742 3542 4809 caelum,
3576 4751 3627 4797 et

2053 4856 2235 4893 creant
2283 4849 2499 4900 terram,
2551 4836 2698 4900 cuius
2753 4854 2939 4890 manus
2978 4844 3281 4890 creaverunt
3330 4836 3626 4890 universam

2054 4930 2299 4984 militiam
2350 4928 2483 4995 caeli,
2511 4941 2558 4981 et
2593 4945 2695 4982 non
2729 4928 2931 4983 ostendi
2967 4927 3062 4981 tibi
3089 4929 3205 4997 ipsa
3231 4937 3287 4982 ut
3327 4927 3626 4981 ambulare:

2053 5033 2165 5093 post
2210 5038 2292 5074 ea.

2125 5110 2398 5169 CXLVIII.
2432 5113 2697 5182 Perpetuo
2732 5112 2845 5165 fere
2878 5110 3131 5165 falsarum
3162 5110 3477 5179 opinionum
3509 5115 3627 5162 tur-

2055 5206 2245 5275 pitudo
2264 5206 2833 5274 reprehenditur,vera
2854 5204 3040 5257 notitia
3069 5203 3120 5257 in
3162 5202 3397 5257 medium
3426 5202 3628 5270 produ-

2050 5306 2160 5358 cta,
2202 5305 2255 5349 et
2282 5296 2433 5364 quasi
2464 5310 2585 5348 cum
2616 5294 2795 5347 lumen
2823 5294 2875 5346 in
2912 5302 3071 5347 nocte
3099 5300 3154 5346 et.
3183 5292 3237 5345 in
3286 5291 3523 5345 tenebris
3548 5306 3628 5344 re-

2053 5387 2316 5456 splendet,
2335 5400 2587 5440 sermone
2607 5388 2672 5439 ad
2698 5385 2895 5453 probas
2918 5378 3267 5453 cogitationes
3287 5380 3625 5436 instituente.

2055 5477 2326 5532 lsraelitas
2369 5476 2553 5546 igitur,
2588 5488 2644 5530 ut
2692 5486 2935 5531 extrema
3002 5472 3238 5543 repletos
3279 5470 3623 5541 insipientia,

2054 5569 2119 5623 atl
2169 5578 2465 5623 extremam
2496 5584 2810 5639 progressos
2848 5566 3146 5631 miseriam,
3183 5561 3542 5620 conﬂatilibns
3572 5570 3627 5616 et
