4110 6368
502 473 611 541 305

1461 471 1468 480 '
1501 487 1559 537 δ.
1599 479 1874 537 CYRlLLI
1915 475 2384 535 ALEXANont-Nt
2425 476 2744 534 ARCHIEP.

3675 473 3782 529 505

500 601 756 675 operibus
792 597 1059 654 artificum
1116 611 1247 653 vere
1289 605 1345 652 et
1395 605 1586 652 natura
1657 597 1766 675 Deo
1810 597 2073 666 praeteritt

2191 595 2452 647 ἀνωτάτω
2481 591 2652 663 χώνευ
2662 591 2739 664 μά
2760 609 2840 656 τε,
2866 590 2961 644 καὶ
2978 590 3247 644 τεκτόνων
3266 587 3403 662 ἔργα
3421 588 3780 660 τετιμήκασιν

502 673 744 749 adoratis
787 691 1105 756 insectatur,
1133 689 1319 744 dicens
1372 704 1431 744 se
1455 704 1576 744 esse
1607 673 1705 760 qui
1745 688 1939 744 cwlum
1991 691 2084 742 lir-

503 783 754 847 tuaverit,
787 792 842 836 et
903 789 1104 834 terram
1177 781 1524 843 stabiliverit,
1565 790 1620 835 et
1672 791 1818 834 astra
1871 780 2075 836 fecerit.

501 873 806 942 Exprobrat
834 879 1034 934 autem,
1068 871 1210 939 quod
1247 878 1302 922 ιιι
1332 870 1575 938 ptttidutn
1627 869 1882 939 quiddam
1940 885 2083 939 prie-

500 965 888 1026 tcrmittentes,
925 977 1021 1030 per
1063 977 1124 1015 ea
1158 977 1276 1030 qua:
1324 961 1460 1016 facta
1496 971 1623 1015 sunt
1666 975 1824 1030 posse
1857 960 2084 1016 factoris

499 1056 726 1124 gloriam
769 1068 1118 1126 cognoscere,
1159 1053 1226 1108 iis
1267 1053 1334 1107 ad
1394 1067 1636 1108 errorem
1710 1068 1870 1107 sttutn
1927 1052 2080 1107 abusi

498 1150 625 1203 sint.
666 1148 756 1202 Ait
781 1147 949 1213 enim,
978 1160 1082 1199 non
1116 1146 1236 1201 ideo
1275 1144 1439 1210 facta,
1468 1154 1527 1198 ut
1561 1146 1628 1200 de
1675 1145 1855 1199 divina
1911 1144 2079 1215 gloria

499 1241 698 1312 aiiquid
735 1240 1077 1303 imminuant,
1103 1253 1133 1292 a
1159 1237 1476 1293 mortalibus
1493 1236 1599 1292 diis
1619 1237 1961 1303 existimata;
1987 1237 2082 1292 sed

499 1344 578 1398 ut,
631 1331 1082 1402 quemadmodum
1127 1330 1203 1384 ait
1234 1328 1518 1400 Scriptura
1548 1345 1736 1395 sacra,
1760 1343 1830 1384 ex
1873 1329 2081 1400 magni-

499 1427 685 1482 tudine
731 1436 786 1479 et
827 1424 1227 1494 pulchritudine
1287 1433 1690 1488 creaturarum,
1735 1426 2083 1494 proportione

499 1532 652 1572 incus
687 1515 1097 1585 intelligentium
1128 1529 1344 1570 sursum
1369 1516 1434 1569 ad
1470 1516 1778 1572 (londitoris
1821 1517 2079 1571 virtutem

497 1620 550 1661 et
579 1607 878 1676 opificium,
907 1614 1166 1674 quantum
1219 1605 1334 1660 fieri
1369 1614 1566 1674 potest,
1594 1605 1937 1661 evehatur”.
1968 1605 2079 1660 Ita-

499 1715 602 1767 que
630 1715 732 1752 non
766 1698 1005 1753 ostendit
1031 1697 1184 1752 nobis
1207 1697 1400 1767 Opifex
1436 1707 1761 1763 creaturam,
1804 1707 1863 1752 ut
1889 1698 2082 1754 adore-

501 1800 588 1844 tur
617 1805 645 1842 a
675 1789 852 1842 nobis.
882 1787 1020 1841 llinc
1039 1798 1091 1842 et
1117 1789 1438 1843 testificatus
1463 1798 1546 1843 est
1564 1803 1658 1858 per
1677 1787 1892 1859 Moysen
1920 1803 1932 1837 :
1965 1807 1984 1840 ι
2018 1789 2082 1844 Et

499 1897 586 1946 ne,
607 1898 728 1936 cum
757 1880 1062 1948 respexeris
1091 1879 1143 1933 in
1175 1879 1394 1946 cmlutn,
1413 1881 1683 1935 etvideris
1712 1880 1968 1946 solcm,et
1993 1881 2079 1936 lu—

498 1990 641 2038 nam,
670 1985 723 2028 et
750 1973 954 2039 stellas,
993 1972 1153 2042 182
1187 1981 1241 2027 et
1261 1987 1478 2027 omnem
1517 1983 1767 2026 ornatum
1810 1975 1956 2040 eteli,
1989 1974 2081 2028 de-

495 2059 682 2137 ceptus
724 2067 917 2121 adores
946 2080 1011 2119 ea
1045 2080 1164 2133 qua}
1195 2063 1470 2119 distribuit
1497 2064 1753 2120 Dominus
1788 2065 1928 2119 Deus
1961 2075 2082 2120 tuus

493 2159 743 2213 omnibus
790 2158 1038 2227 gentibus
1067 2173 1186 2226 qua:
1232 2159 1334 2212 sub
1362 2156 1498 2211 ctelo
1527 2168 1653 2212 sunt
1681 2159 1785 2212 εί.»
1824 2157 1904 2211 Illi
1949 2173 2078 2213 vero

493 2252 781 2307 distributa
814 2251 879 2304 ad
911 2249 1296 2304 iudicationem
1329 2257 1657 2317 temporum,
1687 2260 1741 2303 et
1782 2253 1848 2303 ad
1878 2251 2077 2304 illumi-

495 2345 728 2398 nandutn
774 2341 1037 2398 orbem“
1081 2342 1374 2394 constituta
1441 2344 1569 2395 deos
1632 2343 1994 2412 appellabant,
2029 2353 2084 2398 et

494 2437 740 2506 precibus
767 2450 831 2488 ea
863 2433 1043 2488 coiere
1069 2449 1173 2488 non
1215 2433 1660 2492 rcfnrtnidabant.
1695 2436 1834 2501 Quin
1874 2436 1960 2490 his
1989 2435 2083 2488 ad-

495 2531 598 2582 huc
639 2526 859 2581 infanda
892 2525 1066 2595 magis
1094 2537 1396 2595 quaerentes
1425 2528 1606 2582 miseri
1633 2570 1648 2594 ,
1681 2529 1858 2582 l'usilia
1910 2540 1965 2583 et
2010 2528 2078 2582 li-

495 2634 599 2686 gua
641 2620 694 2672 in
721 2619 946 2673 deorum
997 2617 1116 2672 loco
1152 2619 1508 2682 honorabant,
1549 2617 1822 2674 fabrormn
1854 2620 2079 2676 aerario-

495 2729 635 2778 rum,
667 2711 1002 2778 aliorumque
1055 2710 1324 2763 artificum
1368 2710 1593 2764 artificia
1651 2711 1965 2766 adorantes.

2185 690 2233 740 oi
2262 687 2322 750 ἐξ
2367 685 2605 757 Ἰσραὴλ,
2633 686 2726 738 τὸν
2752 683 2971 755 ἀληθῶς
3005 685 3100 738 καὶ
3143 683 3300 752 φύσει
3341 682 3780 754 παρατρέχοντες

2185 777 2342 834 Θεὸν.
2367 775 2683 846 ἀπελέγχει,
2710 776 2907 844 λέγων,
2931 775 3006 839 ὡς
3036 777 3119 844 εἴη
3149 775 3249 845 μὲν
3281 774 3464 837 αὑτὸς,
3487 775 3516 827 6
3542 773 3779 844 στερεῶν

2183 872 2431 943 οὐρανὸν,
2452 871 2941 943 διαστηριξάμενος
2961 870 3017 922 δὲ
3044 872 3138 923 καὶ
3158 870 3286 938 γῆν,
3309 867 3536 922 καὶτῶν
3559 868 3777 938 ἄστρων

2183 967 2210 1018 6
2244 964 2495 1034 ποιητής.
2546 963 2914 1027 Κατονειδίζει
2947 961 3006 1015 δὲ
3028 1002 3043 1024 ,
3089 962 3171 1015 ὅτι
3205 962 3474 1033 παρέντες
3501 959 3579 1023 ὡς
3611 959 3777 1013 ἕωλον

2181 1057 2243 1110 τὸ
2269 1057 2360 1110 διά
2387 1056 2496 1109 τῶν
2527 1056 2832 1124 γεγονότων
2865 1054 3134 1109 δύνασθαι
3159 1055 3260 1127 τὴν
3294 1053 3390 1108 τοῦ
3418 1053 3777 1124 πεποιηκότος

2183 1147 2340 1214 δόξαν
2365 1147 2691 1218 ἀναμαθεῖν,
2716 1139 2994 1219 πρόφασιν
3019 1147 3159 1200 αὑτά
3176 1147 3276 1218 τῆς
3295 1147 3503 1210 οἰκείας
3522 1145 3780 1215 πεποίην-

2179 1223 2523 1311 ται’πλάνης.
2575 1239 2716 1292 Ἀλλ’
2765 1241 2826 1292 οὑ
2868 1239 2958 1292 διὰ
2995 1238 3154 1292 τοῦτο
3185 1239 3508 1307 γεγόνασιν,
3543 1239 3631 1291 ἵνα
3679 1237 3778 1309 τὴν

2183 1329 2334 1384 θείαν
2363 1329 2592 1384 ἀδικῶσι
2639 1329 2828 1394 δόξαν,
2870 1331 2928 1383 ἐν
2960 1329 3228 1401 ὑπολήψει
3287 1328 3425 1382 θεῶν
3468 1328 3778 1400 εἰλημμένα

2179 1425 2294 1487 τοῖς
2327 1423 2420 1476 ἐπὶ
2444 1423 2548 1494 γῆς
2571 1438 2586 1451 ·
2621 1422 2739 1476 ἀλλ’
2771 1423 2858 1483 ἵν’,
2891 1422 2968 1486 ὼς
2996 1422 3101 1492 ἔφη
3133 1421 3194 1474 τὸ
3238 1422 3479 1493 Γράμμα
3504 1419 3568 1473 τὸ
3600 1419 3776 1491 ἱερὸν,

2181 1515 2290 1568 ἀπὸ
2350 1516 2617 1587 μεγέθους
2680 1515 2776 1569 καὶ
2823 1514 3086 1584 καλλονῆς
3138 1514 3453 1584 κτισμάτων
3503 1513 3779 1582 ἀναλόγως

2181 1606 2524 1680 ἀναθρώσκοι
2555 1607 2667 1660 τῶν
2699 1607 2994 1660 συνιέντων
3025 1609 3053 1659 6
3081 1605 3212 1670 νοῦς
3237 1607 3317 1668 εἰς
3349 1604 3654 1675 κατάληψιν
3677 1605 3779 1676 τὴν

2181 1699 2535 1771 ἐνδεχομένην
2575 1701 2675 1771 τῆς
2704 1699 2798 1754 τοῦ
2843 1701 3208 1770 πεποιηκότος
3265 1697 3548 1770 δυνάμεώς
3579 1715 3642 1750 τε
3681 1700 3778 1752 καὶ

2179 1789 2396 1860 τέχνης.
2444 1790 2657 1843 Οὐκοῦν
2686 1791 2748 1844 οὑ
2791 1790 3080 1862 παρέδειξε
3108 1790 3207 1862 τὴν
3238 1789 3418 1843 κτίσιν
3444 1791 3578 1860 ἡμῖν
3612 1791 3640 1842 ὁ
3683 1791 3782 1859 Δη-

2186 1883 2466 1953 μιουργὸς,
2493 1883 2580 1936 ἵνα
2625 1884 2998 1954 προσκυνῆται
3030 1883 3163 1954 πρὸς
3185 1882 3364 1955 ἡμῶν.
3388 1882 3498 1936 Καὶ
3525 1882 3658 1950 γοῦν
3686 1883 3782 1935 καὶ

2115 1954 2694 2046 Βπροδιεμαρτὺρατο
2745 1974 2920 2044 λέγων
2975 1975 3062 2029 διὰ
3118 1954 3387 2038 Μωσέως·
3457 1994 3475 2026 ι
3534 1973 3644 2028 Καὶ
3704 1974 3781 2045 μὴ

2187 2065 2494 2136 ἀναϐλέψας
2530 2068 2610 2130 εἰς
2639 2066 2732 2120 τὸν
2758 2065 3008 2138 οὐρανὸν,
3034 2067 3131 2120 καὶ
3174 2063 3300 2120 ἰδὼν
3329 2065 3422 2119 τὸν
3458 2065 3612 2138 ἥλιον
3637 2109 3650 2132 ,
3682 2067 3781 2120 καὶ

2186 2157 2284 2229 τὴν
2316 2157 2566 2228 σελήνην,
2594 2158 2689 2210 καὶ
2718 2158 2845 2220 τοὺς
2906 2156 3174 2228 ἀστέρας,
3204 2156 3299 2210 καὶ
3325 2154 3503 2209 πάντα
3548 2154 3641 2209 τδν
3689 2156 3780 2209 κό-

2186 2249 2441 2320 σμοντοῦ
2490 2248 2720 2321 οὐρανοῦ
2741 2288 2756 2311 ,
2801 2249 3098 2320 πλανηθεὶς
3140 2248 3527 2320 προσκυνήσῃς
3557 2248 3740 2310 αὑτοῖς
3761 2286 3778 2310 ,

2180 2346 2276 2398 καὶ
2335 2343 2639 2415 λατρεύσῃς
2702 2342 2909 2408 αὑτοῖς,
2950 2341 2987 2395 ἀ
3022 2339 3289 2410 ἀπένειμε
3343 2339 3545 2414 Κύριος
3580 2341 3609 2393 6
3645 2340 3780 2403 Θεός

2181 2451 2276 2486 σου
2299 2473 2314 2495 ,
2347 2435 2483 2486 πᾶσι
2523 2435 2637 2496 τοῖς
2667 2431 2847 2484 ἔθνεσι
2887 2433 3001 2494 τοῖς
3037 2431 3299 2484 ὑποκάτω
3324 2429 3419 2483 τοῦ
3455 2430 3710 2502 οὐρανοῦ.
3751 2449 3771 2481 ι

2181 2528 2246 2579 Οἱ
2279 2525 2335 2580 δὲ
2361 2525 2429 2579 τά
2453 2523 2829 2595 ὲκνεμηθέντα
2862 2523 3001 2594 πρὸς
3027 2522 3239 2594 καιρῶν
3273 2522 3554 2588 ἐπίδειξιν,
3586 2523 3679 2576 καὶ
3716 2524 3778 2575 ἐν

2181 2618 2486 2688 φωστήρων
2530 2615 2682 2680 τάξει
2716 2613 3102 2686 καθεσταμένα
3131 2614 3291 2679 θεοὺς
3331 2614 3611 2686 ὠνόμαζον
3634 2655 3648 2679 ,
3683 2616 3778 2668 καὶ

2183 2710 2512 2780 προσκυνεῖν
2543 2707 2898 2779 ἀπετόλμων,
2932 2707 3029 2760 καὶ
3069 2707 3139 2761 τά
3168 2706 3250 2761 ἔτι
3277 2706 3484 2761 τούτων
3530 2707 3775 2778 αἰσχίονα

494 2806 782 2878 ζητοῦντες
808 2806 858 2857 oi.
897 2803 1141 2869 δείλαιοι,
1171 2803 1429 2874 χώνευμὰ
1466 2822 1544 2868 τε,
1587 2807 1682 2858 καὶ
1721 2805 1854 2872 ξύλα
1887 2807 2244 2880 τετιμήκασιν
2275 2805 2351 2868 ὼς
2384 2805 2564 2870 θεοὺς,
2601 2805 2700 2875 τὴν
2732 2802 3091 2874 χαλκουργῶν
3157 2803 3251 2857 καὶ
3295 2804 3565 2858 τεκτόνων
3603 2820 3774 2871 προσ-

492 2899 778 2961 κυνοῦντες
809 2897 1024 2967 τέχνην.

565 2991 726 3044 Vens.
769 2989 823 3052 4,
860 2989 914 3042 5.
953 2986 1021 3041 Et
1062 3005 1155 3058 ego
1206 2991 1364 3044 eduxi
1421 3003 1474 3054 te,
1520 2993 1583 3044 de
1637 3002 1777 3046 terra
1824 2992 2070 3063 {Egyptﬁ

490 3091 539 3134 et
591 3080 757 3134 Deum
797 3087 988 3147 praeter
1017 3095 1098 3134 me
1144 3097 1250 3136 non
1291 3098 1589 3151 cognosces,
1628 3093 1675 3136 et
1714 3082 1945 3138 salvator
1971 3100 2074 3137 non

490 3183 564 3225 est
606 3171 798 3241 absque
821 3187 922 3226 me.
957 3172 1067 3243 Ego
1123 3173 1400 3242 pascebam
1462 3184 1510 3228 te
1538 3177 1610 3240 ,in
1664 3175 1965 3242 solitudine,
2020 3179 2074 3228 in

491 3279 631 3316 terra
668 3262 1004 3318 inhabitabili
1056 3265 1342 3317 secundum
1381 3282 1574 3333 pascua
1607 3282 1803 3319 eorum.

561 3353 792 3411 CXLIX.
845 3355 1009 3408 Multa
1047 3356 1186 3410 inest
1227 3356 1278 3410 in
1306 3355 1392 3410 his
1412 3357 1649 3423 stuporis
1681 3373 1744 3411 ac
1792 3358 2073 3411 dementiae
2099 3397 2140 3453 ϐ

493 3445 827 3516 redargutio,
863 3455 1242 3514 ponunturque
1266 3446 1458 3499 ordine
1481 3447 1802 3500 auxiliorum
1833 3462 2030 3516 genera
2052 3487 2066 3508 ,

491 3538 686 3608 quibus
722 3537 974 3592 Israelita:
1007 3538 1247 3589 omnium
1278 3538 1627 3606 ingratissimi
1654 3539 2067 3590 convincuntur.

491 3630 857 3700 lieprehendit
878 3643 1080 3698 autem,
1111 3646 1216 3684 non
1253 3639 1310 3683 ut
1333 3632 1666 3700 ignorantes,
1693 3631 1904 3699 opinor,
1933 3633 2074 3684 unde

491 3727 544 3779 in
583 3739 646 3778 ea
685 3723 799 3778 loca
843 3721 1158 3788 venissent;
1214 3723 1307 3777 sed
1363 3735 1419 3775 ut
1450 3739 1515 3776 ex
1556 3737 1745 3792 magna
1782 3723 2072 3776 stoliditate

489 3826 545 3869 et
571 3826 794 3884 stupore
841 3815 997 3884 quasi
1031 3829 1218 3868 eorum
1264 3814 1537 3870 oblivione
1576 3828 1783 3886 captos,
1837 3829 2069 3884 quorum

489 3916 799 3976 perpetuam
827 3921 1151 3962 conservare
1191 3907 1507 3961 memoriam
1554 3909 1890 3963 debuissent.
1925 3908 2073 3961 Dete-

488 3998 698 4052 stabilis
729 3998 930 4068 quippe
959 3996 1270 4064 Jeroboatn,
1295 3999 1474 4053 vitulis
1524 4000 1838 4068 propositis,
1857 4001 2068 4054 aiebat:

495 4109 512 4141 ι
555 4090 617 4145 Hi
643 4102 771 4146 sunt
810 4093 881 4144 dii
925 4091 1021 4156 tui,
1053 4089 1237 4157 Israel,
1270 4093 1359 4160 qui
1399 4103 1450 4146 te
1482 4093 1785 4147 eduxerunt
1811 4095 1876 4148 de
1925 4104 2069 4147 terra

488 4184 709 4256 Egypti
738 4185 811 4238 ⁸³.
849 4203 868 4237 ι
898 4187 995 4239 Ast
1040 4185 1138 4248 illi,
1168 4201 1472 4255 quanquam
1525 4198 1745 4241 nossent
1778 4187 1827 4239 id
1855 4202 1958 4238 non
2003 4189 2070 4240 ab

487 4279 667 4347 aliquo
692 4276 818 4343 alio,
852 4276 946 4332 sed
995 4291 1025 4330 a
1053 4275 1160 4329 Deo
1183 4278 1466 4346 insigniter
1517 4286 1748 4344 gestum,
1799 4275 2070 4328 nihilomi-

487 4386 588 4425 nus
624 4369 808 4424 vitulis
839 4367 1158 4423 manufactis
1188 4370 1388 4439 gratias
1427 4370 1752 4434 referebant,
1790 4380 1841 4424 et
1870 4386 1929 4426 se
1952 4385 2069 4424 mu-

491 4473 584 4517 tuo
635 4464 818 4518 nescio
864 4463 1136 4531 quomodo
1185 4463 1251 4516 ad
1315 4463 1619 4517 divinorum
1681 4465 2065 4517 miraculorum

485 4554 860 4609 excellentiam
885 4554 1018 4624 ipsis
1045 4553 1418 4608 ascrihendam
1448 4553 1896 4610 cohortabantur.
1923 4555 2066 4622 Qua-

490 4662 548 4701 re
605 4655 862 4715 tanquam
919 4647 1044 4700 vino
1085 4647 1442 4700 Sodomorum
1512 4645 1807 4700 inebriatos
1843 4647 1889 4678 ⁸⁵
1931 4664 2064 4716 pene

2239 2987 2350 3042 Καὶ
2391 2985 2508 3056 ἐγὼ
2561 2984 2871 3057 ἀνήγαγόν
2901 2999 2977 3039 σε
3037 2983 3107 3037 ἐκ
3149 2982 3264 3051 γῆς
3295 2985 3617 3052 Αιγύπτου,
3661 2989 3765 3042 καὶ

2173 3078 2323 3132 Θεὸν
2354 3076 2522 3146 πλὴν
2548 3076 2695 3148 ἐμοῦ
2723 3080 2796 3132 οὐ
2825 3076 3029 3147 γνώσῃ
3055 3117 3074 3144 ,
3124 3077 3226 3129 καὶ
3257 3075 3460 3136 σώζων
3483 3081 3595 3134 οὐκ
3636 3081 3773 3137 ἔστι

2173 3170 2362 3239 πάρεξ
2382 3169 2550 3240 ἐμοῦ.
2593 3167 2742 3239 Ἐγὼ
2770 3170 3129 3239 ἐποίμαινόν
3153 3185 3228 3223 σε
3262 3169 3334 3222 ἐν
3351 3169 3427 3239 τῇ
3457 3171 3674 3242 ἐρήμῳ,
3701 3174 3774 3228 ἐν

2173 3262 2251 3332 γῇ
2277 3262 2560 3330 ἀοικήτῳ,
2605 3263 2754 3317 κατὰ
2782 3265 2890 3329 τὰς
2916 3263 3108 3334 νομὰς
3135 3263 3354 3318 αὐτῶν.

2248 3355 2427 3410 ΡΜΘ⁹.
2451 3355 2632 3418 Πολὺς
2665 3358 2723 3410 ὲν
2747 3355 2958 3419 τούτοις
2979 3357 3076 3426 τῆς
3097 3356 3456 3429 ἀναισθησίας
3480 3361 3508 3412 6
3530 3358 3770 3432 ἔλεγχος,

2177 3450 2272 3502 καὶ
2304 3449 2573 3502 τέθεινται
2599 3449 2879 3521 στοιχηδὸν
2929 3449 3030 3516 τῆς
3084 3451 3404 3523 ἐπικουρίας
3453 3455 3504 3506 οἱ
3553 3455 3770 3526 τρόποι,

2173 3539 2273 3609 τῆς
2303 3541 2663 3611 ἀχαριστίας,
2706 3541 2816 3595 τῶν
2860 3539 2922 3606 ἐξ
2966 3541 3184 3614 Ἰσραὴλ
3218 3544 3666 3610 καταδεικνύντες
3708 3549 3770 3600 τὸ

2177 3632 2428 3703 μέγεθος,
2471 3632 2715 3703 Ἐλέγχει
2741 3633 2818 3698 δὲ,
2849 3634 2948 3687 οὑκ
2981 3635 3344 3706 ἠγνοηκότας,
3378 3635 3454 3700 ὥς
3484 3654 3546 3706 γε
3588 3633 3766 3709 οἶμαι,

2174 3725 2358 3788 πόθεν,
2392 3723 2507 3777 ἀλλ’
2533 3723 2608 3788 ῶς
2644 3727 2708 3778 ὲκ
2740 3725 2954 3779 πολλῶν
2982 3727 3122 3795 ἄγαν
3155 3729 3474 3799 σκαιότητος
3501 3771 3516 3791 ,
3548 3732 3642 3785 καὶ
3676 3733 3768 3786 λο-

2172 3817 2372 3887 γισμοῦ
2399 3818 2722 3882 νενευκότας
2747 3819 2827 3884 είς
2848 3819 3227 3890 ἀναισθησίαν,
3253 3824 3534 3894 μονονουχὶ
3567 3825 3659 3877 καὶ
3687 3828 3768 3890 εἰς

2171 3910 2342 3981 λήθην
2371 3910 2864 3983 ὑπενηνεγμένους,
2888 3904 2962 3966 ὧν
2983 3912 3090 3966 ἔδει
3114 3914 3425 3986 μεμνῆσθαι
3451 3917 3762 3982 διαπαντός.

2185 4004 2241 4058 Ὀ
2274 4006 2372 4076 μὲν
2399 4006 2508 4078 γὰρ
2529 4007 2806 4078 ἐπάρατος
2837 4008 3144 4079 Ἱεροϐοάμ,
3171 4010 3267 4072 τὰς
3301 4011 3562 4081 δαμάλεις
3582 4013 3767 4078 αὑτοῖς

2171 4096 2506 4167 ἀναστήσας,
2541 4095 2781 4165 ἔφασκεν
2805 4137 2820 4160 ,
2860 4117 2877 4149 ι
2915 4091 3074 4152 Οὗτοι
3116 4101 3164 4152 οἱ
3209 4100 3321 4154 θεοί
3357 4119 3474 4168 σου,
3517 4103 3765 4175 Ἰσραὴλ,

2171 4187 2225 4239 οἵ
2252 4204 2399 4250 τινες
2431 4187 2707 4260 ἀνήγαγόν
2737 4205 2794 4241 σε
2831 4191 2895 4244 ὲκ
2921 4192 3024 4262 γῆς
3048 4193 3348 4262 Αἰγύπτου.
3386 4214 3404 4246 ι
3440 4197 3501 4248 Oi
3528 4196 3606 4262 δὲ,
3643 4198 3767 4250 καί-

2170 4295 2251 4330 τοι
2303 4277 2661 4346 γινώσκοντες
2685 4320 2698 4343 ,
2733 4280 2816 4333 ὅτι.
2875 4281 2951 4351 μὴ
2987 4281 3175 4353 ἑτέρου
3230 4284 3409 4352 τινος,
3445 4285 3579 4339 ἀλλά
3623 4287 3765 4340 Θεοῦ

2169 4369 2508 4438 κατόρθωσις
2525 4365 2594 4441 ἦν
2623 4371 2682 4424 τὸ
2707 4371 2897 4443 χρῆμα
2926 4374 3132 4438 αὑτοῖς,
3170 4377 3560 4448 χειροκμήτοις
3587 4379 3764 4450 δαμά-

2169 4461 2284 4512 λεσι
2321 4465 2599 4534 προσῆγον
2631 4463 2697 4516 τὰ
2727 4466 3077 4537 χαριστήρια,
3113 4468 3209 4521 καὶ
3240 4471 3432 4533 αὑταῖς
3471 4471 3759 4538 ἀνάπτειν,

2167 4552 2267 4603 οὑκ
2297 4547 2392 4605 οἷδ’
2423 4553 2572 4617 ὅπως
2591 4594 2606 4618 ,
2634 4553 2887 4626 ἀλλήλοις
2922 4557 3208 4612 ἀνέπειθον
3234 4559 3346 4613 τῶν
3372 4561 3531 4616 θείων
3563 4582 3763 4636 κατορ-

2169 4643 2438 4712 θωμάτων
2467 4646 2566 4716 τὴν
2609 4647 2904 4730 ὑπεροχήν.
2956 4650 3189 4716 Οὐκοῦν,
3224 4652 3301 4716 ὡς
3332 4653 3391 4718 ἐξ
3423 4655 3566 4708 οἴνου
3600 4659 3762 4722 Σοδό-

487 4733 756 4800 vulnerat,
787 4733 996 4801 dicens,
1021 4737 1256 4804 seipsum
1303 4749 1426 4790 esse
1492 4738 1798 4803 manifeste,
1829 4738 1920 4806 qui
1951 4748 2005 4792 et
2032 4754 2062 4792 e

2174 4751 2283 4800 μων
2310 4736 2782 4807 μεμεθυσμένους,
2817 4740 3100 4811 μονονουχὶ
3133 4741 3404 4797 διανύττει
3431 4744 3606 4814 λέγων
3629 4763 3644 4777 ·
3675 4748 3762 4800 ὅτι

491 4845 510 4876 ι
536 4825 696 4879 (Ιοιιιο
737 4824 1015 4878 servitutis
1035 4825 1114 4876 ⁸⁸»
1159 4839 1254 4880 eos
1282 4826 1554 4889 eduxerit,
1589 4836 1641 4880 et
1696 4842 1790 4896 per
1845 4826 2062 4898 Moysen

487 4919 560 4972 ita
589 4915 962 4972 mandaverit:
1003 4933 1024 4967 ο
1056 4915 1170 4973 Non
1209 4927 1370 4972 erunt
1442 4917 1537 4972 tibi
1590 4919 1661 4972 dii
1721 4919 1810 4972 alii
1871 4930 2064 4988 praeter

487 5024 573 5062 me
606 5008 676 5075 ⁸⁶;
700 5017 754 5060 et
778 5007 950 5062 solum
977 5023 1036 5063 se
1059 5023 1181 5064 esse
1211 5009 1300 5077 qui
1342 5009 1536 5072 salvet,
1571 5019 1625 5064 et
1649 5010 1785 5066 citra
1823 5011 2062 5066 laborem

485 5099 651 5167 probe
676 5096 838 5153 faciat
875 5097 1016 5166 quod
1054 5097 1312 5166 voluerit;
1341 5114 1420 5164 se,
1458 5098 1552 5168 qui
1578 5099 1627 5152 in
1651 5099 1938 5155 solitudine
1968 5100 2065 5154 ali-

485 5192 721 5246 moniam
783 5190 1082 5258 providerit
1138 5199 1192 5246 et
1245 5191 1298 5245 in
1347 5200 1488 5244 terra
1543 5191 1776 5254 deserta,
1833 5192 1972 5245 invia
2009 5202 2063 5246 et

485 5283 748 5351 inaquosa
773 5279 948 5336 fontes
979 5275 1240 5351 aquarum
1259 5283 1578 5349 produxerit
1603 5282 1672 5347 ⁸⁷,
1707 5297 1903 5336 manna
1963 5283 2058 5336 de-

486 5373 770 5438 miserit”,
791 5388 1090 5444 panemque
1114 5374 1423 5443 angelorum
1441 5373 1506 5428 de
1527 5373 1667 5428 ccelo
1688 5373 1968 5430 donaverit
1985 5375 2054 5440 ⁸⁸,

485 5475 540 5520 et
579 5466 756 5520 instar
787 5466 911 5522 boui
965 5465 1200 5536 pastoris
1249 5479 1347 5520 eos
1388 5465 1442 5519 in
1471 5464 1822 5532 abundantia,
1856 5483 2056 5524 secun-

485 5557 612 5610 dum
675 5574 870 5627 pascua
904 5574 1117 5624 eorum,
1174 5559 1288 5614 sive
1337 5559 1632 5614 secundum
1691 5558 2056 5629 profectiones

487 5647 716 5714 paverit.
749 5646 892 5702 Nihil
938 5647 1136 5718 quippe
1158 5651 1421 5702 bonorum
1453 5647 1696 5704 omnium
1748 5649 1801 5703 in
1838 5650 2055 5706 deserto

554 5843 599 5874 ⁸⁸
639 5844 768 5912 Sap.
807 5860 929 5910 xm,
969 5845 1036 5908 ὃς
1074 5845 1228 5902 Rom.
1257 5861 1295 5911 t,
1333 5846 1426 5907 20.
1536 5848 1580 5879 ⁶¹
1625 5848 1777 5904 Deut.
1811 5867 1883 5913 tv,
1930 5852 2015 5906 19.

487 5930 656 5981 xxxii,
695 5916 784 5970 32.
861 5917 906 5946 ⁸³
945 5915 1112 5972 Exod.
1155 5933 1274 5986 xttt,
1313 5917 1367 5973 5.
1440 5918 1486 5950 “
1507 5919 1677 5974 Exod.
1720 5935 1814 5987 xx,
1847 5922 1900 5976 5.

2127 5857 2172 5886 ’³
2210 5855 2347 5910 Gen.
2389 5873 2426 5919 ι,
2461 5857 2644 5914 14-17.

1978 5924 2020 5954 ⁸³
2062 5923 2201 5980 Psal.
2243 5941 2377 5994 Lxu,
2405 5928 2459 5982 5.
2535 5930 2791 6002 ⁸⁸λΕιιοιΙ.
2830 5949 2943 6002 xvt,
2985 5923 3073 5992 η’.
3147 5923 3374 5996 Ii"Psal.
3415 5923 3758 6010 1.xxvu,53.

2160 4841 2219 4876 τε
2245 4825 2406 4889 αὑτὸς
2436 4827 2520 4897 εἴη
2551 4828 2761 4898 σαφῶς,
2809 4831 2839 4883 ὁ
2879 4832 2972 4885 καὶ
3005 4831 3063 4898 ἐξ
3094 4851 3112 4883 ι
3151 4833 3303 4887 οἴκου
3337 4835 3583 4900 δουλείας
3609 4856 3629 4889 ι
3671 4838 3764 4903 ἐξ-

2164 4915 2424 4984 ενεγκὼν,
2457 4919 2550 4972 καὶ
2595 4921 2981 4992 προστεταχὼς
3015 4923 3104 4977 διὰ
3141 4926 3407 4990 Μωσέως,
3436 4928 3530 4991 ὡς,
3589 4948 3606 4980 ι
3639 4932 3761 4986 Οὐκ

2164 5006 2380 5064 ἔσονταί
2414 5025 2496 5063 σοι
2536 5011 2649 5064 θεοὶ
2681 5011 2860 5085 ἕτεροι
2903 5014 3045 5086 πλὴν
3085 5016 3242 5087 ἐμοῦ,
3283 5037 3300 5068 ι
3350 5021 3447 5073 καὶ
3479 5025 3559 5075 ὅτι
3595 5024 3764 5092 μόνος

2163 5101 2324 5165 αὑτὸς
2353 5102 2383 5154 6
2410 5103 2598 5168 σώζων
2620 5106 2758 5170 ἐστὶ,
2787 5106 2881 5162 καὶ
2899 5108 3159 5180 ἀνιδρωτὶ
3184 5111 3465 5182 κατορθῶν
3487 5115 3594 5166 πᾶν
3617 5115 3764 5187 ὅπερ

2170 5191 2434 5262 βούλοιτο,
2479 5196 2638 5260 αὑτὸς
2666 5197 2696 5249 6
2723 5201 3140 5271 τροφοφορήσας
3197 5202 3338 5255 κατά
3382 5202 3478 5272 τὴν
3525 5203 3763 5274 ἔρημον,

2168 5286 2262 5339 καὶ
2299 5288 2358 5338 έν
2391 5290 2459 5358 γῇ
2495 5289 2686 5360 ἐρήμῳ
2709 5331 2725 5356 ,
2778 5291 2876 5344 καὶ
2908 5291 3097 5362 ἀϐάτῳ
3120 5333 3134 5354 ,
3182 5293 3278 5346 καὶ
3320 5291 3534 5364 ἀνύδρῳ
3570 5297 3766 5364 πηγὰς

2171 5377 2270 5446 μὲν
2304 5378 2514 5433 ὑδάτων
2545 5381 2713 5447 ἀνεὶς,
2765 5382 2977 5446 καθιεὶς
3005 5383 3062 5437 δὲ
3112 5385 3172 5437 τὸ
3209 5386 3384 5456 μάννα
3405 5428 3419 5451 ,
3462 5387 3557 5439 καὶ
3590 5387 3765 5458 ἄρτον

2164 5470 2413 5539 ἀγγέλων
2460 5472 2520 5536 ἐξ
2560 5473 2791 5544 οὐρανοῦ
2835 5475 3210 5548 δωρούμενος,
3245 5479 3338 5531 καὶ
3369 5478 3446 5542 ὡς
3492 5479 3552 5532 ἐν
3600 5482 3763 5545 τάξει

2162 5565 2418 5633 ποιμένος
2452 5566 2660 5632 ἀγαθοῦ
2700 5568 3057 5622 καταδόσκων
3077 5570 3159 5634 είς
3183 5571 3458 5642 εὐθηνίαν,
3487 5576 3631 5627 κατά
3659 5576 3763 5638 τάς

2162 5654 2334 5725 νομὰς
2389 5656 2589 5722 αὑτῶν,
2631 5658 2751 5729 ἦτοι
2815 5659 2916 5724 τὰς
2972 5661 3261 5732 ἀπάρσεις.
3309 5664 3599 5727 Ἀνενδεεῖς
3642 5665 3764 5739 γὰρ

2755 5862 2802 5893 ⁸³
2839 5863 2904 5918 lll
2949 5864 3080 5933 Reg.
3130 5883 3228 5932 xit,
3269 5867 3361 5923 28.
3469 5870 3515 5901 ⁸⁵
3556 5870 3716 5927 Deut.
