  <div class='ocr_page' id='page_1' title='image "/cluster/home/n/w/nwhite01/storage/ocr_20150623/71/nnc1.0046980199/168.png"; bbox 0 0 4110 6368; ppageno 0'>
   <div class='ocr_carea' id='block_1_1' title="bbox 453 275 562 332">
    <p class='ocr_par' dir='ltr' id='par_1_1' title="bbox 453 275 562 332">
     <span class='ocr_line' id='line_1_1' title="bbox 453 275 562 332; baseline -0.018 -1"><span class='ocrx_word' id='word_1_1' title='bbox 453 275 562 332; x_wconf 77' lang='grc'><strong>505</strong></span> 
     </span>
    </p>
   </div>
   <div class='ocr_carea' id='block_1_2' title="bbox 1381 285 2800 357">
    <p class='ocr_par' dir='ltr' id='par_1_2' title="bbox 1381 285 2800 357">
     <span class='ocr_line' id='line_1_2' title="bbox 1381 285 2800 357; baseline 0.01 -15"><span class='ocrx_word' id='word_1_2' title='bbox 1381 285 1935 350; x_wconf 81' lang='lat' dir='ltr'><strong>COMMENTARIUS</strong></span> <span class='ocrx_word' id='word_1_3' title='bbox 1973 293 2038 349; x_wconf 86' lang='lat' dir='ltr'><strong>IN</strong></span> <span class='ocrx_word' id='word_1_4' title='bbox 2081 295 2314 353; x_wconf 74' lang='lat' dir='ltr'><strong>OSEAM</strong></span> <span class='ocrx_word' id='word_1_5' title='bbox 2355 299 2800 357; x_wconf 76' lang='lat' dir='ltr'><strong>PROPHETAM.</strong></span> 
     </span>
    </p>
   </div>
   <div class='ocr_carea' id='block_1_3' title="bbox 3617 299 3722 365">
    <p class='ocr_par' dir='ltr' id='par_1_3' title="bbox 3617 299 3722 365">
     <span class='ocr_line' id='line_1_3' title="bbox 3617 299 3722 365; baseline 0 -11"><span class='ocrx_word' id='word_1_6' title='bbox 3617 299 3722 365; x_wconf 68' lang='lat'><strong>506</strong></span> 
     </span>
    </p>
   </div>
   <div class='ocr_carea' id='block_1_4' title="bbox 451 385 2027 486">
    <p class='ocr_par' dir='ltr' id='par_1_4' title="bbox 451 385 2027 486">
     <span class='ocr_line' id='line_1_4' title="bbox 451 385 2027 486; baseline 0.013 -46"><span class='ocrx_word' id='word_1_7' title='bbox 451 385 594 486; x_wconf 82' lang='grc' dir='ltr'>ἦσαν</span> <span class='ocrx_word' id='word_1_8' title='bbox 628 393 830 486; x_wconf 83' lang='grc' dir='ltr'>παντὸς</span> <span class='ocrx_word' id='word_1_9' title='bbox 857 397 1064 466; x_wconf 79' lang='grc' dir='ltr'><strong>ἀγαθοῦ</strong></span> <span class='ocrx_word' id='word_1_10' title='bbox 1093 399 1233 454; x_wconf 79' lang='grc' dir='ltr'>κατὰ</span> <span class='ocrx_word' id='word_1_11' title='bbox 1253 401 1352 472; x_wconf 86' lang='grc' dir='ltr'><strong>τὴν</strong></span> <span class='ocrx_word' id='word_1_12' title='bbox 1383 401 1590 474; x_wconf 77' lang='grc' dir='ltr'>ἔρημον</span> <span class='ocrx_word' id='word_1_13' title='bbox 1618 407 1666 458; x_wconf 80' lang='grc' dir='ltr'>οἱ</span> <span class='ocrx_word' id='word_1_14' title='bbox 1697 407 1759 472; x_wconf 78' lang='grc' dir='ltr'>ἐξ</span> <span class='ocrx_word' id='word_1_15' title='bbox 1785 408 2027 480; x_wconf 78' lang='grc' dir='ltr'>Ἰσραὴλ.</span> 
     </span>
    </p>
   </div>
   <div class='ocr_carea' id='block_1_5' title="bbox 2129 385 3724 486">
    <p class='ocr_par' dir='ltr' id='par_1_5' title="bbox 2147 412 3724 486">
     <span class='ocr_line' id='line_1_5' title="bbox 2147 412 3724 486; baseline 0.001 -18"><span class='ocrx_word' id='word_1_16' title='bbox 2147 415 2271 471; x_wconf 90' lang='lat' dir='ltr'><strong>liliis</strong></span> <span class='ocrx_word' id='word_1_17' title='bbox 2299 415 2465 471; x_wconf 87' lang='lat' dir='ltr'><strong>lsracl</strong></span> <span class='ocrx_word' id='word_1_18' title='bbox 2499 415 2690 483; x_wconf 79' lang='lat' dir='ltr'><strong>defuit,</strong></span> <span class='ocrx_word' id='word_1_19' title='bbox 2722 413 3067 486; x_wconf 79' lang='lat' dir='ltr'><strong>quantumvis</strong></span> <span class='ocrx_word' id='word_1_20' title='bbox 3114 413 3295 470; x_wconf 91' lang='lat' dir='ltr'><strong>locum</strong></span> <span class='ocrx_word' id='word_1_21' title='bbox 3337 412 3458 470; x_wconf 88' lang='lat' dir='ltr'><strong>loco</strong></span> <span class='ocrx_word' id='word_1_22' title='bbox 3509 427 3724 485; x_wconf 84' lang='lat' dir='ltr'><strong>semper</strong></span> 
     </span>
    </p>
   </div>
   <div class='ocr_carea' id='block_1_6' title="bbox 453 481 2036 574">
    <p class='ocr_par' dir='ltr' id='par_1_6' title="bbox 453 481 2036 574">
     <span class='ocr_line' id='line_1_6' title="bbox 453 481 2036 574; baseline 0.014 -39"><span class='ocrx_word' id='word_1_23' title='bbox 453 481 632 536; x_wconf 84' lang='grc' dir='ltr'>καίτοι</span> <span class='ocrx_word' id='word_1_24' title='bbox 661 485 861 551; x_wconf 83' lang='grc' dir='ltr'><strong>τόπους</strong></span> <span class='ocrx_word' id='word_1_25' title='bbox 891 490 955 543; x_wconf 90' lang='grc' dir='ltr'><strong>ἐκ</strong></span> <span class='ocrx_word' id='word_1_26' title='bbox 979 491 1160 545; x_wconf 89' lang='grc' dir='ltr'>τόπων</span> <span class='ocrx_word' id='word_1_27' title='bbox 1177 493 1266 546; x_wconf 79' lang='grc' dir='ltr'><strong>ἀεὶ</strong></span> <span class='ocrx_word' id='word_1_28' title='bbox 1296 496 1740 567; x_wconf 80' lang='grc' dir='ltr'>μεταμείϐοντες,</span> <span class='ocrx_word' id='word_1_29' title='bbox 1771 502 1867 553; x_wconf 75' lang='grc' dir='ltr'>καὶ</span> <span class='ocrx_word' id='word_1_30' title='bbox 1888 503 1945 554; x_wconf 83' lang='grc' dir='ltr'><strong>ἐν</strong></span> <span class='ocrx_word' id='word_1_31' title='bbox 1968 505 2036 574; x_wconf 80' lang='grc' dir='ltr'>γῇ</span> 
     </span>
    </p>
   </div>
   <div class='ocr_carea' id='block_1_7' title="bbox 453 574 2041 666">
    <p class='ocr_par' dir='ltr' id='par_1_7' title="bbox 453 574 2041 666">
     <span class='ocr_line' id='line_1_7' title="bbox 453 574 2041 666; baseline 0.016 -43"><span class='ocrx_word' id='word_1_32' title='bbox 453 574 682 645; x_wconf 73' lang='grc' dir='ltr'>τραχείᾳ</span> <span class='ocrx_word' id='word_1_33' title='bbox 709 578 800 629; x_wconf 78' lang='grc' dir='ltr'><strong>καὶ</strong></span> <span class='ocrx_word' id='word_1_34' title='bbox 826 580 1063 652; x_wconf 83' lang='grc' dir='ltr'><strong>ἀκάρπῳ</strong></span> <span class='ocrx_word' id='word_1_35' title='bbox 1087 583 1560 656; x_wconf 76' lang='grc' dir='ltr'>καταυλιζόμενοι.</span> <span class='ocrx_word' id='word_1_36' title='bbox 1590 590 1710 661; x_wconf 85' lang='grc' dir='ltr'><strong>Χρὴ</strong></span> <span class='ocrx_word' id='word_1_37' title='bbox 1731 591 1793 662; x_wconf 86' lang='grc' dir='ltr'><strong>δὴ</strong></span> <span class='ocrx_word' id='word_1_38' title='bbox 1819 589 1913 646; x_wconf 86' lang='grc' dir='ltr'><strong>οῦν</strong></span> <span class='ocrx_word' id='word_1_39' title='bbox 1934 594 2041 666; x_wconf 86' lang='grc' dir='ltr'>ἄρα</span> 
     </span>
    </p>
   </div>
   <div class='ocr_carea' id='block_1_8' title="bbox 457 666 2035 755">
    <p class='ocr_par' dir='ltr' id='par_1_8' title="bbox 457 666 2035 755">
     <span class='ocr_line' id='line_1_8' title="bbox 457 666 2035 755; baseline 0.016 -41"><span class='ocrx_word' id='word_1_40' title='bbox 457 666 768 755; x_wconf 83' lang='grc' dir='ltr'>μεμνῆσθαι</span> <span class='ocrx_word' id='word_1_41' title='bbox 815 668 904 724; x_wconf 80' lang='grc' dir='ltr'>διὰ</span> <span class='ocrx_word' id='word_1_42' title='bbox 950 672 1150 737; x_wconf 84' lang='grc' dir='ltr'>παντὸς</span> <span class='ocrx_word' id='word_1_43' title='bbox 1173 715 1187 740; x_wconf 96' lang='grc'><strong>,</strong></span> <span class='ocrx_word' id='word_1_44' title='bbox 1217 668 1292 728; x_wconf 88' lang='grc' dir='ltr'>ὧν</span> <span class='ocrx_word' id='word_1_45' title='bbox 1331 674 1397 729; x_wconf 84' lang='grc' dir='ltr'><strong>ἀν</strong></span> <span class='ocrx_word' id='word_1_46' title='bbox 1429 677 1645 751; x_wconf 82' lang='grc' dir='ltr'><strong>ἔχοιμεν</strong></span> <span class='ocrx_word' id='word_1_47' title='bbox 1678 685 1830 755; x_wconf 86' lang='grc' dir='ltr'><strong>παρά</strong></span> <span class='ocrx_word' id='word_1_48' title='bbox 1858 685 1994 739; x_wconf 90' lang='grc' dir='ltr'>Θεοῦ</span> <span class='ocrx_word' id='word_1_49' title='bbox 2021 729 2035 752; x_wconf 95' lang='grc'><strong>,</strong></span> 
     </span>
    </p>
   </div>
   <div class='ocr_carea' id='block_1_9' title="bbox 454 751 2038 837">
    <p class='ocr_par' dir='ltr' id='par_1_9' title="bbox 454 751 2038 837">
     <span class='ocr_line' id='line_1_9' title="bbox 454 751 2038 837; baseline 0.016 -31"><span class='ocrx_word' id='word_1_50' title='bbox 454 755 546 808; x_wconf 69' lang='grc' dir='ltr'><strong>καὶ</strong></span> <span class='ocrx_word' id='word_1_51' title='bbox 583 751 687 829; x_wconf 74' lang='grc' dir='ltr'><strong>τὴν</strong></span> <span class='ocrx_word' id='word_1_52' title='bbox 730 761 822 814; x_wconf 79' lang='grc' dir='ltr'><strong>ἐπὶ</strong></span> <span class='ocrx_word' id='word_1_53' title='bbox 867 762 1078 828; x_wconf 80' lang='grc' dir='ltr'><strong>τούτοις</strong></span> <span class='ocrx_word' id='word_1_54' title='bbox 1105 764 1312 837; x_wconf 82' lang='grc' dir='ltr'><strong>λήθην,</strong></span> <span class='ocrx_word' id='word_1_55' title='bbox 1343 767 1418 833; x_wconf 88' lang='grc' dir='ltr'>ὡς</span> <span class='ocrx_word' id='word_1_56' title='bbox 1465 771 1720 828; x_wconf 84' lang='grc' dir='ltr'>ἀποτάτω</span> <span class='ocrx_word' id='word_1_57' title='bbox 1767 778 2038 832; x_wconf 85' lang='grc' dir='ltr'>ποιεῖσθαι</span> 
     </span>
    </p>
   </div>
   <div class='ocr_carea' id='block_1_10' title="bbox 455 846 2034 939">
    <p class='ocr_par' dir='ltr' id='par_1_10' title="bbox 455 846 2034 939">
     <span class='ocr_line' id='line_1_10' title="bbox 455 846 2034 939; baseline 0.017 -42"><span class='ocrx_word' id='word_1_58' title='bbox 455 846 632 914; x_wconf 84' lang='grc' dir='ltr'>φιλεῖν</span> <span class='ocrx_word' id='word_1_59' title='bbox 679 851 778 921; x_wconf 80' lang='grc' dir='ltr'>τῆς</span> <span class='ocrx_word' id='word_1_60' title='bbox 815 854 1027 909; x_wconf 78' lang='grc' dir='ltr'><strong>ἑαυτῶν</strong></span> <span class='ocrx_word' id='word_1_61' title='bbox 1074 857 1342 927; x_wconf 76' lang='grc' dir='ltr'><strong>διανοίας,</strong></span> <span class='ocrx_word' id='word_1_62' title='bbox 1381 861 1456 925; x_wconf 86' lang='grc' dir='ltr'>ὡς</span> <span class='ocrx_word' id='word_1_63' title='bbox 1483 863 1706 936; x_wconf 80' lang='grc' dir='ltr'>ὀλέθρου</span> <span class='ocrx_word' id='word_1_64' title='bbox 1756 869 2034 939; x_wconf 77' lang='grc' dir='ltr'>πρόξενον,</span> 
     </span>
    </p>
   </div>
   <div class='ocr_carea' id='block_1_11' title="bbox 455 939 2038 1029">
    <p class='ocr_par' dir='ltr' id='par_1_11' title="bbox 455 939 2038 1029">
     <span class='ocr_line' id='line_1_11' title="bbox 455 939 2038 1029; baseline 0.015 -40"><span class='ocrx_word' id='word_1_65' title='bbox 455 939 548 990; x_wconf 74' lang='grc' dir='ltr'>καὶ</span> <span class='ocrx_word' id='word_1_66' title='bbox 596 942 938 1012; x_wconf 86' lang='grc' dir='ltr'>παροτρύνον</span> <span class='ocrx_word' id='word_1_67' title='bbox 983 947 1062 1010; x_wconf 79' lang='grc' dir='ltr'><strong>εἰς</strong></span> <span class='ocrx_word' id='word_1_68' title='bbox 1109 949 1485 1022; x_wconf 86' lang='grc' dir='ltr'>ἀγανάκτησιν</span> <span class='ocrx_word' id='word_1_69' title='bbox 1527 954 1618 1006; x_wconf 79' lang='grc' dir='ltr'><strong>τὸν</strong></span> <span class='ocrx_word' id='word_1_70' title='bbox 1645 956 1866 1027; x_wconf 74' lang='grc' dir='ltr'>ἀπάσης</span> <span class='ocrx_word' id='word_1_71' title='bbox 1908 960 2038 1029; x_wconf 83' lang='grc' dir='ltr'>ἡμῖν</span> 
     </span>
    </p>
   </div>
   <div class='ocr_carea' id='block_1_12' title="bbox 455 1029 2037 1118">
    <p class='ocr_par' dir='ltr' id='par_1_12' title="bbox 455 1029 2037 1118">
     <span class='ocr_line' id='line_1_12' title="bbox 455 1029 2037 1118; baseline 0.014 -37"><span class='ocrx_word' id='word_1_72' title='bbox 455 1029 755 1102; x_wconf 79' lang='grc' dir='ltr'>εὐημερίας</span> <span class='ocrx_word' id='word_1_73' title='bbox 783 1035 985 1106; x_wconf 86' lang='grc' dir='ltr'>δοτῆρα</span> <span class='ocrx_word' id='word_1_74' title='bbox 1009 1038 1161 1092; x_wconf 73' lang='lat' dir='ltr'><strong>856v.</strong></span> <span class='ocrx_word' id='word_1_75' title='bbox 1179 1039 1241 1094; x_wconf 89' lang='lat'><strong>&#39;0</strong></span> <span class='ocrx_word' id='word_1_76' title='bbox 1266 1040 1373 1113; x_wconf 84' lang='grc' dir='ltr'><strong>γὰρ</strong></span> <span class='ocrx_word' id='word_1_77' title='bbox 1396 1043 1711 1114; x_wconf 84' lang='grc' dir='ltr'>ἀχάριστος,</span> <span class='ocrx_word' id='word_1_78' title='bbox 1745 1048 1839 1100; x_wconf 72' lang='grc' dir='ltr'><strong>καὶ</strong></span> <span class='ocrx_word' id='word_1_79' title='bbox 1870 1047 2037 1118; x_wconf 81' lang='grc' dir='ltr'>βλάσ-</span> 
     </span>
    </p>
   </div>
   <div class='ocr_carea' id='block_1_13' title="bbox 459 1129 1808 1209">
    <p class='ocr_par' dir='ltr' id='par_1_13' title="bbox 459 1129 1808 1209">
     <span class='ocr_line' id='line_1_13' title="bbox 459 1129 1808 1209; baseline 0.012 -31"><span class='ocrx_word' id='word_1_80' title='bbox 459 1142 656 1195; x_wconf 85' lang='grc' dir='ltr'>φημος,</span> <span class='ocrx_word' id='word_1_81' title='bbox 693 1129 834 1183; x_wconf 90' lang='grc' dir='ltr'>κατά</span> <span class='ocrx_word' id='word_1_82' title='bbox 855 1148 918 1199; x_wconf 90' lang='grc' dir='ltr'><strong>γε</strong></span> <span class='ocrx_word' id='word_1_83' title='bbox 948 1132 1008 1185; x_wconf 78' lang='grc' dir='ltr'><strong>τὸ</strong></span> <span class='ocrx_word' id='word_1_84' title='bbox 1039 1134 1145 1186; x_wconf 89' lang='grc' dir='ltr'><strong>ὐπό</strong></span> <span class='ocrx_word' id='word_1_85' title='bbox 1166 1153 1260 1188; x_wconf 89' lang='grc' dir='ltr'><strong>του</strong></span> <span class='ocrx_word' id='word_1_86' title='bbox 1292 1135 1471 1204; x_wconf 81' lang='grc' dir='ltr'>σοφῶς</span> <span class='ocrx_word' id='word_1_87' title='bbox 1498 1139 1808 1209; x_wconf 82' lang='grc' dir='ltr'>εἰρημένον.</span> 
     </span>
    </p>
   </div>
   <div class='ocr_carea' id='block_1_14' title="bbox 523 1219 2035 1304">
    <p class='ocr_par' dir='ltr' id='par_1_14' title="bbox 523 1219 2035 1304">
     <span class='ocr_line' id='line_1_14' title="bbox 523 1219 2035 1304; baseline 0.011 -32"><span class='ocrx_word' id='word_1_88' title='bbox 523 1219 631 1272; x_wconf 80' lang='grc' dir='ltr'><strong>Καὶ</strong></span> <span class='ocrx_word' id='word_1_89' title='bbox 664 1220 1140 1293; x_wconf 72' lang='grc' dir='ltr'><strong>ἐνεπλήσθησαν</strong></span> <span class='ocrx_word' id='word_1_90' title='bbox 1169 1230 1256 1294; x_wconf 85' lang='grc' dir='ltr'>εἱς</span> <span class='ocrx_word' id='word_1_91' title='bbox 1308 1232 1698 1300; x_wconf 75' lang='grc' dir='ltr'>πλησμονὴν,</span> <span class='ocrx_word' id='word_1_92' title='bbox 1735 1235 1832 1287; x_wconf 78' lang='grc' dir='ltr'>καὶ</span> <span class='ocrx_word' id='word_1_93' title='bbox 1867 1235 2035 1304; x_wconf 69' lang='grc' dir='ltr'><strong>ὑψώ-</strong></span> 
     </span>
    </p>
   </div>
   <div class='ocr_carea' id='block_1_15' title="bbox 453 1311 2038 1387">
    <p class='ocr_par' dir='ltr' id='par_1_15' title="bbox 453 1311 2038 1387">
     <span class='ocr_line' id='line_1_15' title="bbox 453 1311 2038 1387; baseline 0.013 -26"><span class='ocrx_word' id='word_1_94' title='bbox 453 1311 651 1376; x_wconf 85' lang='grc' dir='ltr'>θησαν</span> <span class='ocrx_word' id='word_1_95' title='bbox 680 1315 739 1367; x_wconf 83' lang='grc' dir='ltr'>αὶ</span> <span class='ocrx_word' id='word_1_96' title='bbox 777 1315 1010 1382; x_wconf 78' lang='grc' dir='ltr'>καρδίαι</span> <span class='ocrx_word' id='word_1_97' title='bbox 1056 1318 1293 1387; x_wconf 82' lang='grc' dir='ltr'>αὐτῶν,</span> <span class='ocrx_word' id='word_1_98' title='bbox 1342 1320 1522 1376; x_wconf 72' lang='grc' dir='ltr'>ἕνεκα</span> <span class='ocrx_word' id='word_1_99' title='bbox 1563 1325 1779 1378; x_wconf 82' lang='grc' dir='ltr'>τούτου</span> <span class='ocrx_word' id='word_1_100' title='bbox 1821 1325 2038 1381; x_wconf 79' lang='grc' dir='ltr'>ἐπελά-</span> 
     </span>
    </p>
   </div>
   <div class='ocr_carea' id='block_1_16' title="bbox 452 1402 797 1471">
    <p class='ocr_par' dir='ltr' id='par_1_16' title="bbox 452 1402 797 1471">
     <span class='ocr_line' id='line_1_16' title="bbox 452 1402 797 1471; baseline 0.017 -19"><span class='ocrx_word' id='word_1_101' title='bbox 452 1402 630 1454; x_wconf 80' lang='grc' dir='ltr'>θοντό</span> <span class='ocrx_word' id='word_1_102' title='bbox 656 1421 797 1471; x_wconf 85' lang='grc' dir='ltr'>μου.</span> 
     </span>
    </p>
   </div>
   <div class='ocr_carea' id='block_1_17' title="bbox 521 1492 2042 1578">
    <p class='ocr_par' dir='ltr' id='par_1_17' title="bbox 521 1492 2042 1578">
     <span class='ocr_line' id='line_1_17' title="bbox 521 1492 2042 1578; baseline 0.016 -35"><span class='ocrx_word' id='word_1_103' title='bbox 521 1492 649 1547; x_wconf 79' lang='lat' dir='ltr'><strong>PN&#39;.</strong></span> <span class='ocrx_word' id='word_1_104' title='bbox 692 1494 902 1568; x_wconf 81' lang='grc' dir='ltr'>Ὥσπερ</span> <span class='ocrx_word' id='word_1_105' title='bbox 929 1499 976 1550; x_wconf 86' lang='grc' dir='ltr'><strong>οἱ</strong></span> <span class='ocrx_word' id='word_1_106' title='bbox 1008 1499 1114 1552; x_wconf 82' lang='grc' dir='ltr'>τῶν</span> <span class='ocrx_word' id='word_1_107' title='bbox 1148 1502 1347 1573; x_wconf 83' lang='grc' dir='ltr'>ἰατρῶν</span> <span class='ocrx_word' id='word_1_108' title='bbox 1383 1506 1768 1578; x_wconf 82' lang='grc' dir='ltr'>ἐμπειρότατοι</span> <span class='ocrx_word' id='word_1_109' title='bbox 1797 1512 1897 1576; x_wconf 89' lang='grc' dir='ltr'><strong>τάς</strong></span> <span class='ocrx_word' id='word_1_110' title='bbox 1925 1514 2042 1567; x_wconf 88' lang='grc' dir='ltr'><strong>τῶν-</strong></span> 
     </span>
    </p>
   </div>
   <div class='ocr_carea' id='block_1_18' title="bbox 450 1584 2034 1667">
    <p class='ocr_par' dir='ltr' id='par_1_18' title="bbox 450 1584 2034 1667">
     <span class='ocr_line' id='line_1_18' title="bbox 450 1584 2034 1667; baseline 0.015 -32"><span class='ocrx_word' id='word_1_111' title='bbox 450 1584 772 1654; x_wconf 87' lang='grc' dir='ltr'>νοσημάτων</span> <span class='ocrx_word' id='word_1_112' title='bbox 798 1584 855 1641; x_wconf 78' lang='grc' dir='ltr'><strong>εὖ</strong></span> <span class='ocrx_word' id='word_1_113' title='bbox 894 1589 1037 1659; x_wconf 84' lang='grc' dir='ltr'>μάλα</span> <span class='ocrx_word' id='word_1_114' title='bbox 1067 1594 1524 1666; x_wconf 87' lang='grc' dir='ltr'>περιαρθροῦντες</span> <span class='ocrx_word' id='word_1_115' title='bbox 1560 1601 1759 1667; x_wconf 75' lang='grc' dir='ltr'>αἰτίας,</span> <span class='ocrx_word' id='word_1_116' title='bbox 1788 1607 1901 1667; x_wconf 80' lang='grc' dir='ltr'>τοῖς</span> <span class='ocrx_word' id='word_1_117' title='bbox 1928 1607 2034 1658; x_wconf 76' lang='grc' dir='ltr'>ἀπὸ</span> 
     </span>
    </p>
   </div>
   <div class='ocr_carea' id='block_1_19' title="bbox 448 1675 2028 1765">
    <p class='ocr_par' dir='ltr' id='par_1_19' title="bbox 448 1675 2028 1765">
     <span class='ocr_line' id='line_1_19' title="bbox 448 1675 2028 1765; baseline 0.016 -38"><span class='ocrx_word' id='word_1_118' title='bbox 448 1675 550 1742; x_wconf 78' lang='grc' dir='ltr'>τῆς</span> <span class='ocrx_word' id='word_1_119' title='bbox 599 1677 793 1749; x_wconf 80' lang='grc' dir='ltr'>τέχνης</span> <span class='ocrx_word' id='word_1_120' title='bbox 840 1683 1279 1756; x_wconf 80' lang='grc' dir='ltr'>ἐπικουρήμασιν</span> <span class='ocrx_word' id='word_1_121' title='bbox 1328 1690 1657 1746; x_wconf 84' lang='grc' dir='ltr'>ἀνακόπτειν</span> <span class='ocrx_word' id='word_1_122' title='bbox 1703 1697 2028 1765; x_wconf 68' lang='grc' dir='ltr'>ἐπάγονταιι</span> 
     </span>
    </p>
   </div>
   <div class='ocr_carea' id='block_1_20' title="bbox 2145 503 3720 576">
    <p class='ocr_par' dir='ltr' id='par_1_20' title="bbox 2145 503 3720 576">
     <span class='ocr_line' id='line_1_20' title="bbox 2145 503 3720 576; baseline -0.001 -16"><span class='ocrx_word' id='word_1_123' title='bbox 2145 517 2439 574; x_wconf 89' lang='lat' dir='ltr'><strong>mutarent,</strong></span> <span class='ocrx_word' id='word_1_124' title='bbox 2477 517 2532 562; x_wconf 91' lang='lat' dir='ltr'><strong>et</strong></span> <span class='ocrx_word' id='word_1_125' title='bbox 2557 509 2606 561; x_wconf 93' lang='lat' dir='ltr'><strong>in</strong></span> <span class='ocrx_word' id='word_1_126' title='bbox 2644 516 2786 562; x_wconf 88' lang='lat' dir='ltr'><strong>terra</strong></span> <span class='ocrx_word' id='word_1_127' title='bbox 2813 507 3034 562; x_wconf 76' lang='lat' dir='ltr'><strong>horrida</strong></span> <span class='ocrx_word' id='word_1_128' title='bbox 3061 513 3224 576; x_wconf 87' lang='lat' dir='ltr'><strong>atque</strong></span> <span class='ocrx_word' id='word_1_129' title='bbox 3254 503 3594 560; x_wconf 81' lang='lat' dir='ltr'><strong>infructuosa</strong></span> <span class='ocrx_word' id='word_1_130' title='bbox 3622 517 3720 561; x_wconf 87' lang='lat' dir='ltr'><strong>ca-</strong></span> 
     </span>
    </p>
   </div>
   <div class='ocr_carea' id='block_1_21' title="bbox 2142 597 3719 671">
    <p class='ocr_par' dir='ltr' id='par_1_21' title="bbox 2142 597 3719 671">
     <span class='ocr_line' id='line_1_21' title="bbox 2142 597 3719 671; baseline -0.002 -18"><span class='ocrx_word' id='word_1_131' title='bbox 2142 610 2614 654; x_wconf 88' lang='lat' dir='ltr'><strong>strametarentur.</strong></span> <span class='ocrx_word' id='word_1_132' title='bbox 2638 599 2865 670; x_wconf 86' lang='lat' dir='ltr'><strong>Semper</strong></span> <span class='ocrx_word' id='word_1_133' title='bbox 2916 601 3082 671; x_wconf 78' lang='lat' dir='ltr'><strong>igitur</strong></span> <span class='ocrx_word' id='word_1_134' title='bbox 3111 608 3330 667; x_wconf 88' lang='lat' dir='ltr'><strong>accepta</strong></span> <span class='ocrx_word' id='word_1_135' title='bbox 3361 613 3389 654; x_wconf 89' lang='lat' dir='ltr'><strong>a</strong></span> <span class='ocrx_word' id='word_1_136' title='bbox 3423 597 3532 654; x_wconf 89' lang='lat' dir='ltr'><strong>Deo</strong></span> <span class='ocrx_word' id='word_1_137' title='bbox 3578 598 3719 653; x_wconf 89' lang='lat' dir='ltr'><strong>bona</strong></span> 
     </span>
    </p>
   </div>
   <div class='ocr_carea' id='block_1_22' title="bbox 2141 689 3724 762">
    <p class='ocr_par' dir='ltr' id='par_1_22' title="bbox 2141 689 3724 762">
     <span class='ocr_line' id='line_1_22' title="bbox 2141 689 3724 762; baseline -0.002 -17"><span class='ocrx_word' id='word_1_138' title='bbox 2141 692 2196 746; x_wconf 90' lang='lat' dir='ltr'><strong>in</strong></span> <span class='ocrx_word' id='word_1_139' title='bbox 2230 692 2488 748; x_wconf 81' lang='lat' dir='ltr'><strong>memoria</strong></span> <span class='ocrx_word' id='word_1_140' title='bbox 2516 691 2762 747; x_wconf 83' lang='lat' dir='ltr'><strong>habenda</strong></span> <span class='ocrx_word' id='word_1_141' title='bbox 2793 702 2940 758; x_wconf 87' lang='lat' dir='ltr'><strong>sunt,</strong></span> <span class='ocrx_word' id='word_1_142' title='bbox 2982 691 3141 762; x_wconf 78' lang='lat'><strong>183</strong></span> <span class='ocrx_word' id='word_1_143' title='bbox 3173 705 3474 761; x_wconf 88' lang='lat' dir='ltr'><strong>eorumque</strong></span> <span class='ocrx_word' id='word_1_144' title='bbox 3519 689 3724 746; x_wconf 89' lang='lat' dir='ltr'><strong>oblivio</strong></span> 
     </span>
    </p>
   </div>
   <div class='ocr_carea' id='block_1_23' title="bbox 2140 783 3719 855">
    <p class='ocr_par' dir='ltr' id='par_1_23' title="bbox 2140 783 3719 855">
     <span class='ocr_line' id='line_1_23' title="bbox 2140 783 3719 855; baseline -0.001 -18"><span class='ocrx_word' id='word_1_145' title='bbox 2140 800 2301 855; x_wconf 89' lang='lat' dir='ltr'><strong>quam</strong></span> <span class='ocrx_word' id='word_1_146' title='bbox 2375 785 2686 854; x_wconf 79' lang='lat' dir='ltr'><strong>longissime</strong></span> <span class='ocrx_word' id='word_1_147' title='bbox 2756 784 3061 855; x_wconf 82' lang='lat' dir='ltr'><strong>repellenda</strong></span> <span class='ocrx_word' id='word_1_148' title='bbox 3093 786 3159 838; x_wconf 87' lang='lat' dir='ltr'><strong>ab</strong></span> <span class='ocrx_word' id='word_1_149' title='bbox 3195 785 3398 850; x_wconf 88' lang='lat' dir='ltr'><strong>animo,</strong></span> <span class='ocrx_word' id='word_1_150' title='bbox 3463 783 3719 852; x_wconf 87' lang='lat' dir='ltr'><strong>quoniam</strong></span> 
     </span>
    </p>
   </div>
   <div class='ocr_carea' id='block_1_24' title="bbox 2137 875 3724 946">
    <p class='ocr_par' dir='ltr' id='par_1_24' title="bbox 2137 875 3724 946">
     <span class='ocr_line' id='line_1_24' title="bbox 2137 875 3724 946; baseline 0 -16"><span class='ocrx_word' id='word_1_151' title='bbox 2137 877 2362 931; x_wconf 80' lang='lat' dir='ltr'><strong>exitium</strong></span> <span class='ocrx_word' id='word_1_152' title='bbox 2415 878 2577 946; x_wconf 91' lang='lat' dir='ltr'><strong>parit,</strong></span> <span class='ocrx_word' id='word_1_153' title='bbox 2628 885 2682 931; x_wconf 92' lang='lat' dir='ltr'><strong>et</strong></span> <span class='ocrx_word' id='word_1_154' title='bbox 2721 875 2886 930; x_wconf 89' lang='lat' dir='ltr'><strong>Deum</strong></span> <span class='ocrx_word' id='word_1_155' title='bbox 2935 878 3114 933; x_wconf 89' lang='lat' dir='ltr'><strong>omnis</strong></span> <span class='ocrx_word' id='word_1_156' title='bbox 3185 875 3386 932; x_wconf 75' lang='lat' dir='ltr'><strong>nostra:</strong></span> <span class='ocrx_word' id='word_1_157' title='bbox 3445 875 3724 931; x_wconf 81' lang='lat' dir='ltr'><strong>felicitatis</strong></span> 
     </span>
    </p>
   </div>
   <div class='ocr_carea' id='block_1_25' title="bbox 2138 965 3720 1036">
    <p class='ocr_par' dir='ltr' id='par_1_25' title="bbox 2138 965 3720 1036">
     <span class='ocr_line' id='line_1_25' title="bbox 2138 965 3720 1036; baseline -0.002 -15"><span class='ocrx_word' id='word_1_158' title='bbox 2138 976 2414 1022; x_wconf 86' lang='lat' dir='ltr'><strong>auctorem</strong></span> <span class='ocrx_word' id='word_1_159' title='bbox 2440 967 2503 1021; x_wconf 89' lang='lat' dir='ltr'><strong>ad</strong></span> <span class='ocrx_word' id='word_1_160' title='bbox 2540 967 2959 1034; x_wconf 77' lang='lat' dir='ltr'><strong>indignationem</strong></span> <span class='ocrx_word' id='word_1_161' title='bbox 2991 977 3272 1034; x_wconf 80' lang='lat' dir='ltr'><strong>provocat.</strong></span> <span class='ocrx_word' id='word_1_162' title='bbox 3306 966 3548 1036; x_wconf 86' lang='lat' dir='ltr'><strong>Ingratus</strong></span> <span class='ocrx_word' id='word_1_163' title='bbox 3574 965 3720 1021; x_wconf 85' lang='lat' dir='ltr'><strong>enim</strong></span> 
     </span>
    </p>
   </div>
   <div class='ocr_carea' id='block_1_26' title="bbox 2137 1052 3720 1127">
    <p class='ocr_par' dir='ltr' id='par_1_26' title="bbox 2137 1052 3720 1127">
     <span class='ocr_line' id='line_1_26' title="bbox 2137 1052 3720 1127; baseline -0.003 -16"><span class='ocrx_word' id='word_1_164' title='bbox 2137 1059 2299 1113; x_wconf 88' lang='lat' dir='ltr'><strong>etiam</strong></span> <span class='ocrx_word' id='word_1_165' title='bbox 2325 1068 2410 1112; x_wconf 91' lang='lat' dir='ltr'><strong>est</strong></span> <span class='ocrx_word' id='word_1_166' title='bbox 2449 1056 2819 1127; x_wconf 83' lang='lat' dir='ltr'><strong>blasphemus,</strong></span> <span class='ocrx_word' id='word_1_167' title='bbox 2865 1066 2980 1110; x_wconf 88' lang='lat' dir='ltr'><strong>uta</strong></span> <span class='ocrx_word' id='word_1_168' title='bbox 3010 1057 3245 1123; x_wconf 89' lang='lat' dir='ltr'><strong>quodam</strong></span> <span class='ocrx_word' id='word_1_169' title='bbox 3294 1055 3572 1124; x_wconf 81' lang='lat' dir='ltr'><strong>sapienter</strong></span> <span class='ocrx_word' id='word_1_170' title='bbox 3633 1052 3720 1107; x_wconf 87' lang='lat' dir='ltr'><strong>di-</strong></span> 
     </span>
    </p>
   </div>
   <div class='ocr_carea' id='block_1_27' title="bbox 2135 1159 2412 1208">
    <p class='ocr_par' dir='ltr' id='par_1_27' title="bbox 2135 1159 2412 1208">
     <span class='ocr_line' id='line_1_27' title="bbox 2135 1159 2412 1208; baseline -0.007 0"><span class='ocrx_word' id='word_1_171' title='bbox 2135 1160 2281 1208; x_wconf 89' lang='lat' dir='ltr'><strong>ctum</strong></span> <span class='ocrx_word' id='word_1_172' title='bbox 2309 1159 2412 1206; x_wconf 90' lang='lat' dir='ltr'><strong>est.</strong></span> 
     </span>
    </p>
   </div>
   <div class='ocr_carea' id='block_1_28' title="bbox 2208 1236 3718 1311">
    <p class='ocr_par' dir='ltr' id='par_1_28' title="bbox 2208 1236 3718 1311">
     <span class='ocr_line' id='line_1_28' title="bbox 2208 1236 3718 1311; baseline -0.005 -14"><span class='ocrx_word' id='word_1_173' title='bbox 2208 1241 2369 1297; x_wconf 71' lang='lat' dir='ltr'><strong>Vnus.</strong></span> <span class='ocrx_word' id='word_1_174' title='bbox 2396 1243 2448 1297; x_wconf 90' lang='lat'><strong>6.</strong></span> <span class='ocrx_word' id='word_1_175' title='bbox 2487 1240 2555 1295; x_wconf 83' lang='lat' dir='ltr'><strong>Et</strong></span> <span class='ocrx_word' id='word_1_176' title='bbox 2588 1241 2771 1311; x_wconf 83' lang='lat' dir='ltr'><strong>repleti</strong></span> <span class='ocrx_word' id='word_1_177' title='bbox 2792 1251 2913 1296; x_wconf 85' lang='lat' dir='ltr'><strong>sunt</strong></span> <span class='ocrx_word' id='word_1_178' title='bbox 2941 1239 3246 1302; x_wconf 79' lang='lat' dir='ltr'><strong>saturitate,</strong></span> <span class='ocrx_word' id='word_1_179' title='bbox 3264 1247 3312 1292; x_wconf 86' lang='lat' dir='ltr'><strong>et</strong></span> <span class='ocrx_word' id='word_1_180' title='bbox 3341 1236 3580 1291; x_wconf 68' lang='lat' dir='ltr'><strong>excitata</strong></span> <span class='ocrx_word' id='word_1_181' title='bbox 3597 1245 3718 1290; x_wconf 72' lang='lat' dir='ltr'><strong>sunt</strong></span> 
     </span>
    </p>
   </div>
   <div class='ocr_carea' id='block_1_29' title="bbox 2136 1331 3398 1403">
    <p class='ocr_par' dir='ltr' id='par_1_29' title="bbox 2136 1331 3398 1403">
     <span class='ocr_line' id='line_1_29' title="bbox 2136 1331 3398 1403; baseline -0.006 -13"><span class='ocrx_word' id='word_1_182' title='bbox 2136 1338 2296 1390; x_wconf 83' lang='lat' dir='ltr'><strong>corda</strong></span> <span class='ocrx_word' id='word_1_183' title='bbox 2330 1350 2549 1390; x_wconf 88' lang='lat' dir='ltr'><strong>eorum:</strong></span> <span class='ocrx_word' id='word_1_184' title='bbox 2576 1343 2784 1403; x_wconf 85' lang='lat' dir='ltr'><strong>prapter</strong></span> <span class='ocrx_word' id='word_1_185' title='bbox 2817 1334 2910 1387; x_wconf 74' lang='lat' dir='ltr'><strong>hoc</strong></span> <span class='ocrx_word' id='word_1_186' title='bbox 2955 1331 3101 1386; x_wconf 80' lang='lat' dir='ltr'><strong>obliti</strong></span> <span class='ocrx_word' id='word_1_187' title='bbox 3119 1338 3240 1384; x_wconf 82' lang='lat' dir='ltr'><strong>sunt</strong></span> <span class='ocrx_word' id='word_1_188' title='bbox 3277 1331 3398 1383; x_wconf 84' lang='lat' dir='ltr'><strong>mei.</strong></span> 
     </span>
    </p>
   </div>
   <div class='ocr_carea' id='block_1_30' title="bbox 2204 1503 3718 1578">
    <p class='ocr_par' dir='ltr' id='par_1_30' title="bbox 2204 1503 3718 1578">
     <span class='ocr_line' id='line_1_30' title="bbox 2204 1503 3718 1578; baseline -0.007 -10"><span class='ocrx_word' id='word_1_189' title='bbox 2204 1513 2311 1569; x_wconf 88' lang='lat' dir='ltr'><strong>CL.</strong></span> <span class='ocrx_word' id='word_1_190' title='bbox 2357 1511 2817 1578; x_wconf 82' lang='lat' dir='ltr'><strong>Quemadmodum</strong></span> <span class='ocrx_word' id='word_1_191' title='bbox 2867 1507 3198 1562; x_wconf 88' lang='lat' dir='ltr'><strong>medicorum</strong></span> <span class='ocrx_word' id='word_1_192' title='bbox 3256 1503 3718 1575; x_wconf 81' lang='lat' dir='ltr'><strong>experientissimi</strong></span> 
     </span>
    </p>
   </div>
   <div class='ocr_carea' id='block_1_31' title="bbox 2141 1597 3730 1675">
    <p class='ocr_par' dir='ltr' id='par_1_31' title="bbox 2141 1597 3730 1675">
     <span class='ocr_line' id='line_1_31' title="bbox 2141 1597 3730 1675; baseline -0.006 -16"><span class='ocrx_word' id='word_1_193' title='bbox 2141 1605 2552 1675; x_wconf 84' lang='lat' dir='ltr'><strong>diligentissime</strong></span> <span class='ocrx_word' id='word_1_194' title='bbox 2581 1601 2988 1668; x_wconf 87' lang='lat' dir='ltr'><strong>circumspectis</strong></span> <span class='ocrx_word' id='word_1_195' title='bbox 3023 1599 3336 1653; x_wconf 77' lang='lat' dir='ltr'><strong>morborum</strong></span> <span class='ocrx_word' id='word_1_196' title='bbox 3372 1597 3570 1660; x_wconf 84' lang='lat' dir='ltr'><strong>causis,</strong></span> <span class='ocrx_word' id='word_1_197' title='bbox 3623 1610 3730 1650; x_wconf 71' lang='lat' dir='ltr'><strong>eos</strong></span> 
     </span>
    </p>
   </div>
   <div class='ocr_carea' id='block_1_32' title="bbox 2136 1687 3728 1764">
    <p class='ocr_par' dir='ltr' id='par_1_32' title="bbox 2136 1687 3728 1764">
     <span class='ocr_line' id='line_1_32' title="bbox 2136 1687 3728 1764; baseline -0.008 -11"><span class='ocrx_word' id='word_1_198' title='bbox 2136 1699 2350 1754; x_wconf 81' lang='lat' dir='ltr'><strong>auxiliis</strong></span> <span class='ocrx_word' id='word_1_199' title='bbox 2412 1697 2481 1752; x_wconf 90' lang='lat' dir='ltr'><strong>ab</strong></span> <span class='ocrx_word' id='word_1_200' title='bbox 2519 1705 2637 1751; x_wconf 88' lang='lat' dir='ltr'><strong>arte</strong></span> <span class='ocrx_word' id='word_1_201' title='bbox 2689 1694 2870 1764; x_wconf 86' lang='lat' dir='ltr'><strong>petitis</strong></span> <span class='ocrx_word' id='word_1_202' title='bbox 2915 1692 3184 1761; x_wconf 87' lang='lat' dir='ltr'><strong>depellere</strong></span> <span class='ocrx_word' id='word_1_203' title='bbox 3224 1689 3586 1744; x_wconf 87' lang='lat' dir='ltr'><strong>contendunt:</strong></span> <span class='ocrx_word' id='word_1_204' title='bbox 3644 1687 3728 1740; x_wconf 68' lang='lat' dir='ltr'><strong>ita</strong></span> 
     </span>
    </p>
   </div>
   <div class='ocr_carea' id='block_1_33' title="bbox 453 1765 2027 1854">
    <p class='ocr_par' dir='ltr' id='par_1_33' title="bbox 453 1765 2027 1854">
     <span class='ocr_line' id='line_1_33' title="bbox 453 1765 2027 1854; baseline 0.017 -37"><span class='ocrx_word' id='word_1_205' title='bbox 453 1765 594 1820; x_wconf 82' lang='grc' dir='ltr'><strong>κατά</strong></span> <span class='ocrx_word' id='word_1_206' title='bbox 621 1768 713 1820; x_wconf 82' lang='grc' dir='ltr'><strong>τὸν</strong></span> <span class='ocrx_word' id='word_1_207' title='bbox 738 1771 920 1838; x_wconf 80' lang='grc' dir='ltr'>αὐτὸν,</span> <span class='ocrx_word' id='word_1_208' title='bbox 957 1771 1133 1844; x_wconf 79' lang='grc' dir='ltr'>οἶμαι,</span> <span class='ocrx_word' id='word_1_209' title='bbox 1157 1779 1358 1848; x_wconf 86' lang='grc' dir='ltr'>τρόπον</span> <span class='ocrx_word' id='word_1_210' title='bbox 1387 1783 1481 1835; x_wconf 75' lang='grc' dir='ltr'><strong>καὶ</strong></span> <span class='ocrx_word' id='word_1_211' title='bbox 1513 1783 1542 1834; x_wconf 86' lang='grc' dir='ltr'>ὁ</span> <span class='ocrx_word' id='word_1_212' title='bbox 1585 1785 1693 1838; x_wconf 82' lang='grc' dir='ltr'>τῶν</span> <span class='ocrx_word' id='word_1_213' title='bbox 1727 1787 1860 1840; x_wconf 82' lang='grc' dir='ltr'>ὅλων</span> <span class='ocrx_word' id='word_1_214' title='bbox 1899 1789 2027 1854; x_wconf 84' lang='grc' dir='ltr'>Θεὸς</span> 
     </span>
    </p>
   </div>
   <div class='ocr_carea' id='block_1_34' title="bbox 2129 1765 3717 1854">
    <p class='ocr_par' dir='ltr' id='par_1_34' title="bbox 2133 1779 3717 1852">
     <span class='ocr_line' id='line_1_34' title="bbox 2133 1779 3717 1852; baseline -0.008 -7"><span class='ocrx_word' id='word_1_215' title='bbox 2133 1805 2263 1846; x_wconf 87' lang='lat' dir='ltr'><strong>sane</strong></span> <span class='ocrx_word' id='word_1_216' title='bbox 2292 1789 2664 1844; x_wconf 88' lang='lat' dir='ltr'><strong>universorum</strong></span> <span class='ocrx_word' id='word_1_217' title='bbox 2724 1787 2888 1852; x_wconf 85' lang='lat' dir='ltr'><strong>Deus,</strong></span> <span class='ocrx_word' id='word_1_218' title='bbox 2923 1793 3160 1840; x_wconf 87' lang='lat' dir='ltr'><strong>mentem</strong></span> <span class='ocrx_word' id='word_1_219' title='bbox 3221 1791 3399 1836; x_wconf 87' lang='lat' dir='ltr'><strong>etcor</strong></span> <span class='ocrx_word' id='word_1_220' title='bbox 3460 1779 3717 1848; x_wconf 62' lang='lat' dir='ltr'><strong>introsiii-</strong></span> 
     </span>
    </p>
   </div>
   <div class='ocr_carea' id='block_1_35' title="bbox 448 1856 2028 1952">
    <p class='ocr_par' dir='ltr' id='par_1_35' title="bbox 448 1856 2028 1952">
     <span class='ocr_line' id='line_1_35' title="bbox 448 1856 2028 1952; baseline 0.017 -45"><span class='ocrx_word' id='word_1_221' title='bbox 448 1857 528 1919; x_wconf 87' lang='grc' dir='ltr'>εἰς</span> <span class='ocrx_word' id='word_1_222' title='bbox 565 1856 688 1911; x_wconf 82' lang='grc' dir='ltr'>νοῦν</span> <span class='ocrx_word' id='word_1_223' title='bbox 738 1860 866 1930; x_wconf 75' lang='grc' dir='ltr'>ἔσω,</span> <span class='ocrx_word' id='word_1_224' title='bbox 921 1866 1014 1918; x_wconf 77' lang='grc' dir='ltr'><strong>καὶ</strong></span> <span class='ocrx_word' id='word_1_225' title='bbox 1071 1869 1300 1939; x_wconf 83' lang='grc' dir='ltr'>καρδίαν</span> <span class='ocrx_word' id='word_1_226' title='bbox 1325 1872 1486 1943; x_wconf 83' lang='grc' dir='ltr'>δρῶν,</span> <span class='ocrx_word' id='word_1_227' title='bbox 1525 1875 1622 1940; x_wconf 75' lang='grc' dir='ltr'><strong>τὰς</strong></span> <span class='ocrx_word' id='word_1_228' title='bbox 1669 1877 1778 1930; x_wconf 83' lang='grc' dir='ltr'><strong>τῶν</strong></span> <span class='ocrx_word' id='word_1_229' title='bbox 1807 1880 1864 1934; x_wconf 82' lang='grc' dir='ltr'><strong>ἐν</strong></span> <span class='ocrx_word' id='word_1_230' title='bbox 1899 1883 2028 1952; x_wconf 80' lang='grc' dir='ltr'>ἡμῖν</span> 
     </span>
    </p>
   </div>
   <div class='ocr_carea' id='block_1_36' title="bbox 449 1948 2030 2038">
    <p class='ocr_par' dir='ltr' id='par_1_36' title="bbox 449 1948 2030 2038">
     <span class='ocr_line' id='line_1_36' title="bbox 449 1948 2030 2038; baseline 0.017 -38"><span class='ocrx_word' id='word_1_231' title='bbox 449 1948 640 2004; x_wconf 79' lang='grc' dir='ltr'>παθῶν</span> <span class='ocrx_word' id='word_1_232' title='bbox 686 1954 866 2018; x_wconf 83' lang='grc' dir='ltr'>αἰτίας</span> <span class='ocrx_word' id='word_1_233' title='bbox 915 1960 1357 2030; x_wconf 75' lang='grc' dir='ltr'>περιεργάζεται,</span> <span class='ocrx_word' id='word_1_234' title='bbox 1401 1964 1545 2019; x_wconf 73' lang='grc' dir='ltr'>οὕτω</span> <span class='ocrx_word' id='word_1_235' title='bbox 1587 1986 1642 2021; x_wconf 88' lang='grc' dir='ltr'><strong>τε</strong></span> <span class='ocrx_word' id='word_1_236' title='bbox 1691 1969 1878 2025; x_wconf 73' lang='grc' dir='ltr'>λοιπὸν</span> <span class='ocrx_word' id='word_1_237' title='bbox 1919 1948 2030 2038; x_wconf 75' lang='grc' dir='ltr'>τοῖς</span> 
     </span>
    </p>
   </div>
   <div class='ocr_carea' id='block_1_37' title="bbox 449 2041 2030 2142">
    <p class='ocr_par' dir='ltr' id='par_1_37' title="bbox 449 2041 2030 2142">
     <span class='ocr_line' id='line_1_37' title="bbox 449 2041 2030 2142; baseline 0.016 -49"><span class='ocrx_word' id='word_1_238' title='bbox 449 2041 746 2142; x_wconf 65' lang='grc' dir='ltr'>καθήκουσι</span> <span class='ocrx_word' id='word_1_239' title='bbox 781 2049 1120 2118; x_wconf 82' lang='grc' dir='ltr'>περιστέλλει</span> <span class='ocrx_word' id='word_1_240' title='bbox 1147 2057 1461 2126; x_wconf 87' lang='grc' dir='ltr'>φαρμάκοις</span> <span class='ocrx_word' id='word_1_241' title='bbox 1483 2059 1574 2112; x_wconf 78' lang='grc' dir='ltr'>τὸν</span> <span class='ocrx_word' id='word_1_242' title='bbox 1597 2061 2030 2134; x_wconf 70' lang='grc' dir='ltr'>ἀῤῥωστήσαντα</span> 
     </span>
    </p>
   </div>
   <div class='ocr_carea' id='block_1_38' title="bbox 445 2136 2031 2228">
    <p class='ocr_par' dir='ltr' id='par_1_38' title="bbox 445 2136 2031 2228">
     <span class='ocr_line' id='line_1_38' title="bbox 445 2136 2031 2228; baseline 0.016 -45"><span class='ocrx_word' id='word_1_243' title='bbox 445 2148 594 2228; x_wconf 72' lang='grc' dir='ltr'>νουν.</span> <span class='ocrx_word' id='word_1_244' title='bbox 629 2136 876 2228; x_wconf 75' lang='grc' dir='ltr'>ᾼίτιᾶται</span> <span class='ocrx_word' id='word_1_245' title='bbox 924 2141 1104 2194; x_wconf 84' lang='grc' dir='ltr'>τοίνυν</span> <span class='ocrx_word' id='word_1_246' title='bbox 1135 2145 1261 2207; x_wconf 82' lang='grc' dir='ltr'>τοὺς</span> <span class='ocrx_word' id='word_1_247' title='bbox 1303 2145 1362 2212; x_wconf 81' lang='grc' dir='ltr'>ἐξ</span> <span class='ocrx_word' id='word_1_248' title='bbox 1423 2148 1659 2220; x_wconf 79' lang='grc' dir='ltr'>Ἰσραὴλ,</span> <span class='ocrx_word' id='word_1_249' title='bbox 1704 2151 1779 2216; x_wconf 84' lang='grc' dir='ltr'>ὡς</span> <span class='ocrx_word' id='word_1_250' title='bbox 1825 2155 1888 2208; x_wconf 86' lang='grc' dir='ltr'><strong>ἐκ</strong></span> <span class='ocrx_word' id='word_1_251' title='bbox 1929 2157 2031 2228; x_wconf 76' lang='grc' dir='ltr'><strong>τῆς</strong></span> 
     </span>
    </p>
   </div>
   <div class='ocr_carea' id='block_1_39' title="bbox 446 2225 2029 2311">
    <p class='ocr_par' dir='ltr' id='par_1_39' title="bbox 446 2225 2029 2311">
     <span class='ocr_line' id='line_1_39' title="bbox 446 2225 2029 2311; baseline 0.015 -35"><span class='ocrx_word' id='word_1_252' title='bbox 446 2225 588 2292; x_wconf 83' lang='grc' dir='ltr'>ἄγαν</span> <span class='ocrx_word' id='word_1_253' title='bbox 617 2227 919 2298; x_wconf 80' lang='grc' dir='ltr'>εὐημερίας</span> <span class='ocrx_word' id='word_1_254' title='bbox 943 2232 1077 2304; x_wconf 81' lang='grc' dir='ltr'>πρὸς</span> <span class='ocrx_word' id='word_1_255' title='bbox 1110 2232 1702 2311; x_wconf 81' lang='grc' dir='ltr'>λήθην-ἐνηνεγμένους</span> <span class='ocrx_word' id='word_1_256' title='bbox 1727 2245 1822 2298; x_wconf 92' lang='grc' dir='ltr'><strong>τοῦ</strong></span> <span class='ocrx_word' id='word_1_257' title='bbox 1853 2225 2029 2300; x_wconf 74' lang='grc' dir='ltr'>πάντα</span> 
     </span>
    </p>
   </div>
   <div class='ocr_carea' id='block_1_40' title="bbox 445 2315 2028 2421">
    <p class='ocr_par' dir='ltr' id='par_1_40' title="bbox 445 2315 2028 2421">
     <span class='ocr_line' id='line_1_40' title="bbox 445 2315 2028 2421; baseline 0.016 -55"><span class='ocrx_word' id='word_1_258' title='bbox 445 2315 628 2421; x_wconf 70' lang='grc' dir='ltr'>αὐτοῖς</span> <span class='ocrx_word' id='word_1_259' title='bbox 659 2321 1016 2390; x_wconf 78' lang='grc' dir='ltr'>χορηγοῦντος</span> <span class='ocrx_word' id='word_1_260' title='bbox 1045 2325 1115 2377; x_wconf 81' lang='grc' dir='ltr'><strong>τά</strong></span> <span class='ocrx_word' id='word_1_261' title='bbox 1154 2324 1378 2399; x_wconf 80' lang='grc' dir='ltr'>ζωαρκῆ</span> <span class='ocrx_word' id='word_1_262' title='bbox 1403 2346 1417 2359; x_wconf 71' lang='grc'>⁸</span> <span class='ocrx_word' id='word_1_263' title='bbox 1464 2333 1560 2384; x_wconf 74' lang='grc' dir='ltr'><strong>καὶ</strong></span> <span class='ocrx_word' id='word_1_264' title='bbox 1605 2333 1675 2387; x_wconf 72' lang='grc' dir='ltr'><strong>τά</strong></span> <span class='ocrx_word' id='word_1_265' title='bbox 1717 2334 1928 2408; x_wconf 83' lang='grc' dir='ltr'>ὅσαπερ</span> <span class='ocrx_word' id='word_1_266' title='bbox 1959 2338 2028 2392; x_wconf 83' lang='grc' dir='ltr'><strong>ἂν</strong></span> 
     </span>
    </p>
   </div>
   <div class='ocr_carea' id='block_1_41' title="bbox 445 2411 2029 2496">
    <p class='ocr_par' dir='ltr' id='par_1_41' title="bbox 445 2411 2029 2496">
     <span class='ocr_line' id='line_1_41' title="bbox 445 2411 2029 2496; baseline 0.014 -40"><span class='ocrx_word' id='word_1_267' title='bbox 445 2411 718 2496; x_wconf 79' lang='grc' dir='ltr'>φαίνοιντο</span> <span class='ocrx_word' id='word_1_268' title='bbox 742 2411 1222 2484; x_wconf 82' lang='grc' dir='ltr'>καταλαμπρύνειν</span> <span class='ocrx_word' id='word_1_269' title='bbox 1262 2417 1456 2470; x_wconf 84' lang='grc' dir='ltr'>εἰδότα·</span> <span class='ocrx_word' id='word_1_270' title='bbox 1488 2419 2029 2496; x_wconf 87' lang='grc' dir='ltr'>καίτοιπροηγορευ-</span> 
     </span>
    </p>
   </div>
   <div class='ocr_carea' id='block_1_42' title="bbox 444 2495 2029 2584">
    <p class='ocr_par' dir='ltr' id='par_1_42' title="bbox 444 2495 2029 2584">
     <span class='ocr_line' id='line_1_42' title="bbox 444 2495 2029 2584; baseline 0.012 -37"><span class='ocrx_word' id='word_1_271' title='bbox 444 2495 601 2560; x_wconf 84' lang='grc' dir='ltr'>κότος</span> <span class='ocrx_word' id='word_1_272' title='bbox 625 2498 718 2552; x_wconf 90' lang='grc' dir='ltr'><strong>τοῦ</strong></span> <span class='ocrx_word' id='word_1_273' title='bbox 759 2501 924 2570; x_wconf 88' lang='grc' dir='ltr'>νόμου</span> <span class='ocrx_word' id='word_1_274' title='bbox 968 2504 1179 2572; x_wconf 80' lang='grc' dir='ltr'>σαφῶς·</span> <span class='ocrx_word' id='word_1_275' title='bbox 1212 2525 1230 2556; x_wconf 78' lang='grc' dir='ltr'><strong>ι</strong></span> <span class='ocrx_word' id='word_1_276' title='bbox 1279 2507 1521 2579; x_wconf 87' lang='grc' dir='ltr'>Πρόσεχε</span> <span class='ocrx_word' id='word_1_277' title='bbox 1549 2512 1780 2582; x_wconf 83' lang='grc' dir='ltr'>σεαυτῷ,</span> <span class='ocrx_word' id='word_1_278' title='bbox 1815 2513 1889 2584; x_wconf 89' lang='grc' dir='ltr'><strong>μὴ</strong></span> <span class='ocrx_word' id='word_1_279' title='bbox 1909 2495 2029 2568; x_wconf 81' lang='grc' dir='ltr'>ἐπι-</span> 
     </span>
    </p>
   </div>
   <div class='ocr_carea' id='block_1_43' title="bbox 442 2586 2030 2669">
    <p class='ocr_par' dir='ltr' id='par_1_43' title="bbox 442 2586 2030 2669">
     <span class='ocr_line' id='line_1_43' title="bbox 442 2586 2030 2669; baseline 0.011 -29"><span class='ocrx_word' id='word_1_280' title='bbox 442 2586 581 2660; x_wconf 83' lang='grc' dir='ltr'>λάθῃ</span> <span class='ocrx_word' id='word_1_281' title='bbox 617 2590 826 2664; x_wconf 85' lang='grc' dir='ltr'>Κυρίου</span> <span class='ocrx_word' id='word_1_282' title='bbox 852 2593 947 2645; x_wconf 87' lang='grc' dir='ltr'><strong>τοῦ</strong></span> <span class='ocrx_word' id='word_1_283' title='bbox 978 2594 1113 2648; x_wconf 86' lang='grc' dir='ltr'>Θεοῦ</span> <span class='ocrx_word' id='word_1_284' title='bbox 1154 2613 1270 2660; x_wconf 90' lang='grc' dir='ltr'>σου,</span> <span class='ocrx_word' id='word_1_285' title='bbox 1298 2596 1391 2650; x_wconf 92' lang='grc' dir='ltr'><strong>τοῦ</strong></span> <span class='ocrx_word' id='word_1_286' title='bbox 1422 2599 1498 2669; x_wconf 85' lang='grc' dir='ltr'><strong>μὴ</strong></span> <span class='ocrx_word' id='word_1_287' title='bbox 1538 2599 1769 2668; x_wconf 81' lang='grc' dir='ltr'>φυλάξαι</span> <span class='ocrx_word' id='word_1_288' title='bbox 1807 2603 1905 2666; x_wconf 86' lang='grc' dir='ltr'><strong>τὰς</strong></span> <span class='ocrx_word' id='word_1_289' title='bbox 1943 2606 2030 2656; x_wconf 85' lang='grc' dir='ltr'>ἐν-</span> 
     </span>
    </p>
   </div>
   <div class='ocr_carea' id='block_1_44' title="bbox 441 2679 2027 2764">
    <p class='ocr_par' dir='ltr' id='par_1_44' title="bbox 441 2679 2027 2764">
     <span class='ocr_line' id='line_1_44' title="bbox 441 2679 2027 2764; baseline 0.012 -34"><span class='ocrx_word' id='word_1_290' title='bbox 441 2679 602 2743; x_wconf 87' lang='grc' dir='ltr'>τολάς</span> <span class='ocrx_word' id='word_1_291' title='bbox 646 2682 837 2746; x_wconf 87' lang='grc' dir='ltr'>αὐτοῦ,</span> <span class='ocrx_word' id='word_1_292' title='bbox 880 2685 974 2737; x_wconf 74' lang='grc' dir='ltr'><strong>καὶ</strong></span> <span class='ocrx_word' id='word_1_293' title='bbox 1025 2685 1094 2738; x_wconf 76' lang='grc' dir='ltr'>τὰ</span> <span class='ocrx_word' id='word_1_294' title='bbox 1129 2688 1394 2758; x_wconf 84' lang='grc' dir='ltr'>κρίματα,</span> <span class='ocrx_word' id='word_1_295' title='bbox 1443 2689 1537 2742; x_wconf 72' lang='grc' dir='ltr'>καὶ</span> <span class='ocrx_word' id='word_1_296' title='bbox 1574 2690 1641 2744; x_wconf 77' lang='grc' dir='ltr'>τὰ</span> <span class='ocrx_word' id='word_1_297' title='bbox 1685 2692 2027 2764; x_wconf 78' lang='grc' dir='ltr'>δικαιώματα</span> 
     </span>
    </p>
   </div>
   <div class='ocr_carea' id='block_1_45' title="bbox 444 2770 2024 2855">
    <p class='ocr_par' dir='ltr' id='par_1_45' title="bbox 444 2770 2024 2855">
     <span class='ocr_line' id='line_1_45' title="bbox 444 2770 2024 2855; baseline 0.012 -34"><span class='ocrx_word' id='word_1_298' title='bbox 444 2770 630 2834; x_wconf 87' lang='grc' dir='ltr'>αὐτοῦ,</span> <span class='ocrx_word' id='word_1_299' title='bbox 659 2773 758 2825; x_wconf 78' lang='grc' dir='ltr'>ὅσα</span> <span class='ocrx_word' id='word_1_300' title='bbox 788 2773 898 2842; x_wconf 88' lang='grc' dir='ltr'>ἐγὼ</span> <span class='ocrx_word' id='word_1_301' title='bbox 933 2776 1246 2848; x_wconf 83' lang='grc' dir='ltr'>ἐντέλλομαί</span> <span class='ocrx_word' id='word_1_302' title='bbox 1272 2797 1355 2832; x_wconf 82' lang='grc' dir='ltr'><strong>σοι</strong></span> <span class='ocrx_word' id='word_1_303' title='bbox 1390 2781 1654 2853; x_wconf 84' lang='grc' dir='ltr'>σήμερον.</span> <span class='ocrx_word' id='word_1_304' title='bbox 1685 2783 1776 2855; x_wconf 84' lang='grc' dir='ltr'>Μὴ</span> <span class='ocrx_word' id='word_1_305' title='bbox 1813 2786 2024 2855; x_wconf 87' lang='grc' dir='ltr'>φαγὼν,</span> 
     </span>
    </p>
   </div>
   <div class='ocr_carea' id='block_1_46' title="bbox 442 2861 2026 2946">
    <p class='ocr_par' dir='ltr' id='par_1_46' title="bbox 442 2861 2026 2946">
     <span class='ocr_line' id='line_1_46' title="bbox 442 2861 2026 2946; baseline 0.011 -31"><span class='ocrx_word' id='word_1_306' title='bbox 442 2861 536 2916; x_wconf 67' lang='grc' dir='ltr'><strong>καὶ¹</strong></span> <span class='ocrx_word' id='word_1_307' title='bbox 563 2863 914 2936; x_wconf 78' lang='grc' dir='ltr'>ἐμπλησθεὶς,</span> <span class='ocrx_word' id='word_1_308' title='bbox 945 2869 1039 2921; x_wconf 78' lang='grc' dir='ltr'><strong>καὶ</strong></span> <span class='ocrx_word' id='word_1_309' title='bbox 1080 2869 1257 2934; x_wconf 85' lang='grc' dir='ltr'>οἰκίας</span> <span class='ocrx_word' id='word_1_310' title='bbox 1300 2871 1469 2936; x_wconf 74' lang='grc' dir='ltr'>καλάς</span> <span class='ocrx_word' id='word_1_311' title='bbox 1511 2875 1893 2946; x_wconf 81' lang='grc' dir='ltr'>οίκοδομήσας,</span> <span class='ocrx_word' id='word_1_312' title='bbox 1931 2880 2026 2932; x_wconf 72' lang='grc' dir='ltr'><strong>καὶ</strong></span> 
     </span>
    </p>
   </div>
   <div class='ocr_carea' id='block_1_47' title="bbox 442 2957 2028 3042">
    <p class='ocr_par' dir='ltr' id='par_1_47' title="bbox 442 2957 2028 3036">
     <span class='ocr_line' id='line_1_47' title="bbox 442 2957 2028 3036; baseline 0.01 -29"><span class='ocrx_word' id='word_1_313' title='bbox 442 2957 779 3027; x_wconf 78' lang='grc' dir='ltr'>κατοικήσας</span> <span class='ocrx_word' id='word_1_314' title='bbox 811 2959 869 3010; x_wconf 81' lang='grc' dir='ltr'><strong>ἐν</strong></span> <span class='ocrx_word' id='word_1_315' title='bbox 908 2959 1119 3026; x_wconf 84' lang='grc' dir='ltr'>αὐταῖς,</span> <span class='ocrx_word' id='word_1_316' title='bbox 1155 2962 1384 3018; x_wconf 79' lang='grc' dir='ltr'>καὶτῶν</span> <span class='ocrx_word' id='word_1_317' title='bbox 1435 2966 1723 3036; x_wconf 78' lang='grc' dir='ltr'>προϐάτων</span> <span class='ocrx_word' id='word_1_318' title='bbox 1768 2985 1882 3032; x_wconf 88' lang='grc' dir='ltr'>σου,</span> <span class='ocrx_word' id='word_1_319' title='bbox 1931 2971 2028 3023; x_wconf 79' lang='grc' dir='ltr'><strong>καὶ</strong></span> 
     </span>
    </p>
   </div>
   <div class='ocr_carea' id='block_1_48' title="bbox 439 3048 2024 3131">
    <p class='ocr_par' dir='ltr' id='par_1_48' title="bbox 439 3048 2024 3131">
     <span class='ocr_line' id='line_1_48' title="bbox 439 3048 2024 3131; baseline 0.01 -31"><span class='ocrx_word' id='word_1_320' title='bbox 439 3049 552 3100; x_wconf 87' lang='grc' dir='ltr'><strong>τῶν</strong></span> <span class='ocrx_word' id='word_1_321' title='bbox 591 3048 738 3118; x_wconf 79' lang='grc' dir='ltr'>βοῶν</span> <span class='ocrx_word' id='word_1_322' title='bbox 789 3067 883 3103; x_wconf 90' lang='grc' dir='ltr'><strong>σου</strong></span> <span class='ocrx_word' id='word_1_323' title='bbox 935 3052 1352 3124; x_wconf 81' lang='grc' dir='ltr'>πληθυνθὲντων</span> <span class='ocrx_word' id='word_1_324' title='bbox 1417 3075 1536 3124; x_wconf 90' lang='grc' dir='ltr'>σοι,</span> <span class='ocrx_word' id='word_1_325' title='bbox 1584 3059 1877 3131; x_wconf 84' lang='grc' dir='ltr'>ἀργυρίου,</span> <span class='ocrx_word' id='word_1_326' title='bbox 1931 3063 2024 3116; x_wconf 84' lang='grc' dir='ltr'><strong>καὶ</strong></span> 
     </span>
    </p>
   </div>
   <div class='ocr_carea' id='block_1_49' title="bbox 2133 1883 3718 1948">
    <p class='ocr_par' dir='ltr' id='par_1_49' title="bbox 2133 1883 3718 1948">
     <span class='ocr_line' id='line_1_49' title="bbox 2133 1883 3718 1948; baseline -0.006 -8"><span class='ocrx_word' id='word_1_327' title='bbox 2133 1885 2302 1948; x_wconf 88' lang='lat' dir='ltr'><strong>ciens,</strong></span> <span class='ocrx_word' id='word_1_328' title='bbox 2326 1899 2518 1939; x_wconf 87' lang='lat' dir='ltr'><strong>causas</strong></span> <span class='ocrx_word' id='word_1_329' title='bbox 2548 1883 2858 1937; x_wconf 87' lang='lat' dir='ltr'><strong>morborum</strong></span> <span class='ocrx_word' id='word_1_330' title='bbox 2891 1889 3200 1936; x_wconf 87' lang='lat' dir='ltr'><strong>nostrorqu</strong></span> <span class='ocrx_word' id='word_1_331' title='bbox 3251 1887 3641 1948; x_wconf 84' lang='lat' dir='ltr'><strong>perscrutatur,</strong></span> <span class='ocrx_word' id='word_1_332' title='bbox 3661 1886 3718 1930; x_wconf 84' lang='lat' dir='ltr'><strong>et</strong></span> 
     </span>
    </p>
   </div>
   <div class='ocr_carea' id='block_1_50' title="bbox 2133 1969 3716 2047">
    <p class='ocr_par' dir='ltr' id='par_1_50' title="bbox 2133 1969 3716 2047">
     <span class='ocr_line' id='line_1_50' title="bbox 2133 1969 3716 2047; baseline -0.007 -16"><span class='ocrx_word' id='word_1_333' title='bbox 2133 1978 2208 2031; x_wconf 89' lang='lat' dir='ltr'><strong>ita</strong></span> <span class='ocrx_word' id='word_1_334' title='bbox 2265 1977 2476 2032; x_wconf 89' lang='lat' dir='ltr'><strong>demum</strong></span> <span class='ocrx_word' id='word_1_335' title='bbox 2517 1983 2776 2047; x_wconf 62' lang='lat' dir='ltr'><strong>aegrotum</strong></span> <span class='ocrx_word' id='word_1_336' title='bbox 2832 1974 3070 2027; x_wconf 80' lang='lat' dir='ltr'><strong>animum</strong></span> <span class='ocrx_word' id='word_1_337' title='bbox 3127 1969 3536 2026; x_wconf 88' lang='lat' dir='ltr'><strong>medicamentis</strong></span> <span class='ocrx_word' id='word_1_338' title='bbox 3585 1983 3716 2021; x_wconf 67' lang='grc' dir='ltr'>(ξοην</span> 
     </span>
    </p>
   </div>
   <div class='ocr_carea' id='block_1_51' title="bbox 2138 2060 3716 2138">
    <p class='ocr_par' dir='ltr' id='par_1_51' title="bbox 2138 2060 3716 2138">
     <span class='ocr_line' id='line_1_51' title="bbox 2138 2060 3716 2138; baseline -0.005 -16"><span class='ocrx_word' id='word_1_339' title='bbox 2138 2069 2482 2125; x_wconf 91' lang='lat' dir='ltr'><strong>venientibus</strong></span> <span class='ocrx_word' id='word_1_340' title='bbox 2546 2067 2823 2138; x_wconf 90' lang='lat' dir='ltr'><strong>componit</strong></span> <span class='ocrx_word' id='word_1_341' title='bbox 2909 2081 2974 2119; x_wconf 91' lang='lat' dir='ltr'><strong>ac</strong></span> <span class='ocrx_word' id='word_1_342' title='bbox 3025 2072 3201 2119; x_wconf 84' lang='lat' dir='ltr'><strong>sanat.</strong></span> <span class='ocrx_word' id='word_1_343' title='bbox 3256 2061 3496 2132; x_wconf 81' lang='lat' dir='ltr'><strong>Castigat</strong></span> <span class='ocrx_word' id='word_1_344' title='bbox 3551 2060 3716 2130; x_wconf 82' lang='lat' dir='ltr'><strong>igitur</strong></span> 
     </span>
    </p>
   </div>
   <div class='ocr_carea' id='block_1_52' title="bbox 2131 2153 3725 2230">
    <p class='ocr_par' dir='ltr' id='par_1_52' title="bbox 2131 2153 3725 2230">
     <span class='ocr_line' id='line_1_52' title="bbox 2131 2153 3725 2230; baseline -0.007 -15"><span class='ocrx_word' id='word_1_345' title='bbox 2131 2161 2424 2226; x_wconf 85' lang='lat' dir='ltr'><strong>lsraelitas,</strong></span> <span class='ocrx_word' id='word_1_346' title='bbox 2464 2160 2556 2230; x_wconf 88' lang='lat' dir='ltr'><strong>qui</strong></span> <span class='ocrx_word' id='word_1_347' title='bbox 2578 2176 2645 2214; x_wconf 82' lang='lat' dir='ltr'><strong>ex</strong></span> <span class='ocrx_word' id='word_1_348' title='bbox 2672 2159 2830 2213; x_wconf 87' lang='lat' dir='ltr'><strong>rebus</strong></span> <span class='ocrx_word' id='word_1_349' title='bbox 2853 2157 3140 2210; x_wconf 88' lang='lat' dir='ltr'><strong>admodum</strong></span> <span class='ocrx_word' id='word_1_350' title='bbox 3173 2153 3489 2209; x_wconf 83' lang='lat' dir='ltr'><strong>ﬂorentibus</strong></span> <span class='ocrx_word' id='word_1_351' title='bbox 3539 2161 3594 2207; x_wconf 87' lang='lat' dir='ltr'><strong>et</strong></span> <span class='ocrx_word' id='word_1_352' title='bbox 3626 2165 3725 2206; x_wconf 84' lang='lat' dir='ltr'><strong>se--</strong></span> 
     </span>
    </p>
   </div>
   <div class='ocr_carea' id='block_1_53' title="bbox 2131 2243 3724 2322">
    <p class='ocr_par' dir='ltr' id='par_1_53' title="bbox 2131 2243 3724 2322">
     <span class='ocr_line' id='line_1_53' title="bbox 2131 2243 3724 2322; baseline -0.007 -15"><span class='ocrx_word' id='word_1_353' title='bbox 2131 2253 2322 2307; x_wconf 87' lang='lat' dir='ltr'><strong>cumlis</strong></span> <span class='ocrx_word' id='word_1_354' title='bbox 2341 2253 2520 2306; x_wconf 89' lang='lat' dir='ltr'><strong>omnia</strong></span> <span class='ocrx_word' id='word_1_355' title='bbox 2554 2251 2685 2322; x_wconf 90' lang='lat' dir='ltr'><strong>ipsis</strong></span> <span class='ocrx_word' id='word_1_356' title='bbox 2727 2250 2850 2303; x_wconf 67' lang='lat' dir='ltr'><strong>vita:</strong></span> <span class='ocrx_word' id='word_1_357' title='bbox 2899 2247 3144 2316; x_wconf 70' lang='lat' dir='ltr'><strong>praesidia</strong></span> <span class='ocrx_word' id='word_1_358' title='bbox 3193 2243 3607 2313; x_wconf 69' lang='lat' dir='ltr'><strong>suppeilitantis,</strong></span> <span class='ocrx_word' id='word_1_359' title='bbox 3659 2251 3724 2296; x_wconf 74' lang='lat' dir='ltr'><strong>et-</strong></span> 
     </span>
    </p>
   </div>
   <div class='ocr_carea' id='block_1_54' title="bbox 2130 2333 3725 2414">
    <p class='ocr_par' dir='ltr' id='par_1_54' title="bbox 2130 2333 3725 2414">
     <span class='ocr_line' id='line_1_54' title="bbox 2130 2333 3725 2414; baseline -0.005 -18"><span class='ocrx_word' id='word_1_360' title='bbox 2130 2344 2541 2414; x_wconf 89' lang='lat' dir='ltr'><strong>quibuscunque</strong></span> <span class='ocrx_word' id='word_1_361' title='bbox 2571 2341 2879 2410; x_wconf 88' lang='lat' dir='ltr'><strong>conspicuis</strong></span> <span class='ocrx_word' id='word_1_362' title='bbox 2906 2339 3080 2394; x_wconf 88' lang='lat' dir='ltr'><strong>lucem</strong></span> <span class='ocrx_word' id='word_1_363' title='bbox 3123 2352 3278 2392; x_wconf 89' lang='lat' dir='ltr'><strong>suam</strong></span> <span class='ocrx_word' id='word_1_364' title='bbox 3313 2337 3444 2390; x_wconf 86' lang='lat' dir='ltr'><strong>dare</strong></span> <span class='ocrx_word' id='word_1_365' title='bbox 3490 2333 3725 2389; x_wconf 62' lang='lat' dir='ltr'><strong>scientia</strong></span> 
     </span>
    </p>
   </div>
   <div class='ocr_carea' id='block_1_55' title="bbox 2128 2425 3713 2504">
    <p class='ocr_par' dir='ltr' id='par_1_55' title="bbox 2128 2425 3713 2504">
     <span class='ocr_line' id='line_1_55' title="bbox 2128 2425 3713 2504; baseline -0.009 -13"><span class='ocrx_word' id='word_1_366' title='bbox 2128 2436 2279 2491; x_wconf 88' lang='lat' dir='ltr'><strong>obliti</strong></span> <span class='ocrx_word' id='word_1_367' title='bbox 2318 2435 2450 2500; x_wconf 87' lang='lat' dir='ltr'><strong>sint,</strong></span> <span class='ocrx_word' id='word_1_368' title='bbox 2497 2448 2808 2504; x_wconf 86' lang='lat' dir='ltr'><strong>quanquam</strong></span> <span class='ocrx_word' id='word_1_369' title='bbox 2851 2431 3013 2487; x_wconf 85' lang='lat' dir='ltr'><strong>claris</strong></span> <span class='ocrx_word' id='word_1_370' title='bbox 3044 2429 3222 2485; x_wconf 87' lang='lat' dir='ltr'><strong>verbis</strong></span> <span class='ocrx_word' id='word_1_371' title='bbox 3243 2428 3328 2482; x_wconf 78' lang='lat' dir='ltr'><strong>lex</strong></span> <span class='ocrx_word' id='word_1_372' title='bbox 3351 2441 3446 2482; x_wconf 88' lang='lat' dir='ltr'><strong>eos</strong></span> <span class='ocrx_word' id='word_1_373' title='bbox 3467 2425 3539 2481; x_wconf 84' lang='lat' dir='ltr'><strong>ita</strong></span> <span class='ocrx_word' id='word_1_374' title='bbox 3573 2439 3713 2494; x_wconf 63' lang='lat' dir='ltr'><strong>pra-</strong></span> 
     </span>
    </p>
   </div>
   <div class='ocr_carea' id='block_1_56' title="bbox 2129 2505 3724 2587">
    <p class='ocr_par' dir='ltr' id='par_1_56' title="bbox 2129 2505 3724 2587">
     <span class='ocr_line' id='line_1_56' title="bbox 2129 2505 3724 2587; baseline -0.008 -7"><span class='ocrx_word' id='word_1_375' title='bbox 2129 2526 2441 2582; x_wconf 87' lang='lat' dir='ltr'><strong>monuerit:</strong></span> <span class='ocrx_word' id='word_1_376' title='bbox 2487 2543 2506 2577; x_wconf 76' lang='grc' dir='ltr'><strong>ι</strong></span> <span class='ocrx_word' id='word_1_377' title='bbox 2531 2525 2671 2579; x_wconf 78' lang='lat' dir='ltr'><strong>Cave</strong></span> <span class='ocrx_word' id='word_1_378' title='bbox 2704 2523 2820 2587; x_wconf 88' lang='lat' dir='ltr'><strong>tibi,</strong></span> <span class='ocrx_word' id='word_1_379' title='bbox 2847 2536 2914 2576; x_wconf 90' lang='lat' dir='ltr'><strong>ne</strong></span> <span class='ocrx_word' id='word_1_380' title='bbox 2960 2505 3298 2576; x_wconf 82' lang='lat' dir='ltr'><strong>obliviscaris</strong></span> <span class='ocrx_word' id='word_1_381' title='bbox 3359 2515 3568 2572; x_wconf 90' lang='lat' dir='ltr'><strong>Domini</strong></span> <span class='ocrx_word' id='word_1_382' title='bbox 3618 2512 3724 2568; x_wconf 39' lang='lat' dir='ltr'><strong>Dei.</strong></span> 
     </span>
    </p>
   </div>
   <div class='ocr_carea' id='block_1_57' title="bbox 2129 2605 3720 2683">
    <p class='ocr_par' dir='ltr' id='par_1_57' title="bbox 2129 2605 3720 2683">
     <span class='ocr_line' id='line_1_57' title="bbox 2129 2605 3720 2683; baseline -0.008 -11"><span class='ocrx_word' id='word_1_383' title='bbox 2129 2619 2227 2683; x_wconf 91' lang='lat' dir='ltr'><strong>tui,</strong></span> <span class='ocrx_word' id='word_1_384' title='bbox 2265 2627 2323 2670; x_wconf 90' lang='lat' dir='ltr'><strong>ut</strong></span> <span class='ocrx_word' id='word_1_385' title='bbox 2358 2630 2465 2671; x_wconf 91' lang='lat' dir='ltr'><strong>non</strong></span> <span class='ocrx_word' id='word_1_386' title='bbox 2486 2615 2762 2670; x_wconf 85' lang='lat' dir='ltr'><strong>custodias</strong></span> <span class='ocrx_word' id='word_1_387' title='bbox 2789 2613 3039 2668; x_wconf 89' lang='lat' dir='ltr'><strong>mandata</strong></span> <span class='ocrx_word' id='word_1_388' title='bbox 3077 2610 3215 2681; x_wconf 81' lang='lat' dir='ltr'><strong>ejus,</strong></span> <span class='ocrx_word' id='word_1_389' title='bbox 3254 2619 3309 2663; x_wconf 93' lang='lat' dir='ltr'><strong>et</strong></span> <span class='ocrx_word' id='word_1_390' title='bbox 3341 2607 3540 2679; x_wconf 87' lang='lat' dir='ltr'><strong>judicia</strong></span> <span class='ocrx_word' id='word_1_391' title='bbox 3570 2605 3720 2676; x_wconf 71' lang='lat' dir='ltr'><strong>ejus,</strong></span> 
     </span>
    </p>
   </div>
   <div class='ocr_carea' id='block_1_58' title="bbox 2127 2694 3719 2776">
    <p class='ocr_par' dir='ltr' id='par_1_58' title="bbox 2127 2694 3719 2776">
     <span class='ocr_line' id='line_1_58' title="bbox 2127 2694 3719 2776; baseline -0.009 -14"><span class='ocrx_word' id='word_1_392' title='bbox 2127 2718 2180 2762; x_wconf 90' lang='lat' dir='ltr'><strong>et</strong></span> <span class='ocrx_word' id='word_1_393' title='bbox 2203 2706 2618 2776; x_wconf 70' lang='lat' dir='ltr'><strong>iustiﬁcationes</strong></span> <span class='ocrx_word' id='word_1_394' title='bbox 2647 2703 2783 2774; x_wconf 87' lang='lat' dir='ltr'><strong>ejus,</strong></span> <span class='ocrx_word' id='word_1_395' title='bbox 2818 2717 3154 2772; x_wconf 84' lang='lat' dir='ltr'><strong>quaecunque</strong></span> <span class='ocrx_word' id='word_1_396' title='bbox 3173 2715 3273 2770; x_wconf 86' lang='lat' dir='ltr'><strong>ego</strong></span> <span class='ocrx_word' id='word_1_397' title='bbox 3299 2696 3556 2768; x_wconf 68' lang='lat' dir='ltr'><strong>praecipio</strong></span> <span class='ocrx_word' id='word_1_398' title='bbox 3615 2694 3719 2750; x_wconf 88' lang='lat' dir='ltr'><strong>tibi-</strong></span> 
     </span>
    </p>
   </div>
   <div class='ocr_carea' id='block_1_59' title="bbox 2128 2787 3716 2866">
    <p class='ocr_par' dir='ltr' id='par_1_59' title="bbox 2128 2787 3716 2866">
     <span class='ocr_line' id='line_1_59' title="bbox 2128 2787 3716 2866; baseline -0.006 -16"><span class='ocrx_word' id='word_1_399' title='bbox 2128 2797 2305 2851; x_wconf 84' lang='lat' dir='ltr'><strong>bodie.</strong></span> <span class='ocrx_word' id='word_1_400' title='bbox 2359 2795 2436 2850; x_wconf 77' lang='lat' dir='ltr'><strong>Ne</strong></span> <span class='ocrx_word' id='word_1_401' title='bbox 2470 2805 2755 2866; x_wconf 90' lang='lat' dir='ltr'><strong>postquam</strong></span> <span class='ocrx_word' id='word_1_402' title='bbox 2798 2793 3119 2859; x_wconf 89' lang='lat' dir='ltr'><strong>comederis,</strong></span> <span class='ocrx_word' id='word_1_403' title='bbox 3153 2801 3209 2848; x_wconf 89' lang='lat' dir='ltr'><strong>et</strong></span> <span class='ocrx_word' id='word_1_404' title='bbox 3238 2792 3463 2847; x_wconf 85' lang='lat' dir='ltr'><strong>satiatus</strong></span> <span class='ocrx_word' id='word_1_405' title='bbox 3517 2787 3716 2851; x_wconf 74' lang='lat' dir='ltr'><strong>fueris,</strong></span> 
     </span>
    </p>
   </div>
   <div class='ocr_carea' id='block_1_60' title="bbox 2125 2879 3718 2957">
    <p class='ocr_par' dir='ltr' id='par_1_60' title="bbox 2125 2879 3718 2957">
     <span class='ocr_line' id='line_1_60' title="bbox 2125 2879 3718 2957; baseline -0.008 -14"><span class='ocrx_word' id='word_1_406' title='bbox 2125 2898 2176 2943; x_wconf 90' lang='lat' dir='ltr'><strong>et</strong></span> <span class='ocrx_word' id='word_1_407' title='bbox 2229 2889 2416 2943; x_wconf 90' lang='lat' dir='ltr'><strong>domos</strong></span> <span class='ocrx_word' id='word_1_408' title='bbox 2462 2888 2716 2957; x_wconf 86' lang='lat' dir='ltr'><strong>pulchras</strong></span> <span class='ocrx_word' id='word_1_409' title='bbox 2758 2885 3132 2950; x_wconf 64' lang='lat' dir='ltr'><strong>auliiicaveris,</strong></span> <span class='ocrx_word' id='word_1_410' title='bbox 3183 2892 3239 2938; x_wconf 91' lang='lat' dir='ltr'><strong>et</strong></span> <span class='ocrx_word' id='word_1_411' title='bbox 3289 2879 3619 2937; x_wconf 87' lang='lat' dir='ltr'><strong>babitaveris</strong></span> <span class='ocrx_word' id='word_1_412' title='bbox 3655 2879 3718 2932; x_wconf 79' lang='lat' dir='ltr'><strong>in</strong></span> 
     </span>
    </p>
   </div>
   <div class='ocr_carea' id='block_1_61' title="bbox 2124 2969 3719 3043">
    <p class='ocr_par' dir='ltr' id='par_1_61' title="bbox 2124 2969 3719 3043">
     <span class='ocr_line' id='line_1_61' title="bbox 2124 2969 3719 3043; baseline -0.006 -11"><span class='ocrx_word' id='word_1_413' title='bbox 2124 2979 2226 3043; x_wconf 89' lang='lat' dir='ltr'><strong>eis,</strong></span> <span class='ocrx_word' id='word_1_414' title='bbox 2259 2987 2314 3032; x_wconf 89' lang='lat' dir='ltr'><strong>et</strong></span> <span class='ocrx_word' id='word_1_415' title='bbox 2339 2978 2528 3032; x_wconf 89' lang='lat' dir='ltr'><strong>ovibus</strong></span> <span class='ocrx_word' id='word_1_416' title='bbox 2571 2979 2678 3032; x_wconf 91' lang='lat' dir='ltr'><strong>tuis</strong></span> <span class='ocrx_word' id='word_1_417' title='bbox 2727 2987 2781 3032; x_wconf 89' lang='lat' dir='ltr'><strong>et</strong></span> <span class='ocrx_word' id='word_1_418' title='bbox 2809 2975 2981 3032; x_wconf 91' lang='lat' dir='ltr'><strong>bobus</strong></span> <span class='ocrx_word' id='word_1_419' title='bbox 3007 2975 3116 3030; x_wconf 84' lang='lat' dir='ltr'><strong>tuis</strong></span> <span class='ocrx_word' id='word_1_420' title='bbox 3170 2970 3540 3043; x_wconf 83' lang='lat' dir='ltr'><strong>multiplicatis</strong></span> <span class='ocrx_word' id='word_1_421' title='bbox 3590 2969 3719 3035; x_wconf 77' lang='lat' dir='ltr'><strong>tibi,</strong></span> 
     </span>
    </p>
   </div>
   <div class='ocr_carea' id='block_1_62' title="bbox 2125 3067 3708 3140">
    <p class='ocr_par' dir='ltr' id='par_1_62' title="bbox 2125 3067 3708 3140">
     <span class='ocr_line' id='line_1_62' title="bbox 2125 3067 3708 3140; baseline -0.007 -17"><span class='ocrx_word' id='word_1_422' title='bbox 2125 3080 2347 3140; x_wconf 87' lang='lat' dir='ltr'><strong>argento</strong></span> <span class='ocrx_word' id='word_1_423' title='bbox 2369 3079 2425 3124; x_wconf 90' lang='lat' dir='ltr'><strong>et</strong></span> <span class='ocrx_word' id='word_1_424' title='bbox 2453 3085 2586 3124; x_wconf 88' lang='lat' dir='ltr'><strong>auro</strong></span> <span class='ocrx_word' id='word_1_425' title='bbox 2607 3067 2972 3138; x_wconf 85' lang='lat' dir='ltr'><strong>multiplicatis</strong></span> <span class='ocrx_word' id='word_1_426' title='bbox 2999 3067 3116 3132; x_wconf 90' lang='lat' dir='ltr'><strong>tibi,</strong></span> <span class='ocrx_word' id='word_1_427' title='bbox 3154 3067 3396 3122; x_wconf 83' lang='lat' dir='ltr'><strong>elevetur</strong></span> <span class='ocrx_word' id='word_1_428' title='bbox 3427 3077 3524 3119; x_wconf 85' lang='lat' dir='ltr'><strong>cor</strong></span> <span class='ocrx_word' id='word_1_429' title='bbox 3553 3073 3708 3116; x_wconf 91' lang='lat' dir='ltr'><strong>tuum</strong></span> 
     </span>
    </p>
   </div>
   <div class='ocr_carea' id='block_1_63' title="bbox 441 3141 2027 3226">
    <p class='ocr_par' dir='ltr' id='par_1_63' title="bbox 441 3141 2026 3215">
     <span class='ocr_line' id='line_1_63' title="bbox 441 3141 2026 3215; baseline 0.011 -24"><span class='ocrx_word' id='word_1_430' title='bbox 441 3141 672 3213; x_wconf 86' lang='grc' dir='ltr'>χρυσίου</span> <span class='ocrx_word' id='word_1_431' title='bbox 727 3142 1143 3215; x_wconf 82' lang='grc' dir='ltr'>πληθυνθὲντων</span> <span class='ocrx_word' id='word_1_432' title='bbox 1194 3164 1298 3214; x_wconf 86' lang='grc' dir='ltr'>σοι,</span> <span class='ocrx_word' id='word_1_433' title='bbox 1350 3150 1443 3202; x_wconf 79' lang='grc' dir='ltr'>καὶ</span> <span class='ocrx_word' id='word_1_434' title='bbox 1493 3150 1709 3204; x_wconf 88' lang='grc' dir='ltr'>πάντων</span> <span class='ocrx_word' id='word_1_435' title='bbox 1753 3155 1893 3207; x_wconf 85' lang='grc' dir='ltr'>ὅσων</span> <span class='ocrx_word' id='word_1_436' title='bbox 1942 3172 2026 3210; x_wconf 87' lang='grc' dir='ltr'><strong>σοι</strong></span> 
     </span>
    </p>
   </div>
   <div class='ocr_carea' id='block_1_64' title="bbox 2129 3141 3719 3226">
    <p class='ocr_par' dir='ltr' id='par_1_64' title="bbox 2131 3157 3719 3226">
     <span class='ocr_line' id='line_1_64' title="bbox 2131 3157 3719 3226; baseline -0.003 -12"><span class='ocrx_word' id='word_1_437' title='bbox 2131 3169 2184 3214; x_wconf 91' lang='lat' dir='ltr'><strong>et</strong></span> <span class='ocrx_word' id='word_1_438' title='bbox 2207 3159 2550 3216; x_wconf 87' lang='lat' dir='ltr'><strong>obliviscaris</strong></span> <span class='ocrx_word' id='word_1_439' title='bbox 2579 3161 2787 3217; x_wconf 88' lang='lat' dir='ltr'><strong>Domini</strong></span> <span class='ocrx_word' id='word_1_440' title='bbox 2812 3157 2908 3214; x_wconf 90' lang='lat' dir='ltr'><strong>Dei</strong></span> <span class='ocrx_word' id='word_1_441' title='bbox 2942 3159 3017 3212; x_wconf 91' lang='lat' dir='ltr'><strong>tui</strong></span> <span class='ocrx_word' id='word_1_442' title='bbox 3036 3158 3165 3226; x_wconf 88' lang='lat' dir='ltr'><strong>;_qui</strong></span> <span class='ocrx_word' id='word_1_443' title='bbox 3191 3157 3376 3213; x_wconf 71' lang='lat' dir='ltr'><strong>eduxit</strong></span> <span class='ocrx_word' id='word_1_444' title='bbox 3404 3165 3456 3211; x_wconf 89' lang='lat' dir='ltr'><strong>te</strong></span> <span class='ocrx_word' id='word_1_445' title='bbox 3475 3157 3541 3211; x_wconf 88' lang='lat' dir='ltr'><strong>de</strong></span> <span class='ocrx_word' id='word_1_446' title='bbox 3567 3164 3719 3210; x_wconf 74' lang='lat' dir='ltr'><strong>terra</strong></span> 
     </span>
    </p>
   </div>
   <div class='ocr_carea' id='block_1_65' title="bbox 439 3233 2024 3314">
    <p class='ocr_par' dir='ltr' id='par_1_65' title="bbox 439 3233 2024 3314">
     <span class='ocr_line' id='line_1_65' title="bbox 439 3233 2024 3314; baseline 0.009 -29"><span class='ocrx_word' id='word_1_447' title='bbox 439 3233 596 3286; x_wconf 79' lang='grc' dir='ltr'>ἔσται</span> <span class='ocrx_word' id='word_1_448' title='bbox 623 3234 1038 3305; x_wconf 82' lang='grc' dir='ltr'>πληθυνθέντων</span> <span class='ocrx_word' id='word_1_449' title='bbox 1073 3255 1178 3303; x_wconf 88' lang='grc' dir='ltr'>σοι,</span> <span class='ocrx_word' id='word_1_450' title='bbox 1208 3239 1426 3311; x_wconf 78' lang='grc' dir='ltr'>ὐψωθῇς</span> <span class='ocrx_word' id='word_1_451' title='bbox 1465 3245 1533 3313; x_wconf 79' lang='grc' dir='ltr'>τῇ</span> <span class='ocrx_word' id='word_1_452' title='bbox 1560 3244 1757 3314; x_wconf 75' lang='grc' dir='ltr'>καρδίᾳ</span> <span class='ocrx_word' id='word_1_453' title='bbox 1786 3263 1902 3310; x_wconf 90' lang='grc' dir='ltr'>σου,</span> <span class='ocrx_word' id='word_1_454' title='bbox 1929 3248 2024 3300; x_wconf 74' lang='grc' dir='ltr'><strong>καὶ</strong></span> 
     </span>
    </p>
   </div>
   <div class='ocr_carea' id='block_1_66' title="bbox 387 3325 2025 3405">
    <p class='ocr_par' dir='ltr' id='par_1_66' title="bbox 387 3325 2025 3405">
     <span class='ocr_line' id='line_1_66' title="bbox 387 3325 2025 3405; baseline 0.01 -28"><span class='ocrx_word' id='word_1_455' title='bbox 387 3325 390 3328; x_wconf 75' lang='grc'><em>’</em></span> <span class='ocrx_word' id='word_1_456' title='bbox 440 3326 674 3399; x_wconf 77' lang='grc' dir='ltr'>ἐπιλάϐῃ</span> <span class='ocrx_word' id='word_1_457' title='bbox 702 3329 906 3402; x_wconf 85' lang='grc' dir='ltr'>Κυρίου</span> <span class='ocrx_word' id='word_1_458' title='bbox 937 3329 1030 3382; x_wconf 88' lang='grc' dir='ltr'><strong>τοῦ</strong></span> <span class='ocrx_word' id='word_1_459' title='bbox 1053 3331 1188 3384; x_wconf 87' lang='grc' dir='ltr'>Θεοῦ</span> <span class='ocrx_word' id='word_1_460' title='bbox 1218 3349 1334 3397; x_wconf 90' lang='grc' dir='ltr'>σου,</span> <span class='ocrx_word' id='word_1_461' title='bbox 1360 3333 1456 3387; x_wconf 86' lang='grc' dir='ltr'><strong>τοῦ</strong></span> <span class='ocrx_word' id='word_1_462' title='bbox 1485 3335 1842 3405; x_wconf 77' lang='grc' dir='ltr'>ἐξαγαγόντος</span> <span class='ocrx_word' id='word_1_463' title='bbox 1868 3356 1927 3392; x_wconf 89' lang='grc' dir='ltr'><strong>σε</strong></span> <span class='ocrx_word' id='word_1_464' title='bbox 1959 3340 2025 3392; x_wconf 81' lang='grc' dir='ltr'><strong>ἐκ</strong></span> 
     </span>
    </p>
   </div>
   <div class='ocr_carea' id='block_1_67' title="bbox 438 3417 2023 3498">
    <p class='ocr_par' dir='ltr' id='par_1_67' title="bbox 438 3417 2023 3498">
     <span class='ocr_line' id='line_1_67' title="bbox 438 3417 2023 3498; baseline 0.011 -30"><span class='ocrx_word' id='word_1_465' title='bbox 438 3417 546 3487; x_wconf 84' lang='grc' dir='ltr'>γῆς</span> <span class='ocrx_word' id='word_1_466' title='bbox 573 3418 871 3488; x_wconf 80' lang='grc' dir='ltr'>Αἰγύπτου,</span> <span class='ocrx_word' id='word_1_467' title='bbox 916 3421 976 3487; x_wconf 82' lang='grc' dir='ltr'>ἐξ</span> <span class='ocrx_word' id='word_1_468' title='bbox 1003 3422 1154 3477; x_wconf 78' lang='grc' dir='ltr'>οἴκου</span> <span class='ocrx_word' id='word_1_469' title='bbox 1197 3425 1440 3490; x_wconf 87' lang='grc' dir='ltr'>δουλείας</span> <span class='ocrx_word' id='word_1_470' title='bbox 1463 3444 1480 3459; x_wconf 71' lang='grc' dir='ltr'><strong><em>ο</em></strong></span> <span class='ocrx_word' id='word_1_471' title='bbox 1509 3428 1604 3482; x_wconf 89' lang='grc' dir='ltr'><strong>τοῦ</strong></span> <span class='ocrx_word' id='word_1_472' title='bbox 1636 3430 1932 3498; x_wconf 84' lang='grc' dir='ltr'>ἀγαγόντος</span> <span class='ocrx_word' id='word_1_473' title='bbox 1964 3450 2023 3486; x_wconf 90' lang='grc' dir='ltr'><strong>σε</strong></span> 
     </span>
    </p>
   </div>
   <div class='ocr_carea' id='block_1_68' title="bbox 439 3508 2023 3592">
    <p class='ocr_par' dir='ltr' id='par_1_68' title="bbox 439 3508 2023 3592">
     <span class='ocr_line' id='line_1_68' title="bbox 439 3508 2023 3592; baseline 0.009 -31"><span class='ocrx_word' id='word_1_474' title='bbox 439 3508 528 3562; x_wconf 81' lang='grc' dir='ltr'><strong>διά</strong></span> <span class='ocrx_word' id='word_1_475' title='bbox 547 3510 648 3580; x_wconf 85' lang='grc' dir='ltr'>τῆς</span> <span class='ocrx_word' id='word_1_476' title='bbox 674 3513 907 3584; x_wconf 85' lang='grc' dir='ltr'>ἐρήμου,</span> <span class='ocrx_word' id='word_1_477' title='bbox 939 3514 1041 3585; x_wconf 78' lang='grc' dir='ltr'>τῆς</span> <span class='ocrx_word' id='word_1_478' title='bbox 1086 3515 1329 3588; x_wconf 83' lang='grc' dir='ltr'>μεγάλης</span> <span class='ocrx_word' id='word_1_479' title='bbox 1357 3519 1453 3572; x_wconf 74' lang='grc' dir='ltr'><strong>καὶ</strong></span> <span class='ocrx_word' id='word_1_480' title='bbox 1491 3519 1591 3590; x_wconf 83' lang='grc' dir='ltr'>τῆς</span> <span class='ocrx_word' id='word_1_481' title='bbox 1621 3521 1856 3592; x_wconf 79' lang='grc' dir='ltr'>φοϐερᾶς</span> <span class='ocrx_word' id='word_1_482' title='bbox 1884 3524 2023 3576; x_wconf 88' lang='grc' dir='ltr'>ἐκεί-</span> 
     </span>
    </p>
   </div>
   <div class='ocr_carea' id='block_1_69' title="bbox 439 3595 2023 3685">
    <p class='ocr_par' dir='ltr' id='par_1_69' title="bbox 439 3595 2023 3685">
     <span class='ocr_line' id='line_1_69' title="bbox 439 3595 2023 3685; baseline 0.008 -31"><span class='ocrx_word' id='word_1_483' title='bbox 439 3617 538 3670; x_wconf 78' lang='grc' dir='ltr'><strong>νης</strong></span> <span class='ocrx_word' id='word_1_484' title='bbox 594 3595 656 3655; x_wconf 81' lang='grc' dir='ltr'>οὗ</span> <span class='ocrx_word' id='word_1_485' title='bbox 697 3603 818 3673; x_wconf 78' lang='grc' dir='ltr'>ὄφις</span> <span class='ocrx_word' id='word_1_486' title='bbox 845 3605 1078 3670; x_wconf 83' lang='grc' dir='ltr'>δάκνων.</span> <span class='ocrx_word' id='word_1_487' title='bbox 1105 3607 1200 3662; x_wconf 82' lang='grc' dir='ltr'>καὶ</span> <span class='ocrx_word' id='word_1_488' title='bbox 1228 3610 1506 3680; x_wconf 87' lang='grc' dir='ltr'>σκορπίος,</span> <span class='ocrx_word' id='word_1_489' title='bbox 1541 3611 1637 3663; x_wconf 78' lang='grc' dir='ltr'><strong>καὶ</strong></span> <span class='ocrx_word' id='word_1_490' title='bbox 1656 3611 1806 3682; x_wconf 77' lang='grc' dir='ltr'>δίψα,</span> <span class='ocrx_word' id='word_1_491' title='bbox 1835 3608 1895 3668; x_wconf 79' lang='grc' dir='ltr'><strong>οὐ</strong></span> <span class='ocrx_word' id='word_1_492' title='bbox 1923 3616 2023 3685; x_wconf 84' lang='grc' dir='ltr'><strong>οὐχ</strong></span> 
     </span>
    </p>
   </div>
   <div class='ocr_carea' id='block_1_70' title="bbox 443 3690 2021 3776">
    <p class='ocr_par' dir='ltr' id='par_1_70' title="bbox 443 3690 2021 3776">
     <span class='ocr_line' id='line_1_70' title="bbox 443 3690 2021 3776; baseline 0.01 -33"><span class='ocrx_word' id='word_1_493' title='bbox 443 3690 609 3763; x_wconf 70' lang='grc' dir='ltr'>ὕδωρ.</span> <span class='ocrx_word' id='word_1_494' title='bbox 651 3712 670 3744; x_wconf 82' lang='grc'>›</span> <span class='ocrx_word' id='word_1_495' title='bbox 707 3695 860 3766; x_wconf 85' lang='grc' dir='ltr'>Ἔχει</span> <span class='ocrx_word' id='word_1_496' title='bbox 895 3696 1004 3768; x_wconf 82' lang='grc' dir='ltr'><strong>γάρ</strong></span> <span class='ocrx_word' id='word_1_497' title='bbox 1034 3697 1134 3751; x_wconf 90' lang='grc' dir='ltr'><strong>οὐκ</strong></span> <span class='ocrx_word' id='word_1_498' title='bbox 1167 3699 1439 3764; x_wconf 87' lang='grc' dir='ltr'>ἀνικάνως</span> <span class='ocrx_word' id='word_1_499' title='bbox 1480 3700 1566 3754; x_wconf 83' lang='grc' dir='ltr'><strong>ἀεί</strong></span> <span class='ocrx_word' id='word_1_500' title='bbox 1617 3719 1733 3766; x_wconf 86' lang='grc' dir='ltr'><strong>πως</strong></span> <span class='ocrx_word' id='word_1_501' title='bbox 1758 3705 1790 3774; x_wconf 86' lang='grc' dir='ltr'><strong>ή</strong></span> <span class='ocrx_word' id='word_1_502' title='bbox 1819 3704 2021 3776; x_wconf 83' lang='grc' dir='ltr'>τρυφὴ,</span> 
     </span>
    </p>
   </div>
   <div class='ocr_carea' id='block_1_71' title="bbox 442 3785 2025 3867">
    <p class='ocr_par' dir='ltr' id='par_1_71' title="bbox 442 3785 2025 3867">
     <span class='ocr_line' id='line_1_71' title="bbox 442 3785 2025 3867; baseline 0.008 -31"><span class='ocrx_word' id='word_1_503' title='bbox 442 3785 534 3837; x_wconf 62' lang='grc' dir='ltr'><strong>καί⁵</strong></span> <span class='ocrx_word' id='word_1_504' title='bbox 563 3785 624 3838; x_wconf 86' lang='grc' dir='ltr'><strong>τὸ</strong></span> <span class='ocrx_word' id='word_1_505' title='bbox 645 3786 930 3858; x_wconf 79' lang='grc' dir='ltr'>ἀδοκήτοις</span> <span class='ocrx_word' id='word_1_506' title='bbox 956 3792 1144 3857; x_wconf 86' lang='grc' dir='ltr'>τιμαῖς</span> <span class='ocrx_word' id='word_1_507' title='bbox 1177 3790 1592 3862; x_wconf 78' lang='grc' dir='ltr'>ἐναϐρύνεσθαι,</span> <span class='ocrx_word' id='word_1_508' title='bbox 1627 3794 1720 3846; x_wconf 75' lang='grc' dir='ltr'>καὶ</span> <span class='ocrx_word' id='word_1_509' title='bbox 1743 3795 1822 3858; x_wconf 88' lang='grc' dir='ltr'><strong>είς</strong></span> <span class='ocrx_word' id='word_1_510' title='bbox 1855 3795 2025 3867; x_wconf 82' lang='grc' dir='ltr'>λήθην</span> 
     </span>
    </p>
   </div>
   <div class='ocr_carea' id='block_1_72' title="bbox 441 3875 2028 3954">
    <p class='ocr_par' dir='ltr' id='par_1_72' title="bbox 441 3875 2028 3954">
     <span class='ocr_line' id='line_1_72' title="bbox 441 3875 2028 3954; baseline 0.011 -27"><span class='ocrx_word' id='word_1_511' title='bbox 441 3875 588 3946; x_wconf 75' lang='grc' dir='ltr'>ἡμᾶς</span> <span class='ocrx_word' id='word_1_512' title='bbox 619 3878 918 3949; x_wconf 81' lang='grc' dir='ltr'>ἀποφέρειν</span> <span class='ocrx_word' id='word_1_513' title='bbox 949 3879 1106 3946; x_wconf 78' lang='grc' dir='ltr'>Θεοῦ,</span> <span class='ocrx_word' id='word_1_514' title='bbox 1139 3882 1233 3934; x_wconf 75' lang='grc' dir='ltr'><strong>καὶ</strong></span> <span class='ocrx_word' id='word_1_515' title='bbox 1270 3882 1406 3954; x_wconf 88' lang='grc' dir='ltr'>πρὸς</span> <span class='ocrx_word' id='word_1_516' title='bbox 1434 3885 1543 3937; x_wconf 87' lang='grc' dir='ltr'>πᾶν</span> <span class='ocrx_word' id='word_1_517' title='bbox 1581 3887 1757 3941; x_wconf 82' lang='grc' dir='ltr'>ὁτιοῦν</span> <span class='ocrx_word' id='word_1_518' title='bbox 1800 3889 1911 3943; x_wconf 87' lang='grc' dir='ltr'>τῶν</span> <span class='ocrx_word' id='word_1_519' title='bbox 1936 3892 2028 3944; x_wconf 84' lang='grc' dir='ltr'><strong>ὲκ-</strong></span> 
     </span>
    </p>
   </div>
   <div class='ocr_carea' id='block_1_73' title="bbox 440 3969 2020 4050">
    <p class='ocr_par' dir='ltr' id='par_1_73' title="bbox 440 3969 2020 4050">
     <span class='ocr_line' id='line_1_73' title="bbox 440 3969 2020 4050; baseline 0.01 -31"><span class='ocrx_word' id='word_1_520' title='bbox 440 3969 622 4021; x_wconf 91' lang='grc' dir='ltr'>τόπων</span> <span class='ocrx_word' id='word_1_521' title='bbox 683 3971 993 4025; x_wconf 88' lang='grc' dir='ltr'>κατασείειν</span> <span class='ocrx_word' id='word_1_522' title='bbox 1042 3972 1303 4028; x_wconf 76' lang='grc' dir='ltr'>δύνασθαι</span> <span class='ocrx_word' id='word_1_523' title='bbox 1360 3975 1451 4029; x_wconf 86' lang='grc' dir='ltr'><strong>τὸν</strong></span> <span class='ocrx_word' id='word_1_524' title='bbox 1509 3977 1846 4050; x_wconf 86' lang='grc' dir='ltr'>ἀνθρώπινον</span> <span class='ocrx_word' id='word_1_525' title='bbox 1877 3981 2020 4036; x_wconf 88' lang='grc' dir='ltr'>νοῦν.</span> 
     </span>
    </p>
   </div>
   <div class='ocr_carea' id='block_1_74' title="bbox 453 4055 2026 4140">
    <p class='ocr_par' dir='ltr' id='par_1_74' title="bbox 453 4055 2026 4140">
     <span class='ocr_line' id='line_1_74' title="bbox 453 4055 2026 4140; baseline 0.007 -30"><span class='ocrx_word' id='word_1_526' title='bbox 453 4057 702 4128; x_wconf 83' lang='grc' dir='ltr'>Ἀρκέσει</span> <span class='ocrx_word' id='word_1_527' title='bbox 746 4059 826 4124; x_wconf 83' lang='grc' dir='ltr'><strong>δὲ,</strong></span> <span class='ocrx_word' id='word_1_528' title='bbox 875 4055 1051 4132; x_wconf 74' lang='grc' dir='ltr'>οἶμαι,</span> <span class='ocrx_word' id='word_1_529' title='bbox 1099 4061 1238 4135; x_wconf 80' lang='grc' dir='ltr'>πρὸς</span> <span class='ocrx_word' id='word_1_530' title='bbox 1288 4062 1509 4135; x_wconf 80' lang='grc' dir='ltr'>ἔλεγχον</span> <span class='ocrx_word' id='word_1_531' title='bbox 1553 4067 1964 4140; x_wconf 84' lang='grc' dir='ltr'>ἀποσκιρτήσας</span> <span class='ocrx_word' id='word_1_532' title='bbox 1996 4071 2026 4121; x_wconf 87' lang='grc' dir='ltr'>ὁ</span> 
     </span>
    </p>
   </div>
   <div class='ocr_carea' id='block_1_75' title="bbox 454 4153 2027 4229">
    <p class='ocr_par' dir='ltr' id='par_1_75' title="bbox 454 4153 2027 4229">
     <span class='ocr_line' id='line_1_75' title="bbox 454 4153 2027 4229; baseline 0.004 -24"><span class='ocrx_word' id='word_1_533' title='bbox 454 4153 690 4224; x_wconf 87' lang='grc' dir='ltr'>Ἰσραὴλ,</span> <span class='ocrx_word' id='word_1_534' title='bbox 733 4153 829 4207; x_wconf 71' lang='grc' dir='ltr'><strong>καὶ</strong></span> <span class='ocrx_word' id='word_1_535' title='bbox 856 4153 918 4207; x_wconf 83' lang='grc' dir='ltr'><strong>τὸ</strong></span> <span class='ocrx_word' id='word_1_536' title='bbox 945 4155 1044 4226; x_wconf 83' lang='grc' dir='ltr'>τῆς</span> <span class='ocrx_word' id='word_1_537' title='bbox 1072 4156 1373 4229; x_wconf 81' lang='grc' dir='ltr'>εὐημερίας</span> <span class='ocrx_word' id='word_1_538' title='bbox 1413 4157 1613 4223; x_wconf 85' lang='grc' dir='ltr'>πλάτος</span> <span class='ocrx_word' id='word_1_539' title='bbox 1640 4159 1739 4229; x_wconf 84' lang='grc' dir='ltr'>τῆς</span> <span class='ocrx_word' id='word_1_540' title='bbox 1765 4159 1845 4223; x_wconf 80' lang='grc' dir='ltr'><strong>εἰς</strong></span> <span class='ocrx_word' id='word_1_541' title='bbox 1867 4159 2027 4212; x_wconf 86' lang='grc' dir='ltr'>τοῦτο</span> 
     </span>
    </p>
   </div>
   <div class='ocr_carea' id='block_1_76' title="bbox 440 4243 2026 4322">
    <p class='ocr_par' dir='ltr' id='par_1_76' title="bbox 440 4243 2026 4322">
     <span class='ocr_line' id='line_1_76' title="bbox 440 4243 2026 4322; baseline 0.004 -27"><span class='ocrx_word' id='word_1_542' title='bbox 440 4243 618 4313; x_wconf 76' lang='grc' dir='ltr'>δεινῆς</span> <span class='ocrx_word' id='word_1_543' title='bbox 649 4243 961 4315; x_wconf 74' lang='grc' dir='ltr'>ἀρρωστίας</span> <span class='ocrx_word' id='word_1_544' title='bbox 999 4246 1302 4319; x_wconf 82' lang='grc' dir='ltr'>εὑράμενος</span> <span class='ocrx_word' id='word_1_545' title='bbox 1329 4249 1605 4320; x_wconf 83' lang='grc' dir='ltr'>ἀφορμήν.</span> <span class='ocrx_word' id='word_1_546' title='bbox 1635 4249 1911 4322; x_wconf 82' lang='grc' dir='ltr'>Σφαλερδν</span> <span class='ocrx_word' id='word_1_547' title='bbox 1932 4245 2026 4304; x_wconf 83' lang='grc' dir='ltr'><strong>οῦν</strong></span> 
     </span>
    </p>
   </div>
   <div class='ocr_carea' id='block_1_77' title="bbox 441 4333 2027 4413">
    <p class='ocr_par' dir='ltr' id='par_1_77' title="bbox 441 4333 2027 4413">
     <span class='ocr_line' id='line_1_77' title="bbox 441 4333 2027 4413; baseline 0.006 -28"><span class='ocrx_word' id='word_1_548' title='bbox 441 4334 550 4401; x_wconf 75' lang='grc' dir='ltr'>ἄρα</span> <span class='ocrx_word' id='word_1_549' title='bbox 598 4334 693 4387; x_wconf 76' lang='grc' dir='ltr'><strong>καὶ</strong></span> <span class='ocrx_word' id='word_1_550' title='bbox 730 4333 1105 4406; x_wconf 83' lang='grc' dir='ltr'>δυσδιοίκητον</span> <span class='ocrx_word' id='word_1_551' title='bbox 1143 4338 1386 4410; x_wconf 80' lang='grc' dir='ltr'>ἡτρυφὴ</span> <span class='ocrx_word' id='word_1_552' title='bbox 1433 4341 1528 4392; x_wconf 86' lang='grc' dir='ltr'><strong>καί</strong></span> <span class='ocrx_word' id='word_1_553' title='bbox 1557 4338 1676 4392; x_wconf 84' lang='grc' dir='ltr'>λεία</span> <span class='ocrx_word' id='word_1_554' title='bbox 1720 4357 1804 4406; x_wconf 87' lang='grc' dir='ltr'><strong>τις</strong></span> <span class='ocrx_word' id='word_1_555' title='bbox 1833 4340 2027 4413; x_wconf 81' lang='grc' dir='ltr'>ὥσπερ</span> 
     </span>
    </p>
   </div>
   <div class='ocr_carea' id='block_1_78' title="bbox 441 4423 2036 4504">
    <p class='ocr_par' dir='ltr' id='par_1_78' title="bbox 441 4423 2036 4504">
     <span class='ocr_line' id='line_1_78' title="bbox 441 4423 2036 4504; baseline 0.006 -28"><span class='ocrx_word' id='word_1_556' title='bbox 441 4423 560 4487; x_wconf 78' lang='grc' dir='ltr'>όδὸς</span> <span class='ocrx_word' id='word_1_557' title='bbox 609 4427 690 4489; x_wconf 82' lang='grc' dir='ltr'><strong>εἰς</strong></span> <span class='ocrx_word' id='word_1_558' title='bbox 733 4426 1035 4481; x_wconf 87' lang='grc' dir='ltr'>ἀπόστασιν</span> <span class='ocrx_word' id='word_1_559' title='bbox 1075 4428 1173 4498; x_wconf 86' lang='grc' dir='ltr'><strong>τὴν</strong></span> <span class='ocrx_word' id='word_1_560' title='bbox 1219 4429 1329 4484; x_wconf 86' lang='grc' dir='ltr'><strong>ἀπὸ</strong></span> <span class='ocrx_word' id='word_1_561' title='bbox 1372 4430 1530 4484; x_wconf 85' lang='grc' dir='ltr'>Θεοῦ.</span> <span class='ocrx_word' id='word_1_562' title='bbox 1582 4431 1743 4504; x_wconf 76' lang='grc' dir='ltr'>Παρὰ</span> <span class='ocrx_word' id='word_1_563' title='bbox 1796 4431 1931 4486; x_wconf 81' lang='grc' dir='ltr'>πολὺ</span> <span class='ocrx_word' id='word_1_564' title='bbox 1969 4433 2036 4486; x_wconf 58' lang='lat' dir='ltr'><strong>se.</strong></span> 
     </span>
    </p>
   </div>
   <div class='ocr_carea' id='block_1_79' title="bbox 2125 3245 3712 3323">
    <p class='ocr_par' dir='ltr' id='par_1_79' title="bbox 2125 3245 3712 3323">
     <span class='ocr_line' id='line_1_79' title="bbox 2125 3245 3712 3323; baseline -0.006 -16"><span class='ocrx_word' id='word_1_565' title='bbox 2125 3251 2366 3323; x_wconf 66' lang='lat' dir='ltr'><strong>Egypti,</strong></span> <span class='ocrx_word' id='word_1_566' title='bbox 2397 3267 2463 3306; x_wconf 81' lang='lat' dir='ltr'><strong>ex</strong></span> <span class='ocrx_word' id='word_1_567' title='bbox 2497 3253 2659 3308; x_wconf 80' lang='lat' dir='ltr'><strong>domo</strong></span> <span class='ocrx_word' id='word_1_568' title='bbox 2686 3249 3107 3320; x_wconf 84' lang='lat' dir='ltr'><strong>servitutis;qui</strong></span> <span class='ocrx_word' id='word_1_569' title='bbox 3135 3249 3288 3305; x_wconf 76' lang='lat' dir='ltr'><strong>duxit</strong></span> <span class='ocrx_word' id='word_1_570' title='bbox 3314 3259 3366 3303; x_wconf 87' lang='lat' dir='ltr'><strong>te</strong></span> <span class='ocrx_word' id='word_1_571' title='bbox 3405 3260 3500 3317; x_wconf 83' lang='lat' dir='ltr'><strong>per</strong></span> <span class='ocrx_word' id='word_1_572' title='bbox 3528 3245 3712 3300; x_wconf 87' lang='lat' dir='ltr'><strong>deser-</strong></span> 
     </span>
    </p>
   </div>
   <div class='ocr_carea' id='block_1_80' title="bbox 2127 3339 3706 3414">
    <p class='ocr_par' dir='ltr' id='par_1_80' title="bbox 2127 3339 3706 3414">
     <span class='ocr_line' id='line_1_80' title="bbox 2127 3339 3706 3414; baseline -0.005 -17"><span class='ocrx_word' id='word_1_573' title='bbox 2127 3352 2238 3398; x_wconf 88' lang='lat' dir='ltr'><strong>tum</strong></span> <span class='ocrx_word' id='word_1_574' title='bbox 2255 3360 2529 3414; x_wconf 83' lang='lat' dir='ltr'><strong>magnum,</strong></span> <span class='ocrx_word' id='word_1_575' title='bbox 2558 3353 2610 3398; x_wconf 91' lang='lat' dir='ltr'><strong>et</strong></span> <span class='ocrx_word' id='word_1_576' title='bbox 2637 3342 2874 3399; x_wconf 90' lang='lat' dir='ltr'><strong>terribile</strong></span> <span class='ocrx_word' id='word_1_577' title='bbox 2898 3343 3048 3407; x_wconf 90' lang='lat' dir='ltr'><strong>illud,</strong></span> <span class='ocrx_word' id='word_1_578' title='bbox 3070 3341 3159 3397; x_wconf 90' lang='lat' dir='ltr'><strong>ubi</strong></span> <span class='ocrx_word' id='word_1_579' title='bbox 3182 3355 3406 3407; x_wconf 88' lang='lat' dir='ltr'><strong>serpens</strong></span> <span class='ocrx_word' id='word_1_580' title='bbox 3433 3339 3706 3400; x_wconf 86' lang='lat' dir='ltr'><strong>mordens,</strong></span> 
     </span>
    </p>
   </div>
   <div class='ocr_carea' id='block_1_81' title="bbox 2126 3428 3710 3505">
    <p class='ocr_par' dir='ltr' id='par_1_81' title="bbox 2126 3428 3710 3505">
     <span class='ocr_line' id='line_1_81' title="bbox 2126 3428 3710 3505; baseline -0.007 -13"><span class='ocrx_word' id='word_1_581' title='bbox 2126 3445 2180 3492; x_wconf 86' lang='lat' dir='ltr'><strong>et</strong></span> <span class='ocrx_word' id='word_1_582' title='bbox 2227 3437 2460 3505; x_wconf 88' lang='lat' dir='ltr'><strong>scorpio,</strong></span> <span class='ocrx_word' id='word_1_583' title='bbox 2519 3446 2571 3490; x_wconf 87' lang='lat' dir='ltr'><strong>et</strong></span> <span class='ocrx_word' id='word_1_584' title='bbox 2623 3436 2826 3504; x_wconf 86' lang='lat' dir='ltr'><strong>dipsas,</strong></span> <span class='ocrx_word' id='word_1_585' title='bbox 2874 3434 2963 3489; x_wconf 91' lang='lat' dir='ltr'><strong>ubi</strong></span> <span class='ocrx_word' id='word_1_586' title='bbox 2987 3441 3227 3488; x_wconf 84' lang='lat' dir='ltr'><strong>nouerat</strong></span> <span class='ocrx_word' id='word_1_587' title='bbox 3247 3431 3494 3500; x_wconf 77' lang='lat' dir='ltr'><strong>aqua’°.s</strong></span> <span class='ocrx_word' id='word_1_588' title='bbox 3524 3428 3710 3482; x_wconf 79' lang='lat' dir='ltr'><strong>Luxus</strong></span> 
     </span>
    </p>
   </div>
   <div class='ocr_carea' id='block_1_82' title="bbox 2125 3521 3713 3595">
    <p class='ocr_par' dir='ltr' id='par_1_82' title="bbox 2125 3521 3713 3595">
     <span class='ocr_line' id='line_1_82' title="bbox 2125 3521 3713 3595; baseline -0.006 -12"><span class='ocrx_word' id='word_1_589' title='bbox 2125 3529 2289 3595; x_wconf 91' lang='lat' dir='ltr'><strong>enim,</strong></span> <span class='ocrx_word' id='word_1_590' title='bbox 2314 3539 2370 3584; x_wconf 91' lang='lat' dir='ltr'><strong>et</strong></span> <span class='ocrx_word' id='word_1_591' title='bbox 2397 3528 2657 3582; x_wconf 87' lang='lat' dir='ltr'><strong>bonorum</strong></span> <span class='ocrx_word' id='word_1_592' title='bbox 2683 3528 3168 3595; x_wconf 73' lang='lat' dir='ltr'><strong>inexspectatorum</strong></span> <span class='ocrx_word' id='word_1_593' title='bbox 3181 3522 3433 3593; x_wconf 89' lang='lat' dir='ltr'><strong>splendor</strong></span> <span class='ocrx_word' id='word_1_594' title='bbox 3451 3521 3583 3577; x_wconf 89' lang='lat' dir='ltr'><strong>satis</strong></span> <span class='ocrx_word' id='word_1_595' title='bbox 3597 3536 3713 3576; x_wconf 79' lang='lat' dir='ltr'><strong>ma-</strong></span> 
     </span>
    </p>
   </div>
   <div class='ocr_carea' id='block_1_83' title="bbox 2125 3614 3716 3691">
    <p class='ocr_par' dir='ltr' id='par_1_83' title="bbox 2125 3614 3716 3691">
     <span class='ocr_line' id='line_1_83' title="bbox 2125 3614 3716 3691; baseline -0.006 -16"><span class='ocrx_word' id='word_1_596' title='bbox 2125 3637 2282 3691; x_wconf 91' lang='lat' dir='ltr'><strong>gnam</strong></span> <span class='ocrx_word' id='word_1_597' title='bbox 2297 3621 2400 3674; x_wconf 91' lang='lat' dir='ltr'><strong>vim</strong></span> <span class='ocrx_word' id='word_1_598' title='bbox 2419 3620 2702 3685; x_wconf 85' lang='lat' dir='ltr'><strong>habent,ut</strong></span> <span class='ocrx_word' id='word_1_599' title='bbox 2720 3635 2817 3676; x_wconf 90' lang='lat' dir='ltr'><strong>nos</strong></span> <span class='ocrx_word' id='word_1_600' title='bbox 2832 3621 2881 3674; x_wconf 89' lang='lat' dir='ltr'><strong>in</strong></span> <span class='ocrx_word' id='word_1_601' title='bbox 2895 3619 3220 3675; x_wconf 87' lang='lat' dir='ltr'><strong>oblivionem</strong></span> <span class='ocrx_word' id='word_1_602' title='bbox 3238 3615 3331 3670; x_wconf 88' lang='lat' dir='ltr'><strong>Dei</strong></span> <span class='ocrx_word' id='word_1_603' title='bbox 3349 3614 3641 3676; x_wconf 86' lang='lat' dir='ltr'><strong>abducant,</strong></span> <span class='ocrx_word' id='word_1_604' title='bbox 3655 3621 3716 3667; x_wconf 74' lang='lat' dir='ltr'><strong>et</strong></span> 
     </span>
    </p>
   </div>
   <div class='ocr_carea' id='block_1_84' title="bbox 2127 3703 3714 3782">
    <p class='ocr_par' dir='ltr' id='par_1_84' title="bbox 2127 3703 3714 3782">
     <span class='ocr_line' id='line_1_84' title="bbox 2127 3703 3714 3782; baseline -0.006 -16"><span class='ocrx_word' id='word_1_605' title='bbox 2127 3713 2192 3766; x_wconf 90' lang='lat' dir='ltr'><strong>ad</strong></span> <span class='ocrx_word' id='word_1_606' title='bbox 2206 3712 2416 3782; x_wconf 89' lang='lat' dir='ltr'><strong>quidvis</strong></span> <span class='ocrx_word' id='word_1_607' title='bbox 2440 3712 2770 3782; x_wconf 85' lang='lat' dir='ltr'><strong>illegitimum</strong></span> <span class='ocrx_word' id='word_1_608' title='bbox 2789 3713 3083 3767; x_wconf 85' lang='lat' dir='ltr'><strong>humanum</strong></span> <span class='ocrx_word' id='word_1_609' title='bbox 3100 3709 3341 3764; x_wconf 86' lang='lat' dir='ltr'><strong>animum</strong></span> <span class='ocrx_word' id='word_1_610' title='bbox 3388 3703 3714 3762; x_wconf 71' lang='lat' dir='ltr'><strong>dissolvunt.</strong></span> 
     </span>
    </p>
   </div>
   <div class='ocr_carea' id='block_1_85' title="bbox 2126 3795 3710 3872">
    <p class='ocr_par' dir='ltr' id='par_1_85' title="bbox 2126 3795 3710 3872">
     <span class='ocr_line' id='line_1_85' title="bbox 2126 3795 3710 3872; baseline -0.006 -15"><span class='ocrx_word' id='word_1_611' title='bbox 2126 3803 2205 3858; x_wconf 83' lang='lat' dir='ltr'><strong>Ad</strong></span> <span class='ocrx_word' id='word_1_612' title='bbox 2219 3803 2587 3872; x_wconf 88' lang='lat' dir='ltr'><strong>probationem</strong></span> <span class='ocrx_word' id='word_1_613' title='bbox 2604 3819 2664 3858; x_wconf 91' lang='lat' dir='ltr'><strong>su</strong></span> <span class='ocrx_word' id='word_1_614' title='bbox 2674 3802 2851 3866; x_wconf 82' lang='lat' dir='ltr'><strong>lliciet,</strong></span> <span class='ocrx_word' id='word_1_615' title='bbox 2867 3795 3490 3868; x_wconf 77' lang='lat' dir='ltr'><strong>utexistimo,lsrael,qui</strong></span> <span class='ocrx_word' id='word_1_616' title='bbox 3503 3795 3710 3852; x_wconf 85' lang='lat' dir='ltr'><strong>resiluit</strong></span> 
     </span>
    </p>
   </div>
   <div class='ocr_carea' id='block_1_86' title="bbox 2125 3889 3707 3967">
    <p class='ocr_par' dir='ltr' id='par_1_86' title="bbox 2125 3889 3707 3967">
     <span class='ocr_line' id='line_1_86' title="bbox 2125 3889 3707 3967; baseline -0.005 -18"><span class='ocrx_word' id='word_1_617' title='bbox 2125 3902 2180 3949; x_wconf 89' lang='lat' dir='ltr'><strong>et</strong></span> <span class='ocrx_word' id='word_1_618' title='bbox 2210 3892 2484 3949; x_wconf 82' lang='lat' dir='ltr'><strong>felicitatis</strong></span> <span class='ocrx_word' id='word_1_619' title='bbox 2517 3909 2627 3948; x_wconf 85' lang='lat' dir='ltr'><strong>suae</strong></span> <span class='ocrx_word' id='word_1_620' title='bbox 2675 3894 2883 3962; x_wconf 89' lang='lat' dir='ltr'><strong>copiam</strong></span> <span class='ocrx_word' id='word_1_621' title='bbox 2914 3902 3037 3967; x_wconf 22' lang='lat' dir='ltr'><strong>tam.</strong></span> <span class='ocrx_word' id='word_1_622' title='bbox 3071 3891 3252 3963; x_wconf 82' lang='lat' dir='ltr'><strong>gravis</strong></span> <span class='ocrx_word' id='word_1_623' title='bbox 3317 3889 3488 3945; x_wconf 90' lang='lat' dir='ltr'><strong>morbi</strong></span> <span class='ocrx_word' id='word_1_624' title='bbox 3547 3902 3707 3942; x_wconf 84' lang='lat' dir='ltr'><strong>occa-</strong></span> 
     </span>
    </p>
   </div>
   <div class='ocr_carea' id='block_1_87' title="bbox 2127 3983 3712 4057">
    <p class='ocr_par' dir='ltr' id='par_1_87' title="bbox 2127 3983 3712 4057">
     <span class='ocr_line' id='line_1_87' title="bbox 2127 3983 3712 4057; baseline -0.006 -14"><span class='ocrx_word' id='word_1_625' title='bbox 2127 3989 2331 4044; x_wconf 87' lang='lat' dir='ltr'><strong>sionem</strong></span> <span class='ocrx_word' id='word_1_626' title='bbox 2362 3989 2586 4044; x_wconf 88' lang='lat' dir='ltr'><strong>invenit.</strong></span> <span class='ocrx_word' id='word_1_627' title='bbox 2612 3987 2904 4043; x_wconf 90' lang='lat' dir='ltr'><strong>Lubricum</strong></span> <span class='ocrx_word' id='word_1_628' title='bbox 2949 3987 3122 4057; x_wconf 80' lang='lat' dir='ltr'><strong>igitur</strong></span> <span class='ocrx_word' id='word_1_629' title='bbox 3171 3983 3454 4055; x_wconf 87' lang='lat' dir='ltr'><strong>quiddam,</strong></span> <span class='ocrx_word' id='word_1_630' title='bbox 3493 3991 3550 4036; x_wconf 90' lang='lat' dir='ltr'><strong>et</strong></span> <span class='ocrx_word' id='word_1_631' title='bbox 3591 3994 3712 4034; x_wconf 83' lang='lat' dir='ltr'><strong>mo-</strong></span> 
     </span>
    </p>
   </div>
   <div class='ocr_carea' id='block_1_88' title="bbox 2128 4069 3716 4146">
    <p class='ocr_par' dir='ltr' id='par_1_88' title="bbox 2128 4069 3716 4146">
     <span class='ocr_line' id='line_1_88' title="bbox 2128 4069 3716 4146; baseline -0.006 -14"><span class='ocrx_word' id='word_1_632' title='bbox 2128 4077 2314 4132; x_wconf 87' lang='lat' dir='ltr'><strong>deratu</strong></span> <span class='ocrx_word' id='word_1_633' title='bbox 2371 4076 2581 4134; x_wconf 72' lang='lat' dir='ltr'><strong>difﬁcile</strong></span> <span class='ocrx_word' id='word_1_634' title='bbox 2619 4093 2713 4133; x_wconf 85' lang='lat' dir='ltr'><strong>res</strong></span> <span class='ocrx_word' id='word_1_635' title='bbox 2767 4077 2922 4144; x_wconf 62' lang='lat' dir='ltr'><strong>laetae,</strong></span> <span class='ocrx_word' id='word_1_636' title='bbox 2955 4084 3010 4133; x_wconf 88' lang='lat' dir='ltr'><strong>et</strong></span> <span class='ocrx_word' id='word_1_637' title='bbox 3059 4075 3231 4146; x_wconf 29' lang='lat' dir='ltr'><strong>quasi.</strong></span> <span class='ocrx_word' id='word_1_638' title='bbox 3270 4073 3358 4128; x_wconf 78' lang='lat' dir='ltr'><strong>via</strong></span> <span class='ocrx_word' id='word_1_639' title='bbox 3423 4072 3578 4143; x_wconf 87' lang='lat' dir='ltr'><strong>plana</strong></span> <span class='ocrx_word' id='word_1_640' title='bbox 3639 4069 3716 4124; x_wconf 75' lang='lat' dir='ltr'><strong>ad.</strong></span> 
     </span>
    </p>
   </div>
   <div class='ocr_carea' id='block_1_89' title="bbox 2130 4164 3714 4224">
    <p class='ocr_par' dir='ltr' id='par_1_89' title="bbox 2130 4164 3714 4224">
     <span class='ocr_line' id='line_1_89' title="bbox 2130 4164 3714 4224; baseline -0.005 0"><span class='ocrx_word' id='word_1_641' title='bbox 2130 4169 2536 4224; x_wconf 82' lang='lat' dir='ltr'><strong>defectionema</strong></span> <span class='ocrx_word' id='word_1_642' title='bbox 2571 4169 2700 4224; x_wconf 90' lang='lat' dir='ltr'><strong>Deo.</strong></span> <span class='ocrx_word' id='word_1_643' title='bbox 2743 4168 2908 4223; x_wconf 79' lang='lat' dir='ltr'><strong>Multo</strong></span> <span class='ocrx_word' id='word_1_644' title='bbox 2947 4177 3138 4223; x_wconf 80' lang='lat' dir='ltr'><strong>autem</strong></span> <span class='ocrx_word' id='word_1_645' title='bbox 3186 4166 3379 4222; x_wconf 91' lang='lat' dir='ltr'><strong>melior</strong></span> <span class='ocrx_word' id='word_1_646' title='bbox 3431 4164 3714 4219; x_wconf 73' lang='lat' dir='ltr'><strong>moderata</strong></span> 
     </span>
    </p>
   </div>
   <div class='ocr_carea' id='block_1_90' title="bbox 2132 4252 3702 4330">
    <p class='ocr_par' dir='ltr' id='par_1_90' title="bbox 2132 4252 3702 4330">
     <span class='ocr_line' id='line_1_90' title="bbox 2132 4252 3702 4330; baseline -0.005 -16"><span class='ocrx_word' id='word_1_647' title='bbox 2132 4260 2598 4330; x_wconf 85' lang='lat' dir='ltr'><strong>tribulatio,un</strong></span> <span class='ocrx_word' id='word_1_648' title='bbox 2627 4268 2936 4314; x_wconf 88' lang='lat' dir='ltr'><strong>sanctorum</strong></span> <span class='ocrx_word' id='word_1_649' title='bbox 2967 4272 3130 4314; x_wconf 89' lang='lat' dir='ltr'><strong>voces</strong></span> <span class='ocrx_word' id='word_1_650' title='bbox 3159 4257 3314 4312; x_wconf 91' lang='lat' dir='ltr'><strong>nobis</strong></span> <span class='ocrx_word' id='word_1_651' title='bbox 3341 4252 3702 4310; x_wconf 88' lang='lat' dir='ltr'><strong>testabuntur.</strong></span> 
     </span>
    </p>
   </div>
   <div class='ocr_carea' id='block_1_91' title="bbox 2128 4347 3710 4422">
    <p class='ocr_par' dir='ltr' id='par_1_91' title="bbox 2128 4347 3710 4422">
     <span class='ocr_line' id='line_1_91' title="bbox 2128 4347 3710 4422; baseline -0.004 -16"><span class='ocrx_word' id='word_1_652' title='bbox 2128 4352 2220 4407; x_wconf 63' lang='lat' dir='ltr'><strong>Ait</strong></span> <span class='ocrx_word' id='word_1_653' title='bbox 2255 4353 2396 4406; x_wconf 90' lang='lat' dir='ltr'><strong>enim</strong></span> <span class='ocrx_word' id='word_1_654' title='bbox 2421 4353 2638 4422; x_wconf 88' lang='lat' dir='ltr'><strong>quidam</strong></span> <span class='ocrx_word' id='word_1_655' title='bbox 2669 4368 2685 4405; x_wconf 88' lang='lat'><strong>:</strong></span> <span class='ocrx_word' id='word_1_656' title='bbox 2727 4370 2745 4403; x_wconf 78' lang='grc' dir='ltr'><strong>ι</strong></span> <span class='ocrx_word' id='word_1_657' title='bbox 2771 4351 3015 4417; x_wconf 86' lang='lat' dir='ltr'><strong>Domine,</strong></span> <span class='ocrx_word' id='word_1_658' title='bbox 3043 4349 3095 4404; x_wconf 92' lang='lat' dir='ltr'><strong>in</strong></span> <span class='ocrx_word' id='word_1_659' title='bbox 3126 4347 3471 4403; x_wconf 86' lang='lat' dir='ltr'><strong>tribulatione</strong></span> <span class='ocrx_word' id='word_1_660' title='bbox 3501 4360 3710 4401; x_wconf 77' lang='lat' dir='ltr'><strong>memo-</strong></span> 
     </span>
    </p>
   </div>
   <div class='ocr_carea' id='block_1_92' title="bbox 2130 4435 3703 4507">
    <p class='ocr_par' dir='ltr' id='par_1_92' title="bbox 2130 4435 3703 4507">
     <span class='ocr_line' id='line_1_92' title="bbox 2130 4435 3703 4507; baseline -0.004 -12"><span class='ocrx_word' id='word_1_661' title='bbox 2130 4456 2218 4496; x_wconf 84' lang='lat' dir='ltr'><strong>res</strong></span> <span class='ocrx_word' id='word_1_662' title='bbox 2241 4440 2441 4496; x_wconf 79' lang='lat' dir='ltr'><strong>luimus</strong></span> <span class='ocrx_word' id='word_1_663' title='bbox 2466 4442 2561 4494; x_wconf 90' lang='lat' dir='ltr'><strong>tui.</strong></span> <span class='ocrx_word' id='word_1_664' title='bbox 2598 4439 2654 4494; x_wconf 90' lang='lat' dir='ltr'><strong>lu</strong></span> <span class='ocrx_word' id='word_1_665' title='bbox 2717 4439 3060 4494; x_wconf 89' lang='lat' dir='ltr'><strong>tribulatione</strong></span> <span class='ocrx_word' id='word_1_666' title='bbox 3095 4453 3259 4507; x_wconf 86' lang='lat' dir='ltr'><strong>parva</strong></span> <span class='ocrx_word' id='word_1_667' title='bbox 3299 4435 3580 4507; x_wconf 80' lang='lat' dir='ltr'><strong>castigatio</strong></span> <span class='ocrx_word' id='word_1_668' title='bbox 3614 4448 3703 4490; x_wconf 86' lang='lat' dir='ltr'><strong>tua</strong></span> 
     </span>
    </p>
   </div>
   <div class='ocr_carea' id='block_1_93' title="bbox 440 4511 2027 4600">
    <p class='ocr_par' dir='ltr' id='par_1_93' title="bbox 440 4513 2024 4595">
     <span class='ocr_line' id='line_1_93' title="bbox 440 4513 2024 4595; baseline 0.006 -27"><span class='ocrx_word' id='word_1_669' title='bbox 440 4513 680 4584; x_wconf 85' lang='grc' dir='ltr'>ἀμείνων</span> <span class='ocrx_word' id='word_1_670' title='bbox 717 4517 764 4586; x_wconf 79' lang='grc' dir='ltr'><strong>ἡ¹</strong></span> <span class='ocrx_word' id='word_1_671' title='bbox 787 4516 1102 4589; x_wconf 80' lang='grc' dir='ltr'>σύμμετρος</span> <span class='ocrx_word' id='word_1_672' title='bbox 1144 4518 1341 4590; x_wconf 77' lang='grc' dir='ltr'>θλίψις.</span> <span class='ocrx_word' id='word_1_673' title='bbox 1379 4521 1749 4576; x_wconf 82' lang='grc' dir='ltr'>Πιστὼσονται</span> <span class='ocrx_word' id='word_1_674' title='bbox 1785 4523 1843 4576; x_wconf 83' lang='grc' dir='ltr'>δὲ</span> <span class='ocrx_word' id='word_1_675' title='bbox 1886 4524 2024 4595; x_wconf 84' lang='grc' dir='ltr'>πρὸς</span> 
     </span>
    </p>
   </div>
   <div class='ocr_carea' id='block_1_94' title="bbox 2129 4511 3709 4600">
    <p class='ocr_par' dir='ltr' id='par_1_94' title="bbox 2129 4526 3709 4600">
     <span class='ocr_line' id='line_1_94' title="bbox 2129 4526 3709 4600; baseline -0.003 -15"><span class='ocrx_word' id='word_1_676' title='bbox 2129 4531 2284 4587; x_wconf 89' lang='lat' dir='ltr'><strong>nobis</strong></span> <span class='ocrx_word' id='word_1_677' title='bbox 2318 4573 2332 4588; x_wconf 94' lang='lat'><strong>.</strong></span> <span class='ocrx_word' id='word_1_678' title='bbox 2366 4551 2387 4584; x_wconf 73' lang='grc' dir='ltr'><strong>ι</strong></span> <span class='ocrx_word' id='word_1_679' title='bbox 2446 4531 2888 4600; x_wconf 88' lang='lat' dir='ltr'><strong>Sapientissimus</strong></span> <span class='ocrx_word' id='word_1_680' title='bbox 2927 4541 3055 4583; x_wconf 87' lang='lat' dir='ltr'><strong>vero</strong></span> <span class='ocrx_word' id='word_1_681' title='bbox 3103 4527 3301 4582; x_wconf 88' lang='lat' dir='ltr'><strong>Paulus</strong></span> <span class='ocrx_word' id='word_1_682' title='bbox 3347 4527 3540 4582; x_wconf 79' lang='lat' dir='ltr'><strong>omnis</strong></span> <span class='ocrx_word' id='word_1_683' title='bbox 3577 4526 3709 4582; x_wconf 80' lang='lat' dir='ltr'><strong>boni</strong></span> 
     </span>
    </p>
   </div>
   <div class='ocr_carea' id='block_1_95' title="bbox 439 4605 2024 4687">
    <p class='ocr_par' dir='ltr' id='par_1_95' title="bbox 439 4605 2024 4687">
     <span class='ocr_line' id='line_1_95' title="bbox 439 4605 2024 4687; baseline 0.007 -30"><span class='ocrx_word' id='word_1_684' title='bbox 439 4605 598 4659; x_wconf 81' lang='grc' dir='ltr'>τοῦτο</span> <span class='ocrx_word' id='word_1_685' title='bbox 637 4608 788 4677; x_wconf 76' lang='grc' dir='ltr'>ἡμᾶς</span> <span class='ocrx_word' id='word_1_686' title='bbox 833 4609 887 4661; x_wconf 79' lang='grc' dir='ltr'>αἱ</span> <span class='ocrx_word' id='word_1_687' title='bbox 924 4610 1030 4663; x_wconf 81' lang='grc' dir='ltr'><strong>τῶν</strong></span> <span class='ocrx_word' id='word_1_688' title='bbox 1071 4610 1240 4679; x_wconf 84' lang='grc' dir='ltr'>ἁγίων</span> <span class='ocrx_word' id='word_1_689' title='bbox 1288 4613 1485 4681; x_wconf 87' lang='grc' dir='ltr'>φωναί.</span> <span class='ocrx_word' id='word_1_690' title='bbox 1553 4615 1611 4667; x_wconf 87' lang='grc' dir='ltr'>Ὁ</span> <span class='ocrx_word' id='word_1_691' title='bbox 1652 4615 1752 4686; x_wconf 84' lang='grc' dir='ltr'><strong>μὲν</strong></span> <span class='ocrx_word' id='word_1_692' title='bbox 1792 4616 1898 4687; x_wconf 89' lang='grc' dir='ltr'><strong>γάρ</strong></span> <span class='ocrx_word' id='word_1_693' title='bbox 1941 4633 2024 4679; x_wconf 91' lang='grc' dir='ltr'><strong>τις</strong></span> 
     </span>
    </p>
   </div>
   <div class='ocr_carea' id='block_1_96' title="bbox 441 4697 2024 4778">
    <p class='ocr_par' dir='ltr' id='par_1_96' title="bbox 441 4697 2024 4778">
     <span class='ocr_line' id='line_1_96' title="bbox 441 4697 2024 4778; baseline 0.007 -28"><span class='ocrx_word' id='word_1_694' title='bbox 441 4697 690 4767; x_wconf 73' lang='grc' dir='ltr'>ἔφασκε·</span> <span class='ocrx_word' id='word_1_695' title='bbox 725 4719 744 4752; x_wconf 77' lang='grc' dir='ltr'><strong>ι</strong></span> <span class='ocrx_word' id='word_1_696' title='bbox 803 4701 996 4772; x_wconf 83' lang='grc' dir='ltr'>Κύριε,</span> <span class='ocrx_word' id='word_1_697' title='bbox 1048 4704 1106 4755; x_wconf 85' lang='grc' dir='ltr'><strong>ἐν</strong></span> <span class='ocrx_word' id='word_1_698' title='bbox 1156 4703 1334 4773; x_wconf 79' lang='grc' dir='ltr'>θλίψει</span> <span class='ocrx_word' id='word_1_699' title='bbox 1383 4706 1736 4778; x_wconf 78' lang='grc' dir='ltr'>ἐμνήσθημεν</span> <span class='ocrx_word' id='word_1_700' title='bbox 1795 4724 1923 4760; x_wconf 89' lang='grc' dir='ltr'>σου·</span> <span class='ocrx_word' id='word_1_701' title='bbox 1965 4710 2024 4761; x_wconf 90' lang='grc' dir='ltr'><strong>ἐν</strong></span> 
     </span>
    </p>
   </div>
   <div class='ocr_carea' id='block_1_97' title="bbox 442 4791 2024 4870">
    <p class='ocr_par' dir='ltr' id='par_1_97' title="bbox 442 4791 2024 4870">
     <span class='ocr_line' id='line_1_97' title="bbox 442 4791 2024 4870; baseline 0.006 -26"><span class='ocrx_word' id='word_1_702' title='bbox 442 4791 620 4861; x_wconf 72' lang='grc' dir='ltr'>Θλίψει</span> <span class='ocrx_word' id='word_1_703' title='bbox 659 4797 829 4865; x_wconf 85' lang='grc' dir='ltr'>μικρᾷ</span> <span class='ocrx_word' id='word_1_704' title='bbox 859 4797 891 4865; x_wconf 77' lang='lat' dir='ltr'><strong>tl)</strong></span> <span class='ocrx_word' id='word_1_705' title='bbox 927 4795 1140 4850; x_wconf 88' lang='grc' dir='ltr'>παιδεία</span> <span class='ocrx_word' id='word_1_706' title='bbox 1179 4815 1271 4852; x_wconf 89' lang='grc' dir='ltr'><strong>σου</strong></span> <span class='ocrx_word' id='word_1_707' title='bbox 1305 4800 1456 4870; x_wconf 82' lang='grc' dir='ltr'>ἡμῖν.</span> <span class='ocrx_word' id='word_1_708' title='bbox 1495 4819 1513 4852; x_wconf 77' lang='lat' dir='ltr'><strong>s</strong></span> <span class='ocrx_word' id='word_1_709' title='bbox 1560 4801 1619 4854; x_wconf 88' lang='lat'><strong>&#39;0</strong></span> <span class='ocrx_word' id='word_1_710' title='bbox 1649 4800 1708 4853; x_wconf 83' lang='grc' dir='ltr'>δέ</span> <span class='ocrx_word' id='word_1_711' title='bbox 1740 4817 1804 4869; x_wconf 89' lang='grc' dir='ltr'><strong>γε</strong></span> <span class='ocrx_word' id='word_1_712' title='bbox 1848 4800 2024 4870; x_wconf 85' lang='grc' dir='ltr'>σοφώ-</span> 
     </span>
    </p>
   </div>
   <div class='ocr_carea' id='block_1_98' title="bbox 438 4885 2018 4963">
    <p class='ocr_par' dir='ltr' id='par_1_98' title="bbox 438 4885 2018 4963">
     <span class='ocr_line' id='line_1_98' title="bbox 438 4885 2018 4963; baseline 0.007 -29"><span class='ocrx_word' id='word_1_713' title='bbox 438 4899 599 4948; x_wconf 84' lang='grc' dir='ltr'>τατος</span> <span class='ocrx_word' id='word_1_714' title='bbox 646 4885 878 4952; x_wconf 88' lang='grc' dir='ltr'>Παῦλος,</span> <span class='ocrx_word' id='word_1_715' title='bbox 929 4889 1128 4952; x_wconf 82' lang='grc' dir='ltr'>παντὸς</span> <span class='ocrx_word' id='word_1_716' title='bbox 1173 4891 1306 4959; x_wconf 84' lang='grc' dir='ltr'>ἡμῖν</span> <span class='ocrx_word' id='word_1_717' title='bbox 1351 4890 1560 4960; x_wconf 84' lang='grc' dir='ltr'>ἀγαθοῦ</span> <span class='ocrx_word' id='word_1_718' title='bbox 1611 4891 1769 4962; x_wconf 75' lang='grc' dir='ltr'>ῥίζαν</span> <span class='ocrx_word' id='word_1_719' title='bbox 1801 4887 2018 4963; x_wconf 78' lang='grc' dir='ltr'>οἷάπερ,</span> 
     </span>
    </p>
   </div>
   <div class='ocr_carea' id='block_1_99' title="bbox 441 4978 2020 5055">
    <p class='ocr_par' dir='ltr' id='par_1_99' title="bbox 441 4978 2020 5055">
     <span class='ocr_line' id='line_1_99' title="bbox 441 4978 2020 5055; baseline 0.005 -25"><span class='ocrx_word' id='word_1_720' title='bbox 441 4979 536 5032; x_wconf 77' lang='grc' dir='ltr'>καὶ</span> <span class='ocrx_word' id='word_1_721' title='bbox 580 4978 812 5046; x_wconf 82' lang='grc' dir='ltr'>γένεσιν,</span> <span class='ocrx_word' id='word_1_722' title='bbox 846 4981 944 5052; x_wconf 85' lang='grc' dir='ltr'><strong>τὴν</strong></span> <span class='ocrx_word' id='word_1_723' title='bbox 973 4982 1150 5053; x_wconf 77' lang='grc' dir='ltr'>θλίψιν</span> <span class='ocrx_word' id='word_1_724' title='bbox 1178 4982 1366 5048; x_wconf 86' lang='grc' dir='ltr'>ἐτίθει,</span> <span class='ocrx_word' id='word_1_725' title='bbox 1393 4983 1565 5054; x_wconf 83' lang='grc' dir='ltr'>λέγων</span> <span class='ocrx_word' id='word_1_726' title='bbox 1589 5002 1604 5017; x_wconf 77' lang='grc' dir='ltr'><strong><em>ο</em></strong></span> <span class='ocrx_word' id='word_1_727' title='bbox 1646 5003 1666 5036; x_wconf 77' lang='grc' dir='ltr'><strong>ι</strong></span> <span class='ocrx_word' id='word_1_728' title='bbox 1733 4985 1798 5037; x_wconf 88' lang='grc' dir='ltr'><strong><em>Ἦ</em></strong></span> <span class='ocrx_word' id='word_1_729' title='bbox 1841 4983 2020 5055; x_wconf 82' lang='grc' dir='ltr'>θλίψις</span> 
     </span>
    </p>
   </div>
   <div class='ocr_carea' id='block_1_100' title="bbox 2124 4619 3710 4691">
    <p class='ocr_par' dir='ltr' id='par_1_100' title="bbox 2124 4619 3710 4691">
     <span class='ocr_line' id='line_1_100' title="bbox 2124 4619 3710 4691; baseline -0.004 -14"><span class='ocrx_word' id='word_1_730' title='bbox 2124 4623 2356 4677; x_wconf 84' lang='lat' dir='ltr'><strong>radicem</strong></span> <span class='ocrx_word' id='word_1_731' title='bbox 2391 4634 2444 4677; x_wconf 89' lang='lat' dir='ltr'><strong>et</strong></span> <span class='ocrx_word' id='word_1_732' title='bbox 2471 4623 2730 4691; x_wconf 79' lang='lat' dir='ltr'><strong>originem</strong></span> <span class='ocrx_word' id='word_1_733' title='bbox 2761 4621 2916 4675; x_wconf 90' lang='lat' dir='ltr'><strong>nobis</strong></span> <span class='ocrx_word' id='word_1_734' title='bbox 2965 4619 3366 4675; x_wconf 86' lang='lat' dir='ltr'><strong>tribulationem</strong></span> <span class='ocrx_word' id='word_1_735' title='bbox 3401 4619 3710 4688; x_wconf 65' lang='lat' dir='ltr'><strong>proposuit,</strong></span> 
     </span>
    </p>
   </div>
   <div class='ocr_carea' id='block_1_101' title="bbox 2124 4707 3700 4783">
    <p class='ocr_par' dir='ltr' id='par_1_101' title="bbox 2124 4707 3700 4783">
     <span class='ocr_line' id='line_1_101' title="bbox 2124 4707 3700 4783; baseline -0.005 -16"><span class='ocrx_word' id='word_1_736' title='bbox 2124 4729 2247 4768; x_wconf 92' lang='lat' dir='ltr'><strong>cum</strong></span> <span class='ocrx_word' id='word_1_737' title='bbox 2301 4713 2474 4767; x_wconf 80' lang='lat' dir='ltr'><strong>dixit:</strong></span> <span class='ocrx_word' id='word_1_738' title='bbox 2507 4710 2669 4783; x_wconf 69' lang='grc'><strong>184</strong></span> <span class='ocrx_word' id='word_1_739' title='bbox 2694 4729 2712 4762; x_wconf 77' lang='grc' dir='ltr'><strong>ι</strong></span> <span class='ocrx_word' id='word_1_740' title='bbox 2741 4709 3042 4764; x_wconf 87' lang='lat' dir='ltr'><strong>Tribulatio</strong></span> <span class='ocrx_word' id='word_1_741' title='bbox 3065 4707 3381 4778; x_wconf 84' lang='lat' dir='ltr'><strong>patientiam</strong></span> <span class='ocrx_word' id='word_1_742' title='bbox 3423 4716 3700 4776; x_wconf 87' lang='lat' dir='ltr'><strong>operatur,</strong></span> 
     </span>
    </p>
   </div>
   <div class='ocr_carea' id='block_1_102' title="bbox 2121 4799 3712 4872">
    <p class='ocr_par' dir='ltr' id='par_1_102' title="bbox 2121 4799 3712 4872">
     <span class='ocr_line' id='line_1_102' title="bbox 2121 4799 3712 4872; baseline -0.004 -16"><span class='ocrx_word' id='word_1_743' title='bbox 2121 4802 2379 4872; x_wconf 91' lang='lat' dir='ltr'><strong>patientia</strong></span> <span class='ocrx_word' id='word_1_744' title='bbox 2408 4810 2585 4857; x_wconf 90' lang='lat' dir='ltr'><strong>autem</strong></span> <span class='ocrx_word' id='word_1_745' title='bbox 2621 4800 3022 4872; x_wconf 89' lang='lat' dir='ltr'><strong>probationem,</strong></span> <span class='ocrx_word' id='word_1_746' title='bbox 3073 4799 3320 4868; x_wconf 89' lang='lat' dir='ltr'><strong>probatio</strong></span> <span class='ocrx_word' id='word_1_747' title='bbox 3350 4813 3525 4868; x_wconf 89' lang='lat' dir='ltr'><strong>spem.</strong></span> <span class='ocrx_word' id='word_1_748' title='bbox 3574 4811 3712 4866; x_wconf 79' lang='lat' dir='ltr'><strong>spes.</strong></span> 
     </span>
    </p>
   </div>
   <div class='ocr_carea' id='block_1_103' title="bbox 2123 4889 3694 4948">
    <p class='ocr_par' dir='ltr' id='par_1_103' title="bbox 2123 4889 3694 4948">
     <span class='ocr_line' id='line_1_103' title="bbox 2123 4889 3694 4948; baseline -0.004 0"><span class='ocrx_word' id='word_1_749' title='bbox 2123 4904 2301 4948; x_wconf 89' lang='lat' dir='ltr'><strong>autem</strong></span> <span class='ocrx_word' id='word_1_750' title='bbox 2341 4908 2449 4947; x_wconf 88' lang='lat' dir='ltr'><strong>non</strong></span> <span class='ocrx_word' id='word_1_751' title='bbox 2485 4891 2845 4948; x_wconf 80' lang='lat' dir='ltr'><strong>confundit“.</strong></span> <span class='ocrx_word' id='word_1_752' title='bbox 2889 4909 2909 4943; x_wconf 74' lang='grc' dir='ltr'><strong>ι</strong></span> <span class='ocrx_word' id='word_1_753' title='bbox 2949 4889 3136 4946; x_wconf 84' lang='lat' dir='ltr'><strong>Psallit</strong></span> <span class='ocrx_word' id='word_1_754' title='bbox 3169 4899 3226 4945; x_wconf 90' lang='lat' dir='ltr'><strong>et</strong></span> <span class='ocrx_word' id='word_1_755' title='bbox 3274 4889 3470 4944; x_wconf 89' lang='lat' dir='ltr'><strong>alicubi</strong></span> <span class='ocrx_word' id='word_1_756' title='bbox 3501 4889 3694 4943; x_wconf 88' lang='lat' dir='ltr'><strong>beatus</strong></span> 
     </span>
    </p>
   </div>
   <div class='ocr_carea' id='block_1_104' title="bbox 2126 4979 3704 5053">
    <p class='ocr_par' dir='ltr' id='par_1_104' title="bbox 2126 4979 3704 5053">
     <span class='ocr_line' id='line_1_104' title="bbox 2126 4979 3704 5053; baseline -0.004 -13"><span class='ocrx_word' id='word_1_757' title='bbox 2126 4985 2321 5046; x_wconf 88' lang='lat' dir='ltr'><strong>David:</strong></span> <span class='ocrx_word' id='word_1_758' title='bbox 2348 5001 2368 5036; x_wconf 76' lang='grc' dir='ltr'><strong>ι</strong></span> <span class='ocrx_word' id='word_1_759' title='bbox 2393 4983 2597 5038; x_wconf 90' lang='lat' dir='ltr'><strong>Bonum</strong></span> <span class='ocrx_word' id='word_1_760' title='bbox 2624 4984 2757 5038; x_wconf 90' lang='lat' dir='ltr'><strong>mihi</strong></span> <span class='ocrx_word' id='word_1_761' title='bbox 2799 4983 2926 5053; x_wconf 90' lang='lat' dir='ltr'><strong>quia</strong></span> <span class='ocrx_word' id='word_1_762' title='bbox 2952 4982 3246 5040; x_wconf 76' lang='lat' dir='ltr'><strong>bumiliasti</strong></span> <span class='ocrx_word' id='word_1_763' title='bbox 3273 4997 3381 5050; x_wconf 87' lang='lat' dir='ltr'><strong>me,</strong></span> <span class='ocrx_word' id='word_1_764' title='bbox 3411 4989 3473 5036; x_wconf 90' lang='lat' dir='ltr'><strong>ut</strong></span> <span class='ocrx_word' id='word_1_765' title='bbox 3493 4979 3704 5036; x_wconf 86' lang='lat' dir='ltr'><strong>discam</strong></span> 
     </span>
    </p>
   </div>
   <div class='ocr_carea' id='block_1_105' title="bbox 441 5069 2027 5148">
    <p class='ocr_par' dir='ltr' id='par_1_105' title="bbox 441 5069 2017 5148">
     <span class='ocr_line' id='line_1_105' title="bbox 441 5069 2017 5148; baseline 0.006 -28"><span class='ocrx_word' id='word_1_766' title='bbox 441 5069 717 5142; x_wconf 83' lang='grc' dir='ltr'>ὑπομονὴν</span> <span class='ocrx_word' id='word_1_767' title='bbox 744 5073 1162 5143; x_wconf 80' lang='grc' dir='ltr'>κατεργάζεται,</span> <span class='ocrx_word' id='word_1_768' title='bbox 1197 5077 1229 5146; x_wconf 79' lang='grc' dir='ltr'>ἡ</span> <span class='ocrx_word' id='word_1_769' title='bbox 1260 5075 1316 5127; x_wconf 84' lang='grc' dir='ltr'>δὲ</span> <span class='ocrx_word' id='word_1_770' title='bbox 1343 5075 1587 5147; x_wconf 83' lang='grc' dir='ltr'>ὑπομονὴ</span> <span class='ocrx_word' id='word_1_771' title='bbox 1617 5075 1866 5147; x_wconf 82' lang='grc' dir='ltr'>δοκιμὴν,</span> <span class='ocrx_word' id='word_1_772' title='bbox 1900 5077 1933 5148; x_wconf 85' lang='grc' dir='ltr'><strong>ἡ</strong></span> <span class='ocrx_word' id='word_1_773' title='bbox 1961 5076 2017 5130; x_wconf 86' lang='grc' dir='ltr'>δὲ</span> 
     </span>
    </p>
   </div>
   <div class='ocr_carea' id='block_1_106' title="bbox 2129 5069 2809 5148">
    <p class='ocr_par' dir='ltr' id='par_1_106' title="bbox 2129 5075 2809 5146">
     <span class='ocr_line' id='line_1_106' title="bbox 2129 5075 2809 5146; baseline -0.003 -16"><span class='ocrx_word' id='word_1_774' title='bbox 2129 5075 2528 5146; x_wconf 80' lang='lat' dir='ltr'><strong>iustiﬁcationes</strong></span> <span class='ocrx_word' id='word_1_775' title='bbox 2552 5083 2669 5130; x_wconf 87' lang='lat' dir='ltr'><strong>tuas</strong></span> <span class='ocrx_word' id='word_1_776' title='bbox 2692 5076 2760 5128; x_wconf 77' lang='grc'><strong>⁸³.</strong></span> <span class='ocrx_word' id='word_1_777' title='bbox 2787 5093 2809 5128; x_wconf 81' lang='lat' dir='ltr'><strong>s</strong></span> 
     </span>
    </p>
   </div>
   <div class='ocr_carea' id='block_1_107' title="bbox 437 5160 3698 5239">
    <p class='ocr_par' dir='ltr' id='par_1_107' title="bbox 437 5160 3698 5239">
     <span class='ocr_line' id='line_1_107' title="bbox 437 5160 3698 5239; baseline 0.002 -28"><span class='ocrx_word' id='word_1_778' title='bbox 437 5160 636 5233; x_wconf 81' lang='grc' dir='ltr'>δοκιμὴ</span> <span class='ocrx_word' id='word_1_779' title='bbox 687 5164 900 5230; x_wconf 86' lang='grc' dir='ltr'>ἐλπίδα,</span> <span class='ocrx_word' id='word_1_780' title='bbox 959 5167 993 5236; x_wconf 83' lang='grc' dir='ltr'>ἡ</span> <span class='ocrx_word' id='word_1_781' title='bbox 1045 5166 1101 5220; x_wconf 85' lang='grc' dir='ltr'>δὲ</span> <span class='ocrx_word' id='word_1_782' title='bbox 1131 5167 1286 5232; x_wconf 77' lang='grc' dir='ltr'>ἐλπὶς</span> <span class='ocrx_word' id='word_1_783' title='bbox 1329 5168 1390 5222; x_wconf 92' lang='grc' dir='ltr'><strong>οὐ</strong></span> <span class='ocrx_word' id='word_1_784' title='bbox 1461 5168 1838 5239; x_wconf 80' lang='grc' dir='ltr'>καταισχύνει.</span> <span class='ocrx_word' id='word_1_785' title='bbox 1874 5187 1893 5220; x_wconf 79' lang='lat' dir='ltr'><strong>s</strong></span> <span class='ocrx_word' id='word_1_786' title='bbox 1931 5169 2141 5224; x_wconf 83' lang='grc' dir='ltr'>Ψάλλει</span> <span class='ocrx_word' id='word_1_787' title='bbox 2201 5169 2260 5222; x_wconf 78' lang='grc' dir='ltr'>δέ</span> <span class='ocrx_word' id='word_1_788' title='bbox 2309 5185 2411 5222; x_wconf 89' lang='grc' dir='ltr'><strong>που</strong></span> <span class='ocrx_word' id='word_1_789' title='bbox 2439 5167 2535 5222; x_wconf 74' lang='grc' dir='ltr'>καὶ</span> <span class='ocrx_word' id='word_1_790' title='bbox 2575 5169 2616 5221; x_wconf 86' lang='grc' dir='ltr'>δ.</span> <span class='ocrx_word' id='word_1_791' title='bbox 2646 5167 2932 5232; x_wconf 83' lang='grc' dir='ltr'>θεσπέσιος</span> <span class='ocrx_word' id='word_1_792' title='bbox 2968 5166 3164 5223; x_wconf 75' lang='grc' dir='ltr'>Δαϐίδ*</span> <span class='ocrx_word' id='word_1_793' title='bbox 3225 5185 3245 5218; x_wconf 75' lang='lat' dir='ltr'><strong>s</strong></span> <span class='ocrx_word' id='word_1_794' title='bbox 3297 5161 3526 5232; x_wconf 78' lang='grc' dir='ltr'>Ἀγαθὸν</span> <span class='ocrx_word' id='word_1_795' title='bbox 3597 5176 3698 5232; x_wconf 82' lang='grc' dir='ltr'><strong>μου</strong></span> 
     </span>
    </p>
   </div>
   <div class='ocr_carea' id='block_1_108' title="bbox 437 5253 2208 5336">
    <p class='ocr_par' dir='ltr' id='par_1_108' title="bbox 437 5253 2208 5336">
     <span class='ocr_line' id='line_1_108' title="bbox 437 5253 2208 5336; baseline 0.006 -30"><span class='ocrx_word' id='word_1_796' title='bbox 437 5253 521 5307; x_wconf 82' lang='grc' dir='ltr'>ὅτι</span> <span class='ocrx_word' id='word_1_797' title='bbox 568 5256 936 5321; x_wconf 76' lang='grc' dir='ltr'>ἐταπείνωσάς</span> <span class='ocrx_word' id='word_1_798' title='bbox 982 5277 1071 5329; x_wconf 89' lang='grc' dir='ltr'><strong>με,</strong></span> <span class='ocrx_word' id='word_1_799' title='bbox 1111 5261 1259 5326; x_wconf 83' lang='grc' dir='ltr'>ὅπως</span> <span class='ocrx_word' id='word_1_800' title='bbox 1288 5263 1354 5317; x_wconf 82' lang='grc' dir='ltr'><strong>ἂν</strong></span> <span class='ocrx_word' id='word_1_801' title='bbox 1387 5264 1544 5335; x_wconf 85' lang='grc' dir='ltr'>μάθω</span> <span class='ocrx_word' id='word_1_802' title='bbox 1573 5264 1640 5318; x_wconf 79' lang='grc' dir='ltr'>τὰ</span> <span class='ocrx_word' id='word_1_803' title='bbox 1667 5265 2012 5336; x_wconf 87' lang='grc' dir='ltr'>δικαιώματά</span> <span class='ocrx_word' id='word_1_804' title='bbox 2036 5282 2149 5320; x_wconf 90' lang='grc' dir='ltr'>σου.</span> <span class='ocrx_word' id='word_1_805' title='bbox 2190 5285 2208 5317; x_wconf 75' lang='grc' dir='ltr'><strong>ι</strong></span> 
     </span>
    </p>
   </div>
   <div class='ocr_carea' id='block_1_109' title="bbox 509 5347 2018 5428">
    <p class='ocr_par' dir='ltr' id='par_1_109' title="bbox 509 5347 2018 5428">
     <span class='ocr_line' id='line_1_109' title="bbox 509 5347 2018 5428; baseline 0.008 -28"><span class='ocrx_word' id='word_1_806' title='bbox 509 5348 618 5401; x_wconf 82' lang='grc' dir='ltr'><strong>Καὶ</strong></span> <span class='ocrx_word' id='word_1_807' title='bbox 649 5347 862 5419; x_wconf 78' lang='grc' dir='ltr'>ἔσομαι</span> <span class='ocrx_word' id='word_1_808' title='bbox 894 5353 1097 5419; x_wconf 82' lang='grc' dir='ltr'>αὐτοῖς</span> <span class='ocrx_word' id='word_1_809' title='bbox 1133 5355 1214 5420; x_wconf 88' lang='grc' dir='ltr'><strong>ὡς</strong></span> <span class='ocrx_word' id='word_1_810' title='bbox 1256 5355 1515 5426; x_wconf 63' lang='lat' dir='ltr'><strong>adv-021p,</strong></span> <span class='ocrx_word' id='word_1_811' title='bbox 1557 5357 1654 5411; x_wconf 80' lang='grc' dir='ltr'>καὶ</span> <span class='ocrx_word' id='word_1_812' title='bbox 1685 5359 1764 5426; x_wconf 86' lang='grc' dir='ltr'>ὡς</span> <span class='ocrx_word' id='word_1_813' title='bbox 1793 5358 2018 5428; x_wconf 76' lang='grc' dir='ltr'>πάρδα-</span> 
     </span>
    </p>
   </div>
   <div class='ocr_carea' id='block_1_110' title="bbox 438 5441 2018 5518">
    <p class='ocr_par' dir='ltr' id='par_1_110' title="bbox 438 5441 2018 5518">
     <span class='ocr_line' id='line_1_110' title="bbox 438 5441 2018 5518; baseline 0.007 -26"><span class='ocrx_word' id='word_1_814' title='bbox 438 5444 552 5505; x_wconf 82' lang='grc' dir='ltr'>λις.</span> <span class='ocrx_word' id='word_1_815' title='bbox 585 5443 747 5495; x_wconf 86' lang='grc' dir='ltr'>Κατὰ</span> <span class='ocrx_word' id='word_1_816' title='bbox 779 5441 893 5511; x_wconf 83' lang='grc' dir='ltr'>τὴν</span> <span class='ocrx_word' id='word_1_817' title='bbox 913 5443 1057 5498; x_wconf 77' lang='grc' dir='ltr'><strong>ὁδὸν</strong></span> <span class='ocrx_word' id='word_1_818' title='bbox 1097 5445 1438 5516; x_wconf 82' lang='grc' dir='ltr'>Ἀσσυρίων</span> <span class='ocrx_word' id='word_1_819' title='bbox 1464 5449 1887 5518; x_wconf 73' lang='grc' dir='ltr'>ἁπαντήσομαι</span> <span class='ocrx_word' id='word_1_820' title='bbox 1913 5451 2018 5503; x_wconf 84' lang='grc' dir='ltr'>αὐ-</span> 
     </span>
    </p>
   </div>
   <div class='ocr_carea' id='block_1_111' title="bbox 441 5531 2014 5609">
    <p class='ocr_par' dir='ltr' id='par_1_111' title="bbox 441 5531 2014 5609">
     <span class='ocr_line' id='line_1_111' title="bbox 441 5531 2014 5609; baseline 0.004 -21"><span class='ocrx_word' id='word_1_821' title='bbox 441 5531 557 5598; x_wconf 79' lang='grc' dir='ltr'>τοῖς</span> <span class='ocrx_word' id='word_1_822' title='bbox 600 5535 680 5598; x_wconf 86' lang='grc' dir='ltr'>ὡς</span> <span class='ocrx_word' id='word_1_823' title='bbox 709 5531 927 5601; x_wconf 75' lang='grc' dir='ltr'>ἄρκτος</span> <span class='ocrx_word' id='word_1_824' title='bbox 961 5535 1362 5606; x_wconf 75' lang='grc' dir='ltr'>ἀπορουμένη,</span> <span class='ocrx_word' id='word_1_825' title='bbox 1407 5539 1504 5592; x_wconf 79' lang='grc' dir='ltr'><strong>καί</strong></span> <span class='ocrx_word' id='word_1_826' title='bbox 1534 5539 1834 5609; x_wconf 70' lang='grc' dir='ltr'>διαρῤήξω</span> <span class='ocrx_word' id='word_1_827' title='bbox 1867 5555 2014 5609; x_wconf 77' lang='grc' dir='ltr'>συγ-</span> 
     </span>
    </p>
   </div>
   <div class='ocr_carea' id='block_1_112' title="bbox 2196 5354 3698 5428">
    <p class='ocr_par' dir='ltr' id='par_1_112' title="bbox 2196 5354 3698 5428">
     <span class='ocr_line' id='line_1_112' title="bbox 2196 5354 3698 5428; baseline -0.005 -16"><span class='ocrx_word' id='word_1_828' title='bbox 2196 5357 2358 5412; x_wconf 75' lang='lat' dir='ltr'><strong>Vsns.</strong></span> <span class='ocrx_word' id='word_1_829' title='bbox 2390 5357 2446 5423; x_wconf 87' lang='lat'><strong>7,</strong></span> <span class='ocrx_word' id='word_1_830' title='bbox 2467 5357 2521 5413; x_wconf 89' lang='lat'><strong>8.</strong></span> <span class='ocrx_word' id='word_1_831' title='bbox 2547 5356 2613 5412; x_wconf 88' lang='lat' dir='ltr'><strong>Et</strong></span> <span class='ocrx_word' id='word_1_832' title='bbox 2635 5373 2726 5412; x_wconf 82' lang='lat' dir='ltr'><strong>ero</strong></span> <span class='ocrx_word' id='word_1_833' title='bbox 2745 5359 2820 5412; x_wconf 87' lang='lat' dir='ltr'><strong>eis</strong></span> <span class='ocrx_word' id='word_1_834' title='bbox 2843 5358 2999 5428; x_wconf 87' lang='lat' dir='ltr'><strong>quasi</strong></span> <span class='ocrx_word' id='word_1_835' title='bbox 3030 5357 3304 5427; x_wconf 78' lang='lat' dir='ltr'><strong>panthera,</strong></span> <span class='ocrx_word' id='word_1_836' title='bbox 3330 5363 3379 5410; x_wconf 83' lang='lat' dir='ltr'><strong>et</strong></span> <span class='ocrx_word' id='word_1_837' title='bbox 3407 5354 3544 5408; x_wconf 80' lang='lat' dir='ltr'><strong>sicut</strong></span> <span class='ocrx_word' id='word_1_838' title='bbox 3575 5369 3698 5421; x_wconf 82' lang='lat' dir='ltr'><strong>par-</strong></span> 
     </span>
    </p>
   </div>
   <div class='ocr_carea' id='block_1_113' title="bbox 2123 5446 3707 5519">
    <p class='ocr_par' dir='ltr' id='par_1_113' title="bbox 2123 5446 3707 5519">
     <span class='ocr_line' id='line_1_113' title="bbox 2123 5446 3707 5519; baseline -0.006 -16"><span class='ocrx_word' id='word_1_839' title='bbox 2123 5450 2279 5504; x_wconf 74' lang='lat' dir='ltr'><strong>dalis.</strong></span> <span class='ocrx_word' id='word_1_840' title='bbox 2303 5447 2407 5503; x_wconf 87' lang='lat' dir='ltr'><strong>Per</strong></span> <span class='ocrx_word' id='word_1_841' title='bbox 2443 5449 2580 5503; x_wconf 80' lang='lat' dir='ltr'><strong>viam</strong></span> <span class='ocrx_word' id='word_1_842' title='bbox 2607 5449 2944 5519; x_wconf 74' lang='lat' dir='ltr'><strong>Assyriorum</strong></span> <span class='ocrx_word' id='word_1_843' title='bbox 2990 5463 3262 5501; x_wconf 83' lang='lat' dir='ltr'><strong>occurram</strong></span> <span class='ocrx_word' id='word_1_844' title='bbox 3291 5447 3363 5501; x_wconf 82' lang='lat' dir='ltr'><strong>eis</strong></span> <span class='ocrx_word' id='word_1_845' title='bbox 3390 5446 3523 5501; x_wconf 84' lang='lat' dir='ltr'><strong>sicut</strong></span> <span class='ocrx_word' id='word_1_846' title='bbox 3572 5461 3707 5499; x_wconf 63' lang='lat' dir='ltr'><strong>ursa.</strong></span> 
     </span>
    </p>
   </div>
   <div class='ocr_carea' id='block_1_114' title="bbox 2124 5539 3700 5615">
    <p class='ocr_par' dir='ltr' id='par_1_114' title="bbox 2124 5539 3700 5615">
     <span class='ocr_line' id='line_1_114' title="bbox 2124 5539 3700 5615; baseline -0.003 -19"><span class='ocrx_word' id='word_1_847' title='bbox 2124 5544 2383 5615; x_wconf 86' lang='lat' dir='ltr'><strong>indigens,</strong></span> <span class='ocrx_word' id='word_1_848' title='bbox 2417 5542 2807 5614; x_wconf 81' lang='lat' dir='ltr'><strong>etdisrumpam</strong></span> <span class='ocrx_word' id='word_1_849' title='bbox 2837 5541 3224 5597; x_wconf 75' lang='lat' dir='ltr'><strong>conclusionem</strong></span> <span class='ocrx_word' id='word_1_850' title='bbox 3269 5539 3442 5595; x_wconf 78' lang='lat' dir='ltr'><strong>cordis</strong></span> <span class='ocrx_word' id='word_1_851' title='bbox 3491 5553 3700 5595; x_wconf 71' lang='lat' dir='ltr'><strong>eorum.</strong></span> 
     </span>
    </p>
   </div>
   <div class='ocr_carea' id='block_1_115' title="bbox 511 5715 2324 5793">
    <p class='ocr_par' dir='ltr' id='par_1_115' title="bbox 511 5715 2324 5793">
     <span class='ocr_line' id='line_1_115' title="bbox 511 5715 2324 5793; baseline 0.006 -21"><span class='ocrx_word' id='word_1_852' title='bbox 511 5715 559 5750; x_wconf 73' lang='grc' dir='ltr'>’θ</span> <span class='ocrx_word' id='word_1_853' title='bbox 599 5717 751 5774; x_wconf 88' lang='lat' dir='ltr'><strong>Deut.</strong></span> <span class='ocrx_word' id='word_1_854' title='bbox 795 5736 909 5787; x_wconf 85' lang='lat' dir='ltr'><strong>vm,</strong></span> <span class='ocrx_word' id='word_1_855' title='bbox 960 5722 1136 5778; x_wconf 66' lang='lat' dir='ltr'><strong>ll-la‘)’.</strong></span> <span class='ocrx_word' id='word_1_856' title='bbox 1214 5724 1256 5756; x_wconf 69' lang='lat'><strong>9‘</strong></span> <span class='ocrx_word' id='word_1_857' title='bbox 1297 5723 1452 5780; x_wconf 80' lang='lat' dir='ltr'><strong>Rom.</strong></span> <span class='ocrx_word' id='word_1_858' title='bbox 1496 5741 1549 5789; x_wconf 82' lang='grc' dir='ltr'><strong>ν,</strong></span> <span class='ocrx_word' id='word_1_859' title='bbox 1592 5725 1699 5779; x_wconf 81' lang='grc'><strong>5-5.</strong></span> <span class='ocrx_word' id='word_1_860' title='bbox 1776 5729 1821 5759; x_wconf 83' lang='grc'><strong>¹⁹²</strong></span> <span class='ocrx_word' id='word_1_861' title='bbox 1863 5724 2003 5782; x_wconf 81' lang='lat' dir='ltr'><strong>Psul.</strong></span> <span class='ocrx_word' id='word_1_862' title='bbox 2045 5742 2198 5793; x_wconf 83' lang='lat' dir='ltr'><strong>cxm,</strong></span> <span class='ocrx_word' id='word_1_863' title='bbox 2241 5726 2324 5783; x_wconf 82' lang='lat' dir='ltr'><strong>7i.</strong></span> 
     </span>
    </p>
   </div>
  </div>
