4110 6368
426 270 527 325 50⁸1

1427 269 1485 323 S.
1525 267 1804 324 CYRILLI
1844 265 2315 323 ALEXANDRINI
2356 265 2680 323 ARCHIEP.

3587 277 3693 333 δίε

433 384 495 438 1ιί
529 385 850 438 aerorabunt
883 402 968 440 eos
999 386 1071 440 ibi
1101 386 1264 439 catuli
1299 385 1462 452 silvw,
1511 387 1688 442 bestiis
1709 388 1825 458 agri
1857 386 2000 440 dila-

2119 385 2403 455 κλεισμὸν
2467 385 2718 454 καρδίας
2775 385 2994 440 αὐτῶν.
3069 390 3180 442 Kat
3249 389 3694 458 καταφάγονται

423 476 643 531 niabunl
687 494 794 531 eos.

492 656 622 714 CLI.
657 657 944 728 Postquam
968 658 1110 712 enim
1155 673 1334 713 rerum
1363 660 1691 728 prosperitas
1713 660 2002 729 perniciem

426 747 528 803 illis
556 749 784 813 creavit,
817 749 1261 818 desciscendique
1295 764 1323 799 a
1355 748 1462 802 Deo
1517 749 1858 804 occasionem
1919 760 2002 804 at-

427 840 570 904 tulit,
627 841 748 895 ideo
777 840 1027 908 deinceps
1070 841 1444 896 tribulationes
1475 843 1677 896 morbis
1702 857 2004 910 congruen-

428 933 914 1000 tesimportantur.
958 932 1198 998 Corpora
1238 933 1380 986 cnim
1442 933 1682 1002 graviter
1731 944 2004 1002 aegrotan-

427 1025 498 1077 tia
542 1033 596 1077 et
627 1024 930 1089 putrefacta
984 1024 1194 1079 lenibus
1231 1025 1644 1079 medicamentis
1693 1026 2005 1095 neutiquam

425 1116 784 1171 curabuntur:
818 1117 908 1170 sed
936 1117 1078 1170 ferro
1135 1124 1187 1171 et
1223 1116 1329 1186 igni
1361 1131 1498 1186 opus
1517 1127 1601 1171 est
1645 1116 1834 1186 magis.
1894 1116 2006 1183 Ita-

425 1223 530 1274 que
556 1209 809 1277 quoniam
845 1209 1040 1263 divinae
1065 1209 1492 1263 mansuetudinis
1541 1210 1851 1280 magnitudo
1909 1225 2006 1279 pa-

425 1317 544 1354 rum
573 1303 710 1371 apud
733 1302 1024 1362 Israelitas.
1049 1317 1115 1356 ne
1147 1303 1321 1357 dicam
1359 1301 1490 1355 nihil
1513 1302 2005 1369 omnino,profecit.

427 1393 614 1448 feralis
646 1396 891 1464 qtuedam
913 1397 1170 1451 atrocitas
1203 1397 1253 1450 in
1286 1413 1380 1454 eos
1405 1397 1729 1452 immittitur.
1762 1395 2007 1466 Seipsnm

427 1498 557 1538 vero
587 1484 778 1538 bestiis
806 1485 964 1553 longe
993 1487 1294 1554 acerrimis,
1324 1495 1379 1542 et
1431 1485 1738 1550 voracihus,
1788 1501 2010 1556 magna-

425 1589 530 1645 qne
551 1575 889 1630 immanitate
915 1578 1137 1645 perditis
1161 1588 1460 1648 comparat.
1487 1577 1600 1632 Non
1631 1579 1754 1648 quia
1817 1579 2001 1633 divina

425 1666 889 1732 etinexplieabilis
929 1677 1115 1721 natura
1169 1667 1301 1724 tales
1342 1669 1450 1723 iras
1483 1669 1642 1738 plane
1700 1669 2005 1738 concipiat,

427 1762 520 1814 sed
568 1759 694 1814 illml
758 1759 984 1815 fortasse
1049 1771 1308 1830 prmterea
1372 1762 1547 1827 docet,
1589 1762 1843 1833 Assyrios
1898 1772 2006 1816 tam
2046 1739 2087 1793 Β

428 1850 749 1921 implacabili
775 1852 853 1904 ira
892 1868 1105 1919 usuros,
1141 1853 1592 1922 inhumanosque,
1653 1853 1887 1909 immites
1930 1853 2008 1926 (et

427 1944 556 2014 quid
589 1959 692 1998 non
739 1944 955 1999 tandem
993 1945 1363 2016 lmjnsmodi?)
1409 1947 1773 2014 apparituros.
1825 1946 2005 2000 Videri

429 2044 604 2087 autem
657 2043 823 2103 queat
871 2033 962 2088 Dei
1001 2051 1134 2104 opus
1161 2050 1304 2098 esse,
1362 2034 1627 2104 siquidem
1658 2036 1708 2089 id
1765 2037 2007 2104 permisit

429 2125 544 2193 ipse
576 2134 685 2178 tam
733 2138 972 2196 agrestes
1003 2136 1055 2181 et
1096 2126 1242 2182 feros
1314 2139 1629 2197 peccatores
1682 2131 1762 2184 ira
1814 2146 2012 2186 conve-

429 2215 594 2270 nienti
635 2233 986 2286 persequens.
1013 2216 1288 2274 Inveniam
1321 2221 1483 2290 igitur
1506 2237 1600 2276 eos
1619 2233 1676 2276 ut
1711 2224 1998 2292 panthera,

430 2316 487 2362 ut
515 2308 766 2376 pardalis.
801 2309 1237 2379 Deportabuntur
1259 2313 1404 2366 enim
1467 2313 1519 2367 in
1557 2316 1857 2384 Assyriam.
1903 2315 2008 2370 Oc—

427 2415 641 2454 curram
668 2415 830 2470 porro
866 2401 944 2455 eis
967 2402 1127 2456 etiam
1165 2411 1222 2457 ut
1256 2419 1380 2459 ursa
1442 2405 1710 2472 indigens,
1740 2407 1844 2462 hoc
1903 2417 2009 2472 est,

428 2492 678 2549 csuniens
718 2491 874 2559 forte,
903 2505 993 2548 aut
1021 2497 1196 2564 captis
1241 2497 1435 2552 catulis
1459 2498 1809 2554 vehementer
1842 2500 2013 2555 tristis

428 2592 484 2634 et
509 2583 790 2638 oberrans.
822 2585 975 2640 'l‘nnc
1008 2588 1152 2640 enim
1188 2589 1527 2655 potissimum
1582 2591 1718 2644 hanc
1781 2591 2008 2644 bellnam

430 2673 609 2726 ferunt
636 2674 854 2728 insitum
890 2676 1129 2731 furorem
1160 2677 1335 2733 solere
1359 2689 1526 2732 totum
1561 2678 1857 2735 effundere.
1897 2700 1915 2732 ι
1945 2680 2014 2735 Ει

431 2765 730 2833 dirumpam
771 2767 1176 2823 conclusionem
1235 2771 1415 2824 cordis
1449 2786 1656 2824 eorum.
1695 2789 1713 2822 ι
1773 2771 2011 2827 Conclu-

433 2857 640 2911 sionem
666 2859 898 2926 appellat
936 2871 1202 2927 tutamen,
1242 2877 1334 2916 seu
1367 2864 1710 2934 praesidium:
1773 2874 2010 2920 tutamen

433 2958 611 3003 autem
632 2953 812 3005 cordis
841 2961 924 3006 est
953 2954 1200 3018 audacia,
1231 2971 1392 3024 quam
1420 2957 1541 3025 quis
1573 2955 1764 3011 adferat
1820 2966 2011 3010 contra

435 3040 660 3107 hostes;
710 3044 1083 3110 quadirupta,
1125 3045 1333 3099 timoris
1403 3045 1632 3101 affectus
1687 3047 2010 3116 ingreditur,

435 3132 676 3186 utetiam
709 3134 842 3186 citra
877 3148 1105 3204 pugnam
1140 3136 1384 3190 hostibus
1418 3135 1701 3190 victoriam
1729 3137 2010 3195 concedat.

437 3221 627 3276 Simile
662 3221 822 3291 igitur
857 3232 958 3287 est,
985 3239 1047 3276 ac
1063 3224 1106 3277 si
1139 3225 1282 3279 dicat
1310 3224 1539 3280 fortasse
1567 3243 1580 3279 :
1609 3225 1687 3278 Ad
1717 3233 2016 3280 extremam

435 3324 530 3364 eos
559 3309 897 3364 timiditatem
934 3311 1169 3382 adigam,
1197 3313 1528 3367 adversariis
1559 3329 1741 3368 ursam
1767 3313 2017 3368 esurien-

441 3412 544 3456 tem
585 3411 640 3456 et
688 3403 882 3458 catulis
942 3406 1188 3458 orbatam
1242 3405 1598 3460 imitantibus.
1633 3405 1786 3474 Quod
1836 3415 2016 3461 autem

437 3492 600 3546 etiam
631 3493 962 3562 captivitatis
991 3495 1184 3549 irretiti
1217 3496 1464 3556 vinculis.
1489 3507 1542 3551 et
1583 3497 1634 3551 in
1666 3497 2018 3566 Assyriorum

441 3585 712 3652 regionem
769 3587 1004 3652 abducti,
1058 3587 1218 3657 185
1260 3589 1568 3658 neutiquam
1627 3605 1654 3640 a
1696 3593 1899 3645 scelere
1926 3592 2019 3645 de-

438 3675 708 3744 clinaturi,
739 3678 836 3734 sed
889 3693 984 3733 eos
1039 3683 1202 3734 etiam
1266 3680 1395 3736 illuc
1450 3683 1744 3752 pravitates
1774 3683 2016 3754 ipsorum

439 3769 592 3835 quasi
651 3778 917 3824 secutura:
977 3771 1106 3836 sint,
1150 3773 1423 3840 loslendit,
1475 3788 1594 3827 cum
1645 3775 1838 3829 addit:
1902 3793 1920 3826 ι
1953 3774 2020 3828 Ει

440 3857 780 3914 devorabunt
826 3875 922 3916 eos
966 3862 1038 3916 ibi
1090 3862 1254 3917 catuli
1285 3864 1454 3930 silvae,
1490 3865 1674 3919 bestia:
1709 3866 1822 3936 agri
1886 3867 2022 3919 dila-

441 3948 785 4006 niabunteos
811 3991 824 4004 .
863 3971 880 4002 ι
929 3955 1276 4024 Assyriorum
1299 3956 1442 4010 enim
1468 3956 1646 4026 populi
1698 3956 2016 4010 intractabi-

442 4043 544 4109 les,
577 4043 770 4100 catulis
801 4045 854 4098 in
886 4045 1037 4101 silvis
1061 4046 1176 4102 sive
1220 4049 1463 4102 saltubus
1505 4057 1724 4117 propter
1751 4048 2019 4117 insignem

444 4135 714 4191 feritatem
739 4147 1147 4206 comparantur.

2082 786 2084 788 τ
2109 767 2198 803 νεν
2267 751 2450 814 αὐτοῖς

2107 476 2330 542 αὐτοὺς
2361 475 2487 530 ἐκεῖ
2513 477 2777 546 σκύμνοι
2827 475 3078 546 δρυμοῦ,
3117 478 3291 546 θηρία
3339 478 3522 549 ἀπροῦ
3570 480 3670 536 δια

2107 567 2333 623 σπάσει
2365 568 2609 634 αὐτούς.

2178 660 2352 712 PNA'.
2406 659 2622 729 Ἐπειδὴ
2667 659 2774 733 γάρ
2803 659 2900 730 τῆς
2930 658 3185 731 εὐθηνίας
3215 660 3276 714 τὸ
3309 661 3507 726 πλάτος
3539 663 3697 732 γέγο-

2524 749 2748 820 όλέθρου
2821 748 3112 821 πρόξενον,
3187 753 3281 805 καὶ
3357 752 3696 814 ἀποστασίας

2110 842 2352 913 ἀφορμὴ,
2384 841 2556 913 ταύτῃ
2584 859 2663 894 τοι
2691 842 2873 895 λοιπὸν
2916 842 2974 895 αἱ
3017 841 3225 911 θλίψεις
3253 844 3570 912 ἐπάγονται,
3603 844 3697 896 καὶ

2107 934 2388 1002 ἀναλόγως
2426 936 2538 997 τοῖς
2588 935 3008 1004 ἀῤῥωστήμασι.
3046 935 3127 988 Τά
3159 935 3269 1007 γάρ
3317 954 3398 989 τοι
3436 935 3570 988 πολὺ
3605 952 3690 988 νε-

2109 1025 2374 1097 νοσηκότα
2398 1025 2505 1078 τῶν
2537 1024 2825 1095 σωμάτων,
2853 1027 2946 1078 καὶ
2973 1026 3248 1096 σεσηπότα
3274 1027 3477 1092 λοιπὸν,
3503 1027 3695 1091 εἴξειεν

2109 1117 2360 1188 οὐδαμῶς
2407 1118 2594 1188 ὴπίοις
2644 1117 2740 1187 μὲν
2792 1117 2873 1170 ἔτι
2927 1118 3261 1188 φαρμάκοις.
3312 1119 3495 1172 Δέοιτο
3545 1120 3589 1172 δ’
3633 1118 3698 1172 ἂν

2113 1209 2312 1280 μᾶλλον
2353 1209 2448 1262 καὶ
2491 1208 2736 1279 σιδήρου,
2773 1210 2867 1262 καὶ
2912 1210 3105 1280 πυρός.
3155 1209 3363 1263 Οὐκοῦν
3402 1211 3700 1282 ἐπειδήπερ

2108 1299 2171 1352 τὸ
2194 1299 2292 1370 τῆς
2322 1298 2471 1361 θείας
2499 1297 2837 1369 ἡμερότητος
2885 1298 3116 1368 μέγεθος
3147 1298 3356 1369 ὤνησεν
3387 1299 3542 1366 ὀλίγα
3572 1300 3698 1362 τοὺς

2110 1390 2171 1456 ἐξ
2212 1389 2429 1461 Ἰσραὴλ
2462 1389 2573 1462 (ἶνα
2608 1389 2684 1462 μὴ
2713 1389 2929 1460 λέγοιμι
2977 1389 3260 1454 παντελῶς
3299 1392 3470 1460 οὐδὲν)
3511 1390 3698 1462 θηριο-

2111 1483 2330 1555 πρεπὴς
2373 1479 2558 1545 αὐτοῖς
2587 1481 2848 1552 ἀγριότης
2877 1481 3162 1550 ἐπάγεται.
3209 1483 3432 1537 Ἑαυτὸν
3464 1483 3519 1536 δὲ
3554 1501 3699 1555 παρ-

2113 1574 2320 1640 εικάζει
2348 1577 2458 1638 τοῖς
2483 1575 2564 1627 ὅτι
2599 1574 2834 1646 μάλιστα
2863 1573 2971 1628 τῶν
3007 1574 3208 1648 θηρίων
3241 1575 3584 1639 δεινοτάτοις,
3605 1577 3699 1630 καὶ

2119 1667 2314 1739 βοροῖς.
2348 1667 2442 1721 καὶ
2473 1666 2608 1720 πολὺ
2639 1665 2756 1720 λίαν
2783 1667 2964 1738 έχουσι
2989 1667 3052 1720 τὸ
3082 1670 3161 1731 είς
3195 1669 3452 1738 ὠμότητα
3481 1668 3675 1740 βλέπον

2117 1761 2229 1830 Οὐχ
2273 1759 2354 1812 ὅτι
2402 1758 2618 1822 πάντως
2667 1759 2700 1830 ἡ
2746 1758 2864 1812 θεία
2913 1776 2973 1812 τε
3023 1761 3117 1812 καὶ
3178 1758 3486 1830 ἀπόρρητος
3540 1759 3700 1829 φύσις

2117 1852 2314 1920 γένοιτ’
2349 1851 2416 1905 ἂν
2445 1853 2503 1904 ὲν
2535 1851 2814 1916 τοιαύταις
2840 1852 3054 1922 ὀργαῖς,
3087 1851 3201 1905 ἀλλ’
3229 1852 3405 1905 ἐκεῖνό
3434 1869 3534 1905 που
3563 1853 3700 1923 τάχα

2116 1940 2355 1993 διδάσκει
2389 1939 2571 2006 πάλιν,
2621 1941 2704 1994 ὅτι
2753 1941 3115 2012 κεχρήσονται
3165 1940 3263 2012 μὲν
3317 1941 3362 1994 οἱ
3426 1941 3702 2012 Ἀσσύριοι

2116 2033 2236 2095 ταῖς
2281 2031 2453 2095 οὓτως
2496 2031 2756 2102 ἀκράτοις
2803 2031 3018 2103 ὀργαῖς,
3061 2032 3416 2104 ἀπάνθρωποί
3469 2049 3549 2097 τε,
3605 2033 3701 2084 καί⁷

2117 2122 2453 2194 ἀτεράμονες
2487 2121 2604 2192 (καὶ
2652 2122 2706 2175 τί
2745 2122 2853 2193 γὰρ
2885 2123 3007 2192 οὐχὶ
3050 2122 3158 2175 τῶν
3191 2124 3443 2176 τοιούτων
3466 2123 3503 2188 ;)
3543 2139 3700 2190 γεγο-

2117 2215 2266 2278 νότες
2299 2213 2618 2268 ἁλώσονται.
2661 2212 2839 2279 Δόξειε
2867 2215 2912 2266 δ’
2937 2214 3004 2267 ἂν
3043 2210 3180 2268 εἶναι
3211 2213 3344 2267 Θεοῦ
3383 2214 3444 2266 τὸ
3471 2215 3701 2284 πραττό-

2121 2324 2302 2377 μενον,
2340 2307 2461 2360 ὲπεί
2503 2325 2584 2360 τοι
2625 2307 2878 2376 γενέσθαι
2913 2306 3332 2378 συγκεχώρηκεν
3377 2307 3559 2372 αὐτὸς,
3591 2310 3710 2372 τοῖς

2117 2399 2290 2462 οὕτως
2314 2399 2524 2469 ἀγρίως
2556 2398 2906 2471 ἡμαρτηκόσι
2941 2399 3038 2472 τὴν
3067 2400 3248 2462 αὐτοῖς
3277 2414 3591 2470 πρέπουσαν
3614 2400 3704 2469 ὀρ-

2117 2491 2222 2562 γὴν
2248 2491 2497 2560 ὲπαφείς.
2532 2491 2763 2562 Εὑρήσω
2784 2491 2963 2546 τοίνυν
3001 2492 3220 2558 αὐτοὺς,
3245 2491 3317 2554 ὡς
3362 2491 3600 2560 πάνθηρ,
3627 2489 3703 2551 ὡς

2120 2582 2406 2654 πάρδαλις.
2467 2581 3026 2652 Ἀποκομισθήσονται
3077 2583 3186 2653 γὰρ
3234 2583 3316 2645 εἰς
3347 2582 3445 2653 τὴν
3509 2581 3702 2633 Ἀσσυ-

2123 2677 2273 2748 ρίων.
2322 2676 2732 2746 Ἀπαντήσομαι
2763 2675 2819 2728 δὲ
2858 2676 3042 2739 αὐτοῖς
3089 2677 3184 2730 καὶ⁵
3212 2677 3288 2740 ὡς
3325 2675 3522 2746 ἄρκτος
3571 2677 3704 2728 ἀπο-

2123 2769 2381 2840 ρουμένη,
2434 2768 2733 2835 τουτέστιν,
2785 2769 3092 2840 ήπεινῶσα
3143 2769 3326 2838 τυχὸν,
3383 2769 3416 2840 ἦ
3470 2767 3704 2822 ἀλύουσα

2125 2860 2348 2930 σφόδρα,
2371 2859 2479 2912 τῶν
2504 2859 2759 2930 σκύμνων
2781 2859 3151 2931 ἐξῃρημένων.
3175 2860 3310 2912 Τότε
3338 2858 3446 2930 γὰρ
3471 2860 3705 2930 μάλιστά

2123 2969 2255 3021 φασι
2305 2949 2405 3020 τῆς
2452 2947 2698 3018 ἐμφύτου
2751 2949 2948 3019 μανίας
3005 2949 3085 3012 εἰς
3131 2947 3298 3020 ἄκρον
3347 2949 3599 3019 ἔρχεσθαι
3645 2948 3704 3002 τὸ

2123 3039 2331 3111 θηρίον.
2391 3056 2410 3089 ι
2470 3038 2582 3091 Καὶ
2637 3038 2913 3110 διαρρήξω
2967 3038 3330 3110 συγκλεισμὸν
3382 3039 3626 3109 καρδίας.
3680 3060 3698 3089 ι

2117 3127 2491 3200 Συγκλεισμὸν
2521 3130 2579 3183 ἐν
2603 3129 2811 3193 τούτοις
2838 3127 2936 3200 τὴν
2970 3129 3272 3198 ἀσφάλειαν
3303 3130 3470 3198 λέγει.
3514 3130 3706 3198 Ἀσφά-

2117 3222 2235 3274 λεια
2267 3221 2324 3276 δὲ
2351 3222 2579 3292 καρδίας
2611 3222 2672 3275 τὸ
2700 3220 2920 3292 θάρσος,
2949 3223 3086 3292 ὅπερ
3115 3224 3181 3278 ἂν
3213 3223 3324 3294 ἔχοι
3355 3241 3437 3286 τις
3468 3222 3588 3276 κατ’
3618 3225 3706 3294 ἐχ·

2117 3311 2282 3382 θρῶν.
2319 3307 2392 3366 Οὗ
2420 3311 2483 3383 δὴ
2509 3313 2602 3366 καὶ
2622 3311 3002 3384 διερῥωγότος,
3035 3311 3104 3365 τὰ
3135 3314 3199 3365 ὲκ
3229 3314 3329 3384 τῆς
3360 3312 3558 3376 δειλίας
3590 3314 3706 3366 εἰσ-

2118 3404 2361 3475 κρίνεται
2410 3403 2580 3474 πάθη,
2628 3403 2705 3466 ὡς
2748 3403 2842 3455 καὶ
2888 3403 3090 3473 ἀμαχεὶ
3130 3406 3242 3467 τοῖς
3295 3403 3508 3474 ἐχθροῖς
3554 3404 3707 3475 χαρί-

2120 3495 2318 3549 σασθαι
2365 3495 2426 3549 τὸ
2467 3496 2643 3566 νικᾷν.
2695 3496 2920 3565 Ὅμοιον
2966 3489 3058 3548 οὖν
3109 3494 3184 3557 ὡς
3221 3495 3366 3562 λέγοι
3411 3495 3592 3565 τυχὸν,
3625 3497 3705 3559 είς

2123 3589 2358 3658 ἐσχάτην
2409 3587 2609 3650 αὐτοὺς
2652 3586 2891 3640 κατοίσω
2935 3585 3159 3652 δειλίαν,
3201 3586 3310 3638 τῶν
3353 3587 3420 3639 δι’
3459 3586 3706 3649 ἐναντίας

2123 3680 2380 3735 πεινῶντί
2419 3697 2501 3743 τε,
2544 3679 2640 3733 καὶ
2685 3678 3050 3749 ὴτεκνωμένῳ
3091 3679 3570 3749 παρεικασθέντων
3605 3677 3703 3748 θη-

2127 3773 2278 3844 ρίων,
2334 3772 2477 3842 φημὶ
2525 3770 2588 3841 δὴ
2637 3771 2704 3840 τῇ
2763 3771 2970 3840 ἄρκτῳ.
3018 3769 3141 3822 ’Ότι
3187 3769 3242 3822 δὲ
3291 3771 3383 3822 καὶ
3438 3772 3551 3833 τοῖς
3605 3769 3705 3839 τῆς

2125 3863 2504 3935 αἰχμαλωσίας
2559 3861 2835 3923 ὲναλόντες
2889 3862 3142 3932 δεσμοῖς,
3192 3862 3285 3915 καὶ
3333 3863 3413 3926 είς
3455 3862 3553 3934 τὴν
3597 3863 3707 3915 τῶν

2136 3956 2438 4025 Ἀσσυρίων
2476 3955 2906 4025 ἀπενηνεγμένοι
2955 3954 3158 4023 χώραν,
3197 3953 3452 4024 οὐδεμίαν
3495 3953 3706 4018 ἕξουσιν

2125 4047 2414 4100 ἀπόνευσιν
2448 4045 2554 4100 τῶν
2602 4046 2812 4109 κακῶν,
2865 4046 2958 4099 καὶ
2990 4045 3211 4116 ἕψονται
3273 4046 3463 4117 ὥσπερ
3523 4047 3705 4111 αὐτοῖς

2124 4139 2347 4192 κάκεῖσε
2394 4137 2464 4191 τά
2523 4137 2792 4209 μοχθηρά,
2839 4139 3180 4212 παρέδειξεν,
3245 4138 3416 4192 εἰπών
3457 4154 3472 4169 ο
3528 4159 3546 4190 ι
3594 4141 3704 4193 Καὶ

445 4229 851 4298 καταφάγονται
891 4230 1090 4294 αὐτοὺς
1131 4230 1248 4284 ἐκεῖ
1316 4233 1544 4302 σκύμνοι
1582 4233 1809 4304 δρυμοῦ,
1851 4233 2014 4304 θηρία
2054 4230 2222 4302 ἀγροῦ
2262 4231 2554 4284 διασπάσει
2613 4231 2830 4296 αὐτούς.
2877 4251 2896 4284 ι
2955 4232 3038 4286 Τὰ
3085 4231 3194 4303 γάρ
3257 4231 3366 4285 τῶν
3407 4231 3702 4304 Ἀσσυρίων

442 4321 710 4377 ἀτιθασσα
742 4323 894 4393 γένη,
927 4323 1185 4394 σκύμνοις
1206 4326 1316 4388 τοῖς
1341 4327 1398 4378 ὲν
1425 4327 1648 4397 δρυμοῖς
1678 4327 2021 4398 παρεικάζει,
2049 4323 2184 4379 πολὺ
2225 4324 2518 4378 νενευκότα
2547 4323 2680 4395 πρὸς
2721 4325 2782 4378 τὸ
2814 4325 3105 4395 ἀνήμερον.

521 4413 681 4470 Vens.
721 4415 872 4473 9-H.
906 4416 1231 4486 Dispersiom‘
1256 4429 1381 4484 tute,
1412 4416 1600 4485 Israel,
1645 4421 1761 4490 quis
1794 4420 2015 4474 auxilia-

2203 4417 2283 4485 Τῇ
2315 4413 2614 4484 διασπορᾷ
2645 4432 2784 4479 σου,
2825 4417 3084 4486 Ἰσραὴλ,
3110 4418 3199 4482 τίς
3227 4415 3527 4484 βοηθήσει
3545 4432 3564 4481 ;
3585 4415 3704 4470 ποῦ

446 4505 629 4558 bitur?
651 4506 735 4559 ubi
762 4523 852 4560 rea:
876 4518 997 4562 tuus
1029 4509 1174 4562 iste?
1199 4509 1265 4562 Et
1296 4509 1453 4563 σαίνει
1471 4520 1517 4564 te
1547 4511 1600 4563 in
1650 4513 1888 4565 omnibus
1935 4530 2027 4566 ur-

448 4595 596 4650 bibus
620 4598 746 4651 tuis.
779 4597 988 4653 Judicet
1010 4609 1058 4654 te
1078 4618 1227 4672 quem
1259 4603 1442 4657 dixisti
1466 4619 1484 4656 :
1503 4602 1584 4656 Da
1606 4604 1735 4657 mihi
1761 4615 1932 4674 regem
1978 4616 2026 4660 et

447 4688 754 4758 principem.
777 4689 848 4743 Et
894 4693 1016 4745 dedi
1033 4694 1127 4747 tibi
1155 4693 1325 4764 fegem
1347 4696 1400 4750 in
1427 4697 1512 4749 ira
1535 4713 1671 4763 mea,
1693 4707 1740 4751 et
1790 4698 1951 4752 habui
1973 4700 2027 4752 in

448 4777 630 4849 furore
649 4797 761 4836 meo
782 4785 1235 4853 congregationem
1262 4786 1576 4856 iniquitatis.

519 4955 679 5012 CLII.
704 4957 822 5013 Dixi
841 4959 954 5028 jam
976 4969 1030 5014 et
1057 4961 1217 5030 paulo
1241 4971 1391 5027 ante,
1434 4962 1716 5020 incusasse
1741 4965 1908 5020 Deum
1957 4967 2022 5019 fi-

450 5049 552 5106 lios
575 5049 760 5115 Israel,
785 5051 910 5119 quia
947 5052 1299 5109 nihilominus
1333 5055 1629 5111 humanum
1681 5056 1867 5128 jugum
1907 5073 2023 5112 ma-

452 5141 673 5206 luerint,
704 5143 876 5197 etsub
907 5141 1004 5198 Dei
1043 5159 1208 5214 regno
1244 5146 1428 5200 vivere
1457 5148 1771 5214 abnuerint,
1803 5150 2016 5203 tametsi

451 5246 614 5300 super
659 5245 790 5286 avos
831 5246 1044 5296 eorum,
1117 5234 1275 5304 idque
1326 5251 1422 5306 per
1465 5239 1759 5307 prophetas
1816 5250 2032 5295 sanctos

454 5323 811 5393 regnavisset.
843 5325 988 5381 Dixit
1025 5327 1168 5381 enim
1218 5342 1414 5397 supra:
1475 5348 1494 5380 ι
1524 5328 1589 5383 Et
1648 5331 1700 5384 in
1768 5331 2030 5401 propheta

451 5415 638 5469 eduxit
666 5413 926 5473 Dominus
970 5417 1136 5473 Israel
1169 5433 1232 5473 ex
1293 5419 1550 5492 Egypto,
1580 5433 1636 5477 et
1663 5424 1715 5476 in
1771 5424 2031 5492 propheta

449 5516 704 5562 servatus
720 5520 804 5564 est
834 5511 940 5563 “.1
982 5511 1088 5567 Vos
1114 5521 1313 5580 autem,
1351 5514 1546 5584 inquit,
1575 5515 1679 5571 sub
1705 5514 1816 5572 Deo
1873 5531 2032 5588 agere

529 5685 573 5718 ”
603 5683 710 5743 Ose
746 5701 844 5755 xu,
889 5687 974 5744 13.

2125 4513 2159 4564 ό
2199 4509 2501 4574 ,βασιλεύς
2549 4521 2665 4562 σου
2717 4503 2931 4572 οὗτος;
2981 4506 3081 4560 καὶ
3129 4506 3482 4562 διασωσιὴω
3518 4520 3594 4560 σε
3634 4507 3705 4559 ἐν

2123 4603 2349 4668 πάσαις
2391 4599 2518 4666 ταῖς
2553 4600 2774 4654 πόλεσι
2801 4615 2938 4654 σου.
2973 4598 3241 4668 Κρινάτω
3289 4613 3363 4653 σε
3407 4599 3480 4652 ὃν
3509 4594 3704 4665 εἶπας,

2123 4693 2230 4760 δός
2253 4711 2357 4764 μοι
2405 4692 2673 4758 ,βασιλέα
2725 4692 2822 4746 καί
2867 4692 3151 4762 ἄρχοντα.
3200 4692 3309 4747 Kal
3363 4691 3556 4746 ἔδωκά
3606 4707 3708 4745 σοι

2117 4786 2386 4853 βασιλέα
2417 4787 2486 4839 ἐν
2514 4785 2660 4855 ὀργῇ
2683 4803 2824 4855 μου,
2852 4785 2948 4839 καὶ
2981 4785 3172 4855 ἔσχον
3197 4786 3267 4839 ἐν
3295 4783 3374 4850 τῷ
3402 4782 3568 4854 θυμῷ
3583 4801 3705 4854 μου

2129 4875 2488 4946 συστροφὴν
2515 4875 2769 4942 ἀδικίας.

2200 4969 2371 5021 PNB’.
2416 4969 2594 5038 Ἕφην
2629 4967 2730 5038 ἤδη
2761 4966 2854 5020 καὶ
2892 4967 2949 5018 ἐν
2979 4967 3089 5028 τοῖς
3118 4965 3373 5036 ἀνωτέρω
3401 4963 3596 5034 βραχὺ,
3624 4963 3705 5016 ὅτι

2132 5063 2425 5132 κατῃτιᾶτο
2447 5061 2578 5124 Θεὸς
2604 5062 2730 5124 τοὺς
2765 5058 2825 5124 ἐξ
2866 5059 3100 5130 Ἰσραὴλ,
3133 5060 3227 5113 καὶ
3271 5059 3379 5112 οὐδ’
3409 5059 3556 5120 ὅπως
3586 5057 3707 5110 ἐλο-

2130 5153 2322 5224 μένους
2371 5151 2433 5205 τδ
2478 5151 2840 5222 ἀνθρωπίνοις
2887 5150 3085 5220 μᾶλλον
3130 5149 3458 5220 ὑπεζεῦχθαι
3498 5149 3704 5216 ζυγοῖς,

2129 5245 2220 5297 καὶ
2250 5243 2548 5315 ἁνῄνασθαι
2573 5243 2672 5313 τὴν
2697 5243 2788 5297 ὑπ’
2821 5243 2969 5314 αὐτῷ
2997 5242 3270 5313 βασιλείαν
3306 5242 3381 5312 τῷ
3413 5240 3553 5310 Θεῷ,
3582 5240 3706 5292 καίο

2128 5352 2208 5387 τοι
2251 5333 2694 5403 βεϐασιλευκότος
2729 5334 2836 5387 τῶν
2867 5335 3255 5406 ἀρχαιοτέρων,
3306 5335 3398 5387 καὶ
3446 5333 3534 5385 διά
3573 5349 3700 5404 προ·

2128 5427 2312 5495 φητῶν
2341 5426 2530 5495 ἁγίων.
2561 5428 2704 5497 Ἔφη
2742 5427 2869 5497 γὰρ,
2897 5429 2979 5481 ὅτι
3017 5444 3036 5478 ι
3072 5428 3182 5480 Καὶ
3214 5429 3270 5479 ὲν
3295 5427 3548 5497 προφήτῃ
3576 5425 3708 5494 ἀνή-

2130 5535 2266 5588 γαγε
2297 5519 2498 5590 Κύριος
2525 5519 2615 5574 τὸν
2671 5519 2883 5592 Ἰσραὴλ
2930 5519 2990 5583 ἐξ
3034 5518 3330 5587 Αἰγύπτου,
3360 5518 3453 5572 καὶ
3487 5517 3544 5570 ἐν
3574 5533 3707 5589 προ-
