4110 6368
418 338 522 393 309

1335 351 1882 414 COMMENTARIUS
1920 360 1986 415 IN
2025 363 2256 420 OSEAM
2295 366 2736 429 PROPHETAM.

3556 384 3668 439 510

419 454 561 525 φήτῃ
606 456 955 531 διεφυλάχθη.
1006 481 1023 512 ι
1078 464 1264 535 Ὑμεῖς
1308 468 1386 531 δὲ,
1436 472 1591 541 φησὶ,
1626 472 1686 526 τὸ
1730 475 1833 528 ὑπὸ
1866 477 1977 548 Θεῷ

2085 481 2350 549 nolentes,
2384 488 2593 543 ursistis
2624 490 2835 544 beatum
2870 488 3173 547 Samuelem
3209 492 3264 547 in
3302 492 3417 549 haec
3460 496 3656 549 verba:

420 551 677 613 πράττειν
722 550 1163 622 παρωθούμενοι,
1219 558 1630 630 καταϐεϐήκατε
1672 563 1767 616 τοῦ
1809 582 1986 634 μακα-

419 634 534 726 ρίου
565 636 835 709 Σαμουὴλ,
866 641 1113 709 λέγοντες
1132 664 1145 677 ·
1186 664 1207 698 ι
1270 648 1400 703 Ἰδοὺ
1434 653 1497 703 σὺ
1530 654 1864 726 γεγήρακας,
1895 659 1989 711 καὶ

414 724 463 776 οί
492 726 596 778 υίοί
640 743 734 779 σου
776 730 835 781 ού
878 732 1196 816 πορεύονται
1236 737 1293 791 ὲν
1334 741 1401 809 τῇ
1447 739 1550 810 ὁδῷ
1599 724 1710 797 σου.
1746 745 1854 797 Καὶ
1895 746 1988 799 νῦν

416 816 753 887 κατάστησον
796 820 882 887 ἐφ’
924 823 1070 892 ἡμᾶς
1101 824 1324 894 βασιλέα
1357 827 1597 893 δικάζειν
1641 833 1807 904 ἡμᾶς,
1848 836 1988 890 καΟά

416 906 509 958 καὶ
536 908 605 960 τὰ
632 907 766 963 ἄλλα
810 910 963 983 ἔθνη,
1004 933 1021 964 ι
1071 915 1279 970 Οὐκοῦν
1312 920 1610 994 ἐπειδήπερ
1638 925 1988 981 εύϐεϐουλεῦ-

417 996 539 1051 σθαι
581 999 772 1066 δοκεῖς,
818 1004 1130 1078 ἀναστήσας
1173 1011 1265 1064 ἐπὶ
1316 1013 1498 1086 σαυτῷ
1546 1015 1790 1086 βασιλέα,
1838 1020 1982 1075 καθά

414 1090 509 1184 καί
547 1092 615 1144 τὰ
662 1093 820 1149 λοιπὰ
862 1096 1010 1168 ἔθνη,
1053 1100 1321 1166 σώζεσθαί
1360 1124 1419 1159 τε
1460 1109 1591 1180 παρ’
1619 1110 1784 1165 αὑτοῦ
1819 1130 1987 1184 προσ-

413 1179 693 1273 εδόκησας,
724 1186 824 1239 ποῦ
859 1188 953 1241 νῦν
996 1191 1103 1262 ἄρα
1149 1195 1332 1262 ἐστίν;
1399 1179 1758 1273 Ἰδοὺκαιρὺς
1783 1179 1983 1260 ἐπιδεί-

412 1270 567 1370 ξεως,
616 1276 919 1347 πολεμείτω
952 1299 1041 1335 σου
1084 1285 1176 1339 τὸν
1218 1287 1473 1360 πόλεμον,
1506 1270 1808 1359 ὁπλιζέσθω
1846 1298 1985 1370 λαμ-

412 1364 583 1435 πρῶς,
633 1370 853 1433 σωζέτω
904 1374 1003 1439 τὰς
1058 1378 1264 1445 πόλεις,
1313 1386 1697 1453 προασπιζέτω
1742 1391 1849 1446 τῶν
1881 1393 1984 1445 ὑπὸ

410 1456 586 1523 χεῖρα,
624 1460 992 1516 κατασοδείτω
1023 1465 1128 1519 τῶν
1157 1467 1223 1520 δι’
1252 1469 1521 1538 ἐναντίας,
1554 1473 1823 1530 ἐλαυνέτω
1861 1495 1984 1533 νεα-

408 1546 575 1610 νικῶς
618 1549 743 1613 τοὺς
772 1554 1074 1627 καταδῃοῦν
1112 1558 1394 1626 ἐθέλοντας
1434 1564 1614 1629 οἴκους
1642 1582 1702 1619 τε
1754 1569 1850 1621 καὶ
1887 1570 1983 1623 πό-

408 1634 536 1701 λεις.
580 1639 715 1732 ’ᾼὶᾶε
743 1644 871 1708 ἴσως
899 1648 1062 1717 ἐρεῖς,
1091 1634 1268 1705 καίτοι
1306 1653 1565 1724 φαίνομαι
1598 1657 1697 1728 μὲν
1728 1658 1803 1723 ὡς
1832 1662 1984 1732 αἶτή·

410 1731 678 1823 σαςῗεγὼ,
723 1734 785 1788 σὺ
833 1737 889 1790 δὲ
936 1741 1029 1794 καὶ
1059 1741 1202 1806 δοὺς,
1248 1746 1341 1798 καὶ⁹
1374 1749 1645 1819 κεκρικὼς
1684 1752 1741 1804 ὲν
1787 1731 1982 1823 ἀρχαῖς

2093 571 2229 628 Ecce
2258 583 2311 626 tu
2344 574 2588 641 s'enuisti,
2647 588 2696 631 et
2754 579 2846 633 lilii
2883 580 2959 634 tui
2994 595 3097 636 non
3158 581 3432 638 ambulant
3465 583 3517 637 in
3573 585 3656 637 via

2090 673 2202 717 tua.
2229 664 2451 720 Etnunc
2468 669 2735 723 constitue
2773 685 2935 740 super
2962 687 3061 726 nos
3094 688 3294 744 regem,
3337 675 3426 744 qui
3454 673 3659 743 iudicet

2089 758 2377 819 nos,sicut
2404 769 2459 813 et
2489 759 2623 814 alias
2645 771 2830 830 gentes
2868 763 2933 817 “.
2962 783 2980 815 ι
3036 766 3217 834 Itaque
3242 766 3496 836 quoniam
3565 769 3659 823 be-

2090 862 2157 902 ne
2182 847 2278 903 tibi
2305 849 2639 906 consuluisse
2664 852 2885 918 videris,
2924 854 3051 909 dum
3093 858 3186 911 tibi
3218 872 3399 927 regem
3424 858 3656 914 institui-

2088 939 2179 1005 Sti,
2214 941 2352 994 sicut
2377 942 2574 996 habent
2606 953 2813 996 caetera:
2842 956 3046 1014 gentes,
3069 962 3105 1002 a'
3128 963 3235 1017 quo
3267 948 3653 1017 defendereris,

2088 1030 2177 1084 ubi
2209 1046 2349 1086 nunc
2380 1034 2589 1087 tandem
2619 1035 2737 1089 est?
2764 1035 2865 1102 En,
2898 1045 3104 1106 tempus
3140 1048 3225 1094 est
3276 1040 3366 1094 uti‘
3388 1054 3447 1096 se
3502 1042 3656 1097 exhi-

2087 1124 2233 1189 beat,
2262 1136 2413 1192 gerat
2443 1140 2540 1195 pro
2587 1137 2638 1181 te
2687 1127 2908 1193 bellmn,
2964 1144 3114 1184 arma
3158 1130 3413 1201 fulgentia
3446 1132 3649 1197 induat,

2087 1224 2300 1271 tueatur
2329 1217 2511 1283 urbes,
2556 1228 2854 1289 propugnet
2901 1235 2997 1288 pro
3051 1221 3330 1289 subjectis,
3403 1223 3652 1293 proﬂiget

2086 1307 2446 1369 adversarios,
2497 1318 2681 1363 arceat
2746 1319 2966 1365 strenue
3012 1320 3311 1366 vastatores
3367 1314 3647 1368 domorum

2085 1407 2248 1468 atque
2303 1398 2644 1467 oppidorum.
2712 1400 2816 1454 Sed
2869 1414 3125 1456 occurres
3178 1400 3428 1456 fortasse.
3485 1402 3661 1471 Atqui.

2086 1500 2295 1545 constat
2337 1505 2422 1543 me
2460 1490 2679 1559 petisse,
2711 1499 2761 1544 te
2800 1501 2979 1546 autem
3031 1492 3266 1549 dedisse.
3315 1500 3369 1547 et
3429 1496 3665 1550 unxisse

2084 1582 2313 1651 primmn
2345 1596 2521 1650 regem
2548 1580 2676 1636 Saul
2706 1583 2773 1635 ".
2836 1582 2928 1636 Est
2961 1583 3055 1646 ita,
3088 1602 3106 1633 ι
3146 1583 3359 1653 inquit;
3399 1602 3415 1635 ι
3444 1588 3536 1640 sed
3598 1590 3648 1641 in

2085 1673 2160 1726 ira
2192 1672 2315 1725 dedi
2341 1673 2657 1741 principem,
2681 1681 2735 1726 et
2758 1673 2916 1727 habui
2954 1673 3003 1726 in
3024 1672 3207 1728 furore
3244 1688 3367 1728 meo
3426 1688 3652 1741 congru-

2084 1764 2352 1832 gationem
2410 1762 2727 1831 iniquitatis,
2767 1782 2784 1813 ι
2826 1772 2883 1817 ut
2924 1763 3117 1832 injuria
3156 1764 3253 1818 abs
3296 1772 3348 1817 te
3404 1764 3649 1827 affectus,

404 1818 495 1924 τὸν
523 1822 717 1924 ξαούλ.
758 1827 866 1880 Ναί
900 1848 1084 1901 φησιν,
1115 1833 1253 1900 ἀλλ’,
1292 1856 1311 1886 ι
1362 1839 1451 1892 Ἐν
1480 1818 1622 1912 γόργῇ
1669 1818 1977 1898 δέδωκα-τὸν

2083 1863 2136 1906 et
2163 1854 2543 1922 propemodum
2568 1854 2686 1923 ipso
2732 1854 2925 1908 throno
2972 1855 3123 1924 regni
3173 1855 3449 1923 expulsus,
3508 1858 3657 1922 quod

406 1913 724 1983 ἡγούμενον,
770 1920 864 1971 καὶ
911 1920 1070 1992 ἔσχον
1114 1926 1171 1977 ὲν
1211 1926 1289 1997 τῷ
1326 1927 1483 1999 θυμῷ
1529 1950 1629 2003 μου
1681 1938 1981 2007 συστροφὴν

404 2004 635 2069 ἀδικίας,
674 2007 749 2071 ὡς
774 2009 1099 2082 ἠδικημένος
1131 2017 1281 2088 παρὰ
1316 2019 1433 2083 σοῦ,
1471 2040 1489 2073 ι
1523 2024 1672 2092 φησί.
1718 2004 1892 2078 Μόνον
1923 2004 1977 2079 δὲ

403 2095 542 2164 οὐχὶ,
572 2098 663 2150 καὶ
689 2098 796 2151 τῶν
833 2104 932 2173 τῆς
955 2102 1228 2173 βασιλείας
1266 2109 1456 2165 θώκων
1487 2112 1875 2186 ἐξωθούμενος,
1920 2119 1979 2171 τό

404 2182 637 2258 γεῆκον
667 2191 746 2253 είς
780 2192 841 2244 τὸ
877 2194 958 2247 σοὶ
1001 2196 1210 2263 δοκοῦν,
1256 2201 1576 2275 τεθύμωμαι
1623 2182 1762 2262 λίαν.
1813 2209 1976 2280 Πλὴν.

403 2279 667 2348 ἀνέδειξα,
696 2284 894 2352 καίτοι,
924 2287 985 2340 τὸ
1011 2290 1219 2361 χρῆμα,
1261 2296 1414 2365 φησὶ,
1447 2296 1546 2349 οὐκ
1581 2298 1875 2368 ἀναγκαῖον
1905 2279 1980 2353 εἱ-

402 2371 507 2436 δὼς
544 2376 623 2438 είς
648 2377 851 2448 ὄνησιν.
898 2382 1035 2435 Ἀλλ’
1057 2384 1141 2437 ἵνα
1171 2403 1229 2439 σε
1250 2388 1356 2441 τῶν
1386 2392 1727 2461 πραγμάτων
1760 2395 1979 2464 ἡπεῖρα

402 2464 790 2542 πληροφορήσῃ
830 2474 1030 2539 καλῶς,
1081 2477 1162 2529 ὅτι
1215 2480 1399 2542 σκαιὰ,
1450 2484 1543 2535 καὶ
1581 2484 1828 2555 ἄχρηστα
1875 2487 1978 2537 κάν

401 2554 574 2625 τούτῳ
598 2557 963 2627 βεϐούλευσαι.
996 2564 1106 2617 Ποῦ
1151 2566 1258 2638 γὰρ
1301 2569 1395 2623 νῦν
1422 2572 1587 2639 ἐστιν,
1711 2554 1843 2627 ποία
1878 2574 1979 2627 λοι-

400 2646 501 2699 πὸν
534 2648 592 2715 ἐξ
623 2650 784 2705 αὐτοῦ
825 2654 1016 2721 γένοιτ’
1055 2658 1121 2710 ἂν
1160 2662 1273 2723 τοῖς
1319 2661 1744 2735 πολεμουμένοις
1775 2669 1805 2737 ή
1851 2668 1975 2737 ὄνη-

2078 1946 2292 2013 quidem
2326 1945 2390 1999 ad
2420 1955 2470 1999 te
2497 1946 2894 2001 attinet.lratus
2927 1961 3044 2000 sum
3076 1946 3237 1999 etiam
3268 1954 3426 2014 atque
3463 1947 3646 2000 etiam.

2079 2036 2470 2091 Verumtamen
2510 2037 2786 2106 designavi
2812 2078 2845 2102 ,π
2887 2036 3134 2105 quamvis
3189 2052 3308 2091 eam
3380 2052 3490 2091 rem
3538 2037 3648 2090 sci-

2080 2142 2189 2181 rem
2221 2143 2323 2180 non
2347 2142 2468 2182 esse
2497 2129 2859 2182 necessariam
2893 2136 2948 2181 et
2997 2127 3422 2192 conducibilem;
3456 2127 3547 2180 sed
3592 2135 3661 2179 ut.

2079 2227 2131 2270 tu
2187 2218 2360 2287 reipsa
2406 2219 2618 2285 doctus,
2667 2219 2830 2286 probe
2870 2231 3221 2287 cognosceres
3272 2226 3322 2269 te
3381 2216 3544 2269 etiam
3594 2216 3647 2266 in

2079 2310 2178 2361 hoc
2206 2309 2423 2363 stultum
2447 2318 2500 2363 et
2536 2310 2723 2363 inutile
2747 2308 3033 2364 consilium
3075 2309 3304 2378 cepisse.
3344 2304 3440 2361 Ubi
3502 2306 3644 2360 enim

2077 2416 2217 2453 nunc
2270 2410 2374 2465 est,
2419 2410 2655 2467 autquze
2704 2402 2755 2454 in
2813 2401 3050 2455 futurum
3101 2397 3421 2467 oppugnatis
3453 2395 3520 2449 ab
3581 2411 3647 2449 eo

2074 2492 2433 2558 exspectanda
2491 2492 2739 2547 utilitas?
2798 2492 2952 2558 Quod
2987 2491 3030 2546 si
3095 2505 3308 2544 rursum
3356 2490 3455 2544 sub
3495 2488 3647 2543 beni-

2074 2580 2275 2648 gnitate
2299 2592 2352 2634 et
2375 2590 2639 2649 potestate
2673 2598 2789 2637 mea
2812 2597 2979 2646 esses,
3012 2582 3231 2636 omnino
3263 2579 3495 2635 inimicis
3542 2579 3661 2631 tuis.

2073 2670 2319 2739 superior
2353 2671 2637 2729 videreris.

402 2756 517 2837 ξηῗῖ
546 2745 696 2837 ῙΑλΥ
746 2743 900 2820 εἴπερ
943 2746 1086 2821 ἦσθα
1134 2753 1294 2808 πάλιν
1342 2758 1448 2811 ὑπὸ
1500 2759 1598 2830 τὴν
1662 2761 1799 2832 ἐμὴν
1834 2762 2000 2831 φειδῶ
2062 2781 2142 2830 τε,
2184 2765 2276 2819 καὶ
2323 2768 2499 2837 χεῖρα,
2549 2767 2765 2830 πάντως
2816 2767 2882 2821 ἂν
2923 2765 3110 2837 ὤφθης
3155 2766 3213 2819 ὲν
3256 2763 3500 2834 ἀμείνοσι
3540 2760 3655 2814 τῶν

398 2833 630 2904 ἐχθρῶν.

480 2923 749 2997 Ἐφραῒμ,
778 2930 1181 3005 ἐγκεκρυμένη
1219 2939 1257 3006 ἡ
1292 2938 1545 3007 ἁμαρτία
1573 2943 1778 2997 αὑτοῦ.
1829 2946 1973 2999 Ὠδῖ-

397 3032 502 3081 νες
540 3018 621 3083 ὡς
652 3024 970 3091 τικτούσης
1015 3026 1276 3093 ἥξουσιν
1313 3032 1493 3097 αὐτῷ.
1528 3030 1715 3101 Οὗτος
1760 3040 1792 3089 ὁ
1843 3040 1972 3103 υἱός

398 3121 535 3174 οιου.
576 3112 609 3163 ό
650 3112 953 3182 φρόνιμος,
1005 3117 1153 3172 διότι
1204 3122 1276 3175 οὐ
1311 3121 1396 3191 μὴ
1448 3125 1689 3195 ὺποστῇ
1721 3127 1790 3180 ἐν
1831 3144 1971 3182 συν-

398 3197 569 3267 τριϐῇ
596 3199 834 3257 τέκνων.

468 3291 635 3347 PNF’.
679 3295 868 3363 Τοῦτο,
919 3296 1071 3369 οἶμαι
1121 3323 1139 3355 ι
1180 3307 1318 3371 ἐστὶ,
1352 3308 1433 3375 τὸ,
1478 3310 1735 3365 συνέλαϐε
1791 3314 1969 3380 πόνον,

399 3383 494 3475 atati.
538 3384 720 3439 ἔτεκεν
754 3388 1006 3459 ἀνομίαν.
1063 3413 1081 3446 ι
1134 3396 1220 3450 Ἐν
1269 3399 1466 3469 ἀρχαῖς
1510 3402 1608 3472 μὲν
1642 3402 1749 3474 γὰρ
1810 3405 1971 3475 Ἰερο-

399 3473 562 3568 ϐοάμ,
598 3478 686 3530 ἵνα
710 3478 819 3532 τῶν
849 3484 1140 3555 σκήπτρων
1177 3488 1251 3560 μὴ
1283 3490 1498 3563 άπὼσῃ,
1518 3493 1619 3557 τὰς
1645 3473 1784 3549 κατὰ
1811 3473 1973 3568 νόμον

399 3564 588 3659 θυσίας
617 3569 966 3644 ἀποπληροῦν
992 3576 1264 3643 ἐθέλοντος
1295 3582 1387 3635 τοῦ
1423 3585 1656 3657 Ἰσραὴλ,
1686 3564 1887 3659 ταύτης
1914 3609 1972 3645 τε

398 3653 559 3749 suam
585 3660 686 3730 τῆς
722 3663 901 3727 αἰτίας
935 3666 1331 3737 άναςροιτῶντος
1363 3674 1442 3737 είς
1484 3653 1973 3749 ’ίεροσὸλυμαίτάς

397 3747 661 3839 δαμάλεις
689 3755 948 3826 ἐπενόησε
978 3759 1076 3822 τὰς
1104 3765 1326 3832 χρυσᾶς.
1359 3767 1469 3820 Καὶ
1500 3767 1691 3839 ὥσπερ
1715 3747 1839 3823 τινὰ
1877 3790 1973 3824 πο-

398 3837 564 3907 νηροῦ
596 3840 908 3912 σπέρματος
942 3849 1247 3921 καταϐολὴν
1277 3854 1355 3917 εἰς
1387 3855 1509 3909 νοῦν
1541 3837 1770 3927 ἐδέχετο,
1804 3878 1973 3913 κατα-

398 3930 808 4021 κεχρωσμένην,
845 3934 1032 4008 ὥσπερ
1066 3941 1157 3993 καὶ
1186 3942 1637 4018 ἑγκεκρυμμένην
1666 3949 1763 4019 τὴν
1798 3951 1976 4021 ἁμαρ-

396 4016 535 4071 τίαν.
582 4020 719 4074 Ἀλλ’
747 4023 865 4092 ἥξει
893 4030 1023 4096 φησι
1046 4029 1140 4082 καὶ
1159 4033 1186 4083 ὁ
1210 4032 1316 4084 τῶν
1337 4034 1540 4088 ὠδίνων
1568 4016 1775 4107 καιρός.
1805 4016 1975 4102 Οὗτος

393 4107 441 4160 δ’
474 4108 539 4163 ἂν
575 4114 745 4166 νοοῖτο
799 4116 979 4181 πάλιν,
1012 4120 1040 4171 ὃ
1088 4138 1146 4173 τε
1180 4123 1274 4175 τοῦ
1330 4125 1568 4196 πολέμου
1602 4130 1695 4181 καὶ
1728 4130 1828 4199 τῆς
1857 4133 1975 4201 αἰχ-

399 4200 697 4292 μαλωσίας.
734 4208 797 4260 Ei
823 4208 932 4280 γὰρ
960 4210 1055 4263 καὶ
1089 4212 1164 4283 μὴ
1190 4214 1339 4285 αὑτῷ
1372 4217 1566 4288 συνέϐη
1598 4220 1677 4289 τῷ
1712 4200 1971 4292 Ἐφραῖμ,

395 4291 511 4344 ἀλλ’
544 4290 636 4347 οῦν
690 4300 804 4361 τοῖς
848 4301 908 4365 ἐξ
947 4300 1111 4354 αὐτοῦ
1147 4306 1447 4372 γεγονόσιν,
1495 4310 1664 4380 ἤγουν
1708 4315 1822 4376 τοῖς
1871 4314 1974 4383 τῆς

394 4382 569 4454 ἀρχῆς
617 4386 881 4460 διαδόχοις
936 4393 1167 4464 ἐπῆλθον
1221 4397 1363 4451 κατά
1422 4403 1681 4473 καιροὺς,
1736 4404 1817 4457 ὅτι
1871 4382 1972 4476 τῆς

2152 2945 2312 3016 186
2377 2946 2536 2999 \‘Ens.
2608 2944 2694 3011 12,
2760 2945 2849 3001 15.
2930 2942 3208 3013 Ephraim,
3286 2946 3659 3001 absconditum.

2075 3052 2342 3105 peccatum
2382 3046 2515 3107 ejus.
2548 3038 2763 3092 Dolores
2788 3038 2939 3107 quasi
2973 3039 3315 3107 parturientis
3350 3041 3548 3094 venient
3571 3043 3641 3095 ei.

1998 3169 2043 3230 ρ
2075 3131 2183 3185 lue
2219 3132 2361 3199 ﬁlius
2413 3142 2554 3193 tuus,
2575 3132 2674 3185 iste
2704 3130 2953 3200 prudens,
2989 3132 3113 3201 quia
3141 3148 3243 3185 non
3270 3134 3544 3187 sustinebit
3594 3138 3657 3187 in

2074 3224 2381 3275 contritione
2405 3222 2655 3291 ﬁliorum.

2141 3311 2317 3365 CLIII.
2350 3312 2461 3366 lloc
2483 3311 2610 3365 illml
2633 3320 2735 3377 est,
2770 3311 2845 3367 uti
2875 3327 3019 3377 reor,
3050 3331 3068 3365 ι
3101 3314 3349 3383 concepit
3383 3314 3645 3380 dolorem,

2072 3412 2128 3456 et
2158 3402 2366 3472 peperit
2400 3402 2732 3471 iniquitatem
2757 3402 2855 3453 ⁸⁸.»
2890 3401 3157 3471 Principio
3176 3402 3317 3457 enim
3341 3402 3644 3467 Jerohoam,

2073 3508 2142 3549 ne
2170 3502 2385 3562 sceptro
2404 3494 2728 3563 privaretur,
2756 3492 2950 3548 lsraele
2978 3493 3183 3549 scilicet
3212 3494 3444 3563 legitima
3477 3496 3647 3549 sacri-

2074 3586 2191 3640 ﬁcia
2235 3600 2516 3655 usurpare,
2539 3594 2594 3639 et
2630 3586 2699 3640 ob
2750 3584 2891 3638 hanc
2939 3599 3156 3639 causam
3219 3584 3644 3653 Hierosolymam

2073 3677 2365 3732 ascendere
2432 3677 2721 3745 cupiente,
2775 3675 2970 3729 vitulos
3032 3690 3222 3730 aureos
3287 3677 3645 3746 excogitavit,

2074 3777 2458 3837 peccatumque
2488 3768 2635 3822 velut
2664 3769 2958 3822 coloratum
2988 3778 3359 3822 etcontectum
3383 3779 3638 3839 tanquam

2075 3858 2273 3913 malum
2317 3874 2497 3914 semen
2538 3860 2590 3914 in
2622 3861 2859 3914 animum
2916 3860 3137 3929 recepit.
3162 3860 3264 3912 Sed
3306 3861 3514 3924 veniet,
3567 3863 3650 3915 iu-

2074 3951 2205 4019 qnit,
2233 3960 2289 4004 et
2321 3960 2530 4019 tempus
2583 3952 2826 4006 dolorum
2854 3962 3058 4020 partus.
3090 3951 3241 4018 Quod
3280 3953 3494 4020 quidem
3522 3951 3653 4006 belli.

2073 4051 2123 4095 et
2180 4041 2507 4109 captivitatis
2553 4050 2728 4112 potest
2768 4042 3014 4111 intelligi.
3044 4040 3301 4107 Quamvis
3341 4041 3480 4093 enim
3539 4058 3651 4094 non

2076 4136 2174 4207 ipsi
2209 4136 2487 4207 Ephraim,
2510 4137 2742 4206 p05teris
2773 4147 2949 4191 tamen
2978 4137 3118 4207 ejus,
3144 4142 3257 4191 sive
3311 4135 3641 4189 successori-

2073 4226 2172 4281 bus
2220 4228 2272 4281 in
2316 4227 2640 4296 principatu,
2696 4235 2758 4281 ut
2802 4227 3093 4295 impietatis
3140 4226 3498 4290 imitatorilms
3548 4224 3646 4277 ali-

2074 4317 2288 4387 quando
2318 4317 2514 4373 evenit.
2545 4316 2706 4383 Quasi
2738 4317 2898 4386 igitur
2922 4317 3258 4388 SynagOgam
3294 4318 3344 4371 in
3400 4314 3646 4370 Samaria

2074 4409 2421 4479 compellans,
2482 4410 2675 4479 inquit.
2731 4408 2863 4475 Quis
2935 4420 2986 4463 te
3030 4408 3287 4463 salvabit?
3341 4425 3464 4462 num
3509 4408 3647 4461 [ilius

395 4475 603 4570 ἐκείνου
658 4478 975 4547 δυσσεϐείας
1028 4488 1280 4555 γεγόνασι
1351 4492 1603 4562 μιμηταί.
1656 4475 1971 4565 Διαλέγεται

2080 4475 2305 4553 ιιιιιείιίο
2331 4475 2607 4568 prudens?
2647 4499 2880 4553 Dicendo
2902 4516 2920 4550 ι
2964 4500 3050 4554 hic
3077 4518 3099 4550 ι
3127 4509 3222 4552 aut
3255 4498 3366 4553 illis
3393 4498 3651 4565 teu‘ipori-

392 4568 572 4623 τοίνυν
603 4572 678 4636 ὡς
706 4576 843 4646 πρὸς
864 4577 962 4647 τὴν
991 4578 1049 4632 ἐν
1080 4582 1146 4651 τῇ
1183 4582 1466 4656 Σαμαρείᾳ
1498 4589 1840 4659 συναγωγὴν,
1876 4590 1971 4644 καί

2076 4594 2165 4645 bus
2188 4597 2498 4659 regnantem
2531 4588 2920 4659 signiﬁcat,qui
2938 4598 2992 4644 et
3011 4590 3317 4659 opinionem
3345 4588 3647 4658 prudentiae.

395 4676 547 4730 φησι,
585 4661 668 4724 τίς
699 4680 758 4715 σε
788 4664 1079 4734 διασώσει;
1130 4665 1239 4740 ἆρα
1269 4674 1296 4724 ὁ
1325 4674 1436 4737 υἱός
1482 4691 1574 4727 σου
1607 4673 1757 4740 οὗτος
1786 4680 1813 4731 ὀ
1838 4679 1971 4751 φρό-

2076 4676 2409 4748 habebat(ea
2460 4676 2603 4730 enim
2645 4678 2970 4744 imperantes
3025 4690 3239 4743 semper
3291 4674 3501 4743 decet),
3556 4683 3650 4726 aut

392 4768 578 4821 νιμος;
610 4755 797 4824 Λέγων
834 4757 891 4810 δὲ
924 4760 1005 4826 τὸ,
1046 4779 1065 4812 ι
1102 4757 1273 4829 οὗτος,
1314 4783 1332 4816 ι
1372 4765 1404 4837 ἢ
1438 4766 1530 4820 τὸν
1569 4768 1710 4822 κατά
1743 4773 1968 4842 καιροὺς

2076 4779 2210 4825 certe
2227 4768 2370 4822 aliud
2394 4766 2666 4837 quidpiam
2696 4776 2750 4824 et
2771 4768 2996 4837 tempori
3030 4774 3451 4822 consentaneum
3487 4765 3648 4818 tacite

394 4842 746 4912 βασιλεύοντα
774 4848 1067 4918 δείκνυσιν,
1107 4853 1165 4918 ὃς
1199 4857 1292 4908 καὶ
1335 4856 1433 4928 τὴν
1471 4857 1565 4911 τοῦ
1609 4860 1785 4915 δοκεῖν
1827 4858 1967 4917 εἶναι

2076 4860 2287 4923 indicat,
2324 4875 2430 4929 quo
2476 4860 2638 4914 etiam
2691 4859 3007 4914 vaticinium
3054 4867 3277 4929 spectat.
3326 4858 3647 4926 (Regnante

395 4937 616 5001 συνετὸς
653 4939 865 5010 ἐδέχετο
913 4943 1069 5009 δόξαν
1121 4946 1447 5018 (παρέπεται
1498 4949 1609 5022 γὰρ
1651 4952 1811 5007 τοῦτο
1853 4957 1967 5017 τοῖς

2076 4951 2204 5006 enim
2233 4951 2413 5004 Acbaz
2444 4963 2604 5019 super
2625 4948 2817 5005 Judam
2838 4948 3223 5023 Hierosolymis
3250 4963 3389 5002 anno
3414 4946 3641 5009 decimo,

391 5030 685 5099 κρατοῦσιν
710 5033 818 5103 ἀεὶ)
852 5034 884 5104 ἢ
918 5035 1046 5103 γοῦν
1084 5036 1266 5108 ἕτερόν
1294 5058 1365 5103 τι,
1397 5041 1490 5095 καὶ
1516 5041 1594 5113 τῷ
1624 5044 1969 5128 καιρῷρτρέ-

392 5138 492 5175 πον
522 5123 794 5193 ὑποδηλοῖ,
826 5125 948 5180 καθ’
976 5126 1005 5180 ὃ
1038 5129 1132 5181 καὶ
1162 5130 1190 5181 ὁ
1226 5130 1326 5201 τῆς
1372 5135 1708 5204 προφητείας
1751 5123 1970 5204 ἐγένετο

389 5214 569 5283 λόγος.
603 5234 622 5267 ‹
660 5217 1043 5282 Βασιλεύοντος
1072 5219 1179 5289 γὰρ
1238 5221 1332 5274 τοῦ
1374 5222 1540 5293 Ἀχάζ
1569 5225 1660 5277 ἐπὶ
1701 5224 1792 5278 τὸν
1834 5224 1966 5278 Ἰού-

390 5306 486 5359 δαν
514 5309 572 5359 ἐν
592 5309 703 5371 τοῖς
744 5309 1154 5381 Ἱεροσολύμοις,
1187 5313 1245 5366 ὲν
1271 5313 1539 5386 ἑνδεκάτῳ
1575 5315 1705 5380 ἔτει,
1747 5316 1969 5387 βεϐασί-

390 5397 583 5451 λευκεν
628 5401 685 5453 ἐν
724 5403 787 5471 τῇ
820 5401 1101 5474 Σαμαρείᾳ
1139 5403 1231 5458 ἐπὶ
1260 5405 1349 5459 τὸν
1406 5406 1620 5479 Ἰσραὴλ
1661 5408 1817 5480 Ὠσηὲ
1855 5409 1970 5473 υἱὸς

402 5492 557 5555 Ἦλά,
587 5494 646 5558 ὃς
676 5495 894 5565 ἐποίησε
921 5496 980 5549 τὸ
1009 5498 1242 5569 πονηρὸν
1271 5500 1329 5552 ὲν
1358 5499 1657 5571 ὀφθαλμοτς
1686 5501 1909 5572 Κυρίου.
1944 5520 1961 5553 ι

406 5584 569 5638 ’Δλλά
600 5587 719 5639 κατ’
745 5588 920 5642 έκεῖνο
947 5590 1138 5660 καιροῦ
1182 5593 1616 5663 κατεστράτευσε
1652 5593 1752 5663 τῆς
1787 5594 1972 5663 Σαμα-

466 5764 515 5797 ⁹⁵
554 5765 570 5819 l
609 5765 742 5836 Reg.
797 5781 910 5834 VIII,
953 5768 1005 5824 6.
1082 5771 1126 5801 ³⁸
1160 5769 1177 5823 1
1215 5767 1346 5839 Reg.
1397 5786 1450 5837 κ,
1495 5771 1543 5824 I.

1622 5772 1666 5803 ⁹⁶
1698 5770 1796 5826 Job
1834 5785 1921 5835 xv,
1938 5766 2028 5823 35.

2078 5041 2324 5110 regnavit
2353 5041 2405 5094 in
2442 5038 2685 5094 Samaria
2720 5054 2883 5109 super
2919 5040 3085 5095 Israel
3134 5038 3270 5095 Osee
3313 5038 3452 5091 filius
3502 5037 3597 5089 Eia
3628 5076 3644 5099 ,

2054 5131 2164 5201 qui
2185 5130 2319 5186 fecit
2347 5131 2547 5185 malum
2592 5130 2646 5185 in
2681 5131 2852 5187 oculis
2882 5131 3093 5186 Domini
3124 5131 3221 5184 ⁸⁷.»
3244 5130 3507 5183 Caeterum
3552 5142 3648 5196 per

2073 5221 2205 5276 illud
2273 5232 2481 5292 tempus
2525 5222 2721 5293 irrupit
2768 5237 2888 5277 cum
2946 5222 3183 5276 exercitu
3245 5221 3299 5273 in
3345 5218 3644 5271 Samariam

2068 5313 2417 5369 Salmanasar
2445 5329 2538 5369 rex
2558 5314 2927 5386 Assyriorum,
2945 5333 2964 5365 ι
2984 5323 3037 5370 et
3059 5313 3231 5368 factus
3258 5321 3341 5367 est
3364 5313 3433 5374 ei,
3452 5309 3644 5379 inquit,

2068 5403 2206 5460 Osee
2234 5420 2421 5459 servus
2442 5406 2540 5459 ³³.»
2596 5405 2771 5462 Iratus
2811 5415 2894 5461 est
2929 5416 3110 5461 autem
3156 5405 3229 5459 illi
3296 5404 3647 5458 vehementer

2067 5498 2319 5569 Assyrius
2341 5498 2442 5552 hac
2476 5499 2540 5553 de
2564 5514 2748 5554 causa.
2771 5499 2915 5554 Misit
2939 5499 3136 5569 quippe
3166 5499 3233 5553 ad
3253 5511 3373 5552 eum
3407 5495 3647 5560 nuntios,

2068 5590 2690 5662 petensmanaa(dona)
2715 5597 2769 5645 et
2811 5607 2930 5661 qua:
2957 5591 3183 5646 solebat.
3213 5588 3438 5660 llle_sibi
3460 5587 3529 5641 ab
3579 5600 3646 5641 eo

2105 5764 2149 5796 "
2186 5762 2423 5834 lVdicg.
2468 5780 2596 5831 xvtt,
2642 5766 2691 5833 Ι,
2733 5767 2787 5821 ‘2.
2866 5767 2912 5801 ’⁸
2944 5767 3078 5825 Ibid.
3117 5768 3189 5828 Ξ..
