4110 6368
422 330 523 387 511

1424 333 1482 390 S.
1524 332 1801 389 CYRILLI
1840 331 2311 387 ALEXANDRINI
2350 331 2677 388 ARCHIEP.

3602 333 3709 389 512

424 445 682 514 imperari
749 461 855 503 non
902 451 1210 514 sustinens,
1260 447 1467 518 legatos
1509 449 1576 502 ad
1612 434 1783 515 Segor
1836 461 2013 516 regem

2145 446 2274 510 δείας
2304 446 2672 518 Σαλμανασὲιρ
2713 447 2964 517 βασιλεὺς
3006 447 3328 518 Ἀσσυρίων.
3382 467 3400 498 ι
3443 447 3552 501 Καὶ
3597 450 3712 517 ἐγε·

433 535 671 608 Aﬂgypti,
713 538 780 593 ab
807 553 873 593 eo
896 541 1173 608 suppetias
1203 540 1424 610 petitum
1455 540 1620 596 misit.
1655 539 1728 593 Ea
1761 556 1819 595 re
1852 539 2017 594 offen-

427 645 520 684 sus
568 628 937 697 Salmanasar,
969 631 1269 686 Samariam
1321 640 1432 686 toto
1490 633 1720 686 triennio
1782 632 2013 687 obsedit.

431 719 633 775 Deinde
657 721 796 776 Osee
827 723 1003 777 vivum
1050 732 1266 793 captum
1313 723 1541 778 vinculis
1571 723 1848 791 astrinxit,
1878 735 1933 779 et
1962 725 2014 778 in

430 829 556 868 suos
581 800 784 870 retulit.
815 816 1065 870 lsraeletn
1108 831 1324 885 quoque
1348 816 1400 868 in
1430 825 1678 870 montana
1727 815 2016 870 Persarum

431 914 486 957 et
512 904 788 960 Medorum
822 906 1126 976 demigrare
1153 908 1346 978 coegit.
1383 906 1811 976 Videturitaque
1840 923 2019 963 sermo

433 998 788 1066 propheticus
832 999 923 1054 hic
958 1000 1112 1054 nobis
1151 999 1290 1055 Osce
1339 999 1504 1054 ﬁlium
1550 1000 1645 1054 Ela
1690 1003 2016 1070 exprimere,

433 1105 592 1158 quem
626 1101 680 1146 et
705 1093 1024 1162 prudentem
1052 1095 1294 1148 nominat
1325 1111 1339 1158 ;
1371 1111 1474 1148 non
1509 1097 1633 1166 quia
1681 1112 1861 1151 revera
1896 1113 2020 1166 prn-

436 1181 566 1235 dcns
587 1182 764 1248 fuerit,
791 1187 884 1238 sed
904 1185 1074 1239 ironia
1094 1186 1325 1254 quadam
1346 1187 1536 1242 utitur.
1553 1185 1859 1242 [labebatur
1876 1189 2019 1242 enim

437 1276 506 1327 ab
524 1273 726 1330 lsraele
771 1292 868 1346 pro
898 1279 1014 1333 viro
1037 1279 1302 1347 prudente
1319 1290 1371 1333 et
1392 1281 1481 1350 qui
1507 1282 1876 1350 persapienter
1894 1297 2022 1335 con-

437 1369 716 1436 suluisset,
739 1388 861 1425 cum
897 1388 961 1428 ex
998 1373 1229 1444 Aﬂgypto
1261 1390 1414 1443 opem
1445 1391 1540 1444 pm
1572 1376 1702 1445 ipsis
1735 1377 2020 1443 petendam

439 1463 787 1529 censuisset;
823 1465 916 1518 sed
974 1464 1167 1518 frivole
1204 1476 1257 1518 et
1311 1466 1570 1521 inutiliter
1624 1466 1821 1521 fecisse
1865 1475 2024 1533 atque

441 1551 779 1606 consuluisse
830 1554 1099 1622 apparuit.
1150 1553 1309 1624 187
1361 1553 1490 1620 Quis
1546 1571 1694 1624 ergo,
1743 1556 1935 1625 inquit,
1973 1565 2025 1608 te

443 1660 471 1694 a
512 1641 848 1711 gravissimis
888 1643 1290 1698 calamitatibus
1347 1645 1682 1714 perferendis
1729 1644 2027 1698 liberabit?

449 1753 466 1780 ι
503 1730 602 1784 l'lic
638 1732 778 1786 ﬁlius
808 1742 930 1787 tuus
981 1732 1068 1787 ille
1109 1734 1364 1802 prudens,
1395 1736 1519 1804 quia
1585 1751 1689 1788 non
1739 1736 2026 1790 sustinebit

2123 539 2282 608 νήθη,
2339 539 2524 609 φησὶν,
2575 539 2736 610 Ὠσηέ
2778 539 2926 611 αὐτῷ
2979 539 3182 603 δοῦλος.
3244 557 3263 590 ι
3327 537 3602 608 Ὠργίζετο
3655 539 3714 592 δὲ

2124 631 2243 684 λίαν
2296 634 2322 684 6
2385 631 2667 703 Ἀσσύριος
2719 635 2806 686 ἐπ’
2869 633 3018 704 αὐτῷ
3070 633 3138 686 δι’
3198 633 3379 687 αἰτίαν
3432 633 3713 706 τοιαύτην.

2129 723 2376 792 Ἔπεμψε
2428 724 2527 793 μὲν
2554 723 2661 796 γὰρ
2693 725 2830 796 7:96;
2868 726 3031 778 αὐτὸν
3078 725 3364 794 ἀγγέλους,
3409 727 3571 779 αἰτῶν
3619 745 3717 796 μα-

2125 815 2248 877 ναὰ,
2269 815 2364 868 καὶ
2385 816 2454 868 τὰ
2477 815 2702 886 συνήθη.
2735 818 2794 870 '0
2815 817 2871 869 δὲ
2895 817 3326 888 προστάττεσθαι
3351 819 3479 888 παρ’
3506 818 3716 872 ἐκείνου

2129 905 2204 976 μὴ
2234 906 2622 977 ἀνασχόμενος,
2655 909 3020 980 ἐπρεσϐεύετο
3065 910 3201 980 πρὸς
3247 910 3444 981 Σηγὼρ
3493 910 3715 980 βασιλέα

2125 997 2424 1066 Αἰγύπτου,
2478 1000 2574 1067 τὴν
2637 1002 2765 1069 παρ’
2805 1001 2966 1054 αὑτοῦ
3023 1001 3276 1072 βοήθειαν
3327 1003 3516 1057 αἰτῶν.
3571 1003 3715 1074 Πρὸς

2127 1092 2282 1146 τοῦτο
2304 1093 2676 1164 λελυπημένος
2702 1097 2730 1148 ὁ
2763 1095 3150 1167 Σαλμανασὰρ,
3183 1096 3582 1167 πεπολιόρκηκε
3620 1098 3717 1168 μὲν

2127 1192 2225 1259 τὴν
2259 1188 2594 1258 Σαμάρειαν,
2623 1189 2707 1257 ἐφ’
2739 1188 2879 1251 ὅλοις
2917 1187 3062 1241 ἔτεσι
3103 1188 3302 1259 τρισίν.
3336 1185 3470 1241 Εἶτα
3502 1189 3717 1261 ζωγρή-

2131 1295 2229 1340 σας
2255 1277 2347 1330 τὸν
2388 1278 2566 1350 Ὠσηὲ,
2604 1277 2890 1347 δεσμώτην
2925 1276 3120 1343 ἐποίει,
3151 1277 3245 1330 καὶ
3279 1277 3626 1346 κατέγραφεν
3660 1279 3717 1330 ἐν

2128 1372 2386 1434 οἰκέταις.
2438 1370 2708 1440 Ἀπῴκισε
2755 1370 2813 1423 δὲ
2865 1371 2960 1422 καὶ¹
3009 1370 3100 1422 τὸν
3158 1370 3373 1441 Ἰσραὴλ
3415 1372 3472 1422 ἐν
3521 1353 3720 1440 ὀρείοις

2133 1464 2359 1536 Περσῶν
2407 1465 2499 1518 καὶ
2536 1463 2756 1534 Μήδων.
2789 1465 3006 1516 Ἔοικεν
3033 1460 3125 1517 οὖν
3157 1465 3184 1516 6
3229 1462 3567 1534 προφητικὸς
3590 1464 3720 1532 ἡμῖν

2129 1557 2286 1625 λόγος
2341 1557 2500 1628 Ὠσηὲ
2545 1557 2636 1610 τὸν
2690 1555 2822 1608 Ἦλὰ
2857 1554 3264 1608 καταδεικνύειν
3305 1555 3363 1608 ἐν
3392 1552 3622 1616 τούτοις,
3662 1553 3720 1605 ὃν

2132 1651 2227 1703 καὶ
2268 1649 2534 1722 φρόνιμον
2580 1649 2865 1702 ἀποκαλεῖ.
2912 1648 3022 1718 Οὐχ
3067 1649 3147 1700 ὅτι
3203 1648 3425 1710 συνετὸς
3471 1642 3540 1717 ἦν
3581 1645 3724 1698 κατὰ

2132 1739 2411 1811 ἀλήθειαν,
2464 1740 2580 1794 ἀλλ’
2611 1741 2772 1793 οἰονεί
2812 1757 2930 1803 πως
2963 1738 3328 1810 εἰρωνεύεται.
3387 1737 3590 1791 Ἐδόκει
3627 1737 3724 1808 μὲν

444 1823 498 1876 in
535 1822 861 1878 contritione
895 1822 1182 1878 ﬁliorum.»
1209 1824 1344 1878 Dum
1376 1827 1522 1880 enim
1565 1825 1656 1878 ﬁlii
1713 1828 1784 1880 tui
1842 1839 2026 1881 conte-

2145 1833 2238 1903 γὰρ
2270 1833 2422 1903 παρὰ
2447 1832 2523 1902 τῷ
2569 1832 2784 1904 Ἰσραὴλ
2819 1831 3041 1894 συνετὸς
3087 1826 3223 1884 εἷναί
3251 1848 3356 1896 τις,
3387 1832 3478 1882 καὶ
3519 1829 3723 1899 σφόδρα

448 1923 657 1980 rentur,
683 1915 877 1984 inquit,
910 1931 1008 1971 nec
1037 1916 1152 1986 ipse
1200 1919 1477 1973 subsistet.
1510 1917 1786 1987 Capietnr,
1816 1935 2030 1973 servus-

445 2021 552 2074 que
579 2017 632 2061 et
664 2008 912 2077 captivus
948 2023 1053 2062 una
1079 2027 1204 2063 cum
1253 2009 1378 2064 aliis
1423 2011 1488 2064 ad
1515 2011 1764 2081 Assyrios
1834 2013 2033 2080 migra-

448 2100 546 2154 bit.
574 2103 861 2170 Sapienter
893 2100 1074 2170 itaque
1116 2103 1206 2172 qui
1239 2102 1458 2171 psallit:
1499 2122 1515 2155 ι
1563 2102 1842 2158 Fortitudo
1893 2120 2031 2169 mea,

447 2203 504 2246 et
531 2192 646 2247 laus
681 2207 798 2247 mea
829 2192 1090 2248 Dominus
1117 2195 1313 2248 9°.»Ab
1343 2194 1458 2264 ipso
1478 2195 1620 2249 enim
1658 2196 1828 2249 virtus
1857 2196 2036 2250 omnis

448 2296 502 2340 ct
559 2285 707 2338 salus
766 2286 979 2351 omnis,
1036 2297 1089 2341 et
1138 2298 1290 2342 extra
1354 2287 1529 2356 ipsum
1582 2302 1739 2341 nemo
1811 2295 1895 2340 est
1945 2287 2032 2354 qui

449 2378 620 2431 salvet
646 2378 685 2431 ¹.

2136 1922 2314 1993 σοφῶς
2379 1921 2799 1993 βεϐουλεῦσθαι,
2849 1922 2938 1975 διά
2986 1939 3069 1974 τοι
3137 1921 3198 1974 τὸ
3248 1920 3462 1973 ἑλέσθαι
3512 1919 3609 1991 τὴν
3666 1919 3727 1983 ἐξ

2133 2013 2414 2080 Αἰγύπτου
2447 2014 2630 2066 καλεῖν
2681 2012 3002 2084 ἐπικουρίαν
3049 2012 3251 2074 αὐτοῖς.
3295 2009 3435 2062 Ἀλλ’
3478 2009 3592 2079 ἥλω
3624 2008 3727 2077 ψυ-

2131 2107 2259 2177 χρὰ,
2302 2107 2395 2159 καὶ
2425 2106 2696 2177 ἁνώνητα,
2732 2107 2826 2159 καὶ
2867 2105 3092 2176 δράσας,
3133 2105 3228 2158 καὶ
3276 2103 3721 2174 βουλευσάμενος.

2133 2201 2229 2264 Τίς
2261 2199 2325 2270 δὴ
2367 2197 2458 2253 οὖν
2487 2200 2617 2271 ἄρα,
2652 2201 2840 2270 φησὶν,
2874 2198 3138 2263 ἐξελεῖ-ταί
3187 2215 3245 2250 σε
3289 2196 3383 2249 τοῦ
3418 2195 3492 2267 μὴ
3536 2194 3727 2247 παθεῖν

2131 2293 2232 2355 τὰς
2270 2292 2604 2362 ἁονηκέστους
2631 2292 2952 2363 συμφοράς
2993 2312 3010 2342 ι
3041 2285 3208 2353 Οὗτος
3232 2292 3259 2343 ὁ
3291 2289 3406 2350 υἱός
3430 2304 3520 2341 σου
3546 2285 3728 2356 φρόνι-

2136 2401 2254 2452 μος,
2285 2385 2420 2438 διότι
2459 2386 2520 2437 οὐ
2548 2385 2622 2456 μὴ
2659 2386 2866 2455 ὑποστῇ
2903 2387 2960 2436 ἐν
2994 2382 3251 2454 συντριϐῇ
3293 2381 3518 2435 τέκνων,
3561 2397 3580 2430 ›
3608 2377 3730 2430 Τῶν

448 2470 556 2541 γὰρ
589 2471 696 2524 σῶν
720 2474 925 2526 τέκνων
956 2470 1410 2541 συντριϐομένων,
1441 2469 1594 2540 φησὶ,
1633 2467 1740 2521 οὐδ’
1776 2468 1842 2522 ἂν
1902 2470 2063 2535 αὐτὸς
2098 2473 2388 2543 ὑποσταίη.
2423 2477 2776 2547 Ληιρθὴσεται
2835 2477 2943 2546 γὰρ
2974 2475 3160 2538 δοῦλός
3219 2491 3280 2527 τε
3321 2473 3415 2526 καὶ
3446 2470 3728 2542 αἰχμάλω-

449 2579 557 2624 τος,
607 2563 742 2634 ὁμοῦ
797 2566 910 2627 τοῖς
952 2561 1132 2624 ἄλλοις
1181 2561 1443 2631 βαδιεῖται
1494 2560 1632 2632 πρὸς
1694 2561 2033 2630 Ἀσσυρίους.
2076 2566 2246 2636 Σοφὸς
2312 2565 2405 2622 οὖν
2434 2567 2744 2632 ὀΨάλλων,
2782 2588 2799 2618 ι
2854 2566 3028 2637 ’ἰσχύς
3089 2583 3212 2635 μου,
3241 2565 3336 2617 καλ¹
3368 2562 3602 2634 ὖμνησίς
3626 2578 3727 2632 μου

449 2656 721 2728 ὀΚύριος.
765 2676 781 2707 ι
816 2657 952 2726 Παρ⁹
990 2654 1155 2707 αὐτοῦ
1197 2654 1307 2725 γὰρ
1335 2655 1484 2706 πᾶσα
1511 2652 1740 2724 δύναμις
1783 2654 1876 2706 καὶ
1908 2658 2185 2728 σωτηρία·
2220 2662 2314 2714 καὶ
2346 2660 2532 2725 σώζων
2558 2662 2657 2714 οὐκ
2688 2663 2804 2712 ἔστι
2837 2659 3013 2730 πάρεξ
3041 2656 3226 2712 αὑτοῦ.
3271 2676 3289 2707 ι

526 2746 684 2801 Vsus.
728 2747 816 2800 M.
872 2746 948 2800 De
993 2761 1154 2798 manu
1190 2745 1384 2813 inferni
1437 2744 1663 2797 liberabo
1715 2761 1825 2809 eos,
1879 2755 1924 2797 et
1975 2745 2042 2798 de

453 2850 617 2892 morte
667 2839 922 2891 redimam
967 2837 1110 2890 illos.
1161 2833 1262 2889 Ubi
1314 2836 1533 2890 victoria
1571 2845 1681 2898 tua,
1726 2839 1905 2891 mors?
1953 2837 2044 2890 ubi

455 2931 669 2983 aculeus
707 2940 851 2992 tuus,
879 2927 1083 2995 inferne
1103 2927 1129 2979 Ρ

528 3019 706 3085 CLIVi.
761 3018 1054 3087 Postquam
1083 3031 1150 3069 ex
1183 3018 1264 3070 ira
1295 3016 1673 3085 peccatoribus
1695 3015 1909 3071 locutus
1937 3026 2042 3082 est,

457 3122 512 3168 et
555 3128 617 3168 ex
669 3110 856 3167 dolore
903 3125 1002 3166 suo
1055 3108 1163 3164 illis
1202 3118 1466 3163 eventura
1516 3107 1923 3178 praenuntiavit,
1977 3111 2044 3163 ad

461 3202 929 3259 mansuetudinem
967 3203 1075 3257 Deo
1122 3205 1375 3254 decoram
1410 3199 1722 3262 revertitur,
1757 3211 1812 3254 et
1846 3215 1905 3255 se
1940 3215 2046 3255 non

458 3297 770 3351 universum
817 3310 986 3365 genus
1031 3296 1324 3347 humanum
1386 3299 1718 3358 aversatum,
1763 3306 1940 3362 neque
1994 3293 2045 3346 in

458 3387 706 3444 exsilium
743 3384 1101 3439 irrevocabile
1146 3383 1644 3452 sempiternumque
1684 3383 1918 3447 misisse,
1953 3384 2046 3438 sed

459 3481 644 3534 datum
701 3477 768 3531 iri
819 3475 1110 3545 aliquando
1153 3465 1365 3529 véniatn
1420 3485 1476 3530 et
1526 3477 1929 3532 revocationem
1982 3478 2049 3532 ad

461 3583 698 3628 veterem
724 3579 921 3625 statum
951 3569 1004 3622 in
1047 3569 1285 3632 Christo,
1316 3568 1539 3634 indicat,
1585 3568 1789 3624 addens
1846 3569 2047 3625 libera-

461 3677 642 3720 turum
681 3679 740 3717 se
777 3663 842 3716 de
894 3677 1053 3714 manu
1107 3661 1265 3715 inferi
1303 3669 1360 3715 et
1410 3660 1476 3715 de
1512 3670 1687 3715 morte
1740 3663 2052 3732 redemptu-

463 3767 606 3814 rnm,
634 3749 776 3804 haud
809 3748 971 3803 dubie
997 3748 1172 3803 eidem
1205 3757 1428 3818 propter
1462 3761 1682 3819 peccata
1722 3751 1774 3805 in
1802 3751 2052 3806 Condito-

465 3860 578 3899 rem
615 3843 930 3908 connnissa,
975 3851 1031 3894 et
1073 3853 1296 3911 propter
1332 3844 1816 3912 transgressionem
1857 3845 2048 3900 Adami

465 3953 495 3990 a
527 3935 791 4006 principio
837 3931 1131 4001 subjectos.
1167 3931 1331 3987 Facta
1389 3943 1472 3988 est
1517 3935 1663 3989 enim
1701 3945 1886 4004 postea
1929 3935 2052 3992 talis

466 4026 757 4095 promissio
783 4039 890 4078 non
917 4023 1090 4078 solum
1123 4023 1402 4092 Ephraim,
1437 4038 1530 4080 seu
1555 4026 1833 4094 progeniei
1861 4024 2049 4094 Israel,

467 4121 561 4174 sed
608 4117 929 4173 mortalibus
962 4117 1256 4171 universis.
1300 4115 1457 4182 Nam,
1502 4128 1560 4171 ut
1598 4119 1790 4174 scribit
1836 4118 2054 4174 divinus

469 4212 689 4276 Paulus,
749 4207 912 4263 «Non
970 4207 1282 4263 Judreorurn
1328 4209 1470 4263 Deus
1527 4219 1773 4272 tantum,
1849 4210 1942 4264 sed
2000 4219 2054 4266 et

470 4305 735 4374 gentium.
768 4301 1100 4357 Justiﬁcavit
1135 4301 1278 4356 enim
1310 4301 1779 4356 circumcisiouem
1811 4318 1874 4356 ex
1924 4302 2051 4367 ﬁde,

2231 2753 2327 2806 Ἐκ
2360 2754 2561 2822 χειρὸς
2599 2752 2750 2820 ᾅδου
2789 2752 3054 2820 ῥύσομαι
3089 2747 3344 2812 αὐτοὺς,
3385 2745 3484 2800 καὶ
3522 2743 3589 2798 ἐκ
3629 2747 3731 2808 0a-

2147 2845 2332 2899 νάτου
2360 2845 2742 2916 λυτρώσομαι
2770 2845 3013 2909 αὐτούς.
3042 2842 3168 2896 Ποῦ
3214 2841 3252 2909 ἡ
3294 2840 3432 2908 δίκη
3472 2855 3607 2905 σου,
3639 2837 3734 2893 θά-

2147 2954 2327 3002 νατε;
2355 2938 2473 2992 ποῦ
2501 2937 2567 2991 τὸ
2591 2937 2843 3005 κέντρον
2874 2950 3014 2997 σου,
3047 2933 3160 3001 ᾅδη
3183 2949 3200 2996 ;

2222 3030 2390 3082 PNA’.
2413 3029 2494 3082 Τὰ
2533 3030 2598 3082 ἐκ
2633 3025 2807 3097 θυμοῦ
2837 3025 3078 3097 λαλήσας
3107 3027 3220 3085 τοῖς
3246 3021 3616 3093 ἡμαρτηκόσι,
3637 3021 3732 3072 καὶ

2148 3119 2216 3173 τὰ
2245 3123 2308 3173 ἐκ
2334 3119 2510 3188 λύπης
2539 3119 2775 3190 ἐσόμενα
2798 3113 3295 3188 προαπηγγελκώς,
3323 3111 3730 3182 ἁναπεφοίτηκε

2149 3211 2309 3267 πάλιν
2344 3215 2424 3276 εἰς
2455 3211 2731 3282 θεοπρεπῆ
2759 3226 2819 3262 τε
2848 3209 3189 3279 ἡμερότητα,
3246 3205 3341 3258 καὶ
3385 3206 3467 3258 ὅτι
3515 3204 3589 3273 μὴ
3617 3204 3732 3254 εἰσ-

2149 3301 2295 3355 άπαν
2351 3300 2412 3352 τὸ
2469 3300 2560 3353 ἐπὶ
2616 3299 2721 3368 γῆς
2778 3298 3162 3368 ἀπέστραπται
3210 3295 3385 3364 γένος,
3436 3295 3572 3364 μήτε
3626 3291 3734 3362 μὴν

2147 3394 2349 3464 ἀνῆκεν
2378 3393 2459 3453 εἰς
2489 3387 2840 3460 καταφθορὰν
2880 3385 3131 3457 ἀχάλινὸν
3169 3403 3258 3448 τι,
3306 3385 3399 3438 καὶ
3440 3382 3735 3452 ἀτελεύτη-

2147 3501 2260 3548 τον,
2301 3481 2415 3535 ἀλλ’
2453 3481 2608 3534 ἔσται
2654 3497 2736 3542 τις
2786 3479 2930 3531 κατὰ
2972 3476 3199 3548 καιροὺς
3230 3474 3414 3544 φειδὼ,
3465 3474 3559 3527 καὶ
3603 3475 3736 3528 ἀνά-

2150 3575 2343 3646 κλησις
2384 3575 2464 3637 εἰς
2498 3573 2558 3625 τὸ
2589 3573 2682 3624 ἀπ’
2716 3569 2892 3642 ἀρχῆς
2922 3571 2978 3623 ἐν
3008 3567 3229 3640 Χριστῷ
3251 3611 3264 3632 ,
3300 3567 3733 3638 καταμεμὴνυκε

2152 3667 2483 3740 προστιθεὶς,
2521 3666 2595 3728 ὡς
2643 3663 2863 3736 ῥύσεται
2908 3663 3006 3733 μὲν
3041 3664 3104 3715 ἐκ
3140 3660 3322 3732 χειρὸς
3353 3659 3501 3731 ᾅδου,
3531 3659 3626 3712 καὶ
3666 3660 3732 3711 ἐκ

2152 3758 2383 3812 θανάτου
2415 3755 2767 3827 λυτρώσεται.
2819 3755 2986 3824 Δῆλον
3036 3752 3113 3818 δὲ,
3164 3752 3246 3805 ὅτι
3290 3751 3415 3814 τοὺς
3452 3751 3544 3802 ὑπ’
3571 3749 3737 3804 αὐτὸν

2153 3849 2466 3918 γεγονότας,
2505 3848 2593 3900 διὰ
2631 3848 2732 3917 τὴν
2770 3849 2851 3909 εἰς
2882 3844 3109 3917 ποιητὴν
3155 3845 3452 3915 ἁμαρτίαν,
3500 3845 3594 3896 καὶ
3637 3842 3737 3913 τὴν

2152 3944 2211 3997 ἐν
2254 3945 2450 4014 ἀρχαῖς
2495 3939 2589 3994 τοῦ
2625 3940 2799 4010 Ἀδὰμ
2850 3937 3186 4010 παράϐασιν.
3217 3936 3522 4006 Πεποίηται
3557 3936 3663 4006 γὰρ
3703 3936 3733 4005 ἡ

2153 4035 2330 4089 τοιάδε
2381 4033 2540 4086 πάλιν
2586 4032 2918 4102 ὑπόσχεσις,
2961 4030 3086 4099 οὐχὶ
3141 4029 3285 4099 μόνῳ
3333 4028 3412 4097 τῷ
3472 4025 3736 4097 Ἐφραῒμ,

2153 4127 2320 4196 ἤγουν
2346 4129 2458 4188 τοῖς
2496 4125 2556 4189 ἐξ
2585 4125 2814 4194 αἵματος
2853 4123 3092 4193 Ἰσραὴλ,
3123 4123 3295 4174 ἅπασι
3317 4120 3375 4173 δὲ
3400 4119 3598 4191 μᾶλλον
3622 4120 3738 4182 τοῖς

2154 4220 2247 4270 ἐπὶ
2284 4219 2382 4287 τῆς
2421 4218 2543 4287 γῆς.
2593 4217 2681 4279 Ὠς
2715 4215 2823 4285 γὰρ
2860 4216 2890 4266 ὁ
2934 4214 3222 4276 θεσπέσιος
3258 4212 3458 4282 γράφει
3501 4210 3735 4275 Παῦλος,

2161 4329 2178 4360 ι
2221 4311 2336 4364 Ούκ
2392 4309 2660 4362 Ἰουδαίων
2712 4309 2741 4361 6
2781 4307 2914 4370 Θεὸς
2964 4306 3180 4376 μόνων,
3232 4305 3367 4358 ἀλλὰ
3413 4305 3506 4357 καὶ
3545 4302 3736 4357 ἐθνῶν.

471 4411 527 4456 et
561 4400 879 4469 praeputium
913 4411 1009 4466 per
1043 4396 1199 4450 ﬁdem
1224 4396 1298 4449 ².›
1332 4395 1582 4450 Redemit
1629 4405 1807 4450 autem
1849 4411 1949 4451 nos
1988 4396 2041 4450 dt

2158 4400 2487 4454 Δεδικαίωκε
2537 4401 2645 4474 γὰρ
2698 4397 3001 4468 περιτομὴν
3041 4397 3107 4448 ἐκ
3139 4395 3395 4458 πίστεως,
3433 4394 3529 4447 καὶ
3569 4393 3739 4463 ἀκρο-

475 4508 636 4546 manu
695 4491 912 4555 inferni,
971 4493 1071 4543 hoc
1125 4494 1231 4554 est,
1285 4489 1350 4541 de
1409 4488 1699 4560 tyrannide
1737 4489 1949 4543 mortis.
1990 4487 2057 4543 Et

477 4584 668 4638 modus
708 4580 1112 4650 redemptionis,
1148 4578 1349 4633 Christi
1394 4595 1540 4635 mors
1573 4580 1932 4650 intelligitur.
1966 4579 2057 4634 Li-

479 4682 611 4731 bens
657 4675 812 4728 enim'
853 4689 1039 4729 necem
1096 4673 1148 4726 in
1199 4673 1343 4742 ligno
1384 4688 1479 4741 pro
1535 4672 1690 4727 nobis
1728 4673 1971 4742 pertulit,
2005 4684 2062 4729 et

480 4767 812 4840 principatus
863 4781 925 4818 ac
982 4773 1296 4834 potestates,
1351 4763 1508 4816 allixo
1562 4764 1636 4818 illi
1717 4777 1907 4821 contra
1966 4782 2063 4822 nos

479 4859 1227 4930 chirographo,triumphavit
1248 4859 1289 4913 ³.
1325 4857 1478 4912 Tunc
1507 4859 1672 4924 enim,
1704 4869 1830 4914 tunc
1859 4860 2057 4915 etiam:

485 4979 501 5007 ι
531 4953 720 5011 Omnis
765 4953 1022 5020 iniquitas
1063 4952 1322 5020 oppilavit
1368 4967 1430 5006 os
1475 4954 1671 5006 suum"
1703 4974 1749 5017 ι,
1783 4963 1836 5006 et
1869 4955 2058 5010 mortis

484 5047 768 5116 imperium
810 5033 1288 5113 peccato‘sublato
1331 5044 1667 5098 destructum
1695 5045 1836 5098 est“.
1881 5045 2057 5114 Ipsum

481 5142 626 5197 enim
671 5148 752 5193 est
782 5137 974 5190 mortis
1013 5135 1258 5202 victoria,
1295 5146 1348 5189 et
1379 5136 1632 5189 stimulus
1677 5136 1873 5190 inferni
1896 5126 1940 5194 δῖ
1968 5139 2059 5192 Sic

483 5231 626 5284 enim
659 5238 715 5282 et
739 5227 961 5296 sapiens
985 5225 1188 5279 Paulus
1227 5225 1384 5279 nobis
1409 5235 1493 5278 est
1520 5225 1929 5295 interpretatus.
1974 5227 2064 5281 Ait

487 5337 761 5391 namque:
798 5339 815 5370 ι
849 5317 1112 5376 Stimulus
1164 5317 1355 5372 mortis
1399 5328 1676 5386 peccatum
1723 5332 1838 5386 est;
1892 5321 2067 5375 virtus

487 5427 667 5469 autem
714 5413 919 5479 peccati
964 5411 1047 5464 lex
1070 5411 1114 5464 ⁷.
1147 5430 1165 5461 ι
1207 5410 1550 5479 Quapropter
1577 5412 1816 5463 ontnium
1849 5425 2068 5480 peccato

487 5506 686 5569 deleto,
735 5513 791 5558 et
840 5519 937 5557 nos
984 5504 1106 5573 jure
1149 5503 1447 5556 dixerimus
1487 5518 1500 5554 :
1536 5521 1552 5552 ι
1590 5501 1686 5556 Ubi
1723 5516 1806 5557 est
1846 5506 2069 5559 victoria

558 5706 604 5736 ’θ
647 5700 787 5756 Psal.
827 5715 996 5766 cxvn,
1039 5701 1125 5754 Η.

491 5791 552 5846 n,
597 5773 682 5831 i-i.

1207 5703 1218 5731 ¹
1264 5701 1362 5755 15a.
1406 5717 1556 5761 smn.
1602 5702 1687 5756 11.

757 5773 776 5802 ⁶
803 5770 824 5824 1
851 5774 977 5825 (Lor.
1019 5787 1106 5838 ιν,
1144 5772 1210 5826 55
1310 5773 1330 5803 ⁷
1367 5773 1499 5827 ibid.

1767 5707 1784 5736 ¹
1825 5705 1979 5761 lieni.
2019 5723 2098 5774 Ill,
2136 5706 2222 5760 50.

2155 4493 2380 4546 ϐυστίαν
2409 4493 2496 4545 διὰ
2524 4492 2624 4561 τῆς
2664 4489 2920 4552 πίστεως.
2957 4506 2976 4538 ›
3019 4485 3369 4557 Λελύτρωται
3407 4484 3463 4537 δὲ
3492 4482 3637 4553 ἡμᾶς
3676 4482 3744 4534 ἐκ

2157 4587 2338 4657 χειρὸς
2378 4584 2526 4656 ᾇδου,
2571 4581 2873 4645 τουτέστιν,
2923 4581 2988 4632 ἐκ
3034 4579 3134 4648 τῆς
3166 4577 3262 4631 τοῦ
3305 4576 3533 4629 θανάτου
3574 4592 3742 4627 κατα-

2158 4677 2502 4740 δυναστείας,
2532 4677 2626 4728 καὶ
2656 4676 2684 4726 ὁ
2719 4674 2818 4744 τῆς
2849 4669 3171 4743 λυτρώσεως
3196 4669 3398 4740 τρόπος
3427 4668 3456 4718 ὁ
3501 4664 3741 4738 Χριστοῦ

2160 4772 2360 4821 νοεῖται
2399 4766 2646 4827 θάνατος.
2691 4763 2911 4832 Ἀνέτλη
2943 4762 3052 4831 γὰρ
3096 4758 3238 4813 ἑκὼν
3273 4759 3373 4829 τὴν
3405 4758 3545 4828 ὑπὲρ
3578 4755 3736 4827 ἡμῶν

2166 4861 2259 4912 ἐπὶ
2307 4858 2497 4924 ξύλους
2528 4855 2762 4927 σφαγὴν,
2804 4854 2900 4908 καὶ
2950 4851 3383 4924 τεθριάμϐευκεν
3434 4850 3608 4921 ἀρχὰς
3647 4849 3743 4900 καὶ

2168 4950 2434 5017 ἐξουσίας,
2487 4947 2845 5020 προσηλώσας
2890 4943 3038 5015 αὐτῷ
3081 4943 3142 4996 τὸ
3189 4942 3309 4996 καθ’
3355 4941 3511 5011 ἡμῶν
3569 4939 3744 5010 χειρό-

2168 5060 2396 5114 γραφον.
2422 5041 2554 5093 Τότε
2581 5042 2711 5111 γὰρ,
2743 5039 2866 5091 τότε
2891 5035 2986 5089 καὶ
3017 5053 3033 5086 ι
3067 5036 3222 5088 Πᾶσα
3258 5033 3354 5103 μὲν
3383 5032 3582 5103 ἀνομία
3603 5031 3661 5084 τὸ
3687 5031 3746 5099 ἐξ

2169 5138 2340 5206 αὐτῆς
2376 5133 2641 5206 ἐνέφραξε
2687 5133 2862 5202 στόμα
2883 5149 2895 5161 ·
2925 5150 2942 5182 ι
2979 5130 3327 5199 κατήργηται
3355 5126 3410 5178 δὲ
3441 5126 3536 5178 καὶ
3558 5124 3620 5177 τὸ
3651 5124 3746 5178 τοῦ

2164 5228 2395 5281 θανάτου
2446 5227 2665 5296 κράτος,
2719 5222 3064 5295 ἐξῃρημένης
3103 5219 3203 5289 τῆς
3253 5217 3557 5289 ἃμαρτίας’
3607 5216 3745 5284 αὕτη

2165 5320 2274 5391 γάρ
2310 5321 2458 5371 ἐστιν
2488 5319 2519 5387 ἡ
2555 5317 2650 5369 τοῦ
2685 5315 2916 5369 θανάτου
2957 5312 3081 5383 νίκη
3115 5351 3130 5374 ,
3170 5311 3264 5363 καὶ
3298 5311 3358 5362 τὸ
3391 5309 3615 5379 κέντρον
3652 5308 3746 5360 τοῦ

2167 5413 2317 5485 ᾅδου.
2373 5411 2529 5465 Οὕτω
2568 5411 2663 5465 καὶ
2710 5411 2738 5461 6
2785 5409 2946 5477 σοφὸς
2981 5409 3112 5478 ἡμῖν
3147 5405 3460 5477 ἡρμήνευσε
3512 5401 3745 5464 Παῦλος.

2172 5509 2315 5576 Ἔφη
2350 5505 2476 5576 γὰρ,
2509 5506 2590 5558 ὅτι
2615 5503 2731 5557 τόδε
2786 5523 2802 5552 ι
2839 5502 3080 5572 Κέντρον
3122 5497 3218 5550 τοῦ
3264 5495 3492 5550 θανάτου
3526 5494 3674 5548 ἐστὶν
3711 5495 3746 5561 ἡ

3534 5694 3554 5724 ⁵
3585 5690 3746 5748 ιιυιιτ.

2303 5708 2321 5736 ³
2360 5705 2568 5760 Coloss.
2611 5719 2671 5768 ιι,
2708 5703 2789 5771 14,
2836 5702 2919 5760 15.
2999 5701 3018 5731 ⁵
3049 5697 3189 5753 Psal.
3223 5710 3329 5762 CVI,
3363 5693 3453 5749 4‘2.
