4110 6368
417 321 528 379 515
1342 321 1895 382 COMMENTARIUS
1937 325 2003 380 ΙΝ
2044 324 2279 381 OSEAM
2319 323 2768 382 PROPHETAM.
3592 325 3704 382 5H

420 433 687 508 ἁμαρτία,
741 437 774 506 ἡ
825 435 881 489 δὲ
931 435 1160 508 δυναμις
1205 438 1306 508 τῆς
1359 438 1638 510 ἁμαρτίας
1682 441 1711 492 ὁ
1755 440 1941 509 νόμος;
1989 460 2006 492 ι

2124 453 2229 503 tua,
2272 441 2460 495 mors?
2492 441 2580 496 ubi
2621 438 2879 494 stimulus
2911 447 3060 504 tuus,
3095 437 3348 494 inferne?
3381 436 3524 494 Deus
3555 438 3704 495 enim

423 528 633 582 υύκοῦν
697 529 798 599 τῆς
866 529 1122 583 ἁπάντων
1180 530 1454 602 ἁμαρτίας
1533 533 1886 606 ἀνῃρημένης
1955 537 2013 587 ὲν

2124 535 2202 602 qui
2259 532 2540 602 justiticat,
2583 533 2708 602 quis
2753 531 2967 600 estqui
3020 531 3388 587 condemnet?
3443 530 3701 587 Christus

422 621 667 694 Χριστῷ,
697 621 938 692 φαίημεν
963 622 1028 674 ἂν
1064 622 1293 687 εἰκότως
1323 625 1418 678 καὶ
1451 625 1612 695 ἡμεῖς
1648 625 1822 678 αὐτοί*
1859 646 1877 678 ι
1902 626 2012 680 Ποῦ

2124 623 2268 680 Iesus
2297 625 2387 695 qui
2425 635 2669 680 mortuus
2701 633 2781 680 est
2806 638 2902 694 pro
2935 625 3090 680 nobis
3108 625 3151 678 ⁸.
3186 645 3204 678 δ
3241 625 3354 681 lmo
3384 643 3403 676 ι
3436 625 3527 694 qui
3555 623 3702 680 dedit

425 713 459 781 ἡ
491 712 612 781 νίκη
645 727 763 777 σου,
791 711 1021 773 Θάνατε;
1063 712 1166 765 ποῦ
1210 713 1269 766 τὸ
1295 713 1520 786 κέντρον
1557 732 1672 777 σου,
1711 715 1846 785 ᾃδη;
1882 715 2014 779 Θεὸς

2124 718 2460 788 semetipsum
2509 717 2933 788 redemptionem
2987 733 3086 787 pro
3131 716 3442 784 omnibus”,
3474 733 3494 768 ι
3564 729 3706 768 unus

425 801 533 874 γὰρ
569 803 814 868 δικαιῶν,
851 803 934 867 τίς
972 806 1000 858 6
1033 805 1414 874 κατακρίνωνς
1450 807 1684 878 Χριστὸς
1735 807 1940 879 Ἰησοῦς
1987 810 2015 861 6

2124 810 2330 880 dignior
2368 810 2642 874 omnibus,
2672 826 2769 880 per
2815 827 2975 879 quem
3018 821 3073 865 et
3115 811 3167 865 in
3197 825 3306 880 quo
3341 809 3537 864 divites
3573 802 3705 858 facti

425 893 714 948 ἀποθανὼν
757 895 897 966 ὑπὲρ
942 895 1122 966 ήμῶν,
1162 916 1180 947 ι
1231 897 1434 966 μᾶλλον
1482 898 1539 952 δὲ
1596 919 1614 950 ι
1646 900 1770 964 δοὺς
1821 900 2014 953 ἑαυτὸν

2124 901 2385 968 sumus“,
2427 912 2486 956 ut
2509 903 2574 956 ad
2607 903 3068 972 incorruptionem
3098 904 3404 961 redeamus.

424 985 764 1056 ἀντίλυτρον.
799 987 942 1058 ὑπὲρ
976 988 1215 1054 πάντων,
1250 1007 1270 1041 ι
1304 985 1388 1055 εἷς
1443 992 1472 1044 6
1535 991 1754 1046 πάντων
1815 991 2132 1063 ἀξιώτερος,
2172 995 2242 1048 δι’
2279 990 2341 1048 οὗ
2380 996 2476 1050 καὶ
2516 999 2573 1051 ἐν
2616 992 2661 1067 ᾧ
2705 996 3196 1070 πεπλουτήκαμεν,
3236 998 3298 1052 τὸ
3342 995 3704 1068 ἀναφοιτῆσαι

428 1080 592 1136 πάλιν
629 1082 711 1145 είς
745 1083 1075 1155 ἀφθαρσίαν.

499 1173 890 1243 Παρὰκλησις
952 1176 1282 1245 κέκρυπται
1347 1177 1414 1241 ἐξ
1489 1175 1811 1246 ὀφθαλμῶν
1870 1195 2011 1247 μου,

428 1259 787 1330 διότι-οὗτος
818 1265 1128 1334 ἁναμέσον
1155 1265 1438 1336 ἀδελφῶν
1463 1265 1786 1321 διαστελεῖ.

500 1359 674 1413 ΡΝΕ¹.
735 1357 1192 1430 Ἀναγνωσόμεθα
1216 1359 1310 1414 τοῦ
1339 1359 1705 1431 προκειμένου
1733 1360 1826 1413 τὸν
1866 1359 2018 1430 πρῶ-

429 1469 523 1504 τον
559 1451 743 1522 στίχον
770 1453 892 1505 κατ’
923 1451 1286 1523 ἐπερώτησιν,
1325 1453 1419 1505 καὶ
1446 1451 1808 1523 ὑποστιγμὴν,
1834 1451 1926 1504 καί
1963 1469 2017 1505 τι

430 1542 672 1597 τοιοῦτον
701 1546 838 1614 ἡμῖν
869 1543 1242 1614 ὑπεμφῄνειεν
1279 1543 1366 1610 ἂν,
1420 1543 1598 1613 ὀρθῶς
1625 1547 1766 1597 νοεῖν
1809 1543 2018 1615 ᾑρημέα

2191 1172 2354 1244 188
2378 1171 2678 1227 Consolatio
2732 1173 3040 1226 abscondita
3088 1183 3165 1228 est
3216 1173 3280 1227 ab
3330 1175 3496 1231 oculis
3552 1179 3704 1248 meis,

2114 1267 2238 1333 quia
2272 1266 2355 1317 hic
2390 1264 2525 1317 inter
2551 1265 2744 1332 fratres
2787 1266 3088 1334 separabit»

2187 1356 2345 1414 CLV.
2391 1357 2564 1428 Hujus
2606 1367 2897 1414 contextus
2947 1373 3164 1414 versum
3199 1359 3436 1431 primum
3482 1377 3578 1432 per
3621 1365 3706 1418 in-

2121 1449 2544 1518 terrogationem
2586 1457 2641 1503 et
2677 1447 3188 1504 subdistinctionem
3220 1448 3484 1517 legamus,
3512 1461 3566 1506 et
3597 1454 3704 1508 tale

2124 1541 2380 1610 quiddam
2409 1540 2568 1595 nobis
2595 1539 2910 1605 insinuabit,
2945 1541 2989 1595 si
3021 1551 3168 1596 recte
3197 1541 3500 1612 intelligere
3520 1544 3708 1600 voluc-

430 1651 564 1697 νοις.
599 1634 1074 1706 Κατηρῤώστησε,
1109 1635 1297 1706 φησὶν,
1350 1635 1384 1705 ἡ
1411 1632 1702 1704 ἀνθρώπου
1732 1633 1915 1703 φύσις,
1955 1633 2018 1687 τὸ

2127 1634 2317 1686 rimus.
2349 1630 2622 1684 Infirmata
2654 1639 2761 1693 est,
2793 1629 2991 1700 inquit,
3018 1638 3211 1685 natura
3254 1631 3488 1687 humana
3516 1649 3709 1704 pecca-

433 1726 714 1790 πολυειδὲς
745 1729 826 1790 είς
851 1727 1148 1798 ἁμαρτίαν,
1179 1726 1272 1779 καὶ
1301 1726 1661 1781 ἀπονένευκεν
1689 1727 1751 1779 ού
1781 1725 2018 1798 μετρίως

431 1818 512 1880 είς
568 1817 630 1870 τὸ
673 1815 1014 1887 πλημμελές.
1061 1815 1248 1889 Ταύτῃ
1281 1834 1366 1869 τοι
1399 1817 1624 1881 δικαίως
1652 1817 2019 1888 κατεδικάσθη

433 1907 666 1977 θανάτῳ.
694 1903 828 1960 Εἶτα
849 1907 930 1972 τίς
963 1907 1117 1963 ἔσται
1150 1908 1251 1977 τῆς
1284 1908 1603 1978 ἐπικουρίας
1631 1910 1656 1961 6
1677 1909 1880 1980 τρόπος
1905 1912 2019 1972 τοῖς

432 2001 592 2054 τοῦτο
626 2001 910 2065 παθοῦσιν,
943 2001 976 2072 ἢ
1007 2002 1156 2065 ὅπως
1189 2002 1256 2055 ἂν
1299 2001 1686 2073 διακρούσαιτο
1714 2003 1775 2054 τὸ
1816 2003 2021 2072 συμϐε-

434 2094 623 2165 ϐηκὸς,
657 2095 823 2159 αὐτὸς
859 2093 970 2163 ἐγὼ
1007 2094 1388 2164 διασκέψομαι,
1449 2095 1647 2166 μᾶλλον
1691 2094 1749 2150 δὲ
1788 2095 1887 2166 ἤδη
1925 2095 2022 2148 καὶ

434 2186 624 2256 ὁρίσας
651 2186 781 2258 ἔχω.
812 2188 884 2240 ’Ἡ
912 2183 1021 2258 ἆρα
1046 2187 1129 2250 τίς
1156 2189 1304 2241 ἐστιν
1329 2189 1384 2240 έν
1406 2187 1557 2258 ὑμῖν,
1591 2187 2021 2259 φρενοϐλαϐείας

434 2279 515 2341 είς
551 2277 710 2332 τοῦτο
740 2279 1057 2351 προσήκων,
1086 2279 1162 2342 ώς
1189 2278 1399 2332 οἴεσθαί
1441 2297 1523 2347 τε,
1562 2281 1660 2335 καὶ
1697 2280 1902 2350 λέγειν,
1939 2281 2021 2334 ὅτι

437 2368 838 2440 παρακλήσεως
867 2372 959 2425 καί¹
995 2371 1350 2443 παραμυθίας
1389 2373 1506 2426 ἐστί
1536 2391 1621 2438 τις
1647 2375 1866 2447 τρόπος,
1898 2374 1956 2429 δν
1992 2377 2021 2429 6

437 2453 579 2525 θεῖός
611 2479 672 2516 τε
702 2466 798 2517 καὶ
838 2464 1118 2535 ἀκήρατος
1154 2465 1254 2536 οὑχ
1295 2463 1506 2536 ἑώρακε
1550 2467 1707 2533 νοῠς;
1742 2469 1875 2539 Εἰμὶ
1911 2468 2021 2541 γὰρ

434 2553 706 2626 τεχνίτης,
736 2554 964 2618 ἄναλκίς
992 2573 1050 2608 τε
1079 2556 1215 2627 πρὸς
1251 2558 1426 2623 οὐδὲν,
1455 2559 1570 2612 ἀλλ’
1596 2556 1654 2634 εὖ
1677 2557 1792 2612 οῖδα
1816 2560 2019 2625 πάντα,

437 2645 537 2698 καὶ
591 2646 857 2718 ἀμελλητὶ
901 2647 1151 2720 κατορθῶ
1205 2648 1267 2700 τὸ
1315 2649 1526 2704 δοκοῦν.
1578 2651 1792 2718 Καίτοι,
1834 2653 2018 2723 φησὶν,

442 2756 460 2787 ε
494 2731 648 2800 οὗτος
691 2739 965 2808 ἀναμέσον
1020 2739 1265 2809 ἀδελφῶν
1321 2741 1611 2796 διαστελεῖ.
1654 2763 1673 2793 ι
1723 2745 2023 2814 Προαπαγ-

434 2828 616 2896 γέλλει
652 2828 709 2882 δὲ
741 2830 830 2885 διὰ
857 2830 1062 2885 τούτων
1087 2833 1219 2903 ἡμῖν
1254 2834 1346 2888 τὸν
1393 2834 1601 2907 Κύριον
1630 2838 1662 2906 ἡ
1673 2835 1789 2906 μῶν
1815 2837 2024 2908 Ἰησοῦν

434 2919 690 2990 Χριστόν.
718 2920 892 2984 Αὐτὸς
929 2922 1039 2993 γάρ
1071 2927 1219 2977 ἐστιν
1251 2926 1285 2995 ἡ
1320 2925 1538 2980 πάντων
1585 2927 1953 2999 παράκλησις,
1993 2930 2022 2981 6

2123 1736 2300 1780 torum
2326 1724 2666 1788 diversitate,
2715 1732 2772 1778 et
2813 1723 2879 1777 ad
2915 1723 3339 1794 delinquendum
3384 1739 3489 1779 non
3520 1725 3712 1782 leviter

2121 1816 2436 1872 declinavit.
2474 1814 2742 1882 Quocirca
2788 1824 2964 1869 morte
3006 1831 3111 1869 non
3151 1815 3426 1871 immerito
3453 1816 3707 1872 damnata

2121 1920 2224 1966 est.
2259 1909 2378 1965 Jam
2411 1924 2538 1964 vero
2564 1923 2797 1977 quanam
2831 1907 3042 1962 ratione
3075 1908 3156 1962 sic
3182 1907 3389 1963 allectis
3424 1924 3714 1964 succurra-

2123 2019 2231 2071 tur,
2278 2015 2372 2060 aut
2404 2003 2676 2074 quomodo
2722 2017 2878 2056 casus
2929 2002 3020 2058 hic
3067 2001 3393 2071 depellatur,
3447 2003 3566 2073 ipse
3608 2019 3713 2075 ego

2121 2101 2501 2156 considerabo.
2540 2099 2647 2154 Aut
2678 2107 2760 2152 est
2790 2096 2913 2167 quis
2949 2097 3092 2152 inter
3120 2112 3216 2153 vos
3247 2099 3382 2151 adeo
3412 2097 3710 2170 desipiens,

2124 2203 2182 2247 ut
2220 2191 2500 2246 exiStimet
2551 2205 2617 2244 ac
2665 2190 2831 2253 dicat,
2867 2187 3100 2258 aliquem
3150 2188 3470 2242 consolandi
3519 2203 3586 2243 ac
3615 2189 3713 2244 de-

2124 2283 2396 2341 mulcendi
2447 2283 2664 2338 modum
2709 2296 2853 2346 esse,
2886 2295 3046 2350 quem
3077 2279 3259 2333 divina
3306 2289 3360 2334 et
3398 2279 3712 2349 incorrupta

2124 2393 2277 2434 mens
2307 2391 2414 2431 non
2444 2373 2675 2429 viderit?
2705 2371 2836 2426 Sum
2885 2371 3030 2426 enim
3063 2369 3282 2435 artifex,
3322 2385 3421 2425 nec
3447 2370 3515 2425 ad
3551 2371 3712 2440 quid-

2123 2485 2283 2537 quam
2313 2465 2655 2522 etliciendum
2688 2461 3022 2528 imbecillus;
3052 2459 3146 2516 sed
3174 2460 3299 2516 novi
3334 2461 3514 2514 omnia
3549 2461 3712 2525 bene,

2123 2571 2178 2616 et
2206 2561 2326 2616 sine
2366 2573 2516 2614 mora
2553 2557 2697 2628 quod
2737 2556 2914 2627 placet
2941 2555 3043 2609 rite
3081 2565 3305 2624 prmsto.
3339 2552 3474 2617 Etsi,
3514 2552 3714 2623 inquit,

2130 2671 2148 2702 ι
2181 2651 2270 2705 hic
2316 2649 2458 2704 inter
2519 2647 2716 2701 fratres
2769 2645 3070 2716 separabit.
3107 2663 3126 2695 ι
3183 2642 3516 2698 Praznuntiat
3556 2643 3714 2698 nobis

2125 2760 2220 2815 per
2253 2745 2367 2798 haec
2402 2741 2687 2795 Dominum
2733 2747 2976 2793 nostrum
3015 2733 3200 2793 Jesum
3248 2734 3549 2790 Christum.
3591 2733 3716 2805 Ipse

2125 2838 2269 2892 enim
2324 2844 2407 2892 est
2458 2833 2698 2888 omnium
2754 2830 3076 2896 consolatio,
3133 2828 3324 2883 modus
3379 2827 3715 2894 curationis;

2127 2930 2302 2998 ipsum
2367 2925 2658 2981 destinavit
2713 2923 2872 2978 Pater
2941 2930 3068 2976 ante
3122 2927 3368 2990 tempora
3429 2918 3715 2974 saecularia

434 3011 538 3081 τῆς
568 3011 866 3082 θεραπείας
886 3014 1108 3085 τρόπος,
1139 2994 1303 3069 αὐτὸν
1325 2994 1681 3090 προώρισεν
1703 2994 1893 3091 Πατ-ἧρ
1915 3021 2022 3092 πρὸ

2126 2994 2466 3076 salvatorem
2504 3031 2569 3072 ac
2604 3013 3020 3084 Redemptorem
3052 3013 3105 3066 in
3157 3011 3348 3066 mortis
3390 3019 3717 3082 tempestate

435 3103 642 3175 χρόνων
676 3105 910 3158 αἰωνίων
939 3106 1168 3179 Σωτῆρα
1200 3110 1293 3161 καὶ
1330 3109 1630 3180 Λυτρωτὴν
1665 3115 1778 3175 τοῖς
1806 3112 1885 3183 τῷ
1923 3113 2024 3168 θα-

435 3191 582 3263 νάτῳ
615 3194 1072 3265 κεκρατημένοις.
1119 3197 1294 3250 Αὐτὸν
1332 3197 1436 3270 ἔφη
1463 3198 1793 3253 διαστέλλειν
1821 3203 2026 3273 ἀναμέ-

439 3301 531 3338 σον
551 3283 820 3353 ἀδελφῶν.
850 3287 960 3339 Καὶ
986 3287 1039 3338 τί
1068 3287 1131 3358 δὴ
1154 3287 1313 3341 τοῦτό
1346 3290 1530 3357 estw;
1566 3291 1732 3345 αὐτοῦ
1772 3292 2024 3361 λέγοντος

436 3373 758 3446 ἀκηκόαμεν
810 3376 906 3428 τοῦ
971 3377 1189 3430 πάντων
1243 3378 1403 3449 ἡμῶν
1459 3381 1713 3453 Σωτῆρος
1761 3383 2019 3453 Χριστοῦο

443 3487 461 3518 ι
494 3469 587 3538 Μὴ
612 3469 873 3540 νομίσητε
905 3470 988 3524 ὅτι
1007 3467 1171 3542 ἦλθον
1195 3472 1380 3542 βαλεῖν
1408 3475 1632 3546 εἰρήνην
1657 3477 1752 3529 ἐπὶ
1776 3478 1876 3547 τὴν
1895 3481 2022 3549 γῆν.

439 3561 553 3613 Οὐκ
587 3557 752 3632 ἦλθον
792 3561 977 3632 βαλεῖν
1008 3563 1254 3635 εἰρήνην,
1300 3563 1438 3619 ἀλλά
1487 3567 1785 3639 μάχαιραν.
1819 3565 2025 3623 τΗλθον

438 3653 551 3724 γὰρ
579 3653 802 3724 διχάσαι
839 3655 1124 3727 ἄνθρωπον
1171 3657 1314 3710 κατὰ
1342 3658 1437 3711 τοῦ
1470 3660 1680 3730 πατρὸς
1707 3661 1896 3727 αὑτοῦ,
1929 3662 2026 3716 καὶ

439 3745 715 3818 Θυγατέρα
743 3746 886 3800 κατά
913 3748 1011 3818 τῆς
1050 3749 1256 3820 μητρὸς
1284 3750 1474 3820 αὐτῆς,
1507 3752 1603 3804 καὶ
1631 3751 1852 3823 νύμφην
1888 3755 2026 3808 κατά

437 3839 538 3910 τῖις
582 3841 1099 3913 πενθερᾶςαὺτῆς,
1136 3843 1230 3896 καὶ
1271 3843 1458 3914 ἐχθροὶ
1499 3843 1593 3896 τοῦ
1640 3845 1931 3916 ἀνθρώπου
1975 3848 2024 3900 οἱ

436 3932 707 3986 οίκειακοὶ
740 3932 927 3987 αὑτοῦ.
968 3953 988 3986 ι
1020 3933 1134 3988 Καὶ
1164 3935 1326 3990 πάλιν
1364 3935 1434 3990 τά
1472 3936 1709 4007 ἐσόμενα
1737 3955 2025 4008 προαπαγ-

437 4023 644 4093 γέλλων
690 4027 803 4089 τοῖς
840 4026 1018 4095 ἁγίοις
1067 4027 1338 4099 μαθηταῖς
1360 4043 1373 4057 ·
1412 4045 1431 4080 ι
1463 4028 1805 4100 Παραδώσει,
1835 4031 2026 4101 φησὶν,

437 4119 668 4190 ἀδελφὸς
721 4120 953 4191 ἀδελφὸν
1002 4124 1083 4186 εὶς
1134 4121 1397 4190 θάνατον,
1448 4124 1544 4178 καὶ
1585 4124 2027 4195 ἐπαναστήσεται

438 4211 623 4284 πατὴρ
657 4214 744 4283 ἐφ’
774 4213 944 4277 υἱούς.
999 4234 1018 4266 ›
1061 4215 1280 4287 Ἐπειδὴ
1330 4215 1440 4288 γὰρ
1487 4215 1588 4287 τὴν
1633 4215 1728 4269 τοῦ
1773 4216 2024 4271 διαϐόλου

2124 3109 2548 3168 versantibus“.
2609 3105 2788 3176 Ipsum
2849 3104 2926 3159 ait
2983 3118 3241 3174 separare
3285 3103 3430 3158 inter
3486 3100 3707 3156 fratres.

2124 3206 2262 3273 Quid
2289 3205 2392 3258 hoc
2417 3201 2541 3257 est?
2573 3200 2747 3270 ipsum
2783 3198 3058 3252 dicentem
3101 3194 3408 3249 audivimus
3430 3191 3715 3249 Christum

2125 3296 2460 3351 Salvatorem
2494 3291 2739 3345 omuium
2769 3296 3037 3343 nostrum.
3087 3303 3106 3337 ι
3133 3283 3312 3340 Nolite
3352 3294 3546 3354 putare
3572 3299 3714 3355 quo-

2125 3385 2272 3441 niam
2325 3383 2447 3438 veni
2503 3380 2719 3436 mittere
2776 3393 2964 3447 pacem
3024 3376 3076 3429 in
3149 3385 3382 3438 terram;
3437 3389 3545 3429 non
3590 3373 3718 3430 veni

2124 3493 2315 3548 pacem
2355 3476 2594 3539 mittere,
2650 3472 2745 3527 sed
2787 3469 3046 3540 gladium.
3084 3467 3220 3524 Veni
3269 3467 3414 3521 enim
3456 3481 3717 3535 separare

2126 3569 2397 3625 hominem
2429 3565 2692 3621 adversus
2723 3571 2931 3633 patrem
2963 3575 3146 3627 suum,
3176 3567 3233 3613 et
3259 3557 3424 3612 filiam
3454 3558 3718 3613 adversus

2125 3671 2357 3717 matrem
2393 3673 2574 3722 suam,
2612 3666 2668 3712 οι
2701 3670 2902 3710 nurum
2944 3653 3206 3708 adversus
3251 3666 3470 3706 socrum
3519 3666 3713 3718 suam;

2125 3766 2181 3809 et
2209 3753 2416 3808 inimici
2468 3749 2705 3806 hominis
2743 3745 3031 3803 domestici
3071 3744 3272 3816 ejus".
3308 3762 3328 3794 ›
3372 3743 3440 3798 Ει
3472 3758 3718 3806 rursum,

2126 3846 2309 3902 futura
2356 3842 2562 3898 sanctis
2589 3838 2869 3910 discipulis
2895 3836 3289 3906 praenuntians,
3319 3851 3338 3887 ι
3367 3833 3590 3900 Tradet,
3632 3834 3715 3886 in-

2127 3939 2265 4010 quit,
2315 3936 2489 3991 frater
2518 3933 2741 3988 fratrem
2789 3933 2843 3985 in
2885 3941 3137 3994 mortem,
3180 3938 3236 3983 et
3287 3929 3527 3997 insurget
3560 3935 3718 3996 pater

2127 4041 2317 4087 contra
2348 4028 2488 4083 ﬁlios
2511 4026 2573 4081 ¹³.
2608 4043 2626 4076 ι
2669 4023 2738 4080 Ut
2768 4023 2914 4079 enim
2953 4020 3153 4077 diaboli
3185 4019 3523 4091 tyrannidem
3557 4033 3716 4074 ever-

2129 4125 2216 4190 tit,
2257 4132 2314 4180 et
2361 4121 2618 4192 deceptos
2665 4115 2991 4173 idololatria:
3040 4113 3249 4184 laqueis
3297 4111 3593 4181 expedivit,
3635 4111 3716 4166 sic

2127 4232 2222 4273 eos
2256 4230 2356 4286 per
2381 4213 2724 4269 dilectionem
2761 4223 2891 4280 erga
2919 4223 2979 4264 se
3024 4207 3127 4264 sibi
3167 4205 3446 4273 astrinxit,
3493 4216 3712 4262 ut'cre-

436 4304 721 4378 καθῄρηκε
779 4307 1106 4379 τυραννίδα,
1163 4310 1260 4362 καὶ
1303 4310 1414 4363 τῶν
1460 4309 1562 4381 τῆς
1606 4309 2022 4383 είδιυλολατρίας

2129 4310 2321 4366 dentes
2348 4307 2512 4362 etiam
2563 4303 2866 4360 naturalem
2917 4314 3160 4356 amorem
3207 4298 3621 4368 posthaberent,
3654 4308 3715 4354 et

437 4397 673 4464 ἐξείλετο
740 4397 953 4470 βρόχων
999 4400 1127 4464 τοὺς
1174 4399 1672 4471 πεπλανημένους,
1705 4403 2022 4474 ,κατέδησεν

2127 4403 2361 4466 fratres,
2426 4399 2654 4463 domos,
2703 4409 2873 4465 genus
2925 4406 3034 4447 non
3089 4398 3487 4461 agnoscerent,
3539 4398 3595 4443 et
3648 4389 3714 4442 a.l

435 4488 609 4554 οὕτως
642 4489 777 4561 πρὸς
810 4492 1032 4564 ἀγάπην
1055 4492 1156 4563 τὴν
1184 4493 1321 4562 πρὸς
1365 4494 1575 4558 ἑαυτὸν,
1621 4494 1698 4559 ὼς
1730 4495 1826 4548 καὶ
1873 4513 2022 4566 φυσι-

2124 4495 2400 4550 Christum
2426 4500 2649 4546 vocatos
2681 4502 2802 4543 esse
2845 4485 2912 4540 ad
2957 4499 3230 4540 summam
3271 4481 3450 4547 animi,
3472 4480 3713 4534 laetitiam

437 4581 540 4653 κῆς
562 4581 827 4655 ἀλογῆσαι
861 4583 1249 4656 φιλοστοργίας
1276 4586 1403 4650 τοὺς
1437 4588 1898 4655 πεπιστευκότας,
1927 4589 2022 4642 καὶ

2124 4585 2415 4644 sutliceret.
2458 4583 2641 4650 Quare
2685 4589 2740 4636 et
2776 4579 2983 4648 Ibeatus
3022 4576 3192 4632 David
3230 4575 3283 4630 in
3318 4588 3552 4645 persona
3605 4580 3715 4626 tam

435 4673 700 4743 ἀδελφοὺς
739 4674 1069 4746 ἀνῄνασθαι,
1123 4677 1218 4730 καὶ
1251 4678 1518 4751 πατέρας,
1551 4681 1644 4734 καὶ
1682 4683 1887 4747 οἴκους,
1929 4682 2022 4736 καὶ

2124 4679 2443 4753 praeclarum
2493 4676 2702 4731 facinus
2739 4685 3123 4744 aggressurum
3173 4667 3357 4741 psallit
3394 4665 3613 4730 alicubi,
3659 4675 3716 4718 et

434 4765 590 4836 γένη,
625 4768 718 4820 καὶ
755 4769 1094 4840 ἀποχρήσειν
1128 4769 1309 4835 αὐτοῖς
1355 4773 1438 4836 είς
1477 4771 1699 4826 ἃπασαν
1730 4773 2022 4845 εὐθυμίαν,

2125 4774 2343 4845 inquit:
2381 4792 2399 4824 ι
2427 4770 2592 4825 Pater
2628 4782 2781 4823 meus
2829 4774 2886 4821 et
2928 4774 3101 4819 mater
3149 4775 3271 4816 mea
3307 4758 3716 4830 dereliquerunt

433 4855 496 4909 τὸ
536 4856 980 4929 προσκεκλῆσθαι
1021 4857 1098 4930 τῷ
1126 4860 1368 4932 Χριστῷ.
1396 4861 1506 4916 Καὶ
1543 4860 1676 4931 γοῦν
1711 4863 1808 4916 καὶ
1845 4865 1874 4916 6
1916 4881 2022 4934 μα-

2129 4880 2251 4931 me;
2278 4862 2540 4918 Dominus
2569 4866 2747 4913 autem
2773 4853 3072 4925 assumpsit
3095 4852 3264 4908 me“.
3298 4870 3318 4903 ι

435 4947 626 5020 κάριος
650 4949 838 5014 Δαϐὶδ,
872 4951 949 5015 ώς
1008 4953 1072 5005 ἐκ
1139 4953 1434 5024 προσώπου
1476 4954 1586 5008 τῶν
1649 4954 1808 5009 τοῦτο
1855 4956 2285 5028 κατορθωκότων
2314 4953 2511 5025 ψάλλει
2537 4969 2662 5017 που,
2699 4950 2793 5004 καί
2830 4965 3018 5021 φησιν,
3076 4947 3161 5000 ὅτι
3199 4964 3219 4997 ι
3260 4945 3322 4998 '0
3358 4943 3544 5014 πατήρ
3585 4959 3712 5012 μου,

435 5043 530 5096 καὶ
562 5044 746 5114 μήτηρ
792 5061 894 5114 μου
941 5045 1294 5114 ἐγκατέλιπόν
1322 5064 1412 5118 με,
1449 5047 1478 5100 6
1505 5046 1562 5101 δὲ
1593 5046 1799 5118 Κύριος
1842 5049 2211 5121 προσελάϐετό
2235 5066 2326 5120 με.
2360 5066 2379 5100 ι

515 5133 749 5198 Ἐπάξει
776 5136 1061 5189 καύσωνα
1080 5135 1303 5205 ἄνεμον
1330 5138 1547 5206 Κύριος
1566 5138 1636 5190 ἐκ
1658 5139 1768 5205 τῆς
1791 5138 2016 5209 ἐρήμου

2195 5138 2361 5194 Vrsas.
2408 5136 2497 5192 l5.
2544 5135 2781 5189 Adducet
2811 5142 3017 5188 ventum
3059 5140 3297 5186 urentem
3345 5127 3603 5181 Dominus
3651 5145 3716 5182 ea:

431 5225 524 5278 ἐπ’
567 5226 774 5292 αὑτὸν,
834 5228 934 5282 καὶ
986 5228 1356 5296 ἀναξηρανεῖ
1391 5229 1499 5294 τὰς
1530 5228 1760 5298 φλέϐας
1807 5231 2017 5286 αὐτοῦ.

2124 5234 2323 5288 deserto
2379 5245 2539 5300 super
2597 5243 2750 5290 eum,
2813 5234 2862 5280 et
2915 5223 3134 5278 siccabit
3183 5236 3340 5275 venas
3395 5219 3530 5288 ejus.
3592 5217 3715 5286 Ipse

432 5317 627 5384 Αὐτὸς
661 5319 1070 5389 καταξηρανεῖ
1114 5321 1231 5389 τὴν
1264 5320 1381 5392 γῆν
1419 5321 1644 5392 αὑτοῦ,
1685 5325 1784 5380 καὶ
1820 5323 2021 5381 πάντα

2124 5325 2396 5380 εατιίεεαίνίι
2433 5336 2630 5378 terram
2677 5321 2813 5390 ejus,
2846 5316 3011 5388 189
3033 5325 3082 5370 et
3126 5313 3306 5368 omnia
3339 5328 3467 5365 vasa
3507 5311 3714 5365 deside-

431 5408 505 5462 τὰ
530 5412 722 5478 σκεύη
762 5411 835 5464 τὰ
857 5411 1188 5482 ἐπιθυμητὰ
1221 5414 1430 5470 αὐτοῦ.

2124 5418 2314 5472 rabilia
2341 5415 2478 5485 ejus.

503 5503 692 5570 PNCT’.
734 5502 1040 5576 Μεθίστησι
1081 5505 1180 5576 μὲν
1215 5506 1307 5560 τὸν
1345 5508 1503 5579 λόγον
1541 5511 1628 5564 ἐπ’
1660 5509 1794 5564 αὐτὸ
1825 5511 1884 5562 τὸ
1920 5509 2014 5563 τοῦ

2191 5508 2368 5565 CLVI.
2428 5507 2745 5562 Sermonem
2811 5501 2877 5555 ad
2934 5500 3105 5569 ipsam
3162 5507 3452 5566 personam
3517 5493 3712 5548 mortis

3357 5667 3397 5700 ’³
3427 5667 3560 5724 lbid.
3615 5663 3709 5721 9.1.

504 5681 714 5757 ilium.
746 5699 864 5750 vm,
895 5683 985 5757 55,
1017 5683 1104 5740 54.
1181 5687 1201 5718 9
1237 5686 1435 5757 Ephcs.
1470 5704 1521 5755 v,
1563 5690 1618 5744 2.
1695 5690 1738 5720 ¹⁹
1781 5687 1798 5742 l
1837 5687 1960 5743 Cor.
1997 5703 2012 5740 ι

2124 5737 2129 5741 ,
2175 5687 2212 5717 “
2241 5684 2282 5738 ll
2315 5683 2453 5738 Tim.
2493 5699 2531 5747 ι,
2562 5682 2613 5736 9.
2701 5682 2742 5711 ”
2778 5673 2966 5730 Matth.
3005 5687 3060 5740 Χ,
3089 5671 3271 5728 5456.

1695 5690 1738 5720 ¹⁹
1781 5687 1798 5742 l
1837 5687 1960 5743 Cor.
1997 5703 2035 5753 ι,
2175 5684 2282 5738 “ll
2315 5683 2453 5738 Tim.
2493 5699 2531 5747 ι,
2562 5682 2613 5736 9.

438 5751 481 5783 “
511 5751 656 5809 Psal.
698 5769 844 5820 xxvi,
889 5755 975 5808 lt).
