4110 6368
450 303 559 361 515

1472 295 1531 353 S.
1573 293 1843 350 CYRILLI
1883 291 2354 350 ALEXANDRINI
2395 291 2714 348 AIKCIIIEP‘.

3621 293 3728 350 516

453 418 730 484 transfert,
761 430 1029 486 ventoque
1067 423 1250 470 austro
1290 423 1343 470 et
1374 413 1528 468 aestui
1567 411 1844 468 Christum
1883 427 2027 468 eom-

2138 410 2371 464 θανάτου
2418 410 2732 480 πρόσωπον,
2777 406 2966 479 ἀνέμῳ
3021 407 3076 460 δὲ
3121 406 3280 478 νότῳ,
3343 405 3439 460 καὶ
3489 405 3729 460 καύσωνι

452 506 631 580 parat,
678 525 836 579 quem
871 519 922 564 et
973 509 1040 564 de
1093 506 1384 562 solitudine
1424 506 1713 574 aliquando
1745 505 2034 560 adductum

453 604 519 657 iri
562 612 827 656 autumat.
883 600 1176 656 Sciendum
1225 614 1387 667 porro
1431 610 1556 654 ante
1607 597 1711 651 alia
1756 598 1908 662 illud,
1945 595 2033 652 Ju-

452 695 693 749 daeorum
743 694 1018 764 regionem
1076 692 1324 760 proxime
1371 694 1434 745 ad
1482 700 1730 744 austrum
1777 689 1938 744 latam
1983 701 2038 744 et

452 786 774 844 immensam
830 786 1032 840 habere
1091 783 1460 838 solitudinem.
1515 782 1666 848 Quod
1722 781 1767 836 si
1819 782 2035 850 quando

452 890 648 936 ventus
684 879 808 934 inde
849 878 1082 948 Spiraret
1111 876 1508 941 vehementius,
1555 876 1797 942 impense
1828 883 2037 928 metue-

453 973 606 1039 bant,
642 970 785 1042 quod
825 969 980 1025 tellus
1025 969 1147 1024 inde
1197 977 1563 1023 exaresceret.
1605 965 1833 1022 Videtur
1870 965 2034 1020 etiam

453 1062 748 1126 nonnullis,
807 1076 930 1115 enm
991 1060 1137 1129 ipsns
1188 1072 1452 1127 aquarum
1500 1071 1668 1111 venas
1715 1056 1816 1112 sub
1876 1056 2035 1111 terris

453 1155 778 1224 astringere,
810 1161 862 1206 et
889 1151 1110 1206 violenti
1148 1161 1309 1220 atque
1342 1149 1493 1220 igniti
1521 1149 1680 1205 ﬂatus
1714 1147 2034 1218 impulsibus

450 1246 718 1302 inhibere.
768 1245 954 1314 Itaque
998 1260 1067 1298 ex
1109 1244 1252 1298 notis
1290 1254 1344 1298 et
1387 1245 1626 1314 expertis
1676 1245 1840 1299 verba
1878 1243 2030 1299 facit.

447 1338 724 1393 Christum
769 1337 934 1408 igitur
971 1338 1232 1393 adversus
1277 1343 1507 1390 mortem
1557 1351 1680 1391 sese
1734 1335 2030 1402 illaturnm,

447 1442 503 1486 et
551 1432 723 1486 instar
753 1431 896 1486 venti
939 1431 1147 1484 urentis
1180 1445 1369 1484 omnes
1416 1429 1594 1484 fontes
1623 1437 1678 1483 et
1718 1443 1884 1483 venas
1917 1428 2035 1498 ejus

447 1525 845 1579 exsiccaturuni
879 1523 1192 1592 prophetica
1233 1525 1396 1577 verba
1428 1523 1586 1578 nobis
1615 1521 1877 1576 indicant.
1918 1521 2034 1576 Ma-

451 1623 542 1670 net
580 1630 706 1683 ergo
747 1613 798 1666 in
843 1613 1202 1667 translatione
1247 1622 1299 1666 et
1331 1611 1793 1674 commodissime,
1831 1620 2034 1681 myste-

449 1711 700 1777 riutnque
731 1707 798 1758 al)
828 1721 892 1758 eo
921 1704 1062 1775 quod
1090 1704 1407 1774 contingere
1436 1703 1738 1768 consuevit,
1770 1703 2030 1757 declarat.

450 1799 632 1854 Venas
676 1816 838 1867 porro
888 1809 943 1853 et
987 1800 1165 1852 fontes
1215 1797 1405 1851 mortis
1442 1796 1765 1866 perditionis
1815 1810 2036 1866 genera,

449 1893 564 1946 sive
596 1893 863 1961 malignas
898 1903 949 1945 et
981 1890 1327 1945 adversarias
1359 1890 1586 1944 virtutes
1627 1903 1748 1944 esse
1779 1888 2032 1944 dicimus.

450 1984 554 2040 I‘er
587 1999 680 2038 eas
711 1985 856 2038 enim
890 1998 986 2038 ceu
1031 1997 1128 2050 per
1175 1996 1341 2036 venas
1383 1994 1597 2049 semper
1625 1980 1736 2035 suis
1779 1978 2036 2048 tempori-

448 2082 548 2131 lius
579 2077 915 2147 pereuntium
943 2076 1230 2130 multitudo
1259 2075 1305 2129 ei
1333 2073 1798 2128 subministratur.
1829 2071 2032 2126 Eodem

448 2185 615 2226 sensu
664 2186 791 2224 vasa
833 2168 949 2237 ejus
998 2167 1381 2224 desiderabilia
1428 2165 1680 2236 accipies.
1716 2164 1856 2220 Vasa
1891 2163 2033 2218 enim

446 2263 723 2334 perdentia
770 2261 1022 2316 mortales
1075 2276 1238 2326 super
1274 2271 1498 2324 terram,
1553 2267 1609 2313 et
1664 2257 1825 2313 morti
1869 2257 2035 2311 chara

445 2372 554 2410 non
608 2357 787 2424 inepte
825 2354 948 2424 quis
996 2362 1091 2408 aut
1130 2353 1393 2422 malignas
1440 2363 1494 2406 et
1529 2351 1834 2406 contrarias
1879 2349 2036 2405 nobis

445 2458 765 2517 potestates,
822 2457 915 2500 aut
966 2455 1112 2500 certe
1169 2445 1366 2516 impios
1436 2444 1697 2514 quosdam
1761 2443 2032 2507 homines,

444 2541 706 2596 damonis
760 2538 1102 2609 perversitati
1165 2537 1492 2603 servientes,
1537 2546 1592 2589 et
1638 2549 1824 2590 secum
1897 2534 2034 2589 alios

443 2635 737 2703 perdentes
773 2631 1146 2700 appellaverit.
1177 2628 1310 2684 Cum
1347 2629 1642 2699 spiraverit
1669 2643 1798 2696 ergo
1834 2638 2031 2681 ventus

444 2741 630 2786 urens,
702 2725 895 2792 inquit,
949 2732 1056 2776 tota
1116 2731 1260 2775 terra
1313 2721 1506 2774 mortis
1572 2730 1799 2774 arescet.
1848 2717 2035 2774 Oratio

443 2835 660 2873 rursum
721 2817 1032 2886 metaphora
1085 2821 1324 2876 constat,
1375 2823 1434 2867 ut
1485 2813 1532 2867 si
1584 2814 1729 2867 dicat
1777 2812 2030 2878 fortasse,

445 2928 592 2967 mors
613 2912 770 2983 quasi
802 2911 981 2964 locum
1013 2907 1296 2962 herbidum
1329 2906 1578 2960 homines
1608 2905 2029 2975 depascebatur;

442 3007 538 3059 sed
582 3011 798 3058 arescet
843 3002 996 3056 locus
1024 2998 1137 3063 ille,
1171 3012 1270 3053 nec
1304 3014 1450 3054 mors
1477 2997 1732 3066 pabulum
1771 2997 2029 3052 inveniet.

444 3096 668 3150 Sublata
695 3095 838 3149 enim
867 3103 948 3149 est
982 3108 1150 3157 mors,
1179 3091 1268 3146 ubi
1303 3091 1554 3146 Christus
1579 3091 1744 3143 vitam
1776 3090 2030 3145 omnibus

444 3187 746 3256 proposuit,
776 3195 829 3239 et
853 3183 1320 3238 immortalitatem
1361 3181 1601 3236 revocari
1632 3181 1897 3250 permisit.

2145 501 2470 572 παρεικάζει
2519 499 2774 571 Χριστὸν,
2816 498 2876 551 ὃν
2917 498 3012 552 καὶ
3044 499 3108 550 ὲκ
3137 500 3237 570 τῆς
3275 499 3504 570 ἐρήμου,
3542 499 3728 568 φησὶν,

2144 589 2534 662 ἐνεχθήσεσθαι
2591 589 2734 642 κατὰ
2774 587 3021 661 καιρούς.
3072 589 3194 660 Χρὴ
3237 588 3302 642 δὲ
3355 589 3576 653 εἰδέναι,
3636 591 3732 642 καὶ

2143 681 2251 752 πρό
2283 698 2344 750 γε
2371 680 2479 733 τῶν
2513 679 2711 747 ἄλλων,
2734 681 2933 747 ἐκεῖνο,
2955 680 3037 733 ὅτι
3069 681 3182 734 τῶν
3220 680 3489 734 Ἰουδαίων
3516 683 3549 752 ἠ
3576 679 3730 752 χώρα

2144 773 2407 828 πλατεῖαν
2469 774 2562 828 καὶ
2599 773 2988 844 ἀκατάληπτον
3035 772 3242 845 ἔρημον
3289 773 3424 845 ἔχει,
3471 773 3731 844 κειμένην

2143 865 2202 917 ὲν
2235 865 2424 938 μέρεσι
2460 868 2574 929 τοῖς
2605 865 2976 928 νοτιωτάτοις·
3005 865 3107 919 κᾶν
3144 869 3192 920 εί
3215 867 3426 938 συνέϐη
3475 866 3603 919 ποτὲ
3640 866 3729 920 τὸν

2143 957 2352 1009 ἐκεῖθεν
2407 957 2606 1028 ἄνεμον
2661 956 3059 1027 κατενεχθῆναι
3103 959 3402 1030 ῥαγδαίως,
3453 959 3729 1030 περιδεεῖς

2142 1043 2281 1118 ἦσαν
2323 1050 2382 1102 οὐ
2417 1051 2674 1120 μετρίως,
2717 1052 3083 1124 ἀναινομένης
3111 1051 3212 1124 τῆς
3241 1050 3444 1124 χώρας.
3474 1054 3638 1106 Δοκεῖ
3672 1051 3727 1105 δέ

2142 1157 2251 1194 τισι
2299 1143 2393 1195 καὶ
2441 1142 2610 1206 αὑτάς
2651 1143 2761 1197 τῶν
2811 1145 3024 1200 ὑδάτων
3067 1145 3168 1209 τάς
3197 1147 3254 1198 ὲν
3293 1148 3360 1217 τῇ
3405 1147 3476 1216 γῇ
3525 1144 3728 1214 φλέϐας

2141 1235 2512 1306 ὀκνηροτέρας
2563 1237 2838 1292 ποιεῖσθαι
2882 1238 2983 1302 τὰς
3016 1237 3298 1310 χορηγίας,
3353 1239 3448 1292 καὶ
3475 1241 3597 1303 ταῖς
3632 1237 3728 1291 τοῦ

2144 1328 2316 1398 βιαίου
2367 1331 2460 1381 καὶ
2505 1329 2788 1402 πυρώδους
2843 1330 3154 1402 πνεύματος
3200 1330 3533 1404 προσϐολαῖς
3597 1332 3730 1384 ἀνα-

2143 1421 2464 1477 κόπτεσθαι.
2509 1422 2720 1476 Οὐκοῦν
2768 1423 2828 1488 ἐξ
2865 1417 2941 1479 ὧν
2985 1425 3156 1488 ῐσασι,
3209 1425 3304 1477 καὶ
3342 1424 3725 1494 πεπείρανται,

2143 1517 2377 1568 ποιεῖται
2424 1515 2552 1578 τοὺς
2607 1516 2823 1586 λόγους.
2885 1515 3374 1589 Ἐπενεχθήσεσθαι
3417 1515 3481 1588 δὴ
3519 1513 3612 1569 οὖν
3651 1514 3728 1585 τῷ

2143 1607 2363 1678 Θανάτῳ
2388 1608 2622 1679 Χριστὸν
2647 1612 2675 1662 6
2695 1609 3039 1680 προφητικδς
3071 1612 3202 1680 ἡμῖν
3231 1609 3335 1680 ἔφη
3356 1609 3513 1677 λόγος
3536 1607 3726 1678 ἀνέμῳ

2142 1699 2387 1754 καύσωνι
2419 1702 2826 1774 παραπλήσιον,
2855 1702 2915 1767 ὃς
2945 1702 3124 1766 πάσας
3155 1701 3320 1755 αὐτοῦ
3369 1702 3468 1765 τὰς
3509 1701 3725 1773 πληγὰς

2070 1790 2114 1844 Β
2142 1794 2237 1846 καὶ
2259 1793 2358 1856 τάς
2386 1793 2590 1862 φλέϐας
2615 1793 2999 1866 καταξηρανεῖ.
3018 1794 3299 1867 Ἐπιμένει
3327 1791 3418 1849 οὖν
3437 1797 3502 1866 τῇ
3527 1797 3723 1866 τροπῇ,

2141 1883 2234 1936 καὶ
2275 1884 2510 1953 μάλιστα
2568 1885 2767 1957 ὀρθῶς,
2801 1888 2894 1940 καὶ
2931 1887 3006 1951 ὡς
3038 1888 3146 1942 ἀπό
3175 1906 3238 1958 γε
3284 1888 3378 1942 τοῦ
3412 1887 3726 1959 συμϐαίνειν

2141 1976 2418 2039 εἰωθότος,
2460 1977 2558 2048 τὴν
2590 1976 2686 2031 τοῦ
2715 1980 3020 2052 μυστηρίου
3049 1985 3286 2035 ποιεῖται
3314 1981 3569 2052 δήλωσιν.
3590 1979 3726 2032 Φλέ-

2141 2068 2240 2131 ϐας
2269 2068 2346 2134 δὲ,
2380 2071 2473 2122 καὶ
2513 2070 2697 2141 πηγὰς
2741 2072 2836 2125 τοῦ
2867 2074 3119 2139 θανάτου,
3161 2076 3288 2138 τοὺς
3312 2075 3410 2146 τῆς
3450 2074 3726 2138 ἀπωλείας

2139 2163 2374 2232 τρόπους
2415 2161 2559 2217 εἶναί
2591 2183 2792 2237 φαμεν,
2826 2168 2943 2238 ἦτοι
2987 2169 3084 2232 τὰς
3129 2169 3394 2240 πονηρὰς,
3444 2171 3538 2224 καὶ
3577 2172 3728 2224 ἀντι-

2139 2258 2401 2326 κειμένας
2446 2259 2728 2329 δυνάμεις.
2778 2262 2856 2313 Δι’
2898 2260 3078 2314 αὐτῶν
3124 2260 3232 2332 γάρ
3263 2262 3450 2331 ὥσπερ
3486 2260 3583 2330 τὴν
3617 2258 3724 2312 τῶν

2139 2347 2226 2400 6ιεῖΙ
2267 2351 2410 2403 κατά
2439 2352 2668 2422 καιροὺς
2713 2351 3106 2423 ἀπολλυμένων
3140 2354 3456 2425 χορηγεῖται
3491 2349 3720 2421 πληθύν.

2139 2440 2323 2505 Οὕτως
2351 2444 2574 2514 νοήσεις
2614 2445 2806 2497 καὶτὰ
2839 2445 3008 2516 σκεύη
3062 2444 3130 2498 τά
3180 2443 3494 2516 ἐπιθυμητὰ
3531 2441 3720 2497 αὑτοῦ.

2141 2533 2321 2604 Σκεύη
2360 2536 2468 2606 γὰρ
2501 2537 2839 2591 ἀπολλύοντα
2864 2540 2988 2602 τοὺς
3025 2539 3116 2591 ἐπὶ
3144 2540 3241 2609 τῆς
3267 2539 3388 2610 γῆς,
3422 2538 3514 2590 καὶ
3536 2537 3611 2607 τῷ
3637 2537 3724 2590 θα-

2138 2627 2287 2698 νάτῳ
2320 2629 2476 2699 τίμια
2507 2630 2640 2702 φαίη
2678 2648 2762 2694 τις
2785 2631 2850 2684 ἂν
2877 2631 3126 2696 εἰκότως,
3159 2631 3191 2702 ἢ
3221 2633 3321 2695 τάς
3347 2632 3724 2704 πονηράς,καὶ

2139 2720 2522 2791 ἀντικειμένας
2543 2723 2825 2793 δυνάμεις,
2857 2725 3023 2795 ἤγουν
3046 2724 3294 2789 ἀνοσίους
3323 2723 3475 2788 τινάς
3498 2725 3604 2776 τῶν
3629 2724 3724 2777 ἐπὶ

2136 2811 2271 2882 γῆς,
2300 2813 2400 2883 τῆς
2429 2814 2640 2867 ἐκείνου
2671 2815 3000 2888 δυστροπίας
3029 2817 3398 2888 θεραπευτὰς,
3425 2817 3520 2871 κα)⁸
3556 2835 3723 2889 προσ-

2139 2905 2476 2971 ἀπολλύντας
2504 2910 2718 2972 ἑαυτοῖς
2747 2910 2988 2981 ἐτέρους.
3028 2909 3368 2974 Πνεύσαντος
3400 2909 3463 2980 δὴ
3503 2906 3594 2964 οὖν
3628 2910 3721 2963 τοῦ

2137 2999 2440 3065 καύσωνος,
2477 3001 2684 3066 ἆπασα,
2722 3004 2909 3073 φησὶν,
2960 3005 2993 3074 ἡ
3045 3003 3140 3056 τοῦ
3189 3003 3420 3056 Θανάτου
3453 3003 3722 3074 ξηρανθή-

2139 3109 2291 3145 σεται
2331 3094 2423 3164 γῆ.
2459 3095 2765 3166 Πεποίηται
2807 3095 2864 3149 δὲ
2909 3095 3071 3150 πάλιν
3109 3095 3185 3159 ὡς
3222 3098 3286 3149 ἐκ
3331 3097 3646 3166 μεταφορᾶς
3691 3098 3722 3148 ὀ

2059 3156 2102 3212 C
2135 3183 2312 3252 λόγος.
2347 3185 2576 3256 Ὅμοιον
2616 3186 2746 3258 γὰρ,
2797 3189 2873 3251 ὡς
2924 3190 2972 3241 εί
3007 3189 3101 3242 καὶ
3149 3187 3302 3256 λέγοι
3349 3188 3529 3258 τυχόν·
3580 3191 3722 3242 Κατ-

439 3278 698 3332 εϐόσκετο
742 3279 840 3347 μὲν
879 3276 1069 3348 ὥσπερ
1101 3296 1154 3330 τι
1204 3276 1403 3348 χωρίον
1435 3278 1462 3330 ό
1512 3276 1746 3339 θάνατος
1775 3275 1904 3338 τοὺς
1971 3275 2065 3330 ἐπὶ
2102 3277 2203 3348 τῆς
2245 3278 2372 3349 γῆς,
2416 3280 2532 3333 ἀλλ’
2579 3280 2733 3334 ἔσται
2806 3283 2993 3354 ξηρὸν,
3048 3283 3144 3352 οὐχ
3192 3283 3416 3354 εὑρήσει
3463 3282 3632 3354 νομὴν
3687 3284 3719 3334 ὁ

441 3379 692 3440 θάνατος.
746 3376 1041 3448 Ἀνῄρηται
1075 3376 1185 3446 γὰρ
1227 3378 1260 3446 ή
1325 3373 1502 3445 φθορά
1566 3373 1862 3446 προθέντος
1902 3373 2076 3428 ἅπασι
2141 3375 2237 3429 τοῦ
2289 3375 2529 3448 Χριστοῦ
2577 3377 2674 3449 τὴν
2708 3379 2876 3448 ζωὴν,
2930 3380 3022 3432 καὶ
3065 3379 3461 3452 παλινάγρετον
3499 3379 3720 3449 ἐφέντος

441 3475 715 3528 ποιεῖσθαι
747 3474 847 3544 τὴν
885 3472 1217 3544 ἀφθαρσίαν.

1063 3568 1216 3624 CAP.
1258 3565 1399 3623 XIV.

510 3659 676 3712 Vens.
715 3660 762 3710 I.
807 3656 1148 3726 Disperdetur
1187 3655 1456 3718 Samaria,
1504 3657 1630 3726 quia
1662 3657 1856 3710 restitit
1899 3673 2027 3712 con-

437 3761 520 3804 tra
561 3749 728 3802 Deum
770 3765 945 3802 suum.
993 3747 1061 3802 In
1087 3749 1265 3818 gladio
1301 3749 1486 3804 cadent
1518 3751 1640 3819 ipsi,
1685 3760 1733 3804 et
1772 3753 2027 3806 lactentes

436 3859 618 3896 eorum
657 3841 936 3906 elidentur,
971 3853 1016 3894 et
1048 3843 1102 3895 in
1133 3852 1278 3895 utero
1312 3841 1556 3896 habentes
1583 3859 1765 3897 eorum
1791 3844 2024 3898 disrara-

435 3941 556 4002 petit
564 3947 646 3985 ur.

507 4023 708 4084 CLVII.
755 4021 1224 4094 Opportunissime
1273 4023 1423 4078 linito
1457 4039 1709 4079 sermone
1753 4025 1820 4081 de
1862 4027 2025 4082 Chri-

437 4128 545 4184 sto,
588 4127 642 4173 et
676 4115 1003 4172 universalis
1037 4116 1430 4186 redemptionis
1478 4117 1740 4187 mysterio
1780 4132 2026 4188 praenun-

439 4211 606 4274 tiato,
665 4211 857 4265 beatus
915 4210 1176 4280 propheta
1228 4224 1416 4280 rprsns
1465 4225 1652 4264 eorum
1701 4212 1793 4279 qui
1856 4212 2024 4266 Deum

435 4301 776 4358 olfenderant
810 4299 1146 4355 calamitates
1177 4299 1338 4370 190
1373 4301 1716 4366 lamentatur,
1745 4312 1800 4356 et
1829 4300 2024 4357 Sama-

2706 3568 2961 3621 ΚΕΦΑΛ.
3014 3570 3090 3622 ΙΔ¹
3117 3609 3133 3623 .

2213 3658 2708 3727 Ἀερανισθήσεται
2753 3660 3048 3730 Σαμάρεια
3070 3701 3084 3724 ,
3145 3660 3234 3715 ὅτι
3288 3662 3516 3732 ἀνέστη
3569 3664 3718 3732 πρὸς

2127 3746 2238 3800 τὸν
2271 3749 2423 3803 Θεὸν
2451 3749 2662 3820 αὐτῆς.
2711 3750 2807 3802 Ἑν
2845 3752 3117 3821 ῥομφαίᾳ
3155 3751 3484 3808 πεσοῦνται
3521 3757 3717 3822 αὐτοὶ,

2129 3839 2231 3892 καὶ
2259 3839 2330 3894 τὰ
2365 3843 2679 3896 ὑποτίτθια
2708 3841 2909 3896 αὐτῶν
2945 3842 3482 3913 ἑλαφισθήσονται,
3526 3847 3626 3900 καὶ
3655 3852 3717 3901 ai

2126 3931 2198 3985 ἐν
2239 3933 2454 4002 γαστρὶ
2483 3933 2738 4003 ἔχουσαι
2773 3933 2973 3990 αὐτῶν
3008 3934 3536 4005 ὃιαρῤαγήσονται.

2195 4023 2366 4078 PNZ'.
2407 4025 2755 4096 Διαπεράνας
2790 4021 2849 4078 εὖ
2889 4025 3033 4096 μάλα
3081 4027 3174 4079 τὸν
3218 4029 3311 4082 ἐπὶ
3357 4030 3578 4102 Χριστῷ
3628 4031 3717 4086 λό-

2125 4129 2240 4182 γον,
2272 4114 2367 4168 καὶ
2400 4115 2499 4186 τῆς
2529 4115 2761 4170 καθόλου
2792 4116 3119 4188 λυτρώσεως
3147 4119 3208 4172 τὸ
3239 4123 3541 4194 μυστήριον
3575 4141 3713 4195 προ-

2125 4205 2496 4276 απηγγελκὼς
2522 4210 2550 4262 6
2578 4209 2849 4280 μακάριος
2882 4213 3188 4285 προφήτης,
3220 4213 3520 4286 ὲποιμώζει
3550 4218 3716 4272 πάλιν

2125 4297 2249 4362 ταῖς
2272 4297 2381 4352 τῶν
2415 4302 2940 4372 προσκεκρουκότων
2969 4307 3299 4376 συμφοραῖς,
3329 4307 3492 4377 μόνον
3515 4309 3572 4362 δὲ
3593 4309 3716 4381 οὐχὶ

436 4396 572 4449 ritas
622 4393 777 4464 quasi
829 4392 995 4464 luget.
1055 4391 1188 4447 Cum
1237 4392 1382 4446 enim
1435 4391 1645 4457 liceret,
1704 4401 1760 4448 et
1816 4393 2019 4449 alfatitl

2131 4389 2221 4442 καὶ
2269 4389 2701 4462 κατολοφύρεται
2755 4392 2882 4457 τοὺς
2931 4395 2989 4446 ὲν
3037 4396 3341 4469 Σαμαρείᾳ.
3389 4400 3568 4454 Μετὸν
3605 4380 3716 4475 γὰρ

439 4486 645 4552 liceret,
708 4483 906 4554 inquit,
957 4482 1061 4535 lrni
1121 4482 1276 4536 bonis
1332 4497 1398 4537 ex
1443 4483 1861 4562 mansuetudine
1899 4483 2014 4550 Dei,

435 4587 628 4649 sponte
659 4591 756 4632 sua
783 4577 850 4630 ad
890 4575 1150 4646 supplicia
1175 4574 1244 4629 ab
1273 4574 1413 4628 irato
1444 4577 1791 4644 perpetienda
1823 4591 2018 4633 cucur-

436 4677 664 4734 rerunt,
703 4668 828 4736 quia
871 4667 946 4721 illi
993 4668 1267 4731 resistere,
1313 4675 1368 4720 et
1400 4667 1696 4723 Dominicis
1747 4669 2018 4725 mandatis

431 4776 590 4818 suam
631 4760 958 4815 voluntatem
989 4775 1283 4832 opponere,
1317 4769 1372 4816 et
1407 4761 1798 4830 propemodum
1843 4760 2014 4816 videri

433 4852 552 4910 acie
589 4863 780 4909 contra
809 4853 1090 4919 dimicare,
1128 4863 1220 4907 aut
1259 4867 1383 4908 esse
1422 4853 1490 4906 de
1527 4867 1756 4908 numero
1781 4866 1910 4908 vere
1938 4851 2015 4907 illi

434 4942 813 5000 rebellantium
864 4941 1172 4996 voluerunt.
1209 4943 1441 4999 Proinde
1471 4943 1612 4998 citra
1654 4958 1869 4998 omnem
1911 4945 2018 4999 mi-

433 5034 790 5090 sericordiam
830 5031 933 5102 ipsi
963 5032 1142 5102 gladio
1173 5033 1610 5099 trucidabuntur,
1637 5042 1693 5087 et
1737 5033 1859 5088 novi
1892 5049 2016 5089 cru-

432 5125 672 5182 delitatis
717 5125 860 5180 modi
892 5132 1083 5180 contra
1129 5124 1388 5180 mulieres
1426 5134 1482 5178 et
1528 5124 1730 5180 liberos
1767 5124 2014 5193 ipsarum

430 5217 904 5290 excogitabuntur.
941 5215 1117 5272 Simul
1154 5215 1298 5270 enim
1344 5231 1466 5270 cum
1509 5216 1627 5272 heri
1660 5216 1802 5272 natis
1836 5215 2014 5272 infan-

433 5311 579 5365 tibus
615 5309 966 5364 immaturam
1008 5321 1196 5363 necem
1231 5307 1623 5380 perferentqui
1663 5310 1825 5364 vitam
1876 5324 2015 5366 non-

431 5402 558 5454 dum
611 5402 775 5456 etiam
815 5412 1176 5472 acceperunt,
1227 5401 1431 5455 exitum
1483 5415 1552 5456 ex
1595 5408 1753 5458 utero
1798 5401 2014 5459 hostilis

429 5495 642 5566 gladius
665 5503 990 5551 antevertet.
1015 5491 1402 5549 Calamitosum
1436 5491 1603 5563 igitur
1635 5502 1692 5549 et
1721 5493 2012 5550 exitiosum

431 5600 556 5640 esse
615 5586 725 5642 Deo
798 5599 1141 5658 repugnare,
1211 5585 1326 5656 ipsa
1394 5599 1612 5659 quoque
1677 5587 2010 5658 experientia

431 5676 691 5732 cernitur.

2129 4480 2459 4546 ἀπόνασθαι,
2491 4483 2646 4553 φησὶ,
2681 4484 2776 4538 καὶ
2802 4485 3009 4557 σφόδρα
3041 4486 3334 4554 πλουσίως,
3357 4490 3466 4544 τῶν
3493 4491 3552 4556 ἐξ
3579 4495 3716 4564 ἡμεσ

2128 4571 2354 4643 ρότητος
2391 4572 2638 4642 ἀγαθῶν,
2671 4575 2961 4647 αὐτόμολοι
2988 4577 3361 4652 δεδραμήκασι
3387 4582 3525 4655 πρὸς
3555 4585 3625 4638 τά
3651 4585 3714 4652 ἐξ

2125 4664 2296 4735 ὀργῆς
2333 4666 2570 4737 ἐσόμενα
2611 4669 2735 4721 κατ’
2763 4669 2970 4736 αὐτῶν,
3013 4671 3104 4726 διά
3156 4691 3239 4727 τοι
3284 4675 3347 4727 τὸ
3393 4676 3714 4747 ἀντεξάγειν

2126 4757 2344 4811 ἑλέσθαι
2380 4756 2522 4828 Θεῷ,
2565 4758 2662 4813 κα)⁸
2687 4759 3030 4827 δεσποτικοῖς
3067 4766 3453 4836 προστάγμασι
3491 4769 3554 4822 τὸ
3582 4770 3713 4824 rato»

2125 4847 2442 4921 ἀντεγεῖραι
2473 4849 2687 4923 θέλημα
2708 4892 2723 4919 ,
2756 4853 2918 4926 μόνον
2961 4855 3019 4908 δὲ
3051 4855 3172 4928 οὐχὶ
3202 4859 3297 4912 καὶ
3330 4860 3710 4934 ἀντιτετάχθαι

2123 4939 2322 5006 δοκεῖν,
2353 4941 2386 5012 ἢ
2425 4941 2523 4997 καὶ
2550 4943 2610 4997 ἐν
2643 4944 2810 5018 μοίρᾳ
2845 4946 3101 5016 γενέσθαι
3139 4949 3249 5006 τῶν
3295 4953 3710 5028 ἀνθεστηκότων

2124 5031 2274 5103 αὒτῷ
2330 5034 2476 5088 κατά
2523 5036 2805 5107 ἀλήθειαν.
2864 5038 3156 5110 Τοιγάρτοι
3207 5042 3425 5111 φειδοῦς
3488 5047 3710 5118 ἀπάσης

2123 5123 2468 5198 ἐξῃρημένης
2501 5128 2662 5200 ἔργον
2698 5130 2799 5201 μὲν
2826 5129 3042 5186 ἔσονται
3079 5135 3356 5205 ῥομφαίας
3383 5138 3574 5192 αὐτοίο
3624 5140 3709 5206 ξέ-

2123 5232 2226 5270 νιοι
2281 5217 2339 5272 δὲ
2384 5219 2486 5290 τῆς
2552 5220 2950 5294 ἀπανθρωπίας
3002 5227 3453 5300 ὲπινοηθήσονται
3515 5232 3708 5304 τρόποι

2122 5310 2268 5365 κατά
2299 5327 2363 5381 γε
2394 5313 2636 5382 γυναίων
2667 5316 2760 5370 καὶ
2789 5317 3016 5373 τέκνων.
3077 5320 3243 5391 Ὀμοῦ
3277 5322 3386 5394 γὰρ
3411 5327 3524 5388 τοῖς
3550 5327 3706 5398 ἀρτι-

2121 5399 2304 5468 γενέσι
2335 5403 2551 5472 νηπίοις
2589 5405 2842 5479 πρόωρον
2871 5407 3205 5479 ὑπομενοῦσι
3245 5410 3478 5466 θάνατον
3511 5415 3607 5468 καὶ
3637 5415 3708 5468 τά

2121 5489 2276 5544 οὔπω
2309 5493 2624 5564 κεκλημένα
2667 5497 2803 5567 πρὸς
2828 5497 2888 5551 τὸ
2917 5495 3054 5552 εἶναι
3083 5500 3180 5554 καὶ
3213 5500 3329 5573 ζῇν.
3365 5503 3479 5556 Καὶ
3512 5505 3706 5573 φθάσει

2121 5581 2220 5654 τὴν
2265 5583 2333 5636 δι’
2365 5583 2550 5649 ὠδῖνος
2577 5587 2801 5657 πρόοδον
2847 5589 2956 5642 τῶν
2997 5590 3272 5663 πολεμίων
3301 5593 3362 5646 τὸ
3397 5594 3566 5664 ξίφος.
3608 5596 3706 5649 Πι-

2124 5673 2254 5744 κρὸν
2304 5669 2397 5728 οὖν
2437 5674 2547 5747 ἄρα
2595 5677 2655 5730 τὸ
2701 5679 3113 5736 ἀντιτάττεσθαι
3160 5681 3297 5754 Θεῷ,
3348 5667 3443 5737 καὶ
3479 5672 3702 5758 ὀλέθρου

2126 5763 2401 5836 πρόξενον,
2434 5767 2526 5824 καὶ
2557 5767 2624 5822 δι’
2651 5769 2822 5842 αὐτῆς
2860 5773 3052 5843 ὁρᾶται
3086 5773 3186 5847 τῆς
3225 5775 3438 5849 πείρας.
