4110 6368
389 347 397 449 l

409 521 548 568 σου,
580 504 731 559 διότι
763 508 1116 576 ἠσθένησας
1144 512 1214 564 ἐν
1244 514 1373 578 ταῖς
1409 516 1665 581 ἀδικίαις
1695 532 1831 571 σου.
1869 518 1985 571 Λά-

409 600 539 651 ϐετε
569 598 698 666 μεθ’
727 599 957 653 ἑαυτῶν
986 604 1227 673 λόγους,
1268 606 1364 659 καὶ
1394 608 1800 678 ἐπιστράφητε
1839 610 1987 678 πρὸς

407 690 627 756 Κύριον
656 692 765 743 τόν
802 693 951 745 Θεὸν
991 696 1177 762 ὑμῶν.
1234 698 1457 751 Εἴπατε
1488 698 1667 765 αὐτῷ,
1717 700 1875 767 ὅπως
1897 701 1983 769 μὴ

407 780 631 849 λάϐητε
671 782 933 849 ἀδικίαν,
968 786 1066 839 καὶ
1107 788 1330 855 λάϐητε
1364 792 1572 860 ἀγαθὰ,
1604 793 1701 846 καὶ
1730 794 1986 847 ἀνταπο-

407 872 682 943 δώσομεν
707 877 941 943 καρπὸν
969 879 1222 947 χειλέων
1266 882 1455 950 ἡμῶν.
1501 885 1752 953 Ἀσσοὺρ
1792 888 1864 939 οὐ
1896 886 1983 954 μὴ

406 967 581 1037 σώσῃ
607 970 800 1039 ἡμᾶς,
851 973 942 1041 ἐφ’
989 975 1180 1029 ἵππον
1223 980 1336 1032 οὐκ
1383 980 1825 1052 ἀναϐησόμεθα.
1863 987 1984 1039 Οὐκ

405 1060 494 1113 ἐτι
518 1059 605 1129 μὴ
636 1062 921 1132 εἴπωμεν·
960 1064 1092 1119 Θεοί
1125 1066 1295 1135 ἡμῶν
1321 1069 1444 1136 τοῖς
1470 1071 1663 1141 ἔργοις
1696 1072 1812 1126 τῶν
1865 1091 1986 1143 χει-

403 1152 529 1219 ρῶν
561 1154 748 1221 ἡμῶν.

474 1245 653 1299 PNH’.
697 1247 772 1300 Οὐ
806 1249 1042 1320 μετρίως
1085 1250 1150 1305 ἄν
1196 1269 1281 1316 τις
1318 1252 1586 1321 ἀγάσαιτο
1615 1256 1718 1309 κάν
1745 1257 1879 1327 τῷδε
1919 1258 1983 1330 δὴ

406 1335 569 1388 πάλιν
594 1337 687 1390 τοῦ
718 1341 998 1409 προφήτου
1025 1340 1086 1393 τὸ
1124 1341 1393 1413 εύτεχνὲς,
1424 1345 1517 1397 καὶ
1557 1344 1649 1397 τοῦ
1690 1346 1849 1414 λόγου
1883 1348 1982 1416 τὴν

404 1427 735 1497 οἰκονομίαν.
788 1430 1092 1501 Πεποίηται
1139 1431 1249 1503 γὰρ
1308 1433 1679 1504 ἀγιοπρεκῶς,
1731 1437 1823 1489 κα)⁵
1867 1435 1982 1490 ἔστι

404 1518 502 1588 τῆς
550 1517 756 1573 ἄνωθεν
797 1523 1190 1591 μυσταγωγίας
1244 1522 1520 1591 ἔμπλεως.
1576 1526 1983 1598 Προαναπεφώ-

404 1626 537 1680 νηκε
567 1610 666 1680 μὲν
696 1610 806 1681 γὰρ
845 1614 943 1684 τὴν
974 1615 1242 1685 ἐσομένην
1284 1614 1372 1668 διὰ
1403 1616 1640 1686 Χριστοῦ
1687 1618 1977 1691 λύτρωσιν,

405 1703 497 1753 καὶ
521 1702 605 1756 ὅτι
625 1704 764 1756 κατά
794 1705 1022 1776 καιροὺς
1049 1708 1341 1778 ἐκπονήσει
1369 1707 1623 1774 θάνατος,
1682 1713 1777 1765 καὶ
1805 1713 1979 1785 ἀργή-

492 413 935 485 Ἐπιστριὶφηθι,
975 418 1245 487 Ἰσραὴλ,
1270 421 1419 489 ,τρέις
1446 424 1668 490 Κύριον
1693 426 1797 478 τόν
1833 428 1983 480 Θεόν
2016 431 2063 486 Α

391 297 513 381 ῖ517
1327 304 1879 364 COMMENTARIUS
1916 307 1985 363 IN
2025 309 2257 368 OSEAM
2296 311 2741 375 PROPIIETAM.
3565 324 3669 381 518

2161 430 2322 485 Vsus.
2347 431 2470 484 2-4.
2511 431 2838 495 Convertere,
2871 431 3064 496 Israel,
3095 434 3164 487 ad
3195 434 3475 491 Dominum
3507 437 3668 493 Deum

2089 532 2277 584 tumu,
2329 524 2452 590 quia
2509 522 2810 589 inﬁrmatus
2870 538 2922 576 es
2985 525 3040 576 in
3101 526 3468 594 iniquitatibus
3543 531 3668 582 tuis.

2091 612 2276 665 Tollite
2307 613 2571 665 vobiscum
2604 630 2886 676 sermones,
2936 626 2982 668 et
3032 619 3351 672 revertimini
3383 621 3453 671 ad
3488 619 3673 672 Domi-

2089 721 2233 757 num.
2265 704 2431 758 Dicite
2462 705 2530 767 ei,
2568 715 2622 756 ut
2654 721 2755 757 non
2791 705 2993 759 tollatis
3041 707 3396 774 iniquitatem,
3436 719 3481 761 et
3517 724 3668 761 assu-

2087 797 2241 848 matis
2278 797 2433 857 bona,
2478 808 2522 848 et
2570 797 2851 848 reddamus
2885 796 3116 863 fructum
3160 796 3419 851 labiorum
3462 807 3669 851 nostro-

2087 902 2222 939 rum.
2274 886 2444 938 Assur
2501 903 2602 940 non
2658 886 2878 940 salnabit
2932 904 3046 952 nos,
3108 904 3264 957 super
3316 905 3503 958 equum
3565 905 3666 941 non

2086 978 2443 1043 nscendemus,
2479 993 2582 1031 non
2621 978 2848 1047 amplius
2879 978 3109 1033 dicemus
3132 993 3150 1030 :
3180 978 3267 1033 Dii
3314 981 3484 1035 nostri
3542 996 3665 1049 ope-

2087 1067 2230 1121 ribus
2265 1084 2516 1121 manuum
2540 1078 2863 1122 nostrarum.

2155 1243 2381 1298 CLVIII.
2436 1244 2611 1298 Etiam
2653 1245 2708 1298 in
2769 1247 2853 1301 his
2894 1248 3173 1316 pr0phetae
3220 1250 3511 1304 artificiqu
3552 1267 3667 1306 ser-

2084 1338 2368 1405 monisque
2399 1339 2759 1392 oeconomiam
2809 1353 2912 1392 non
2941 1339 3134 1393 leviter
3158 1341 3418 1395 admirari
3448 1356 3617 1410 queas
3648 1364 3661 1397 ε

2083 1442 2231 1494 nam,
2267 1435 2324 1481 ιιι
2354 1435 2600 1482 sanctum
2633 1430 2879 1497 decebat,
2922 1431 3086 1484 verba
3134 1430 3288 1493 fiunt,
3340 1443 3394 1485 et
3430 1448 3662 1501 superna

2082 1520 2417 1590 mystagogia
2463 1535 2555 1575 seu
2593 1519 2839 1574 doctrina
2896 1522 3104 1577 caelesti
3154 1524 3308 1591 plena
3353 1533 3503 1580 sunt.
3532 1524 3664 1578 Pro-

2082 1610 2341 1681 mulgavit.
2371 1611 2516 1665 enim
2551 1610 2787 1665 futuram
2819 1628 2916 1681 per
2937 1613 3220 1668 Christum
3262 1614 3660 1679 liberationem,

2082 1712 2139 1758 et.
2191 1704 2320 1757 olim
2375 1703 2703 1757 delassatum
2761 1704 2823 1756 iri
2886 1716 3148 1768 mortem,
3210 1716 3265 1760 et
3321 1716 3662 1761 cessaturum

406 1810 488 1846 σει
512 1794 573 1846 τὸ
592 1795 814 1866 κέντρον
840 1772 935 1850 τοῦ
967 1798 1116 1869 ᾅδου.
1138 1772 1252 1855 Καῖ
1282 1804 1420 1874 πρὸς
1445 1772 1675 1867 τούτοις,
1697 1805 1777 1861 ὅτι
1804 1772 1971 1875 παρά-

2084 1795 2359 1849 stimnlum
2408 1795 2632 1849 inferni.
2690 1793 2918 1865 Insuper
2976 1798 3181 1849 nullum
3224 1798 3567 1852 demulcendi
3610 1806 3664 1851 et

404 1884 651 1956 κλήσεως
702 1891 796 1942 καὶ
827 1892 1181 1962 παραμυθίας
1203 1896 1403 1966 τρόπος
1424 1896 1491 1949 ἂν
1511 1901 1681 1950 νοοῖτο
1704 1898 1983 1963 παντελῶς

402 1967 598 2039 οὐδεὶς,
626 1976 685 2041 ὃς
714 1981 813 2033 οὐκ
837 1982 1081 2055 ἐγνώσθη
1108 1985 1243 2057 Θεῷ.
1268 1988 1379 2040 Καὶ
1406 1989 1467 2041 τὸ
1497 1990 1635 2060 μετά
1661 1990 1817 2044 τοῦτο
1840 2009 1901 2044 συ
1913 2011 1980 2062 μ-

402 2064 786 2141 6ουλεύειν.ἦν
836 2072 1136 2138 ἀναγκαῖον
1177 2077 1247 2130 τὰ
1295 2078 1431 2149 πρὸς
1479 2081 1754 2150 σωτηρίαν
1799 2082 1982 2145 αὐτοῖς

398 2157 658 2212 τελοῦντα
687 2161 872 2218 λοιπὸν
903 2169 1120 2235 φρονεῖν
1152 2186 1212 2221 τε
1242 2170 1334 2223 καὶ
1360 2171 1512 2242 δρᾷν,
1531 2173 1622 2225 καὶ
1653 2174 1816 2226 οἱονεὶ
1844 2176 1979 2244 πρὸς

399 2249 664 2320 ἀνάνηψιν
697 2253 1051 2324 ἀνακομίζειν
1094 2259 1409 2328 ἐπείγεσθαι
1449 2262 1575 2326 τοὺς
1627 2264 1976 2334 μεμεθυσμέ-

397 2356 522 2403 von;
565 2342 665 2394 οὐκ
707 2345 765 2410 ἐξ
802 2345 946 2399 οἴνου
980 2348 1165 2414 ποθὲν,
1202 2353 1267 2404 ἐκ
1318 2352 1629 2423 φιληδονίας
1680 2355 1735 2408 δὲ
1777 2356 1978 2427 μᾶλλον

398 2434 690 2502 κοσμικῆς,
713 2437 807 2488 καὶ
840 2437 933 2490 τοῦ
969 2442 1331 2510 προσκεῖσθαι
1361 2444 1537 2512 φιλεῖν
1566 2448 1687 2510 ταῖς
1724 2448 1831 2499 τῶν
1865 2448 1978 2501 δαι-

398 2521 576 2590 μόνων
609 2525 866 2590 ἀπάταις.
895 2527 1012 2583 Ἵνα
1043 2532 1223 2585 τοίνυν
1261 2534 1337 2604 μὴ
1366 2538 1485 2599 ταῖς
1506 2538 1585 2601 εἰς
1631 2539 1977 2609 χρηστότητα

396 2614 491 2667 καὶ
544 2616 957 2689 φιλανθρωπίαν
1019 2622 1346 2692 ὑποσχέσεσι
1416 2628 1551 2698 πρὸς
1614 2629 1675 2681 τὸ
1732 2630 1974 2701 ῥᾴθυμον

395 2706 775 2778 ύπτιούμενοι,
829 2710 921 2764 τὸν
979 2715 1332 2785 σωφρονίζειν
1390 2718 1567 2772 εἰδότα
1636 2722 1767 2792 παρ’
1824 2724 1974 2777 οὐδὲν

393 2801 627 2894 ποιοῖντο
655 2802 829 2871 λόγον,
865 2806 1039 2878 ταύτῃ
1067 2825 1148 2860 τοι
1190 2810 1475 2881 χρησίμως
1508 2813 1644 2885 πρὸς
1668 2816 1973 2887 ὑπόμνησιν

390 2890 590 2957 αὐτοὺς
619 2894 726 2947 τῶν
748 2896 939 2949 δεινῶν
969 2899 1231 2971 ἀναφέρει
1257 2902 1442 2966 πάλιν,
1470 2905 1563 2957 καὶ
1602 2907 1972 2980 ἁναφανισθή-

392 2983 585 3037 σεσθαι
619 2987 719 3055 μὲν
747 2987 845 3058 τὴν
874 2990 1194 3061 Σαμάρειαν
1222 2992 1416 3059 εἰπὼν,
1454 2997 1534 3049 ὅτι
1569 2998 1801 3069 ἀντέστη
1837 3000 1973 3071 πρὸς

2083 1887 2396 1940 consolandi
2454 1890 2670 1940 modum
2716 1904 2742 1941 a
2782 1904 3054 1957 quoquam
3098 1905 3257 1958 pos<e
3286 1890 3498 1959 concipi
3542 1904 3662 1942 om—

2082 1978 2252 2041 nino,
2309 1979 2397 2047 qui
2460 1980 2623 2032 Deum
2678 1979 2858 2033 lateat.
2923 1981 3048 2033 Post
3109 1983 3207 2034 hoc
3274 1996 3498 2035 necesse
3546 1990 3665 2034 erat

2080 2072 2328 2135 suadere,
2365 2080 2421 2123 ut
2449 2087 2569 2139 qua:
2602 2072 2826 2139 posthac
2851 2072 2917 2124 ad
2951 2087 3137 2125 eorum
3167 2072 3395 2125 salutem
3426 2071 3664 2139 pertine-

2079 2170 2222 2224 rent,
2254 2175 2315 2214 ea
2352 2170 2406 2215 et
2448 2169 2949 2217 commentareutor
2980 2172 3035 2216 et
3066 2162 3344 2223 facerent;
3380 2172 3431 2215 et
3464 2177 3567 2215 non
3596 2178 3662 2215 ex

2080 2254 2206 2307 vino
2256 2254 2527 2317 alicunde,
2575 2255 2672 2308 sed
2723 2270 2786 2309 ex
2826 2254 3127 2320 cupiditate
3162 2256 3342 2321 potius
3378 2255 3662 2306 mundanae

2080 2344 2393 2413 voluptatis,
2438 2355 2491 2399 et
2537 2360 2601 2399 ex
2638 2346 3047 2399 consectatione
3083 2346 3423 2400 fallaciarum
3460 2346 3659 2400 diaboli

2078 2438 2399 2503 inebriatos,
2446 2440 2633 2493 conari
2686 2440 2833 2493 velut
2872 2440 2937 2491 ad
2986 2439 3336 2493 sobrietatem
3382 2440 3658 2493 reducere.

2077 2535 2154 2589 Ne
2183 2536 2365 2606 igitur,
2393 2534 2745 2604 benignitatis
2795 2544 2848 2588 ct
2898 2535 3252 2588 humanitatis
3286 2533 3663 2603 promissioni-
3704 2564 3717 2577 ρ

2078 2628 2177 2681 bus
2236 2627 2430 2696 supine
2476 2627 2830 2697 negligentes,
2894 2628 3205 2682 sobrietatis
3254 2636 3307 2679 et
3364 2626 3660 2694 prudentiae

2077 2721 2398 2788 magistrum
2462 2735 2771 2775 sermonem
2825 2718 3184 2788 despicerent,
3242 2719 3311 2771 ob
3360 2717 3408 2770 id
3457 2731 3549 2769 eos
3593 2716 3660 2769 ad

2075 2811 2391 2865 memoriam
2426 2812 2746 2865 acerborum
2771 2812 2947 2866 denuo
2978 2820 3211 2866 revocat.
3248 2811 3309 2863 Et
3343 2825 3463 2863 cum
3487 2809 3657 2862 dixis-

2074 2912 2158 2957 set
2187 2902 2545 2970 disperditum
2579 2902 2645 2955 iri
2680 2901 3011 2969 Samariam,
3050 2902 3175 2970 quia
3213 2902 3507 2955 restitisset
3549 2901 3659 2954 Deo

2077 3011 2195 3058 suo,
2248 3012 2370 3050 mox
2423 2995 2539 3050 istis
2590 2994 2677 3049 illa
2732 2996 3030 3065 subjungit,
3081 3010 3201 3061 qum.
3260 2993 3323 3047 ad
3376 2993 3656 3047 audientes

389 3076 481 3130 τὸν
508 3077 639 3131 Θεὸν
672 3080 877 3149 αὐτῆς,
913 3076 1031 3137 εἶτα
1062 3084 1272 3148 τούτοις
1317 3088 1500 3141 ἐκεῖνα
1550 3092 1861 3160 προστιθεὶς
1882 3135 1897 3159 ,
1934 3095 1970 3149 ἃ

2073 3088 2457 3157 pcrterreudos
2511 3089 3021 3156 contristandosque
3079 3086 3231 3156 191
3286 3085 3464 3137 valere
3525 3085 3657 3137 satis

391 3169 457 3240 δὴ
500 3170 736 3241 μάλιστά
782 3190 845 3241 γε
892 3177 1364 3231 καταδεδίττεσθαί
1406 3198 1467 3233 τε
1512 3184 1607 3235 καὶ
1650 3185 1806 3256 ἀνιᾷν
1870 3188 1971 3240 οὐκ

391 3262 662 3325 ἀνικάνως
690 3264 882 3334 ἔχοντα
918 3270 1167 3335 φαίνεται
1202 3272 1328 3335 τοὺς
1354 3273 1761 3345 ἀκροωμένους.
1782 3278 1970 3348 Νήπια

393 3354 491 3423 μὲν
519 3353 627 3424 γὰρ
654 3356 1114 3429 ἐδαφισθήσεσθαί
1144 3378 1310 3433 φησι·
1343 3364 1734 3419 συνδιολεῖσθαι
1771 3367 1828 3419 δὲ
1857 3371 1972 3433 τοῖς

388 3448 648 3520 ἐμὸρύοις
675 3451 768 3504 καὶ
806 3453 974 3516 αὑτὰς
1002 3453 1100 3519 τὰς
1139 3456 1401 3526 μητέρας,
1431 3457 1584 3512 οὔπω
1609 3460 1707 3530 τῆς
1744 3461 1972 3528 λαγόνος

387 3538 778 3609 ἐξενεγκούσας
825 3546 906 3608 είς
939 3545 1055 3614 φῶς
1099 3549 1159 3600 τὸ
1204 3550 1565 3605 πολύτευκτον
1599 3552 1777 3617 ἄνθος.
1830 3556 1970 3626 Προ-

386 3636 772 3704 καταπτοήσας
822 3635 886 3707 δὴ
934 3633 1027 3691 οὖν
1071 3642 1183 3703 τοῖς
1234 3641 1556 3712 δείγμασιν,
1612 3644 1705 3698 ἐπὶ
1772 3647 1965 3719 καιροῦ

385 3722 572 3777 λοιπὸν
592 3729 710 3787 ταῖς
725 3726 834 3781 τῶν
858 3733 1111 3784 νουθετου
1120 3732 1300 3801 μένων
1321 3736 1569 3805 καρδίαις
1590 3737 1681 3790 τὸν
1700 3738 1967 3792 καλοῦντα

386 3818 523 3889 πρὸς
547 3821 886 3889 μετάγνωσιν
921 3823 1096 3894 ἐνίησι
1126 3824 1301 3893 λόγον,
1325 3829 1404 3881 ὃτι
1426 3828 1531 3900 χρὴ
1557 3829 1963 3902 παλινδρομεῖν,

384 3906 481 3960 καὶ
515 3908 652 3980 πρὸς
682 3909 814 3964 Θεὸν
844 3912 1138 3984 ἐπανήκειν
1179 3911 1239 3969 εὖ
1285 3916 1431 3987 μάλα
1461 3920 1831 3989 παραφωνῶν.
1863 3923 1965 3975 Λέ-

382 4015 496 4066 γων
522 4000 601 4065 δὲ,
643 4002 725 4054 ὅτι
766 4021 785 4054 ι
808 4002 1146 4076 Ἦσθένησας
1176 4008 1233 4060 ἐν
1267 4011 1387 4073 ταῖς
1413 4009 1652 4074 ἀδικίαις
1679 4028 1795 4078 σου,
1830 4033 1847 4063 ι
1883 4014 1963 4066 δί-

382 4092 515 4145 δωσι
541 4096 703 4158 νοεῖν,
744 4095 827 4148 ὅτι
869 4096 1046 4168 πάντη
1078 4115 1137 4152 τε
1178 4100 1272 4153 καὶ
1304 4101 1521 4165 πάντως
1564 4104 1964 4176 συγκαταλήξει

382 4186 503 4248 ταῖς
531 4186 768 4251 ἀδικίαις
807 4190 901 4242 καὶ
942 4189 1001 4242 τὸ
1039 4190 1286 4247 ἀσθενεῖν
1316 4192 1535 4257 αὐτοὺς,
1573 4198 1666 4249 καὶ
1713 4198 1826 4258 τοῖς
1864 4197 1965 4267 τῆς

381 4276 721 4341 ἀποστασίας
748 4279 1006 4348 τρόποις,
1038 4281 1085 4333 εί
1120 4280 1185 4334 ἐκ
1217 4282 1385 4352 μέσου
1414 4283 1673 4350 γένοιντο,
1708 4287 1956 4358 συνοική-

381 4386 538 4422 σεται
582 4372 677 4425 καὶ
715 4370 782 4424 τὰ
813 4372 982 4427 δεινά.
1025 4372 1127 4426 Τὸν
1159 4372 1215 4426 δέ
1250 4391 1314 4444 γε
1358 4374 1459 4445 τῆς
1492 4376 1628 4446 πρὸς
1668 4376 1800 4430 Θεὸν
1838 4379 1961 4431 ἐπι-

2073 3181 2345 3234 videntur.
2420 3180 2657 3235 Infantes
2712 3180 2910 3249 quippe
2967 3179 3266 3231 allidendos
3319 3186 3542 3239 narrat,
3603 3184 3657 3229 et

2073 3281 2276 3326 matres
2316 3273 2456 3340 ipsas
2483 3274 2778 3341 perituras.
2814 3271 3160 3338 Optatissimo
3194 3268 3325 3323 Ilore
3361 3269 3597 3321 nondum
3625 3282 3656 3320 e

2073 3362 2375 3415 visceribus
2445 3362 2495 3413 in
2559 3361 2734 3414 lucem
2805 3361 2969 3414 edito.
3028 3359 3229 3425 lnjecto
3285 3359 3448 3428 igitur
3501 3358 3655 3426 prius

2072 3468 2294 3521 pavore,
2342 3454 2409 3507 de
2448 3464 2644 3507 caetero
2676 3466 2984 3505 sermonem
3030 3451 3098 3505 ad
3145 3450 3518 3519 pmnitemiam
3562 3465 3655 3503 co—

2073 3545 2376 3599 hortantem
2402 3544 2657 3598 cordibus
2686 3556 2874 3596 eorum
2903 3555 3040 3608 quos
3066 3541 3322 3593 admonet
3346 3547 3653 3608 opportunae

2070 3635 2332 3700 inunittit,
2389 3648 2670 3688 recurrere
2713 3641 2769 3686 et
2826 3632 2892 3685 ad
2947 3632 3111 3685 Deum
3157 3631 3352 3686 reverti
3401 3640 3655 3698 oportere

2070 3727 2422 3781 meritissimo
2453 3724 2784 3778 acc-lanians.
2818 3726 2950 3776 Cum
2984 3738 3147 3793 porro
3173 3722 3327 3786 dicit,
3357 3722 3479 3790 quia
3513 3739 3531 3771 ι
3563 3722 3651 3775 In-

2070 3820 2315 3872 ﬁrmatns
2347 3832 2405 3871 es
2459 3817 2509 3869 in
2572 3817 2949 3884 iniquitatibus
2996 3816 3137 3879 tuis,
3168 3834 3186 3867 ι
3246 3813 3649 3883 intelligendum

2068 3910 2306 3978 subiicit,
2342 3908 2669 3963 OIDIIImmIiS
2712 3908 3083 3962 infirmitatem
3118 3908 3357 3977 ipsorum
3386 3923 3491 3961 una
3527 3922 3649 3963 cum

2068 4001 2447 4071 iniquitatibus
2474 4001 2801 4066 desiturum;
2833 4010 2907 4063 et,
2938 4002 2981 4053 si
3012 4000 3297 4064 apostasire
3324 3999 3649 4068 multiplices

2066 4110 2096 4148 e
2128 4094 2304 4148 medio
2348 4101 2747 4155 removeantur,
2797 4106 2882 4146 res
2924 4095 3182 4146 adversas
3217 4107 3431 4161 quoque
3482 4091 3644 4145 simul

2067 4187 2329 4241 abituras.
2364 4183 2579 4237 Modum
2623 4192 2801 4238 autem
2841 4183 3169 4239 reversionis
3199 4184 3263 4236 ad
3300 4184 3461 4235 Deum
3496 4185 3646 4237 laevi-

2066 4288 2155 4347 gat
2182 4295 2194 4332 :
2226 4277 2300 4331 ait
2342 4277 2485 4331 enim
2514 4276 2738 4346 pulchre
2778 4278 3065 4331 admodum
3101 4286 3418 4344 peccatores
3456 4276 3649 4331 melius

2068 4370 2371 4434 habituros,
2430 4384 2797 4437 sensurosque
2847 4368 3013 4421 Deum
3053 4367 3372 4437 propitium,
3422 4383 3529 4421 non
3582 4368 3648 4422 de

382 4461 622 4530 στροφῆς
643 4461 1011 4516 καταλειαίνει
1038 4464 1256 4534 τρόπον.
1285 4465 1545 4519 Ἔσεσθαι
1575 4467 1683 4537 γὰρ
1716 4468 1773 4521 ὲν
1802 4468 1963 4539 ἀμεί-

2073 4461 2275 4515 divitiis
2302 4460 2616 4526 olferentes,
2641 4475 2749 4513 non
2784 4474 2977 4512 aurum
3004 4457 3342 4521 dedicantes,
3374 4473 3479 4511 non
3502 4459 3643 4512 vasis

380 4568 517 4615 νοσι,
559 4554 650 4606 καὶ
676 4553 735 4607 ἐν
761 4554 936 4623 φειδοῖ
974 4557 1041 4626 τῇ
1077 4555 1229 4626 παρὰ
1257 4556 1375 4627 Θεῷ
1406 4559 1533 4616 τοὺς
1568 4560 1961 4631 ἡμαρτηκότας

379 4639 440 4697 εὖ
473 4643 620 4713 μάλα
652 4647 845 4715 φησὶν,
875 4647 934 4699 ού
972 4647 1042 4700 τὰ
1091 4648 1155 4701 ἐκ
1188 4648 1419 4703 πλούτου
1456 4651 1856 4722 προσάγοντας,
1897 4653 1957 4705 οὐ

379 4735 580 4804 χρυσὸν
601 4737 922 4803 ἀναθέντας,
958 4740 1019 4792 οὐ
1052 4739 1306 4794 σκεύεσιν
1331 4743 1592 4814 ἀργυροῖς
1616 4745 1783 4814 τιμᾷν
1809 4745 1951 4815 ᾑρη-

382 4827 600 4896 μένους,
633 4830 693 4881 ού
725 4829 1062 4900 βουθυσίαις,
1108 4832 1170 4885 οὐ
1230 4834 1418 4904 μήλων
1461 4837 1695 4904 σφαγαῖς
1728 4835 1957 4906 εὐφραί-

377 4934 589 4983 νοντας,
642 4920 756 4974 ἀλλ’
805 4924 855 4975 εἰ
904 4924 1221 4993 χαρίσαιντο
1266 4925 1482 4995 λόγους,
1532 4925 1629 4979 καὶ
1673 4926 1956 4997 εὐστομεῖν

377 5011 583 5065 ἕλοιντο
643 5013 735 5067 τὸν
786 5016 895 5070 τῶν
944 5017 1081 5071 ὅλων
1134 5016 1401 5089 δεσπότην
1460 5017 1952 5088 ἐκμειλισσόμενοι.

383 5120 402 5152 ι
438 5102 645 5156 Λάϐετε
691 5104 798 5175 γὰρ
830 5106 949 5175 μεθ’
979 5106 1186 5161 ἑαυτῶν
1218 5106 1431 5175 λόγους,
1473 5108 1663 5160 εῐπατε
1705 5106 1784 5176 τῷ
1812 5106 1952 5178 Θεῷ,

375 5196 524 5257 ὅπως
560 5194 634 5266 μὴ
664 5195 865 5267 λάϐητε
890 5196 1123 5261 ἀδικίαν,
1150 5199 1244 5250 καὶ
1278 5197 1481 5268 λάϐητε
1514 5196 1716 5266 ἀγαθὰ,
1750 5216 1767 5247 ι
1802 5215 1956 5251 τουτ-

376 5285 547 5347 έστιν,
594 5286 681 5339 ἵνα
732 5285 807 5356 μὴ
841 5290 963 5350 ταῖς
1002 5287 1236 5352 ἀδικίαις
1285 5288 1586 5359 ίσομέτρως
1632 5286 1956 5358 κολάζησθε,

379 5376 793 5446 καταπλουτῆτε
848 5377 904 5431 δέ
936 5379 1157 5450 μᾶλλον,
1206 5382 1326 5443 ταῖς
1376 5380 1486 5433 τῶν
1532 5380 1753 5449 ἀγαθῶν
1795 5397 1959 5451 χορη-

2064 4551 2342 4621 argenteis
2383 4552 2532 4605 illum
2580 4550 2850 4604 honorare
2904 4549 3273 4612 instituentes,
3321 4564 3428 4602 non
3480 4551 3641 4604 boum

2062 4649 2370 4713 sacrificiis,
2419 4664 2524 4702 non
2583 4648 2763 4701 ovium
2821 4645 3239 4701 mactationibus
3273 4645 3640 4710 laetiticantes;

2061 4743 2156 4797 sed
2190 4742 2233 4795 si
2267 4742 2588 4795 donaverint
2622 4741 2671 4795 ei
2718 4754 3021 4801 sermones,
3053 4746 3107 4793 et
3138 4737 3387 4791 laudibus
3418 4738 3641 4792 univer-

2060 4847 2245 4888 sorum
2305 4832 2588 4887 Dominum
2651 4831 2903 4900 mitigare
2951 4830 3312 4886 decreverint.
3383 4829 3643 4883 «Sumite

2062 4925 2340 4979 vobiscum
2387 4938 2707 4989 sermones,
2770 4924 2972 4992 inquit,
3029 4923 3195 4977 dicite
3250 4922 3361 4975 Deo
3417 4931 3475 4974 ut
3535 4935 3639 4974 non

2066 5016 2267 5072 tollatis
2307 5016 2665 5085 iniquitatem,
2716 5024 2771 5068 et
2808 5013 3091 5084 accipiatis
3139 5013 3302 5074 bona,
3336 5030 3353 5063 ι
3402 5011 3504 5064 hoc
3534 5018 3640 5073 est,

2064 5124 2132 5164 ne
2182 5107 2423 5179 aequales
2472 5106 2854 5176 iniquitatibus
2908 5120 3101 5173 poenas
3144 5103 3491 5167 sustineatis;
3544 5102 3639 5155 sed

2061 5210 2247 5256 contra
2279 5202 2543 5256 bonorum
2582 5200 2870 5268 adeptione
2905 5198 3098 5253 divites
3129 5194 3394 5251 evadatis.
3425 5192 3641 5247 Oblatu-

2060 5308 2148 5348 ros
2173 5302 2351 5347 autem
2387 5293 2453 5347 de
2483 5292 2643 5346 labiis
2674 5292 2868 5356 vestris
2895 5290 3106 5344 cantica
3143 5287 3438 5358 gratiarum
3485 5294 3632 5339 acto-

2057 5384 2156 5447 ria,
2194 5392 2249 5438 ct
2279 5382 2674 5438 confessionem
2708 5381 3025 5452 promittite.
3070 5378 3133 5433 Hi
3168 5377 3313 5431 enim
3359 5386 3486 5431 sunt
3528 5376 3640 5429 frn-

374 5472 543 5536 γὶαις,
592 5470 988 5539 ἐπαγγείλασθε
1036 5472 1094 5525 δὲ
1127 5474 1518 5543 προσκομίζειν
1558 5472 1706 5545 αὐτῷ
1738 5476 1809 5529 τὰ
1848 5476 1956 5527 ἀπὸ

2073 5485 2173 5530 :tus
2205 5476 2420 5545 linguaa.
2471 5473 2854 5529 Verumtamen
2890 5473 3018 5526 illud
3053 5471 3304 5533 clamate,
3353 5469 3546 5539 inquit,
3586 5478 3639 5523 ct

375 5559 630 5628 χειλέων,
691 5562 1083 5633 χαριστηρίους
1150 5563 1325 5633 ᾠδὰς,
1384 5565 1477 5617 καὶ
1538 5564 1950 5635 ἐξομολόγησιν.

377 5649 632 5721 Γλώσσης
656 5652 764 5723 γὰρ
796 5653 863 5706 τὰ
889 5654 1065 5709 τοιάδε
1109 5658 1331 5726 καρποί.
1382 5656 1528 5725 Πλὴν
1564 5659 1738 5709 ἐκεῖνο
1767 5657 1945 5726 βοᾶτε,

376 5740 532 5813 φησὶ,
570 5745 661 5797 καὶ
702 5746 983 5819 ἀραρότως
1017 5749 1438 5818 ὲπαγγέλλεσθε,
1487 5751 1559 5815 ὡς
1587 5749 1709 5803 οὔτε
1749 5752 1944 5821 ἐρεῖτε*

2055 5577 2421 5635 congruenter
2442 5567 2728 5637 spondete,
2759 5581 2865 5621 non
2896 5562 3126 5632 amplius
3154 5562 3317 5617 etiam
3352 5562 3632 5621 dicturos:

2065 5661 2196 5715 «Dii
2264 5661 2438 5716 nostri
2492 5660 2748 5729 operibus
2812 5673 3063 5712 manuum
3133 5664 3507 5711 vestrarum.»
3569 5656 3632 5710 Ili

2059 5754 2203 5807 cnim
2253 5761 2407 5809 erant
2469 5752 2609 5807 modi
2668 5750 2984 5821 apostasia};
3034 5756 3253 5811 prontcr
3301 5746 3413 5802 haec
3464 5746 3633 5801 Deum
