4110 6368
469 295 575 351 619

1464 294 1523 360 S.
1563 293 1844 350 CYRILLI
1883 293 2352 350 ALEXANDRINI
2389 293 2712 350 ARCHIEP.

3628 293 3735 349 520

468 406 995 478 offenderunt,.quia
1027 415 1081 463 et
1115 406 1273 462 idolis
1309 405 1650 477 s'ef‘ﬁerunt,
1682 419 1737 464 et
1769 409 1879 464 Deo
1907 423 2050 465 sem-
2079 464 2086 474 ,

2165 409 2314 462 ιΘεοὶ
2333 408 2488 480 ἡμῶν
2511 410 2624 469 τοῖς
2643 405 2828 477 ἔργοις
2847 403 2962 458 τῶν·
2980 404 3178 476 χειρῶν
3204 404 3378 474 ὑμῶν.
3394 399 3604 457 »Ἶὶσαν
3626 405 3735 476 γὰρ

468 513 572 568 per
623 498 896 553 salvatore
945 513 1044 553 suo
1096 507 1449 569 contempto,
1510 514 1664 569 spem
1725 500 1778 554 in
1832 501 2050 556 auxiliis

471 591 726 646 humanis
764 600 1152 660 reposuerunt;
1201 600 1256 646 et
1285 592 1720 662 Oppugnantibus
1757 607 1852 647 eos
1879 591 2050 663 Egy-

469 686 599 757 ptiis
650 686 930 756 Assyrium
967 683 1361 755 implorarunt,
1395 691 1626 752 Lrursum
1659 685 1902 757 Assyriis
1946 685 2053 740 Sa~

471 778 702 832 mariam
755 777 926 831 armis
973 775 1382 846 appetentibus,
1429 775 1808 848 Egyptiorum
1837 777 2049 844 equites

469 869 807 939 sagittarios,
840 869 958 923 sive
999 869 1270 938 equestris
1317 867 1524 922 militiae
1563 881 1762 938 gnaros
1802 870 2051 922 mercede

470 952 874 1014 conduXerunt.
924 960 1132 1014 Idcirco
1163 969 1218 1014 et
1257 974 1285 1011 a
1323 959 1432 1013 Deo
1483 967 1669 1028 aperte
1713 959 2004 1012 audierunt
2036 975 2050 1011 :

478 1071 497 1102 ‹
530 1049 623 1104 Vae
653 1050 744 1118 qui
780 1049 1109 1104 descenditis
1135 1050 1186 1103 in
1225 1047 1521 1119 ngyptum
1548 1048 1615 1102 ad
1648 1047 1930 1111 auxilium,
1962 1047 2050 1116 qui

473 1141 755 1197 conﬁdunt
789 1141 840 1194 in
886 1141 1040 1209 equis
1086 1149 1140 1195 et
1190 1141 1241 1194 iu
1275 1140 1524 1194 curribus
1548 1139 1614 1196 ”.
1655 1159 1674 1191 ι
1714 1137 2053 1194 Ridebantur

472 1243 673 1298 porro,
730 1243 832 1284 nec
892 1229 1124 1299 injuria,
1179 1240 1482 1298 quaerentes
1535 1230 1927 1299 prclectionem
1984 1229 2053 1284 ab

471 1320 695 1378 homine
740 1320 1018 1391 Egyptio,
1062 1336 1168 1376 non
1220 1337 1250 1374 a
1289 1320 1538 1384 Domino,
1575 1339 1593 1372 ι
1621 1333 1883 1390 equorum
1925 1335 2051 1374 car-

472 1413 662 1477 nes”,
697 1431 717 1464 ι
758 1423 816 1467 ut
851 1413 1112 1483 scriptum
1164 1422 1268 1469 est.
1311 1412 1450 1481 Ergo
1497 1411 1843 1480 pollicentur,
1889 1427 1949 1466 se
1986 1412 2053 1466 ab

470 1503 740 1560 idolorum
778 1503 923 1558 cultu
955 1505 1312 1569 discessuros,
1345 1519 1444 1557 nec
1477 1505 1616 1557 ultra
1649 1503 1703 1558 in
1746 1504 2055 1559 hominibus

471 1609 624 1664 Spem
706 1594 1005 1649 habituros.
1080 1594 1399 1649 Emendatio
1461 1593 1566 1649 ista
1625 1601 2052 1662 perpetratorum

471 1684 794 1740 delictorum
822 1687 1200 1741 universorum
1223 1687 1471 1756 opiﬁcem
1501 1685 1566 1740 ad
1595 1685 1873 1740 lenitatem
1901 1700 2057 1740 revo-

2152 496 2298 555 οῦτοι
2338 501 2438 571 τῆς
2489 497 2827 562 ἀποστασίας
2874 499 2923 551 οἱ
2966 498 3175 568 τρόποι.
3219 496 3317 548 Διὰ
3355 495 3528 549 ταῦτα
3567 513 3736 568 προσ-

2153 591 2544 666 κεκρούκασιν,
2592 592 2674 645 ὃτι
2723 590 2818 644 καὶ
2860 578 3288 660 λελατρεύκασιν
3341 587 3603 650 εἰδώλοις,
3641 588 3736 640 καὶ

2154 687 2246 740 τὸν
2291 685 2378 738 ἀεὶ
2408 683 2649 747 σώζοντα
2691 682 2824 735 Θεὸν
2859 680 3248 750 ἀτιμάσαντες,
3288 681 3407 741 ταῖς
3443 677 3504 742 ἐξ
3535 677 3736 748 ἀνθρώ-

2155 795 2273 830 πων
2321 774 2664 844 ἐπικουρίαις
2722 772 3200 844 προσνενεμήκασι
3230 769 3330 841 τὴν
3373 768 3581 822 ἐλπίδα.
3623 769 3736 822 Καὶ

2157 865 2538 936 πολεμούντων
2559 865 2657 935 μὲν
2683 865 2868 926 αὐτοῖς
2885 862 2993 915 τῶν
3012 861 3350 930 Αἰγυπτίων,
3369 859 3735 914 ἐπεκαλοῦντο

2154 959 2245 1012 τὸν
2289 955 2592 1028 Ἀσσύριον.
2646 955 2944 1026 Ἀσσυρίων
2976 955 3034 1008 δὲ
3081 953 3243 1007 πάλιν
3287 952 3429 1006 ὅπλα
3467 951 3610 1005 κατά
3636 951 3732 1021 τῆς

2156 1049 2469 1121 Σαμαρείας
2521 1047 2813 1119 ᾑρμένων,
2857 1045 3282 1116 κατεμισθοῦντο
3326 1046 3574 1116 χρήμασι
3611 1043 3734 1106 τοὺς

2153 1142 2264 1195 τῶν
2295 1141 2609 1209 Αἰγυπτίων
2639 1138 3015 1204 ἱπποτοξότας,
3059 1137 3226 1208 ἤγουν
3253 1137 3310 1189 ὲν
3339 1138 3450 1198 τοῖς
3477 1134 3734 1204 πολέμοις

2160 1233 2394 1304 ἱππικῆς
2450 1231 2845 1301 ἐπιστήμονας.
2879 1230 3065 1302 Ταύτῃ
3103 1247 3186 1283 τοι
3230 1229 3324 1282 καὶ
3369 1228 3566 1299 ἤκουον
3600 1227 3736 1281 Θεοῦ

2155 1323 2406 1393 λέγοντος
2460 1320 2728 1392 ἐναργῶςο
2775 1339 2795 1374 ι
2839 1321 2976 1375 Οὐαὶ
3003 1322 3054 1373 οἱ
3084 1319 3504 1382 καταϐαίνοντες
3532 1319 3612 1381 είς
3639 1317 3736 1370 Αί-

2155 1431 2362 1483 γυπτον
2391 1413 2485 1466 ἐπὶ
2543 1412 2816 1485 βοήθειαν,
2847 1415 2895 1466 οἱ
2928 1413 3014 1483 ἐφ’
3044 1413 3232 1476 ἵπποις
3262 1411 3603 1476 πεποιθότες,
3644 1409 3739 1463 καὶ

2155 1507 2242 1578 ἐφ’
2296 1507 2559 1578 ἅρμασιν.
2594 1525 2612 1559 ι
2665 1506 2963 1573 Ἐγελῶντο
3006 1506 3102 1571 δὲ,
3160 1507 3257 1559 καὶ
3304 1504 3448 1573 μάλα
3493 1502 3734 1567 δικαίως,

2157 1596 2540 1670 προασπιστὴν
2569 1596 2846 1650 ποιεῖσθαι
2883 1596 3281 1660 σπουδάζοντες
3305 1594 3605 1663 Αίγύπτιον
3653 1592 3740 1646 ἄν·

2157 1689 2396 1760 θρωπον,
2442 1687 2537 1740 καὶ
2587 1687 2648 1739 ού
2694 1685 2851 1752 Θεὸν,
2907 1705 2924 1736 ι
2957 1685 3141 1738 ἵππων
3178 1684 3408 1756 σάρκας,
3441 1702 3462 1735 ι
3505 1681 3646 1736 κατά
3678 1677 3742 1732 τὸ

472 1786 563 1831 cat
605 1791 700 1844 per
740 1776 897 1847 192
940 1778 1258 1846 prophetam
1318 1778 1391 1832 ita
1439 1777 1792 1846 loquentem:
1829 1793 1851 1828 ι
1883 1776 2052 1829 Aver-
2084 1810 2086 1818 ι

2165 1780 2563 1850 γεγραμμένον.
2595 1776 2809 1832 Θύκοῦν
2837 1778 3138 1848 ἀποφοιτᾷν
3187 1775 3612 1845 ἐπαγγέλλονται
3645 1773 3741 1825 mi.

473 1868 631 1922 sione
680 1871 990 1925 avertimiui
1037 1871 1104 1924 ab
1155 1871 1535 1940 iniquitatibus
1593 1871 1819 1936 vestris,
1861 1871 2051 1924 domus

473 1960 661 2023 Israel,
700 1969 754 2015 et
796 1977 901 2015 non
932 1972 1095 2016 erunt
1136 1961 1288 2017 vobis
1329 1964 1380 2016 in
1425 1976 1637 2030 ptenam
1672 1961 1994 2032 iniquitatis.
2026 1978 2044 2012 ι

2158 1871 2252 1924 τοῦ
2279 1869 2564 1942 λατρεύειν
2590 1868 2851 1934 εἰδώλοις,
2886 1869 2983 1922 καλ⁵
3015 1867 3112 1922 τοῦ
3155 1867 3254 1930 τὰς
3286 1866 3508 1930 ἐλπίδας
3534 1864 3619 1916 ἐπ’
3651 1863 3740 1916 ἀν-

2161 1962 2401 2032 θρώποις
2439 1960 2585 2030 ἔχειν
2615 1958 2719 2015 ἔτι.
2758 1957 3164 2031 Ἐπανόρθωσις
3206 1958 3265 2010 δὲ
3307 1956 3444 2027 αῦτη
3493 1955 3600 2007 τῶν
3638 1953 3739 2024 ἢδη

473 2053 984 2123 προεπταισμένων,
1017 2054 1257 2108 καλοῦσα
1322 2055 1458 2125 πρὸς
1521 2054 1839 2127 ἡμερότητα
1877 2053 1969 2108 τὸν
2035 2054 2146 2107 τεῶν
2179 2055 2317 2108 ὅλων
2364 2053 2732 2125 δημιουργὸν,
2785 2052 2879 2106 τὸν
2930 2051 3019 2106 διὰ
3082 2052 3266 2122 φωνῆς
3326 2049 3604 2119 προφήτου
3654 2045 3744 2100 λέ·

472 2157 671 2209 γοντα·
707 2161 726 2194 ι
752 2143 1098 2216 Ἀποστροφῇ
1133 2146 1518 2216 ἀποστρέψατε
1562 2145 1670 2199 ἀπὸ
1709 2145 1816 2199 τῶν
1857 2143 2100 2216 ἀνομιῶν
2139 2144 2315 2216 ὑμῶν,
2347 2141 2496 2208 οἳκος
2536 2145 2631 2197 τοῦ
2674 2143 2914 2215 Ἰσραὴλ,
2949 2142 3047 2198 καὶ
3107 2143 3208 2196 οὐκ
3245 2141 3460 2196 ἔσονται
3497 2140 3624 2212 ύμῖν
3661 2137 3747 2201 εἰς

472 2235 696 2290 κόλασιν
728 2237 962 2302 ἀδικίας.
1012 2258 1030 2291 ι

547 2328 652 2393 Qui
683 2332 738 2382 in
770 2341 818 2383 te
841 2340 940 2395 est,
971 2332 1300 2386 miserebitur
1338 2333 1579 2400 orpham'.

543 2420 725 2476 CLIX.
769 2421 1056 2492 Propheta:
1088 2437 1191 2477 vox
1221 2427 1286 2478 ad
1318 2423 1741 2493 resipiscendurn
1772 2423 2065 2477 adhortan-

477 2515 571 2578 tis,
613 2523 670 2569 et
709 2513 987 2568 lenitatem
1031 2514 1247 2570 Domini
1283 2515 1635 2586 publicautis,
1673 2524 1729 2569 et
1762 2515 2064 2570 cunctatio«

473 2619 604 2662 trem
655 2605 889 2662 volentis
930 2608 1257 2676 resipiscere
1299 2610 1664 2678 praecideritis.
1713 2607 1791 2664 Ne
1822 2608 2064 2674 dubites,‘

474 2702 667 2766 Israel,
701 2703 896 2770 inquit,
933 2713 986 2758 te
1027 2713 1207 2774 optata
1245 2714 1691 2768 consecuturum,
1739 2705 1783 2758 si
1835 2713 1888 2760 te
1914 2705 2061 2775 prius

477 2793 547 2848 ad
568 2793 943 2862 paenitentiam
991 2794 1225 2850 dederis.
1267 2794 1368 2862 Qui
1398 2797 1542 2849 enim
1577 2796 1628 2850 in
1672 2805 1726 2849 te
1765 2804 1868 2860 est,
1895 2796 2064 2850 mise-

477 2885 613 2950 reri,
668 2895 724 2940 et
766 2886 1016 2941 miserari
1068 2887 1298 2957 pupillos
1351 2888 1521 2941 novit.
1593 2885 1688 2942 Sic
1741 2895 1797 2941 et
1849 2887 2060 2942 divinus

481 2977 653 3032 David
686 2999 698 3034 :
735 2996 754 3030 ι
784 2978 1056 3047 Pupillum
1096 2988 1152 3035 et
1176 2979 1390 3034 viduam
1423 2979 1681 3048 suscipiet
1705 2978 1772 3044 ίτ,
1808 2998 1829 3032 ι
1859 2993 1925 3033 ex
1955 2994 2059 3033 una

482 3085 565 3135 re,
595 3071 813 3139 opinor,
848 3071 966 3126 sive
1006 3085 1072 3126 ex
1105 3071 1353 3140 personis
1395 3072 1631 3126 maxime
1662 3070 2064 3127 miserabilibus

486 3156 709 3226 divinae,
761 3167 816 3213 et
847 3158 1242 3229 inexplicabilis
1284 3169 1490 3215 natura:
1539 3159 1928 3232 benignitatem
1973 3163 2066 3217 de-

487 3257 821 3306 monstrans.
895 3250 974 3306 Ac
1026 3251 1074 3306 si
1118 3251 1241 3320 quis
1290 3251 1434 3307 volet
1477 3253 1737 3322 pupillum
1793 3263 1847 3308 et
1888 3253 2063 3322 ipsum

485 3337 742 3395 Israelem
767 3341 1031 3396 nominari
1056 3341 1465 3414 (propemodum
1493 3346 1636 3398 enim
1661 3342 1875 3398 Patrem
1895 3344 2063 3398 Deum

487 3432 693 3499 amisit,
751 3433 967 3490 tametsi
1023 3435 1111 3490 ille
1157 3437 1390 3493 dilucide
1443 3437 1618 3492 dixit:
1649 3458 1668 3490 ι
1697 3437 1868 3494 Filius
1915 3453 2067 3495 meus

487 3523 877 3593 primogenitus
907 3525 1074 3581 Israel
1097 3527 1185 3597 ⁸⁸),
1228 3529 1456 3584 dixerim
1488 3545 1590 3600 ego
1626 3530 1790 3585 etiam
1817 3530 1896 3585 sic
1921 3539 2068 3586 recte

489 3613 738 3684 intelligi.
791 3613 962 3683 Igitur
1013 3615 1229 3672 Domini
1288 3620 1668 3674 universorqu
1715 3619 1958 3676 bonitate
2011 3628 2068 3675 et

487 3702 750 3759 facilitate
814 3705 883 3760 ad
938 3705 1282 3762 clementiam
1341 3707 1596 3774 conlisos,
1658 3708 2067 3778 promptissime

487 3795 864 3864 paenitentiam
937 3799 1265 3869 complecti,
1335 3807 1391 3856 et
1460 3801 1932 3857 emendationibus
2006 3800 2062 3855 in

491 3889 688 3946 melius
734 3891 1058 3947 delictorum
1107 3892 1508 3962 przeteritorum
1579 3893 1821 3948 maculas
1882 3892 2068 3948 eluere

489 3994 725 4055 oportet.

562 4253 729 4312 Vsus.
763 4255 818 4311 5.
849 4253 1064 4310 Sanabo
1104 4255 1448 4311 habitationes
1478 4271 1680 4322 eorum,
1722 4256 1940 4327 diligant
1976 4272 2064 4312 eos
2098 4291 2145 4351 υ

494 4349 793 4418 manifeste,
824 4350 952 4418 quia
985 4348 1152 4403 averti
1186 4349 1323 4402 iram
1354 4363 1524 4402 meam
1556 4347 1620 4401 ab
1649 4347 1742 4402 eis.

798 4481 809 4490 '
1641 4477 1662 4505 I

564 4532 723 4588 CLX.
769 4532 914 4598 Mox,
946 4542 1004 4589 et
1032 4533 1188 4602 quasi
1225 4548 1255 4586 a
1284 4531 1492 4586 foribus
1528 4529 1660 4602 ipsis
1689 4545 1717 4584 a
1752 4531 1862 4585 Deo
1892 4545 2070 4586 sermo

501 4624 798 4691 inducitur,
841 4625 1194 4694 promittente
1237 4632 1470 4694 aegrotos
1495 4632 1812 4678 sanaturqu
1858 4631 1914 4677 et
1950 4637 2067 4676 rna-

501 4715 701 4772 nil‘este
728 4716 1073 4781 dilectarum,
1103 4717 1205 4771 hoc
1245 4723 1347 4783 est,
1381 4713 1668 4769 manifeste
1704 4721 1762 4767 et
1787 4712 1964 4783 palam
2003 4713 2071 4768 de

506 4815 707 4862 caetero
750 4806 1120 4877 indulgentiae,
1180 4817 1237 4862 et
1283 4807 1588 4869 charitatis,
1632 4815 1687 4861 et
1737 4805 1913 4860 omnis
1947 4804 2076 4860 boni

508 4902 899 4957 incrementum
949 4898 1290 4968 largiturum.
1345 4899 1507 4953 Docet
1547 4899 1766 4966 insuper
1815 4910 1876 4952 se
1911 4895 2076 4951 etiam

502 4993 768 5046 adversus
795 4989 943 5057 ipsos
968 4988 1309 5059 deposuisse,
1342 4999 1398 5044 et
1435 5005 1466 5044 λ
1498 4989 1665 5044 charo
1695 4989 1800 5042 sibi
1831 4988 2080 5042 Immani-

507 5095 618 5140 tate
653 5100 759 5139 non
793 5081 1182 5137 discessurum.
1238 5080 1461 5136 Videtur
1493 5091 1671 5135 autem
1715 5081 1978 5150 propheta
2022 5079 2078 5133 in

507 5176 594 5231 his
624 5190 731 5230 non
760 5173 936 5229 solum
967 5171 1285 5228 meminisse
1313 5173 1684 5228 conversionis
1727 5186 1796 5226 ex
1819 5171 2080 5240 sanguine

507 5268 677 5324 Israel
728 5273 1138 5338 prognatorum,
1180 5266 1275 5320 sed
1309 5264 1550 5334 gentium
1601 5278 1816 5334 quoque
1843 5263 2082 5318 vocatio—

510 5378 632 5416 nem
662 5360 986 5416 admiscere.
1021 5378 1039 5410 ι
1072 5358 1342 5425 Quoniam
1367 5371 1472 5411 non
1503 5371 1692 5412 omnes
1719 5357 1811 5425 qui
1836 5371 1903 5410 ex
1920 5355 2084 5411 Israel

511 5462 660 5518 sunt,
694 5452 751 5507 hi
785 5461 912 5506 sunt
948 5449 1291 5507 lsraelitm".
1329 5448 1666 5517 Reputantur
1702 5459 1879 5502 autem
1908 5448 2085 5519 potius

513 5543 632 5610 lilii,
665 5544 757 5614 qui
790 5552 1068 5599 sectantur
1096 5540 1321 5612 vestigia
1368 5539 1487 5594 Iidei
1531 5541 1584 5594 in
1613 5541 1874 5610 prmputio
1918 5542 2085 5609 patris

588 5720 632 5752 ”
666 5719 766 5776 Isa.
805 5737 959 5789 χχχι,
1001 5722 1048 5775 Ἰ.
1131 5719 1332 5776 16Ibid.
1368 5720 1420 5773 5.

2244 2331 2299 2381 Ὁ
2323 2330 2394 2382 ἐν
2415 2329 2535 2393 σοὶ,
2569 2329 2812 2398 ἐλεήσει
2841 2328 3132 2398 ὀρφανόν.

2233 2422 2406 2475 ΡΝΘΩ
2463 2421 2569 2474 Τοῦ
2634 2424 2915 2492 προφήτου
2981 2419 3173 2490 φωνὴ,
3215 2423 3618 2497 προτρέποντος
3664 2425 3751 2490 εἰς

2165 2511 2532 2582 μετάγνωσιν,
2569 2513 2662 2564 καὶ
2687 2510 2783 2564 τοῦ
2811 2511 3074 2570 δεσπότου
3102 2515 3203 2586 τὴν
3248 2515 3579 2586 ιἀληνότητα
3613 2516 3747 2569 καθ-

2165 2604 2409 2668 ιστάντος
2438 2603 2675 2676 ἐναργῆ,
2704 2603 2800 2657 καὶ
2841 2602 2936 2663 τὸν
2972 2607 3128 2661 ὄκνον
3169 2606 3612 2676 ὑποτεμνομένου
3648 2607 3744 2660 τοῦ

2169 2700 2600 2772 μεταγινώσκειν
2634 2700 2931 2764 ἐθέλοντος.
2962 2699 3055 2770 Μὴ
3081 2700 3190 2771 γὰρ
3219 2699 3521 2770 ὲνδοιάσῃς,
3556 2700 3745 2772 φησὶν,

2166 2785 2212 2845 ὦ
2249 2791 2486 2863 Ἰσραὴλ,
2515 2791 2597 2846 ὅτι
2626 2791 2790 2863 τεύξῃ
2817 2792 2926 2846 τῶν
2952 2792 3072 2847 κατ’
3092 2791 3258 2863 εὐχὴν
3283 2793 3332 2845 εί
3358 2788 3747 2872 προνομίσειας

2165 2883 2263 2956 τὴν
2287 2883 2646 2955 μετάγνωσιν.
2684 2883 2744 2937 '0
2775 2883 2887 2955 γὰρ
2918 2887 2976 2938 ὲν
3006 2883 3089 2937 σοὶ
3116 2883 3250 2947 Θεὸς
3278 2883 3447 2937 ἐλεεῖν
3476 2879 3606 2946 οἶδε,
3653 2883 3747 2937 καὶ

2164 2978 2560 3048 κατοικτείρειν
2595 2977 2891 3048 ὀρφανούς.
2937 2976 3095 3032 Οὕτω
3125 2975 3231 3031 ποῦ
3273 2993 3405 3047 φησι
3456 2977 3550 3030 καὶ
3589 2976 3618 3028 ὁ
3656 2975 3747 3029 θε-

2168 3070 2390 3134 σπέσιος
2412 3069 2607 3124 Δασίδ·
2646 3091 2664 3123 ι
2699 3071 2969 3141 Ὀρφανὸν
2997 3070 3094 3124 καὶ
3121 3071 3302 3141 χήραν
3329 3069 3686 3138 ἀναλήψεται,
3721 3086 3744 3118 ›

2165 3163 2225 3230 ἐξ
2255 3163 2393 3227 ἑνὸς,
2419 3159 2594 3233 οἶμαι,
2622 3163 2973 3234 πράγματος,
2999 3163 3168 3233 ἤγουν
3201 3163 3267 3216 ὲκ
3307 3159 3614 3228 προσώπων
3637 3159 3748 3212 τῶν

2164 3255 2246 3308 ὅτι
2291 3253 2524 3324 μάλιστα
2572 3252 2947 3308 κατελεεῖσθαι
2997 3253 3324 3322 πεφυκότων
3373 3251 3474 3322 τῆς
3505 3251 3656 3314 θείας
3687 3268 3751 3305 τε

2168 3344 2262 3397 καὶ
2307 3345 2620 3416 ἀπορρήτου
2667 3343 2883 3413 φύσεως
2930 3342 3288 3406 καταδεικνὺς
3331 3342 3392 3395 τὸ
3437 3341 3748 3413 φιλάνθρω-

2168 3453 2289 3490 πον.
2325 3437 2389 3489 Et
2413 3436 2471 3489 δὲ
2499 3435 2742 3507 βούλοιτό
2768 3453 2854 3500 τις
2881 3435 2983 3506 τῆς
3011 3433 3278 3506 ὀρφανίας
3307 3433 3371 3487 τὸ
3403 3433 3614 3505 χρῆμα,
3651 3433 3750 3486 καὶ

2166 3527 2315 3599 αὑτῷ
2343 3529 2720 3600 καταγράφειν
2739 3527 2818 3598 τῷ
2843 3527 3084 3600 Ἰσραὴλ,
3112 3525 3390 3582 ἀπώλισθε
3415 3525 3524 3596 γάρ
3551 3541 3746 3596 μονον-

2165 3620 2287 3690 ουχὶ
2334 3621 2548 3691 Πατρὸς
2594 3619 2690 3674 τοῦ
2742 3619 2902 3685 Θεοῦ,
2964 3621 3142 3674 καίτοι
3183 3620 3437 3689 λέγοντος
3479 3621 3746 3693 ἐναργῶς,

2174 3732 2193 3766 ι
2225 3711 2357 3775 Υἱὸς
2398 3711 2741 3783 πρωτότοκός
2790 3729 2894 3782 μου
2935 3711 3154 3783 Ἰσραὴλ
3189 3731 3208 3763 ι
3261 3712 3429 3783 φαίην
3467 3711 3534 3766 ἂν
3571 3711 3749 3781 ἔγωγε

2167 3803 2263 3858 καὶ
2301 3802 2429 3874 τῇδε
2473 3804 2614 3856 νοεῖν
2638 3801 2835 3874 ὀρθῶς.
2864 3804 2955 3855 Δεῖ
2979 3802 3044 3873 δὴ
3074 3797 3168 3856 οῦν
3196 3802 3305 3874 ἄρα
3335 3801 3750 3875 τεθαρρηκότας

2166 3894 2244 3958 ὼς
2275 3892 2480 3963 ἀγαθός
2504 3893 2566 3947 τέ
2596 3895 2734 3958 ἐστι,
2763 3894 2856 3946 καὶ
2893 3894 3184 3965 πρόχειρος
3209 3895 3290 3956 είς
3339 3892 3748 3964 φιλανθρωπίαν

2166 3989 2196 4040 ὁ
2218 3987 2328 4041 τῶν
2360 3985 2498 4040 ὅλων
2533 3985 2822 4055 δεσπότης,
2850 3983 3155 4038 ἀοκνότατα
3187 3985 3492 4054 μετανοεῖν,
3509 3983 3603 4037 καὶ
3626 3985 3749 4046 ταῖς

2166 4077 2246 4140 είς
2295 4076 2358 4130 τὸ
2402 4076 2628 4147 ἄμεινον
2677 4073 3122 4145 ἐπανορθώσεσι,
3178 4073 3278 4139 τὰς
3321 4072 3429 4127 τῶν
3468 4073 3572 4144 ἤδη
3615 4091 3750 4146 προ-

2167 4167 2549 4239 επταισμένων
2581 4165 2840 4220 ἀπολύειν
2868 4165 3068 4229 αἰτίας.

2253 4256 2511 4326 Ἰἀσομαι
2559 4255 2667 4322 τὰς
2712 4257 3017 4323 κατοικίας
3049 4254 3268 4321 αὐτῶν,
3311 4256 3604 4325 ἀγαπήσω
3635 4257 3747 4310 ai)-

2169 4350 2312 4418 τοὺς
2339 4351 2677 4420 ὁμολόγως,
2715 4349 2806 4405 ὅτι
2833 4351 3222 4420 ἀπέστρεψεν
3261 4349 3377 4420 τὴν
3408 4352 3595 4422 ὀργήν
3626 4368 3749 4422 μου

2170 4441 2272 4498 ἀπ’
2299 4441 2522 4497 αὐτῶν.

2241 4533 2360 4588 ΡΞν.
2401 4534 2827 4605 Εἰσκεκόμισται
2865 4533 3064 4603 γείτων
3105 4532 3292 4597 εὐθὺς,
3339 4533 3498 4604 μόνον
3526 4534 3583 4588 δὲ
3629 4533 3752 4603 οὐχὶ

2171 4627 2269 4681 καὶ
2311 4626 2611 4697 ἀγχίθυρος
2649 4628 2678 4680 ό
2729 4627 2882 4698 παρά
2911 4624 3048 4679 Θεοῦ
3093 4624 3271 4694 λόγος,
3307 4624 3492 4679 ἰᾶσθαί
3530 4642 3589 4678 τε
3624 4624 3752 4689 τοὺς

2172 4718 2547 4790 ἠσθενηκότας
2575 4717 3027 4789 ὑπισχνουμένου,
3056 4718 3153 4772 καὶ⁵
3192 4716 3472 4788 ὁμολόγως
3507 4717 3756 4788 ἀγαπᾷν,

2171 4811 2472 4876 τουτέστιν,
2500 4810 2949 4882 ὁμολογουμένως
2997 4810 3094 4863 καὶ
3118 4807 3413 4882 ἀκρύπτωι,
3436 4809 3536 4879 ἤδη
3569 4809 3754 4863 λοιπὸν

2173 4903 2502 4973 ἐνεργοῦντα
2558 4902 2628 4955 τά
2673 4903 2740 4955 ὲκ
2785 4901 3001 4970 φειδοῦς
3043 4901 3140 4956 κα)⁵
3186 4901 3409 4972 ἀγάπης
3446 4899 3752 4971 φαίνεσθαι,

2177 4991 2272 5044 καὶ⁵
2315 4992 2412 5062 τὴν
2465 4991 2672 5054 παντὸς
2719 4991 2960 5045 ἐπίδοσιν
3006 4989 3238 5060 ἀγαθοῦ.
3292 4991 3453 5060 Δηλοί
3501 4989 3559 5042 δὲ
3617 4989 3754 5060 πρὸς

2177 5082 2406 5148 τούτοις,
2434 5084 2518 5138 ὅτι
2542 5084 2638 5138 καὶ
2667 5085 2768 5155 τῆς
2789 5084 2872 5147 είς
2897 5083 3095 5146 αὐτοὺς
3125 5079 3425 5155 κατέληξεν
3457 5081 3757 5162 ὀργῆς,καὶ

2179 5173 2281 5242 τῆς
2314 5173 2463 5245 αύτῷ
2511 5175 2749 5246 φιλητῆς
2795 5175 2897 5228 οὐκ
2937 5173 3286 5245 ἀποδημήσει
3319 5171 3754 5244 φιλανθρωπίας.

2183 5267 2371 5318 Ἔοικε
2410 5267 2467 5320 δὲ
2505 5267 2666 5322 πάλιν
2697 5267 2728 5319 ὁ
2765 5266 2922 5334 λόγος
2952 5267 3089 5336 ἡμῖν
3126 5266 3184 5318 ὲν
3212 5264 3444 5329 τούτοις,
3478 5264 3539 5316 οὐ
3588 5263 3757 5333 μόνης

2178 5353 2584 5426 διαμεμνῆσθαι
2632 5359 2729 5426 τῆς
2790 5354 2898 5408 τῶν
2945 5353 3008 5419 ἐξ
3058 5354 3291 5426 αἳματος
3350 5352 3570 5424 Ἰσραὴλ
3635 5353 3755 5404 ὲπι-

2183 5447 2461 5518 στροφῆς,
2505 5447 2937 5517 συνεισκομίζειν
2990 5448 3048 5500 δὲ
3099 5447 3302 5518 μᾶλλον
3357 5445 3453 5499 καὶ
3493 5445 3595 5517 τὴν
3646 5442 3758 5498 τῶν

2183 5539 2351 5592 ἐθνῶν
2399 5538 2622 5609 κλῆσιν·
2669 5536 2750 5590 ὅτι
2807 5539 2881 5608 μὴ
2927 5539 3127 5603 πάντες
3169 5539 3221 5592 οἱ
3266 5537 3325 5603 ἐξ
3359 5535 3574 5610 Ἰσραὴλ
3609 5529 3756 5589 οὗτοι

1502 5720 1541 5749 ίτ
1575 5717 1716 5773 Psal.
1753 5733 1909 5784 chv,
1951 5719 2003 5771 9.
2085 5719 2128 5750 ¹⁸
2159 5716 2324 5774 Exod.
2360 5731 2432 5780 IV,
2460 5714 2548 5768 ΞΕ.
2616 5716 2674 5754 -¹⁹
2705 5714 2860 5770 Rom.
2897 5730 2971 5778 ix,
3004 5715 3054 5767 6.
