4110 6368
393 494 493 552 321

1324 482 1874 541 COMMENTARIUS
1913 482 1977 538 IN
2019 480 2251 535 OSEAM
2291 478 2735 535 PIIOPIIETAM.

3553 477 3660 532 59:2

407 608 657 682 Ἰσραήλ*
706 605 1150 675 καταλογίζονται
1203 606 1258 658 δὲ
1317 605 1520 677 μᾶλλον
1567 608 1646 669 είς
1696 606 1867 659 τέκνα
1923 607 1974 658 οί

2103 604 2253 657 ποειιί
2300 603 2576 656 Abraham
2602 603 2668 654 ²⁰.
2704 620 2722 652 ι
2783 601 2921 669 Ergo
2972 599 3135 654 simul
3185 607 3240 653 ct
3283 598 3500 653 vocatio
3527 615 3660 668 gen~

395 698 819 762 ἀκολουθοῦντες
860 700 974 760 τοῖς
1025 697 1195 767 ἴχνεσι
1245 697 1344 767 τῆς
1388 699 1448 749 ἐν
1503 697 1844 767 ἀκροϐυστίᾳ.
1893 696 1979 747 πί-

397 807 567 852 στεως
613 787 710 841 τοῦ
777 787 986 857 [ἰατρὸς
1034 786 1197 855 ἡμῶν
1249 784 1521 856 Ἁϐραάμ.
1573 783 1784 837 Οὐκοῦν
1849 802 1976 836 συν-

397 881 712 954 εισφέρεται
755 880 852 933 καὶ
879 881 914 950 ἡ
944 878 1052 932 τῶν
1095 877 1265 932 ἐθνῶν
1303 879 1516 948 κλῆσις,
1548 878 1644 932 καὶ
1679 877 1816 948 πρὸς
1844 877 1979 929 Θεὸν

395 975 670 1037 οἰκείωσις
711 976 769 1027 ἐν
813 972 1070 1045 Χριστῷ,
1112 972 1204 1026 διὰ
1251 972 1490 1036 πίστεως
1537 972 1632 1025 καὶ
1679 970 1975 1042 ἁγιασμοῦ.

2087 698 2242 760 timn,
2269 707 2324 750 et
2369 697 2683 764 conjunctio
2715 710 2837 748 cum
2875 695 2982 748 Deo
3021 694 3074 747 in
3121 694 3340 748 Christo
3373 708 3468 762 per
3502 693 3662 745 fidem

2084 800 2139 842 et
2173 788 2658 842 sanctificationem
2697 786 2992 840 inducitur.
3042 786 3268 854 Insuper
3303 783 3664 854 spiritualium

2087 880 2452 950 Suppeditatio
2480 890 2532 934 et
2579 879 2768 948 gratias
2807 881 2985 949 copia,
3026 880 3144 949 ejus
3169 877 3420 932 videlicet
3459 891 3580 945 qua:
3611 875 3666 928 in

2086 972 2309 1027 Christo
2330 982 2434 1035 est,
2470 973 2826 1042 significatur.

398 1068 882 1139 Κατασημαίνεται
912 1068 969 1120 δὲ
1004 1067 1141 1137 πρὸς
1185 1066 1359 1136 τούτῳ
1402 1067 1497 1120 καὶ
1529 1069 1563 1138 ἡ
1625 1067 1734 1121 τῶν
1767 1067 2154 1138 πνευματικῶν
2185 1067 2440 1139 χορηγία,
2517 1067 2613 1120 καὶ
2651 1070 2750 1140 τῆς
2811 1067 3035 1139 χάριτος
3076 1067 3137 1121 τὺ
3197 1063 3532 1138 ἀμφιλαφές.
3564 1063 3670 1133 Δῆ-

397 1162 489 1216 λον
517 1163 574 1215 δὲ
600 1162 680 1215 ὅτι
703 1163 803 1232 τῆς
841 1162 898 1214 ὲν
930 1160 1178 1232 Χριστῷ.

475 1259 722 1327 Ἐσομαι
750 1257 834 1324 ὡς
857 1258 1077 1327 δρόσος
1102 1256 1181 1322 τῷ
1224 1257 1482 1327 Ἰσραήλ.

472 1347 699 1410 Πάντως
725 1365 827 1400 που
847 1347 1298 1413 καταπιαίνουσα,
1327 1349 1422 1401 καὶ
1458 1348 1866 1418 καταρδεύουσα
1893 1346 1984 1400 τὸν

401 1439 526 1495 νοῦν
556 1439 665 1492 τῶν
718 1440 1072 1511 κεκλημένων
1117 1442 1200 1502 είς
1237 1441 1600 1511 μετάγνωσιν,
1652 1445 1719 1512 τῇ
1780 1439 1986 1494 ἄνωθεν

402 1531 768 1602 παρακλήσει.
820 1532 988 1602 Δῆλον
1034 1531 1091 1585 δὲ
1138 1533 1222 1585 ὅτι
1261 1535 1329 1603 τῇ
1387 1532 1740 1603 Πνεῦματοςο
1781 1532 1987 1587 ἀνωθεν

401 1624 512 1695 γὰρ
543 1627 577 1696 ἡ
613 1624 823 1696 δρόσος.

487 1717 765 1786 Ἀνθήσει
795 1718 876 1783 ὡς
905 1717 1132 1786 κρίνον.

487 1809 763 1874 Ἐκδώσει,
820 1810 1056 1880 φησὶ,τὸ
1108 1809 1306 1874 εὑῶδες
1360 1811 1417 1864 ὲν
1459 1809 1702 1882 Χριστῷ,
1754 1807 1850 1862 καὶ
1888 1809 1988 1880 τῆς

2162 1252 2324 1308 νειιε.
2366 1252 2421 1308 6.
2466 1253 2571 1307 Ero
2597 1252 2749 1320 quasi
2778 1267 2861 1305 ros
2894 1250 3086 1305 Israel.

2163 1345 2320 1417 193
2345 1344 2524 1401 CLXI.
2571 1343 2910 1400 Omnimodis
2959 1352 3195 1399 mentem
3244 1352 3558 1398 vocatorum
3602 1343 3670 1396 ad

2088 1437 2462 1508 paenitentiam
2495 1452 2729 1508 superna
2763 1437 3134 1494 consolatione
3163 1436 3568 1506 pinguefaciens
3618 1445 3673 1491 et

2089 1529 2341 1598 irrigans,
2395 1531 2580 1600 utique
2627 1545 2722 1599 per
2768 1529 3050 1600 Spiritum,
3108 1544 3198 1583 ros
3252 1529 3395 1584 enim
3447 1530 3674 1600 desuper

2093 1619 2260 1672 cadit.

2167 1711 2405 1766 Florebit
2439 1721 2495 1764 ttt
2529 1711 2719 1765 lilium.
3241 1775 3245 1778 _

2165 1801 2372 1858 CLXII.
2406 1801 2640 1870 Efllabit,
2684 1803 2878 1872 inquit,
2919 1802 2972 1856 in
3021 1801 3238 1858 Christo
3285 1817 3506 1858 suavem
3543 1803 3676 1857 odo-

405 1899 638 1970 εὐαγοῦς
661 1900 936 1964 πολιτείας
957 1901 1056 1972 τὴν
1081 1901 1364 1972 εὐοσμίαν,
1390 1901 1484 1955 καὶ
1506 1901 1805 1955 ἀπόλεκτον
1831 1900 1992 1963 ἄνθος

2103 1907 2232 1958 rem,
2255 1904 2309 1947 et
2329 1905 2533 1948 sancta
2572 1894 3004 1950 conversationis
3038 1893 3410 1966 fragrantiam,
3465 1903 3519 1948 et
3567 1893 3677 1948 ele-

406 1993 562 2046 ἕσται
599 1991 806 2047 λοιπόν.

478 2086 589 2139 Καὶ
627 2084 814 2150 ,ϐαλεῖ
853 2084 963 2151 τὰς
1003 2084 1169 2152 ρίζὶις
1225 2085 1411 2142 αὑτοῦ
1444 2085 1525 2152 ὠς
1556 2086 1842 2152 Λίϐανος,
1889 2100 1994 2139 πο-

401 2179 726 2246 ρεύσονται
756 2179 811 2231 οἱ
835 2177 1048 2232 κλάδοι
1073 2195 1213 2232 σου.

478 2269 602 2321 Ὅτι
653 2267 728 2339 μὴ
773 2267 1196 2332 εὐκατάσειστος
1235 2268 1344 2322 τῶν
1391 2269 1756 2323 πιστευόντων
1791 2268 1820 2320 6
1849 2267 1992 2336 νοῦς,

405 2360 526 2414 οὐδὲ
557 2354 668 2413 οἷον
699 2360 918 2431 ἕτοιμος
941 2363 1022 2424 είς
1041 2359 1104 2413 τὸ
1120 2361 1378 2416 νικᾶσθαι
1409 2361 1684 2434 πνεύμασι
1716 2363 1993 2433 πονηροῖς,

405 2459 494 2512 διὰ
536 2457 727 2512 τούτου
760 2453 930 2530 δηλοῖ.
974 2453 1169 2506 Ἔσται
1203 2454 1312 2526 γὰρ
1355 2454 1528 2519 οὕτως
1574 2455 1853 2525 ἀσφαλὴς,
1900 2455 1997 2506 καὶ

405 2550 816 2622 ἐρηρεισμένος,
867 2549 1120 2622 καθάπερ
1149 2545 1341 2620 ἀμέλει
1389 2546 1484 2600 καὶ
1534 2546 1596 2600 τὺ
1633 2544 1728 2599 τοῦ
1763 2546 1994 2600 Λιϐάνου

407 2643 593 2712 φυτὸν,
631 2643 660 2696 ὃ
681 2633 1029 2715 καθίησιίμὲν
1058 2646 1138 2707 είς
1171 2642 1332 2713 βάθος
1368 2640 1503 2696 πολὺ
1538 2640 1639 2710 τὴν
1667 2637 1822 2712 ῥίζαν
1841 2656 1856 2670 ο
1885 2642 1999 2702 τοῖς

407 2750 470 2803 γε
500 2736 605 2806 μὴν
635 2734 839 2789 ἀνωθεν
871 2733 1103 2799 κλάδοις,
1139 2734 1202 2786 οὐ
1233 2733 1466 2804 μετρίως
1498 2730 1807 2802 εὐρύνεται.
1851 2731 1998 2782 Σπα-

408 2825 659 2897 ταλώσης
694 2827 803 2898 γὰρ
839 2827 940 2896 τῆς
973 2825 1148 2897 ῥίζης,
1187 2825 1348 2896 ἀδραί
1381 2841 1485 2877 που
1518 2823 1736 2886 πάντως
1765 2821 1873 2876 εἰσὶ
1905 2821 1999 2874 καὶ

408 2920 464 2971 αἱ
495 2918 599 2971 τῶν
628 2920 887 2990 ὀρπήκων
909 2919 1174 2982 ἐκδόσεις.

481 3009 590 3063 Καὶ
624 3010 796 3063 ἔσται
825 3008 906 3074 ὡς
932 3009 1108 3062 ἐλαία
1133 3008 1534 3076 κατάκαρπος.

495 3099 776 3171 ’Δειθαλὴς
805 3099 1047 3171 δηλονότι
1075 3100 1168 3152 καὶ
1198 3096 1498 3168 εὔκαρπος.
1528 3095 1769 3150 τοιοῦτον
1801 3095 1910 3166 γὰρ
1939 3095 1998 3148 τὸ

412 3192 598 3264 φυτόν.

483 3283 590 3341 Καὶ
620 3283 954 3352 dogma-rati;
987 3281 1173 3336 αὑτοῦ
1200 3282 1280 3348 ὡς
1298 3280 1570 3335 λιϐάνου.

482 3375 859 3448 Εῦοσμότατον
893 3375 1089 3445 κομιδῇ
1127 3373 1221 3426 τοῦ
1260 3374 1478 3427 λιϐάνου
1503 3374 1565 3426 τὸ
1601 3371 1808 3446 χρῆμα.
1856 3374 1996 3427 Tati-

413 3483 480 3538 τῃ
505 3483 587 3518 τοι
623 3466 720 3519 καὶ
757 3465 832 3528 ὡς
863 3463 1008 3535 ἱερὸν
1049 3463 1126 3534 τῷ
1181 3463 1320 3533 Θεῷ,
1350 3463 1442 3516 καὶ
1491 3465 1519 3516 ὁ
1571 3465 1814 3528 Μωσέως
1869 3464 2000 3516 αὐτὸ

415 3556 915 3628 κατεχρησμῴδησε
947 3556 1133 3627 νόμος.
1177 3556 1397 3626 Λιϐάνῳ
1439 3555 1548 3626 γὰρ
1580 3556 1689 3608 δεῖν
1720 3557 2000 3610 καταπάτ-

413 3648 604 3702 τεσθαι
669 3649 768 3718 τὴν
828 3647 1249 3716 προσαγομένην
1311 3646 1592 3716 σεμίδαλιν
1648 3648 1726 3708 είς
1788 3646 1996 3710 θυσίαν,

414 3741 670 3796 διετύπου
699 3738 1003 3809 πολλαχῶς.
1038 3737 1260 3808 Εὐὼδης
1290 3733 1384 3790 οὖν
1417 3736 1591 3798 ἔσται,
1625 3737 1811 3806 φησὶν,
1835 3737 1863 3788 ὁ
1892 3737 2000 3788 τῶν

416 3831 769 3902 κεκλημένων
795 3829 1027 3901 καρπὸς,
1057 3831 1150 3883 καὶ
1175 3828 1580 3900 εὐπαράδεκτος
1599 3828 1678 3888 είς
1705 3825 1896 3880 θυσίαν
1925 3827 2002 3897 τῷ

419 3923 547 3993 φιλα
555 3925 691 3994 ρὲτῳ
724 3921 866 3993 Θεῷ.

501 4014 992 4084 Ἐπιστρέψουσι,
1034 4013 1134 4067 καί
1177 4011 1523 4067 καθιοῦνται
1552 4015 1668 4066 ὑπὸ
1704 4011 1819 4082 τὴν
1857 4011 2002 4065 σκέ-

419 4124 545 4176 πην
571 4107 777 4162 αὑτοῦ.

493 4200 669 4266 PSG".
723 4198 1178 4262 Ἀποπαύσονται,
1210 4197 1364 4267 φησὶ,
1397 4195 1507 4251 τῶν
1537 4197 1781 4268 ἀρχαίων
1829 4198 2006 4250 αἰτια-

425 4294 632 4362 μάτων,
660 4292 755 4345 καὶ
781 4292 1235 4362 ὐπονοστήσουσιν
1256 4289 1523 4354 εὐσθενῶς
1546 4293 1624 4353 είς
1644 4291 1703 4343 τὸ
1724 4291 2005 4361 λατρεύειν

421 4383 542 4454 Θεῷ
576 4385 738 4449 ζῶντι
797 4386 892 4438 καὶ
920 4382 1181 4456 ἀληθινῷ,
1228 4384 1324 4436 καὶ
1360 4383 1452 4435 ὑπ’
1493 4383 1644 4454 αὐτῷ
1686 4385 2006 4454 γενήσονται

425 4477 793 4546 μονοτρόπως,
835 4477 898 4528 οὑ
936 4475 1068 4545 παρ’
1117 4473 1308 4544 ἑτέρου
1346 4473 1410 4526 τὸ
1441 4471 1712 4538 σώζεσθαι
1747 4476 1852 4526 ἀπὸ
1897 4473 2006 4525 τῶν

2096 1997 2218 2042 ctns
2249 1986 2302 2040 in
2335 1985 2574 2040 futurum
2606 1985 2702 2041 llos
2735 1987 2862 2040 erit.

2167 2077 2234 2132 Et
2261 2079 2433 2132 mittet
2468 2080 2670 2132 radices
2713 2095 2837 2132 suas
2873 2078 3026 2148 quasi
3067 2077 3318 2142 Libantts,
3361 2076 3507 2131 ibunt
3545 2080 3677 2130 rami

2095 2170 2229 2239 ejus.

2167 2261 2393 2317 CLXIII.
2427 2261 2658 2319 Mentem
2685 2265 3016 2320 credentium
3048 2263 3136 2318 vix
3179 2277 3212 2318 a
3256 2277 3354 2316 suo
3394 2272 3536 2317 statu
3592 2261 3679 2316 di-

2099 2343 2328 2420 moveri,
2353 2371 2527 2424 neque
2555 2356 2697 2410 vinci
2729 2355 2884 2411 facile
2911 2370 3068 2426 posse
3107 2370 3136 2408 a
3184 2355 3430 2425 malignis
3475 2355 3680 2424 spiriti-

2100 2449 2200 2504 bus
2227 2449 2311 2504 his
2341 2448 2521 2503 verbis
2556 2448 2780 2505 indicat.
2808 2449 2960 2503 Adeo
2987 2447 3256 2518 siquidem
3289 2457 3398 2502 tuta
3427 2457 3484 2502 et
3521 2447 3676 2500 firma

2099 2550 2202 2607 est,
2239 2551 2296 2595 ut
2325 2539 2486 2595 arbor
2528 2541 2780 2594 nimirum
2805 2540 2857 2594 in
2895 2551 3076 2593 monte
3097 2538 3325 2603 Libano,
3369 2553 3487 2608 qum
3517 2541 3680 2592 mittit

2099 2631 2316 2701 quidem
2345 2631 2397 2684 in
2425 2628 2749 2700 profundum
2785 2631 3046 2694 radicem,
3087 2643 3318 2699 superne
3365 2641 3548 2684 autem
3595 2643 3681 2682 ra-

2101 2724 2206 2777 mis
2228 2722 2404 2791 ample
2427 2721 2705 2776 dilatatur.
2737 2721 2886 2774 Actis
2913 2721 3057 2775 enim
3081 2721 3187 2775 alte
3203 2719 3491 2784 radicibus,
3515 2720 3680 2774 etiam

2103 2817 2238 2870 rami
2261 2815 2482 2870 omnino
2513 2814 2671 2868 latius
2698 2823 3085 2885 propagantur.

2174 3016 2341 3070 Vens.
2376 3015 2427 3068 7.
2463 2997 2530 3069 Et
2554 3015 2651 3068 erit
2677 3013 2833 3085 quasi
2861 3010 2998 3066 oliva
3027 3010 3325 3080 fructifera.

2171 3104 2401 3160 CLXIV.
2452 3103 2680 3174 Semper
2736 3102 2916 3155 virens
2969 3100 3218 3154 videlicet
3265 3107 3320 3153 et
3366 3097 3679 3167 fructifera;

2104 3194 2207 3248 tale
2234 3201 2320 3248 est
2347 3192 2488 3247 enim
2513 3205 2681 3262 genus
2707 3191 2916 3245 arboris
2947 3189 3111 3244 oliva.

2170 3285 2240 3338 Et
2272 3285 2404 3338 odor
2427 3284 2540 3353 ejus
2566 3293 2621 3336 ut
2647 3283 2838 3337 thuris.

2170 3374 2378 3432 CLXV.
2412 3374 2866 3432 Odoratissimum
2895 3380 2979 3428 est
3005 3372 3149 3427 thus.
3199 3371 3464 3438 Quocirca
3509 3372 3682 3442 ipsum

2099 3479 2156 3522 et
2181 3469 2403 3523 oracula
2434 3469 2565 3536 legis
2614 3466 2865 3521 Mosaicae
2905 3463 3134 3520 Domino
3163 3473 3410 3519 sanctum
3440 3479 3558 3521 esse
3591 3481 3686 3520 vo-

2103 3563 2336 3616 luerunt.
2372 3559 2756 3630 Saepenumero
2788 3559 2933 3615 enim
2959 3556 3287 3613 oll'erendam
3318 3556 3428 3611 Deo
3451 3557 3682 3612 similam

2103 3657 2154 3708 in
2187 3654 2539 3717 sacrificium,
2571 3653 2726 3706 thure
2760 3666 3105 3720 conspersam
3133 3649 3516 3704 sanxerunt“.
3545 3649 3687 3704 Odo-

2107 3746 2235 3801 rifer
2261 3755 2346 3800 cst
2375 3747 2562 3814 igitur,
2602 3743 2798 3814 inquit,
2826 3753 3144 3797 vocatorum
3178 3743 3400 3806 fructus,
3442 3751 3498 3796 et
3528 3755 3687 3795 acce-

2105 3838 2322 3908 ptabilis
2352 3837 2406 3890 in
2437 3835 2764 3891 sacrificium
2798 3835 2926 3899 Deo,
2963 3833 3056 3902 qui
3091 3833 3345 3887 virtutem
3371 3831 3543 3900 diligit

2177 4019 2342 4073 Vens.
2382 4019 2434 4073 8.
2494 4016 2892 4082 Convertentur,
2949 4025 2996 4069 et
3048 4015 3299 4070 sedebant
3351 4014 3447 4068 sub
3505 4015 3688 4068 umbra

2104 4121 2238 4184 ejus.

2177 4203 2407 4260 CLXVI.
2435 4202 2622 4257 Finem
2654 4201 2953 4270 imponent,
2987 4199 3181 4268 inquit,
3212 4197 3446 4269 peccatis
3488 4198 3690 4254 veteri-

2107 4300 2227 4363 bus,
2264 4307 2319 4352 et
2363 4311 2485 4350 cum
2525 4294 2676 4349 suavi
2710 4293 2876 4348 odore
2911 4293 2978 4347 ad
3014 4291 3180 4346 Deum
3243 4293 3421 4346 vivum
3471 4309 3691 4346 verum-

2107 4406 2210 4460 que
2233 4389 2514 4446 colendum
2567 4389 2612 4418 “
2654 4385 3048 4456 regredientur,
3091 4383 3277 4453 illique
3322 4385 3692 4438 tantummodo

2109 4481 2487 4551 subjicientur,
2515 4494 2621 4533 non
2657 4480 2724 4532 ah
2748 4479 2876 4541 alio,
2913 4477 3005 4530 sed
3029 4475 3096 4530 ab
3133 4477 3223 4530 illo
3264 4475 3378 4530 solo
3417 4475 3693 4530 liberatio-

421 4570 652 4643 ἐχθρῶν,
681 4569 820 4623 ἀλλά
846 4568 975 4640 παρ’
1001 4568 1164 4621 αὐτοῦ
1196 4567 1602 4639 προσδοκῶντες
1625 4569 1806 4639 μόνου.
1836 4568 1998 4620 Τοῦτό

2112 4590 2232 4628 nem
2269 4575 2337 4627 ah
2376 4573 2621 4628 hostibus
2666 4577 3069 4640 exspectantes.
3125 4567 3237 4622 Hoc
3286 4568 3548 4638 praeclare
3594 4570 3693 4624 im-

420 4682 502 4716 τοι
537 4663 819 4736 πληροῦσα
844 4662 1025 4725 καλῶς
1053 4665 1084 4732 ἡ
1120 4660 1180 4727 ἐξ
1203 4662 1373 4714 ὲθνῶν
1419 4661 1736 4733 Ἐκκλησία,
1759 4663 1889 4735 περὶ
1911 4663 2005 4716 τοῦ

422 4757 640 4810 πάντων
661 4756 932 4827 Σωτῆρος,
955 4755 1141 4825 φησιν,
1166 4756 1224 4807 ἐν
1239 4754 1317 4824 τῷ
1336 4754 1576 4826 Ι’ᾼεςματι
1593 4755 1701 4807 τῶν
1723 4756 2005 4827 ᾀσμάτων.

427 4867 444 4899 ι
477 4847 564 4902 Ἐν
586 4849 653 4918 τῇ
690 4848 816 4916 σκιᾷ.
849 4845 1016 4899 αὑτοῦ
1045 4845 1386 4917 ἐπεθύμησα,
1414 4849 1508 4900 καὶ
1536 4845 1788 4902 ὲκάθισα.
1821 4866 1839 4898 ι
1883 4847 2011 4912 Τοῖς

415 4939 579 4993 ’τοῦτο
596 4939 732 5011 δρᾷν
759 4939 1008 4992 εἰωθόσιν
1045 4939 1387 5008 ὲπιφωνείτω
1421 4938 1595 5008 λέγων
1627 4939 1721 4992 καὶ
1747 4941 1776 4992 6
1809 4939 2008 4992 θεσπέ-

425 5049 539 5097 σιος
569 5031 765 5086 Δαϐίδ·
801 5048 821 5083 ι
844 5030 1087 5102 Ἡμέρας
1123 5033 1152 5084 ὁ
1177 5029 1327 5101 ἥλιος
1362 5031 1420 5082 οὐ
1451 5029 1748 5100 συγκαύσει
1780 5047 1861 5098 σε,
1887 5030 2007 5084 οὐδὲ

422 5128 456 5197 ἡ
485 5123 679 5195 σελήνη
707 5124 811 5195 τὴν
831 5127 1022 5180 νύκτα.
1052 5142 1071 5176 ι
1105 5122 1275 5176 Τοῦτο
1306 5125 1418 5187 τοῖς
1454 5123 1829 5195 ἀρχαιοτέροις
1872 5126 2004 5177 ἐπες-

423 5215 630 5269 τελεῖτο
674 5215 828 5288 παρὰ
869 5215 1028 5280 Θεοῦ,
1072 5215 1303 5286 νεφέλης
1346 5215 1530 5280 αὐτοῖς
1578 5217 2006 5288 ὲπισκιαζούσης

425 5307 569 5362 κατὰ
600 5307 700 5380 τὴν
726 5306 956 5378 ἔρημον,
992 5308 1088 5360 καὶ
1124 5309 1225 5379 τὴν
1270 5308 1500 5373 ἀνωθεν,
1547 5309 1644 5362 καὶ
1683 5309 1831 5380 παρά
1869 5307 2004 5361 Θεοῦ

427 5400 631 5472 σκηνὴν
666 5399 1070 5470 ὑποφαινούσης
1097 5401 1348 5465 ἀστείως.
1384 5399 1456 5457 Εὖ
1487 5402 1544 5456 δὲ
1575 5401 1640 5474 δὴ
1676 5401 1874 5473 σφόδρα
1913 5401 2009 5455 καὶ

423 5490 486 5544 τὸ
545 5509 564 5542 ι
593 5489 968 5557 καθιοῦνται,ι
1045 5491 1234 5563 φησιν,
1284 5491 1371 5544 ἵνα
1421 5491 1480 5545 τὸ
1527 5492 1757 5563 βεϐηκὸς
1811 5493 1904 5545 καὶ
1947 5490 2009 5542 τὸ

426 5583 708 5654 ἱδρυμένον
746 5582 1004 5652 ἀσφαλῶς
1031 5583 1131 5654 τῆς
1170 5583 1278 5636 τῶν
1316 5585 1755 5655 ἐπιστρεφόντων
1785 5583 2012 5655 γνώμης

423 5673 512 5752 δίά
538 5673 730 5728 τούτου
759 5675 968 5746 νοῆται.

495 5875 544 5950 '.°_
577 5875 734 5950 R‘Pm-
777 5893 850 5935 IV.
882 5880 964 5934 1‘2.
1041 5881 1290 5950 “.Levit.
1323 5896 1381 5946 ιι,
1411 5881 1460 5934 l.

331 6029 340 6036 _
428 5947 476 5978 “
503 5945 673 6004 Exod.
704 5964 792 6016 ιι,
816 5950 904 6004 52.

1537 5881 1581 5912 ’³
1616 5882 1635 5933 I
1677 5878 1870 5936 Thess.
1914 5897 1951 5945 ι,
1987 5880 2041 5936 9.
2118 5879 2164 5910 ²³
2198 5879 2354 5934 Cant.
2389 5892 2449 5943 ιι,
2484 5876 2534 5930 ὖ.

2111 4667 2267 4736 plens
2312 4664 2536 4719 collecta
2585 4677 2651 4717 ex
2707 4663 2958 4733 gentibus
3005 4660 3270 4725 Ecclesia,
3327 4662 3393 4715 de
3452 4663 3692 4715 omnium

2113 4758 2394 4813 Salvatore
2419 4757 2471 4808 in
2503 4753 2728 4809 Cantico
2759 4753 3120 4817 canticorum,
3155 4753 3368 4821 inquit:
3408 4771 3426 4803 ι
3473 4753 3526 4806 In
3575 4769 3696 4808 um-

2113 4851 2209 4904 bra
2245 4849 2384 4902 illius
2412 4845 2736 4910 desideravi,
2770 4853 2825 4899 et
2854 4845 2967 4898 sedi
2998 4844 3066 4896 ³³.
3101 4863 3120 4897 ι
3171 4844 3246 4897 Ita
3295 4846 3471 4899 facere
3520 4845 3696 4900 solitis

2113 4943 2377 4997 acclamet
2407 4942 2596 4996 beatus
2621 4938 2793 4993 David
2825 4955 2838 4991 :
2878 4957 2895 4990 ι
2930 4937 3035 4993 Per
3065 4939 3204 4993 diem
3232 4939 3312 4994 sol
3339 4955 3442 4994 non
3476 4949 3596 4994 uret
3620 4949 3692 5006 te,

2116 5052 2290 5107 neque
2313 5036 2434 5089 luna
2462 5050 2557 5105 per
2582 5042 2796 5088 noctem
2825 5032 2889 5086 “.
2928 5050 2946 5083 ι
2974 5031 3084 5086 IIoc
3110 5033 3495 5087 vetustioribus
3521 5047 3550 5085 a
3583 5031 3694 5087 Deo

2115 5130 2515 5201 praestabatur,
2570 5125 2711 5180 nube
2772 5126 2894 5180 illos
2946 5139 3042 5194 per
3094 5126 3234 5180 diem
3293 5125 3344 5179 in
3403 5124 3694 5180 solitudine

2113 5219 2472 5274 obumbrante
2499 5216 2567 5281 ".
2615 5228 3020 5284 supernumque
3076 5223 3131 5268 et
3161 5214 3401 5267 divinum
3439 5211 3693 5266 taberna-

2115 5311 2292 5365 culum
2322 5309 2556 5378 jucunde
2605 5309 3044 5361 submonstrante
3077 5307 3145 5361 ".
3194 5304 3364 5358 Recte
3402 5303 3691 5358 admodum

2107 5413 2366 5472 praeterea
2412 5417 2430 5449 ι
2469 5400 2752 5463 sedebunt,
2795 5417 2816 5451 ι
2862 5397 3058 5466 inquit,
3109 5405 3165 5448 ut
3219 5396 3343 5449 hinc
3393 5396 3693 5449 constantia

2107 5505 2162 5548 et
2204 5492 2478 5546 firmitudo
2515 5491 2810 5546 voluntatis
2852 5489 3282 5544 tnnvertcntium
3322 5500 3380 5541 se
3427 5488 3696 5557 intelliga-

2111 5597 2217 5641 ιιιΓ.

2614 5875 2659 5906 ’⁸
2690 5873 2838 5930 Psal.
2871 5890 2997 5942 cxx,
3031 5875 3085 5933 6.
3160 5875 3205 5906 "
3242 5874 3408 5930 Exod.
3453 5887 3571 5939 xm,
3595 5871 3707 5934 2L
