4110 6368
434 440 541 498 523

1429 438 1808 498 S.'CYRILLI
1851 437 2320 494 ALEXANDRINI
2363 439 2678 496 AIICIIIEP.

3604 449 3710 505 324

506 560 669 634 194
691 559 896 616 CXVII.
938 559 1144 627 Vivent,
1167 572 1216 617 et
1253 561 1654 618 inebriabuntur
1681 567 1968 635 frumento.

2180 563 2518 629 ,Ζήσονταα
2556 563 2655 616 καί
2680 561 3173 632 μεθυσθήσονται
3198 564 3366 631 σίτῳ.

503 655 632 710 Haec
658 664 785 710 sunt
817 655 1186 711 conversionis
1225 663 1280 710 ct
1323 656 1636 713 stabilitatis
1676 657 1814 713 dona
1861 673 2016 714 acce-

434 749 676 815 ptabilia.
709 745 775 799 Et
804 748 927 801 vitae
967 756 1206 813 aeterme,
1251 748 1446 818 inquit,
1492 749 1783 820 participes
1830 761 2012 817 erunt,

432 850 483 892 et
520 841 718 893 virtute
740 839 1108 905 abundabunt,
1141 841 1432 909 spirituali,
1470 842 1713 912 inquam,
1743 845 1843 899 hoc
1870 847 2013 900 enim

433 940 562 998 puto
588 930 725 984 velle
761 930 912 996 illud,
949 949 968 982 ι
1011 932 1428 988 inebriabuntur
1463 934 1754 990 frumento.
1795 956 1814 988 ι
1868 936 2015 992 Scri-

432 1033 582 1090 ptum
621 1036 782 1088 porro
835 1031 1030 1089 exstat,
1086 1041 1106 1075 r
1170 1026 1327 1094 panis
1382 1040 1478 1080 cor
1530 1027 1764 1081 hominis
1813 1029 2014 1083 confir-

435 1124 546 1168 mat
580 1114 645 1167 ".
683 1133 700 1164 ι
731 1113 970 1183 Corpora
1005 1116 1147 1169 enim
1195 1119 1618 1186 congruentibus
1672 1122 2016 1176 nutrimentis

432 1207 694 1277 gaudent;
725 1209 964 1262 aninmm
1002 1222 1133 1262 vero
1170 1209 1405 1264 hominis
1430 1211 1642 1266 divinus
1675 1220 1727 1266 et
1776 1212 2015 1267 caelestis

433 1314 612 1353 sermo
637 1300 974 1353 corroborat.
1010 1298 1145 1366 Quia
1173 1317 1406 1372 namque
1450 1316 1515 1356 ex
1546 1318 1611 1356 eo
1656 1304 1724 1357 ab
1772 1305 2014 1359 imbecil-

432 1387 582 1445 litate
615 1389 681 1442 ad
713 1388 876 1443 robur
905 1391 1134 1444 transire
1162 1399 1346 1459 queat,
1384 1407 1449 1446 ex
1478 1407 1662 1447 errore
1689 1395 1756 1447 ad
1779 1394 2015 1462 agnitio-

432 1495 556 1535 nem
591 1481 680 1534 Dei
708 1495 826 1534 sese
855 1492 1196 1548 convertens,
1240 1493 1296 1538 et
1346 1499 1377 1539 e
1432 1482 1604 1539 foveis
1653 1486 2015 1554 improbitatis

431 1571 610 1626 valide
655 1573 721 1625 ad
763 1573 1015 1627 virtutem
1067 1574 1526 1644 complectendam
1579 1577 1856 1643 exsiliens,
1910 1595 2013 1633 non

431 1672 518 1718 est
550 1679 647 1718 cur
678 1665 970 1731 dubitatur,
1018 1667 1451 1737 quandoquidem
1503 1684 1689 1724 revera
1731 1669 2017 1724 imbecilli-

434 1752 562 1808 tatis
589 1754 742 1823 culpa
771 1764 875 1817 est,
907 1755 961 1808 in
993 1757 1273 1824 segnitiem
1309 1767 1365 1812 et
1391 1759 1689 1837 mundanas
1709 1759 2014 1830 voluptates

433 1845 642 1913 prolabi
676 1855 731 1900 ct
765 1846 922 1901 idolis
953 1847 1192 1903 colendis
1225 1848 1500 1907 delectari.
1555 1851 1866 1920 Spiritualis
1919 1869 2013 1908 au-

2187 650 2358 710 Αὐται
2399 658 2498 727 τῆς
2544 655 2882 726 ἐπιστροφῆς
2914 655 3137 726 καὶτῆς
3179 656 3523 729 ἐδραιότητος
3562 658 3709 726 ἀξιό-

2115 749 2312 818 ληπτοι
2364 747 2584 818 δωρεαί.
2634 746 2745 799 Καὶ
2779 747 2926 815 ζωῆς
2969 747 3078 818 γὰρ
3119 746 3354 812 ἔσονται,
3408 748 3562 819 φησι,
3606 749 3708 818 τῆς

2116 841 2337 894 αίωνίου
2381 839 2621 910 μέτοχοι,
2657 838 2752 892 καὶ
2779 839 2839 892 ἐν
2872 839 3195 910 πλεονασμῷ
3222 838 3526 910 δυνάμεως,
3549 840 3707 911 δῆλον

2115 931 2172 984 δὲ
2219 932 2302 984 ὅτι
2343 930 2747 1000 πνευματικῆς.
2787 927 2960 981 Τοῦτο
3004 928 3132 999 γὰρ,
3171 925 3348 1000 οἴμαι,
3392 930 3589 1001 δηλοῦν
3621 931 3704 995 τὸ,

2123 1041 2141 1073 ‹
2166 1019 2601 1093 μεθυσθήσονται
2645 1020 2801 1090 σίτῳ.
2825 1038 2844 1071 >
2901 1019 3216 1091 Γέγραπται
3252 1020 3330 1085 δὲ,
3366 1021 3449 1073 ὅτι
3501 1039 3518 1072 ι
3543 1021 3707 1092 ἄρτος

2121 1111 2369 1185 στηρίξει
2410 1112 2640 1184 καρδίαν
2669 1109 2977 1183 ἀνθρώπου.
3000 1131 3017 1162 ι
3055 1109 3291 1182 Σώματα
3324 1112 3423 1182 μὲν
3445 1111 3555 1182 γάρ
3587 1115 3705 1176 ταῖς

2117 1205 2479 1275 καταλλήλοις
2541 1205 2729 1275 ἥδεται
2784 1206 3032 1276 τροφαῖς.
3093 1204 3286 1273 Ψυχὴν
3329 1203 3386 1256 δὲ
3418 1203 3706 1274 ἀνθρώπου

2120 1294 2266 1360 θεῖός
2309 1313 2391 1358 τε,
2435 1295 2530 1349 καὶ
2563 1293 2771 1349 ἄνωθεν
2811 1295 3087 1365 διανενροῖ
3133 1294 3310 1362 λόγος.
3348 1297 3468 1348 Ὅτι
3506 1294 3615 1365 γὰρ
3647 1294 3706 1361 ἐξ

2116 1388 2399 1450 ἀσθενείας
2426 1389 2503 1451 είς
2533 1387 2762 1458 δύναμιν
2782 1389 3232 1459 μεταφοιτήσειεν
3256 1387 3342 1452 ἂν,
3362 1389 3707 1458 ἐπιστρέφων

2115 1482 2188 1532 ἐκ
2224 1479 2433 1550 πλάνης
2481 1480 2618 1550 πρὸς
2667 1479 2960 1546 ἐπίγνωσιν
2993 1479 3149 1542 Θεοῦ,
3203 1479 3295 1532 καὶ
3332 1479 3396 1532 ὲκ
3445 1480 3553 1531 τῶν
3605 1481 3707 1550 τῆς

2116 1571 2450 1641 φαυλότητος
2483 1570 2692 1641 βόθρων
2718 1569 3091 1640 ἀναθρώσκων
3119 1570 3392 1634 εὐσθενῶς
3413 1573 3492 1634 είς
3522 1570 3707 1639 ἔφεσιν

2115 1662 2340 1734 ἀρετῆς,
2380 1662 2498 1725 πῶς
2518 1662 2665 1714 ἔστιν
2695 1661 3024 1731 ἀμφιϐαλεῖν
3051 1678 3065 1726 ;
3110 1662 3281 1728 Εἴπερ
3317 1662 3464 1716 ἐστὶν
3492 1661 3708 1732 άληθῶς

2114 1753 2399 1817 ἀσθενείας
2429 1754 2528 1824 μὲν
2552 1753 2828 1823 ἔγκλημα,
2851 1752 2910 1805 τὸ
2933 1754 3262 1808 ἀναπίπτειν
3295 1755 3377 1818 είς
3410 1753 3703 1825 ῥᾳθυμίας,

2117 1847 2212 1898 καὶ
2263 1847 2344 1907 εἰς
2391 1844 2587 1914 ἡδονὰς
2644 1844 2934 1914 κοσμικὰς,
2997 1843 3088 1897 καὶ
3133 1847 3212 1908 είς
3245 1845 3306 1898 τὸ
3350 1845 3707 1915 προσκεῖσθαι

432 1943 540 1989 tem
574 1936 780 1990 roboris
805 1937 1015 2008 insigne
1049 1938 1258 1994 facinus
1288 1940 1637 2009 perspicitur,
1671 1941 1926 1998 alacriter
1945 1945 2011 1998 ad

2120 1937 2296 2007 φιλεῖν
2330 1939 2454 2000 ταῖς
2487 1937 2593 1990 τῶν
2641 1936 2875 1990 εἰδώλων
2918 1937 3221 2008 λατρείαις.
3266 1936 3470 2006 ’ἰσχύος
3513 1937 3571 1990 δὲ
3607 1936 3708 2007 τῆς

432 2031 572 2085 bona
603 2033 876 2100 operanda
909 2034 1242 2100 incumbere,
1267 2044 1616 2105 statuereque
1640 2037 1862 2108 insuper
1878 2039 2010 2094 cha-

433 2117 594 2172 ritatc
621 2135 748 2188 erga
786 2120 956 2175 Detun
992 2123 1125 2177 nihil
1170 2138 1289 2179 esse
1342 2129 1706 2194 praestantius,
1765 2143 1828 2183 ac
1876 2131 2011 2184 citra

433 2209 662 2281 lapsum,
701 2222 754 2267 et
783 2229 907 2268 cum
944 2214 1110 2269 animi
1141 2217 1487 2273 contentione
1520 2219 1661 2272 viam
1693 2234 1758 2274 eo
1811 2222 2012 2276 ducen-

435 2313 540 2356 tem
566 2304 867 2360 ambulare.

501 2480 572 2536 Et
622 2484 827 2554 ﬂorebit
883 2488 1037 2557 quasi
1086 2489 1235 2542 vinea
1290 2477 1594 2546 memoridle
1650 2491 1782 2561 ejus,
1856 2495 2010 2564 quasi

427 2577 603 2630 vinum
633 2577 826 2632 thuris.

498 2668 777 2725 CLXVIII.
814 2671 904 2726 Ait
935 2673 1133 2730 alicubi
1167 2675 1308 2732 Deus
1330 2677 1398 2740 ad
1425 2677 1732 2734 Judazorum
1759 2691 2007 2748 n‘iatrem,

427 2758 529 2813 hoc
557 2771 660 2824 est,
696 2760 1032 2834 Synagogam
1069 2781 1084 2818 :
1130 2783 1147 2816 ι
1179 2765 1290 2835 Ego
1326 2777 1506 2823 autem
1553 2770 1785 2840 plantavi
1827 2780 1881 2827 te
1932 2774 2011 2828 vi-

429 2866 584 2906 neam
617 2854 974 2922 t'ructil'eram,
1014 2872 1230 2913 omnem
1277 2876 1460 2915 veram
1499 2863 1564 2914 ²⁸.
1605 2883 1623 2915 ι
1665 2865 1848 2920 Psallit
1876 2881 2011 2935 quo-

427 2957 532 3010 que
557 2948 623 2996 de
658 2958 718 2997 ea
756 2946 910 3000 nobis
942 2947 1155 3003 divinus
1190 2949 1358 3005 David
1393 2970 1407 3006 :
1447 2971 1466 3004 ι
1526 2952 1747 3010 Vineam
1795 2959 1860 3012 de
1904 2957 2008 3012 1E-

425 3042 591 3104 gypto
656 3036 1008 3103 transtulisti;
1082 3037 1284 3107 cjecisti
1349 3053 1568 3112 gentes,
1644 3058 1699 3103 et
1754 3052 2007 3118 plantasti

427 3139 545 3178 eam
587 3125 654 3178 ".
691 3144 709 3175 ι
746 3125 930 3195 Itaque
974 3129 1129 3182 vinea
1171 3131 1396 3200 pulchre
1451 3136 1761 3204 palmitibus
1813 3140 2005 3196 diffusa

425 3225 543 3268 erat
570 3215 756 3271 Israel.
789 3216 1078 3288 Postquam
1137 3235 1314 3277 autem
1367 3227 1553 3282 multis
1594 3231 1769 3286 modis
1812 3232 1864 3286 in
1913 3235 2004 3290 Dei

425 3307 683 3363 cﬂ‘ensam
713 3309 942 3365 incurrit
975 3331 988 3366 :
1029 3333 1048 3365 ι
1090 3314 1368 3371 Destruxit
1412 3319 1670 3376 Dominus
1713 3328 2004 3382 maceriam
2037 3294 2080 3352 ο

425 3398 566 3467 ejus,
597 3407 652 3453 et
695 3401 1235 3460 vindemiarunteam
1300 3424 1486 3467 omnes
1537 3414 1628 3480 qui
1687 3424 2010 3489 praetergre-

427 3493 649 3544 ninntur
677 3493 837 3548 viam.
867 3491 1113 3550 Vastavit
1137 3513 1255 3551 eam
1291 3515 1422 3570 aper
1453 3505 1520 3556 de
1543 3505 1698 3572 silva,
1726 3518 1781 3563 et
1825 3510 2011 3566 asinus

428 3584 658 3652 agrestis
691 3598 877 3652 pastus
912 3599 992 3643 est
1024 3605 1143 3644 eam
1193 3593 1258 3645 ³ο.
1302 3613 1320 3644 ι
1359 3595 1541 3651 Posita
1570 3609 1654 3653 est
1687 3602 1828 3655 enim
1866 3604 2011 3659 velut

425 3677 480 3730 in
511 3679 976 3735 conculcationcm
1021 3682 1064 3714 ³¹
1122 3700 1317 3741 nocere
1351 3688 1678 3758 volentibus,
1728 3696 1908 3762 porcis
1956 3705 2012 3751 et

425 3767 595 3820 asinis
623 3770 985 3838 depascenda,
1019 3773 1119 3826 hoc
1145 3785 1246 3840 est,
1281 3777 1646 3846 voluptatibus
1673 3785 1947 3840 etaversis
1979 3801 2009 3840 a

428 3861 638 3914 ratione
701 3862 957 3917 molibus.
1017 3865 1222 3920 Idcirco
1277 3873 1562 3928 emarcuit.
1624 3872 2008 3932 Verumtamen

425 3951 671 4006 reﬂoruit
701 3953 752 4006 in
781 3955 998 4010 Christo
1032 3959 1348 4015 memoriale
1390 3961 1526 4030 ejus,
1583 3981 1774 4036 nempe
1823 3966 2006 4023 Israel.

425 4042 740 4103 Memoriale
773 4047 926 4111 dicit,
958 4049 1083 4116 quia
1120 4067 1224 4106 non
1261 4069 1450 4109 omnes
1501 4057 1870 4126 crediderunt,
1915 4062 2010 4116 sed

426 4138 576 4202 quasi
612 4137 663 4190 in
695 4141 1011 4195 memoriam
1035 4142 1151 4210 ejus
1199 4155 1426 4198 servata:
1463 4160 1588 4200 sunt
1617 4149 1876 4218 reliquiae.
1902 4150 2009 4204 Fa-

427 4238 514 4278 cta
543 4237 626 4280 est
660 4239 843 4283 autem
888 4230 1169 4298 Ephraim,
1210 4235 1325 4289 sive
1374 4235 1538 4292 Israel
1587 4240 1762 4308 gratia
1817 4255 1847 4293 a
1901 4243 2009 4297 Deo

428 4318 704 4387 impertita
737 4330 795 4374 ut
841 4322 1026 4377 vinum
1078 4323 1287 4392 Libani,
1349 4327 1454 4382 hoc
1512 4338 1595 4384 est
1643 4332 1911 4387 odorifera
1957 4346 2012 4389 et

427 4410 719 4480 fragrantia
754 4415 897 4468 thuri
928 4431 1118 4486 parum
1167 4421 1493 4474 concedens.
1528 4422 1795 4478 Dicuntur
1825 4434 2008 4480 autem

428 4502 543 4557 haec
572 4504 638 4558 de
659 4506 902 4572 Christo,
936 4509 1004 4565 de
1033 4525 1142 4581 quo
1178 4512 1305 4566 item
1353 4515 1545 4569 hcatus
1576 4513 1768 4572 Sirach
1799 4537 1813 4572 :
1851 4518 2008 4591 195

433 4613 452 4644 ι
492 4594 690 4650 Vinum
727 4597 964 4655 laetificat
993 4617 1087 4657 cor
1120 4604 1357 4659 hominis
1383 4606 1504 4675 δι’,ι
1539 4610 1625 4664 cui
1654 4617 1711 4663 ut
1746 4626 1843 4665 nos
1889 4629 2007 4666 ma-

428 4702 533 4756 gna
566 4702 687 4741 cum
721 4689 1004 4747 alacritate
1027 4694 1299 4764 applicare
1331 4695 1670 4768 festinemus,
1715 4715 1876 4757 sacer
1911 4719 2009 4759 nos

427 4793 608 4834 sermo
635 4779 822 4835 incitat
849 4800 864 4849 ;
891 4785 970 4838 sic
994 4787 1139 4839 enim
1182 4787 1345 4844 habet
1379 4809 1392 4844 :
1434 4809 1452 4841 ι
1492 4791 1788 4862 Comedite,
1831 4805 1884 4850 et
1922 4796 2007 4850 bi-

2120 2029 2497 2098 πνευματικῆς
2528 2028 2782 2099 λαμπρὸν
2821 2031 3020 2082 νοεῖται
3061 2029 3414 2100 κατόρθωμα.
3448 2028 3520 2080 Τὸ
3566 2029 3705 2098 ἀγα-

2121 2118 2375 2190 θουργεῖν
2408 2117 2625 2171 ἑλέσθαι
2654 2117 2973 2188 προθύμως,
3006 2117 3257 2189 ἡγεῖσθαί
3283 2135 3342 2170 τε
3371 2116 3508 2188 πρὸς
3531 2117 3708 2190 τούτῳ

2117 2213 2217 2282 τῆς
2244 2213 2325 2275 εἰς
2365 2211 2496 2264 Θεὸν
2520 2209 2744 2281 ἀγάπης
2773 2209 2833 2264 τὸ
2855 2210 3080 2282 ἄμεινον
3101 2211 3278 2277 οὐδὲν,
3314 2212 3408 2264 καὶ
3439 2210 3710 2266 ἀδιαπτώ-

2116 2319 2226 2366 τως
2295 2302 2429 2356 ίέναι
2486 2303 2624 2374 μετά
2677 2301 2880 2375 γοργοῦ
2925 2302 3020 2356 τοῦ
3070 2304 3419 2375 φρονήματος
3469 2303 3568 2376 τὴν
3625 2307 3706 2369 εἰς

2117 2394 2276 2448 τοῦτο
2304 2395 2511 2466 τρίϐον.

2188 2487 2297 2540 Καὶ
2351 2487 2674 2553 ἐξανθήσει
2737 2490 2820 2556 ὡς
2870 2491 3140 2560 ἄμπελος
3191 2490 3258 2544 τὸ
3308 2491 3707 2561 μνημόσυνον

2116 2576 2323 2641 αὐτοῦ,
2355 2579 2435 2644 ὡς
2463 2575 2627 2644 οἶνος
2643 2579 2895 2635 λιϐάνου
2930 2580 3009 2646 τῷ
3045 2581 3318 2652 Ἐφραΐμ.

2186 2671 2358 2724 ΡΞΗ’.
2419 2673 2560 2743 Ἔφη
2606 2689 2707 2724 που
2755 2673 2886 2736 Θεὸς
2935 2673 3072 2746 πρὸς
3111 2673 3211 2745 τὴν
3263 2673 3371 2727 τῶν
3436 2672 3708 2729 Ἰουδαίων

2119 2759 2350 2831 μητέρα,
2387 2763 2654 2827 τουτέστι,
2705 2763 2805 2834 τὴν
2835 2765 3189 2836 Συναγωγήν·
3241 2784 3260 2818 ι
3305 2764 3447 2833 Ἐγὼ
3483 2765 3540 2818 δὲ
3573 2765 3706 2835 ὲφύ-

2114 2856 2282 2908 τευσά
2321 2872 2382 2908 σε
2424 2855 2669 2926 ἄμπελον
2710 2860 3083 2930 καρποφόρον,
3134 2861 3317 2912 πᾶσαν
3364 2857 3647 2931 ἀληθινήν.
3676 2878 3698 2912 ι

2114 2947 2321 3000 Ψάλλει
2362 2947 2421 3000 δέ
2455 2965 2558 3000 που
2599 2950 2728 3020 περὶ
2761 2951 2933 3021 αὐτῆς
2977 2952 3070 3004 καὶ
3101 2954 3129 3005 ὁ
3155 2951 3296 3015 θεῖος
3339 2953 3468 3022 ἡμῖν
3518 2951 3704 3006 Δαϐίδο

2121 3038 2441 3109 (Ἄμπελον
2494 3038 2555 3104 ἐξ
2601 3040 2882 3109 Αἰγύπτου
2927 3045 3192 3114 μετῇρας,
3245 3041 3502 3107 ἐξέϐαλες
3549 3043 3702 3114 ἔθνη,

2115 3132 2210 3183 καὶ
2263 3133 2677 3201 κατεφύτευσας
2719 3133 2911 3205 αὐτήν.
2979 3136 3336 3206 Ὠδοποίησας
3391 3136 3704 3208 ἔμπροσθεν

2116 3223 2307 3292 αὐτῆς.
2335 3244 2352 3276 ι
2390 3224 2600 3278 Οὐκοῦν
2639 3225 2884 3297 ἄμπελος
2917 3227 3016 3298 μὲν
3057 3229 3476 3299 εὐκληματοῦσα
3520 3231 3701 3301 ὐπῆρο

2112 3335 2207 3388 χεν
2230 3320 2258 3371 ὁ
2295 3319 2532 3389 Ἰσραήλ.
2563 3319 2781 3390 Ἐπειδὴ
2801 3320 2857 3373 δὲ
2880 3321 3293 3392 προσκέκρουκε
3322 3322 3701 3393 πολυτρόπως,

2121 3431 2138 3461 ι
2169 3412 2420 3481 Περιεῖλε
2464 3411 2670 3483 Κύριος
2714 3412 2807 3466 τὸν
2855 3414 3109 3484 φραγμὸν
3141 3416 3334 3486 αὐτῆς,
3382 3419 3477 3470 καὶ
3517 3434 3708 3488 τετρυ-

2112 3505 2348 3572 γήκασιν
2377 3503 2548 3575 αὐτὴν
2576 3505 2779 3568 πάντες
2811 3506 2860 3557 οἱ
2890 3506 3407 3576 παραπορευόμενοι
3427 3507 3526 3578 τὴν
3561 3508 3700 3563 ὀδόν.

2127 3592 2462 3664 Ἐλυμήνατο
2497 3594 2670 3665 αὐτὴν
2705 3589 2768 3660 ’ὗς
2804 3597 2870 3648 ἐκ
2922 3594 3154 3666 δρυμοῦ,
3211 3598 3308 3650 καὶ
3347 3599 3466 3661 ovo;
3510 3599 3704 3669 ἄγριος

2113 3685 2532 3756 κατενεμήσατο
2590 3686 2831 3756 αὐτήν.»
2901 3686 3150 3740 Τέθειται
3208 3687 3319 3758 γὰρ
3370 3687 3561 3760 ὥσπερ
3621 3690 3703 3752 είς

2112 3777 2496 3849 καταπάτησιν
2532 3779 2643 3841 τοῖς
2673 3777 2948 3832 ἐθέλουσιν
2976 3779 3203 3843 ἀδικεῖν,
3251 3779 3460 3856 χοίροις
3502 3797 3559 3832 τε
3604 3781 3704 3837 καὶ

2111 3869 2253 3932 ὄνοις
2275 3869 2435 3940 νομὴ,
2460 3872 2762 3935 τουτέστιν,
2794 3872 3012 3943 ἡδοναῖς
3039 3889 3100 3925 τε
3153 3873 3249 3926 καὶ
3270 3873 3535 3941 ἀλογίαις.
3560 3875 3704 3929 Tati-

2111 3975 2179 4029 τῃ
2214 3977 2296 4012 τοι
2343 3960 2712 4033 μεμάρανται.
2769 3961 2915 4030 Πλὴν
2960 3962 3221 4016 ἀνέθαλεν
3271 3963 3330 4015 ὲν
3370 3962 3589 4035 Χριστῷ
3639 3964 3704 4019 τὸ

2115 4050 2460 4119 μνημόσυνον
2491 4050 2680 4105 αὐτοῦ.
2710 4052 2878 4122 Δῆλον
2908 4052 2986 4116 δὲ,
3013 4053 3094 4106 ὅτι
3133 4052 3228 4106 τοῦ
3272 4054 3491 4125 Ἰσραήλ
3511 4073 3523 4085 ·
3563 4072 3703 4126 μνη-

2115 4141 2349 4211 μόσυνον
2369 4141 2424 4194 δέ
2453 4160 2640 4214 φησιν,
2665 4143 2746 4197 ὅτι
2775 4143 2850 4215 μὴ
2879 4144 3082 4208 πάντες
3109 4144 3560 4213 πεπιστεύκασιν,
3584 4146 3700 4200 ἀλλ’

2112 4236 2195 4297 είς
2231 4237 2451 4306 μνήμην
2474 4237 2665 4307 ὥσπερ
2695 4235 2861 4289 αὐτοῦ
2899 4237 3199 4307 τετήρηται
3232 4236 3294 4289 τὸ
3324 4237 3697 4309 κατάλειμμα.

2113 4327 2308 4396 Γέγονε
2333 4326 2390 4379 δὲ
2420 4325 2499 4397 τῷ
2533 4326 2796 4398 Ἐφραῒμ,
2835 4328 2956 4399 ἤτοι
2981 4327 3060 4398 τῷ
3104 4328 3322 4401 Ἰσραὴλ
3359 4330 3514 4402 παρά
3559 4332 3698 4386 Θεοῦ

2112 4419 2272 4490 χάρις
2300 4419 2377 4482 ώς
2410 4416 2553 4482 οῐνος
2594 4418 2837 4486 λιϐάνου,
2879 4420 3197 4484 τουτέστιν,
3248 4421 3455 4493 εὐώδης
3491 4440 3551 4476 τε
3604 4426 3700 4478 καὶ

2111 4511 2316 4582 λιϐάνῳ
2354 4512 2493 4584 πρὸς
2535 4512 2801 4583 εὐοσμίαν
2841 4512 2998 4582 ὀλίγα
3048 4514 3412 4586 παραχωρῶν.
3452 4517 3608 4570 Ἔστι
3640 4517 3698 4571 δὲ

2109 4603 2349 4668 τοιοῦτος
2382 4605 2410 4657 ὁ
2432 4603 2562 4673 περὶ
2583 4603 2822 4676 Χριστοῦ
2851 4604 3032 4674 λόγος,
3061 4607 3155 4659 καὶ
3178 4607 3307 4679 περὶ
3331 4606 3498 4661 αὐτοῦ
3531 4625 3698 4680 φησιν

2112 4698 2140 4750 ὁ
2171 4695 2442 4767 μακάριος
2465 4695 2651 4749 Δαϐίδ⁹
2679 4715 2696 4746 ι
2722 4690 2878 4760 Οἷνος
2909 4697 3191 4768 εὐφραίνει
3224 4699 3454 4770 καρδίαν
3484 4701 3696 4772 ἀνθρώ-

2108 4805 2235 4856 που,
2270 4808 2288 4840 )
2315 4781 2360 4857 ᾧ
2396 4789 2492 4842 καὶ
2523 4789 2730 4861 σφόδρα
2767 4788 3065 4860 προθύμως
3101 4791 3418 4861 ἐπείγεσθαι
3457 4795 3698 4864 προσϐα-

426 4870 554 4936 bite,
579 4882 633 4924 et
653 4871 1018 4940 inebriamini,
1052 4879 1356 4937 charissimi
1376 4882 1442 4937 ".
1472 4903 1491 4936 ι
1522 4884 1839 4941 Satietatem
1861 4887 2006 4944 enim

2114 4883 2238 4948 λεῖν,
2281 4883 2426 4954 ἱερὸς
2463 4885 2613 4954 ἡμᾶς
2659 4883 2977 4956 παραθήγει
3025 4883 3178 4954 λόγος
3203 4901 3217 4914 ·
3259 4884 3374 4956 ἔχει
3419 4886 3528 4958 γὰρ
3567 4881 3692 4955 ὦδε,

426 4963 630 5017 Sanctis
657 4964 859 5018 nullam
910 4965 1144 5024 aﬂ‘erunt
1193 4987 1314 5042 quae
1356 4989 1450 5042 per
1494 4975 1770 5031 Christum
1812 4993 2010 5048 suppe-

426 5053 691 5119 ditantur,-
722 5064 777 5109 et
806 5067 1082 5126 assumpta
1107 5060 1176 5115 ad
1209 5061 1527 5119 ebrietatem
1560 5065 1872 5136 proficiunt.

496 5232 662 5289 Vens.
697 5236 749 5290 9.
780 5236 922 5302 Quid
943 5241 1025 5295 illi
1041 5243 1212 5297 adhuc
1243 5255 1292 5300 et
1324 5247 1522 5303 idolis?

492 5327 722 5383 CLXIX.
758 5327 812 5382 Si
842 5332 985 5386 enim
1023 5343 1228 5390 tantam
1268 5341 1478 5408 copiam
1530 5343 1666 5399 adeo
1717 5347 2004 5404 venerabi-

424 5413 553 5469 lium
587 5428 644 5470 et
671 5434 1028 5491 supernorum
1074 5425 1335 5482 bonorum
1385 5433 1811 5503 participaverit,
1848 5453 1878 5491 a
1907 5454 2000 5494 vo-

424 5503 627 5561 luntate
649 5512 861 5563 errandi
890 5513 1104 5582 penitus
1147 5519 1381 5585 recedet,
1430 5538 1530 5578 nec
1577 5527 1832 5594 operibus
1879 5544 1998 5583 ma-

423 5613 587 5652 nuum
621 5617 837 5656 suarum
875 5606 1114 5663 colendis
1159 5609 1507 5668 adhaerescet.
1559 5619 1805 5681 Quonam
1855 5622 1999 5675 enim

423 5687 565 5743 bono
597 5693 826 5761 amplius
853 5709 1066 5767 carens,
1096 5700 1145 5756 id
1176 5703 1244 5757 ab
1275 5703 1398 5759 aliis
1429 5710 1670 5775 qureret?
1700 5711 1892 5768 Annon
1925 5713 1998 5768 ita

578 5805 717 5888 PsaI.
757 5824 872 5888 (ειη,
904 5812 991 5869 I7.
1095 5818 1139 5848 ’⁸
1166 5817 1274 5874 Jer.
1316 5836 1376 5888 ιι,
1413 5821 1505 5879 21,

423 5874 469 5904 ⁸³
492 5875 646 5930 Cant.
683 5893 734 5943 v,
773 5880 821 5933 I.

1583 5825 1626 5858 ’θ
1658 5825 1799 5882 I’sal.
1844 5843 2030 5899 mu,
2073 5831 2126 5886 9.
2206 5833 2250 5866 ³ο
2282 5833 2415 5890 Ibid.
2448 5832 2537 5900 ιδ,
2579 5831 2662 5887 ιι.

2113 4974 2384 5044 (Φάγετε,
2436 4975 2530 5028 καὶ
2571 4974 2748 5039 πίετε,
2807 4974 2904 5028 καὶ
2936 4975 3243 5047 μεθύσθητε
3291 4979 3338 5030 οἱ
3394 4978 3690 5050 πλησίον)

2117 5067 2463 5139 Ἀπροσκορῆ
2483 5067 2592 5138 γὰρ
2611 5067 2788 5136 άγίοις
2807 5067 2878 5121 τὰ
2896 5068 2987 5122 διὰ
3012 5068 3272 5140 Χριστοῦ,
3295 5068 3390 5122 καὶ
3411 5071 3494 5134 είς
3520 5069 3695 5140 μέθην

2111 5159 2384 5229 ληφθέντα
2405 5157 2813 5229 χρησιμώτερα.

2188 5254 2248 5306 Τί
2288 5250 2450 5316 αὐτῷ
2476 5251 2564 5305 ἔτι
2592 5249 2692 5307 καὶ
2723 5249 2991 5316 εἰδώλοις
3010 5289 3026 5312 ,

2181 5343 2345 5400 ΡΞΘ¹.
2399 5345 2462 5398 Ei
2512 5343 2622 5416 γὰρ
2662 5344 2894 5412 γένοιτο,
2917 5342 3116 5412 ξφησὶν,
3163 5341 3222 5394 ὲν
3252 5341 3561 5414 πλησμονῇ,
3601 5346 3696 5398 καὶ

2111 5438 2328 5509 μεθέξει
2356 5437 2465 5490 τῶν
2496 5437 2638 5490 οὕτω
2668 5435 2905 5499 σεπτῶν,
2931 5433 3024 5488 καὶ
3045 5431 3254 5488 ἄνωθεν
3285 5433 3527 5503 ἀγαθῶν,
3566 5437 3698 5489 ἀπο-

2109 5532 2347 5602 χωρήσει
2385 5529 2664 5593 παντελῶς
2700 5529 2794 5582 τοῦ
2831 5526 3138 5582 πλανᾶσθαι
3170 5525 3365 5593 θέλειν,
3398 5528 3490 5580 καὶ
3525 5544 3694 5600 προσ-

2108 5621 2320 5676 κεῖσθαι
2351 5625 2462 5684 τοῖς
2494 5620 2678 5693 ἔργοις
2701 5619 2808 5674 τῶν
2847 5619 2991 5673 ἰδίων
3033 5617 3251 5690 χειρῶν.
3279 5619 3437 5682 Τίνος
3465 5618 3573 5688 γὰρ
3611 5618 3692 5671 ἔτι

2107 5717 2215 5772 τῶν
2247 5717 2466 5787 ἀγαθῶν
2500 5717 2763 5788 ὑπάρχων
2805 5715 3011 5788 ἐνδεὴς,
3049 5715 3117 5770 τά
3145 5715 3276 5786 παρ’
3314 5715 3501 5786 ἐτέρου
3527 5713 3693 5785 ζητή-

2763 5830 2806 5864 ³¹
2832 5827 2937 5886 Isa.
2967 5829 3097 5898 νβ.
3178 5830 3246 5861 ³¹’
3275 5827 3443 5886 Eccli.
3470 5843 3563 5893 IL,
3594 5825 3689 5884 20.
