4110 6368
381 389 490 444 3:25

382 523 410 557 σ

379 601 411 669 ἡ
444 597 625 651 τοιάδε
662 598 923 668 ζήτησιςς
976 602 1039 653 Τί
1070 601 1179 672 γὰρ
1224 605 1256 672 ἡ
1299 602 1506 671 ἄψυχος
1546 601 1644 671 ὕλη
1694 599 1965 672 χαριεῖταί

380 707 523 742 τισιν
546 707 559 754 ;
592 684 674 752 οἷς
700 691 793 743 καὶ
810 691 1040 753 δικαίως
1069 692 1287 760 ἐλέγετο
1311 693 1465 763 παρά
1489 692 1646 758 Θεοῦ,
1686 712 1702 743 ι
1726 689 1797 744 Εὖ
1820 694 1967 762 ποιή-

381 799 530 845 σατε,
559 784 655 836 καὶ
684 783 993 847 κακώσατε,
1031 785 1126 839 καὶ
1162 785 1484 855 γνωσόμεθα
1518 787 1599 839 ὅτι
1626 786 1736 839 θεοί
1768 787 1910 838 ἐστε.
1943 805 1959 834 ι

392 873 532 925 Ἀλλ’
560 874 669 927 οὐδ’
714 874 779 928 ἂν
818 876 1127 929 κακώσειαν
1158 874 1478 946 ἀνθρώπους
1508 876 1577 930 τὰ
1627 876 1967 947 χειρόκμητα

379 983 535 1019 ποτε.
571 967 693 1029 Πῶς
724 966 855 1038 γὰρ.
885 969 918 1038 ἢ
947 967 1140 1030 πόθεν;
1172 967 1294 1021 οὔτε
1331 969 1436 1039 μὴν
1459 969 1695 1039 χρηστὸν
1721 968 1753 1038 ἢ
1784 968 1965 1037 ὀνησι-

380 1058 548 1129 φόρον
594 1075 645 1111 τι
694 1058 833 1110 δοῖεν
876 1057 942 1111 ἂν
975 1061 1181 1123 αὐτοῖς.
1245 1059 1453 1113 Οὐκοῦν
1504 1058 1827 1121 ἀκουόντων,
1873 1058 1967 1110 καὶ

385 1152 531 1220 μάλα
565 1150 791 1214 εἰκότως
811 1168 825 1181 ·
859 1171 876 1202 ι
906 1152 1051 1214 Θεοί,
1082 1152 1132 1205 οἳ
1184 1153 1276 1205 τὸν
1327 1151 1573 1222 οὐρανὸν,
1603 1151 1697 1203 καὶ
1735 1150 1832 1219 τὴν
1863 1150 1967 1219 γῆν

381 1239 479 1290 οὐκ
508 1240 792 1309 ἐποίησαν,
828 1241 1219 1294 ὰπολέσθωσαν
1249 1242 1359 1295 ἀπὸ
1395 1242 1494 1312 τῆς
1534 1242 1659 1312 γῆς,
1703 1241 1797 1293 καὶ
1837 1240 1966 1292 ὑπο-

384 1332 631 1384 κάτωθεν
669 1332 765 1384 τοῦ
813 1334 1043 1403 οὐρανοῦ
1084 1333 1295 1386 τούτου.
1325 1357 1344 1386 ι
1399 1334 1473 1386 Τὸ
1525 1333 1823 1402 πεποιηκὸς
1874 1328 1965 1385 οὖν

382 1424 512 1492 ἄρα,
548 1424 643 1475 καὶ
670 1426 874 1494 ἀραρὸς
905 1427 984 1487 εἰς
1014 1424 1291 1494 ἀγάπησιν
1320 1425 1419 1496 τὴν
1440 1426 1534 1478 ἐπὶ
1570 1424 1690 1495 Θεῷ
1723 1442 1967 1494 καταση-

384 1512 564 1583 μαίνει
592 1513 784 1580 λέγων,
813 1532 831 1565 ι
860 1514 923 1566 Τί
946 1514 1094 1586 αὐτῷ
1123 1515 1225 1581 ἔτι,
1258 1517 1349 1569 καὶ
1378 1513 1652 1578 εἰδώλοις;
1682 1533 1701 1566 ι

464 1605 605 1675 Ἐγὼ
654 1607 1033 1662 ἐταπείνωσα
1075 1608 1282 1672 αὐτὸν,
1324 1608 1424 1663 καὶ
1464 1606 1579 1678 ἐγὼ
1617 1607 1965 1675 κατισχύσω

378 1696 584 1752 αὐτόν.

451 1789 572 1843 ΡΟ’.
621 1788 780 1857 Ἐγὼ,
813 1790 966 1858 φησὶ,
1020 1790 1254 1861 δύναμαι
1289 1791 1515 1856 κακοῦν,
1555 1789 1649 1851 οὓς
1681 1790 1745 1843 ἂν
1796 1792 1960 1862 ἴδοιμι

1310 380 1863 446 COMMENTARIUS
1904 386 1969 440 IN
2011 385 2242 442 OSEAM
2283 388 2729 445 PROPIIETAM.

418 522 502 570 et;
538 504 606 558 ’Ἡ
637 507 733 559 καὶ
776 506 1031 576 ἀνόνητος
1077 508 1353 571 παντελῶς
1392 512 1498 573 τοῖς
1536 508 1965 579 πεπλανημένοις

2073 522 2314 575 quaerere
2358 508 2595 563 seductis
2642 524 2867 579 prorsus
2908 518 2991 564 est
3042 510 3263 567 inutile?
3316 511 3453 579 Quid
3498 514 3642 568 enini

3540 398 3643 454 326

2068 599 2292 652 materia
2322 616 2484 654 sensu
2518 601 2769 654 destituta
2820 602 3141 670 quibusdam
3188 604 3479 674 largietur?
3520 609 3646 675 qui-

2068 695 2165 745 bus
2198 703 2249 745 et
2273 693 2395 762 jure
2419 694 2696 748 dicebatur
2726 711 2754 747 τι
2782 695 2893 749 Deo
2925 715 2937 748 :
2976 715 2995 747 ι
3042 695 3365 763 Beuefacite,
3396 710 3451 753 et
3480 700 3645 755 malc-

2067 783 2247 847 facite,
2272 794 2327 837 et
2356 785 2589 840 sciemus
2614 787 2736 855 quia
2768 787 2839 840 dii
2861 789 2994 841 estis
3020 789 3088 842 ³³.
3129 808 3147 840 ›
3181 790 3341 857 Atqui
3370 806 3642 859 nunquam

2066 876 2267 931 facient
2294 877 2431 931 male
2461 879 2694 948 cuipiam
2724 882 2978 935 manibus
3016 880 3294 934 fabricata.
3339 880 3439 947 Qui
3498 883 3642 935 enim

2068 970 2349 1022 facerent?
2384 984 2554 1038 neque
2586 987 2712 1025 vero
2749 974 2869 1049 boni
2918 974 3213 1042 quidpiam,
3260 983 3351 1026 aut
3406 974 3539 1029 utile
3588 976 3644 1030 in

2066 1078 2392 1131 quemquam
2419 1063 2717 1118 conferent.
2749 1066 2984 1119 Audiant
3019 1067 3201 1135 igitur,
3230 1076 3285 1120 et
3305 1066 3640 1133 justissime:

2070 1157 2147 1210 Dii
2179 1157 2267 1225 qui
2305 1156 2501 1211 caelum
2528 1168 2582 1211 et
2630 1168 2827 1212 terram
2862 1174 2965 1211 non
3014 1158 3281 1223 fecerunt,
3323 1160 3643 1229 disperdan-

2068 1257 2153 1300 tur
2177 1249 2241 1303 de
2269 1258 2433 1310 terra,
2464 1258 2518 1302 et
2548 1251 2613 1303 de
2642 1249 2742 1304 sub
2769 1252 2907 1303 ccelo
2947 1251 3048 1303 isto
3093 1251 3156 1303 ³⁵.
3198 1269 3217 1301 ›
3263 1250 3413 1317 Quod
3463 1262 3642 1306 autem

2065 1341 2213 1407 fecit,
2248 1350 2300 1395 et
2335 1351 2516 1412 aptum
2539 1352 2622 1395 est
2647 1343 2792 1411 diligi
2844 1344 3021 1395 divina
3079 1344 3364 1411 charitate,
3418 1344 3642 1411 indicat,

2066 1447 2187 1485 cum
2222 1433 2295 1485 ait
2330 1449 2345 1485 :
2384 1451 2402 1483 ι
2446 1432 2581 1497 Quid
2613 1433 2708 1502 ipsi
2732 1434 2905 1486 adhuc
2934 1446 2987 1487 et
3019 1433 3206 1487 idolis?
3232 1452 3250 1485 ι

2142 1608 2249 1678 Ego
2290 1608 2564 1662 humiliari
2594 1608 2763 1672 illum,
2786 1620 2831 1661 et
2856 1625 2947 1678 ego
2982 1608 3291 1676 confortabo
3315 1624 3455 1664 eum.

2139 1786 2345 1843 CLXX.
2377 1786 2508 1859 Ego,
2540 1786 2735 1857 inquit,
2765 1786 2999 1856 allligere
3032 1802 3270 1856 possum,
3304 1803 3439 1858 quos
3462 1788 3645 1845 videro

380 1881 479 1950 τῆς
504 1882 584 1943 είς
611 1880 712 1951 ἐμὲ
745 1882 1101 1953 γνησιότητος
1138 1882 1514 1955 περιορῶντας
1544 1883 1670 1946 τοὺς
1706 1884 1958 1955 τρόπους.

2073 1882 2428 1937 sinceritatem
2464 1896 2592 1952 erga
2642 1895 2728 1935 me
2776 1881 3075 1951 despicere.
3121 1882 3427 1938 Corroboro
3465 1892 3645 1939 autem

381 1973 575 2043 Νευρῶ
595 1972 651 2025 δὲ
680 1972 744 2043 δὴ
772 1973 933 2025 πάλιν
964 1974 1091 2037 τοὺς
1116 1975 1276 2044 οἵπερ
1309 1974 1374 2027 ἂν
1414 1974 1621 2029 ἕλοιντο
1666 1975 1963 2047 κατορθοῦν

381 2061 602 2132 ἀρετὴν,
637 2062 729 2115 καὶ
764 2062 856 2115 τὸν
886 2062 1044 2132 φύσει
1074 2081 1133 2116 τε
1183 2064 1276 2117 καὶ
1321 2064 1535 2135 άληθῶς
1564 2065 1764 2119 εἰδέναι
1807 2066 1958 2120 Θεόν.

382 2151 508 2204 οὖτ’
542 2149 634 2206 οὖν
680 2155 713 2223 ὴ
749 2154 1013 2221 κάκωσις,
1046 2155 1165 2225 ἤτοι
1195 2154 1256 2208 τὸ
1290 2155 1586 2226 ἀσθενῆσαι
1612 2154 1702 2208 τὸν
1748 2155 1964 2226 Ἰσραὴλ

381 2244 439 2310 ἐξ
460 2245 682 2297 ἐκείνων
708 2241 775 2315 ἦν
797 2263 810 2274 ·
852 2244 977 2298 οὔτε
1018 2246 1124 2316 μὴν
1153 2247 1185 2317 ἠ
1221 2246 1302 2309 εῐς
1329 2263 1392 2315 γε
1417 2246 1477 2299 τὸ
1505 2246 1764 2301 δύνασθαι
1798 2265 1965 2318 μετα-

380 2336 554 2407 δρομὴ
578 2336 848 2405 δαιμόνων
874 2337 939 2389 ἂν
970 2340 1143 2391 νοοῖτο
1175 2338 1344 2405 δόσις,
1391 2339 1508 2392 ἀλλ’
1535 2340 1652 2393 ἔστι
1684 2340 1964 2395 θεόσδοτον

382 2425 604 2493 ἀγαθὸν,
631 2426 882 2499 καθάπερ
904 2428 1093 2497 ἀμέλει
1122 2430 1215 2482 καὶ
1232 2430 1293 2482 τὸ
1314 2430 1560 2486 ἀσθενεῖν
1579 2432 1688 2486 τῶν
1716 2433 1773 2498 ἐξ
1795 2434 1965 2505 ὀργῆς

383 2518 701 2587 κινημάτων
728 2518 1015 2582 ἀπότευξις
1039 2515 1128 2579 ἦν.
1161 2522 1346 2589 Σοφῶς
1374 2518 1468 2575 οὖν
1498 2524 1625 2596 ἄρα,
1676 2526 1770 2578 καὶ
1817 2527 1965 2594 φιλο-

384 2609 519 2671 θέως
563 2612 590 2662 ό
631 2610 804 2679 μέγας
843 2613 976 2680 ἡμῖν
1007 2611 1199 2681 ψάλλει
1230 2613 1395 2666 Δαϐίδ
1419 2631 1433 2645 ⁶
1474 2633 1491 2667 ι
1531 2616 1704 2686 ’ἰσχύς
1739 2635 1839 2687 μου
1876 2619 1967 2671 καί

385 2700 617 2772 ὕμνησίς
647 2720 746 2772 μου
772 2705 799 2754 ό
824 2704 1048 2775 Κύριος.
1078 2724 1096 2756 ι

468 2792 614 2862 Ἐγὼ
647 2794 725 2858 ὡς
758 2793 1046 2861 ἄρκευθος
1075 2794 1445 2861 πυκάζουσα,
1484 2798 1554 2861 ἐξ
1592 2799 1736 2868 ἐμοῦ
1765 2804 1798 2854 ό
1830 2818 1972 2869 καρ-

385 2884 500 2950 πός
528 2899 646 2938 σου
681 2886 942 2953 εὕρηται.

456 2978 626 3031 ΡΟΑ’.
660 2978 827 3031 Φυτὸν
862 2980 959 3048 μὲν
993 2981 1027 3048 ἡ
1067 2979 1357 3051 ἄρκευθος,
1390 2981 1526 3034 δασύ
1562 2999 1625 3050 γε
1665 2984 1771 3053 μὴν
1804 2983 1966 3048 οὕτω,

388 3071 480 3123 καὶ
506 3071 586 3133 είς
630 3070 808 3141 κόμην
848 3071 1187 3141 ἀμφιλαφές,
1224 3073 1300 3136 ὡς
1325 3072 1502 3128 δοκεῖν
1528 3070 1668 3127 εἷναί
1705 3093 1822 3139 πως
1858 3094 1971 3147 χει·

392 3162 664 3233 ρόκμητον
694 3163 919 3234 ὀροφὴν,
964 3161 1089 3255 οὔτε
1141 3166 1261 3225 ταῖς
1293 3164 1443 3235 ἡλίου
1491 3165 1670 3235 βολαῖς
1714 3185 1973 3239 παραχω-
1998 3199 2040 3255 C

391 3255 559 3327 ροῦσα
584 3255 682 3326 τὴν
707 3256 964 3318 διάδυσιν,
990 3254 1111 3309 οὔτε
1149 3257 1255 3327 μὴν
1275 3260 1392 3320 ταῖς
1418 3258 1587 3311 ὑετῶν
1612 3264 1967 3331 καταφοραῖς·

389 3345 494 3399 κᾶν
541 3348 589 3398 εί
649 3346 889 3417 ῥαγδαῖοι
934 3346 1035 3416 τῆς
1076 3349 1179 3417 γῆς
1224 3350 1604 3419 καταχέωνταί
1655 3369 1805 3404 ποτε.
1854 3354 1971 3405 ’Ὁτι

388 3436 568 3491 τοίνυν
593 3437 697 3489 ὑπὸ
728 3437 863 3491 Θεοῦ
888 3438 1171 3506 γεγονότες
1193 3440 1646 3496 ἀνεπιϐούλευτον
1679 3443 1858 3507 ἕξουσι
1884 3445 1973 3496 τὸν

392 3528 783 3599 ἐπισκιασμὺν,
860 3530 981 3600 ἤτοι
1046 3531 1145 3603 τὴν
1186 3532 1570 3603 ἐπικουρίαν,
1640 3536 1969 3606 ὑπεμφαίνει

389 3619 585 3689 λέγων·
647 3639 665 3672 ι
698 3621 839 3690 Ἐγὼ
883 3623 959 3686 ὡς
1005 3622 1271 3694 ἄρκευθος
1320 3625 1699 3690 πυκάζουσα.»
1750 3631 1870 3681 Ὅτι
1914 3629 1971 3682 δὲ

392 3713 545 3766 πᾶσα
572 3714 922 3785 καρποφορία
951 3714 1060 3769 τῶν
1090 3716 1199 3770 ὑπὸ
1228 3718 1345 3786 Θεῷ
1375 3718 1571 3786 γένοιτ’
1610 3719 1677 3774 ἂν
1720 3721 1818 3791 οὐχ
1865 3721 1977 3774 ἐτέ-

397 3807 663 3877 ρως,ῆὲν
690 3808 932 3879 Χριστῷ,
984 3810 1076 3862 καὶ
1119 3811 1205 3863 διὰ
1255 3811 1512 3882 Χριστοῦ,
1568 3813 1973 3883 πληροφορήσει

392 3897 569 3966 λέγων
593 3899 755 3962 αὐτὸς
776 3901 1149 3968 εὐαγγελικοῖς
1173 3901 1528 3974 θεσπίσμασι·
1578 3926 1596 3955 ι
1625 3902 1807 3975 Χωρὶς
1842 3904 1973 3975 ἐμοῦ

391 3988 456 4041 οὑ
498 3989 727 4042 δύνασθε
758 3994 932 4044 ποιεῖν
965 3993 1137 4049 οὐδέν.
1170 4012 1187 4043 ι
1236 3995 1456 4062 Λεγέτω
1500 3995 1563 4065 δὴ
1612 3992 1703 4048 οὖν
1750 3997 1974 4059 εἰκότως

393 4080 613 4150 ἑκάστῳ
634 4082 740 4133 τῶν
775 4085 1240 4145 πεπιστευκότων,
1275 4084 1434 4157 εἴπερ
1459 4104 1541 4149 τις
1585 4088 1669 4157 εἴη
1698 4087 1971 4160 λαμπρὸς.

394 4170 486 4225 καὶ
511 4172 859 4239 ἀξιάγαστος,
887 4176 982 4227 καὶ
1004 4177 1062 4228 ὲν
1091 4176 1401 4246 αὐχήμασιν
1435 4179 1656 4248 ἀρετῆς,
1688 4199 1705 4230 ι
1731 4180 1819 4243 Ἐξ
1841 4181 1974 4251 ἐμοῦ

394 4265 421 4315 ὁ
444 4264 655 4333 καρπός
681 4281 771 4316 σου
795 4264 1045 4335 εὕρηται.
1066 4285 1083 4315 ι

472 4355 565 4419 Τίς
595 4355 805 4423 σορὸς,
831 4357 929 4409 καὶ
958 4357 1209 4411 συνέσει
1236 4358 1423 4412 ταῦτα
1440 4375 1459 4423 ;
1498 4360 1535 4427 ἢ
1569 4362 1847 4426 συνετὸς,
1876 4361 1975 4415 καὶ

394 4446 783 4514 ἐπιγνώσεται
823 4449 1012 4513 αὺτά;
1040 4450 1188 4503 διότι
1227 4453 1446 4505 εὐθεῖαι
1480 4456 1538 4506 αἱ
1569 4453 1695 4507 ὁδοὶ
1730 4454 1837 4508 τοῦ
1870 4459 1977 4509 Κυ-

2061 1984 2272 2040 contra,
2307 1974 2395 2042 qui
2426 1974 2640 2028 virtutis
2664 1988 2888 2027 munere
2929 1973 3076 2044 fungi
3111 1989 3407 2043 verumque
3434 1984 3490 2029 et
3547 1990 3645 2028 na-

2065 2072 2182 2115 tura
2222 2061 2386 2115 Deum
2416 2076 2578 2116 nosse
2607 2062 2894 2117 voluerint.
2940 2061 3126 2133 Neque
3178 2064 3340 2132 igitur
3399 2064 3641 2129 afﬂictio,

2065 2169 2237 2224 neque
2266 2154 2555 2209 inlirmitas
2584 2155 2748 2208 Israel
2776 2170 2841 2209 ex
2873 2154 2979 2210 illis
3007 2155 3315 2221 veniebant,
3360 2172 3533 2225 neque
3576 2160 3643 2210 ad

2063 2247 2208 2301 vires
2238 2247 2616 2301 transmutatio
2642 2247 2944 2301 daemonum
2971 2262 3167 2301 munus
3199 2247 3418 2315 intelligi
3447 2256 3640 2317 queat;

2065 2338 2156 2391 sed
2182 2347 2267 2391 est
2296 2339 2493 2391 bonum
2524 2354 2554 2390 a
2588 2338 2693 2392 Deo
2721 2338 2903 2391 datum
2951 2340 3406 2406 quemadmodum
3435 2339 3644 2393 scilicet

2065 2440 2119 2484 et
2151 2430 2414 2484 inlirmari
2445 2445 2511 2483 ex
2544 2432 2619 2483 ira
2658 2431 2837 2484 divina
2864 2430 3323 2499 proﬁciscebatur.
3361 2432 3646 2500 Sapienter

2068 2523 2270 2588 itaque,
2305 2532 2358 2577 et
2385 2532 2444 2576 ut
2472 2523 2563 2577 Dei
2595 2537 2784 2576 amans
2808 2522 2987 2591 psallit
3016 2522 3170 2577 nobis
3200 2523 3365 2576 David
3402 2541 3415 2577 :
3450 2541 3469 2572 ι
3511 2522 3645 2576 For-

2067 2613 2263 2678 titudo,
2293 2621 2348 2666 et
2374 2613 2489 2667 laus
2517 2630 2632 2667 mea
2671 2615 2928 2667 Dominus
2954 2609 3024 2667 3‘.
3056 2632 3074 2665 ι

2140 2796 2254 2866 Ego
2313 2799 2445 2850 sicut
2498 2798 2775 2866 juniperus
2828 2799 3146 2867 cooperiens,
3205 2817 3268 2853 ea:
3321 2818 3400 2854 me
3444 2801 3645 2869 [ructus

2071 2901 2189 2942 tuus
2225 2893 2458 2944 inventus
2476 2900 2573 2942 est.

2141 2981 2369 3035 CLXXI.
2404 2980 2694 3051 Juuiperus
2727 2983 2890 3035 arbor
2923 2993 3026 3046 est,
3060 2992 3163 3036 tam
3203 2983 3364 3037 densa
3404 2995 3457 3037 et
3501 2983 3649 3038 fron—

2072 3074 2307 3139 dosa,ut
2334 3072 2669 3142 contignatio
2715 3073 2957 3139 quardam
3017 3074 3323 3128 manufacta
3379 3075 3644 3138 videatur,

2074 3178 2246 3231 neque
2270 3164 2537 3218 solaribus
2565 3165 2730 3218 radiis
2754 3165 3121 3234 penetrabilis,
3157 3179 3330 3232 neque
3382 3166 3645 3219 inebrium

2076 3256 2373 3310 deﬂuxibus
2411 3257 2614 3323 pervia,
2651 3257 2899 3324 quamvis
2950 3272 3142 3327 magno
3195 3258 3393 3325 impetu
3448 3268 3646 3311 terram

2077 3348 2437 3414 irrigaverint.
2488 3348 2595 3401 Deo
2641 3349 2800 3415 igitur
2839 3341 3111 3419 subjecms
3150 3360 3318 3403 tutam
3368 3350 3650 3403 habituros

2074 3440 2567 3505 obumbratiunem,
2601 3440 2714 3494 sive
2758 3440 3013 3493 auxilium
3055 3442 3382 3499 subindicat.
3417 3442 3599 3494 dicens
3632 3460 3646 3493 :

2081 3550 2099 3582 (
2140 3532 2252 3600 Ego
2282 3541 2338 3583 ut
2369 3531 2647 3599 juniperus
2695 3541 3007 3599 contegens.
3051 3548 3068 3580 ι
3113 3530 3429 3585 Universain
3470 3540 3647 3584 autem

2076 3626 2402 3679 fertilitatem
2435 3624 2541 3677 Deo
2573 3623 2933 3690 subjeclorutn
2973 3623 3132 3694 196
3164 3638 3270 3676 non
3305 3624 3461 3676 aliter
3488 3640 3648 3691 quam

2076 3721 2129 3774 in
2166 3718 2383 3773 Christo
2440 3726 2494 3770 et
2539 3732 2634 3784 per
2672 3714 2942 3769 Christum
2999 3725 3269 3781 constare,
3332 3716 3651 3768 testiﬁcatur

2077 3812 2211 3880 ipse,
2244 3810 2295 3864 in
2320 3809 2550 3863 oraculis
2578 3808 2906 3877 evangelicis
2945 3808 3014 3860 ita
3050 3807 3273 3875 loquens
3306 3826 3318 3861 :
3357 3827 3373 3858 ι
3408 3808 3537 3861 Sine
3567 3822 3650 3861 me

2076 3901 2209 3955 nihil
2272 3900 2495 3969 potestis
2538 3898 2721 3952 facere
2776 3899 2842 3953 ³⁸.
2884 3917 2903 3949 ι
2968 3899 3186 3951 Dicatur
3234 3897 3416 3965 itaque
3461 3897 3652 3950 merito

2076 3993 2295 4047 ouilibet
2319 3991 2652 4044 credentium
2686 4007 2699 4041 :
2731 3988 2787 4042 Si
2814 3988 2934 4057 quis
2977 3987 3224 4054 insignis,
3280 3996 3334 4039 et
3380 3987 3651 4039 admiran-

2077 4086 2195 4147 dus,
2226 4094 2279 4138 et
2312 4085 2509 4137 virtute
2541 4091 2766 4136 ornatus
2796 4081 2976 4145 fuerit,
3016 4098 3033 4130 ι
3078 4081 3150 4133 Ex
3181 4094 3265 4133 me
3301 4079 3505 4132 fructus
3528 4085 3652 4132 tuus

2080 4179 2330 4231 inventus
2352 4186 2454 4231 est.
2488 4194 2505 4225 ›

2146 4357 2311 4411 Vens.
2344 4356 2433 4408 I0.
2466 4354 2596 4419 Quis
2617 4353 2847 4420 sapiens,
2872 4364 2917 4406 et
2944 4351 3189 4419 intelliget
3214 4350 3355 4403 ista?
3381 4360 3470 4400 aut
3497 4347 3651 4400 initl-

2078 4451 2264 4518 ligens,
2296 4458 2345 4501 et
2370 4457 2636 4516 cognoscet
2670 4448 2825 4514 ipsa?
2848 4445 2970 4515 quia
2998 4453 3149 4496 recta:
3192 4443 3286 4495 vim
3321 4441 3550 4500 Domini.
3606 4451 3652 4492 et

388 4535 551 4603 ρίου,
599 4538 699 4591 καὶ
741 4539 955 4593 δίκαιοι
988 4542 1389 4609 πορεύσονται
1430 4545 1499 4597 ἐν
1526 4545 1774 4612 αὑταῖς·
1817 4548 1870 4599 οἱ
1910 4544 1971 4599 δὲ

2073 4543 2208 4612 justi
2253 4538 2592 4593 ambulabunt
2630 4539 2684 4591 in
2728 4539 2837 4601 eis;
2872 4546 2926 4589 at
2960 4535 3108 4604 impii
3148 4533 3555 4602 inﬁrmabuntur
3601 4532 3655 4584 in

395 4626 632 4693 ἀσεϐεῖς
650 4628 1108 4694 ἁσθενήσουσιν
1130 4632 1200 4685 ἐν
1225 4633 1453 4699 αὐταῖς.

466 4717 631 4771 POB’.
673 4718 777 4772 Τὸν
820 4721 1067 4773 συνιέντα
1120 4723 1276 4775 ταυτὶ
1333 4724 1493 4791 σοφόν
1558 4740 1618 4776 τε
1670 4719 1830 4787 εἶναι,
1886 4726 1981 4778 καὶ

399 4806 767 4861 συνετώτατον
823 4804 881 4862 εὖ
947 4810 1093 4880 μάλα
1146 4812 1331 4882 φησίν.
1381 4814 1666 4866 Ἐκκειται
1704 4814 1812 4884 γὰρ
1860 4814 1977 4883 οὐχὶ

396 4901 510 4962 τοῖς
569 4899 844 4954 ἐθέλουσιν
900 4902 1132 4971 ἑτοίμως
1175 4905 1315 4958 ἑλεῖν
1356 4907 1387 4975 ἡ
1434 4905 1543 4958 τῶν
1590 4905 1750 4958 θείων
1784 4906 1979 4974 λογίων

398 4990 724 5062 κατάληψις.
771 4993 910 5048 Ἀλλ’
933 4995 1042 5049 οὐδ’
1075 4996 1141 5049 ἂν
1173 4996 1391 5050 δύναιτό
1418 5014 1501 5060 τις
1529 4998 1768 5052 συνιέναι
1807 5015 1977 5069 παρα·

400 5082 581 5153 ϐολὴν,
631 5084 725 5138 καὶ
768 5087 1043 5141 σκοτεινὸν
1084 5088 1261 5156 λόγον,
1305 5090 1493 5160 ῥήσεις
1528 5107 1589 5141 τε
1627 5089 1827 5159 σοφῶν,
1882 5091 1976 5142 καὶ

399 5172 718 5242 αἰνίγματα,
740 5176 881 5229 κατὰ
906 5177 967 5230 τὸ
994 5178 1401 5249 γεγραμμένον,
1421 5180 1468 5232 εί
1497 5178 1570 5249 μὴ
1596 5178 1685 5232 διὰ
1715 5179 1812 5249 τῆς
1833 5178 1974 5231 ἄνω-

399 5262 491 5317 θεν
528 5265 832 5337 δᾳδουχίας,
875 5268 1112 5339 Χριστοῦ
1149 5262 1444 5333 καθιέντος
1471 5272 1550 5334 είς
1576 5270 1699 5323 νοῦν
1726 5273 1819 5323 καὶ
1840 5288 1974 5341 καρ-

399 5356 542 5421 δίαν,
562 5354 758 5430 οἶάπερ
775 5362 971 5414 ἀκτῖνα
988 5361 1267 5434 λαμπρὰν,
1289 5362 1387 5433 τὴν
1412 5363 1542 5434 παρ’
1564 5361 1756 5415 ἑαυτοῦ
1793 5364 1969 5432 χάριν.

401 5450 653 5504 Διδάσκει
694 5452 772 5516 δὲ,
816 5455 905 5506 ὅτι
943 5455 1005 5506 τὸ
1051 5455 1149 5525 μὲν
1190 5455 1447 5508 δύνασθαι
1476 5456 1709 5509 διάττειν
1742 5456 1840 5525 τὴν
1886 5456 1972 5506 ἐπ’

402 5542 553 5606 εὐθὺ,
581 5546 675 5597 καὶ
707 5545 1037 5601 ἀνδάνουσαν
1068 5547 1146 5618 τῷ
1194 5547 1315 5619 Θεῷ
1344 5549 1549 5619 τρίϐον,
1598 5548 1974 5617 ἀταλαίπωρον

405 5635 599 5706 κομιδῇ
638 5636 739 5707 τῆς
784 5640 1143 5711 κοσμιότητος
1180 5642 1456 5711 ἐρασταῖς.
1508 5641 1622 5693 Οὐκ
1673 5639 1881 5709 ἄτραχυ
1919 5639 1974 5691 δὲ

477 5813 522 5845 ⁸³
554 5815 655 5869 Isa.
681 5831 792 5883 xu,
819 5815 910 5871 25.
988 5818 1033 5850 ³⁸
1060 5816 1172 5875 Jer.
1210 5834 1264 5885 Χ,
1310 5818 1396 5873 II.
1476 5818 1520 5850 ³⁸
1546 5816 1685 5873 Psal.
1727 5832 1893 5881 cxvn,
1926 5818 2010 5870 14.

2078 4649 2176 4686 €18.

2150 4721 2402 4778 CLXXII.
2434 4720 2534 4786 Qui
2575 4720 2691 4774 haec
2747 4717 3099 4780 intellexerit,
3150 4715 3444 4784 sapientem
3494 4722 3656 4781 atque

2079 4814 2626 4885 intelligentissitttum
2654 4826 2776 4867 esse
2808 4811 3092 4866 verissime
3125 4809 3399 4878 praedicat.
3430 4808 3639 4861 Divino-

2078 4926 2195 4963 rum
2228 4908 2423 4977 quippe
2451 4904 2794 4960 oraculorum
2833 4901 3246 4971 comprehensio
3279 4915 3384 4954 non
3438 4910 3518 4953 est
3561 4914 3657 4950 ex-

2077 5000 2245 5068 posita
2278 4996 2557 5067 quibusvis
2588 5009 2783 5062 capere
2809 4991 2988 5046 statim
3012 4989 3332 5044 volentibus.
3357 4987 3459 5042 Sed
3484 5000 3657 5053 neque

2077 5090 2246 5161 possit
2279 5090 2400 5160 quis
2431 5086 2731 5157 intelligere
2760 5082 3090 5154 parabolam,
3139 5090 3194 5134 et
3234 5093 3536 5133 sermonem
3574 5086 3654 5128 te-

2078 5182 2444 5243 nebricosum,
2474 5179 2722 5246 dictaque
2749 5176 3076 5245 sapientum,
3111 5181 3163 5226 et
3195 5170 3475 5239 mnigmata
3506 5168 3571 5231 ³⁷,
3600 5178 3656 5221 ιιι

2079 5275 2338 5343 scriptum
2369 5281 2472 5337 est,
2511 5269 2612 5323 nisi
2648 5269 2879 5335 desuper
2902 5264 3102 5318 lumine
3147 5260 3365 5330 prmlato
3408 5258 3657 5311 Cltrisms

2083 5368 2136 5421 in
2172 5366 2409 5418 animum
2444 5369 2499 5416 et
2535 5375 2652 5426 cor,
2703 5359 2877 5414 instar
2928 5352 3192 5424 splendidi
3243 5351 3397 5414 radii,
3425 5350 3653 5418 gratiam

2084 5472 2234 5512 suam
2294 5454 2590 5509 demiserit.
2637 5451 2803 5505 Docet
2850 5460 3013 5518 porro
3065 5442 3338 5499 modestia:
3389 5453 3659 5494 amatores

2086 5558 2287 5603 rectam
2324 5545 2540 5612 Deoque
2563 5542 2864 5613 placentem
2890 5536 3138 5592 semitam
3168 5533 3303 5587 citra
3338 5530 3499 5584 ullam
3539 5543 3657 5582 mo-

2088 5641 2297 5695 lestiam
2338 5652 2402 5691 ac
2425 5636 2659 5690 laborem
2694 5644 2852 5701 posse
2893 5641 3147 5691 currere;
3182 5624 3337 5679 aliter
3372 5621 3550 5676 animo
3579 5620 3661 5673 af-

2088 5816 2131 5846 ³⁶
2166 5814 2323 5869 Joan.
2368 5828 2456 5879 xv,
2490 5810 2540 5864 5.
2620 5809 2660 5841 ³⁷
2698 5807 2856 5865 Prov.
2896 5822 2936 5872 ι,
2964 5804 3016 5860 6.
