4110 6368
491 400 602 457 ’527

1493 391 1550 446 S.
1593 388 1864 446 CYRILLI
1905 387 2378 443 ALEXANDRINI
2417 387 2734 444 ABClllEP.

3651 396 3757 452 528

490 517 650 574 fectis
674 530 789 570 rem
819 526 940 569 esse
971 523 1239 582 asperam.
1272 507 1406 564 Nam
1441 507 1546 563 illis
1593 507 1658 562 ad
1703 508 1930 577 quodvis
1981 507 2062 562 bo.

2175 505 2233 558 τὸ
2258 508 2446 577 χρῆμά
2476 508 2592 560 ἐστι
2617 512 2730 571 τοῖς
2754 509 2852 579 οὐχ
2874 501 2976 562 ὧδε
2999 508 3179 580 ἔχουσι
3203 509 3447 582 γνώμης.
3483 512 3621 577 Τοὺς
3659 513 3758 584 μὲν

492 626 622 665 unm
653 607 844 678 cupida
876 621 938 659 ac
965 613 1210 675 prompta
1238 617 1392 658 mens
1418 601 1558 656 vires
1577 600 1862 665 suﬂicit,ut
1883 616 2072 670 quam-

489 704 573 758 vis
604 699 946 769 rapidissimo
989 712 1148 751 cursu
1185 697 1250 749 ad
1306 695 1694 750 conliciendatn
1732 693 1833 747 sibi
1879 694 2071 747 bonam

491 792 690 846 famam
728 790 1008 852 ferantur,
1043 789 1140 841 bos
1167 797 1345 841 autem
1378 785 1663 856 propensio
1703 796 1754 839 et
1791 785 2072 838 inclinatio

491 885 556 937 ad
581 883 874 952 nequitiam
904 891 959 936 et
985 891 1289 948 peccatum,
1326 879 1538 933 timidos
1589 888 1644 932 et
1671 877 1916 931 imbelles
1945 876 2069 930 red—

492 975 592 1038 dit,
623 989 723 1027 nec
752 973 1012 1026 habentes
1039 988 1065 1024 a
1103 972 1210 1025 Deo
1251 969 1392 1025 unde
1443 970 1662 1024 virtutis
1695 968 1867 1024 cilicia
1915 983 2074 1022 exse-

491 1076 749 1134 quantur,
783 1065 1040 1134 quoniam
1068 1064 1238 1132 ipsam
1269 1079 1294 1116 a
1315 1063 1576 1131 principio
1623 1059 2068 1130 posthabucruut.

491 1160 880 1225 Quamobrem,
914 1159 959 1211 si
991 1157 1219 1211 solertes
1252 1171 1440 1210 sumus
1477 1165 1531 1208 et
1575 1155 1832 1222 sapimus,
1877 1168 1906 1205 a
1963 1152 2074 1206 Deo

493 1261 759 1318 petamus,
788 1260 843 1303 ut
873 1264 990 1318 qure
1012 1250 1166 1302 decet
1193 1262 1353 1317 agere
1403 1247 1690 1316 possimus.
1735 1244 1919 1299 Faciet
1961 1243 2071 1298 vcti

491 1350 774 1410 compotes
802 1355 899 1410 pro
929 1351 1100 1403 certo,
1136 1355 1256 1392 cum
1291 1339 1360 1393 sit
1397 1339 1684 1408 benignus,
1715 1344 1766 1388 et
1808 1333 2073 1404 spirituali

497 1435 688 1486 robore
715 1447 809 1500 per
833 1431 1109 1486 Christum
1174 1445 1272 1486 nos
1324 1429 1585 1499 implebit.
1641 1427 1745 1481 Per
1793 1442 1952 1496 quem
2009 1435 2066 1480 et

492 1540 615 1577 rum
650 1539 757 1592 quo
789 1525 896 1578 Deo
943 1533 999 1578 et
1029 1523 1174 1576 Patri
1211 1523 1404 1592 gloria,
1439 1537 1560 1576 cum
1615 1528 1803 1575 sancto
1837 1519 2066 1588 Spiritu,

493 1618 545 1670 in
577 1629 791 1670 omnem
824 1615 1206 1670 aeternitatem.
1239 1613 1433 1669 Amen.

507 1829 2432 1857 Μ

2175 601 2284 670 γάρ
2322 603 2354 671 ἡ
2406 603 2484 664 εἰς
2532 604 2642 656 πᾶν
2675 602 2853 656 ὁτιοῦν
2891 603 3001 656 τῶν
3029 603 3250 673 ἀγαθῶν
3292 604 3478 674 ἔφεσίς
3529 623 3590 658 τε
3664 608 3757 660 καὶ

2175 693 2454 762 προθυμία
2511 693 2804 764 διανευροῐ,
2850 695 2944 746 καὶ
3002 693 3218 765 ἀσχέτῳ
3270 695 3528 766 φέρεσθαι
3578 695 3756 749 πείθει

2173 787 2358 858 δρόμῳ
2386 788 2522 858 πρὸς
2543 789 2604 840 τὸ
2639 787 2812 842 θέλειν
2842 789 3167 858 εὐδοκιμεῖν.
3207 789 3345 851 Τοὺς
3373 788 3431 840 δὲ
3463 787 3622 859 ῥοπὴ,
3662 790 3756 841 καὶ

2172 881 2444 942 διάνευσις
2482 882 2514 951 ἡ
2556 883 2634 943 εἰς
2658 879 2970 951 φαυλότητα
3001 898 3061 933 τε
3103 879 3198 933 καὶ
3226 881 3524 950 ἁμαρτίαν,
3550 881 3756 943 δειλοὺς

2172 974 2269 1024 καὶ
2310 972 2608 1042 ἀνάνδρους
2641 973 2972 1042 ἀποτήνειεν
3007 973 3096 1038 ἂν,
3120 973 3213 1025 καὶ
3239 974 3338 1025 οὐκ
3367 973 3589 1043 ἔχοντας
3607 972 3754 1043 παρά

2179 1063 2314 1115 Θεοῦ
2347 1063 2408 1116 τὸ
2429 1063 2729 1132 κατορθοῦν
2757 1063 3018 1116 δύνασθαι
3061 1063 3158 1135 τὴν
3206 1064 3425 1135 ἀρετὴν.
3461 1065 3542 1117 ὅτι
3581 1063 3654 1134 μὴ
3695 1067 3752 1116 ὲν

2179 1155 2374 1223 ἀρχαῖς
2410 1158 2788 1223 τετιμήκασιν.
2833 1154 3064 1216 Οὐκοῦν,
3110 1154 3266 1225 εἴπερ
3318 1154 3484 1223 ἐσμὲν
3512 1153 3753 1222 ἀγχίνοοι

2181 1247 2275 1298 καὶ
2302 1246 2476 1316 σοφοὶ,
2511 1246 2662 1315 παρά
2703 1245 2836 1298 Θεοῦ
2866 1245 2926 1297 τὸ
2947 1245 3208 1298 δύνασθαι
3239 1245 3370 1316 δρᾷν
3405 1245 3441 1299 ἃ
3474 1245 3752 1314 προσῆκεν

2174 1339 2507 1408 αἰτήσωμεν.
2544 1339 2830 1407 Χαριεῖται
2871 1337 2926 1390 δὲ
2944 1337 3182 1399 πάντως,
3234 1336 3612 1406 φιλάνθρωπος
3650 1336 3746 1400 ὢν,

2174 1429 2268 1481 καὶ
2297 1432 2676 1500 πνευματικῆς
2715 1428 2896 1499 ἰσχύος
2923 1429 3186 1499 ἐκπλήσει
3231 1429 3320 1482 διὰ
3353 1428 3612 1500 Χριστοῦ.
3671 1430 3748 1481 Δι’

2171 1514 2232 1573 οὗ
2281 1521 2374 1574 καὶ
2416 1521 2533 1591 μεθ’
2557 1516 2617 1574 οὗ
2657 1521 2735 1590 τῷ
2763 1520 2881 1591 Θεῷ
2919 1521 3013 1574 καὶ
3041 1521 3216 1592 Πατρὶ
3241 1523 3272 1591 ἡ
3295 1521 3440 1587 δόξα,
3478 1521 3576 1573 σὺν
3611 1521 3750 1591 ἁγίῳ

2173 1611 2471 1683 Πνεύματι,
2505 1613 2584 1675 εἰς
2616 1613 2741 1676 τοὺς
2770 1613 2971 1676 αἰῶνας
2997 1613 3106 1666 τῶν
3125 1611 3358 1666 αἰώνων.
3400 1612 3589 1682 Ἀμήν.

2475 1823 3730 1854 .........-.....-....-.......,,.-..;,

1216 2009 1444 2096 ΤΟΥ
1525 2011 1670 2096 ΕΝ
1744 2010 2111 2095 ΑΓΙΟΙΣ
2185 2009 2620 2096 ΠΑΤΡΟΣ
2699 2009 3026 2097 ΗΜΩΝ

1444 2215 2801 2390 ΚΥΡΙΛΛΟΥ

811 2548 2105 2665 ΑΡΧΙΕΠΙΣΚΟΠΟΥ
2229 2537 3430 2695 ΑΛΕΞΑΝΔΡΕΙΑΣ,

1621 2785 1993 2840 ΕΞΗΓΗΣΙΣ
2038 2785 2629 2840 ΥΠΟΜΝΗΜΑΤΙΚΙΙ

994 2983 1257 3109 ΕΙΣ
1341 2978 1688 3112 ΤΟΝ
1767 2977 2716 3110 ΠΡΟΦΗΤΗΝ
2789 2977 3246 3111 ΙΩΗΛ.

1196 3433 1367 3610 S.
1505 3439 1702 3608 P.
1825 3437 2023 3609 N.
2163 3436 3043 3614 CYRILLI

1589 3755 2058 3812 ALEXANDRUE
2113 3757 2670 3828 ARCHIEPISCOPI,

832 3953 953 4040 IN
1031 3950 1502 4042 JOELEM
1581 3951 2310 4042 PROPHETAM
2392 3954 3416 4086 COMMENTARIUS,

1715 4171 2116 4222 CONTINENS
2171 4171 2396 4222 TOMOS
2431 4171 2510 4221 ΙΙ.

901 4485 1630 4577 ΡΒΟίΕΜΙυΜ.

559 4635 715 4706 197
765 4631 806 4688 Ι.
841 4633 1096 4688 Divinum
1133 4633 1344 4691 Joelcm
1372 4635 1558 4690 eadem
1612 4644 1932 4704 tempestate
1965 4654 2063 4692 va-

479 4727 769 4781 ticinatum
800 4733 1050 4796 apparet,
1085 4741 1190 4794 qua
1216 4727 1402 4781 επιετὶ
1435 4737 1561 4781 ante
1591 4727 1762 4797 ipsum
1791 4729 2059 4792 collocati,

478 4816 677 4880 Oseas,
709 4815 948 4883 inquam,
973 4825 1028 4868 et
1057 4819 1224 4870 Amos
1258 4815 1609 4884 prophetasse
1657 4817 1881 4888 intelligi
1940 4834 2062 4888 pos-

483 4914 629 4960 sunt.
667 4904 875 4960 llebraei
903 4921 1135 4974 namque
1158 4920 1262 4960 non
1294 4914 1414 4974 post
1457 4905 1760 4972 Michaeam,
1809 4909 1900 4963 sed
1944 4919 2065 4978 post

477 4997 602 5051 illos
632 5011 662 5050 a
688 5009 775 5050 me
807 4995 1112 5051 nominatos
1165 4999 1472 5066 ponendum
1524 4997 1878 5053 arbitrantur.
1911 4999 2055 5055 Con-

474 5088 748 5158 queritur,
776 5096 834 5140 ttt
871 5102 986 5140 mea
1015 5096 1098 5141 est
1121 5091 1326 5158 opinio,
1365 5105 1526 5158 super
1551 5089 1825 5155 lsraelitis,
1859 5105 2056 5160 eosque

473 5178 799 5248 gravissime
832 5177 1153 5243 insectatur,
1189 5178 1446 5247 quoniam
1495 5192 1560 5232 eo
1609 5178 1822 5232 demum
1867 5193 2069 5248 super-7

474 5272 580 5325 bia:
614 5285 679 5325 ac
728 5271 964 5339 stuporis
1028 5271 1294 5335 venerint,
1345 5281 1400 5325 et
1450 5271 1522 5324 ita
1578 5285 1792 5324 omnem
1841 5269 2050 5322 dolendi

474 5377 694 5414 sensum
723 5362 1029 5428 amiserint,
1057 5372 1115 5415 ut
1145 5361 1290 5415 nullo
1320 5362 1478 5431 plane
1515 5361 1776 5431 supplicio
1806 5376 1834 5413 a
1863 5375 2053 5430 pecca-

478 5453 550 5506 tis
582 5451 966 5519 reprimantur,
1005 5467 1105 5508 nec
1149 5453 1284 5508 adeo
1324 5453 1553 5518 crebris,
1595 5464 1648 5508 et
1696 5462 1902 5507 tantum
1946 5469 2050 5507 non

479 5543 745 5596 acervatis
775 5543 1174 5599 calamitatibus
1203 5551 1610 5615 expugnentur,
1649 5549 1863 5614 quando
1911 5557 2050 5600 tem-

478 5648 578 5703 pus
602 5633 777 5688 adhuc
805 5635 1008 5690 nullum
1038 5637 1310 5703 inciderit,
1358 5653 1467 5707 quo
1513 5637 1596 5693 vel
1646 5639 1976 5708 aliquantum
2024 5657 2050 5692 a

481 5724 716 5780 miseriis
742 5725 1085 5794 requiescere
1111 5729 1343 5785 licuerit.
1378 5729 1605 5785 Constat
1649 5745 1810 5800 porro
1859 5730 2050 5783 Isaiam

478 5831 697 5888 quoque
724 5816 779 5872 in
833 5818 1078 5874 eamdem
1130 5821 1456 5878 sententiam
1493 5826 1752 5882 locutum.
1799 5843 1818 5876 ι
1883 5825 2051 5879 iratus

2539 4536 2546 4542 -
2626 4481 3286 4570 ΠΡΟΟΙΜΙΟΝ.

2241 4637 2577 4709 Προφητεύει
2610 4638 2706 4710 μὲν
2746 4640 2775 4691 ὁ
2801 4638 3082 4703 θεσπέσιος
3127 4639 3278 4710 Ἰωὴλ
3307 4641 3364 4692 ἐν
3406 4641 3629 4712 χρόνοις,
3661 4641 3736 4707 ὡς

2170 4729 2334 4795 ἔοικε,
2372 4730 2493 4783 καθ’
2531 4730 2623 4794 οὓς
2663 4731 2729 4784 ἂν
2759 4733 2960 4784 νοοίντο
2998 4731 3092 4784 καὶ
3126 4733 3176 4783 οἱ
3206 4732 3311 4802 πρὸ
3354 4733 3516 4785 αὑτοῦ
3547 4753 3736 4802 τεταγ-

2170 4822 2341 4893 μένοι,
2362 4822 2451 4874 τὸν
2481 4823 2636 4892 Ὠσηὲ
2661 4823 2717 4876 δέ
2747 4840 2908 4893 φημι,
2932 4822 3024 4874 καὶ
3050 4824 3230 4892 μέντοι
3277 4825 3370 4876 καὶ
3398 4825 3490 4878 τὸν
3531 4825 3730 4897 Ἀμώς.

2165 4917 2322 4966 Δοκεῖ
2370 4915 2477 4984 γὰρ
2517 4916 2785 4986 Ἑϐραίοις
2816 4917 2876 4968 οὐ
2928 4917 3067 4986 μετά
3103 4933 3166 4984 γε
3205 4916 3296 4969 τὸν
3331 4918 3588 4987 Μιχαίαν,
3619 4918 3734 4973 ἀλλ’

2163 5007 2392 5070 ἐκείνοις
2413 5007 2572 5060 αὑτὸν
2602 5009 2956 5079 συντετάχθαι
2985 5009 3110 5063 δεῖν.
3146 5011 3519 5081 Καταγορεύει
3550 5011 3626 5076 δὲ,
3657 5011 3733 5076 ὥς

2161 5098 2224 5164 γέ
2257 5115 2348 5168 μοι
2386 5098 2656 5166 φαίνεται,
2685 5101 2792 5153 τῶν
2821 5100 2880 5165 ἐξ
2924 5101 3162 5172 Ἰσραὴλ,
3195 5103 3288 5154 καὶ
3319 5102 3575 5174 πλείστην
3599 5105 3731 5174 ὅσην

2159 5189 2337 5242 αὐτῶν
2359 5194 2589 5243 ποιεῖται
2618 5192 2909 5264 καταϐοὴν,
2932 5193 3006 5256 ὡς
3035 5197 3114 5257 εἰς
3134 5195 3289 5247 τοῦτο
3311 5194 3495 5246 λοιπὸν
3520 5196 3734 5264 ἀγερω-

2157 5282 2280 5350 χίας
2303 5283 2540 5352 ἰγμένων
2565 5284 2901 5354 ἀποπληξίας
2944 5304 3003 5338 τε
3031 5287 3127 5340 καὶ
3150 5287 3500 5357 ἀναλγησίας,
3526 5287 3600 5350 ὡς
3625 5287 3732 5340 ὑπὸ

2162 5373 2389 5442 μηδενὸς
2416 5377 2740 5445 τοπαράπαν
2769 5378 3172 5432 ἀνακόπτεσθαι
3211 5379 3319 5431 τῶν
3347 5379 3554 5441 κακῶν,
3591 5382 3728 5450 μήτε

2163 5465 2262 5535 μὲν
2288 5469 2408 5529 ταῖς
2459 5466 2602 5520 οὕτω
2631 5469 2858 5538 συχνῶς,
2891 5473 3169 5542 μονονουχὶ
3218 5472 3274 5525 δὲ
3324 5473 3416 5524 καὶ
3451 5473 3730 5542 στοιχηδὸν

2159 5559 2610 5628 ἐπενηνεγμένοις
2652 5561 2915 5627 ἡττᾶσθαι
2952 5567 3276 5634 συμφοραῖς,
3310 5564 3486 5617 καίτοι
3533 5563 3728 5633 χρόνου

2163 5645 2386 5714 μηδενὸς
2432 5650 2930 5718 παρεισδεδυκότος,
2973 5655 3095 5706 καθ’
3133 5654 3191 5707 ὃν
3243 5655 3592 5724 ἀναφαίνοιτό
3645 5673 3729 5718 τις

2151 5738 2476 5803 ἀνάπνευσις
2523 5739 2615 5793 τοῦ
2662 5741 2856 5807 κακοῦ,
2887 5745 2990 5797 κᾶν
3033 5745 3162 5812 γοῦν
3208 5746 3454 5817 βραχεῖα,
3500 5764 3728 5817 γεγενη-

2156 5827 2309 5897 μένη.
2355 5829 2670 5902 [εὑρήσομεν
2707 5833 2761 5886 δὲ
2809 5835 2903 5888 καὶ
2947 5835 3174 5889 Ἡσαΐαν
3201 5837 3287 5890 διὰ
3330 5838 3439 5890 τῶν
3479 5840 3608 5892 ἴσων
3637 5836 3726 5894 15-
