4110 6368
369 335 475 391 529

1270 343 1819 400 COMMENTARIUS
1851 345 1915 400 IN
1956 347 2222 406 JOELEM
2261 350 2707 410 PROPHETAM.

3509 358 3613 413 350

368 468 483 521 γων
515 452 985 524 ἐρχόμενον.Ἔφη
1006 454 1115 526 γάρ
1134 473 1146 485 ·
1176 474 1195 507 ι
1229 458 1338 511 Καὶ
1369 458 1626 531 ἐθυμώθη
1655 460 1792 532 ὀργῇ
1824 462 1940 514 Κύ-

2041 474 2142 531 est,
2173 466 2368 535 inquit,
2398 466 2547 522 furor
2577 465 2788 522 Domini
2817 465 3055 522 Sabamh
3078 465 3131 521 in
3153 466 3404 537 papulum
3433 483 3611 537 suum,

372 562 487 617 ριος
518 545 746 599 Σαϐαὼθ
796 546 888 598 ἐπὶ
921 546 1013 599 τὸν
1037 546 1165 600 λαὸν
1215 549 1402 613 αὐτοῦ,
1444 550 1539 604 καὶ
1576 551 1807 605 ἐπέϐαλε
1843 553 1943 623 τὴν

369 637 525 710 χεῖρα
571 634 737 695 αὑτοῦ
770 636 855 688 ἐπ’
898 636 1111 699 αὐτούς.
1156 655 1176 687 ι
1216 638 1326 691 Καὶ
1370 641 1485 708 μετ’
1531 640 1747 709 ὀλίγον·
1785 660 1804 693 ς
1856 642 1943 697 Ἐν

369 728 505 781 πᾶσι
537 725 746 789 τούτοις
772 728 871 779 οὐκ
901 729 1223 800 ἀπεστράφη
1255 731 1283 782 6
1307 729 1476 801 θυμὸς
1504 732 1691 797 αὑτοῦ,
1722 733 1837 787 ἀλλ’
1862 735 1943 790 ἔτι

366 820 401 889 ή
434 818 555 889 χεὶρ
594 818 759 872 αὐτοῦ
792 818 992 889 ὑψηλή.
1031 838 1050 872 ι
1082 820 1297 891 Συνίης,
1336 822 1485 886 ὅπως
1525 824 1684 878 τοῦτο
1723 828 1944 881 κάκεῖνο

369 909 693 974 πεπόνθασι,
743 911 835 963 καὶ
872 912 904 980 ἡ
939 910 1035 964 τοῦ
1081 911 1332 977 παίοντος
1363 915 1483 986 χεὶρ
1524 916 1943 990 ἀπομεμένηκεν

369 998 572 1071 ὑψηλὴ,
606 1000 682 1064 ὡς
708 1001 831 1054 ὅσον
855 1000 1008 1055 οῦπω
1033 1004 1126 1056 καὶ
1151 1005 1342 1075 ἐτέρας
1368 1008 1552 1070 αὐτοῖς
1572 1008 1944 1064 ἐπαπειλοῦσαι

371 1091 606 1162 πληγάς.
640 1092 849 1162 Ὀνπερ
885 1094 994 1165 γὰρ
1036 1094 1235 1163 τρόπον
1258 1098 1327 1150 τὰ
1351 1097 1461 1151 τῶν
1501 1098 1688 1153 παθῶν
1717 1101 1944 1155 δυσίατα

369 1184 433 1236 οὐ
473 1186 598 1254 μιᾶς
644 1182 756 1236 ἔσθ’
795 1184 884 1249 ἅτε
912 1184 1080 1238 δεῖται
1124 1186 1320 1258 τομῆς,
1357 1189 1471 1242 ἀλλ’
1515 1190 1596 1243 ἔτι
1644 1191 1941 1248 πλειόνωνο

370 1274 512 1327 οὕτω
552 1277 647 1328 καὶ
682 1277 711 1327 6
740 1275 1074 1347 ἀνθρώπινος
1114 1276 1239 1340 νοῦς
1270 1280 1349 1342 εἰς
1381 1279 1494 1345 ἐξιν
1523 1283 1675 1352 ἥκων
1710 1284 1947 1354 ἀναλγη-

374 1364 516 1428 σίας,
551 1365 883 1436 συχνοτέρας
901 1367 1070 1420 δεῖται
1107 1369 1341 1440 πληγῆς,
1374 1360 1810 1446 ἀνακομιζούσης
1845 1378 1942 1448 μό-

374 1459 456 1521 λις
487 1458 566 1521 εἷς
594 1475 659 1526 γε
686 1458 945 1513 δύνασθαι
985 1460 1170 1514 λοιπὸν
1202 1463 1503 1533 ἀναμαθεῖν
1545 1468 1860 1537 ἐπείγεσθαι
1884 1473 1946 1525 τὸ

373 1548 559 1602 τελοῦν
580 1550 659 1611 εἰς
684 1548 890 1619 ὄνησιν.
936 1550 1121 1603 Ἔοικε
1140 1550 1319 1606 τοίνυν
1353 1554 1527 1624 Ἰωήλ,
1565 1557 1639 1620 ὡς
1667 1558 1761 1610 ἐπὶ
1795 1559 1946 1613 πλεί-

375 1656 529 1704 σταις
566 1639 669 1710 ήδη
727 1641 963 1710 πληγαῖς
997 1641 1354 1713 ἀνουθετήτου
1416 1650 1787 1719 μεμενηκότος
1849 1650 1944 1705 τοῦ

384 1731 621 1802 Ἰσραὴλ,
672 1732 941 1785 ποιεῖσθαι
985 1732 1166 1803 σοφῶς
1198 1733 1299 1805 τὴν
1343 1736 1653 1810 ἐπίπληξιν.
1695 1741 1945 1813 Συμϐου-

374 1820 521 1874 λεύει
536 1839 596 1875 τε
618 1821 755 1893 ἅμα,
778 1822 849 1876 τὰ
862 1823 1056 1894 αἰσχίω
1080 1824 1364 1895 μεθέντας,
1387 1833 1714 1903 μεταφοιτᾷν
1729 1833 1943 1889 ἑλέσθαι

372 1915 512 1984 πρὸς
546 1916 606 1968 τὸ
645 1916 839 1986 ὴδύνον
884 1916 1037 1973 Θεόν.
1085 1919 1429 1989 Προσεπάγει
1473 1939 1539 1991 γε
1571 1924 1678 1995 μὴν
1714 1928 1943 1981 καὶτῶν

366 2006 451 2081 ὅτι
484 2006 718 2077 μάλιστα
763 2008 1034 2077 φιλτάτων
1082 2010 1265 2074 αὐτοῖς
1302 2012 1399 2083 τὴν
1440 2014 1753 2086 ὑπόσχεσιν,
1787 2019 1943 2092 εἴπερ

369 2098 574 2151 ἕλοιντο
609 2102 912 2169 μετανοεῖν.
945 2100 1053 2153 Καὶ
1076 2102 1159 2154 ὅτι
1204 2103 1445 2174 χρηστῷ,
1475 2106 1568 2158 καὶ
1598 2110 1942 2181 ήμερωτάτῳ

370 2190 781 2261 περιτεύξονται
797 2191 874 2262 τῷ
895 2193 1165 2265 Δεσπότῃ,
1189 2195 1371 2249 δίδωσι
1395 2197 1637 2269 θαρρεῖν.
1653 2196 1820 2266 Οὗτος
1845 2204 1943 2274 μὲν

364 2277 462 2333 οὖν
496 2282 614 2344 ὅλος
647 2283 748 2352 τῆς
786 2284 1121 2354 προφητείας
1163 2285 1193 2337 6
1230 2287 1450 2351 σκοπός.
1483 2290 1729 2344 ’Έκαστα
1755 2292 1812 2345 δὲ
1835 2293 1943 2347 τῶν

369 2372 455 2440 ἐφ’
485 2373 612 2444 ἑξῆς
650 2374 754 2427 ἅνά
787 2375 951 2446 μέρος
990 2376 1242 2447 ἐροῦμεν,
1273 2381 1393 2441 ταῖς
1431 2380 1538 2433 τῶν
1570 2384 1943 2439 προκειμένων

369 2464 623 2535 θεωρίαις
648 2466 924 2536 ἑπόμενοι.

696 2591 1079 2679 ΤΟΜΟΣ
1145 2593 1612 2681 ΠΡΩΤΟΣ.

958 2749 1210 2807 ΚΕΦΑΛ,
1252 2751 1330 2804 Α’.

434 2859 627 2927 Λόγος
673 2860 916 2927 Κυρίου,
957 2859 1027 2926 ὃς
1084 2861 1337 2931 ἐγενήθη
1392 2862 1543 2931 πρὸς
1587 2862 1781 2935 Ἰωὴλ,
1834 2863 1942 2919 τὸν

366 2947 472 3000 τοῦ
506 2948 806 3015 Βαθουήλι
1814 3026 1817 3027 ν

438 3038 512 3092 B'.
549 3039 719 3107 Λόγον
767 3041 902 3094 Θεοῦ
943 3060 1076 3113 φησι
1129 3044 1457 3116 γεγενῆσθαι
1496 3047 1629 3119 πρὸς
1680 3047 1871 3101 ἐαυτὸν
1910 3050 1939 3102 6

368 3131 671 3199 προφήτης,
703 3131 789 3184 ἵνα
825 3135 891 3202 τῇ
925 3134 1228 3205 προφητείᾳ
1261 3136 1360 3205 τὴν
1411 3137 1590 3190 πίστιν
1618 3138 1940 3208 προσνέμω-

368 3238 489 3291 μεν,
536 3223 820 3293 ἀραρότως
858 3225 1211 3295 διακείμενοι,
1263 3228 1358 3280 καὶ
1397 3229 1816 3301 τεθαρρηκότες,
1859 3231 1940 3282 ὅτι

366 3316 583 3379 πάντως
609 3316 687 3378 εις
723 3317 896 3383 πέρας
922 3318 1213 3390 ἐκϐήσεται
1236 3320 1306 3374 τά
1328 3321 1766 3392 προηγγελμένα.
1797 3321 1940 3392 Πρὸς

363 3403 525 3459 τοῦτο
552 3405 700 3475 ἡμᾶς
738 3407 963 3475 ἐμπεδοί
987 3408 1160 3478 λέγων
1182 3411 1275 3464 καὶ
1306 3411 1466 3475 αὐτὸς
1488 3413 1517 3465 6
1556 3412 1745 3483 Σωτήρ
1765 3427 1780 3441 ·
1822 3429 1841 3463 t
1876 3411 1940 3463 Οἱ

365 3497 513 3565 λόγοι
541 3515 641 3567 μου
668 3498 729 3550 οὐ
765 3499 840 3568 μὴ
866 3500 1199 3571 παρέλθωσι,
1239 3521 1258 3554 ι
1294 3503 1497 3574 Χρῆμα
1525 3503 1634 3574 γὰρ
1665 3502 1787 3573 οὐχὶ
1812 3500 1941 3571 ψευ-

362 3588 556 3652 δδεπὲς
584 3591 617 3659 ή
660 3575 907 3661 ἀλήθεια,
942 3592 1035 3644 καὶ
1060 3593 1198 3664 ὅπερ
1227 3593 1293 3647 ἂν
1324 3593 1458 3667 λέγῃ
1477 3595 1505 3647 6
1527 3593 1680 3657 Θεὸς,
1710 3593 1939 3665 ἀτρεκὲς

364 3680 516 3733 ἔσται
542 3681 778 3745 πάντως.
814 3682 987 3746 Αὐτὸς
1022 3684 1131 3756 γάρ
1169 3687 1316 3738 ἐστιν
1341 3687 1369 3738 6
1398 3684 1559 3738 ἱστῶν
1598 3685 1785 3756 ῥήσεις
1817 3702 1939 3737 παι-

362 3768 453 3833 ὣς
487 3772 676 3834 αὐτοῦ,
711 3774 805 3827 καὶ
826 3774 924 3844 τὴν
950 3773 1143 3846 βουλὴν
1167 3775 1274 3829 τῶν
1312 3775 1558 3844 ἀγγέλων
1599 3774 1765 3830 αὑτοῦ
1802 3776 1936 3847 ἀλη-

365 3861 558 3917 θεύων.
592 3865 801 3918 Οὐκοῦν
831 3866 1245 3937 εὐτεχνέστατα,
1279 3869 1370 3921 καὶ
1401 3868 1580 3937 σοφῶς
1612 3867 1812 3934 ἐξαιτεῖ
1836 3868 1938 3939 τὴν

314 3995 321 4001 .
364 3954 548 4007 πίστιν
576 3956 702 4019 τοὺς
720 3957 1126 4024 ἀκροωμένους,
1155 3960 1236 4011 ὅτι
1266 3960 1339 4029 μὴ
1360 3959 1503 4012 κα.τά
1522 3976 1673 4022 τινας
1701 3960 1784 4030 εἴη
1805 3958 1937 4027 ψευ-

361 4046 581 4117 δοεπὴς,
620 4046 654 4118 ἢ
688 4049 754 4100 ἐκ
784 4050 1012 4119 καρδίας
1047 4050 1108 4102 τὸ
1135 4048 1323 4102 δοκοῦν
1370 4048 1685 4121 ἀναφέρων,
1726 4048 1841 4103 ἀλλ’
1871 4051 1936 4103 ἐκ

364 4137 634 4206 στόματος
660 4138 866 4210 Κυρίου
886 4138 1062 4193 λαλῶν
1084 4140 1142 4193 ἐν
1161 4138 1447 4210 πνεύματι,
1480 4139 1791 4208 σαφέστατα
1814 4139 1937 4193 διει-

362 4229 503 4286 πών.
536 4230 867 4301 Πρόσκειται
912 4231 969 4284 δέ
1014 4230 1325 4299 ἀναγκαίως
1361 4249 1380 4283 ι
1411 4233 1440 4285 6
1486 4230 1749 4302 Βαθουὴλ,
1792 4249 1810 4282 ι
1849 4231 1934 4284 ἵνα

367 4320 441 4389 μή
478 4336 565 4382 τις
607 4318 792 4390 ἔτερος
829 4318 961 4390 παρ’
992 4319 1154 4371 αὑτὸν
1202 4321 1372 4373 νοοῖτο
1404 4318 1495 4372 τὸν
1541 4319 1713 4390 Ἰωήλ.
1740 4320 1933 4373 Πολλοὶ

367 4411 464 4481 μὲν
488 4410 597 4481 γὰρ
625 4411 1013 4481 ἀναμφιλόγως
1049 4413 1116 4482 τῇ
1146 4410 1371 4484 τοιαύτῃ
1398 4412 1587 4482 κλήσει
1617 4411 1935 4480 κατωνομά-

363 4500 553 4566 ζοντο·
597 4502 853 4571 γεγόνασι
886 4503 945 4556 δέ
979 4502 1041 4555 οὐ
1080 4502 1280 4564 πάντες
1330 4505 1394 4556 ἐκ
1431 4502 1694 4573 Βαθουήλ.
1729 4500 1932 4571 Ἀσφα-

2045 567 2097 611 et
2128 558 2371 613 extendit
2402 574 2624 613 manum
2662 574 2814 615 suam
2861 572 3022 629 super
3049 572 3172 613 eum
3220 558 3285 626 ⁸⁸,
3328 578 3347 611 ι
3386 570 3495 620 etc.
3549 563 3617 617 Et

2044 647 2204 717 paulo
2230 655 2353 719 post
2385 667 2401 704 :
2434 666 2453 700 ι
2488 647 2545 705 ln
2578 650 2661 705 his
2686 648 2936 704 omnibus
2960 663 3065 704 non
3093 648 3254 720 198
3281 660 3366 706 est
3394 666 3618 709 aversus

2045 741 2195 794 furor
2215 740 2352 807 ejus,
2382 742 2477 796 sed
2509 741 2683 796 adhuc
2712 756 2905 796 manus
2922 740 3037 809 ejus
3062 743 3270 797 excelsa
3301 742 3399 797 ".s
3430 744 3619 800 Anim-

2043 830 2281 885 advertis
2335 832 2604 900 quomodo
2638 831 2782 885 aliud
2831 832 3081 902 aliudque
3098 833 3295 888 malum
3324 836 3615 906 perpessis,

2046 933 2235 974 manus
2261 920 2504 975 ferientis
2531 920 2708 976 adhuc
2750 936 3014 991 suapensa
3049 926 3427 993 permanserit,
3459 929 3614 995 quasi

2039 1011 2260 1083 jamjam
2324 1012 2507 1082 plagas
2563 1028 2732 1068 novas
2789 1011 3083 1071 inflictura.
3152 1016 3613 1082 Quemadmodum

2045 1100 2188 1155 enim
2217 1102 2284 1157 ad
2312 1104 2529 1157 morbos
2549 1114 2737 1157 curatu
2768 1102 3016 1160 diﬁiciles
3045 1121 3150 1160 non
3193 1123 3353 1160 unam
3408 1117 3613 1163 tantmn

2045 1193 2363 1257 sectionem,
2397 1193 2492 1249 sed
2533 1195 2713 1263 plures
2764 1196 3031 1250 interdum
3076 1213 3297 1254 necesse
3343 1208 3425 1254 est
3461 1201 3615 1254 adhi-

2047 1279 2203 1345 bere,
2252 1280 2323 1334 ita
2369 1296 2522 1336 mens
2556 1282 2820 1346 humana,
2857 1283 3164 1341 indolentia
3200 1296 3417 1357 torpore
3448 1305 3612 1359 supe-

2048 1380 2200 1436 rata,
2248 1369 2598 1440 frequentiori
2634 1373 2789 1443 plaga
2836 1378 3104 1443 tangenda
3146 1387 3251 1441 est,
3293 1388 3351 1431 ut
3394 1382 3611 1435 tandem

2047 1469 2316 1526 revocata,
2352 1461 2420 1514 de
2463 1461 2675 1531 integro
2706 1463 2913 1517 discere
2972 1475 3137 1534 queat
3182 1482 3289 1536 quo
3348 1479 3506 1536 pacto
3558 1472 3613 1525 in

2046 1557 2319 1616 posterum
2350 1550 2607 1606 utilitates
2632 1566 2759 1607 suas
2804 1564 3182 1625 persequatur.
3232 1557 3453 1615 Videtur
3486 1577 3615 1630 ergo

2045 1639 2160 1697 Joel
2213 1641 2510 1709 lsraelitas,
2547 1652 2803 1712 tanquam
2854 1646 2945 1715 qui
3001 1648 3366 1717 compluribus
3436 1650 3614 1709 allecti

2046 1732 2362 1789 vulneribus
2393 1735 2743 1791 admonitioni
2788 1734 2964 1792 locum
2997 1739 3223 1794 necdum
3276 1742 3613 1813 reliquerint,

1980 1813 2021 1869 Β
2052 1825 2327 1894 sapienter
2378 1825 2686 1898 obiurgare.
2746 1826 2951 1903 suadet
2998 1818 3235 1885 item-ea
3276 1831 3382 1887 illis
3414 1835 3617 1905 ample-

2050 1917 2264 1979 ctenda,
2306 1932 2425 1987 quae
2458 1917 2626 1972 Deum
2675 1918 2907 1984 leniant,
2941 1927 2996 1974 et
3040 1934 3219 1974 rerum
3250 1924 3617 1991 optatissima-

2052 2022 2168 2061 rum
2197 2009 2465 2076 promissa
2491 2008 2759 2080 adjungit,
2791 2010 2835 2064 si
2878 2012 2944 2065 ad
2990 2013 3366 2080 penitentiam
3398 2017 3529 2071 dare
3556 2033 3616 2073 se

2051 2096 2337 2166 voluerint,
2368 2101 2902 2172 clementissimoque
2948 2118 3013 2159 ac
3054 2104 3344 2161 mitissimo
3384 2107 3613 2164 Domino

2048 2204 2266 2257 usuros,
2298 2191 2547 2246 ﬁduciam
2582 2190 2775 2262 injicit.
2806 2191 2985 2263 Atque
3015 2193 3103 2249 hic
3134 2202 3279 2251 totus
3318 2198 3615 2268 prophetiae

2049 2297 2245 2352 scopus
2273 2298 2338 2337 ac
2373 2282 2495 2339 linis
2517 2284 2622 2338 est.
2655 2282 2917 2355 Deinceps
2950 2286 3181 2358 singula,
3225 2303 3293 2344 eo
3325 2304 3433 2357 quo
3484 2307 3614 2361 pro-

2048 2374 2220 2441 posita
2255 2381 2382 2428 sunt
2417 2375 2608 2430 ordine
2633 2376 3064 2445 considerantes,
3110 2381 3475 2448 particulatim
3519 2400 3605 2438 ex-

2052 2466 2278 2533 planare
2306 2467 2705 2537 aggrediemur.

2376 2591 2779 2686 TOMUS
2851 2598 3266 2691 PRIOR.

2723 2741 2875 2797 CAP.
2914 2742 2956 2799 Ι.

2117 2853 2283 2908 Vens.
2308 2853 2360 2907 l.
2396 2851 2626 2907 Verbum
2659 2853 2873 2910 Domini
2896 2858 3035 2927 quod
3062 2859 3263 2929 factum
3286 2870 3360 2916 est
3385 2861 3456 2917 ad
3472 2862 3613 2932 Joel,

2044 2945 2215 3015 ﬁlium
2248 2943 2494 2999 Bal/mel.

2114 3035 2182 3090 ll.
2226 3036 2459 3091 Verbum
2512 3036 2607 3091 Dei
2650 3038 2718 3091 ad
2758 3053 2818 3093 se
2864 3038 3064 3093 factum
3111 3043 3187 3095 ait
3225 3042 3506 3113 prOpheta,
3558 3055 3619 3101 ut

1968 3175 2014 3237 ϐ
2047 3127 2488 3199 prmdictionibus
2532 3126 2648 3196 ejus
2693 3129 2850 3184 ﬁdem
2903 3132 3244 3199 tribuamus,
3293 3137 3492 3191 animis
3552 3149 3615 3192 t.t

2047 3222 2205 3276 decet
2252 3219 2452 3289 affecti,
2491 3231 2547 3277 et
2590 3223 2946 3289 conﬁdentes,
2977 3225 3157 3279 omnia
3195 3239 3315 3294 qua:
3362 3242 3615 3297 praenun-

2048 3312 2278 3378 tiantur,
2323 3320 2605 3367 eventura.
2658 3314 2718 3369 In
2750 3314 2857 3370 hoc
2902 3329 3001 3369 nos
3046 3316 3174 3371 item
3212 3314 3463 3372 Salvator
3500 3320 3619 3389 ipse

2047 3403 2357 3470 conﬁrmat,
2412 3404 2705 3474 inquiens:
2764 3423 2784 3457 ι
2821 3403 2999 3461 Verba
3056 3421 3175 3462 mea
3227 3423 3333 3463 non
3395 3419 3616 3480 prtetcr-

2047 3496 2201 3551 ibunt
2242 3494 2312 3551 ‘°.
2346 3515 2366 3549 ι
2410 3494 2629 3553 Veritas
2682 3498 2883 3569 quippe
2934 3513 3040 3553 non
3078 3506 3163 3553 est
3204 3499 3521 3571 falsiloqua;
3560 3513 3618 3557 et

2038 3589 2189 3658 quod
2216 3587 2357 3644 Deus
2385 3588 2604 3654 dixerit,
2633 3590 2941 3646 certissimo
2971 3591 3092 3657 fiet;
3114 3591 3226 3660 ipse
3253 3593 3614 3662 estsiquidem

2050 3696 2071 3730 ι
2104 3678 2375 3734 suscitans
2400 3679 2627 3734 verbum
2661 3680 2805 3735 servi
2837 3680 2944 3747 sui,
2984 3687 3042 3735 et
3074 3680 3359 3736 consilium
3396 3683 3617 3738 nuntio-

2046 3782 2168 3824 rum
2234 3783 2457 3824 suorum
2507 3771 2800 3825 verilicans
2843 3770 2911 3825 δι.
2959 3789 2979 3823 ι
3014 3770 3376 3839 Quamobrem
3419 3772 3609 3830 scitis-

2045 3860 2184 3940 sime
2234 3861 2473 3930 postulat
2527 3862 2807 3917 audientes
2869 3862 3090 3917 credere
3120 3901 3138 3928 ,
3190 3877 3295 3919 non
3354 3878 3415 3918 se
3459 3879 3615 3919 more

2042 3952 2399 4021 quorumdam
2428 3952 2774 4022 vaniloquum
2808 3967 2933 4008 esse
2955 3953 3022 4017 ",
3056 3969 3158 4009 nec
3196 3954 3262 4008 de
3296 3955 3460 4009 corde
3488 3970 3611 4019 suo,

2044 4045 2186 4113 quod
2247 4043 2351 4098 sibi
2392 4043 2566 4098 visum
2627 4044 2701 4098 sit
2756 4043 3108 4112 depromere,
3159 4058 3344 4099 verum
3396 4059 3463 4099 ex
3516 4060 3615 4099 ore

2046 4135 2309 4201 Domini,
2376 4135 2429 4190 in
2479 4135 2672 4203 spiritu
2734 4134 2901 4189 verba
2957 4134 3139 4190 facere
3174 4174 3189 4200 ,
3254 4135 3614 4205 liquidissima

2046 4228 2385 4282 testiﬁcatur.
2450 4226 2772 4283 Necessario
2833 4234 3012 4281 autem
3056 4226 3304 4294 addidit,
3358 4246 3378 4279 ι
3437 4227 3609 4282 lilium

2041 4317 2305 4385 Bathuel,
2354 4337 2377 4369 ›
2428 4333 2495 4372 ne
2540 4318 2677 4372 alitis
2713 4317 2981 4387 quispiam
3033 4333 3060 4370 a
3104 4318 3254 4373 Joele
3308 4317 3414 4373 isto
3462 4319 3610 4374 acci-

2042 4419 2278 4480 peretur.
2338 4410 2493 4463 Multi
2540 4410 2687 4464 enim
2729 4412 2850 4464 sine
2888 4410 3259 4463 controversia
3290 4449 3307 4475 ,
3366 4423 3465 4464 nec
3529 4420 3611 4462 ta-

2039 4516 2160 4556 men
2209 4516 2398 4556 omnes
2445 4515 2475 4555 a
2522 4500 2782 4556 Bathuele
2822 4500 3197 4571 progenerati,
3248 4500 3354 4555 hor.
3413 4515 3610 4556 nomen

364 4591 512 4656 λείας
537 4590 604 4662 δὴ
626 4588 741 4660 οὖν,
768 4594 843 4657 ὡς
867 4586 1104 4665 ἐγῷμαι,
1135 4593 1295 4664 χάριν
1319 4594 1743 4665 προσενήνεκται
1773 4594 1936 4648 πάλιν

2041 4591 2325 4660 gerebant.
2364 4589 2542 4645 Certae
2584 4590 2750 4661 igitur
2795 4578 3161 4645 distinctionis
3202 4605 3387 4657 causa,
3413 4598 3475 4645 ut
3507 4605 3610 4657 ego

362 4684 392 4737 6
412 4682 679 4738 Βαθουήλ.

446 4685 588 4736 ιαθου
628 4685 679 4738 λ.

446 4685 772 4826 Ἀκοὲσατε
819 4772 1028 4836 ταῦτα,
1072 4776 1125 4827 ol
1152 4774 1558 4841 πρεσϐύτεροι,
1591 4772 1692 4827 καὶ
1737 4773 1939 4827 ἐνωτέ-

362 4866 579 4927 σασθε,
612 4862 835 4930 πάντες
861 4866 915 4918 οἱ
960 4864 1378 4930 κατοικοῦντες
1402 4864 1518 4933 τὴν
1556 4862 1705 4935 τῆν’
1745 4867 1798 4918 ει
1842 4864 1937 4933 τέ-

2040 4682 2241 4747 sentio,
2293 4681 2534 4736 additum
2582 4681 2933 4735 nihilominus
2961 4689 3045 4735 est
3085 4680 3360 4736 Batbuelis
3393 4696 3608 4736 nomen.

2113 4771 2277 4828 Vens.
2304 4772 2358 4839 2,
2392 4772 2447 4827 5.
2483 4772 2674 4825 Audite
2722 4771 2855 4835 hac,
2893 4788 3060 4836 senes,
3094 4783 3143 4826 et
3172 4772 3393 4826 auribus
3427 4773 3613 4842 ’ρει-εἰσ

2038 4865 2168 4933 pite,
2192 4878 2371 4917 omnes
2398 4862 2696 4916 habitantes
2725 4871 2957 4927 terram;
2990 4864 3036 4916 si
3071 4862 3211 4930 facta
3243 4873 3367 4917 sunt
3398 4862 3530 4916 talia
3556 4864 3611 4915 in

363 4969 502 5025 rore
545 4954 789 5011 τοιαῦτα
832 4956 903 5009 ἐν
933 4954 1061 5021 ταῖς
1106 4957 1352 5026 ἡμέραις
1394 4957 1580 5026 ὑμῶν,
1611 4958 1651 5026 ἣ
1686 4959 1757 5011 ἑν
1805 4958 1933 5025 ταῖς

2041 4954 2221 5007 diebus
2246 4954 2451 5017 uestris,
2484 4962 2573 5005 aut
2617 4952 2673 5004 in
2702 4953 2881 5005 diebus
2913 4961 3124 5020 patrum
3166 4962 3472 5006 vestrorum.
3508 4952 3615 5007 Sn-

362 5042 610 5112 ἡμέραις
639 5041 759 5098 τῶν
800 5044 1073 5111 πατέρων
1114 5044 1299 5115 ὑμῶν.
1343 5046 1522 5114 ’Υπὲρ
1563 5045 1761 5100 αὐτῶν
1809 5046 1933 5112 τοῖς

2041 5059 2132 5110 per
2166 5042 2229 5095 iis
2257 5042 2418 5112 199
2439 5042 2566 5110 ﬁliis
2597 5042 2780 5095 vestris
2820 5054 3051 5107 narrate,
3088 5054 3136 5097 et
3168 5044 3267 5112 ﬁlii
3297 5043 3453 5097 vestri
3483 5041 3611 5110 ﬁliis

361 5132 594 5199 τέκνοις
638 5133 805 5203 ὑμῶν
838 5134 1227 5205 διηγήσασθε,
1269 5137 1368 5190 καὶ
1418 5138 1491 5193 τὰ
1534 5137 1714 5191 τέκνα
1768 5137 1934 5207 ὑμῶν

2042 5134 2174 5197 suis,
2206 5143 2253 5186 et
2274 5133 2378 5201 ﬁlii
2401 5148 2583 5187 eorum
2615 5133 2671 5186 in
2694 5134 3080 5203 generationem
3112 5134 3357 5188 alterunt.

360 5222 486 5287 τοῖς
529 5222 760 5292 τέκνοις
807 5226 1026 5294 αὐτῶν,
1057 5226 1253 5282 καὶτὰ
1282 5230 1463 5283 τέκνα
1499 5229 1697 5284 αὐτῶν
1720 5233 1806 5296 εις
1843 5248 1934 5300 γε·
3326 5214 3341 5230 ’

359 5313 508 5367 redr-
540 5314 769 5383 ἑτέραν.
994 5326 1000 5331 ’

456 5406 531 5460 Γ’.
582 5407 880 5480 Ἀποφέρει
932 5410 1071 5480 πρὸς
1119 5411 1454 5483 ἀρχαιότητα
1498 5396 1806 5484 καιρῶντε
1845 5414 1939 5467 καὶ

363 5497 586 5567 μνήμης
623 5499 750 5562 τοὺς
783 5501 1179 5570 γεγηρακότας,
1216 5503 1310 5554 καὶ
1338 5502 1735 5572 διενθυμεῖσθαι
1765 5521 1938 5574 προσ-

369 5586 577 5657 εέταχε,
607 5589 737 5643 πότε
764 5589 829 5660 δὴ
868 5590 976 5661 ἄρα
998 5591 1093 5643 καὶ
1132 5590 1224 5643 ἐπὶ
1263 5592 1374 5644 τίσι
1402 5590 1682 5644 τεθέανται
1721 5591 1792 5643 τά
1825 5591 1936 5656 ίσα,

2081 5402 2360 5459 ιιιιλΕιθιθ
2391 5402 2667 5459 conlectos
2690 5402 3031 5472 antiquorum
3060 5410 3356 5471 temporum
3387 5410 3441 5455 et
3461 5411 3607 5456 vete-

2036 5496 2114 5549 ris
2144 5495 2418 5549 memoriaa
2437 5492 2870 5555 commonefacit,
2905 5491 3249 5560 cogitareque
3291 5505 3475 5547 secum
3517 5493 3609 5559 ju-
3643 5526 3647 5531 η

2036 5591 2150 5659 bet,
2186 5588 2487 5659 ecquando,
2522 5596 2584 5642 et
2616 5587 2669 5641 in
2696 5587 2892 5656 quibus
2915 5583 3120 5641 similes
3151 5585 3488 5643 calamitates
3517 5595 3614 5640 aut

433 5750 477 5782 "
516 5750 615 5805 isa.
649 5768 702 5817 v,
732 5751 822 5806 ‘25.
901 5753 947 5784 ²⁹
989 5752 1118 5809 ibid.
1194 5752 1239 5784 ⁸⁰
1282 5752 1469 5807 Matth.
1508 5770 1654 5819 xxw,
1856 5755 1899 5785 “
1927 5752 2031 5808 lsa.
2064 5768 2207 5817 xuv,
2239 5750 2328 5805 26.
2406 5752 2451 5783 δ’
2485 5749 2595 5806 Jer.
2623 5764 2781 5811 xxm,
2822 5751 2907 5805 16.

684 5849 957 5907 Parnm.
1007 5847 1123 5904 Gn.
1216 5846 1440 5905 LXXI.
3188 5835 3255 5901 11
