4132 6370
474 337 573 396 531

1481 323 1538 377 8.
1580 319 1850 377 CYRILLI
1892 313 2361 373 ALEXANDRINI
2401 312 2720 369 ARCHIEP.

3656 306 3763 363 352

476 454 722 529 patribus
748 464 958 517 eorum,
988 456 1082 503 aut
1108 446 1243 518 ipsis
1275 442 1510 516 posteris
1560 456 1591 495 a
1652 439 1762 495 Deo
1800 438 2068 494 irascente

2187 435 2284 496 :o‘i;
2309 431 2584 503 πατράσιν
2605 430 2813 494 αὐτῶν,
2842 430 3008 501 ήγουν
3031 429 3143 491 τοῖς
3163 425 3243 481 ἔτι
3267 426 3497 480 κατόπιν
3522 426 3586 478 ἐκ
3615 423 3763 489 θείας

477 550 782 619 importata:
812 544 939 599 sint.
963 538 1342 611 Reputandum
1392 535 1559 605 igitur
1587 533 1685 598 ait,
1726 542 1909 587 utrum
1954 544 2065 585 non

476 656 615 698 nova
638 636 989 700 etinusitata,
1023 648 1122 689 nec
1152 632 1243 686 ulli
1273 630 1506 685 fortasse
1556 627 1856 698 priscorum
1892 622 2067 679 homi-

476 750 604 791 num
627 730 843 803 cognita
868 739 1185 784 narraturus
1202 726 1292 780 sit.
1318 724 1525 779 Debere
1553 722 1720 776 etiam
1770 719 1826 773 in
1875 714 2068 788 primis

474 838 702 884 cmteros
723 823 800 878 ait
822 821 1149 891 disquirere,
1174 834 1303 874 num
1350 816 1481 888 quid
1516 811 1888 883 hujuscemodi
1923 810 2068 879 ipso-

475 936 595 977 rum
628 916 951 974 memoriam
980 912 1290 983 contigerit,
1312 920 1366 966 et
1401 908 1518 966 fore
1543 906 1826 964 materiam
1882 917 2070 959 narra-

476 1014 642 1071 tionis
665 1010 1028 1081 sempiternaa,
1050 1022 1170 1077 quae
1191 1020 1297 1060 non
1333 1017 1517 1067 unam,
1547 1015 1648 1057 nec
1672 999 1828 1065 duas,
1846 1005 1939 1051 aut
1957 1006 2069 1051 tres

475 1106 852 1177 generationes
880 1100 1160 1173 pervadat,
1192 1096 1288 1153 sed
1310 1094 1535 1151 multum
1583 1092 1763 1163 potius
1824 1089 2066 1145 excedat.

477 1200 634 1255 Sicut
662 1197 808 1254 enim
844 1194 1131 1250 illustrium
1170 1203 1377 1250 rerum.
1407 1196 1463 1243 et
1510 1186 1742 1241 fortasse
1778 1180 2073 1239 delectabi-

479 1294 611 1347 lium
639 1303 857 1361 quoque
886 1283 1278 1356 expositiones,
1310 1281 1604 1335 multorum
1634 1278 1859 1332 auribus
1882 1276 2072 1345 dignas

481 1385 841 1446 amrmamus;
873 1380 950 1435 ita
985 1376 1341 1433 nihilominus
1366 1371 1725 1428 memoranda
1782 1368 1900 1437 jure
1940 1383 2071 1423 cen-

479 1485 835 1544 sentur,qute
855 1486 976 1526 cum
996 1467 1244 1525 adversis
1291 1465 1509 1522 casibus
1563 1471 1617 1519 et
1667 1460 2074 1517 calamitatibus

480 1567 768 1636 conjuncta
796 1573 941 1619 sunt.
968 1560 1105 1617 Nam
1127 1570 1178 1617 et
1216 1562 1332 1616 haec
1383 1566 1595 1613 tantum
1626 1570 1735 1611 non
1764 1553 2077 1624 exprimunt

482 1661 767 1717 veritatem
794 1655 1215 1727 quodammodo,
1251 1650 1635 1718 rnolestiusque
1686 1661 1782 1717 per
1807 1659 2074 1702 summam

485 1751 878 1825 impudentiam
903 1747 1184 1811 instantia,
1221 1744 1494 1801 recenseri
1529 1741 1805 1813 postulant
1866 1749 1923 1794 et
1952 1753 2075 1795 cum

2172 525 2342 597 ὀργῆς
2375 522 2809 595 ἐπενηνεγμένα’
2842 518 3264 591 ἀναλογίζεσθαί
3288 535 3349 573 τε
3380 517 3492 571 δεῖν
3531 518 3637 589 ἐφη
3658 516 3765 571 λοι-

2173 619 2295 682 πὸν,
2327 618 2376 670 εἰ
2408 616 2484 688 μὴ
2518 615 2646 682 ξένα
2670 614 2765 668 καὶ
2792 613 2937 686 ἀήθη
2966 613 3036 669 τά
3072 613 3419 685 διηγήματα,
3451 610 3547 665 καὶ
3590 610 3766 664 οὐδενί

2175 728 2260 763 πω
2286 708 2431 780 τάχα
2461 708 2573 761 τῶν
2612 707 2779 761 πάλαι
2828 706 3228 777 διεγνωσμένα.
3261 704 3511 758 Συνιέναι
3548 720 3613 773 γε
3661 704 3766 775 μὴν

2174 798 2233 857 εὖ
2264 802 2410 874 μάλα
2433 803 2733 873 προσήκειν
2760 800 3002 862 καὶτοὺς
3024 799 3246 871 ἐτέρους
3293 798 3449 870 φησὶ,
3473 798 3520 851 εἰ
3546 793 3767 852 τοῖαῦτε-

2174 893 2400 963 γέγονεν
2444 893 2533 945 ἐπ’
2570 891 2751 945 αὐτῶν
2784 908 2797 923 ο
2845 890 3065 945 ἔσεσθαι
3114 892 3172 944 δέ
3213 891 3307 944 καὶ
3355 890 3614 943 ὑπόθεσιν
3646 892 3773 944 ἁτε-

2174 984 2448 1055 λευτήτων
2476 983 2854 1055 διηγημάτων,
2885 982 2985 1036 οὐκ
3032 984 3113 1047 εἰς
3145 983 3273 1054 μίαν
3301 982 3622 1053 διήκουσαν,
3645 981 3769 1035 οὕτε

2187 1076 2296 1149 μὴν
2347 1078 2427 1141 είς
2472 1076 2566 1131 δύο
2612 1077 2705 1131 καὶ
2755 1077 2905 1148 τρεῖς
2962 1077 3191 1145 γενεὰς,
3241 1074 3657 1129 διεκόαίνουσαν
3712 1075 3771 1127 δὲ

2181 1169 2404 1241 μᾶλλον,
2440 1170 2534 1223 καὶ
2563 1170 2645 1231 είς
2682 1167 2743 1222 τὸ
2782 1167 3050 1222 ἐπέκεινα
3102 1166 3261 1221 πολύ.
3292 1166 3509 1237 Ὠσπερ
3552 1166 3663 1238 γὰρ
3704 1183 3774 1218 τα

2178 1262 2407 1334 λαμπρά
2451 1261 2565 1315 τῶν
2615 1261 2971 1332 διηγημάτων
3010 1259 3348 1325 ἀξιάκουστά
3387 1276 3573 1331 φαμεν
3634 1254 3772 1311 εἶναι

2178 1357 2290 1418 τοῖς
2326 1353 2561 1419 πολλοῖς,
2600 1354 2697 1406 καὶ
2721 1347 2802 1415 οἷς
2840 1352 2905 1405 ἂν
2942 1350 3127 1404 ἕποιτο
3168 1350 3331 1420 τυχᾰν
3362 1350 3458 1403 καὶ
3492 1349 3556 1402 τὸ
3584 1347 3773 1419 ἐφήδεη

2181 1446 2306 1500 σθαι
2351 1446 2490 1499 δεῖν’
2544 1444 2718 1507 οὕτως
2769 1442 3245 1514 ἀξιομνημόνευτά
3295 1459 3413 1505 πως
3447 1435 3588 1494 εἶναι
3628 1440 3776 1493 δοκεῖ

2180 1540 2278 1592 καὶ
2303 1538 2371 1591 τά
2422 1540 2501 1601 εἰς
2542 1536 2693 1608 λῆξιν
2751 1537 2960 1607 ἥκοντα
2994 1534 3291 1607 συμφορῶν
3329 1551 3390 1587 τε
3430 1534 3525 1589 καὶ
3566 1532 3771 1586 παθῶν.

2182 1631 2481 1702 Μονονουχὶ
2513 1630 2620 1701 γὰρ
2655 1627 3051 1684 καταόιάσεταί
3082 1645 3199 1693 πως
3230 1628 3326 1682 καὶ
3356 1627 3425 1681 τὰ
3459 1627 3638 1681 τοιάδε
3676 1625 3775 1696 τὴν

2182 1723 2460 1795 ἀλήθειαν,
2488 1723 2582 1777 καὶ
2606 1723 3016 1795 φορτικωτέραν
3040 1723 3142 1795 τὴν
3165 1720 3475 1793 προσϐολὴν
3496 1719 3690 1789 ἔχοντα
3711 1721 3775 1772 ἐκ

485 1809 721 1903 maxime
748 1843 1052 1915 insignibus
1076 1842 1146 1896 de
1172 1809 1350 1911 gloria
1420 1809 1778 1892 contendunt.
1796 1833 1974 1903 Atque
2013 1839 2073 1885 ut

2187 1816 2377 1886 πολλῆς
2430 1817 2571 1884 ἄγαν
2626 1815 3039 1885 ἀναισχυντίας,
3100 1812 3244 1878 ἀξιοῖ
3295 1809 3773 1883 μνημονεύεσθαι,

484 1940 626 1994 bona
662 1976 679 2002 ,
717 1936 821 2002 sic,
850 1934 1063 2004 opinor,
1090 1942 1143 1986 et
1170 1929 1408 1985 infausta
1432 1943 1497 1983 ac
1524 1926 1730 1993 tristia,
1771 1939 1877 1980 non
1910 1922 2080 1979 inuti-

486 2030 614 2087 liter
638 2034 1151 2085 commemorantur.
1180 2021 1272 2077 llla
1302 2020 1568 2091 siquidem
1596 2021 1662 2073 ad
1685 2017 1903 2073 virtutis
1931 2031 2083 2071 amo-

487 2138 605 2179 rem
624 2120 994 2177 auscultantes
1021 2117 1413 2181 acuunt;haec,
1449 2112 1586 2168 mala
1640 2119 1927 2182 antequam
1983 2124 2081 2165 ve-

490 2216 645 2271 niant
674 2213 1115 2280 sentianturqne,
1158 2206 1439 2276 deprecari
1470 2206 1665 2260 docent
1686 2221 1701 2268 ;
1726 2212 1783 2256 et
1836 2215 1931 2271 per
1965 2214 2084 2270 qum

492 2306 582 2360 alii
610 2317 796 2375 pinnas
821 2307 1202 2371 susceperunt,
1233 2314 1328 2368 per
1357 2297 1547 2352 eadem
1575 2295 1794 2366 paribus
1825 2307 1882 2347 se
1913 2291 2077 2349 scele-

490 2399 643 2455 ribus
670 2396 885 2452 irretire
910 2394 1188 2465 cupientes
1218 2406 1323 2445 non
1344 2390 1551 2447 sinunt.

569 2669 732 2724 Vnus.
758 2668 813 2722 4.
846 2663 1074 2720 Residua
1095 2677 1264 2718 erucae
1294 2658 1517 2715 comedit
1552 2656 1773 2717 locusta,
1808 2669 1852 2708 et
1880 2654 2091 2709 rssidua

494 2762 712 2817 locusta:
745 2758 964 2814 comedit
998 2756 1246 2820 bruchus,
1305 2761 1354 2807 et
1390 2750 1601 2805 residua
1643 2748 1827 2802 bruclu'
1870 2749 2090 2803 comedit

497 2856 715 2925 rubigo.

568 3031 893 3100 1V.Semper
910 3027 1149 3083 involuta
1166 3036 1249 3082 est
1270 3024 1521 3082 nonnihil
1538 3029 1850 3079 sanctorum
1864 3016 2093 3090 prophe-

500 3131 676 3175 tarum
709 3118 908 3185 oratio,
936 3126 991 3172 et
1016 3126 1238 3172 narratu
1275 3116 1588 3171 tristissima
1646 3113 1789 3169 baud
1839 3110 1975 3166 satis
2026 3108 2093 3164 li-

2181 1908 2278 1962 καὶ
2321 1909 2442 1971 ταῖς
2472 1906 2584 1960 τῶν
2633 1906 2905 1985 μεγίστων
2934 1905 3114 1971 δόξαις
3145 1904 3458 1975 φιλονεικεῖ.
3496 1904 3652 1973 Ἔχει
3690 1902 3774 1966 δὲ,

2183 1999 2370 2070 ὥσπερ
2400 1998 2470 2053 τά
2511 1998 2749 2070 χρηστὰ,
2774 1998 2874 2068 τὴν
2897 1999 3131 2070 ,μνήμην
3160 1996 3274 2050 οὐκ
3322 1993 3551 2067 ἀκερδῆ,
3581 1993 3773 2056 οὕτως,

2184 2089 2357 2164 οἶμαι,
2387 2092 2483 2145 καὶ
2509 2091 2578 2145 τὰ
2612 2090 2778 2146 σκαιὰ
2800 2107 2906 2143 που
2934 2090 3029 2143 καί⁹
3070 2089 3393 2161 σκυθρωπά.
3426 2087 3506 2139 Ti
3549 2087 3646 2158 μὲν
3669 2087 3778 2155 γὰρ

2186 2186 2266 2249 εἰς
2292 2185 2477 2254 ἔφεσιν
2507 2183 2711 2254 ἀρετῆς
2744 2181 3057 2254 παραθήγει
3087 2183 3215 2244 τοὺς
3254 2180 3641 2251 ἀκροωμένους
3663 2196 3674 2209 ·
3709 2180 3777 2230 τά

2185 2277 2243 2331 δὲ
2270 2276 2377 2349 πρὸ
2415 2276 2605 2346 ἐφόδου
2650 2273 2749 2345 τὴν
2780 2274 2886 2327 τῶν
2915 2272 3103 2327 κακῶν
3148 2274 3344 2343 πεῖραν
3390 2270 3778 2340 παραιτεῖσθαι

2186 2370 2461 2425 διδάσκει·
2486 2370 2582 2423 καὶ
2607 2368 2671 2421 δι’
2695 2362 2771 2423 ὧν
2794 2369 2977 2441 ἕτεροι
3002 2365 3429 2438 τετιμώρηνται,
3463 2364 3552 2418 διά
3574 2364 3779 2418 τούτων

2189 2462 2371 2517 αὐτῶν
2416 2461 2478 2516 τὸ
2529 2464 2642 2526 τοῖς
2688 2461 2826 2525 ἴσοις
2877 2460 3142 2515 ἐναλῶναι
3192 2458 3377 2530 ζητεῖν
3424 2458 3525 2512 οὐκ
3586 2457 3781 2529 ἀφίησί

2190 2572 2363 2620 τινας.

2266 2648 2343 2703 Τὰ
2369 2647 2706 2703 κατάλοιποι
2724 2646 2841 2716 τῆς
2871 2646 3114 2717 κάμπης
3153 2645 3489 2715 κατέφαγεν
3514 2658 3553 2709 η
3585 2641 3777 2712 ἀκρίς,

2193 2739 2293 2793 καὶ
2317 2739 2389 2793 τὰ
2419 2740 2758 2795 κατάλοιπα
2783 2739 2893 2809 τῆς
2916 2738 3161 2807 ἀκρίδος
3184 2737 3519 2806 κατέφαγεν
3547 2737 3580 2789 ὀ
3600 2734 3781 2802 βροῦ-

2193 2848 2323 2899 χος,
2356 2831 2449 2886 καί
2483 2831 2557 2886 τὰ
2592 2830 2931 2887 aratri/lauta
2975 2830 3084 2886 τοῦ
3128 2830 3405 2899 ,βρούχου
3442 2826 3783 2897 κατέφαγεν

2192 2924 2231 2991 ἡ
2265 2925 2537 2993 ἐρυσίΰη.

2264 3017 2341 3073 A'.
2371 3018 2695 3091 Κέκρυπταί
2728 3036 2845 3082 πως
2883 3018 2970 3072 ἀεὶ
2994 3016 3101 3070 τῶν
3127 3011 3299 3085 ἀγίων
3326 3011 3619 3084 προφητῶν
3651 3012 3679 3063 6
3703 3010 3785 3063 λό-

2196 3128 2312 3181 γος,
2335 3111 2430 3163 καὶ
2453 3110 2523 3173 τά
2546 3111 2754 3182 σφόδρα
2774 3112 2908 3163 σκυθ
2919 3108 3075 3181 ρωπὰ
3108 3106 3216 3161 τῶν
3244 3104 3600 3177 διηγημάτων
3627 3102 3788 3171 ὀκνη-

499 3215 690 3270 benter
728 3210 1055 3284 proferunt;
1095 3223 1230 3264 neve
1280 3207 1564 3263 audientes
1619 3203 1934 3261 ell‘renatius
1982 3201 2083 3255 ira-

2199 3203 2308 3273 ρῶς
2340 3202 2661 3275 ἐκφέρουσι,
2710 3202 2805 3256 καὶ
2838 3201 2927 3255 διά
2967 3200 3066 3265 τὰς
3117 3198 3225 3253 τῶν
3266 3195 3635 3269 ἀκροωμένων
3668 3196 3785 3247 ἅτ.-

500 3316 743 3371 scantur,
779 3319 915 3375 quas
963 3310 1211 3374 possunt,
1270 3299 1618 3357 obscuritatis
1665 3299 1886 3353 umbras
1927 3293 2089 3350 indu-

500 3405 670 3464 cunt;
712 3396 1000 3468 aenigmata
1052 3395 1217 3450 etiam
1266 3399 1321 3448 et
1368 3390 1652 3462 parabolas
1719 3386 2093 3457 excogitantes

501 3506 609 3546 non
658 3488 1003 3544 mediocriter
1052 3493 1307 3555 prosunt;
1369 3495 1754 3551 nonnunquam
1805 3489 1861 3535 et
1908 3492 2094 3533 exem—

502 3584 588 3655 pla
670 3590 970 3654 opportuna
1049 3579 1303 3635 aﬂ‘erunt.
1370 3574 1464 3631 Sic
1532 3574 1674 3643 apud
1755 3568 2091 3628 Ezechielem

509 3695 529 3730 ι
568 3674 761 3746 Aquila
785 3673 1029 3744 grandis,
1069 3685 1389 3742 magnarum
1429 3668 1661 3733 alarum,
1692 3683 1711 3718 ι
1752 3662 2092 3734 proponitur,

508 3786 528 3821 ι
552 3768 713 3838 longo
742 3766 1109 3822 membrorum
1134 3763 1318 3827 ductu,
1351 3771 1407 3819 et
1430 3760 1585 3833 plena
1614 3758 1834 3830 plumis,
1863 3770 1985 3826 quae
2002 3753 2096 3808 ha-

504 3857 596 3914 bet
622 3858 843 3914 ductum
876 3856 1111 3911 intrandi
1168 3856 1235 3910 ad
1296 3854 1586 3919 Libanum,
1637 3857 1694 3906 et
1747 3850 1868 3904 tulit
1919 3846 2095 3902 electa

504 3950 1032 4009 cedri.Summitates
1061 3945 1445 4003 teneritudinis
1468 3945 1586 4014 ejus
1612 3943 1886 4005 avulsil,el
1915 3952 2094 3997 trans-

507 4045 747 4118 portavit
803 4059 900 4100 eas
924 4044 977 4098 in
1012 4051 1215 4096 terram
1266 4040 1523 4095 Chanaan
1548 4036 1617 4091 ".
1655 4057 1673 4089 ι
1705 4035 2097 4107 Subsigniﬁca-

505 4139 584 4194 vit
604 4138 751 4195 enim
778 4136 972 4201 Assur,
1002 4133 1305 4205 principem
1353 4140 1511 4186 terrae
1571 4128 1898 4200 Babyloniae,
1928 4127 2097 4198 200

506 4230 600 4302 qui
629 4228 1086 4297 eximiaéquazque
1137 4241 1205 4281 ex
1247 4223 1411 4280 Israel
1460 4221 1707 4292 diripuit,
1771 4219 2099 4287 domumque

506 4321 709 4377 avexit.
740 4318 820 4373 Ac
858 4316 1177 4373 sterilitates
1232 4315 1449 4385 quidem
1504 4327 1779 4383 agrorum,
1828 4309 2098 4365 fructuum

505 4425 847 4471 maturorum
884 4410 1190 4481 penuriam,
1238 4422 1435 4463 saevam
1508 4419 1653 4475 saepe
1694 4414 1748 4459 et
1788 4403 2097 4459 diuturnam

508 4505 709 4560 famem
741 4516 837 4575 per
863 4500 1104 4557 Judaeam
1124 4498 1419 4564 exstitisse,
1467 4512 1624 4553 sacra
1669 4495 1949 4565 Scriptura
2015 4508 2102 4549 re-

2195 3296 2428 3359 θάσσους
2468 3295 2641 3367 όργάς
2686 3296 2806 3359 ταῖς
2857 3294 3236 3366 ἐνδεχομέναις
3278 3290 3569 3361 ἀσαφείαις
3611 3305 3783 3342 κατα·

2196 3387 2532 3453 σκιάζουσιν.
2567 3386 2877 3458 Αἰνίγματα
2908 3386 2964 3439 δὲ
3012 3386 3108 3439 καὶ
3149 3382 3469 3454 παραδολὰς
3511 3379 3785 3435 ἀναπλάτο

2192 3497 2397 3545 τοντες,
2417 3477 2719 3549 ὠφελοῦσιν
2734 3478 2793 3531 οὑ
2825 3476 3081 3549 μετρίως.
3106 3478 3267 3530 Ἐστι
3287 3476 3343 3529 δὲ
3364 3474 3559 3551 αὐτοῖς.
3574 3475 3602 3526 6
3622 3474 3778 3542 λόγος

2196 3573 2292 3627 καὶ
2320 3572 2410 3627 διὰ
2446 3570 2735 3643 χρησίμων
2764 3569 2875 3623 ἔσθ’
2922 3571 3010 3623 ὅτε
3044 3569 3528 3640 παραδειγμάτων.
3572 3568 3786 3620 Ὀποῖόν

2196 3662 2311 3715 ἐστι
2343 3661 2438 3714 καὶ
2476 3661 2535 3713 τὸ
2559 3660 2710 3733 παρά
2735 3659 2829 3713 τοῦ
2874 3659 3133 3731 Ἰεζεχιὴλ
3163 3660 3443 3731 κείμενον·
3483 3677 3501 3711 ι
3544 3658 3603 3712 ’0
3630 3658 3788 3719 ἀετὲς

2197 3755 2225 3806 6
2261 3751 2455 3822 μέγας,
2486 3753 2515 3804 6
2564 3751 3069 3822 μεγαλοπτέρυγος,
3101 3753 3129 3804 ό
3178 3751 3385 3823 μακρὸς
3430 3754 3495 3823 τῇ
3544 3750 3788 3811 ἐκτάσει,

2198 3845 2293 3898 καί⁵
2324 3844 2538 3916 πλήρης
2572 3844 2801 3914 ὀνύχων,
2828 3842 2886 3905 ὃς
2924 3842 3034 3913 ἔχει
3067 3844 3127 3896 τὸ
3165 3844 3358 3914 ἧγημα
3408 3842 3669 3897 εἰσελθεῖν
3706 3846 3788 3906 εἰς

2198 3935 2289 3989 τὸν
2331 3934 2584 3997 Λίϐανον,
2630 3934 2725 3987 καὶ
2763 3933 2922 3986 ἔλαϐε
2948 3933 3018 3986 τὰ
3052 3934 3285 3987 ἐκλεκτά
3326 3934 3426 4003 τῆς
3454 3934 3668 4003 κέδρου.
3701 3935 3783 3986 Τὰ

2199 4026 2344 4097 ἄκρα
2375 4028 2472 4097 τῆς
2506 4025 2846 4093 ἁπαλότητος
2886 4024 3170 4087 ἀπέκνισε,
3204 4024 3296 4077 καὶ
3325 4024 3555 4093 ἤνεγκεν
3590 4024 3789 4086 αὐτοὺς

2200 4121 2281 4183 είς
2303 4119 2402 4190 τὴν
2430 4108 2536 4190 γῆν
2581 4117 2820 4171 Χαναὰν.
2861 4136 2879 4167 ι
2921 4116 3222 4186 ’Υπεδήλου
3262 4117 3372 4189 γὰρ
3414 4116 3662 4187 Ἀσσοὺρ,
3699 4117 3789 4169 τὸν

2199 4212 2297 4281 τῆς
2328 4210 2686 4263 Βαϐυλωνίων
2724 4208 2964 4279 ἄρχοντα
3000 4207 3126 4278 γῆς,
3151 4208 3245 4261 τὸν
3288 4208 3657 4279 ἀποκείραντα
3678 4210 3791 4261 τῶν

2200 4302 2261 4368 ἐξ
2297 4302 2514 4374 Ἰσραὴλ
2539 4302 2608 4355 τά
2629 4300 2902 4373 ἐξαίρετα,
2938 4302 3032 4354 καὶ
3056 4300 3195 4354 οἴκοι
3231 4300 3534 4371 μεταθέντα
3556 4300 3618 4352 τὸ
3638 4299 3792 4371 διηρ-

2202 4392 2504 4465 πασμένον.
2542 4396 2653 4448 Καὶ
2678 4395 2759 4448 ὃτι
2795 4395 2894 4466 μὲν
2922 4393 3208 4463 γεγόνασιν
3240 4394 3464 4464 ἀφορίαι
3489 4410 3548 4446 τε
3580 4393 3786 4465 ἀγρῶν,

2202 4485 2424 4550 ἐνδειαι,
2462 4484 2571 4538 τῶν
2614 4484 2861 4556 ὼρίμων,
2890 4486 2985 4539 καὶ
3030 4485 3180 4555 λιμοὶ
3221 4484 3539 4548 πλειστάκις
3564 4486 3789 4554 ἀπηνεῖς

508 4597 635 4654 fert.
694 4595 1001 4663 Quinetiam
1026 4593 1244 4663 quidam
1276 4592 1419 4647 fame
1434 4589 1693 4646 macerati
1722 4602 1788 4644 eo
1819 4586 2083 4656 angustia-

2200 4594 2259 4631 τε
2291 4577 2387 4631 καὶ
2419 4577 2625 4646 κατάγε
2656 4577 2755 4649 τὴν
2792 4576 3052 4631 Ἰουδαίαν
3080 4576 3284 4649 χώραν,
3319 4577 3423 4647 ἐφη
3456 4577 3516 4630 τὸ
3542 4577 3787 4647 Γράμμα

509 4704 629 4744 rum
654 4687 830 4743 adacti
866 4695 1013 4751 sunt,
1046 4693 1106 4739 ut
1130 4692 1290 4755 caput
1318 4682 1459 4738 asini
1508 4680 1900 4752 quinquaginta
1955 4677 2083 4733 sicli:

2203 4672 2266 4724 τὸ
2324 4671 2489 4741 ἱερόν.
2522 4670 2662 4741 Ἤδη
2719 4671 2827 4742 γάρ
2873 4687 3017 4734 τινες
3058 4668 3218 4740 λιμοῦ
3260 4670 3663 4740 κατατήκοντος
3711 4671 3792 4732 εἰς

511 4788 755 4835 emerent
786 4778 857 4833 ⁸³.
881 4777 1270 4834 Calamitosum
1302 4785 1514 4844 tempus
1534 4773 1831 4828 ostendunt
1886 4785 2083 4840 quoque

2198 4762 2357 4817 τοῦτο
2379 4763 2628 4834 ἀνάγκης
2649 4765 3059 4834 κεχωρήκασιν,
3075 4761 3218 4816 ὥστε
3248 4764 3372 4817 δνου
3397 4763 3640 4832 κεφαλήν
3665 4780 3793 4815 πεν-

512 4884 672 4939 super
701 4867 1000 4923 infantibus
1041 4866 1283 4920 rixantes
1342 4865 1461 4919 duae
1515 4861 1865 4917 muliercula.
1913 4859 2083 4915 Altert

2198 4857 2432 4926 τήκοντα
2463 4854 2728 4928 πρίασθαι
2748 4856 2968 4911 σίκλων.
2989 4854 3344 4926 Παραδείξειε
3375 4855 3417 4908 δ’
3448 4856 3513 4909 ἂν
3531 4854 3627 4925 τὴν
3650 4854 3793 4909 κατά

514 4963 656 5019 enim
689 4963 995 5029 absumpto,
1031 4959 1098 5014 de
1120 4958 1294 5014 altero
1327 4957 1447 5013 vivo
1466 4956 1728 5027 judicium
1757 4970 1788 5008 a
1824 4968 1950 5023 rege
2004 4968 2083 5018 pe-

2199 4948 2425 5020 καιροὺς
2477 4948 2801 5020 ἀγριότητα,
2848 4948 3112 5019 περὶτῶν
3158 4948 3386 5001 παιδίων
3428 4948 3793 5018 μεμαχημένα

519 5053 709 5109 tebant
732 5052 799 5104 ".
828 5049 1010 5118 Quare
1039 5050 1085 5105 si
1107 5064 1358 5119 agrorum
1395 5046 1836 5111 infecunditates,
1887 5053 1943 5099 et
1983 5043 2083 5098 l'ru-

2204 5041 2423 5111 γύναια.
2464 5041 2621 5096 Ἐπεὶ
2655 5041 2764 5113 γὰρ
2788 5039 3244 5112 κατεδηδόκεισαν
3270 5041 3327 5093 αἱ
3351 5039 3446 5093 δύο
3466 5041 3526 5093 τὸ
3560 5041 3637 5103 ἓν,
3664 5040 3796 5111 περὶ

515 5157 697 5203 ctuum
725 5145 854 5200 vitia
885 5142 1236 5216 propheticus
1266 5154 1444 5195 sermo
1473 5140 1633 5194 nobis
1664 5153 1763 5207 per
1799 5136 1919 5191 haec
1952 5135 2083 5190 inte-

2202 5132 2300 5187 τοῦ
2333 5132 2534 5198 ζῶντος
2550 5132 2887 5198 ’δικάζεσθαι
2930 5131 3082 5204 παρὰ
3113 5134 3229 5195 τοῖς
3261 5131 3553 5204 κρατοῦσιν
3586 5132 3792 5202 ἠξίουν.

516 5248 771 5311 gumenta
805 5230 1031 5303 indicat,
1060 5236 1220 5294 etiam
1254 5235 1332 5291 sic
1356 5248 1442 5289 res
1467 5230 1807 5288 intoleranda
1838 5229 2083 5299 intelliga.

2204 5223 2435 5287 Οὐκοῦν,
2484 5226 2533 5277 εί
2562 5225 2660 5296 μὲν
2696 5224 2883 5295 ἀγρῶν
2916 5222 3169 5296 ἀφορίας,
3218 5224 3313 5277 καὶ
3351 5223 3581 5293 καρπῶν
3620 5240 3793 5277 κατα-

518 5346 625 5390 tur.
654 5332 790 5388 Nam
814 5330 1101 5402 gradatim,
1159 5330 1275 5384 sine
1314 5325 1597 5383 intervallo
1638 5325 1801 5395 longe
1848 5320 2083 5393 plurimis

2205 5320 2414 5391 φθορὰς
2458 5322 2487 5373 6
2523 5319 2857 5391 προφητικδς
2891 5319 3022 5389 ήμῖν
3043 5319 3120 5395 ,ἐν
3150 5316 3362 5380 τούτοις
3390 5316 3794 5387 κατασημαίνει

515 5436 571 5481 et
595 5424 919 5479 immanibus
954 5422 1292 5479 detrimentis
1315 5417 1628 5484 deformari,
1669 5416 1941 5489 quomodo
1994 5429 2083 5469 nor

2204 5390 2386 5482 λόγος,
2420 5390 2594 5465 νοοῖτο
2642 5410 2834 5482 χρῆμα
2881 5410 2976 5464 καὶ
3020 5390 3199 5472 οὕτως
3237 5410 3544 5480 ἀφόρητον·
3577 5408 3639 5461 τὸ
3684 5407 3795 5479 γὰρ

518 5529 845 5585 magnopere
880 5512 1301 5579 intolerandum,
1325 5523 1381 5569 et
1433 5511 1648 5567 silentio
1703 5510 1881 5581 potius
1938 5523 2079 5577 quan

2207 5505 2405 5576 ἐφεξῆς
2440 5505 2535 5559 καὶ
2566 5504 2788 5574 ἁμέσως
2812 5502 3093 5566 πλείσταις
3116 5520 3176 5556 τε
3207 5503 3361 5567 ὅσαις
3400 5502 3491 5555 καὶ
3526 5502 3795 5572 χαλεπαῖς

520 5604 829 5659 narratione
858 5602 1083 5675 dignum
1111 5613 1195 5658 est
1215 5604 1237 5657 ’ἓ
1261 5601 1411 5671 Quod
1443 5604 1487 5657 si
1516 5617 1580 5657 ex
1613 5601 1773 5657 dictis
1812 5597 2083 5655 involutio‘

2210 5595 2627 5661 καταικίζεσθαι
2681 5595 2937 5667 πληγαῖς,
2970 5597 3087 5660 πῶς
3126 5595 3188 5648 οὐ
3238 5595 3517 5649 δύσοιστον
3570 5593 3791 5664 κομιδῇ,

587 5779 636 5816 ⁴³
672 5779 869 5841 Ezecli.
910 5797 1043 5850 xv",
1071 5781 1123 5835 7.
1202 5781 1248 5813 “
1285 5779 1351 5835 IV
1391 5781 1520 5852 Reg.
1564 5796 1637 5845 τι,
1668 5779 1759 5833 ‘25.
1870 5780 1915 5810 "
1957 5778 2085 5833 ibid.
2127 5777 2326 5841 26,28.
