4132 6370
413 356 516 411 533

1299 355 1850 414 COMMENTARIUS
1889 354 1957 410 ΙΝ
1994 354 2262 413 JOELEM
2305 358 2749 416 PROPHETAM.

3575 374 3681 431 ’554

403 477 502 537 καὶ
531 474 625 531 τοῦ
664 449 1095 549 μνημονεύεσθαι
1126 477 1361 551 πρέπειν
1389 482 1489 534 οὐκ
1514 480 1814 551 ἀμοιροῦν;
1845 482 1907 534 Εἰ
1935 480 1989 536 δὲ

2097 482 2248 538 ribus
2282 497 2474 539 sensus
2494 484 2690 540 elicere
2715 484 3014 555 apertiores
3037 491 3375 561 conceditur,
3426 494 3680 552 existimo

407 569 606 622 δεῖκαὶ
640 571 721 632 είς
746 568 939 639 ἑτέρας
967 572 1100 641 ἡμῖν
1123 570 1335 634 ἐννοίας
1370 571 1731 642 ἀποκομίζειν
1760 573 1827 625 τὰ
1858 573 1993 625 θεω-

410 661 630 731 ρήματα
682 659 1128 729 κατεσκιασμένα
1182 659 1283 722 τὰς
1324 661 1772 732 ἐμφανεστέρας,
1817 663 1995 715 ἔοικεν

405 754 538 823 ἡμῖν
570 751 599 802 ὁ
642 752 931 822 προφήτης
979 752 1211 823 κάμπην
1252 752 1347 804 καὶ
1394 751 1623 823 ἀκρίδα,
1657 751 1885 825 βροῦχόν
1931 771 1992 806 τε

407 844 501 898 καὶ
543 843 826 914 ἐρυσίϐην,
855 843 953 897 καὶ
996 844 1064 897 τὰ
1106 843 1357 897 ἐντεῦθεν
1388 844 1561 909 δεινὰ,
1606 847 1702 900 καὶ
1741 846 1993 917 ἀφόρητα

409 933 607 1005 βλάϐη,
632 933 731 997 τὰς
777 935 836 986 ἐν
885 932 1102 1002 ἑκάστῳ
1150 932 1331 1004 καιρῷ
1372 933 1746 1007 καταδῃὼσεις
1792 935 1992 1006 ὑποδη-

405 1024 555 1088 λοῦν,
588 1024 682 1077 καὶ
729 1023 856 1086 τοὺς
888 1024 997 1077 τῶν
1045 1022 1435 1093 αἰχμαλωσιῶν
1479 1025 1812 1078 αἰνίττεσθαι
1858 1026 1990 1096 τρό-

406 1136 571 1184 πους,
626 1118 717 1187 ὑφ’
767 1110 842 1172 ὧν
897 1117 1298 1188 δεδαπάνηνταί
1368 1135 1430 1171 τε
1498 1118 1593 1171 καὶ
1655 1118 1989 1184 ἀπολώλασι,

406 1212 577 1283 ληῖοις
604 1212 663 1263 ἐν
695 1210 795 1281 ἴσῳ
822 1212 936 1275 τοῖς
985 1211 1043 1262 ἐν
1066 1211 1285 1281 ἀγροῖς
1311 1211 1593 1282 μονονουχὶ
1636 1211 1993 1282 κατεδηδοκόδ

403 1324 512 1360 των
569 1305 767 1367 αὐτοὺς
813 1303 909 1358 καὶ
953 1304 1417 1375 κατεφθαρκότων
1458 1303 1569 1357 τῶν
1618 1302 1718 1367 τὰς
1766 1303 1991 1373 ἐφόδους

405 1394 866 1468 ἐξειργασμένων.
902 1393 1105 1449 Πολλαὶ
1131 1393 1241 1466 γὰρ
1270 1395 1555 1463 γεγόνασιν
1584 1396 1640 1447 αἱ
1670 1392 1781 1448 ἀνά
1814 1393 1991 1465 ’μέρος

403 1487 830 1551 ἀναστατὼσεις,
866 1487 967 1555 τῆς
998 1486 1268 1541 Ἰουδαίων
1294 1485 1476 1558 χώρας
1521 1485 1630 1541 τῶν
1660 1486 1991 1558 παροικούν-

401 1590 512 1627 των
545 1574 716 1629 ἐθνῶν
741 1574 1314 1645 κατεστρατευκότων,
1345 1574 1459 1629 ἔσθ’
1491 1575 1581 1630 ὅτε
1612 1576 1708 1629 καὶ
1746 1575 1856 1629 τῶν
1890 1576 1989 1648 τῆς

402 1666 682 1734 Αἰγύπτου
733 1666 1215 1738 βεϐασιλευκότων.
1276 1667 1567 1732 Διέποντος
1625 1667 1726 1739 μὲν
1773 1669 1883 1740 γὰρ
1927 1670 1987 1722 ἐν

413 1755 807 1828 Ἰεροσολύμοις
824 1756 925 1828 τὴν
952 1755 1199 1826 βασιλίδα
1220 1757 1387 1829 τιμὴν
1413 1757 1513 1812 τοῦ
1554 1758 1985 1831 Ῥοϐοάμ,ἀνέϐη

2100 575 2421 644 prophetam
2452 590 2551 646 per
2572 591 2814 640 erucam,
2841 578 3127 647 locustam.
3161 584 3449 651 bruchum,
3474 589 3682 659 rubigi-

2096 682 2242 732 nem,
2267 676 2321 721 et
2345 668 2471 723 inde
2511 670 2886 739 provenientia
2908 674 3047 728 mala
3091 691 3155 731 ac
3189 677 3384 734 damna
3419 680 3684 738 intolera-

2078 759 2250 824 bilia,
2320 760 2582 831 cujusque
2635 764 2892 831 temporis
2938 767 3216 824 vastitates
3269 770 3570 837 insinuare,
3628 785 3684 829 et

2096 851 2470 919 captivitatum
2528 852 2868 908 conditiones
2922 857 3013 911 tali
3058 860 3348 920 verborum
3401 862 3682 918 involucro

2096 951 2221 996 ante
2244 943 2429 999 oculos
2460 958 2683 1014 ponere,
2719 960 2818 1016 per
2844 962 2982 1018 quas
3009 964 3113 1004 non
3146 965 3305 1007 secus
3365 967 3431 1008 ac
3469 963 3682 1024 segetes

2096 1034 2149 1088 iu
2180 1036 2326 1105 agris
2346 1038 2654 1109 consumpti
2687 1048 2815 1095 sunt
2836 1054 2900 1096 ac
2929 1042 3231 1111 perierunt,
3260 1059 3398 1111 pene
3434 1047 3682 1103 devorati

2099 1137 2263 1198 atque
2316 1128 2373 1183 in
2435 1130 2662 1185 nihilum
2704 1134 2908 1188 redacti
2965 1134 3034 1189 ab
3084 1135 3374 1192 hostilibus
3427 1140 3684 1195 exerciti-

2094 1222 2218 1275 bus.
2239 1219 2524 1291 Sigillatim
2549 1236 2782 1294 namque
2810 1224 3058 1281 ﬁnitima:
3087 1236 3276 1295 gentes
3292 1226 3572 1285 Iudaicam
3594 1247 3683 1287 re-

2094 1310 2309 1378 gionem
2338 1311 2799 1369 incursationibus
2830 1314 3043 1370 infestis
3075 1331 3218 1385 saepe
3244 1319 3512 1389 populatae
3531 1334 3680 1380 sum.

2092 1401 2399 1472 Aliquando
2427 1412 2481 1457 et
2511 1402 2731 1476 Egypti
2762 1422 2919 1477 reges
2940 1408 3338 1478 expeditionem
3365 1426 3431 1466 eo
3488 1427 3677 1469 susce-

2094 1503 2310 1565 perunt.
2379 1495 2623 1553 Roboam
2677 1500 2878 1571 quippe
2948 1501 3334 1575 Hierosolymis
3392 1516 3675 1578 regnante,

2094 1588 2337 1643 ascendit
2362 1588 2633 1655 Susacim,
2662 1593 2864 1663 regiam
2891 1596 3196 1664 occupavit,
3225 1604 3281 1651 et
3312 1606 3580 1668 quotquot
3602 1601 3675 1656 ibi

2093 1689 2253 1734 erant
2280 1679 2581 1747 thesauros,
2606 1683 2903 1754 hastasque
2935 1695 2990 1742 et
3019 1686 3237 1758 clypeos
3272 1703 3487 1758 aureos,
3543 1706 3682 1761 quos

2093 1770 2300 1828 fecerat
2319 1771 2598 1839 Salomon,
2636 1778 2852 1840 avertit.
2885 1787 3088 1833 etcum
3139 1780 3364 1837 victoria
3397 1782 3678 1853 splendida

402 1849 711 1919 Σουσακεὶμ
752 1846 1006 1918 βασιλεὺς
1034 1846 1338 1917 Αἰγύπτου,
1375 1843 1486 1903 εἷλέ
1512 1867 1574 1903 τε
1599 1849 1670 1904 τὰ
1717 1849 1987 1921 βασίλεια,

2095 1865 2316 1920 domum
2357 1868 2518 1923 rediit
2545 1867 2613 1923 ⁸ο.
2650 1867 2759 1924 Nec
2788 1883 2949 1938 parva
2976 1885 3070 1925 eos
3104 1870 3259 1927 clade
3297 1839 3461 1929 Azael
3508 1875 3679 1948 Syrus

402 1941 498 1994 καὶ
527 1941 738 2004 πάντας
771 1939 1006 1994 ἐκένωσε
1030 1940 1159 2003 τοὺς
1198 1942 1259 1995 ἐν
1302 1942 1489 2006 αὐτοῖς
1530 1942 1860 2014 θησαυροὺς,
1892 1943 1988 1997 καὶ

399 2035 471 2090 τὰ
500 2036 681 2108 χρυσᾶ
698 2035 919 2108 δόρατα,
952 2033 1047 2087 καὶ
1068 2034 1170 2098 τὰς
1189 2036 1426 2099 ἀσπίδας
1450 2035 1591 2107 ἔχων
1618 2035 1685 2100 ἃς
1715 2035 1988 2108 πεποίηκε

401 2127 673 2198 Σολομὼν,
705 2128 803 2183 καὶ
823 2129 1096 2201 λαμπρῶς
1125 2127 1451 2200 νενικηκὼς,
1488 2126 1672 2183 οἴκαδε
1701 2128 1867 2183 πάλιν
1896 2130 1990 2183 ἀν-

400 2220 705 2291 εκομίζετο.
745 2221 857 2274 Καὶ
903 2220 1009 2291 μὴν
1041 2220 1134 2274 καὶ
1170 2219 1367 2292 Ἀζαὴλ
1399 2222 1429 2274 6
1462 2220 1635 2293 Σύρος
1668 2223 1728 2275 οὐ
1761 2223 1991 2294 μετρίας

399 2313 584 2376 αὐτοῖς
614 2314 885 2385 ἐπήνεγκε
912 2313 1148 2385 πληγάς.
1182 2309 1307 2368 Εἷλε
1334 2314 1393 2369 δὲ
1437 2315 1534 2369 καὶ
1556 2316 1696 2370 Φοὺλ
1737 2315 1990 2387 βασιλεὺς

400 2406 759 2461 Βαϐυλωνίων
814 2407 916 2471 τὰς
974 2408 1120 2480 πέρα
1182 2406 1280 2461 τοῦ
1316 2408 1583 2481 Ἰορδάνου
1631 2408 1827 2479 φυλάς.
1881 2411 1993 2479 Κα)⁸

399 2501 507 2573 πρό
524 2518 588 2570 γε
607 2500 671 2572 δὴ
701 2499 910 2553 τούτων
930 2500 1130 2571 Νεχαὼ
1156 2501 1354 2574 ⁴βαραὼ
1383 2502 1639 2573 βασιλεὺς
1674 2503 1977 2571 Αίγύπτου,

399 2592 730 2664 κρατοῦντος
770 2591 999 2654 Ἰωσίου,
1026 2594 1464 2666 κατεπράτευσε
1498 2597 1599 2667 τῆς
1646 2596 1984 2668 Σαμαρείας,

398 2685 492 2738 καὶ
525 2684 755 2754 δασμοῖς
784 2686 1029 2755 ὑπέθηκε
1065 2686 1165 2755 τὴν
1191 2689 1316 2758 γῆν.
1363 2687 1590 2741 Ἑκατὸν
1613 2688 1723 2759 γὰρ
1752 2687 1986 2759 ἐζήτησε

398 2775 626 2847 χρυσίου
659 2775 918 2831 τάλαντα.
958 2781 1169 2831 Οὐκουν
1220 2779 1452 2832 πλεῖστα
1488 2780 1587 2849 μὲν
1611 2780 1711 2833 ὅσα
1750 2780 1817 2832 τὰ
1847 2797 1987 2850 συμ-

2095 1956 2369 2014 afﬂixit".
2405 1960 2584 2017 Etiam
2640 1961 2838 2018 Phulas
2883 1962 3300 2035 Babyloniorum
3347 1983 3444 2024 rex
3504 1971 3679 2026 trib’us

2097 2058 2249 2104 trans
2272 2049 2562 2107 Jordanem
2596 2055 2828 2124 subegit.
2859 2055 2925 2110 Et
2944 2065 3070 2112 ante
3097 2057 3196 2113 bos
3216 2057 3432 2115 Pharao
3457 2060 3678 2117 Nechao

2094 2155 2188 2195 rex
2215 2140 2456 2214 Egypti,
2476 2142 2622 2200 Josia
2653 2156 2929 2216 sceptrum
2959 2155 3198 2215 tenente,
3230 2149 3536 2207 Samariam
3587 2153 3677 2208 in—

2092 2235 2254 2300 vasit,
2287 2235 2561 2306 regionem
2593 2235 2723 2292 fecit
2748 2237 3108 2307 tributariam,
3166 2245 3374 2300 exactis
3420 2246 3539 2300 auri
3604 2256 3679 2300 ta-

2094 2325 2255 2381 lentis
2287 2337 2506 2383 centum
2532 2328 2599 2381 “.
2635 2329 2887 2387 Plurima:
2909 2333 3074 2401 igitur
3100 2333 3411 2390 Iudaeorum
3444 2340 3672 2391 calami--

2096 2426 2233 2474 lates
2261 2426 2317 2473 et
2340 2420 2673 2476 vastationes
2700 2422 2936 2478 diversis
2997 2427 3351 2494 temporibus,
3406 2429 3677 2498 insignio-

2095 2524 2181 2565 res
2205 2521 2384 2565 autem
2411 2520 2467 2566 et
2494 2515 2874 2570 memorabiles
2902 2526 3138 2586 quatuor
3176 2522 3544 2590 contigerunt.
3569 2521 3676 2577 Re-

2091 2612 2291 2669 gnante
2314 2604 2456 2659 enim
2480 2604 2535 2659 in
2570 2605 2816 2661 Samaria
2844 2609 3008 2672 Osee,
3051 2610 3163 2665 lilio
3196 2611 3373 2678 Elam,
3431 2618 3676 2671 ascendit

2092 2693 2445 2750 Salmanasar
2468 2697 2749 2769 Assyrius,
2792 2712 2847 2755 et
2878 2699 3135 2757 lsraelem
3181 2706 3247 2758 ad
3296 2706 3587 2762 Persarum
3618 2721 3674 2764 et

2091 2786 2369 2843 Medorum
2398 2799 2641 2845 montosa
2668 2794 2944 2848 transtulit
2972 2794 3037 2851 δ’.
3072 2795 3222 2851 llaud
3264 2798 3353 2853 diu
3417 2810 3555 2869 post,
3582 2800 3671 2857 Je-

399 2869 672 2940 ϐεϐηκότα
700 2869 842 2923 κατὰ
892 2870 1142 2939 καιροὺς,
1184 2869 1355 2923 δειναὶ
1398 2871 1455 2923 δὲ
1499 2872 1594 2925 καὶ
1635 2871 1986 2938 ἀξιάκουστοι

399 2962 695 3033 πορθήσεις
723 2962 981 3031 γεγόνασι
1005 2962 1292 3030 τέσσαρες.
1338 2962 1723 3026 Βασιλεύοντος
1749 2964 1848 3033 μὲν
1876 2967 1985 3035 γὰρ

2093 2969 2594 3029 Nabuchodonosor
2616 2974 2850 3030 obtinuit
2873 2976 2942 3040 '°,
2965 2987 3019 3031 et
3072 2978 3236 3034 Israel
3283 2962 3528 3051 captivus
3584 2988 3671 3040 vix

400 3056 458 3107 ἐν
480 3055 764 3127 Σαμαρείᾳ
808 3054 966 3127 Ὧσηέ
1001 3055 1120 3108 υἱοῦ
1162 3055 1317 3121 ‘HM,
1359 3055 1527 3125 ἀνέϐη
1567 3057 1985 3129 Σαλμανασάρό

2093 3063 2301 3119 tandem
2330 3080 2359 3118 a
2378 3064 2519 3136 Cyro
2537 3065 2821 3139 Cambysis
2839 3070 2950 3125 {ilio
2974 3072 3176 3141 elapsis
3197 3090 3388 3145 nempe
3416 3079 3570 3133 annis
3596 3095 3675 3135 se-

411 3146 715 3216 Ἀσσύριος,
741 3148 836 3199 καὶ
866 3144 1114 3216 ἀπῴκισε
1142 3146 1234 3200 τὸν
1265 3146 1483 3218 Ἰσραὴλ
1508 3149 1584 3211 είς
1608 3148 1677 3200 τὰ
1709 3148 1813 3220 ὅρη
1844 3151 1982 3221 Περ-

2093 3156 2383 3225 ptuaginta,
2402 3158 2657 3214 dimissus
2678 3171 2764 3216 est
2783 3163 2850 3217 δι.
2872 3161 3077 3219 Deinde
3110 3144 3403 3223 secundum
3439 3182 3670 3242 tempus,

398 3237 509 3293 σῶν
524 3239 618 3291 καὶ
645 3238 867 3309 Μήδων.
885 3235 1020 3293 Εἶτα
1032 3238 1215 3309 βραχὺ
1237 3238 1520 3311 προϊόντος
1533 3238 1627 3292 τοῦ
1650 3240 1865 3311 καιροῦ,
1886 3241 1983 3294 καὶ

2093 3246 2390 3302 Antiochus
2418 3261 2783 3320 cognomento
2811 3251 3043 3310 lllustris
3072 3258 3292 3326 prodiit.
3350 3259 3446 3316 llic
3484 3235 3672 3317 iu-Ju;

400 3329 834 3400 προφητεύοντος
876 3330 1161 3401 Ἰερεμίου,
1191 3330 1538 3401 κατακράτος
1559 3330 1658 3401 τὴν
1703 3332 1978 3401 Ἰερουσαο

2093 3337 2259 3391 theam
2282 3339 2579 3408 profectus,
2612 3343 2777 3396 etiam
2802 3344 3042 3400 divinum
3093 3350 3348 3420 templum
3404 3354 3669 3418 incendit.

323 3456 327 3460 ~
396 3426 506 3497 λὴμ
554 3427 763 3497 ᾕρηκεν
796 3428 825 3479 6
865 3425 1355 3497 Ναϐουχοδονόσορ.
1398 3424 1612 3494 Ἀνείθη
1658 3424 1715 3478 δὲ
1752 3426 1905 3496 μόλις
1950 3427 1979 3478 ό

2093 3444 2209 3483 rasa
2241 3433 2356 3498 ejus
2378 3431 2624 3503 diripuit,
2652 3442 2707 3488 et
2729 3432 2945 3492 Judmos
2967 3454 3157 3496 omnes
3179 3445 3354 3511 patria
3414 3445 3663 3504 instituta

412 3518 626 3589 Ἰσραὴλ
657 3516 745 3570 διὰ
764 3517 950 3588 Κύρου
974 3516 1071 3569 τοῦ
1108 3516 1431 3588 Καμϐύσου,
1457 3517 1566 3568 τῶν
1602 3515 1976 3587 ἐϐδομήκοντα

2093 3521 2337 3579 deserere
2361 3524 2623 3593 compulit
2644 3527 2879 3584 ".Unde
2916 3539 3036 3584 nata
3065 3531 3499 3591 Macllabaeornm
3530 3556 3668 3610 pra:-

396 3611 797 3680 τετε).εσμένων
820 3610 977 3665 ἐτῶν.
1010 3605 1147 3663 Εἶτα
1184 3610 1376 3679 γέγονε
1405 3608 1548 3663 κατὰ
1586 3611 1814 3681 καιροὺς
1854 3611 1978 3662 Ἀνο

2093 3612 2226 3666 :lara
2252 3625 2310 3668 et
2336 3615 2695 3672 admiratione
2734 3624 3111 3690 prosequenda
3144 3629 3464 3684 certamina.
3488 3631 3668 3696 Quar-

396 3706 593 3775 τίοχος.
641 3706 669 3757 6
695 3703 921 3773 ἐπίκλην
960 3703 1281 3772 Ἐπιφανής.
1330 3695 1498 3765 Οὗτος
1528 3702 1858 3771 ἀφικόμενος
1897 3703 1978 3765 είς

2093 3711 2196 3756 tum
2218 3702 2416 3757 bellum
2440 3705 2701 3763 lsraelitis
2713 3708 2941 3765 Romani
2974 3713 3238 3782 fecerunt,
3268 3724 3482 3787 quando
3504 3695 3667 3779 etiam

393 3796 493 3867 τὴν
534 3795 813 3858 Ἰουδαίαν,
838 3794 932 3846 καὶ
973 3793 1063 3845 τὸν
1094 3791 1239 3845 θεῖον
1266 3792 1535 3863 ἐνέπρησε
1564 3792 1699 3846 νεών
1724 3808 1737 3823 ·
1764 3787 1877 3845 εἷλέ
1915 3810 1973 3845 τε

2093 3791 2364 3848 inomnem
2422 3805 2641 3852 ventum
2697 3800 2944 3870 dissipati
2992 3815 3116 3859 sunt
3139 3808 3208 3861 ⁵⁸.
3253 3810 3491 3881 Apparet
3537 3831 3667 3887 ergo

391 3888 464 3941 τὰ
495 3887 664 3956 σκεύη
698 3886 769 3939 τὰ
806 3889 864 3939 ἐν
884 3885 1050 3955 αὐτῷ,
1083 3884 1177 3937 καὶ
1204 3883 1310 3937 τῶν
1336 3886 1607 3957 πατρῴων
1636 3883 1777 3937 ἐθῶν
1801 3902 1972 3938 κατα-

2093 3884 2392 3952 Jrophetam
2444 3887 2675 3947 obscure
2696 3898 2751 3947 et
2797 3902 3053 3965 tanquam
3089 3900 3141 3952 in
3175 3904 3541 3973 paradigmate
3570 3883 3667 3979 per

397 3980 661 4052 ραθυμεῖν
717 3979 961 4043 ἐϐιάζετο
997 3976 1123 4037 τοὺς
1174 3977 1278 4030 ἀνά
1326 3977 1506 4030 πᾶσαν
1548 3976 1649 4048 τὴν
1688 3976 1966 4030 Ἰουδαίαν.

2093 3977 2444 4033 ιετνιιιίοηριιι
2498 3981 2800 4040 istiusmodi
2848 3988 3204 4047 domesticum
3248 3996 3401 4052 nobis
3456 3976 3666 4058 separo-

394 4070 527 4123 Ὃτε
571 4066 665 4123 καὶ
703 4071 773 4123 τὰ
809 4069 917 4120 τῶν
963 4064 1341 4122 Μακκαϐαίων
1381 4065 1578 4137 συνέϐη
1608 4066 1837 4137 λαμπρὰ
1878 4067 1973 4117 xxi.

2098 4081 2200 4121 rem
2254 4070 2460 4126 referre
2509 4074 2761 4143 voluisse,
2790 4093 2885 4146 per
2924 4096 3166 4152 erucam,
3204 4085 3499 4150 locustam.
3536 4093 3666 4147 bru-

392 4160 804 4231 ἀξιοθαύμαστα
850 4160 1269 4232 κατορθώματα.
1330 4157 1603 4227 Τέταρτος
1657 4156 1715 4210 δὲ
1763 4160 1875 4220 τοῖς
1914 4157 1971 4223 ἐξ

2093 4159 2239 4213 :hum
2267 4170 2323 4215 et
2361 4165 2656 4235 aeruginem
2692 4180 2788 4225 aut
2822 4172 2959 4227 bella
3010 4175 3124 4244 ipsa
3178 4178 3393 4249 oblique
3446 4186 3665 4254 signiﬁ-

406 4252 619 4322 Ἰσραὴλ
644 4253 672 4303 6
712 4250 1000 4321 Ῥωμαίων
1025 4250 1223 4321 συνέϐη
1264 4247 1633 4339 πόλεμος,“ὅτε
1659 4246 1754 4299 καὶ
1776 4248 1971 4317 ἐσκορ-

2093 4254 2289 4315 cando,
2318 4264 2412 4307 aut
2435 4256 2580 4324 ipsos
2610 4263 3009 4329 expeditionum
3032 4268 3214 4333 duces,
3246 4285 3475 4339 quorum
3509 4279 3664 4332 modo

396 4343 664 4412 πίσθησαν
692 4344 771 4404 είς
795 4343 972 4396 πάντα
1005 4342 1225 4412 ἄνεμον.
1255 4340 1474 4393 Ἔοικεν
1494 4334 1588 4393 οὗν
1625 4340 1653 4391 6
1688 4340 1973 4408 προφήτης
2083 4345 2447 4402 meminimus.

392 4434 731 4505 ἀσυμφανῶς
756 4451 815 4487 τε
862 4434 957 4486 καὶ
982 4430 1258 4504 ἀμυδρῶς,
1294 4432 1388 4485 καὶ
1411 4430 1486 4493 ὡς
1534 4431 1593 4482 ἐν
1635 4429 1764 4483 εἴδει
1824 4430 2310 4502 παραδειγμάτων,
2338 4437 2423 4493 διὰ
2486 4439 2596 4492 τῶν
2632 4446 2892 4498 τοιούτων
2954 4449 3311 4526 διηγημάτων
3349 4458 3441 4512 τὸν
3463 4462 3663 4515 gusto,

390 4530 525 4598 ἡμῖν
572 4527 932 4597 ἀποκομίζειν
991 4524 1274 4595 βούλεσθαι
1321 4525 1513 4593 λόγον,
1575 4523 1964 4647 κάμπην,ικα“ι
2006 4526 2225 4594 ἀκρίδα,
2267 4532 2361 4583 καὶ
2420 4532 2671 4606 βροῦχον,
2714 4541 2807 4593 καὶ¹
2871 4543 3054 4612 μέντοι
3100 4523 3196 4602 καὶ
3232 4551 3513 4647 ἐρυσίϐην,
3542 4556 3661 4627 ἦτοι

392 4620 519 4647 -..ξιρ
561 4619 828 4647 κ-..Ὶληλιι-
881 4618 1075 4647 ...’.....ξ.-
1119 4618 1366 4647 ,Ἰηυιιιρ
1418 4617 1785 4647 _-A-R..\.‘_'....
1867 4636 1995 4647 ηιμ...
2061 4623 2187 4647 --ΧΑ
2223 4624 2331 4647 __"__.
2380 4644 2464 4647 __.
2606 4631 2631 4643 -ο
2712 4633 2797 4647 ιιι.
3092 4634 3119 4647 η

391 4620 519 4683 τοὺς
560 4619 828 4690 πολέμους
878 4618 1075 4681 αὐτοὺς
1119 4618 1366 4687 πλαγίως
1418 4617 1747 4690 παραδηλῶν
1772 4634 1785 4648 “
1829 4619 1995 4690 ἤγουν
2060 4623 2187 4686 τοὺς
2221 4624 2332 4679 τῶν
2372 4631 2673 4699 στρατειῶν
2709 4633 3057 4706 ἐξάρχοντας,
3083 4634 3158 4696 ὧν
3190 4647 3283 4698 καὶ
3316 4617 3519 4719 ἀρτίίος
3562 4670 3659 4705 πε·

392 4720 518 4788 ποιή
529 4716 667 4787 μεθα
709 4716 930 4786 μνήμην
1494 4788 1499 4793 .

460 4814 525 4866 Εἰ
555 4813 612 4866 δέ
648 4813 712 4882 δή
746 4829 828 4874 τις
860 4810 1102 4880 βούλοιτο
1148 4811 1244 4865 καὶ⁸
1284 4809 1630 4881 ἢθικωτέραν
1659 4813 1717 4863 ἐν
1760 4811 1970 4873 τούτοις

2149 4814 2245 4869 Sin
2279 4816 2399 4885 quis
2430 4819 2629 4873 sentiat
2678 4823 2942 4877 moralem
2977 4830 3367 4897 expositionem
3397 4837 3480 4892 his
3527 4856 3659 4895 con-

389 4903 668 4973 ἀφήγησιν
716 4901 1147 4971 ἀναγράφεσθαις
1180 4902 1281 4953 οὐκ
1326 4900 1392 4954 ἂν
1431 4902 1669 4973 ἁμάρτοι
1706 4901 1801 4954 τοῦ
1834 4905 1971 4975 πρέ-

2097 4904 2252 4972 ineri,
2278 4922 2305 4959 a
2342 4918 2489 4963 recto
2525 4926 2632 4965 non
2674 4914 3031 4973 aberraverit.
3070 4919 3203 4977 Nam
3245 4925 3290 4980 si
3322 4929 3500 4984 anima
3541 4947 3657 4988 cer-

393 5008 618 5055 ποντοςο
645 4992 694 5044 εί
718 4990 828 5063 γὰρ
860 4990 1036 5061 ὁρῷτο
1064 4990 1211 5064 ψυχὴ
1263 4995 1476 5062 συχνοῖς
1515 4993 1611 5045 καὶ
1650 4994 1972 5064 ἐπαλλήλοις

2093 5007 2239 5053 ratur
2310 5002 2519 5057 crebris
2568 5014 2624 5059 et
2670 5010 3090 5069 succedentibus
3151 5022 3656 5086 perturbationibus

391 5080 839 5151 καταδακνομένη
875 5079 1115 5147 πάθεσι,
1165 5082 1261 5134 καὶ
1317 5078 1428 5135 οἷον
1482 5083 1721 5154 έκάστην
1767 5085 1970 5157 ἀρετὴν

2093 5089 2285 5160 ιείῑοτῖ,
2317 5100 2372 5145 et
2401 5094 2552 5162 quasi
2574 5095 2801 5153 virtutes
2832 5100 3071 5170 singulas
3089 5078 3336 5175 perdere,
3364 5078 3654 5180 paulatim:

391 5170 760 5236 ἀπολλύουσα,
792 5172 887 5226 καὶ
929 5175 1072 5227 κατά
1110 5173 1283 5246 βραχὺ
1318 5174 1475 5228 τοῦτο
1519 5177 1715 5247 ἐκείνῳ
1747 5194 1971 5247 προστι-

2093 5196 2175 5250 lue
2234 5181 2373 5238 hanc
2419 5188 2724 5253 passionem
2788 5189 2861 5245 llli
2913 5208 3010 5263 per
3069 5200 3371 5254 socordiam
3429 5205 3650 5271 addere,

391 5262 547 5317 θεῖσα
592 5264 682 5318 διὰ
718 5263 1013 5337 ρᾳθυμίαν,
1048 5265 1167 5329 πῶς
1212 5268 1312 5320 οὐκ
1358 5266 1589 5337 ἀτρεκὲς
1618 5268 1705 5320 ἐπ’
1742 5269 1880 5339 αὐτῇ
1908 5268 1970 5322 τὸ

2093 5273 2345 5341 luomodo
2419 5291 2526 5332 non
2598 5293 2725 5334 vere
2776 5281 2842 5336 de
2918 5262 3040 5355 ipsa
3129 5288 3395 5346 dicatur:
3459 5314 3477 5346 ι
3546 5262 3653 5351 Re;

389 5356 597 5427 λέγειν,
633 5377 653 5409 ι
690 5358 773 5411 Τὰ
814 5358 1120 5414 κατάλοιπα
1170 5359 1273 5429 τῆς
1306 5359 1536 5430 κάμπης
1576 5359 1883 5429 κατέφαγεν
1933 5362 1967 5431 ή

2093 5366 2288 5421 tiduum
2312 5382 2486 5423 erucae
2542 5372 2774 5426 comedit
2805 5374 3093 5441 locusta,et
3136 5383 3408 5437 residumn
3435 5386 3653 5445 locustae

389 5451 574 5522 ἀκρὶς,
607 5450 702 5504 καὶ
742 5451 811 5505 τὰ
843 5451 1049 5524 ταύτης
1092 5450 1342 5523 βροῦχος,
1389 5454 1460 5505 τὰ
1506 5450 1563 5504 δέ
1602 5451 1697 5504 τοῦ
1733 5452 1964 5523 βρούχου

2093 5456 2313 5511 :omedit
2358 5458 2616 5525 bruchus,
2639 5470 2694 5517 et
2745 5465 3016 5519 residuum
3042 5470 3231 5523 bruchi
3264 5475 3499 5531 comedit
3554 5495 3647 5532 ru-

389 5544 426 5613 ή
454 5541 711 5615 ἐρυσίϐη;
766 5541 1057 5614 Ἐρυσίϐης
1104 5544 1213 5616 γὰρ
1259 5543 1416 5613 δίκην
1463 5544 1558 5596 καὶ
1602 5542 1712 5596 τῶν
1766 5544 1969 5615 ἐτέρων

2093 5547 2199 5619 )igo
2241 5548 2266 5601 ?
2303 5566 2323 5601 ι
2360 5548 2537 5607 Instar
2581 5555 2725 5609 enim
2754 5558 3015 5629 rubiginis
3070 5560 3406 5637 aliarumque
3466 5570 3650 5642 hujus-

2088 2880 2258 2934 remia
2291 2881 2642 2948 vaticinante,
2675 2883 2727 2937 vi
2759 2894 2814 2938 et
2841 2886 3009 2939 armis
3039 2888 3197 2957 201
3234 2888 3667 2963 Hierosolymam

462 5720 511 5751 “
547 5718 611 5774 tll
650 5718 782 5790 Reg.
825 5736 938 5784 xw,
967 5719 1163 5775 23-27.
1240 5718 1285 5750 "
1328 5720 1396 5775 IV
1422 5720 1559 5791 Reg.
1586 5737 1706 5785 vm,
1737 5721 1825 5772 29..
1902 5718 1947 5751 “
1982 5718 1989 5772 l

462 5804 525 5862 lg.
572 5806 699 5857 xxv,
737 5795 787 5849 l.
863 5794 903 5824 ⁸³
930 5790 987 5843 οΙΙ
1022 5790 1199 5846 Paral.
1244 5793 1690 5861 sxxvr,passim;
1730 5789 1746 5843 l
1780 5790 1980 5846 Esdr.|

2093 5722 2221 5828 Reg.
2254 5743 2412 5796 xxur,
2443 5730 2531 5786 35.
2642 5735 2688 5767 δ’
2729 5734 2797 5792 IV
2830 5734 2965 5863 Rei.
3008 5755 3140 5810 xvn,
3176 5748 3404 5816 passim.

2239 5799 2256 5852 l
2298 5799 2544 5858 Machab.
2582 5820 2619 5865 ι,
2656 5805 2747 5860 23.
2825 5809 2874 5839 ⁸³
2946 5825 3022 5865 er.
3058 5829 3207 5865 xux.
3249 5818 3338 5865 59-

549 5753 609 5774 η.
653 5753 782 5790 ηδε.
827 5753 938 5784 λιν,
972 5753 1163 5775 ιω...
1328 5753 1385 5775 ι.
1423 5753 1559 5791 ητις.
1593 5753 1706 5785 ηπ,
1741 5753 1825 5772 ως.
1983 5753 2037 5773 ιν
2092 5753 2221 5793 ητις.
2254 5753 2412 5796 χχιιι,
2443 5753 2531 5786 no.
2642 5753 2688 5767 τ·
2730 5753 2787 5792 Iv
2831 5753 2909 5793 ne
2950 5778 2965 5794 .
3008 5755 3140 5810 xvrr,
3176 5753 3404 5816 passim.
3498 5753 3546 5785 ⁸⁸
3578 5753 3645 5810 ιν

393 5788 525 5862 Rng.
572 5806 699 5857 xxv,
737 5795 787 5849 l.
863 5794 903 5824 ⁸³
930 5790 987 5843 οΙΙ
1022 5790 1199 5846 Paral.
1244 5793 1690 5861 sxxvr,passim;
1730 5789 1746 5843 l
1780 5790 1935 5846 Esdr.
1966 5806 2005 5858 ι,
2040 5792 2092 5848 5.
2155 5797 2201 5828 "
2239 5799 2256 5852 |
2298 5799 2544 5858 Machab.
2582 5820 2619 5869 ι,
2656 5805 2747 5860 23.
2825 5809 2874 5839 ⁸³
2912 5753 3022 5865 ger.
3058 5829 3207 5881 χιιι,
3249 5818 3338 5875 52.
