4132 6370
453 345 557 401 555

1440 344 1498 399 S.
1540 343 1812 401 CYRILLI
1853 343 2323 401 ALEXANDRINI
2364 345 2684 401 ARCHIEP.

3599 342 3703 397 556

456 464 596 518 modi
623 464 856 532 pestium
882 464 1252 538 depascuntur
1274 466 1672 535 quodammodo
1701 483 1824 538 qua:
1859 469 1911 520 iu
1931 484 2028 520 lto--

2138 468 2339 535 κακῶν,
2371 466 2802 522 καταῆόσκονταί
2818 482 2940 528 πως
2978 464 3046 517 τὰ
3074 465 3130 516 ἐν
3159 463 3292 533 ἡμῖν
3327 460 3508 528 ἀγαθὰ
3537 479 3707 532 πονη-

449 552 534 607 bis
563 552 748 608 insunt
768 554 930 616 bona,
964 536 1117 622 pra'vi
1145 563 1193 607 et
1223 553 1480 609 immundi
1506 536 1778 611 exercitus
1795 556 2030 610 animum

448 643 763 709 subeuntes,
799 652 852 696 et
876 643 1260 698 insatiabiliter
1285 659 1610 700 consumere
1658 647 1836 700 omnia
1865 645 2028 700 soliti.

446 735 600 793 Bona
629 746 714 792 est
744 737 908 806 igitur
941 737 1211 792 custodia.
1248 735 1361 792 Nec
1388 753 1578 806 parum
1619 753 1716 794 nos
1745 738 1897 808 juvat
1929 739 2033 792 Pa-

445 826 788 882 rcemiastes:
821 845 842 878 ι
866 825 921 880 Si
945 825 1168 897 spiritus
1195 835 1515 894 potestatem
1539 827 1809 891 habentis,
1836 829 2030 897 inquit,

445 917 756 990 ascenderit
779 932 943 987 super
969 927 1040 981 te,
1063 916 1236 974 locum
1278 927 1426 972 tuum
1475 933 1544 974 ne
1591 918 1882 985 dimiseris,
1905 919 2032 989 quia

445 1011 658 1066 curatio
680 1008 844 1065 faciet
883 1025 1102 1066 cessare
1135 1022 1352 1082 peccata
1395 1013 1628 1067 maxima
1663 1013 1732 1068 “.
1776 1031 1796 1064 ›
1829 1013 2033 1082 Repre-

446 1101 632 1156 beusae
675 1103 820 1156 enim
867 1102 937 1158 ab
987 1103 1143 1158 initio
1193 1103 1400 1158 vitiosa;
1433 1101 1744 1160 aﬂectiones
1777 1104 2033 1160 sedantur

447 1204 502 1249 et
563 1194 1016 1266 comprimuntur.
1073 1195 1170 1252 Sin
1248 1196 1401 1266 quasi
1484 1196 1648 1251 latum
1714 1205 1769 1252 et
1830 1197 2032 1267 absque

447 1287 819 1345 admonitione
869 1288 936 1342 ad
992 1287 1262 1344 deteriora
1310 1303 1658 1358 progressum
1715 1288 2030 1344 nactaslue-

448 1380 584 1442 rint.
633 1387 804 1436 totam
858 1379 1096 1434 animam
1141 1395 1239 1448 per
1278 1380 1457 1435 omnia
1485 1380 1768 1446 dilaniant,
1790 1390 1843 1436 et
1863 1381 2031 1438 ratio-

448 1472 532 1528 nis
561 1472 1085 1528 animadversionem
1114 1473 1345 1541 amplius
1370 1489 1474 1527 non
1516 1474 1820 1543 patiuntur.

524 1564 686 1618 Vens.
715 1564 772 1619 5.
800 1561 1131 1632 Resipisct'te,
1155 1563 1306 1627 ebrii,
1324 1580 1357 1618 a
1377 1564 1496 1618 vino
1519 1574 1715 1631 vestro,
1732 1575 1781 1618 et
1809 1564 2028 1632 plorata.

450 1654 720 1724 Plangite,
764 1671 942 1711 omnes
991 1657 1082 1725 qui
1133 1655 1309 1711 bibitis
1355 1657 1530 1710 vinum
1571 1658 1640 1711 ad
1695 1659 2030 1722 ebrietatem;

446 1748 697 1817 quoniam
734 1745 917 1802 ablata
956 1755 1031 1802 est
1074 1746 1139 1801 ab
1191 1763 1280 1801 ore
1337 1756 1508 1802 vestro
1541 1747 1736 1802 latitia
1790 1762 1849 1802 -ει
1897 1764 2030 1818 gau-

447 1841 618 1894 dium.

523 1932 586 1986 V.
606 1932 751 1988 Citra
781 1931 1054 2001 negotium
1085 1947 1296 1998 rursus,
1327 1939 1388 1988 ut
1432 1931 1693 1998 arbitror,
1713 1931 1841 1987 hinc
1861 1933 2026 1988 etiam

448 2024 732 2094 perspicue
758 2024 944 2079 videas
978 2023 1142 2079 divini
1167 2022 1318 2078 Pauli
1353 2023 1834 2093 sapientiam.<Pcr
1866 2024 2026 2079 ﬁdem

451 2121 503 2172 in
543 2117 818 2172 Christum
857 2117 1011 2187 quasi
1060 2131 1261 2187 sagena
1315 2116 1591 2172 conclusis
1645 2116 1779 2172 alias
1809 2117 2027 2186 quidem

449 2207 764 2262 salutariter
789 2205 1056 2262 acclamat
1087 2225 1099 2260 :
1134 2224 1152 2258 ι
1171 2202 1369 2276 Surge,
1398 2206 1489 2275 qui
1518 2206 1784 2262 dormis"
1803 2223 1861 2273 ;.ι
1897 2206 2032 2263 alias

452 2313 636 2354 rursus
650 2299 717 2354 ad
747 2298 988 2353 laborum
1019 2298 1331 2367 patientiam
1355 2297 1516 2368 202
1554 2297 2031 2354 adamandamim-

450 2390 677 2460 pellens,
719 2389 792 2444 ita
825 2390 1099 2460 loquitur:
1139 2408 1158 2441 ι
1224 2389 1280 2444 Ιιι
1331 2389 1613 2458 disciplina
1666 2401 2027 2459 perseverate.

450 2481 732 2551 Tanquam
753 2482 879 2538 ﬁliis
901 2483 1056 2538 vobis
1087 2482 1244 2539 oll'ert
1261 2497 1320 2539 se
1351 2481 1523 2538 Deus:
1547 2483 1670 2553 quis
1697 2482 1842 2538 enim
1869 2482 2027 2550 ﬁlius,

449 2591 608 2646 quem
639 2590 747 2631 non
772 2576 1000 2646 corripit
1056 2585 1210 2645 pater
1240 2575 1324 2629 “‘i
1352 2593 1376 2628 δ
1421 2574 1664 2630 Perculit
1709 2577 1852 2632 enim
1899 2589 2031 2644 pec-

451 2676 700 2732 catores,
732 2676 987 2737 tanquam
1017 2683 1124 2724 non
1171 2665 1382 2732 volens,
1423 2669 1552 2736 quia
1591 2667 1712 2736 pius
1736 2674 1820 2722 est
1854 2666 2031 2731 Deus;

452 2759 548 2815 sed
579 2758 731 2814 velut
757 2770 1005 2822 coactus,
1050 2764 1378 2813 convertens
1409 2772 1528 2822 eos,
1587 2766 1643 2812 et
1673 2759 1740 2812 de
1769 2756 2035 2826 supplicio

452 2853 554 2908 illis
577 2852 794 2907 modum
817 2851 1003 2906 auxilii
1023 2849 1298 2915 elﬁciens;
1335 2849 1787 2920 quemadmodum
1828 2849 2038 2904 scilicet

453 2946 575 3001 boni
603 2959 817 3016 quoque
841 2941 1033 2999 medici
1055 2942 1442 3014 aegrotantibus
1469 2955 1730 3010 perquam
1778 2941 1926 2996 acria
1981 2949 2036 2994 et

454 3037 700 3095 insuavia
751 3035 1143 3090 medicamenta
1202 3036 1534 3099 ministra-nt,
1571 3042 1630 3088 ut
1671 3033 1873 3090 doloris
1902 3032 2037 3088 tole-

2048 1813 2103 1869 -B

2140 563 2232 632 ραὶ
2279 562 2374 614 καὶ
2403 559 2706 627 ἀκάθαρτοι
2753 555 3014 627 δυνάμεις
3041 556 3121 616 είς
3153 552 3276 606 νοῦν
3313 549 3706 622 ἐμπίπτουσαι,

2133 655 2229 707 καὶ
2267 654 2566 723 ἀπλήστοις
2593 649 2770 704 ὀδοῦσι
2801 649 3048 719 δαπανᾷν
3082 643 3404 715 εἰθισμέναι.
3439 643 3590 712 Καλή
3630 661 3711 696 τοι

2133 744 2241 814 γὰρ
2301 741 2395 798 οὖν
2443 745 2476 815 ἡ
2520 743 2808 810 ἀσφάλεια.
2851 741 2963 795 Καὶ
3013 739 3076 810 δὴ
3128 738 3222 792 καὶ
3273 737 3512 806 ὀνίνησιν
3562 736 3710 806 ἡμᾶς

2132 835 2193 887 οὐ
2227 834 2465 905 μετρίως
2489 835 2518 887 ό
2551 831 2982 906 Παροιμιαστὴς,
3014 829 3218 898 λέγων·
3267 846 3286 880 ι
3326 827 3456 880 Ἐὰν
3494 825 3712 897 πνεῦμα

2133 924 2227 978 τοῦ
2258 924 2665 992 ὲξουσιάζοντος
2695 924 2870 995 ἀναϐῇ
2898 924 2992 976 ἐπὶ
3024 921 3106 986 σὲ,
3130 919 3296 974 τόπον
3320 935 3414 971 σου
3448 917 3522 989 μὴ
3544 917 3710 987 ἀφῇς,

2132 1017 2214 1070 ὅτι
2247 1017 2386 1086 ῐαμα
2432 1014 2778 1069 καταπαύσει
2828 1011 3104 1085 ἁμαρτίας
3145 1010 3407 1082 μεγάλας.
3446 1029 3465 1060 ι
3505 1009 3712 1062 Ἐπιτι-

2135 1107 2363 1178 μώμενα
2400 1108 2510 1179 γὰρ
2543 1108 2601 1161 ἐν
2649 1109 2845 1179 ἀρχαῖς
2881 1106 2952 1160 τὰ
3011 1105 3180 1176 πάθη,
3217 1103 3484 1157 παύονταί
3518 1119 3579 1155 τε
3617 1101 3715 1155 καὶ

2131 1199 2555 1253 ἀνακόπτονται.
2589 1197 2862 1252 Πλατεῖαν
2901 1194 3174 1266 δὲῶσπερ
3211 1191 3306 1247 καὶ
3349 1191 3710 1260 ἀνουθέτητον

2133 1289 2182 1341 εἰ
2223 1287 2439 1342 λάϐοιεν
2483 1287 2583 1358 τὴν
2621 1289 2701 1350 εἰς
2734 1286 2802 1340 τά
2838 1285 3005 1356 χείρω
3037 1283 3293 1355 πρόοδον,
3333 1282 3459 1350 ὅλης
3492 1280 3558 1333 δι’
3589 1281 3712 1332 ὅλου

2131 1381 2595 1454 καταδράττονται
2634 1379 2734 1448 τῆς
2770 1377 2971 1449 ψυχῆς,
3006 1376 3100 1430 καὶ
3127 1373 3386 1445 λογισμοῦ
3422 1371 3518 1426 τοῦ
3556 1369 3716 1425 κολά-

2132 1473 2315 1539 ζοντος
2343 1475 2444 1527 οὐκ
2473 1473 2777 1543 ἀνέχονται.

2214 1562 2576 1634 ἲΕκνήψατε,
2600 1566 2654 1619 οὶ
2679 1565 3029 1632 μεθύοντες,
3064 1559 3134 1624 ἐξ
3157 1559 3326 1613 οἴνου
3365 1554 3582 1622 αὐτῶν,
3614 1556 3712 1610 καὶ

2132 1657 2464 1711 κλαύσατε.
2492 1654 2864 1725 Θρηνήσατε,
2897 1651 3139 1717 ,πάντες
3167 1652 3222 1704 οἱ
3247 1649 3528 1713 πίνοντες
3546 1643 3716 1701 οἶνον

2131 1751 2219 1814 εις
2249 1749 2444 1818 μέθην
2463 1764 2476 1778 ο
2505 1747 2596 1801 ὅτι
2621 1739 2844 1815 ὲξῆρθη
2869 1745 2940 1797 ἐκ
2978 1745 3278 1813 στόματος
3317 1739 3482 1810 ὑμῶν
3505 1742 3715 1809 εὐφρο-

2130 1841 2290 1908 σύνη
2318 1839 2418 1893 καί
2451 1837 2628 1909 χαρά.
3781 1830 3786 1836 ’

2201 1931 2278 1986 E’.
2322 1921 2589 2002 ’Ᾱμογητὶ
2626 1930 2691 2002 δὴ
2726 1929 2888 1983 πάλιν
2912 1926 3225 1994 κάντεῦθεν,
3254 1922 3430 1997 οἶμαι,
3463 1926 3548 1988 τὶς
3574 1941 3712 1978 κατ-

2129 2025 2360 2097 αθρήσει
2392 2023 2597 2093 σαφῶς,
2632 2023 2710 2086 ὡς
2740 2022 2902 2092 σοφὸς
2943 2016 3012 2093 ἦν
3055 2019 3195 2090 ἄγαν
3227 2021 3257 2073 ὁ
3293 2018 3435 2081 θεῖος
3478 2016 3710 2082 Παῦλος,

2130 2119 2244 2180 τοῖς
2283 2115 2374 2170 διὰ
2415 2115 2655 2177 πίστεως
2687 2113 2786 2184 τῆς
2835 2116 2915 2177 εἰς
2944 2107 3179 2184 Χριστὸν
3227 2107 3717 2179 σεσαγηνευμένοις

2131 2214 2210 2277 είς
2262 2210 2537 2284 σωτηρίαν
2592 2209 2879 2278 ὲπιφωνῶν
2922 2225 2982 2261 τε
3026 2206 3124 2260 καὶ
3169 2205 3362 2273 λέγων,
3397 2203 3530 2257 ποτὲ
3580 2202 3712 2274 μέν’

2139 2307 2447 2375 «Ἔγειραι,
2480 2304 2509 2356 ὁ
2541 2301 2849 2357 καθεύδωνο
2879 2320 2897 2352 ι
2923 2299 3051 2354 ποτὲ
3074 2299 3130 2353 δὲ
3163 2293 3228 2352 αὖ
3248 2298 3345 2352 καὶ
3368 2297 3431 2350 τὸ
3457 2297 3516 2350 ὲν
3537 2296 3718 2356 πόνοις

2132 2395 2408 2468 τληπαθὲς
2456 2395 2678 2465 ἀγαπᾷν
2713 2392 3046 2458 ἀναπείθων,
3084 2391 3343 2464 ταύτῃτοι
3375 2389 3466 2443 καὶ
3503 2388 3679 2454 λέγων
3700 2404 3715 2418 ·

2139 2487 2251 2542 «Εἰ
2289 2485 2540 2539 παιδείαν
2576 2485 2900 2556 ὑπομένετε,
2929 2483 3004 2548 ὼς
3027 2485 3162 2547 υἱοῖς
3192 2485 3322 2554 ὑμῖν
3349 2481 3719 2552 προσφέρεται

2131 2582 2163 2633 ὁ
2195 2580 2328 2642 Θεός
2351 2596 2364 2609 ·
2389 2577 2474 2642 τίς
2506 2578 2616 2649 γάρ
2648 2578 2797 2631 ἐστιν
2825 2578 2962 2642 υίὸς,
2986 2577 3044 2630 ὂν
3067 2578 3127 2630 ού
3154 2565 3400 2630 παιδεύει
3441 2576 3658 2645 πατήρ;
3693 2593 3712 2622 ι

2135 2668 2450 2725 Καταπαίει
2473 2669 2581 2741 γὰρ
2605 2667 2793 2740 ὥσπερ
2832 2668 2959 2731 τοὺς
2979 2667 3394 2738 ἁμαρτάνοντας
3421 2665 3521 2735 οὐχ
3556 2663 3719 2726 ἑκὼν,

2144 2759 2326 2814 καίτοι
2355 2758 2738 2830 φιλάνθρωπος
2765 2758 2864 2822 ὢν,
2894 2759 2922 2811 ό
2949 2757 3098 2825 Θεὸς,
3135 2757 3251 2812 ἀλλ’
3271 2757 3346 2822 ὡς
3375 2756 3435 2823 ἐξ
3455 2757 3722 2824 ἀνάγκης,

2136 2852 2503 2923 ἐπιστρέφων,
2531 2851 2628 2906 καὶ
2646 2851 2852 2922 τρόπον
2873 2851 3057 2913 αὐτοῖς
3085 2849 3408 2921 ἐπικουρίας
3431 2848 3492 2902 τὸ
3529 2848 3724 2921 χρῆμα

2148 2945 2507 3015 ποιούμενοςο
2571 2943 2822 3015 καθάπερ
2869 2942 3061 3013 ἀμέλει
3105 2941 3200 2997 καὶ
3239 2943 3294 2996 oi.
3330 2945 3430 3010 τῆς
3475 2941 3724 3013 ἰατρικῆς

2138 3036 2510 3106 ἐπιστήμονες
2553 3037 2670 3097 τοῖς
2704 3032 3053 3106 ἀρρωστοῦσι
3111 3032 3456 3104 προσάγουσι
3515 3033 3612 3087 καὶ
3648 3032 3719 3086 τὰ

455 3129 628 3184 rantia
662 3129 910 3183 morbum
937 3127 1190 3197 depellat.
1220 3110 1518 3182 Considera
1540 3123 1692 3181 enim
1748 3139 1857 3194 quo
1879 3135 2032 3196 pacto

2140 3127 2347 3198 σφόδρα
2378 3125 2788 3180 καταδάκνοντα
2817 3124 2927 3178 τῶν
2951 3123 3284 3196 φαρμάκων,
3315 3125 3504 3180 ἄκεσιν
3540 3125 3726 3188 αὐτοῖς

454 3219 657 3290 ﬂagella
690 3218 839 3288 prius
866 3225 1171 3280 ostentans.
1197 3215 1402 3286 etquid
1431 3216 1512 3271 ira
1531 3215 1603 3271 sit
1645 3217 1855 3270 factura
1906 3225 2033 3270 ante

455 3315 855 3376 demonstrans,
893 3317 1097 3363 tantum
1135 3323 1241 3363 non
1277 3326 1297 3360 ι
1334 3322 1489 3364 camo
1519 3316 1574 3362 et
1604 3306 1756 3362 freno
1788 3305 2034 3362 maxillas

453 3418 639 3458 eorum
673 3402 741 3469 ⁸⁷,
772 3419 789 3452 ι
822 3410 881 3457 ut
907 3402 1164 3471 scriptum
1205 3408 1310 3466 est,
1345 3399 1709 3469 constringat,
1747 3407 1803 3455 et
1829 3408 2034 3455 retror-

453 3508 572 3547 sum
602 3491 1003 3570 quodammodo
1055 3490 1309 3546 incedere
1361 3490 1553 3559 iubeat
1595 3491 1810 3544 animos
1869 3489 1936 3544 ad
1981 3488 2034 3544 id

455 3586 598 3655 quod
633 3588 930 3652 praestabat
953 3592 1009 3639 et
1057 3582 1502 3640 decentissimum
1526 3591 1646 3636 erat
1679 3581 2032 3651 applicantes.

462 3697 480 3729 ι
527 3676 998 3749 Expergiscimini,
1019 3674 1157 3731 ebrii
1179 3688 1211 3728 a
1241 3673 1367 3729 vino
1402 3682 1605 3727 vestro.
1633 3691 1653 3724 ι
1709 3671 1876 3727 Audis
1901 3686 2035 3740 quo—

455 3772 619 3826 modo
658 3768 888 3838 utliilios
953 3775 1131 3822 mente
1163 3775 1395 3829 emotos,
1437 3773 1494 3820 et
1541 3764 1654 3834 jam
1712 3762 2036 3819 temulentos

457 3862 715 3932 deinceps
773 3859 1081 3937 _objurgat.
1155 3857 1423 3924 Quoniam
1495 3857 1540 3912 si
1620 3854 1934 3926 vigilassent
2004 3868 2036 3908 a

459 3953 745 4024 principio,
774 3951 889 4008 sola
928 3965 1094 4006 eruca
1121 3949 1296 4020 puniti
1322 3948 1455 4004 satis
1480 3947 1734 4003 fuissent.
1771 3946 1876 4002 Sed
1907 3945 2036 4014 quia

457 4047 631 4116 prima
657 4059 814 4114 paena
834 4044 1071 4114 irrogata
1103 4041 1376 4098 obfirmati
1407 4047 1743 4103 manserunt,
1784 4037 2035 4107 adjuncta

456 4146 542 4194 est
575 4138 770 4201 altera,
794 4144 849 4192 et
875 4146 995 4206 post
1020 4137 1161 4190 banc
1190 4133 1372 4200 tertia,
1413 4142 1659 4202 etusque
1687 4130 1755 4187 ad
1785 4139 2035 4201 quartam

458 4230 693 4300 denique
719 4237 938 4284 ventum
981 4235 1088 4283 est.
1150 4223 1537 4280 Verumtamen
1570 4223 1764 4280 saltem
1794 4237 1918 4279 sero
1949 4237 2038 4278 ex-

457 4321 818 4392 pergefactos,
853 4329 908 4374 et
957 4319 1357 4388 resipiscentes,
1414 4325 1471 4372 et
1525 4317 1679 4386 quasi
1715 4315 2033 4372 ebrietatem

456 4411 745 4482 quamdam
781 4410 976 4466 mentis
1002 4411 1240 4466 studium
1263 4410 1332 4465 ad
1363 4409 1692 4480 voluptatem
1718 4408 2036 4465 etinsanam

2141 3216 2235 3272 τοῦ
2291 3217 2499 3280 πάθους
2537 3217 2598 3270 τὸ
2647 3217 2757 3270 δεῖν
2810 3216 3046 3286 ἀλγῆσαι
3079 3215 3417 3284 ποιούμενοι.
3457 3214 3569 3270 Θέα
3613 3216 3725 3288 γὰρ

2145 3311 2294 3374 ὃπως
2332 3309 2430 3374 τὰς
2461 3309 2731 3380 μάστιγας
2764 3307 3180 3380 προῦποδείξας,
3220 3307 3316 3362 καὶ
3339 3309 3726 3382 προαναφῆνας

2151 3403 2221 3457 τὰ
2265 3401 2325 3470 ἐξ
2375 3402 2569 3474 ὀργῆς,
2592 3401 2895 3473 μονονουχὶ
2935 3419 2955 3453 ι
3004 3399 3208 3472 χαλινῷ
3270 3401 3367 3455 καὶ
3417 3401 3580 3472 κημῷ
3625 3402 3727 3464 τὰς

2143 3495 2396 3565 σιαγόνας
2425 3494 2628 3560 αὐτῶν,
2657 3513 2676 3546 ι
2707 3493 2848 3548 κατὰ
2890 3493 2953 3547 τὸ
2995 3493 3412 3565 γεγραμμένον,
3439 3494 3596 3564 άγχει
3629 3493 3726 3547 καὶ

2141 3588 2332 3642 ἀνόπιν
2368 3586 2562 3658 ὥσπερ
2607 3586 2745 3642 ίέναι
2780 3585 3012 3653 κελεύει,
3058 3585 3445 3658 μετατιθέντας
3484 3587 3576 3639 τὸν
3598 3585 3725 3639 νοῦν

2142 3680 2235 3732 ἐπὶ
2269 3679 2388 3732 τόδε
2415 3678 2725 3740 ἀνελέσθαι,
2759 3679 2897 3750 ὅπερ
2922 3674 2991 3750 ἦν
3021 3677 3247 3749 ἄμεινόν
3273 3695 3332 3731 τε
3358 3679 3453 3732 καὶ
3493 3696 3720 3750 πρεπω-

2141 3770 2413 3824 δέστατον.
2441 3788 2460 3821 ι
2481 3769 2781 3840 Ἐκνήψατε
2807 3769 2997 3840 γὰρ,οί
3029 3768 3342 3840 μεθύοντες,
3362 3769 3420 3834 ἐξ
3447 3770 3590 3824 οἴνου
3620 3771 3722 3823 αὑο

2142 3861 2274 3916 τῶν.
2305 3881 2326 3914 ι
2387 3861 2664 3927 Ἀκούεις,
2710 3864 2858 3927 ὃπως
2899 3862 2976 3925 ὡς
3021 3861 3233 3926 τέκνοις
3277 3863 3594 3934 ὲξεστηκόσι
3631 3866 3727 3918 καὶ

2143 3953 2244 4024 ήδη
2283 3953 2681 4025 μεμεθυμένοις
2715 3954 3038 4026 ἐπιπλήττει
3075 3955 3280 4009 λοιπόν.
3323 3956 3412 4020 Ὠς
3444 3956 3599 4027 εῐπερ
3627 3957 3724 4009 bt-

2143 4046 2372 4116 νήψειαν
2405 4047 2466 4100 ὲν
2510 4047 2728 4118 ἀρχαῖς,
2763 4047 2998 4119 ἤρκεσεν
3043 4047 3109 4100 ἂν
3157 4048 3279 4119 δίκη
3312 4049 3496 4112 αὐτοῖς
3537 4049 3631 4102 καὶ
3657 4048 3726 4102 τά

2144 4137 2207 4189 ἐκ
2232 4138 2400 4208 μόνης
2429 4137 2530 4208 τῆς
2557 4139 2788 4208 κάμπης
2809 4156 2823 4170 ο
2850 4138 2971 4191 ἐπεὶ
3000 4139 3057 4192 δὲ
3088 4139 3352 4193 ἀνάλωτοι
3389 4141 3727 4211 μεμενήκασι

2142 4231 2242 4300 τῆς
2268 4229 2493 4301 πρώτης
2522 4229 2693 4302 όργῆς
2725 4231 2896 4302 αὐτῆς
2921 4233 3379 4303 ἐπενηνεγμένης,
3407 4232 3726 4303 προστέθει-

2142 4337 2232 4373 ται
2261 4321 2356 4374 καὶ
2405 4320 2656 4392 δευτέρα,
2703 4322 2798 4376 καὶ
2847 4323 2966 4392 μετ’
3001 4321 3214 4390 ἐκείνην
3253 4323 3288 4390 ἡ
3324 4322 3508 4393 τρίτη,
3537 4323 3730 4394 προϐέ-

2145 4411 2281 4482 ϐηκε
2317 4411 2375 4465 δὲ
2412 4411 2576 4483 μέχρι
2597 4413 2888 4484 τετάρτης.
2934 4413 3078 4485 Πλὴν
3109 4412 3240 4482 γοῦν
3284 4413 3388 4467 κᾶν
3412 4413 3511 4484 ὀψὲ
3545 4414 3728 4485 διεγη-

457 4503 720 4572 peccandi
758 4502 1036 4558 libidinem
1069 4502 1404 4570 deserentes,
1437 4502 1644 4559 sentire
1695 4501 1922 4573 posthac
1945 4516 2032 4558 ca-

2144 4504 2474 4574 γερμένους,
2511 4503 2607 4556 καὶ
2649 4505 3046 4576 ἀνανήφοντας,
3075 4506 3170 4558 καὶ
3197 4505 3363 4558 οἱονεί
3403 4522 3528 4558 τινα
3556 4505 3728 4576 μέθην

457 4607 550 4646 sus
575 4593 877 4662 praeteritos
894 4592 1065 4662 jubet,
1094 4594 1385 4665 gemitibus
1415 4601 1472 4649 et
1521 4593 1779 4666 lacrymis
1821 4603 2032 4666 proptet

2145 4595 2325 4658 ἱέντας
2353 4595 2448 4649 τοῦ
2478 4593 2574 4649 νοῦ
2612 4594 2711 4667 τὴν
2742 4595 3075 4668 φιληδονίαν,
3108 4597 3204 4650 καὶ
3231 4595 3292 4649 τὺ
3333 4596 3580 4661 ἐκτόπως
3617 4597 3730 4651 ἑλέ·-

460 4681 693 4737 admissa
719 4681 1081 4752 indulgentes.

529 4948 821 5006 Sciendum
853 4964 1034 5020 porro,
1070 4949 1234 5006 etiam
1273 4949 1568 5019 unicuique
1593 4958 1836 5006 nostrum
1888 4950 2035 5005 velut

458 5043 736 5114 proprium
765 5043 1033 5113 quoddam
1054 5041 1236 5098 vinum
1263 5056 1405 5110 esse,
1444 5042 1590 5114 quod
1633 5056 1731 5098 cor
1781 5043 2036 5101 inebriat.

461 5137 764 5192 llividimur
813 5135 992 5198 enim,
1042 5145 1102 5190 ut
1157 5135 1229 5189 ita
1267 5136 1484 5203 dicam,
1526 5135 1822 5191 secundum
1889 5153 2037 5193 mor-

2141 4686 2267 4741 σθαι
2313 4687 2678 4758 πλημμελεῖν,
2731 4689 2812 4753 είς
2844 4688 3098 4760 αἴσθησιν
3148 4689 3257 4741 τῶν
3305 4687 3730 4759 συμϐεϐηκότων

2136 4778 2432 4848 ἀφικέσθαι
2474 4777 2688 4833 κελεύει
2739 4778 2948 4846 λοιπὸν,
2989 4779 3273 4844 κλαίοντας
3311 4781 3407 4834 καὶ
3457 4780 3732 4852 κατοιμώ-

2136 4867 2330 4933 ζοντας
2354 4870 2450 4925 ἐπὶ
2478 4873 2601 4933 ταῖς
2625 4869 2776 4940 σφῶν
2805 4871 3328 4943 αὑτῶν.ἁμαρτίαις.

2230 4959 2428 5016 Ἰστέον
2456 4962 2539 5026 δὲ,
2568 4962 2652 5016 ἃτι
2687 4964 2782 5017 καὶ
2816 4963 3034 5034 ἑκάστῳ
3060 4963 3219 5034 ἡμῶν
3249 4959 3390 5027 οἶνος
3431 4963 3622 5036 ὥσπερ
3648 4981 3732 5027 τις

2147 5053 2296 5108 ἐστὶν
2336 5054 2524 5119 ίδικὸς,
2551 5056 2581 5108 ό
2606 5055 3042 5127 καταμεθύσκων
3065 5055 3316 5127 καρδίαν.
3351 5057 3732 5127 Καταμεριζό-

2149 5145 2290 5217 μεθα
2317 5145 2449 5218 γὰρ,
2493 5147 2560 5200 ἶν’
2590 5146 2764 5212 οὕτως
2797 5147 2956 5214 είπω,
2998 5146 3068 5201 τὰ
3107 5145 3278 5218 πάθη,
3319 5148 3415 5200 καὶ
3445 5149 3473 5200 ό
3509 5148 3610 5218 μέν
3646 5164 3730 5209 τις

458 5228 559 5284 bos
595 5229 919 5284 animorum.
955 5225 1036 5281 Ex
1073 5219 1229 5282 nobis
1272 5227 1410 5282 alius
1446 5235 1643 5298 praeter
1677 5235 1872 5283 caetera
1917 5231 2032 5284 viti:

2149 5240 2308 5310 ἡμῶν
2353 5241 2716 5296 ἀπονένευκεν
2745 5241 3016 5312 ἀχαλίνως
3052 5242 3134 5306 είς
3180 5240 3544 5312 φιλαργυρίαν
3591 5241 3730 5311 μετά

456 5337 554 5376 sua
585 5321 653 5376 ad
680 5321 963 5376 avaritiam
1019 5319 1264 5391 rapitur;
1323 5319 1461 5375 alter
1521 5319 1664 5390 sapit
1709 5335 1831 5390 quae
1863 5325 2032 5378 mund

2144 5330 2241 5384 τοῦ
2268 5332 2362 5386 καὶ
2391 5331 2558 5404 ἔτερα
2580 5335 2757 5387 νοσεῖν
2773 5351 2786 5364 ·
2813 5333 3002 5406 ἔτερος
3026 5334 3084 5387 δὲ
3109 5329 3175 5389 αὖ
3201 5335 3513 5405 πεφρόνηκε
3540 5332 3609 5387 τὰ
3635 5331 3730 5385 τοῦ

461 5423 610 5479 sunt,
637 5423 692 5468 et
715 5427 845 5468 cura
872 5413 1055 5469 carnis
1085 5421 1337 5482 aegrotat,
1366 5412 1576 5468 deliciis
1602 5422 1656 5468 et
1682 5413 2032 5484 voluptatilnn

2147 5421 2379 5492 κόσμου.
2413 5423 2508 5476 καὶ
2550 5422 2986 5495 κατηρρώστησε
3031 5424 3131 5494 τὴν
3176 5423 3555 5494 φιλοσαρκίαν,
3601 5439 3732 5490 τρυ-

458 5505 748 5559 immersus
774 5520 790 5570 ;
822 5503 958 5560 alius
982 5505 1286 5574 cuicunque
1316 5503 1536 5559 demum
1570 5505 1662 5560 alii
1714 5517 1936 5575 peccato
1987 5522 2032 5563 δι

2145 5514 2296 5580 φαῖς,
2331 5513 2426 5567 καὶ
2471 5514 2807 5586 φιληδονίαις
2853 5515 3165 5586 ὁλοτρόπως
3208 5515 3634 5586 προσκείμενος·
3668 5513 3732 5577 ὃς

460 5595 647 5651 tradit.
670 5595 752 5651 Ad
778 5594 1040 5668 ﬂagitiosa
1069 5606 1249 5654 autem
1281 5607 1336 5654 et
1357 5597 1590 5669 impura,
1619 5599 1834 5668 Deoque
1859 5600 2032 5655 odiosa

2143 5604 2202 5656 δὲ
2256 5605 2336 5667 εἰς
2388 5605 2580 5675 ἑτέραν
2637 5605 2886 5677 ἡντινοῦν
2935 5607 3389 5680 ἀποδεδράμηκεν
3427 5607 3728 5679 ἁμαρτίαν.

527 5771 576 5803 ⁸³
623 5771 803 5829 Eccle.
839 5789 894 5842 x,
932 5773 986 5830 4.
1064 5776 1109 5809 ⁵⁸
1149 5773 1330 5847 Ephes
1387 5790 1440 5843 v,
1487 5774 1578 5830 14.
1653 5775 1701 5807 ⁸⁵
1739 5773 1900 5832 llebr.
1943 5792 2032 5844 xu,

2201 5780 2246 5812 ⁸⁷
2281 5778 2424 5835 Psal.
2466 5797 2613 5848 xxxi,
2654 5783 2706 5837 9.
