4132 6370
428 438 532 495 5'57

1318 432 1874 492 COMMENTARIUS
1913 434 1979 490 IN
2018 432 2284 489 JOELEM
2325 427 2765 487 PROPIIETAM.

3587 431 3689 503 533

431 557 584 625 Ἶμεν
624 553 681 608 δὲ
712 553 778 624 δὴ
812 554 947 625 πρὸς
978 553 1045 608 τὰ
1078 552 1307 624 βδελυρά
1343 555 1439 609 καὶ
1476 554 1705 626 θεομισῆ
1746 553 1855 606 τῶν
1892 569 1984 607 πα-

2104 548 2309 619 piacula
2333 546 2423 602 alii
2453 546 2693 617 segnius,
2717 543 2808 599 alii
2831 551 2940 598 tota
2970 543 3298 615 appetitione
3331 543 3687 610 ru_imus,cunt

428 645 557 710 θῶν,
582 645 632 697 οἱ
657 644 756 714 μὲν
780 646 841 698 ού
867 643 987 698 λίαν
1011 644 1481 715 ἐσπουδασμένως,
1500 646 1617 699 οἶδὲ
1640 645 1788 708 ὅλαις
1813 646 2011 716 ὁρμαῖς

428 734 723 807 χρώμενοι,
754 735 847 789 xui.
878 734 1241 807 ἀνουθέτητον
1271 735 1485 806 ἔχοντες
1513 737 1612 807 τῆς
1641 736 1878 800 διανοίας
1912 735 2010 806 τὴν

430 826 625 897 ῥοπήν.
652 825 919 900 Ταύτῃτοί
965 843 1131 897 φησιν
1156 828 1184 879 ὁ
1212 827 1501 897 προφήτης
1522 842 1535 855 ·
1567 847 1586 879 ι
1611 826 1935 897 Ἐκνήψατε,
1958 826 2007 880 oi

431 915 744 986 μεθύοντες,
770 913 831 981 ἐξ
847 916 990 971 οἴνου
1016 917 1253 971 αὐτῶν.»
1282 916 1644 988 Συμϐουλεύει
1666 917 1722 970 δὲ
1741 918 1823 971 ὅτι
1846 933 2009 988 προσ·

426 1009 554 1079 ήκει
582 1009 1055 1082 κατολοφύρεσθαι
1086 1013 1210 1075 τοὺς
1245 1010 1500 1074 πίνοντας
1522 1008 1665 1065 οἶνον
1704 1012 1784 1075 εἰς
1811 1009 2003 1081 μέθην.

436 1095 527 1163 Ὦς
549 1100 657 1173 γὰρ
690 1100 826 1172 ἔφην
848 1100 1072 1173 ἀρτίως,
1094 1104 1155 1156 ού
1183 1102 1345 1175 μέχρι
1365 1103 1527 1175 κόρου
1557 1104 1652 1158 καὶ
1672 1103 2007 1173 αὐταρκείας

425 1190 615 1245 ιστῶσι
671 1193 773 1266 τὴν
814 1194 1153 1265 φιληδονίαν,
1193 1195 1309 1250 ἀλλ’
1352 1189 1463 1251 οἷον
1513 1198 1594 1260 εἰς
1630 1196 1801 1268 μέθην
1841 1195 2002 1249 ἐκπί-

422 1300 597 1351 νουσι,
628 1286 724 1339 καὶ
750 1286 953 1351 παντὸς
989 1287 1246 1341 ἐπέκεινα
1280 1288 1496 1342 πίνουσι
1536 1289 1762 1361 μέτρου.
1800 1287 2002 1342 Τούτου

420 1378 529 1431 ἀπὸ
554 1379 648 1433 τοῦ
675 1381 946 1451 στόματος
971 1382 1287 1455 ἀφῃρῆσθαι
1318 1400 1451 1453 φησι
1479 1382 1656 1456 χαρὰν
1689 1382 1787 1436 καὶ
1811 1383 2004 1453 εὐφρο-

421 1470 609 1543 σύνην.
653 1473 930 1544 Ἀληθεύει
964 1475 1073 1546 γὰρ
1096 1476 1125 1527 ό
1151 1476 1407 1547 Χριστὸς,
1438 1476 1522 1530 ὅτι
1554 1476 1780 1538 πάντως
1817 1478 1866 1529 οἱ
1903 1474 2021 1546 μὲν

418 1564 513 1618 νῦν
568 1565 892 1631 πενθοῦντες
946 1567 1734 1639 παρακληθήσονται.ῗἘψεται
1787 1568 1846 1621 δὲ
1888 1571 2002 1633 τοῖς

418 1656 633 1711 εἰωθόσι
662 1660 874 1731 τρυφᾷν
905 1658 967 1713 τὸ
988 1661 1187 1731 χρῆναι
1226 1660 1607 1732 δακρυρῤοεῖν,
1636 1661 1717 1714 ὅτι
1740 1662 1838 1731 τῆς
1867 1661 1998 1729 ἀγε-

419 1750 620 1821 ρωχίας
652 1750 713 1804 τὺ
746 1751 922 1823 πέρας
949 1751 1150 1823 θρῆνος
1176 1751 1349 1817 ἔσται,
1382 1753 1476 1805 xui
1508 1752 1769 1823 οἰμωγαὶ,
1795 1754 1889 1807 καὶ
1918 1754 2000 1818 εἰς

414 1829 689 1913 πέταυρον
725 1843 853 1915 ᾅδου
886 1843 1257 1909 καταϐιϐάζει
1280 1845 1406 1907 τοὺς
1433 1844 1768 1913 ἀγαπῶντας
1799 1846 1992 1917 αὑτήν.

2115 650 2243 694 nutu
2277 649 2329 693 et
2348 637 2661 695 incitatione
2687 635 2883 691 mentis
2908 636 3288 704 incastigabili.
3312 637 3423 692 llac
3440 638 3507 692 de
3524 650 3687 693 causa

2112 731 2370 802 propheta
2390 728 2698 784 exclamat:
2739 746 2758 780 ι
2789 727 3259 798 Expergiscimini,
3300 730 3436 785 ebrii
3497 745 3528 785 a
3564 733 3686 786 vino

2111 836 2352 880 vestro.»
2387 822 2593 877 Suadet
2622 830 2800 876 autem
2832 821 3016 875 vinum
3047 823 3115 876 ad
3142 822 3461 878 ebrietatem
3492 822 3685 879 biben-

2113 916 2254 971 tibus
2282 913 2743 980 lamentationem,
2771 920 2832 966 ut
2884 928 2997 968 rem
3050 914 3486 970 convenientem.
3537 914 3685 971 Sicut

2107 1008 2380 1078 euitnjam
2414 1005 2547 1074 dixi,
2585 1019 2691 1061 non
2722 1012 2983 1074 quantum
3038 1006 3176 1062 satis
3223 1015 3309 1062 est
3356 1007 3685 1077 voluptatem

2108 1109 2440 1170 sequuntur;
2470 1099 2566 1154 sed
2595 1096 2738 1152 velut
2766 1099 2831 1151 ad
2863 1097 3185 1153 ebrietatem
3226 1107 3440 1168 potant,
3472 1108 3528 1155 et
3570 1114 3687 1154 om-

2106 1210 2205 1250 nes
2224 1194 2426 1249 limites
2458 1191 2692 1248 bibendo
2720 1190 3097 1261 egrediuntur.
3117 1190 3164 1246 A
3193 1190 3285 1247 tali
3321 1206 3420 1248 ore
3447 1192 3683 1249 ablatum

2106 1302 2226 1343 esse
2250 1288 2326 1342 ait
2358 1286 2610 1355 gaudium
2642 1292 2699 1338 et
2726 1284 3003 1343 lmtitiam-
3024 1282 3201 1339 Verax
3237 1285 3383 1340 enim
3410 1294 3494 1340 est
3529 1286 3686 1342 Chri-

2104 1381 2171 1436 sti
2226 1379 2470 1444 verbum,
2498 1379 2589 1447 qui
2648 1392 2792 1431 nunc
2835 1378 3041 1445 lugent,
3084 1377 3306 1431 omnino
3347 1378 3685 1433 consolatum

2105 1472 2173 1528 iri
2203 1471 2271 1525 ⁵⁸.
2302 1470 2462 1541 203
2487 1470 2714 1534 Contra,
2739 1479 3030 1524 consuetos
3050 1470 3234 1525 vivere
3258 1470 3310 1524 in
3332 1469 3683 1540 iucunditati-

2102 1564 2226 1632 bus,
2256 1563 2527 1634 lacrymas
2558 1559 2785 1616 fundere
2817 1560 3112 1630 oportebit,
3144 1561 3289 1630 quia'
3329 1563 3593 1632 superbiae
3628 1565 3684 1617 ti-

2103 1656 2189 1712 nis
2221 1664 2275 1710 et
2304 1663 2607 1710 extremum
2641 1653 2895 1723 lacryma:
2917 1662 3127 1707 suntet
3164 1654 3421 1724 gemitus,
3443 1666 3498 1709 et
3517 1670 3579 1711 se
3596 1657 3679 1710 ὁὶ»

2101 1748 2327 1820 ligentes
2353 1746 2421 1802 ad
2448 1744 2643 1802 inferni
2667 1745 2894 1816 laqueos
2939 1752 2994 1799 et
3033 1759 3280 1801 carceres
3312 1744 3550 1802 deducit.
3577 1746 3682 1803 Ve-

2101 1857 2194 1897 rus
2215 1850 2296 1896 est
2316 1841 2481 1897 etiam
2512 1837 2680 1893 David
2718 1856 2731 1892 :
2771 1856 2789 1890 ι
2826 1835 2943 1893 Non
2968 1845 3051 1893 est
3086 1837 3140 1892 in
3200 1848 3373 1894 morte
3430 1839 3523 1909 qui
3569 1854 3681 1895 me-

426 1905 707 2007 ’ᾼληθεύει
727 1905 784 1991 δὲ
819 1939 915 1992 καὶ
938 1905 1277 2004 Δαϐὶδ,ὃνταν
1306 1905 1441 2008 λένῃ
1471 1905 1606 2009 πρὸς
1634 1905 1770 1993 Θεόν
1789 1958 1803 1972 ο
1839 1960 1857 1992 ι
1881 1905 1984 1995 θύα

2099 1949 2218 1990 mor
2241 1932 2315 1990 sit
2372 1932 2448 1987 ιιιί
2473 1931 2549 1998 ⁸⁹;
2593 1950 2613 1983 ι
2655 1938 2712 1987 et
2765 1930 2965 1985 iterum
3003 1948 3016 1984 :
3060 1947 3080 1981 ι
3128 1928 3245 1985 Non
3298 1930 3443 1987 enim
3478 1933 3675 1989 mortui

414 2028 560 2083 ἔστιν
593 2030 653 2084 ἐν
691 2029 768 2101 τῷ
791 2029 1008 2103 θανάτῳ
1036 2034 1064 2086 ὁ
1096 2032 1450 2104 μνημονεύων
1483 2050 1575 2086 σου
1598 2053 1644 2087 ο»
1680 2034 1777 2088 καὶ
1807 2035 1992 2103 πάλιν,

417 2140 437 2173 ι
460 2123 535 2176 Οὐ
568 2123 677 2193 γάρ
699 2125 749 2176 oi
775 2126 961 2195 νεκροὶ
1002 2126 1275 2180 αἱνέσουσι
1317 2143 1397 2194 σε,
1430 2127 1626 2199 Κύριε,
1652 2129 1771 2182 οὐδὲ
1795 2130 1995 2193 πάντες

409 2215 458 2267 οἱ
489 2216 909 2279 καταϐαίνοντες
962 2219 1041 2281 εἰς
1092 2217 1245 2289 ᾅδην.
1298 2220 1439 2273 Ἀλλ’
1481 2221 1642 2291 ἡμεῖς
1685 2221 1736 2273 oi
1791 2220 1990 2286 ζῶντες

408 2309 776 2379 εὐλογήσομέν
806 2327 887 2376 σε,
910 2310 1083 2382 Κύριε
1109 2328 1124 2343 ο
1154 2329 1173 2363 ι
1206 2312 1270 2365 Ei
1303 2312 1361 2366 δὲ
1383 2312 1447 2384 δὴ
1474 2313 1584 2366 τῶν
1614 2316 1992 2385 προκειμένων

407 2403 442 2473 ή
471 2401 701 2473 δύναμις
741 2403 835 2455 καὶ
866 2404 1248 2475 γεωδεστέρως
1274 2407 1459 2458 νοοῖτο.
1499 2405 1563 2458 Ei
1592 2404 1990 2476 δεδαπάνηνται

404 2494 494 2548 διὰ
528 2496 629 2562 τῆς
654 2496 884 2568 κάμπης
921 2498 1015 2550 καὶ
1044 2496 1153 2550 τῶν
1183 2484 1386 2567 ἑτέρων
1412 2495 1481 2550 τά
1510 2495 1613 2566 τῆς
1653 2497 1989 2570 εὐφροσύνης

405 2586 576 2651 αἴτια,
605 2589 822 2652 πάντως
855 2607 958 2642 που
1002 2592 1123 2653 ταῖς
1148 2589 1474 2660 εύκαρπίαις
1515 2587 1865 2642 συνδιολεῖται
1894 2591 1989 2643 xui.

402 2677 438 2748 ἡ
464 2677 573 2730 τῶν
605 2680 953 2733 πεπονθότων
977 2679 1286 2751 εὐφροσύνη
1317 2680 1412 2733 καὶ
1435 2679 1600 2751 χαρά.
1628 2680 1988 2750 Ἐπιστυγνά-

402 2768 516 2834 ζειν
541 2771 649 2841 γὰρ
676 2772 974 2842 ἀναγκαῖον
1017 2776 1129 2836 τοῖς
1181 2772 1422 2843 ἀνιαρῶς
1472 2771 1688 2843 ἔχουσιν
1714 2773 1793 2838 εἷς
1831 2791 1897 2843 γε
1925 2776 1986 2829 τὺ

399 2855 677 2922 δύνασθαι,
715 2860 877 2929 φημὶ,
909 2861 1081 2931 πικρᾷ
1105 2876 1165 2913 τε
1214 2861 1308 2914 καὶ
1333 2862 1773 2937 ἀφορήτῳλύπῃ
1810 2882 1985 2919 κατα-

397 2948 561 3018 τῖ,ξαι
582 2950 845 3022 σαρκίονογ

467 3124 592 3178 Ὅτι
621 3126 797 3191 ἔθνος
816 3126 997 3194 ἀνέϐη
1034 3127 1133 3181 ἐπὶ
1166 3127 1282 3196 τὴν
1307 3126 1422 3198 γῆν
1436 3147 1558 3199 μου
1579 3131 1838 3201 ἰσχυρὸν
1880 3135 1979 3187 καὶ

2096 2026 2392 2081 laudabunt
2418 2034 2493 2091 te,
2511 2024 2757 2087 Domine,
2789 2036 2962 2092 neque
2995 2037 3186 2077 omnes
3214 2022 3308 2092 qui
3342 2023 3679 2079 descendunt

2094 2120 2150 2174 in
2185 2116 2482 2173 infernum.
2519 2117 2626 2172 Sed
2650 2130 2750 2172 nos
2778 2116 2869 2185 qui
2906 2114 3160 2182 vivimus,
3190 2114 3577 2171 benedicemus
3603 2127 3676 2182 te,

2092 2210 2323 2268 Domine
2350 2196 2418 2262 δσ.
2462 2208 2655 2275 rQuod
2698 2209 2742 2262 si
2784 2208 2983 2277 placet,
3032 2207 3424 2277 propositorum
3485 2209 3677 2263 verbo-

2091 2320 2211 2360 rum
2234 2302 2501 2359 sententia
2538 2300 2712 2370 magis
2750 2310 2959 2353 terrene
2983 2298 3330 2368 intelligatur.
3357 2300 3412 2353 Si
3435 2315 3529 2370 per
3547 2315 3677 2355 eru-

2089 2412 2208 2453 cam
2227 2405 2283 2453 et
2310 2395 2412 2450 alia
2430 2394 2642 2464 frugum
2675 2390 3009 2447 incommoda
3036 2406 3212 2445 causae
3262 2393 3500 2460 ipsorum
3536 2394 3673 2447 laeti-

2089 2489 2191 2543 tiae
2227 2497 2562 2555 consumpta:
2609 2494 2755 2545 sunt,
2816 2496 3041 2553 prorsus
3099 2482 3282 2551 utique
3343 2498 3464 2538 cum
3513 2483 3673 2538 uber-

2088 2587 2199 2635 tate
2231 2580 2502 2633 l‘ructuum
2532 2591 2716 2632 eorum
2750 2574 2844 2645 qui
2879 2584 3024 2628 tanta
3057 2574 3335 2644 voluptate
3362 2575 3671 2631 adicieban-

2087 2682 2198 2737 tur,
2220 2672 2470 2739 gaudium
2514 2679 2569 2725 et
2587 2670 2775 2725 laetitia
2806 2679 3111 2725 evanescet.
3134 2669 3379 2726 Necesse
3417 2683 3501 2727 est
3523 2674 3667 2727 enim

2085 2764 2396 2822 contristari
2434 2763 2506 2817 ob
2537 2777 2599 2817 ea
2624 2775 2743 2831 qna:
2771 2761 2948 2816 tristia
2972 2763 3280 2827 caccidunt,
3312 2773 3365 2817 et
3397 2764 3669 2820 tristitiam

2083 2870 2345 2927 generare
2373 2862 2794 2918 consueyerunt,
2830 2869 2933 2909 nec
2965 2854 3198 2909 invalida
3245 2865 3392 2922 sunt,
3423 2857 3665 2926 inquam,

2082 2958 2140 3002 ut
2160 2949 2356 3002 acerbo
2377 2957 2432 3001 et
2464 2945 2787 3000 intolerabili
2834 2945 3080 3001 cruciatu
3109 2947 3463 3003 carunculam
3521 2948 3669 3006 labe—

2081 3040 2259 3093 facere
2279 3049 2498 3108 queant.

2150 3132 2316 3187 Vens.
2340 3134 2392 3195 6,
2426 3131 2478 3183 '7.
2514 3127 2649 3184 Gens
2670 3131 2808 3183 enim
2843 3130 3076 3183 ascendit
3102 3147 3258 3201 super
3286 3143 3485 3186 terram
3502 3151 3669 3187 meum

396 3217 825 3307 ἀναρίθμητον.
853 3221 919 3272 Οἱ
943 3219 1187 3285 ὀδόντες
1215 3221 1401 3275 αὑτοῦ
1436 3221 1679 3291 ὀδόντες
1704 3225 1977 3293 λέοντος,

2085 3224 2232 3292 fortis
2262 3232 2307 3275 et
2326 3219 2745 3276 innumerabilis.
2770 3218 2959 3273 Dentes
2989 3220 3105 3282 eius
3154 3233 3207 3275 ιιι
3261 3224 3440 3277 dentes
3476 3225 3667 3290 leonis,

395 3300 493 3363 καὶ
534 3311 594 3363 αι
618 3310 809 3379 μύλαι
837 3310 1025 3364 αὑτοῦ
1070 3311 1367 3385 σκύμνου.
1398 3313 1606 3370 Ἕθετο
1638 3314 1754 3383 τὴν
1788 3316 1976 3386 ἄμπε-

394 3401 511 3456 λόν
540 3420 663 3471 μου
692 3404 782 3468 εἰς
823 3402 1188 3471 ἀφανισμὸν,
1229 3404 1326 3458 καὶ
1365 3403 1472 3470 τὰς
1513 3405 1711 3473 συκᾶς
1736 3425 1853 3476 μου
1892 3411 1979 3474 εὶς

394 3493 836 3564 σεετκλασμὸν,
870 3493 1134 3561 ἐρευνῶν
1164 3495 1577 3565 ἐξηρεὼιησεν
1623 3499 1835 3568 αὐτὴν,
1880 3500 1978 3554 καὶ

393 3582 805 3653 ἐξερῤίζωσεν,
835 3585 1129 3640 ἐλεύκανε
1154 3587 1228 3641 τὰ
1254 3587 1529 3657 κλήματα
1552 3588 1764 3659 αὐτῆς.

469 3679 561 3744 ς’.
601 3676 961 3747 Ἀμιλλᾶσθαι
999 3678 1202 3748 τρόπον
1243 3679 1366 3732 τινὰ
1398 3682 1511 3744 τοῖς
1547 3681 1973 3753 συμϐεϐηκόσιν,

390 3767 560 3839 ῆγουν
617 3766 837 3821 ἔσεσθαι
880 3769 1387 3841 προσδοκωμένοις,
1436 3772 1530 3824 καὶ
1587 3772 1647 3826 τὸ
1711 3773 1805 3826 ὲπὶ
1854 3777 1974 3837 ταῖς

394 3857 799 3927 μεταγνώσεσιν
827 3859 1029 3913 ἐθέλων
1055 3860 1312 3932 δάκρυον,
1348 3862 1639 3931 ἀφηγεῖται
1670 3864 1883 3928 λεπτῶς
1907 3868 1975 3917 τὰ

390 3951 642 4021 ἐσόμενα,
677 3951 773 4004 καὶ
806 3950 917 4005 τῶν
950 3952 1291 4023 σκυθρωπῶν
1331 3954 1430 4021 τὴν
1465 3954 1653 4023 ἔφοδον
1690 3959 1972 4028 μονονουχὶ

391 4044 486 4099 καὶ
514 4045 573 4097 ὲν
586 4043 706 4114 ὄψει
733 4044 927 4109 τιθεὶς,
948 4045 1129 4099 δίδωσί
1154 4046 1335 4109 τιτοῖς
1360 4047 1677 4117 παιομένοις
1708 4048 1800 4101 xui.
1832 4048 1965 4119 θρή-

387 4155 558 4209 νημα,
601 4138 699 4191 καὶ
728 4139 892 4191 οἱονεὶ
921 4138 1113 4209 γοερὸν
1148 4138 1455 4192 ἐκδιδάσκει
1488 4139 1649 4209 μέλος
1692 4142 1815 4204 τοὺς
1853 4141 1973 4195 ὀδύο

391 4230 580 4297 ρεσθαι
616 4230 1103 4301 κεκελευσμένους,
1134 4231 1309 4283 ἐκεῖνό
1330 4248 1389 4284 τε
1422 4230 1603 4300 λέγειν
1630 4231 1813 4287 λοιπὸν
1842 4234 1971 4287 ἀναο

389 4320 590 4383 πείθει,
616 4321 700 4373 ὅτι
728 4339 746 4371 ι
770 4320 963 4383 Ἔθνος
1005 4320 1173 4389 ἀνέϐη
1214 4320 1307 4373 ἐπὶ
1330 4319 1428 4390 τὴν
1458 4320 1564 4390 γῆν
1597 4302 1700 4392 μου
1749 4323 1969 4394 ἰσχυρὸν

385 4413 482 4465 xui.
506 4413 877 4484 ἀναρίθμητον
897 4431 913 4443 ο
937 4433 954 4465 ι
986 4414 1082 4466 καὶ
1108 4415 1231 4466 ὅσον
1249 4414 1374 4482 ἥκει
1390 4416 1469 4479 εἰς
1495 4414 1723 4468 ὀδόντων
1748 4416 1955 4485 ἀκμὰς,

382 4502 566 4557 λέουσί
605 4521 663 4558 τε
700 4506 795 4558 καὶ
838 4507 1099 4576 σκύμνοις
1143 4506 1302 4573 ὀλίγα
1352 4510 1693 4577 παραχωρεῖν.
1733 4506 1963 4578 Ἀληθὲς

2084 3327 2130 3369 et
2148 3314 2373 3368 molares
2397 3313 2509 3381 ejus
2527 3320 2582 3365 ut
2605 3311 2770 3365 catuli
2796 3310 3189 3368 leonis.Posuit
3247 3314 3449 3369 vineam
3500 3333 3667 3370 meam

2082 3412 2137 3462 in
2178 3407 2602 3475 dissipationcm,
2649 3414 2695 3456 et
2752 3404 2884 3472 ﬁcus
2931 3420 3073 3459 meas
3109 3406 3167 3460 in
3219 3406 3665 3476 confractiouem;

2080 3510 2321 3555 scrutaris
2343 3507 2607 3552 scrutatus
2661 3507 2737 3551 est
2796 3514 2933 3563 eam,
2980 3509 3026 3551 et
3076 3498 3664 3565 eradicavil,dealbavit

2080 3609 2253 3647 1811108
2272 3608 2406 3647 eius.

2152 3610 2253 3646 mos
2272 3610 2299 3646 ϐ
2326 3610 2406 3647 ιω.

2152 3610 2586 3740 νι.(ὶο1ηιειιάει·ε
2604 3684 2785 3755 aliquo
2800 3686 2956 3739 modo
2973 3698 3094 3739 cum
3123 3683 3469 3749 eventis,sive
3488 3687 3663 3754 potius

2077 3792 2200 3832 cum
2234 3778 2318 3831 his
2349 3790 2467 3843 qua:
2490 3787 2749 3832 eventura
2767 3784 3178 3844 exspectantur,
3223 3786 3279 3831 et
3302 3791 3365 3831 ex
3395 3778 3663 3846 peniten-

2080 3870 2152 3923 tia
2173 3868 2356 3922 ﬂetum
2386 3867 2584 3923 elicere
2602 3868 2849 3938 cupiens,
2884 3868 3132 3924 minutim
3189 3868 3368 3923 futura
3420 3878 3660 3933 enarrat,

2077 3968 2130 4012 et
2154 3973 2337 4011 rerum
2384 3957 2755 4013 tristiﬁcarum
2809 3959 3088 4015 incursum
3138 3960 3523 4029 propemodum
3561 3960 3662 4014 sub

2076 4060 2353 4119 aspectum
2387 4048 2706 4118 subiiciens,
2742 4051 2807 4105 iis
2839 4051 2931 4120 qui
2986 4051 3279 4105 multantur
3366 4051 3659 4105 lamentutn

2077 4142 2402 4211 suppeditat,
2426 4151 2480 4196 et
2513 4156 2649 4211 quos
2675 4142 2740 4197 ad
2775 4142 3093 4211 plorandum
3125 4142 3399 4205 invitarat,
3447 4124 3542 4197 eos
3569 4143 3652 4196 lu-

2074 4233 2244 4303 gubre
2268 4246 2488 4286 carmen
2524 4233 2702 4296 docet,
2726 4232 2869 4301 quod
2898 4232 2951 4286 in
2988 4242 3262 4302 posterum
3290 4248 3551 4302 usurpare
3567 4249 3660 4291 vo-

2073 4325 2227 4381 cibus
2252 4324 2521 4380 hortatur.
2560 4324 2761 4379 rGeus
2791 4325 3036 4379 ascendit
3067 4340 3229 4393 super
3253 4334 3455 4380 terram
3484 4344 3657 4382 meum

2073 4416 2229 4471 fortis
2255 4423 2313 4469 et
2338 4414 2770 4481 innumerabilis,
2812 4434 2832 4467 ι
2852 4431 3093 4486 «quaeque
3120 4418 3359 4471 dentium
3376 4420 3514 4483 acie,
3548 4421 3657 4475 leo-

2071 4507 2233 4561 nibus
2254 4514 2310 4560 et
2329 4505 2524 4560 catulis
2538 4504 2764 4560 leonum
2790 4522 2979 4574 parum
3011 4508 3279 4562 concedit.
3336 4508 3528 4562 Verum
3555 4510 3657 4564 hoc

388 4597 487 4668 μὲν
514 4592 607 4651 οὖν
632 4597 691 4650 τὺ
723 4598 935 4669 χρῆμα,
976 4597 1081 4652 κᾶν
1119 4599 1167 4651 εἰ
1196 4598 1289 4650 ἐπὶ
1328 4598 1548 4670 ἀκρίδος
1578 4600 1753 4669 τυχὸνρ
1770 4603 1962 4663 νοοῖτο,

2085 4603 2174 4660 ast,
2190 4594 2451 4664 quamvis
2469 4595 2537 4649 de
2562 4594 2768 4650 locusta
2790 4597 2955 4660 forte,
2986 4611 3051 4650 ac
3071 4600 3138 4651 de
3160 4597 3385 4663 bruclto,
3412 4610 3465 4654 et
3491 4614 3654 4656 eruca

386 4691 617 4762 βρούχου
664 4709 726 4744 τε
766 4691 863 4744 καὶ
912 4690 1161 4760 κάμπης.
1208 4691 1454 4759 Ἀμαχον
1506 4689 1615 4761 γὰρ
1661 4690 1723 4743 τὸ
1776 4692 1968 4762 χρῆμά

381 4783 520 4845 ἐστι,
544 4783 639 4836 καὶ
666 4781 1110 4851 ἀκαταγὼνιστος
1140 4782 1336 4853 κομιδῇ
1372 4781 1481 4835 τῶν
1509 4782 1770 4838 τοιούτων
1811 4786 1845 4852 ἡ
1880 4784 1969 4853 ἔφ-

380 4873 520 4939 οδος,
544 4868 700 4945 ἱκανή
730 4891 790 4927 τε
816 4873 985 4945 ἄρδην
1012 4874 1359 4928 ἀπολέσαιτά
1387 4876 1444 4927 ἐν
1474 4875 1684 4945 ἀγροῖς,
1716 4876 1967 4946 καρπούς

378 4985 461 5032 τε,
501 4969 680 5039 φημὶ,
739 4968 835 5020 xui.
885 4969 1057 5021 πόαν·
1116 4966 1480 5036 καταφθεῖραί
1534 4984 1594 5020 τε
1653 4970 1827 5033 συκᾶς
1875 4972 1971 5023 καὶ

380 5059 683 5130 ιεμπέλους,
721 5059 883 5130 ψιλὴν
923 5060 979 5112 δὲ
1023 5061 1117 5113 xui.
1162 5059 1374 5129 ἀκαλλῆ
1408 5060 1505 5130 τῆς
1553 5059 1794 5132 ἀρούρας
1828 5062 1966 5115 ἀπο-

381 5150 546 5220 φῆναι
582 5151 681 5220 τὴν
705 5150 848 5213 ὄψιν.
882 5152 945 5205 Εἰ
970 5151 1025 5205 δὲ
1054 5152 1119 5223 δὴ
1148 5152 1532 5223 περιτρέποιτο
1554 5152 1718 5207 πάλιν
1753 5154 1782 5207 ὁ
1803 5153 1964 5221 λόγος

383 5242 463 5305 εἰς
479 5242 577 5312 τὴν
595 5240 704 5293 τῶν
729 5241 1157 5313 πεπορθηκότων
1186 5242 1602 5314 ἀπανθρωπίαν,
1625 5245 1721 5298 xui.
1743 5244 1963 5316 ὁλοτελῆ

381 5332 480 5403 τῆς
511 5331 694 5402 χώρας
725 5333 1027 5403 ἐρήμωσιν,
1056 5333 1382 5403 ὑποφήνειεν
1410 5332 1477 5386 ἂν
1514 5332 1700 5405 ἕτερον
1726 5332 1899 5397 οὐδὲν,
1927 5332 1960 5404 ἥ

378 5425 462 5478 ὃτι
487 5427 636 5479 πᾶσα
661 5426 758 5495 μὲν
783 5424 968 5487 αὐτοῖς
995 5423 1270 5477 ἀπόλωλεν
1300 5425 1333 5497 ἡ
1363 5423 1535 5496 χώρα,
1561 5422 1964 5495 δεδαπάνηνται

375 5517 436 5571 δὲ
474 5517 571 5570 καὶ
608 5521 657 5572 οἱ
710 5516 1043 5589 προύχοντες
1106 5517 1237 5586 παρ’
1288 5516 1473 5580 αὐτοῖς
1493 5555 1511 5583 ,
1566 5515 1693 5588 δόξῃ
1742 5533 1801 5570 τε
1867 5518 1963 5570 καὶ

376 5609 597 5683 πλούτῳ
616 5609 676 5665 τὸ
704 5611 811 5664 τῶν
839 5610 1109 5681 ἀγελαίων
1134 5609 1490 5682 ὑπερθέοντες
1521 5610 1720 5681 μέτρον
1756 5610 1776 5680 (
1796 5609 1872 5673 ὡς
1901 5612 1961 5663 ἐν

374 5701 528 5767 τάξει
572 5701 811 5757 νοεῖσθαι
855 5703 1029 5774 συκῆς
1069 5719 1129 5757 τε
1174 5702 1269 5757 καὶ
1298 5701 1603 5773 ἀμπέλου),
1644 5702 1784 5773 πλὴν
1824 5702 1960 5755 ὑπο-

450 5877 497 5909 ”
534 5875 722 5936 Matth.
759 5894 811 5946 ν,
854 5879 909 5936 5.
984 5880 1027 5912 ⁸⁹
1062 5877 1206 5936 Psal.
1242 5894 1315 5945 vt,
1353 5879 1403 5935 6.
1432 5881 1474 5911 ⁵ο
1498 5878 1641 5935 Psal.
1682 5896 1832 5948 cxut,
1876 5880 2053 5948 17,18.

2064 4688 2398 4757 accipiatur;
2424 4687 2723 4757 expugnari
2749 4686 3014 4757 siquidem
3046 4700 3338 4757 nequeunt,
3366 4699 3420 4744 et
3466 4707 3653 4747 eorum

2066 4779 2352 4849 impressio
2377 4794 2598 4849 prorsus
2623 4787 2708 4835 est
2741 4779 3123 4847 insuperabilis
3157 4791 3319 4851 atque
3344 4785 3410 4837 ad
3424 4788 3621 4852 perden

2066 4873 2165 4927 das
2194 4872 2337 4928 ruris
2363 4886 2495 4942 opes
2514 4871 2793 4927 universas
2816 4871 3032 4940 sufﬁcit,
3061 4874 3126 4926 ad
3158 4872 3374 4929 fructus
3424 4885 3478 4929 et
3530 4877 3653 4930 Iter-

2070 4963 2187 5029 bas,
2219 4964 2463 5035 inquam,
2484 4972 2538 5019 et
2570 4964 2638 5018 ad
2692 4964 2847 5030 licus,
2895 4965 3145 5035 vitesque
3201 4969 3651 5036 corrumpendas,

2072 5056 2139 5110 ad
2191 5056 2498 5111 nudandam
2558 5056 2790 5126 denique
2835 5067 2890 5113 et
2943 5057 3350 5113 deformandam
3399 5072 3650 5126 agrorum

2067 5146 2282 5203 faciem.
2344 5149 2499 5214 Quod
2553 5149 2601 5205 si
2655 5148 2820 5204 verba
2868 5149 3147 5219 prophetae
3190 5149 3260 5203 ad
3309 5157 3648 5203 vastatorum

2067 5240 2443 5295 crudelitatem
2476 5248 2531 5295 et
2559 5255 2825 5296 summam
2852 5243 3090 5313 regionis
3122 5241 3465 5299 solitudinem
3491 5257 3647 5298 revo-

2067 5334 2461 5398 cemus,,aliud
2492 5333 2623 5388 nibil
2658 5334 3100 5399 subindicabunt,
3166 5348 3328 5404 quam
3382 5334 3477 5389 toti
3525 5349 3650 5403 pro-

2067 5427 2260 5484 vinciae
2297 5428 2592 5496 perniciem
2630 5442 2724 5483 eos
2784 5427 3050 5493 attulisse,
3080 5435 3135 5482 et
3195 5427 3462 5496 primores
3526 5442 3648 5483 con-

2066 5531 2312 5591 sumptos
2339 5536 2481 5577 esse.
2516 5519 2618 5588 Qui
2654 5534 2959 5589 quanquam
2990 5518 3158 5588 gloria
3202 5527 3257 5573 et
3283 5518 3487 5573 divitiis
3546 5518 3647 5586 ple-

2066 5612 2310 5669 beiorum
2345 5613 2621 5669 modulum
2656 5614 2982 5670 excederent
3001 5612 3082 5681 (ut
3112 5619 3371 5681 utrosque
3393 5625 3490 5679 per
3512 5609 3646 5666 ﬁcus

2066 5712 2121 5759 et
2142 5707 2275 5761 vites
2294 5704 2703 5777 intelligamus),
2721 5703 3068 5760 nihilominus
3079 5716 3358 5760 emarcerc
3370 5702 3643 5769 debuisse,
