4132 6370
457 411 560 469 559

1462 408 1521 463 S.
1563 406 1842 465 CYRILLl
1885 401 2354 463 ALEXANDRINI
2391 397 2712 457 ARCIIIEP.

3609 390 3715 449 5ιο

453 531 596 585 sicut
620 528 673 584 in
704 528 835 598 ipsis
857 526 1021 599 205.
1065 526 1263 583 vilibus
1311 527 1412 582 sub
1444 542 1664 584 sensum
1713 524 2032 583 cadentibus

2148 523 2317 591 μεῖναι
2343 521 2434 574 τὸν
2460 516 2752 591 μαρασμόν
2768 531 2781 545 ·
2816 512 3062 582 καθάπερ
3084 509 3278 581 ἀμέλει
3304 508 3397 562 καὶ
3418 507 3504 561 ἐπ’
3536 509 3718 562 αὐτῶν

456 621 572 675 ﬁeri
603 635 708 675 non
744 621 1073 689 ignoramus,
1104 620 1149 674 si
1194 633 1287 675 eas
1328 618 1662 675 locustarum
1685 618 1876 674 dentes
1903 618 2035 673 atti-

457 712 654 783 gerint.
680 710 892 780 Stirpes
921 711 1089 777 enim,
1110 726 1297 766 earum
1348 712 1630 767 humorem
1687 720 2034 781 exsugentes,

456 811 512 857 et
537 801 645 855 vim
679 814 897 856 omnem
939 799 1156 855 vitalem
1213 801 1593 865 absorbentes,
1649 800 1800 855 brevi
1859 798 2035 855 arefa-

456 894 626 947 ciunt.
658 892 784 947 lude
830 891 994 947 etiam
1025 901 1125 957 est,
1155 891 1298 960 quod
1324 891 1450 947 vitis
1503 892 1625 947 alba
1685 892 2034 962 conspicitur.

459 986 645 1050 Itaque
671 985 861 1041 dentes
885 984 1123 1059 hostium
1149 985 1609 1048 consumeutium,
1648 983 1826 1039 locum
1853 982 2037 1037 vitium

462 1086 734 1145 tenentes,
770 1086 864 1131 aut
910 1078 1075 1132 etiam
1131 1078 1340 1133 licubus
1376 1074 1787 1146 respondentes,
1826 1075 2041 1143 penitus

459 1179 937 1240 consumpserunt,
997 1178 1054 1227 et
1115 1169 1435 1240 quisquilias
1506 1168 1878 1232 reddiderunt,
1946 1175 2041 1220 aut

462 1261 653 1329 gladiis
687 1269 1010 1329 mactantes,
1076 1270 1172 1316 aut
1221 1261 1502 1317 servitutis
1552 1260 1686 1332 iugo
1732 1257 2044 1316 submitten-

463 1364 566 1408 tes.

534 1537 1047 1609 Poteritquispiam,
1067 1538 1112 1592 si
1170 1537 1406 1602 libuerit,
1430 1537 1543 1591 haec
1606 1536 1733 1590 item
1762 1535 1827 1589 de
1856 1547 2046 1603 pecca-

466 1632 679 1687 toribus
743 1631 1116 1701 interpretari,
1149 1632 1202 1685 iu
1255 1645 1485 1700 quorum
1538 1636 1748 1681 mentes
1774 1637 1829 1678 et
1851 1623 2043 1688 corda,

470 1721 615 1777 velut
639 1722 883 1787 locustae,
909 1722 1099 1776 bruchi
1119 1732 1174 1776 et
1203 1720 1894 1787 erucaa,irrepuntsentper
1922 1712 2047 1767 mali

468 1815 692 1884 spiritus
717 1824 773 1869 et
793 1815 1105 1884 passionum
1135 1815 1364 1869 diversae
1395 1812 1605 1881 species
1658 1818 1820 1875 atque
1878 1804 2044 1868 modi,

467 1924 673 1978 eosque
696 1909 1053 1979 despicabiles
1098 1916 1153 1963 et
1202 1907 1551 1978 turpissimos
1601 1903 1774 1958 videri
1819 1899 2044 1966 faciunt,

467 2002 636 2069 quiet
663 2002 877 2071 pietatis
910 2002 1097 2056 ﬂorem
1125 2000 1428 2064 amiserint,
1485 2008 1538 2052 et
1580 1996 1787 2051 nullum
1825 1992 2050 2063 iustitiae

469 2108 690 2161 germen
720 2093 1049 2162 possideant.
1083 2091 1177 2147 His
1223 2106 1351 2162 ergo
1401 2088 1712 2143 aliirmarim
1759 2084 2051 2141 convenire

471 2201 743 2255 perennes
778 2186 1069 2257 lacrymas,
1094 2193 1147 2239 et
1194 2183 1636 2238 lamentationem
1684 2194 1865 2233 coram
1916 2177 2046 2240 Deo,

470 2295 537 2335 ac
575 2278 900 2335 desiderium
943 2276 1175 2333 assiduis
1220 2273 1472 2344 precibus
1528 2273 1719 2335 veniae,
1767 2282 1820 2324 et
1856 2266 1975 2337 opis
2019 2281 2052 2321 a

470 2372 583 2427 Deo
606 2371 987 2442 impetrandae;
1024 2379 1081 2423 ut
1105 2382 1414 2438 quanquam
1442 2380 1566 2421 sero
1606 2363 1845 2427 tandem,
1878 2371 1934 2416 et
1963 2360 2053 2413 vix

470 2463 745 2532 sapientes
775 2477 841 2517 ac
872 2461 1081 2518 robusti
1104 2461 1355 2523 evadant,
1377 2457 1590 2513 liberati
1627 2455 1714 2523 iis,
1740 2454 1792 2509 in
1823 2468 1943 2523 quae.
1974 2453 2056 2506 in-

470 2552 736 2608 ciderunt.
766 2551 991 2622 Spectat
1018 2559 1075 2606 et
1116 2551 1220 2605 hoc
1247 2550 1313 2604 ad
1344 2562 1439 2603 eos
1467 2559 1696 2615 quorum
1742 2543 1955 2598 animus
1987 2545 2054 2595 ad

471 2660 737 2702 novarum
769 2644 1083 2715 opinionum
1116 2643 1367 2698 doctores
1425 2648 1479 2695 et
1536 2639 1749 2694 sincera
1799 2635 2056 2691 Ecclesiae

471 2737 722 2809 dogmata
751 2736 1119 2792 adulterantes
1145 2732 1444 2789 audiendos
1476 2727 1770 2786 declinavit
1801 2746 1815 2781 :
1841 2727 1907 2781 de
1932 2726 2055 2795 qui-

471 2830 574 2885 bus
604 2830 820 2886 dicatur
840 2827 1234 2882 meritissimo:
1299 2843 1318 2876 ‹
1359 2824 1556 2878 Dentes
1599 2834 1809 2885 eorum,
1868 2817 2057 2873 dentes

473 2923 688 2978 leonum
720 2931 775 2976 et
795 2920 1026 2975 molares
1048 2916 1350 2972 catulorum
1394 2914 1633 2970 leonum.
1665 2929 1684 2963 ι
1735 2908 1920 2965 Genus
1964 2907 2059 2962 bo-

472 3014 680 3072 minum
704 3013 813 3068 Deo
842 3011 1099 3074 invisum,
1130 3007 1493 3063 adulterinum
1518 3013 1683 3073 atque
1712 3000 2056 3073 pestiferum,

2076 1867 2122 1927 Β

2136 612 2337 666 νοεῖται
2360 608 2472 663 τῶν
2496 605 2770 678 αἰσθητῶν
2818 602 3103 675 ἀμπέλων,
3126 602 3175 654 εἰ
3208 599 3314 653 τῶν
3350 599 3588 671 ἀκρίδων
3608 602 3715 664 τοῖς

2136 702 2317 757 ὀδοῦσι
2347 700 2587 772 συμϐαίη
2633 698 2970 770 περιπεσεῖν.
3011 693 3363 749 Ἐκπίνουσαι
3395 692 3505 763 γάρ
3531 690 3631 763 τὴν
3660 694 3721 744 ὲν

2137 797 2252 858 τοῖς
2279 795 2466 863 φυτοῖς
2502 789 2731 862 ίκμάδα,
2764 787 2861 841 καὶ
2905 788 3086 841 πᾶσαν
3114 785 3299 847 αὐτοῖς
3322 784 3423 854 τὴν
3460 781 3719 848 ζωοποιὺν

2137 883 2550 956 ἀναρροφοῦσαι
2591 880 2847 951 δύναμιν,
2870 878 2971 931 οὐκ
3017 878 3100 939 είς
3142 876 3363 947 μακρὰν
3416 874 3719 956 ἀποξηραί-

2140 992 2326 1031 νουσι-
2356 973 2613 1047 ταύτῃτοι
2649 974 2748 1027 καὶ
2771 971 2970 1042 λευκὴν
2998 967 3231 1041 ὁρᾶσθαι
3270 955 3719 1039 παρααευᾶζουρ

2143 1086 2249 1124 σιν.
2272 1068 2482 1124 Οὐκοῦν
2509 1068 2560 1120 οἱ
2592 1066 2804 1129 ὀδόντες
2830 1063 2939 1117 τῶν
2965 1061 3330 1116 δαπανώντων
3363 1058 3575 1130 ἐχθρῶν
3596 1059 3722 1121 τοὺς

2142 1163 2200 1216 ἐν
2227 1162 2378 1226 τάξει
2410 1159 2699 1230 κειμένους
2730 1156 3008 1227 ἀμπέλων,
3035 1155 3069 1226 ἦ
3115 1154 3211 1207 καὶ
3253 1155 3312 1206 ὲν
3354 1153 3485 1205 εῖδει
3518 1150 3720 1213 συκῶν,

2143 1254 2225 1318 είς
2252 1254 2421 1323 ἀκρον
2453 1250 2883 1321 δεδαπανήκασι,
2914 1249 3007 1301 καὶ
3038 1249 3118 1310 είς
3141 1245 3473 1316 ἀχρειότητα
3510 1244 3726 1313 πεπόμ-

2145 1363 2279 1417 φασι
2314 1344 2574 1414 παντελῆ,
2596 1344 2631 1414 ἢ
2657 1342 2833 1412 ξίφεσι
2861 1338 3278 1403 καταπαίοντες,
3295 1337 3329 1406 ἢ
3359 1337 3454 1390 καὶ
3486 1338 3598 1399 τοῖς
3625 1336 3725 1405 τῆς

2143 1439 2386 1501 δουλείας
2413 1436 2825 1503 καθυπάγοντες
2856 1434 3061 1500 ζυγοῖς,

2228 1531 2536 1598 Ἐκδὲξεται
2571 1529 2627 1583 δέ
2662 1546 2764 1593 τις,
2790 1530 2949 1600 εἴπερ
2979 1526 3154 1579 ’ἐλοιτο
3187 1526 3329 1577 νοεῖν
3356 1522 3451 1575 καὶ
3479 1535 3725 1589 πνευμα-

2146 1624 2342 1691 τικῶς,
2370 1624 2462 1676 καὶ
2494 1624 2581 1675 ἐπ’
2610 1620 2914 1692 ἀνθρώπων
2955 1614 3296 1686 ἁμαρτωλῶν
3323 1612 3392 1667 τὰ
3418 1611 3597 1666 τοιάδε
3624 1609 3728 1663 πάο

2149 1719 2252 1773 λιν.
2287 1712 2383 1780 Οἷς
2408 1718 2487 1779 εἰς
2516 1715 2640 1769 νοῦν
2674 1715 2769 1767 καὶ
2802 1712 3054 1785 καρδίαν,
3093 1711 3169 1773 ὡς
3199 1711 3255 1762 ὲν
3295 1705 3516 1778 ἀκρίδος
3541 1703 3729 1774 τρόπῳ

2149 1812 2247 1865 καὶ
2277 1808 2527 1882 βρούχου,
2552 1808 2647 1861 καὶ
2677 1805 2860 1876 μέντοι
2906 1806 3000 1858 καὶ
3033 1803 3284 1873 κάμπης,
3320 1797 3589 1853 είσδύεταί
3613 1812 3730 1857 πως

2149 1904 2236 1957 ἀεὶ
2261 1902 2329 1955 τά
2360 1899 2573 1971 πονηρά
2613 1899 2898 1969 πνεύματα
2917 1937 2930 1959 ,
2959 1897 3054 1949 καὶ
3083 1894 3221 1948 αὐτά
3252 1892 3309 1946 δὲ.
3352 1886 3605 1956 πολυειδῆ
3639 1887 3731 1941 καὶ

2150 1994 2465 2067 πολύτροπα
2491 1991 2662 2063 πάθη,
2696 1992 2789 2045 καὶ
2832 1991 2896 2060 δὴ
2932 1990 3028 2042 καὶ
3072 1986 3325 2059 ἀχρείους
3367 1983 3459 2037 καὶ
3502 1979 3727 2036 ἀκαλλε-

2152 2087 2382 2150 στάτους
2407 2084 2639 2156 ὁρᾶσθαι
2673 2084 2839 2146 ποιεῖ,
2871 2081 2967 2135 καὶ
2993 2082 3091 2151 τῆς
3123 2076 3407 2140 εὐσεϐείας
3437 2073 3535 2145 τὴν
3566 2071 3733 2141 ἄνθην

2151 2177 2617 2247 ἀποϐεϐληκότας,
2642 2175 2737 2229 καὶ
2770 2173 2921 2229 οὐδὲν
2960 2172 3182 2242 ἔχοντας
3208 2171 3266 2223 ὲν
3297 2169 3509 2230 ἑαυτοῖς
3533 2167 3735 2218 δικαιο-

2154 2273 2317 2341 σύνης
2350 2269 2656 2340 βλάστημα.
2692 2266 2862 2337 Φαίην
2893 2264 2937 2317 δ’
2969 2264 3055 2325 ἂν,
3101 2264 3185 2318 ὅτι
3234 2261 3435 2331 πρέποι
3462 2259 3527 2313 ἂν
3553 2257 3736 2319 αὐτοῖς

2152 2363 2215 2416 τὺ
2261 2362 2471 2416 κλαίειν
2506 2359 2923 2429 ἀκαταλήκτως,
2957 2356 3053 2409 xui.
3096 2350 3562 2423 κατολοφύρεσθαι
3600 2348 3735 2421 πρὸς

2153 2455 2316 2510 Θεόν·
2368 2453 2649 2526 γλίχεσθαί
2698 2470 2758 2505 τε
2800 2452 2982 2521 τυχεῖν
3030 2448 3119 2502 διά
3176 2445 3375 2517 συχνῆς
3429 2442 3737 2514 προσευχῆς

2154 2548 2401 2617 ἀφέσεως
2442 2547 2534 2600 καὶ¹
2568 2543 2925 2615 ἐπικουρίας,
2955 2541 3031 2603 ὡς
3062 2538 3129 2593 ἂν
3164 2535 3295 2602 εἷεν,
3336 2536 3442 2590 κᾶν
3474 2535 3603 2604 γοῦν
3640 2533 3739 2602 ὀψέ

2158 2659 2289 2695 ποτε
2322 2641 2413 2694 καὶ
2452 2639 2626 2711 μόλις,
2664 2639 2819 2708 σοφοὶ
2865 2638 2960 2691 καὶ
3004 2633 3299 2695 εὐσθενεῖς,
3329 2630 3425 2683 καὶ
3470 2626 3741 2693 διαδιδρά-

2160 2750 2311 2787 σκειν
2357 2727 2547 2785 οἷοίτε
2593 2732 2663 2784 τά
2708 2728 3116 2800 συμϐεϐηκότα.
3157 2723 3386 2779 Πάθοιεν
3414 2721 3458 2776 δ’
3512 2720 3578 2774 ἂν
3609 2716 3741 2771 αὐτὸ

2157 2828 2253 2880 καὶ
2283 2820 2365 2889 οἷς
2398 2827 2426 2878 ὁ
2474 2823 2598 2887 νοῦς
2632 2823 2861 2893 ἀμαθῶς
2895 2820 3214 2875 ὲκκέκλικεν
3256 2819 3335 2880 εἰς
3363 2833 3427 2884 γε
3456 2813 3516 2867 τὸ
3543 2813 3740 2883 χρῆναι

2159 2918 2445 2989 προσέχειν
2464 2919 2576 2980 τοῖς
2606 2915 2932 2986 ὲτεροδοξεῖν
2963 2912 3200 2976 εἰωθόσι,
3226 2911 3320 2963 καὶ
3352 2908 3422 2961 τὰ
3466 2905 3604 2977 όρθά
3632 2903 3733 2972 τῆς

2172 3008 2502 3080 Ἰεὶκκλησίας
2549 3006 2847 3079 παραλύειν
2877 3005 3199 3073 διδάγματα,
3236 2999 3363 3069 περὶ
3406 2991 3481 3051 ὧν
3536 2997 3602 3050 ἂν
3652 2994 3741 3080 λέ-

472 3106 863 3178 simpliciorum
893 3112 1103 3159 mentes
1163 3102 1276 3157 suis
1326 3096 1650 3155 commentis
1710 3096 1980 3149 devorans
2007 3102 2051 3145 el

2160 3116 2330 3169 γοιτο,
2353 3078 2449 3154 καὶ
2483 3078 2639 3169 μάλα
2666 3098 2891 3160 εἰκότως
2913 3112 2925 3124 ·
2964 3096 3056 3149 «Ol
3089 3093 3300 3155 ὀδόντες
3326 3088 3504 3143 αὐτῶν
3532 3078 3742 3149 ὀδόντες

476 3176 853 3263 absumensmt
874 3212 942 3253 ne
972 3196 1215 3267 reliquiae
1242 3192 1459 3263 quidem
1485 3189 1685 3260 prioris
1714 3187 1977 3243 doctrina:
2004 3186 2051 3238 in

2164 3191 2398 3253 λέοντος,
2429 3189 2523 3242 καὶ
2569 3188 2625 3242 αἱ
2671 3186 2835 3257 μύλαι
2879 3183 3058 3238 αὐτῶν
3100 3182 3377 3252 σκύμνου·
3418 3198 3438 3231 ι
3493 3176 3742 3246 θεομισὲς

476 3292 586 3347 illis
612 3297 927 3361 appareant.
948 3287 1015 3342 Hi
1037 3288 1249 3341 vineam
1280 3284 1605 3338 dominicam
1637 3281 1715 3334 ad.
1752 3290 2051 3332 marcoretn

2153 3280 2262 3354 γὰρ
2314 3278 2377 3333 τὸ
2404 3279 2579 3347 γένος,
2614 3276 2867 3347 κίϐδηλόν
2914 3292 2973 3327 τε
3011 3273 3104 3327 καὶ
3155 3271 3457 3341 ἀλιτήριον,
3498 3266 3591 3320 καὶ
3625 3264 3736 3317 τῶν

477 3356 756 3453 redigunt,
783 3381 999 3435 hortum
1027 3393 1059 3433 a
1095 3376 1302 3431 ﬁcubus
1334 3375 1576 3437 inanem,
1612 3370 1815 3425 nudum
1873 3375 1931 3421 et
1967 3366 2051 3418 in-

2160 3370 2545 3440 ἀπλουστέρων
2576 3368 2665 3421 τὸν
2706 3365 2831 3422 νοῦν
2860 3367 2972 3428 τοῖς
2998 3363 3149 3433 σφῶν
3166 3363 3225 3415 εὐ
3236 3362 3291 3433 ρέ
3301 3376 3431 3431 μασι
3458 3356 3743 3413 κατεσθίον

477 3452 683 3527 cultum
706 3470 957 3525 reddunt.
989 3486 1008 3520 ι
1038 3466 1279 3534 Quorum
1305 3464 1569 3533 judicium
1600 3476 1706 3517 non
1740 3468 1918 3514 cessat
1937 3456 2002 3523 ⁶¹;
2030 3474 2049 3507 ι

2157 3485 2220 3521 τε
2266 3466 2360 3520 καὶ
2411 3462 2741 3527 ἀναλίσκον,
2800 3459 2878 3523 ὡς
2921 3458 3055 3529 μηδὲ
3106 3455 3397 3528 ὀρθότητος
3451 3455 3509 3506 ὲν
3561 3452 3746 3513 αὐτοῖς

479 3564 576 3621 sed
609 3562 885 3618 damnatio
910 3561 1057 3631 justa
1084 3559 1189 3614 erit
1217 3573 1319 3614 suo
1355 3567 1599 3625 tempore
1622 3554 1692 3608 ⁸⁸.
1754 3550 1858 3620 Qui
1892 3550 2051 3621 igitur

2158 3559 2387 3633 ὁρᾶσθαι
2415 3557 2686 3627 λείψανον.
2710 3548 2870 3610 Οὗτοι
2900 3551 3230 3606 Δεσποτικδν
3252 3545 3549 3621 ἀμπελῶνα
3576 3561 3742 3598 κατα-

480 3658 535 3711 in
561 3655 776 3710 inscitia
801 3653 968 3708 vitam
1000 3649 1330 3720 transigunt,
1354 3649 1594 3712 locustae,
1631 3644 1820 3701 brucbi
1855 3651 1910 3699 et
1935 3656 2051 3696 eru-

2170 3652 2518 3725 μαραίνουσι,
2554 3647 2740 3701 συκῶν
2778 3646 2984 3718 ἔρημον
3023 3641 3385 3725 ἀποφαίνουσι
3418 3638 3509 3692 τὸν
3545 3636 3746 3705 κῆπον,

480 3762 561 3801 ca:
619 3745 868 3816 pabulum
920 3751 1101 3806 erunt,
1154 3740 1311 3795 etab
1355 3739 1501 3795 omni
1541 3736 1787 3792 decentia
1817 3732 2051 3789 destituti

2161 3744 2316 3815 ψιλόν
2334 3760 2395 3797 τε
2415 3739 2722 3795 δεικνύουσι
2742 3738 2834 3791 καὶ
2854 3733 3266 3815 κεχερσωμένον
3288 3749 3301 3763 ο
3328 3724 3459 3783 «Ὧν
3480 3728 3542 3781 τὸ
3567 3730 3745 3799 κρῖμα

482 3809 898 3908 Ρθτηίδηθδυηῑι
927 3848 1027 3888 nec
1059 3837 1151 3888 θεῖ’
1178 3831 1232 3886 in
1264 3831 1332 3886 iis
1351 3830 1649 3899 (Ῐυίδίίυθηι
1686 3825 1962 3881 Ποτίάυηιο
1995 3826 2065 3879 At
2164 3809 2265 3893 οὐκ
2285 3838 2466 3911 ἀργεῖ,
2492 3854 2510 3887 ι
2548 3833 2667 3888 ἀλλ’
2688 3833 2895 3886 ἔνδικον
2926 3809 3079 3883 ἔσται
3109 3828 3253 3882 κατά
3276 3822 3521 3897 καιρούς.
3548 3824 3611 3875 OE
3647 3821 3746 3892 μὲν

483 3944 614 3984 vero
644 3927 860 3999 sapiens
885 3934 939 3979 et
964 3924 1131 3979 Deum
1170 3936 1362 3977 amans
1398 3921 1604 3985 anima,
1635 3929 1692 3973 et
1723 3917 2051 3987 dogmatibus

2166 3929 2260 3987 οὖν
2307 3928 2520 4002 ἀμαθίᾳ
2569 3928 2739 3999 συζῇν
2782 3924 3067 3988 εἰωθότες,
3106 3922 3327 3993 ἀκρίδος
3366 3920 3460 3974 καὶ
3505 3916 3735 3988 βρούχου

484 4021 731 4100 veritatis
773 4017 1048 4088 opulenta,
1093 4014 1428 4086 iustitiaeque
1492 4011 1757 4067 fructibus
1791 4025 1930 4079 pene
1961 4010 2051 4064 cir-

2169 4024 2267 4079 καὶ
2310 4024 2536 4093 κάμπης
2579 4020 2794 4074 ἔσονται
2821 4016 3017 4090 τροφὴ,
3052 4016 3149 4069 καὶ
3186 4013 3403 4081 ἀπάσης
3453 4007 3753 4079 εὐκοσμίας

485 4096 812 4176 cuntliuens,
837 4119 893 4166 et
929 4108 1154 4163 miriﬁce
1205 4106 1443 4174 undique
1486 4104 1686 4159 ﬂorens
1717 4117 1813 4157 cor
1839 4101 2051 4156 habens

2174 4114 2512 4184 ἀπομενοῦσι
2555 4112 2777 4184 ἔρημοι,
2813 4108 3036 4170 εὐανθὲς
3074 4106 3131 4159 δὲ
3159 4104 3312 4158 οὐδὲν
3339 4106 3397 4156 ὲν
3435 4102 3639 4163 αὐτοῖς.
3689 4096 3752 4151 Ἥ

487 4205 635 4259 muni
663 4204 915 4258 libertate
947 4215 1071 4255 cum
1097 4213 1316 4267 sponsa,
1349 4212 1469 4266 quae
1502 4196 1555 4250 in
1585 4194 1829 4249 Canticis
1870 4192 2051 4248 intelli

2173 4204 2231 4259 δέ
2262 4221 2326 4273 γε
2362 4203 2509 4277 σοφὴ
2548 4202 2643 4256 καὶ
2676 4198 2929 4270 φιλόθεος
2975 4195 3151 4266 ψυχὴ,
3204 4193 3298 4249 καὶ
3337 4194 3450 4255 τοῖς
3481 4190 3582 4260 τῆς
3624 4188 3755 4258 ἀλη-

487 4301 653 4371 gitur,
685 4298 811 4351 illud
831 4296 1007 4350 dicet:
1038 4310 1056 4342 ι
1096 4291 1399 4345 Desceudat
1438 4303 1607 4356 nepos
1650 4301 1806 4342 meus
1851 4286 1905 4340 in
1946 4286 2051 4339 bor'

2180 4299 2333 4362 θείας
2365 4298 2601 4366 δόγμασι
2632 4292 2862 4365 κομῶσα
2894 4291 3187 4355 πλουσίως,
3223 4288 3319 4342 καὶ
3360 4286 3593 4356 καρποῖς
3642 4284 3755 4344 τοῖς

488 4370 603 4444 tum
630 4404 790 4445 suum
814 4397 868 4441 et
902 4384 1152 4440 comedat
1174 4381 1408 4435 fructum
1429 4392 1710 4449 pomorum
1742 4378 2034 4433 suorum”.

2177 4391 2258 4451 είς
2292 4385 2635 4455 δικαιοσύνην
2681 4382 2966 4454 μονονουχὶ
2997 4379 3269 4452 βρύουσάν
3300 4394 3358 4429 τε
3395 4376 3488 4429 καὶ
3515 4370 3573 4428 εὗ
3614 4372 3759 4443 μάλα

494 4483 686 4536 Dulces
712 4477 925 4548 pietatis
948 4477 1155 4529 [ructus
1179 4483 1235 4527 ct
1270 4470 1445 4526 dulcia
1480 4468 1919 4539 poma,205ubi
1948 4484 2051 4523 ver:

2183 4478 2648 4552 περιηνθισμένην
2698 4474 2900 4546 ἔχουσα
2946 4474 3046 4544 τὴν
3077 4472 3324 4542 καρδίαν,
3377 4470 3494 4538 ἐρεῖ
3540 4466 3758 4526 πάντως

491 4574 728 4628 discendi
764 4569 1054 4640 cupiditas,
1082 4566 1301 4621 Clu-isto
1330 4562 1572 4618 omnium
1599 4572 1842 4615 nostrum
1889 4559 2047 4614 Salva

2148 4568 2155 4602 ⁵
2181 4573 2245 4624 ὲκ
2274 4570 2607 4641 παρρησίας,
2629 4567 2773 4621 κατά
2792 4583 2855 4635 γε
2886 4566 2990 4636 τὴν
3004 4568 3063 4618 ὲν
3092 4563 3172 4634 τῷ
3195 4564 3438 4633 ’ᾼσματι
3464 4558 3761 4629 νοουμένην

490 4667 618 4732 tori,
653 4664 744 4733 qui
772 4677 825 4718 et
863 4673 1049 4718 uoster
1091 4674 1260 4729 nepos
1287 4666 1391 4721 est,
1422 4664 1607 4725 utpote
1636 4670 1700 4709 ex
1754 4670 1943 4710 sorore
1974 4672 2044 4710 no

2183 4662 2403 4733 νύμφην
2426 4678 2437 4689 ·
2480 4681 2497 4711 ι
2529 4658 2840 4728 Καταϐήτω
2870 4656 3183 4725 ἀδελφιδοῦς
3215 4670 3320 4724 μου
3344 4654 3422 4715 είς
3458 4650 3633 4719 κῆπον
3659 4648 3761 4699 αὐ-

492 4770 627 4824 stra,
676 4759 892 4812 domina
944 4753 1275 4808 omnimodis
1331 4748 1758 4806 incontaminata
1824 4749 2044 4818 progeni

2186 4755 2304 4815 τοῦ,
2333 4756 2428 4809 καὶ
2465 4753 2689 4823 φαγέτω
2719 4751 2927 4821 καρπὸν
2963 4746 3275 4819 ἀκροδρύων
3309 4744 3499 4799 αὐτοῦ.
3538 4762 3557 4793 ι
3586 4742 3762 4804 Ἥδεῖς

493 4865 601 4907 tus.
2191 4848 2242 4899 οἱ
2262 4847 2360 4917 τῆς
2384 4846 2663 4910 εὐσεϐείας
2688 4844 2891 4917 καρποὶ
2923 4842 3018 4896 καὶ
3043 4841 3141 4910 τῆς
3165 4837 3400 4908 ἀληθοῦς
3436 4833 3763 4906 φιλομαθίας

492 4946 773 5017 ἀκρόδρυα
802 4941 880 5012 τῷ
906 4940 1124 4995 πάντων
1154 4938 1311 5010 ἡμῶν
1334 4937 1545 5009 Σωτῆρι
1566 4934 1810 5007 Χριστῷ.
1835 4933 1895 4999 ὃς
1959 4933 2109 4986 ἐστιν
2147 4938 2304 5009 ήμῶν
2335 4940 2427 4994 καὶ
2486 4936 2816 5007 ἀδελφιδοῦς,
2843 4937 2917 4999 ὼς
2957 4934 3018 4997 ἐξ
3047 4931 3281 5000 ἀδελφῆς
3307 4930 3410 5000 τῆς
3445 4925 3762 4995 παναχράν-

493 5058 587 5095 του
617 5036 915 5105 Δεσποίνης
943 5032 1362 5104 γεγεννημένος.

570 5134 740 5188 Vens.
770 5130 825 5185 8.
853 5128 1056 5198 Plange
1090 5128 1157 5180 ad
1191 5142 1271 5181 me
1321 5141 1479 5193 super
1533 5126 1789 5193 uirginem
1845 5121 2077 5190 prmcin—

497 5236 635 5281 ctam
675 5238 852 5290 sacco,
898 5236 991 5275 seu
1044 5219 1216 5272 cilicio
1274 5232 1429 5286 super
1478 5218 1651 5270 virum
1700 5230 1856 5268 suum
1909 5214 2075 5282 virgi-

500 5334 673 5373 neum.

2252 5119 2571 5189 Θρήνησον
2589 5118 2740 5185 πρός
2762 5133 2839 5183 με
2868 5113 3021 5181 ὑπὲρ
3040 5114 3289 5182 νύμφην
3318 5107 3765 5178 περιζωσμένην

2178 5214 2415 5269 σάκκον
2440 5210 2541 5265 ἐπὶ
2565 5210 2672 5264 τὸν
2704 5206 2893 5275 ἄνδρα
2918 5203 3109 5274 αὐτῆς
3133 5204 3239 5258 τὸν
3268 5201 3633 5272 παρθενικόν

572 5408 683 5463 νιι.
724 5407 840 5463 Νοιι
872 5404 974 5461 levi
1003 5402 1254 5466 brachio,
1314 5414 1415 5454 nec
1470 5408 1529 5452 ut
1561 5397 1617 5452 in
1669 5396 1922 5459 transitu,
1988 5410 2051 5449 au

2251 5395 2324 5447 Z'.
2355 5391 2429 5444 Οὐ
2457 5390 2736 5461 πάρεργον
2763 5386 2982 5448 αὐτοὺς,
3006 5383 3128 5437 οὐδὲ
3157 5377 3267 5436 οἷον
3293 5382 3358 5434 ὲκ
3381 5378 3761 5452 παραδρομῆς,

502 5504 759 5574 segniter,
788 5510 844 5557 et
872 5512 1091 5570 quoquo
1114 5498 1273 5550 modo
1300 5490 1622 5565 poenitentia
1646 5529 1661 5555 ,
1701 5499 1758 5544 et
1786 5489 1877 5558 qui
1929 5488 1983 5541 in
2012 5500 2051 5541 e:

2180 5484 2215 5555 ἦ
2247 5484 2485 5556 ῥᾴθυμον
2515 5480 2701 5543 ἁπλῶς
2726 5478 2822 5549 τὴν
2856 5476 3200 5548 μετάγνωσιν
3245 5471 3518 5526 ποιεῖσθαι
3550 5466 3764 5523 κελεύει

503 5562 824 5662 ἰιιῖοιιίεζίίιιι·
858 5562 1178 5659 luctu-fungi
1208 5562 1605 5659 eos'postnlat;
1665 5583 1760 5639 sed
1803 5583 1894 5652 qui
1951 5597 2051 5637 cun

2182 5577 2278 5631 καὶ
2328 5576 2389 5629 τὸ
2432 5575 2520 5628 ἐπ’
2561 5574 2697 5644 αὐτῇ
2739 5571 3034 5642 νοούμενον
3076 5567 3292 5634 πένθος,
3343 5563 3481 5618 ἀλλά
3524 5564 3639 5626 τοῖς
3680 5562 3765 5614 ὅτι

505 5686 625 5743 aliis
664 5685 898 5741 luctibus
936 5682 1107 5739 multo
1152 5680 1391 5737 maxime
1437 5677 1694 5749 gravibus
1739 5690 1845 5731 non
1880 5673 2051 5731 levitel

2186 5669 2418 5742 μάλιστα
2442 5667 2552 5721 τῶν
2580 5665 2753 5721 ἄλλων
2784 5662 3235 5735 δυσαχθεστέροις
3261 5660 3322 5714 οὐ
3347 5654 3584 5730 μετρίως
3611 5652 3766 5725 φιλο-

578 5869 619 5903 ⁶¹
658 5867 679 5924 l
715 5865 859 5922 Petr.
902 5881 961 5935 ιι,
1009 5865 1064 5919 3.
1140 5864 1183 5897 ⁵³
1242 5861 1398 5917 Rom.
1440 5874 1520 5926 ιιι,
1565 5858 1616 5912 8.
1697 5858 1741 5889 “
1775 5856 1931 5912 Cant.
1969 5868 2019 5919 v,
2082 5851 2135 5906 1.
