4132 6370
368 424 464 481 3M

1248 426 1801 484 COMMENTARIUS
1838 426 1904 484 IN
1939 427 2207 487 JOELEM
2244 429 2690 489 PROPHETAM.

3522 426 3625 483 διε

367 546 580 601 νεικοῦν
618 547 711 600 καὶ
757 548 1084 619 ἁμιλλᾶσθαι
1115 549 1438 615 σπουδάζον,
1473 550 1548 613 ὡς
1584 552 1938 625 ίσοστάθμους

2042 559 2351 624 contendat,
2386 568 2441 613 et
2490 567 2705 614 certare
2737 557 2951 614 studeat
2981 593 2997 619 ,
3042 564 3102 610 ut
3131 552 3343 610 dolores
3389 547 3624 619 peccatis

363 640 478 702 τοῖς
522 640 935 711 ἡμαρτημένοις
988 639 1261 694 ποιεῖσθαι
1307 642 1437 705 τοὺς
1475 643 1690 708 πόνους.
1712 644 1860 698 Φιλεί
1881 646 1939 700 δέ

364 745 484 792 πως
521 730 823 801 ἀρτίγαμος
851 731 987 803 κόρη
1017 730 1379 802 κατοιμώζειν
1402 734 1541 803 ἄγαν
1560 737 1641 800 είς
1668 738 1941 792 τεθνεῶτα

365 820 596 891 νυμφίον
622 862 636 884 ,
679 820 776 875 καῖ
816 821 1068 893 δριμείας
1129 823 1469 894 εἰσδέχεσθαι
1535 826 1636 890 τὰς
1679 828 1772 881 ἐπὶ
1802 828 1939 899 τῷδε

366 910 561 975 λύπας,
597 911 673 974 ὡς
700 910 985 975 νουθεσίας
1030 911 1291 967 ἐπέκεινα
1328 912 1570 969 τίθεσθαι
1608 914 1707 986 τὴν
1745 917 1938 986 φρένα,

365 1004 462 1057 καὶ
498 1004 699 1074 μηδένα
720 1003 921 1074 τρόπον
945 1004 1083 1076 αὐτῇ
1109 1005 1205 1058 τοῦ
1229 1007 1425 1078 χρῆναι
1459 1006 1678 1061 πενθεῖν
1704 1008 1941 1074 ἐπαξίως

365 1095 692 1166 ἀποχρῶντα
725 1092 866 1150 εἶναι
900 1097 1078 1151 δοκεῖν
1101 1116 1114 1129 α
1148 1099 1335 1169 χρῆμα
1362 1098 1471 1170 γὰρ
1504 1100 1564 1152 τὸ
1591 1099 1819 1170 θηλειῶν
1847 1119 1939 1171 φι-

363 1185 596 1257 λόδακρυ
628 1188 722 1240 καὶ
752 1187 1073 1257 φιλοπενθὲς
1118 1190 1581 1261 ὁμολογουμένως.
1622 1192 1854 1263 μάλιστα
1883 1194 1942 1248 δέ

361 1277 470 1330 τῶν
505 1278 681 1332 ἄλλων
710 1281 742 1350 ἠ
778 1279 1105 1350 παρθενικόν
1132 1299 1191 1335 τε
1222 1282 1317 1337 καὶ
1357 1282 1561 1353 ἔφηϐον
1591 1285 1774 1355 ὁρῶσα
1804 1304 1940 1356 νυμ-

366 1368 485 1438 φίον
511 1370 743 1443 οἰκτρῶς
769 1372 826 1423 ἐν
859 1372 1043 1435 εὐναῖς
1074 1374 1267 1443 νεκρόν
1299 1391 1358 1426 τε
1396 1375 1491 1427 καὶ
1521 1376 1723 1429 ἄπνουν
1753 1377 1943 1448 κείμε-

362 1476 471 1512 νον.
514 1452 591 1530 ᾞ
637 1460 702 1530 δὴ
754 1459 1184 1531 παρεικάζεσθαι
1230 1460 1339 1515 δεῖν
1369 1462 1472 1534 τὴν
1517 1464 1627 1517 τῶν
1672 1466 1943 1521 Ἰουδαίων

365 1550 570 1623 πληθὺν
592 1550 652 1606 εὖ
682 1552 825 1621 μάλα
850 1553 1035 1622 φησιν,
1059 1553 1538 1625 ἀποκρούεσθαίτε
1567 1557 1636 1611 τά
1664 1558 1722 1625 ἐξ
1748 1559 1937 1630 ὀργῆς,

364 1644 455 1695 καὶ
478 1637 590 1696 οἷον
618 1642 845 1714 ἄσχετον
874 1645 961 1696 ἐπ’
989 1645 1188 1709 αὐτοὺς
1218 1646 1404 1700 ἰοῦσαν
1442 1651 1556 1713 τοῖς
1600 1649 1814 1722 θρήνοις
1842 1652 1941 1721 τὴν

364 1734 514 1788 θείαν
545 1735 758 1804 κίνησιν
786 1735 1134 1803 ἀνακόπτειν,
1162 1737 1571 1810 τεθαρρηκότας
1594 1741 1674 1793 ὃτι
1708 1741 1942 1812 χρηστὸς

363 1828 456 1880 καὶ
499 1829 746 1899 ἐπιεικὴς
778 1830 806 1882 ὀ
855 1829 962 1884 τῶν
1002 1829 1139 1882 ὅλων
1188 1831 1307 1883 ἐστὶ
1357 1833 1658 1904 Δεσπότης,
1703 1853 1721 1886 ι
1754 1834 1943 1903 φιλάν-

364 1920 601 1991 θρωπος,
636 1923 731 1975 καὶ
762 1921 1070 1987 πολυέλεος,
1107 1923 1201 1977 καὶ
1224 1924 1523 1994 μετανοῶν
1567 1927 1659 1979 ἐπὶ
1696 1929 1816 1992 ταῖς
1851 1945 1941 1981 κα-

363 2010 563 2076 κίαις,›
597 2010 738 2064 κατά
771 2012 831 2065 τὸ
864 2012 1057 2082 γένος.

433 2185 581 2257 Πλὴν
622 2186 683 2239 οὐ
732 2187 1073 2261 τεθρήνηκεν
1121 2192 1163 2259 ήε
1190 2192 1300 2245 τῶν
1335 2193 1604 2248 Ἰουδαίων
1641 2196 1940 2270 Συναγωγή

360 2272 453 2325 τὸν
483 2272 544 2337 ἐξ
586 2274 813 2345 ούρανοῦ
856 2277 1111 2346 νυμφίον,
1146 2280 1290 2332 τοῦτ’
1323 2281 1442 2335 ἔστι
1486 2284 1741 2354 Χριστόν,
1789 2287 1939 2359 Αὕτη

360 2364 470 2435 γὰρ
492 2365 797 2432 ἀπέκτεινε,
824 2371 917 2421 καὶ
940 2371 1335 2443 πεπαρῴνηκεν
1356 2376 1435 2437 εἰς
1456 2376 1636 2432 αὐτόν.
1652 2379 1939 2451 Τοιγάρτοι

359 2456 470 2509 τῶν
501 2456 660 2513 θείων
699 2460 944 2534 εἴργεται
989 2463 1229 2529 παστῶν,
1256 2463 1362 2529 ἐξω
1392 2483 1452 2519 τε
1476 2468 1610 2520 τῶν»
1634 2470 1794 2541 ἱερῶν
1825 2474 1939 2526 ἐστι

360 2548 572 2619 γάμων,
593 2550 687 2603 καὶ
716 2550 816 2621 τῆς
843 2554 1039 2624 ἑορτῆς
1073 2556 1342 2628 ἀμέτοχος
1369 2560 1672 2628 παντελῶς,
1700 2563 1939 2635 ὰπόκλη-

364 2642 453 2711 pri;
475 2658 534 2693 τε
570 2644 664 2695 καὶ
687 2644 1072 2718 ἁπεῤῥιμμένη
1111 2648 1326 2717 λοιπὸν,
1361 2653 1455 2707 καὶ
1487 2652 1587 2724 τῆς
1631 2655 1740 2710 τῶν
1767 2658 1938 2726 ἁγίων

360 2734 574 2797 ἐλπίδος
597 2734 674 2797 ὡς
708 2736 987 2794 ἀποτάτω.
1020 2740 1381 2815 Είσκέκληται
1421 2746 1478 2799 δὲ
1506 2748 1619 2800 ἀντ’
1659 2750 1874 2822 ἐκείνης
1902 2754 1935 2823 ἡ

359 2827 456 2879 νέα
492 2828 587 2881 καὶ
628 2830 978 2901 ἀρυτίδωτος,
1010 2834 1043 2903 ἡ
1094 2833 1387 2903 πάναγνος,
1424 2838 1518 2891 καὶ
1554 2840 1711 2911 σοφὴ.
1751 2843 1845 2895 καὶ
1869 2843 1939 2896 ’ἐκ

358 2921 592 2975 Λιϐάνου
624 2922 830 2994 νύμφη,
863 2925 1003 2996 καλή
1037 2943 1096 2978 τε
1130 2929 1446 3000 περιστερὰ,
1480 2933 1779 2996 τουτέστιν,
1814 2937 1846 3006 ἡ
1880 2936 1938 3003 ἐξ

358 3013 529 3068 ἐθνῶν
564 3015 884 3086 Ἐκκλησία,
920 3018 954 3085 ἡ
997 3019 1091 3071 καὶ
1124 3019 1257 3072 αὐτὸ
1299 3020 1361 3073 τὸ
1404 3021 1574 3086 πάθος
1603 3024 1939 3094 ὁμολογοῦσα

358 3106 618 3175 Χριστοῦ,
651 3111 930 3182 μονονουχὶ
956 3110 1013 3164 δὲ
1049 3111 1143 3165 καὶ
1171 3113 1259 3165 ἐπ’
1289 3113 1438 3183 αὐτῷ
1471 3114 1732 3169 κλαίουσα
1765 3117 1851 3172 διά
1880 3120 1940 3172 τὸ

359 3198 701 3269 συμπάσχειν
731 3200 824 3254 καὶ
855 3202 1092 3270 πενθεῖν,
1117 3204 1294 3275 αἴρειν
1322 3223 1383 3262 τε
1406 3206 1499 3260 τὸν
1529 3207 1659 3263 ἴδιον
1700 3212 1935 3282 σταυρὸν

2045 649 2350 704 commissis
2398 649 2754 720 proportione
2794 646 3183 717 respondeant.
3236 641 3387 697 Solet
3440 646 3622 693 autem

2040 738 2213 810 puella
2244 754 2381 794 nova
2412 749 2575 808 nupta
2601 739 2859 808 majorem
2893 738 2946 792 in
2971 735 3188 791 modum
3238 731 3443 799 ejulare
3485 741 3614 795 pro—

2041 835 2160 894 pter
2197 833 2465 880 met-tuum
2489 841 2746 896 sponsum
2778 840 2958 890 suum,
2986 832 3043 879 et
3077 821 3197 892 ejus
3221 833 3384 876 causa
3423 815 3623 870 acerbe

2042 912 2096 967 in
2127 929 2362 969 maerore
2404 916 2632 981 versari,
2693 924 2750 970 ut
2797 916 3011 970 animus
3039 926 3252 968 onmem
3298 907 3620 963 medicinam

2042 1015 2282 1073 respuat,
2325 1020 2425 1060 nec
2452 1006 2592 1063 ullus
2617 1008 2667 1064 ei
2703 1007 2882 1063 luctus
2910 1006 3044 1062 satis
3075 1017 3302 1074 magnus
3323 1010 3378 1056 et
3400 999 3622 1053 idoneus

2041 1096 2307 1152 videatur.
2364 1097 2605 1155 Feminae
2660 1098 2951 1169 siquidem
2986 1095 3257 1166 laerymas
3313 1101 3368 1145 et
3416 1090 3619 1144 luctum

2041 1197 2223 1243 amant
2270 1190 2635 1244 communiter
2668 1228 2683 1253 ,
2743 1188 3043 1259 praesertim
3098 1201 3231 1256 quas
3270 1182 3620 1251 virgineum,

2042 1293 2162 1343 seu;
2196 1279 2280 1334 cui
2310 1280 2425 1350 ipsa
2460 1281 2636 1335 adhuc
2660 1283 2816 1350 virgo
2864 1280 3064 1347 nupsit,
3098 1285 3166 1343 et
3195 1274 3484 1344 ephebum,
3522 1287 3616 1327 seu

2042 1370 2437 1427 adolescentem
2478 1371 2734 1425 maritum
2761 1369 3148 1424 miserabiliter
3194 1367 3250 1421 in
3291 1375 3412 1420 toro
3465 1378 3614 1417 mor-

2044 1473 2194 1519 tuum
2218 1475 2273 1520 et
2308 1465 2613 1520 exanimem
2658 1464 2932 1533 jacentem
2960 1461 3185 1531 aspicit.
3210 1458 3347 1514 Huic
3388 1457 3620 1513 similem

2042 1556 2159 1611 ﬁeri
2185 1555 2493 1613 .ludzeorum
2524 1555 2780 1626 populum
2815 1562 3066 1626 oportere
3118 1553 3215 1618 ait,
3251 1560 3308 1607 et
3349 1550 3425 1604 ita
3471 1563 3621 1601 ωηο-

2043 1647 2152 1715 Iiri,
2193 1664 2312 1718 qua:
2338 1664 2406 1704 ex
2451 1650 2531 1703 ira
2579 1648 2791 1704 coelein
2831 1645 3122 1702 metuenda
3173 1644 3304 1711 sint,
3354 1657 3431 1707 ac
3478 1640 3623 1693 velut

2044 1740 2407 1796 inevitabilem
2447 1741 2795 1813 ipsorumque
2847 1737 3155 1794 cervicibus
3205 1734 3471 1789 divinitus
3516 1732 3621 1786 ima,

2042 1833 2371 1903 pendentem
2396 1833 2654 1902 impetum
2682 1832 2936 1887 lamentis
2990 1827 3307 1898 reprimere,
3354 1823 3616 1889 conlisos,

2046 1925 2171 1995 quia
2210 1924 2452 1981 clemens
2482 1940 2547 1981 ac
2612 1925 2761 1981 mitis
2794 1932 2889 1980 εει·
2919 1923 3300 1980 universorum
3338 1916 3621 1983 Dominus,

2052 2033 2071 2066 ι
2120 2015 2411 2087 benignus,
2436 2027 2491 2072 et
2523 2017 2716 2072 multae
2747 2012 3165 2080 miserit-ordiar,
3204 2020 3268 2071 et
3293 2006 3620 2082 praestabilis

2046 2122 2211 2178 super
2238 2108 2445 2163 malitia
2481 2118 2683 2165 natura
2712 2122 2811 2163 sua
2843 2106 2912 2161 ⁸⁸.
2950 2126 2971 2161 ι

2118 2200 2604 2256 Yerumenimvero
2662 2213 2770 2254 non
2804 2198 2941 2255 luxit
2979 2196 3287 2271 Iudaeorum
3336 2192 3620 2265 Synagoga

2046 2303 2304 2359 Sponsum
2355 2289 2654 2354 caelestem,
2685 2289 2790 2344 hoc
2838 2296 2923 2343 est
2964 2287 3275 2349 Christum,
3311 2299 3472 2352 quem
3506 2285 3621 2351 ipsa

2046 2382 2322 2440 interemit
2394 2392 2449 2437 et
2524 2379 2919 2438 contumeliose
2996 2380 3205 2436 habuit.
3258 2374 3621 2444 Quamobrem

2046 2491 2074 2529 a
2096 2475 2279 2530 divino
2311 2473 2549 2529 thalamo
2577 2481 2797 2528 arcetur
2819 2511 2837 2539 ,
2885 2480 2940 2527 et
2973 2460 3145 2527 sacris
3189 2468 3392 2540 nuptiis
3432 2465 3622 2521 exclu-

2047 2569 2212 2632 ditur,
2260 2576 2315 2623 et
2351 2565 2471 2621 festi
2500 2580 2692 2634 expers
2715 2573 2770 2618 et
2803 2564 3051 2619 exhaeres
3104 2569 3208 2623 est,
3253 2558 3498 2629 projeCta
3550 2555 3618 2610 de

2045 2669 2260 2726 caetero,
2301 2668 2461 2729 atque
2496 2674 2524 2711 a
2574 2664 2886 2712 sanctorum
2938 2669 3033 2724 spe
3074 2649 3466 2708 remotissima.
3514 2647 3621 2703 Vo—

2044 2762 2163 2807 cata
2186 2760 2268 2806 est
2286 2761 2465 2805 autem
2499 2749 2642 2804 intro
2659 2749 2711 2802 in
2738 2748 2914 2803 locum
2936 2748 3053 2817 ejus
3082 2736 3635 2800 illa‘adolescentula,.

2045 2856 2220 2911 nuper
2253 2852 2398 2905 nata,
2440 2839 2531 2907 illa
2563 2835 3321 2906 castissima,etsapiens,et
3353 2844 3550 2901 sponsa
3586 2844 3653 2881 tu

2046 2932 2275 2995 Libano,
2308 2932 2577 2996 columba,
2618 2929 2867 2999 pulchra,
2894 2942 3087 2998 nempe
3118 2924 3358 2981 Ecclesia
3384 2937 3452 2976 ex
3481 2934 3618 2992 gens

2047 3026 2213 3089 tibus,
2242 3039 2362 3094 quae
2398 3027 2569 3093 ipsam
2608 3021 2809 3077 Christi
2865 3021 3174 3090 passionem
3212 3015 3528 3079 conﬁtetur,
3565 3021 3625 3066 et

2048 3126 2255 3171 tantum
2288 3130 2395 3169 non
2431 3114 2699 3181 deplorat,
2735 3111 2861 3180 quia
2887 3109 3234 3180 compatitur,
3277 3115 3331 3161 et
3367 3104 3531 3172 luget,
3566 3111 3623 3157 et

2046 3205 2438 3260 tolllt'crucem
2467 3216 2643 3266 suam,
2691 3210 2759 3256 ειν
2779 3200 2957 3269 ipsum
2992 3197 3280 3266 sequitur,
3326 3202 3383 3249 et
3424 3191 3615 3247 iisdem

358 3257 451 3346 xui.
471 3257 788 3350 ἀκολουθεῖν
817 3296 987 3369 αὐτῷ,
1022 3257 1116 3353 καὶ
1157 3257 1246 3354 έιά
1282 3301 1393 3356 τῶν
1423 3302 1555 3358 ἴσων
1595 3304 1731 3359 ίέναι
1763 3257 1937 3375 φιλιεῖν

2042 3297 2293 3352 incedere
2342 3294 2586 3363 vestigiis
2631 3292 2976 3357 delectatur,
3022 3294 3244 3358 propter
3295 3283 3617 3375 cltari-tatem

355 3385 445 3440 διά
465 3404 551 3440 τοι
577 3387 677 3459 τὴν
710 3390 791 3453 είς
819 3391 980 3445 αὑτὸν
1011 3393 1257 3464 ἀγάπην.
1286 3396 1622 3468 Παρθενικὸς
1654 3398 1712 3452 δὲ
1739 3401 1768 3453 ὁ
1799 3418 1938 3472 νυμ-

358 3476 477 3545 φίος
508 3480 665 3532 νοοῖτ’
696 3479 763 3533 ἀν
792 3483 960 3553 αὐτῆς
992 3484 1020 3535 ὁ
1056 3485 1401 3559 Ἐμμανουὴλ
1430 3490 1647 3559 (καίτοι
1675 3491 1939 3565 δοκούσης

359 3569 773 3640 μεμοιχεῦσθαι,
796 3575 890 3627 καὶ
911 3575 989 3645 τῷ
1009 3576 1223 3646 Σατανᾷ
1241 3596 1513 3650 πεπορνευ
1520 3582 1688 3654 μένης
1715 3585 1856 3639 κατά
1873 3603 1937 3654 γε

356 3658 449 3711 τὸν
476 3660 571 3714 τοῦ
609 3663 915 3720 πλανᾶσθαι
939 3667 1184 3739 τρόπον),
1215 3671 1307 3725 διὰ
1334 3671 1432 3744 τὴν
1460 3674 1668 3729 ἄνωθεν
1702 3677 1935 3745 ἀναγέν-

357 3766 538 3819 νησιν,
574 3753 639 3823 ἢν
672 3753 759 3808 διὰ
788 3754 881 3809 τοῦ
929 3758 1248 3830 Πνεύματος
1294 3762 1790 3837 πεπλουτήκαμεν,
1838 3768 1939 3838 τὴν

358 3840 629 3912 σαρκικὴν
653 3844 998 3916 ἀρνούμενοι.
1022 3848 1337 3918 Γέγραπται
1358 3853 1467 3924 γὰρ
1503 3854 1631 3924 περὶ
1656 3856 1893 3926 Χριστοῦ
1919 3874 1934 3889 ⁶

361 3949 379 3980 ι
407 3931 499 3995 Ei;
533 3932 599 3986 τά
630 3934 735 3989 ἴδια
756 3932 910 4007 ἦλθε,
945 3939 1042 3993 καὶ
1071 3942 1119 3994 οί
1149 3942 1273 3997 ἴδιοι
1308 3945 1471 3999 αὑτὸν
1500 3945 1562 3999 οὐ
1607 3947 1934 4019 παρέλαϐον.

354 4021 513 4076 Ὅσοι
543 4024 601 4078 δέ
627 4025 819 4082 ἔλαϐον
851 4029 1035 4098 αὑτὸν,
1065 4050 1084 4083 ι
1116 4034 1210 4087 καὶ
1241 4034 1309 4088 τὰ
1335 4034 1485 4108 ἑξῆς.
1625 4039 1628 4042 ’

439 4204 725 4274 Ἑξῇρται
762 4208 944 4263 θυσία
974 4210 1074 4265 καὶ
1107 4212 1348 4282 σπονδὴ
1379 4214 1449 4279 ἐξ
1466 4215 1655 4269 οἴκου
1692 4217 1935 4285 Κυρίου.

355 4296 651 4361 Πενθεῖτε,
682 4303 735 4354 οἱ
758 4302 1251 4373 λειτουργοῦντες
1268 4308 1674 4376 θυσιαστηρίῳ
1694 4310 1935 4377 Κυρίου,

355 4386 446 4440 ὅτι
485 4390 963 4460 τεταλαιπωρηκε
988 4394 1062 4448 τὰ
1104 4395 1298 4449 πεδία.
1326 4398 1620 4451 Πενθείτω
1644 4400 1682 4468 ἠ
1713 4400 1818 4470 γῆ,
1850 4400 1941 4455 ὅτι

355 4480 845 4548 τεταλαιπὼρηκε
883 4484 1072 4552 σῖτος,
1109 4485 1410 4557 ἐξηράνθη
1455 4486 1642 4554 οἶνος,
1673 4490 1938 4563 ὠλιγώοη

352 4572 581 4625 ἔλαιον.
624 4574 1104 4647 Ἐξηράνθησαν.

428 4665 508 4717 η’.
544 4665 769 4736 Ὅμοιον
794 4669 869 4732 ὠς
901 4670 951 4722 εί
980 4670 1129 4738 λέγοι
1163 4672 1350 4742 σαφῶς
1369 4690 1381 4703 ·
1421 4673 1829 4729 Ἑκλελοίπασιν
1853 4676 1942 4728 εὐ-

356 4755 659 4825 χαριστίαι,
693 4758 784 4809 καὶ
814 4760 839 4810 ό
864 4758 1042 4813 θύσων
1064 4761 1143 4815 ἔτι
1178 4762 1457 4828 παντελῶς
1486 4765 1681 4829 οὐδεὶς,
1706 4767 1734 4819 ὁ
1768 4784 1939 4837 προσ-

356 4846 566 4917 κομιῶν
595 4848 874 4921 ἀνάθημα,
914 4853 1009 4906 καὶ
1049 4853 1219 4925 ληϊων
1245 4856 1524 4927 ἀπαρχὰς,
1559 4858 1782 4930 δράγμα
1834 4876 1937 4913 που

355 4938 576 5005 πάντως
598 4939 660 4993 τὸ
688 4941 854 5013 ἱερὸν,
884 4945 967 5007 είς
1000 4944 1255 5017 ἀπαρχὴν
1281 4946 1544 5019 θερισμοῦ
1581 4950 1772 5021 πυρῶν
1802 4950 1937 5003 ἀνα-

352 5031 639 5101 τιθέμενον
659 5032 739 5103 τῷ
768 5033 909 5105 Θεῷ,
938 5035 1080 5093 κατὰ
1106 5037 1198 5091 τὸν
1219 5038 1463 5103 Μωσέως
1497 5039 1681 5111 νόμον.
1717 5040 1937 5112 Πρωτό-

362 5124 491 5178 εοκά
527 5141 591 5177 τε
635 5124 703 5179 τὰ
739 5125 798 5191 ἐξ
827 5127 985 5198 ὡρῶν
1022 5129 1195 5192 οὐδεὶς
1232 5130 1260 5182 ό
1287 5129 1593 5202 καρτάλλῳ,
1629 5133 1815 5203 φησιν,
1846 5133 1934 5186 ἐν-

352 5214 545 5279 τιθεὶς,
591 5217 685 5270 καὶ
718 5220 1087 5290 πορευόμενος
1123 5222 1203 5284 εἰς
1233 5218 1383 5275 οἷκον
1411 5224 1642 5294 Κυρίου,
1680 5224 1937 5279 ἀνάπτων

350 5302 409 5355 δὲ
435 5302 514 5373 τῷ
540 5304 661 5376 Θεῷ
702 5306 797 5360 καὶ
847 5307 991 5377 ᾠδὰς
1029 5309 1129 5373 τὰς
1158 5312 1581 5383 χαριστηρίους,
1608 5313 1676 5378 ἃς
1716 5311 1783 5385 ἦν
1807 5316 1940 5384 ἀγο-

354 5396 537 5463 ρεύειν
565 5396 746 5468 ἔργον.
778 5399 1045 5473 Ταύτῃτοι
1077 5402 1293 5455 πενθεῖν
1319 5404 1378 5457 τὸ
1403 5405 1701 5459 ἀπόλεκτον
1730 5406 1942 5461 κελεύει

353 5486 531 5555 γένος,
562 5490 707 5560 φημὶ
728 5490 793 5562 δὴ
824 5493 950 5555 τοὺς
986 5493 1189 5563 ἱερέας,
1221 5495 1283 5548 οὑ
1307 5495 1611 5567 λημμάτων
1640 5498 1801 5552 ἕνεκα
1827 5500 1941 5553 δια-

354 5580 748 5651 πονουμένους,
781 5582 897 5635 ἀλλ’
930 5581 1005 5646 ὡς
1041 5583 1149 5637 τῶν
1189 5583 1295 5637 ὑπὸ
1327 5588 1482 5656 χεῖρα
1513 5585 1658 5640 λαῶν
1706 5587 1941 5658 ὑπερηλ-

351 5668 614 5739 γηκότας,
647 5672 741 5723 καὶ
780 5670 1130 5741 τεθειμένους
1174 5674 1254 5736 είς
1291 5672 1633 5746 λειτουργίαν
1657 5676 1755 5750 τὴν
1790 5680 1939 5751 ἱεράν

338 5844 339 5847 “
431 5842 473 5875 ⁸*
522 5842 635 5899 Jocl
696 5862 754 5912 tt,
807 5846 887 5902 13.
966 5847 1009 5881 ⁸⁸
1067 5844 1224 5904 Joan.
1251 5848 1307 5921 1,!
1340 5848 1427 5917 ll,
1483 5848 1571 5904 12.

2039 3403 2144 3457 qua
2184 3387 2235 3440 in
2282 3385 2434 3440 illum
2484 3392 2590 3438 est.
2644 3381 2932 3447 Virgineus
2981 3386 3162 3433 autem
3214 3388 3448 3445 sponsus
3501 3372 3620 3443 ejus

2044 3476 2272 3546 intelligi
2298 3483 2478 3546 potest
2516 3471 2833 3527 Emmanuel
2872 3470 3020 3542 (licet
3075 3466 3342 3523 adulterio
3389 3464 3613 3535 polluta,

2039 3578 2095 3624 et
2127 3583 2248 3623 cum
2278 3566 2476 3621 Satana
2517 3562 2783 3619 fornicata
2837 3561 3133 3617 secundum
3161 3558 3439 3616 rationem
3464 3569 3615 3609 erro-

2043 3661 2119 3716 ris
2144 3660 2226 3716 sui
2255 3660 2549 3726 videatur),
2580 3664 2804 3726 propter
2829 3668 3120 3724 supernam
3152 3648 3616 3721 regenerationem

2040 3772 2145 3828 qua
2176 3770 2271 3826 per
2309 3753 2575 3824 Spiritum
2604 3750 2757 3805 ditati
2811 3763 3027 3812 sumus,
3075 3744 3348 3802 carnalem
3377 3755 3611 3810 genera-

2042 3850 2242 3905 tionem
2275 3846 2631 3915 abncgantes.
2666 3840 2944 3911 Scriptura
2975 3846 3059 3894 est
3086 3837 3231 3894 enim
3261 3836 3328 3891 de
3358 3833 3576 3891 Christo
3602 3852 3615 3887 :

2044 3940 2162 4004 «,ln
2226 3937 2445 4009 propria
2498 3937 2670 4003 venit,
2721 3945 2775 3990 et
2804 3934 2887 3989 sui
2939 3947 3062 3987 eum
3115 3944 3223 3986 non
3274 3934 3615 3998 receperunt.

2039 4031 2313 4100 Quotquot
2348 4036 2525 4083 autem
2557 4041 2680 4081 eum
2714 4031 3040 4093 receperunt
3086 4022 3153 4089 "‘,
3196 4039 3216 4074 ο
3266 4028 3320 4077 ει
3355 4033 3475 4090 quae
3533 4033 3620 4074 se-

2039 4134 2302 4194 qmmtur.

2111 4214 2274 4284 206
2328 4211 2492 4267 Vsus.
2528 4213 2600 4276 9,
2638 4212 2726 4265 10.
2778 4209 3029 4263 Ablatum
3080 4218 3154 4261 est
3201 4206 3522 4275 sacriﬁcium
3569 4216 3617 4258 et

2040 4305 2223 4359 libatio
2246 4306 2311 4359 'de
2341 4305 2497 4359 domo
2545 4304 2779 4360 Domini.
2808 4300 3024 4372 Lugete,
3076 4299 3373 4355 sacerdotes
3403 4336 3420 4362 ,
3465 4296 3620 4351 mini-

2040 4405 2268 4452 strantes
2305 4397 2464 4451 altari
2492 4396 2726 4461 Domini,
2750 4395 3005 4466 quoniam
3027 4392 3252 4445 desolati
3274 4400 3393 4444 sunt
3424 4388 3616 4456 campi.

2042 4488 2245 4558 Lugeat
2269 4498 2436 4552 terra,
2461 4488 2718 4557 quoniam
2743 4486 3005 4557 afﬂictum
3052 4493 3127 4537 est
3154 4482 3389 4535 triticum
3416 4497 3434 4545 ;
3478 4479 3618 4534 aruit

1969 4599 2013 4653 ι)
2044 4580 2221 4633 vinum
2245 4619 2260 4643 ,
2289 4579 2639 4635 imminutum
2659 4588 2732 4633 est
2759 4577 2951 4631 oleum.
2982 4573 3273 4629 Aruerunt.

2112 4667 2248 4724 Vill.
2276 4668 2508 4724 Perinde
2555 4684 2619 4721 ac
2644 4669 2687 4722 si
2739 4668 2883 4721 dicat
2914 4665 3159 4736 apertius
3222 4680 3235 4716 :
3297 4661 3619 4718 Deiecerunt

2036 4759 2337 4830 gratiarum
2385 4758 2654 4825 actiones,
2685 4769 2741 4813 et
2762 4758 2852 4827 qui
2878 4757 3053 4811 sacris
3075 4765 3367 4826 Operetur;
3401 4770 3623 4823 prorsus

2036 4866 2197 4905 nemo
2223 4860 2307 4906 est
2337 4852 2599 4921 amplius,
2630 4851 2719 4920 qui
2755 4865 2912 4905 sacra
2942 4848 3081 4902 dona
3111 4846 3379 4902 ofl‘eratet
3411 4845 3619 4916 frugum

2037 4946 2337 5015 primitias,
2381 4947 2719 5014 manipulum
2754 4984 2770 5010 ,
2812 4954 2962 5014 puta,
2996 4958 3094 5011 pro
3123 4941 3378 5010 primitiis
3428 4940 3622 4995 messis

2042 5033 2323 5103 frumenti,
2351 5037 2461 5093 Deo
2500 5037 2798 5091 secundum
2843 5034 3012 5105 legem
3059 5032 3258 5104 Moysis
3296 5046 3622 5088 consecran—

2044 5126 2191 5182 dum.
2229 5127 2340 5185 Nec
2370 5139 2454 5186 est
2484 5129 2578 5200 qui
2609 5128 2664 5183 in
2692 5129 2919 5183 eartallo
2956 5136 3141 5197 ponat,
3168 5126 3370 5195 quique
3418 5124 3619 5192 primo-

2043 5218 2225 5286 genita
2262 5231 2544 5291 segreget,
2595 5229 2650 5276 et
2681 5219 2734 5274 in
2778 5221 2994 5274 domum
3026 5217 3238 5273 Domini
3273 5216 3499 5276 veniat,
3559 5229 3621 5265 at:

2024 5303 2137 5361 Deo
2168 5308 2358 5364 laudes
2387 5320 2683 5380 gratesque
2727 5307 3045 5378 persolvat,
3106 5316 3164 5360 ut
3204 5304 3432 5359 solebat.
3485 5303 3611 5357 Ideo

2041 5400 2226 5472 lugere
2260 5402 2415 5471 jubet
2456 5401 2692 5457 electum
2735 5416 2904 5472 genus
2930 5440 2945 5466 ,
2996 5398 3306 5454 sacerdotes
3360 5394 3566 5451 scilicet
3603 5413 3620 5460 ;

2039 5507 2145 5545 non
2180 5502 2238 5544 ut
2283 5491 2375 5560 qui
2418 5491 2737 5560 compendia
2788 5504 2886 5545 sua
2945 5487 3325 5559 perdiderint,
3376 5499 3608 5551 quorum

2041 5599 2208 5640 causa
2239 5583 2562 5650 laborarint,
2593 5584 2688 5639 sed
2742 5581 2932 5638 crediti
2960 5579 3143 5651 populi
3178 5578 3351 5634 vicem
3395 5576 3619 5633 nimium

2042 5686 2301 5746 quantum
2354 5674 2634 5744 dolentes,
2663 5684 2717 5731 et
2762 5672 3045 5745 praefectos
3081 5669 3343 5728 obeundae
3393 5667 3617 5738 titurgia
