4132 6370
511 395 617 450 543

1499 389 1556 445 S.
1599 389 1866 445 CYRILLI
1904 390 2374 445 ALEXANDRINI
2411 390 2731 446 ARCHIEP.

3650 395 3758 452 5M
3816 448 3823 462 ,

511 520 704 569 sacrm,
756 503 1184 570 ctadmiraudaz,
1217 512 1274 557 ut
1325 512 1382 558 ct
1428 519 1540 573 prae
1586 503 1709 560 aliis
1765 505 1868 576 ipsi
1909 505 2078 560 Deum

2194 505 2366 574 τεῙκαὶ
2397 505 2745 576 ἁξιάγαστον,
2782 507 2868 560 ἴνα
2897 507 2990 560 καὶ
3024 505 3130 575 πρό
3152 523 3214 574 γε
3247 505 3356 558 τῶν
3385 507 3558 561 ἄλλων
3604 507 3758 562 αὐτοὶ

511 596 881 660 reconcilient,
913 595 1195 664 ipsumque
1225 585 1503 651 sacrorum
1530 597 1832 653 antistitem
1857 596 2078 668 Moysen

511 689 792 744 imitentur
823 728 837 752 ,
872 686 964 758 qui
999 685 1254 742 Israelem
1296 687 1456 754 rexit,
1498 698 1553 744 et
1579 687 1716 743 dixit
1754 707 1768 745 :
1819 706 1839 741 ι
1897 687 2078 745 Obse-

511 795 628 844 cro,
658 779 900 842 Domine,
936 778 1176 849 peccavit
1202 779 1289 834 bic
1313 779 1543 850 populus
1574 791 1856 850 peccatum
1907 780 2084 834 maxi-

512 885 707 936 mum;
760 879 816 923 et
845 870 890 924 si
935 869 1152 938 quidem
1185 869 1418 926 dimittis
1468 869 1579 927 illis
1630 880 1910 942 peccatum
1937 909 1954 938 ,
1996 871 2078 926 di-

510 963 665 1016 mitte
690 979 706 1027 ;
733 962 816 1016 sin
853 970 1055 1028 autem,
1084 960 1202 1017 dele
1236 976 1323 1017 me
1348 961 1416 1018 de
1445 961 1586 1018 libro
1616 972 1708 1018 tuo
1742 977 1904 1034 quem
1939 963 2080 1019 scri-

512 1053 666 1121 psisti
699 1053 768 1108 ".
827 1070 850 1106 ι
900 1051 1200 1123 lnterponit
1244 1052 1391 1108 enim
1424 1068 1483 1109 se
1512 1053 1895 1123 isacerdotium
1939 1053 2084 1108 inter

511 1144 681 1198 Deum
714 1150 770 1197 et
807 1141 1103 1212 populum;
1139 1151 1196 1198 et
1224 1157 1318 1198 eos
1348 1143 1496 1214 ipsos
1549 1146 1645 1213 qui
1691 1143 1760 1198 ad
1807 1143 2077 1199 sacrificia

510 1233 757 1288 facienda
783 1232 1018 1288 instituti
1050 1243 1199 1298 sunt,
1233 1249 1358 1290 cum
1393 1235 1467 1290 sit
1491 1249 1686 1290 munus
1737 1235 1873 1290 adeo
1913 1251 2081 1291 vene-

511 1322 710 1388 rabile,
736 1322 911 1389 decet,
939 1322 1153 1394 opinor,
1185 1337 1283 1380 nec
1311 1325 1509 1394 injuria
1540 1339 1672 1382 sane
1692 1365 1709 1392 ,
1743 1327 2081 1397 supplicandi

511 1411 754 1468 libertas.
798 1411 1189 1483 Propemodum
1237 1415 1379 1469 enim
1448 1430 1610 1485 supra
1667 1431 1857 1470 omnes
1915 1417 2081 1472 vitam

513 1519 666 1558 suam
702 1502 812 1558 Deo
837 1515 1181 1572 consecrant,
1229 1521 1326 1574 pro
1383 1507 1623 1575 peccatis
1676 1507 1942 1564 sacrificia
1986 1525 2082 1566 co-

514 1600 811 1654 medentes.
877 1599 968 1654 Sic
1025 1600 1169 1654 enim
1221 1615 1318 1670 per
1350 1615 1412 1656 os
1475 1599 1629 1655 Oseaz
1679 1601 1917 1669 loquitur
1965 1601 2085 1656 uni-

512 1687 790 1742 versitatis
827 1687 1087 1743 Dominus
1141 1707 1155 1742 :
1193 1707 1212 1740 r
1251 1687 1480 1742 Peccata
1527 1690 1708 1758 populi
1767 1691 1870 1744 mei
1911 1706 2088 1744 come-

515 1778 761 1844 dent,et
813 1777 866 1832 in
899 1777 1276 1846 iniquitatibus
1322 1791 1509 1832 eorum
1564 1779 1832 1848 accipient
1874 1780 2086 1835 animas

2188 593 2321 646 Θεὸν
2365 593 2836 664 ἐκμειλίσσωνται,
2861 595 2956 648 καὶ
2998 594 3162 648 αὐτὸν
3206 593 3263 647 δέ
3295 594 3385 648 τὸν
3434 596 3757 668 ἱεροφάντην

2189 686 2552 756 άπομιμοῖντο
2585 686 2810 750 Μωσέα,
2845 686 3226 757 προεστηκότα
3244 685 3340 739 τοῦ
3393 687 3627 759 Ἰσραὴλ,
3666 691 3758 742 καὶ

2189 775 2307 846 Θεῷ
2332 777 2558 846 λέγοντα
2583 794 2596 806 ·
2647 798 2665 828 r
2700 777 2933 848 Δέομαι,
2966 778 3171 849 Κύριε,
3201 778 3524 850 ἡμάρτηκεν
3564 781 3594 832 ὁ
3632 779 3760 843 λαὸς

2188 859 2342 929 οὗτος
2391 865 2668 937 ἁμαρτίαν
2714 866 2979 936 μεγάλην,
3030 865 3125 918 καὶ
3172 867 3224 919 εί
3269 865 3368 936 μὲν
3400 866 3545 936 ἀφῇς
3576 865 3759 927 αὐτοῖς

2186 957 2287 1028 τὴν
2319 957 2611 1029 ἁμαρτίαν,
2656 958 2823 1028 ἀφες⁶
2872 957 3009 1011 είδέ
3039 957 3140 1029 μὴ,
3183 956 3463 1026 ἐξάλειψον
3502 955 3647 1026 κάμὲ
3695 957 3762 1009 ἐκ

2187 1048 2288 1118 τῆς
2323 1045 2504 1116 βίϐλου
2527 1047 2734 1119 ταύτης
2759 1043 2827 1120 ἦς
2858 1047 3121 1119 ἔγραψας.
3151 1067 3170 1101 ι
3204 1047 3495 1103 Μεσιτεύει
3522 1047 3633 1118 γὰρ
3660 1047 3761 1116 τῆς

2192 1136 2493 1209 ἱερωσύνης
2524 1136 2585 1190 τὸ
2637 1137 2830 1209 χρῆμα
2869 1138 2988 1210 Θεῷ
3033 1155 3094 1191 τε
3138 1137 3235 1192 καὶ
3279 1138 3466 1201 λαοῖς⁹
3511 1139 3606 1192 καὶ
3650 1141 3761 1200 τοῖς

2187 1229 2541 1300 τεταγμένοις
2573 1229 2652 1293 είς
2676 1229 3018 1301 λειτουργίαν
3054 1230 3152 1300 τὴν
3187 1229 3329 1283 οὕτω
3367 1229 3594 1299 σεπτὴν,
3625 1228 3762 1299 πρέ-

2190 1338 2284 1376 ποι
2324 1321 2410 1375 ἂν.
2438 1318 2593 1393 οἶμαί
2632 1339 2759 1386 που,
2804 1323 2899 1376 καὶ
2930 1321 3074 1392 μάλα
3121 1322 3364 1386 εἰκότως,
3411 1324 3444 1391 ὴ
3484 1323 3544 1375 ἐν
3590 1321 3763 1384 λιταῖς

2193 1412 2494 1482 παρρησία.
2543 1411 2843 1480 Μονονουχὶ
2883 1411 2991 1480 γάρ
3037 1411 3130 1464 καὶ
3183 1411 3322 1482 ὑπὲρ
3355 1412 3610 1465 ἁπάντων
3663 1410 3764 1480 τὴν

2195 1502 2332 1556 ἰδίαν
2366 1501 2444 1572 τῷ
2475 1502 2596 1572 Θεῷ
2634 1500 2951 1572 καθιεροῦσι
2981 1501 3146 1572 ζωὴν,
3177 1500 3248 1554 τὰ
3282 1502 3421 1572 ὑπὲρ
3451 1503 3551 1564 τῆς
3583 1501 3763 1571 ἁμαρ-

2190 1595 2310 1657 τίας
2339 1594 2554 1665 θύματα
2583 1593 2875 1658 ἐσθίοντες.
2918 1593 3089 1646 Τοῦτο
3121 1593 3214 1646 καὶ
3255 1592 3342 1646 διὰ
3377 1593 3562 1664 φωνῆς
3604 1592 3762 1662 Ὠσηέ

2192 1703 2358 1755 φησιν
2385 1687 2414 1739 ὁ
2453 1685 2563 1739 τῶν
2609 1684 2746 1739 ὅλων
2771 1685 2902 1748 Θεός
2925 1702 2938 1716 ·
2967 1702 2986 1735 ι
3021 1683 3322 1755 Ἀμαρτίας
3358 1683 3489 1737 λαοῦ
3527 1701 3629 1754 μου
3662 1684 3766 1752 φά-

2192 1797 2401 1849 γονται,
2427 1779 2521 1832 καὶ
2546 1781 2602 1832 ἐν
2625 1781 2743 1842 ταῖς
2767 1777 3003 1840 ἀδικίαις
3029 1778 3210 1830 αὐτῶν
3239 1778 3498 1849 λήψονται
3526 1778 3624 1841 τὰς
3661 1777 3766 1846 ψυ-

516 1883 703 1922 eorum
735 1870 800 1922 ⁸⁸.
836 1887 856 1920 ι
897 1869 1100 1924 Sensus
1126 1877 1246 1932 est,
1287 1883 1410 1923 cum
1471 1871 1697 1938 populus
1740 1869 1913 1939 legem
1967 1872 2085 1925 vio-

2194 1873 2290 1944 χάς
2323 1871 2524 1937 αὐτῶν,
2557 1890 2576 1923 ›
2607 1870 2903 1936 τουτέστιν,
2934 1871 3062 1923 ὅταν
3088 1869 3337 1933 ἀδικῶσι,
3375 1869 3436 1922 τὸ
3463 1869 3654 1922 δοκοῦν
3686 1869 3764 1938 τῷ

519 1959 710 2014 laverit
757 1968 812 2014 et
859 1959 1189 2030 peccaverit,
1237 1969 1349 2014 tum
1397 1961 1538 2015 sacri
1577 1961 1891 2016 divinorum
1947 1963 2086 2016 alta-

519 2049 657 2103 rium
717 2049 954 2104 ministri
1030 2049 1300 2120 accipient
1362 2051 1572 2127 animas
1630 2066 1758 2107 suas
1813 2067 1913 2122 pro
1972 2053 2081 2107 illo.

523 2157 543 2190 ι
586 2139 868 2210 Accipient
929 2158 950 2193 ι
995 2150 1222 2211 usurpat
1251 2156 1347 2208 pro
1374 2139 1624 2208 offerent,
1659 2143 1776 2198 sive
1803 2143 2083 2208 dicabunt,

517 2239 573 2282 et
598 2229 848 2299 accipere
873 2229 1008 2284 dixit
1057 2245 1177 2300 pro,
1229 2229 1340 2286 Deo
1374 2246 1716 2288 consecrare.
1766 2235 1898 2301 Qua:
1924 2250 2088 2304 porro

517 2325 626 2384 illis
642 2327 858 2400 occasio
883 2325 1138 2398 lugendi?
1169 2346 1188 2381 ι
1225 2327 1459 2384 Desolati
1480 2329 1854 2397 suntcampi,i
1887 2326 2083 2397 inquit;

516 2417 645 2486 quin
667 2425 722 2472 et
752 2417 991 2473 triticum
1019 2418 1272 2474 dentibus
1305 2419 1640 2475 locustarum
1700 2433 1982 2474 corrosum
2033 2428 2087 2473 et

519 2511 766 2583 rubigine
795 2514 942 2569 velut
969 2517 1238 2570 adustum.
1271 2513 1392 2571 Urit
1420 2517 1564 2571 enim
1598 2515 1813 2587 rubigo,
1843 2526 1899 2570 et
1929 2516 2082 2586 quasi

519 2606 571 2656 in
595 2603 808 2659 cineres
835 2603 1032 2676 redigit
1059 2622 1313 2674 agrorum
1347 2606 1550 2676 fruges.
1584 2606 1852 2676 Oportere
1882 2616 2085 2662 terram

518 2707 736 2765 quoque
766 2695 954 2767 lugere
977 2700 1074 2761 ait,
1103 2698 1375 2752 viduatam
1402 2699 1515 2752 suis
1538 2699 1805 2768 frugibus.
1867 2716 1886 2749 ι
1941 2698 2090 2754 Allli-

518 2797 664 2843 etum
697 2796 782 2844 est
809 2789 954 2844 enim
995 2791 1253 2856 triticum,
1295 2791 1438 2845 aruit
1476 2791 1660 2846 vinum
1689 2833 1704 2856 ,
1748 2792 2087 2846 imminutum

517 2892 600 2936 cst
637 2881 836 2937 oleum.
867 2883 1174 2948 Arnerunt,
1219 2902 1239 2935 ι
1302 2884 1407 2938 hoc
1446 2891 1549 2946 est,
1605 2883 1766 2952 207
1816 2882 2092 2952 perierunt

519 2973 700 3027 omnia
734 2973 914 3042 illius,
952 2983 1008 3030 et
1030 2990 1259 3044 quorum
1290 2989 1455 3029 causa
1493 2983 1922 3029 consentaneum
1971 2983 2092 3028 erat

519 3081 640 3120 eam
682 3075 741 3122 ut
771 3069 1033 3122 bonorum
1073 3066 1344 3123 fructuum
1389 3076 1668 3137 parentem
1715 3065 2092 3134 nutricemque

519 3157 802 3213 admirari.
853 3158 920 3214 Et
955 3159 1070 3214 haec
1119 3175 1148 3213 a
1183 3158 1340 3214 nobis
1369 3166 1428 3213 ut
1469 3157 1527 3213 in
1555 3156 1720 3213 rebus
1760 3172 1881 3228 qua:
1924 3171 2091 3212 sensu

525 3249 902 3321 percipiuntur
927 3249 1071 3306 dicta
1101 3259 1284 3306 sunto.

593 3508 1009 3567 Lamentabitur
1036 3525 1166 3568 vero
1195 3510 1506 3582 quicunque
1554 3520 1639 3568 est
1679 3512 2096 3582 probatissimus

523 3603 775 3659 sacerdos
807 3618 921 3673 pra
947 3603 1234 3659 immodica
1260 3603 1530 3659 dementia
1569 3605 1948 3674 purgationem
1995 3589 2095 3676 per

526 3695 685 3750 ﬁdem
716 3695 1082 3763 repudiantes,
1119 3711 1220 3750 nec
1246 3705 1490 3751 amantes
1539 3711 1570 3750 ιι
1617 3696 1839 3753 Christo
1885 3699 2095 3754 sancti-

525 3785 698 3840 ﬁcari.
727 3784 1172 3841 Manebuntenim
1203 3787 1270 3842 ab
1297 3785 1516 3857 frugum
1549 3788 1911 3858 spiritualium
1939 3790 2092 3860 copia

528 3877 888 3946 undequaque
950 3887 1006 3932 et
1061 3878 1386 3938 omnimodis
1466 3879 1708 3934 destituti
1743 3920 1758 3943 ,
1844 3889 1902 3936 et
1965 3896 2094 3954 ege-

525 3969 662 4022 bunt
705 3969 853 4024 omni
916 3970 1058 4038 quod
1118 3985 1213 4026 eos
1265 3971 1412 4025 alere
1445 3979 1498 4026 et
1532 3972 1598 4026 ad
1632 3972 1968 4042 spiritualem
2020 3975 2099 4028 vi-

527 4058 782 4116 rilitatem
813 4061 1045 4116 evehere
1073 4070 1278 4131 potest,
1321 4060 1654 4116 frumentum
1685 4073 1740 4117 et
1771 4063 1956 4118 vinum
1990 4081 2097 4120 non

528 4151 811 4217 habentes,
840 4167 940 4207 usu
964 4153 1068 4209 olei
1095 4153 1310 4223 privati.
1374 4153 1600 4223 Mystice
1627 4154 1920 4224 loquimur:
1972 4171 2097 4210 nam

530 4241 691 4297 ﬁdem
741 4244 1164 4314 recipientibus,
1215 4244 1452 4315 seipsum
1507 4245 1758 4301 Christus
1799 4256 2100 4317 ut.panem

529 4332 656 4389 vitae
695 4344 926 4404 apponet
971 4336 1076 4407 (sic
1123 4336 1264 4391 enim
1303 4336 1481 4390 aiebat
1523 4353 1538 4390 :
1569 4355 1587 4388 ι
1641 4335 1752 4408 Ego
1791 4352 1910 4392 sum
1946 4337 2099 4408 panis

529 4429 685 4484 vivus
713 4448 732 4482 ι
756 4428 799 4501 ).
839 4438 894 4485 et
949 4441 1009 4485 ut
1060 4431 1258 4486 vinum-
1293 4430 1570 4487 lzetillcans
1619 4446 1714 4485 cor
1754 4430 2004 4501 baminisl
2031 4432 2097 4485 ⁸⁸.

530 4518 767 4576 Rursum
821 4521 1064 4594 intelligo
1111 4523 1256 4594 quod
1316 4523 1673 4592 intelligentia
1725 4523 2095 4594 perspicitur,

530 4613 672 4681 quod
701 4613 1006 4669 sanctificat
1025 4614 1304 4678 nimirum,
1330 4623 1388 4669 et
1418 4613 1485 4669 de
1515 4613 1638 4684 ejus
1665 4615 1840 4685 gratia
1874 4615 2099 4686 partici-

533 4717 662 4771 pare
700 4703 1048 4772 intelligitur.
1085 4703 1433 4758 Voluntatem
1475 4712 1654 4758 autem
1683 4719 1908 4769 srevam,
1946 4719 2104 4760 acer-

532 4794 654 4848 bam
681 4803 735 4847 et
768 4810 797 4848 a
829 4798 938 4850 Deo
967 4795 1218 4860 alienam,
1252 4808 1490 4853 mentem
1518 4797 1854 4852 incredulatn
1879 4809 1933 4852 et
1953 4815 2090 4853 con-

534 4894 826 4953 tumacem,
853 4904 1072 4958 prorsus
1113 4889 1349 4959 inapem,
1381 4899 1436 4945 et
1461 4889 1728 4946 bonorum
1773 4907 1892 4962 qua:
1940 4892 2102 4946 modo

533 4977 794 5043 diximus,
835 4980 1059 5036 omnino
1086 4992 1358 5037 exsortem
1405 4983 1600 5038 reddit.
1647 4982 1902 5037 Sciamus
1938 4985 2103 5038 etiam

536 5068 664 5124 licet
698 5070 950 5138 Paulum,
976 5074 1067 5140 qui
1101 5075 1466 5129 sanctilicavit
1502 5076 1854 5145 Evangelium
1885 5077 1938 5130 in
1971 5092 2104 5148 gen-

538 5159 702 5228 tibus,
729 5171 938 5216 tantum
991 5179 1098 5218 non
1151 5164 1432 5222 deﬂevisse
1471 5167 1783 5222 incredulos
1815 5183 1879 5222 ex
1919 5165 2106 5236 Israel,

537 5251 690 5324 cujus
717 5253 942 5309 verbum
971 5264 1053 5311 est
1084 5272 1100 5314 :
1135 5275 1157 5308 ι
1191 5256 1436 5313 Tristitia
1461 5270 1545 5315 est
1575 5260 1710 5315 mibi
1760 5275 1954 5332 magna
1996 5261 2043 5294 7°
2081 5281 2102 5316 ο

536 5356 591 5401 et
623 5347 830 5416 reliqua
863 5349 1140 5420 deinceps.
1195 5349 1290 5405 Est
1337 5361 1518 5406 autem
1549 5353 1816 5424 mysticus
1855 5362 1914 5409 et
1950 5366 2111 5409 arca-

543 5453 664 5503 nus,
687 5446 744 5492 ut
777 5439 912 5506 dixi,
944 5455 1106 5512 super
1133 5442 1247 5497 lnec
1270 5457 1471 5498 sermo.

613 5806 658 5840 "
708 5806 878 5862 Exod.
931 5823 1106 5874 χχχιι,
1157 5809 1246 5876 51,
1292 5810 1379 5864 52.
1459 5810 1504 5843 ⁸⁸
1555 5811 1692 5868 Osee
1724 5825 1803 5882 ιν,
1864 5815 1917 5872 8.

2187 1965 2336 2035 νόμῳ
2389 1962 2837 2034 πλημμελοῦντες
2869 1962 2919 2014 οἱ
2965 1961 3105 2024 λαοὶ,
3137 1962 3258 2015 τότε
3291 1962 3354 2032 δὴ
3387 1963 3435 2014 οἰ
3463 1961 3572 2014 τῶν
3607 1961 3767 2014 θείων

2189 2056 2593 2125 θυσιαστηρίων
2635 2053 2910 2124 ἱερουργοὶ
2953 2053 3216 2122 λήψονται
3245 2050 3322 2122 τῷ
3363 2050 3482 2122 Θεῷ
3513 2051 3611 2113 τὰς
3639 2052 3767 2104 ἐαυ-

2186 2145 2295 2200 τῶν
2321 2145 2499 2216 ψυχάς
2543 2144 2684 2214 ὑπὲρ
2727 2142 2972 2195 ἐκείνων.
3006 2141 3080 2194 Τὸ
3109 2141 3166 2193 δὲ
3195 2158 3213 2192 t
3237 2141 3497 2212 λήψονται
3525 2159 3544 2192 i
3577 2142 3763 2209 φησιν,

2187 2239 2311 2294 ἀντὶ
2329 2237 2447 2304 τοῦ,
2474 2257 2493 2290 ι
2517 2233 2970 2309 προσκομιοῦσιν,
2992 2250 3009 2282 ι
3039 2233 3204 2302 ἧγουν
3232 2230 3582 2301 ἀναθήσουσι.
3615 2232 3764 2300 Λαμ-

2189 2329 2451 2384 6άνεσθαι
2477 2328 2588 2400 γάρ
2620 2327 2839 2396 ἐλέγετο
2874 2325 2936 2377 τὸ
2969 2322 3286 2378 ἀνατιθέναι
3326 2322 3407 2392 τῷ
3444 2320 3583 2391 Θεῷ.
3617 2320 3682 2374 Τί
3709 2321 3766 2374 δὲ

2188 2421 2284 2476 καὶ
2325 2422 2359 2492 ὴ
2394 2420 2666 2492 πρόφασις
2693 2417 2788 2473 τοῦ
2833 2415 3062 2479 πένθους
3106 2415 3323 2480 abaci};
3367 2434 3385 2465 ι
3416 2411 3770 2466 Τεταλαιπῶε

2192 2530 2327 2586 ρηκε
2363 2512 2433 2566 τὰ
2462 2511 2656 2574 πεδία,
2703 2529 2722 2562 ι
2753 2510 2917 2580 φησὶ,
2962 2509 3056 2562 καὶ
3093 2506 3276 2579 μέντοι
3314 2506 3410 2560 καὶ
3462 2509 3606 2568 σῖτος
3654 2505 3766 2568 τοῖς

2190 2605 2370 2660 ὀδοῦσι
2406 2605 2516 2658 τῶν
2550 2603 2789 2674 ἀκρίδων
2834 2599 3321 2671 καταφιλούμενος,
3361 2599 3457 2653 καὶ
3496 2592 3607 2651 οἷον
3643 2599 3768 2667 ἐρυ-

2191 2699 2316 2771 σίῆῃ
2365 2699 2893 2768 καταπιμπράμενα.
2928 2695 3121 2763 Φλέγει
3172 2694 3319 2763 γάρ,
3367 2693 3462 2746 καὶ
3513 2690 3768 2760 ἀφανίζει

2190 2791 2381 2863 ῶσπερ
2405 2791 2474 2844 τὰ
2500 2791 2558 2844 ἐν
2588 2791 2798 2861 ἀγροῖς.
2817 2791 2935 2841 Δεῖν
2958 2788 3016 2842 δέ
3038 2805 3203 2859 φησιν
3223 2787 3500 2848 οἱονείπως
3518 2785 3610 2837 καὶ
3640 2800 3770 2837 κατ-

2191 2881 2551 2954 ολοφύρεσθαι
2575 2881 2676 2951 τὴν
2699 2880 2824 2950 γῆν,
2843 2879 3198 2933 ἀπολωλότων
3219 2879 3355 2948 αὐτῇ
3380 2877 3489 2930 τῶν
3517 2875 3766 2946 καρπῶν.

2198 2995 2217 3028 r
2251 2971 2719 3046 Τεταλαιπώρηκε
2761 2970 2871 3042 γὰρ
2916 2974 3082 3034 σῖτος,
3115 2968 3386 3041 ἐξηράνθη
3430 2963 3599 3040 οἶνος,
3643 2966 3770 3018 ὠλι-

2193 3066 2348 3137 γὼοη
2401 3065 2600 3118 ἐλαιον.
2661 3062 3093 3136 Ἐξηράνθησαν,
3141 3080 3160 3113 ι
3205 3061 3526 3124 τουτέστιν,
3567 3057 3774 3129 οἴχεται

2196 3157 2377 3212 πάντα
2404 3155 2473 3209 τὰ
2495 3155 2553 3221 ἐξ
2583 3154 2773 3224 αὐτῆς,
2796 3153 2892 3207 καὶ¹
2916 3151 2984 3204 τὰ
3008 3152 3093 3221 ἐφ’
3122 3146 3203 3214 οἷς
3226 3146 3295 3221 ἦν
3325 3150 3471 3213 εἰκὸς
3499 3147 3773 3201 καταθαυ-

2118 3228 2166 3290 c
2199 3249 2466 3322 μάζεσθαι
2489 3247 2631 3309 λίαν,
2657 3245 2734 3308 ὼς
2775 3242 3004 3314 καρπῶν
3034 3242 3255 3311 ἀγαθῶν
3293 3241 3502 3313 μητέρα
3532 3239 3627 3293 καλ⁵
3649 3255 3776 3309 τρο-

2196 3342 2316 3412 φόν.
2349 3341 2464 3394 Καὶ
2488 3339 2646 3393 ταυτὶ
2695 3337 2795 3408 μὲν
2841 3339 2974 3408 ἡμῖν
3015 3335 3091 3399 ὡς
3117 3336 3176 3389 ἐν
3214 3334 3500 3403 αἰσθηταῖς
3535 3330 3782 3404 εἰρήσθω

2195 3433 2450 3511 πράξεσι.

2265 3523 2763 3594 Καταθρηνήσειγε
2799 3520 2905 3593 μὴν
2923 3521 3052 3584 πᾶς,
3076 3519 3226 3583 εῖτίς
3257 3521 3372 3571 ἐστι
3405 3513 3776 3586 δοκιμώτατος

2197 3619 2396 3690 ἱερεὺς,
2421 3615 2544 3679 τοὺς
2577 3614 2638 3680 ἐξ
2666 3614 2907 3684 ἀμέτρου
2952 3609 3377 3683 φρενοϐλαϐείας
3427 3608 3525 3672 τὴν
3557 3607 3644 3661 διά
3687 3605 3773 3659 πί-

2199 3724 2368 3770 στεως
2412 3706 2680 3777 κάθαρσιν
2712 3704 2773 3757 οὑ
2815 3702 3230 3774 προσιεμένους,
3277 3701 3378 3754 οὐκ
3420 3699 3777 3771 ἠγαπηκότας

2195 3799 2253 3854 δέ
2295 3799 2357 3852 τὸ
2391 3796 2718 3868 ἀγιάζεσθαι
2749 3794 2902 3868 παρὰ
2947 3794 3211 3864 Χριστοῦ.
3259 3790 3620 3863 Ἀπομενοῦσι
3668 3792 3778 3860 γάρ

2199 3893 2397 3963 ἔρημοι
2429 3890 2606 3961 πάντη
2631 3906 2690 3942 τε
2730 3889 2827 3942 καὶ
2858 3886 3076 3950 πάντως
3096 3887 3198 3957 τῆς
3217 3885 3416 3956 νοητῆς
3449 3882 3778 3953 εὐκαρπίας.

2199 3983 2294 4037 καὶ
2319 3985 2376 4036 ἐν
2410 3981 2584 4052 ἐνδείᾳ
2601 3979 2804 4044 παντὸς
2827 3977 3039 4032 ἔσονται
3070 3978 3170 4032 τοῦ
3195 3977 3414 4048 τρέφειν
3434 3975 3654 4037 εἰδότος,
3686 3973 3782 4025 καὶ

2200 4075 2278 4137 εἰς
2318 4071 2570 4141 ἀνδρείαν
2621 4069 2819 4132 αὐτοὺς
2846 4069 2946 4140 τὴν
2975 4067 3354 4138 πνευματικὴν
3395 4065 3780 4135 ἀναφέροντος,

2201 4167 2346 4218 σῖτον
2377 4163 2472 4217 καὶ
2501 4158 2643 4216 οἶνον
2670 4161 2772 4215 οὐκ
2807 4160 3044 4231 ἔχοντες,
3080 4159 3178 4212 καὶ
3217 4159 3316 4228 τῆς
3358 4156 3541 4210 ἐλαίου
3582 4156 3775 4228 χρείας

2201 4256 2588 4329 ἐστερημένον
2619 4253 2878 4326 μυστικὸς
2918 4250 3028 4322 γὰρ
3063 4250 3093 4303 ὁ
3123 4248 3304 4318 λόγος.
3356 4248 3480 4301 ’Ὀτι
3514 4249 3627 4310 τοῖς
3683 4247 3787 4318 μὲν

2201 4351 2298 4424 τὴν
2336 4351 2516 4404 πίστιν
2542 4346 2942 4420 προσιεμένοις,
2971 4341 3162 4397 ἐαυτὸν
3189 4339 3497 4411 παραθήσει
3535 4339 3784 4410 ,Χριστὸς

2204 4443 2280 4506 ὡς
2301 4443 2467 4514 ἄρτον
2497 4439 2644 4510 ζωῆς
2673 4438 2901 4507 (ἔφασκε
2925 4436 3034 4506 γάρ
3051 4451 3068 4465 ⁸
3096 4453 3116 4486 ι
3137 4431 3280 4502 Ἐγώ
3307 4433 3421 4502 εἰμι
3445 4435 3472 4485 ὁ
3499 4432 3664 4503 ἀρτος
3681 4431 3783 4500 τῆς

2205 4536 2352 4608 ζωῆς
2378 4534 2447 4603 i),
2501 4533 2576 4595 ὡς
2601 4519 2742 4584 οἶνον
2784 4528 3143 4599 εὐῲραίνοντα
3194 4527 3424 4598 καρδίαν
3473 4523 3781 4596 ἀνθρώπου.

2204 4627 2370 4690 Σύνες
2398 4625 2559 4679 πάλιν
2578 4627 2605 4678 ὂ
2629 4641 2795 4694 φημι.
2835 4621 3245 4691 Καταχρίσουσι
3270 4619 3327 4672 δὲ
3357 4620 3450 4672 καὶ
3479 4618 3645 4689 ἐλαίῳ
3663 4659 3676 4679 ,
3707 4617 3791 4688 τῷ

2203 4720 2381 4792 νοητῷ
2422 4718 2664 4789 δηλονότι
2708 4717 2802 4770 καῖ⁹
2833 4715 3152 4784 ἀγιάζοντι,
3199 4712 3296 4766 καὶ
3335 4711 3411 4775 rb;
3461 4713 3519 4763 ἐν
3561 4708 3779 4781 μεθέξει

2203 4810 2480 4881 νοουμένῳ
2510 4809 2608 4880 τῆς
2633 4807 2766 4878 παρ’
2807 4805 2972 4861 αὑτοῦ
3015 4804 3259 4875 χάριτος.
3294 4804 3432 4866 Τοὺς
3474 4803 3532 4856 δὲ
3560 4801 3788 4873 γνώμην

2203 4903 2427 4973 ἔχοντας
2449 4902 2655 4972 ἀπηνῆ,
2690 4901 2887 4970 πικρόν
2913 4915 2971 4951 τε
3013 4900 3108 4951 καὶ
3145 4896 3431 4966 ἀφιλόθεον
3462 4896 3607 4962 νοῦν,
3633 4897 3788 4949 ἁπειο

2205 4993 2271 5064 θῆ
2311 4995 2406 5048 καὶ
2461 4993 2775 5062 δυσάγωγον
2798 5033 2812 5058 ,
2869 4992 3026 5045 ἐνδεᾶ
3075 5007 3179 5043 που
3229 4991 3446 5052 πάντως
3485 4990 3784 5058 ἀποφανεῖ,

2206 5086 2302 5140 καὶ
2326 5085 2605 5148 παντελῶς
2637 5085 2907 5156 ἀμέτοχον
2948 5084 3055 5138 τῶν
3083 5084 3288 5154 ἀρτίως
3319 5083 3453 5153 ἡμῖν
3479 5082 3790 5151 εἰρημένων

2206 5179 2448 5249 ἀγαθῶν.
2517 5179 2712 5232 ’ἰστέον
2755 5179 2832 5245 δὲ,
2873 5178 2956 5231 ὃτι
2992 5177 3088 5230 καὶ
3123 5176 3334 5240 Παῦλος
3380 5175 3678 5246 ἱερουργῶν
3709 5175 3790 5234 εἰς

2205 5273 2275 5326 τὰ
2298 5271 2426 5343 ἔθνη
2449 5272 2511 5326 τὸ
2538 5271 2634 5325 τοῦ
2685 5269 2924 5343 Χριστοῦ
2954 5269 3309 5337 Εὐαγγέλιον,
3338 5268 3622 5338 μονονουχὶ
3661 5284 3790 5319 κατ·

2207 5363 2427 5434 εθρήνει
2462 5365 2590 5428 τοὺς
2616 5363 2976 5426 ἀπειθοῦντας
3012 5361 3070 5427 ἐξ
3113 5361 3347 5432 Ἰσραήλ.
3377 5363 3624 5430 Ἔφασκε
3657 5361 3787 5430 γὰρ.

2212 5457 2295 5510 ὅτι
2324 5456 2511 5528 «Λὺπη
2546 5457 2636 5528 μοί
2663 5458 2780 5511 ἐστι
2811 5457 3044 5527 μεγάλη,
3064 5476 3084 5508 ι
3111 5458 3206 5510 καὶ
3229 5456 3300 5511 τά
3325 5456 3474 5524 ἑξῆς.
3508 5455 3792 5519 Μυστικδς

2216 5549 2292 5615 δὲ,
2334 5550 2411 5613 ὡς
2453 5549 2609 5621 ἔφην,
2649 5549 2744 5603 καὶ
2787 5550 3169 5620 κεκρυμμένος
3223 5551 3251 5602 ὁ
3293 5550 3385 5602 ἐπὶ
3423 5549 3560 5620 τῷδε
3607 5548 3774 5618 λόγος

2019 5815 2062 5846 ⁸⁸
2095 5813 2251 5872 Joan.
2291 5832 2365 5883 γι,
2396 5816 2456 5870 (tl
2486 5833 2498 5883 ;
2531 5817 2696 5874 Eccli.
2736 5833 2819 5880 xc,
2847 5816 2938 5870 ‘20.
3018 5815 3063 5847 ⁷⁰
3092 5814 3248 5872 Rom.
3281 5831 3356 5881 Ix,
3380 5815 3438 5870 2.
