4132 6370
440 348 550 405 5ιῦ

436 558 665 627 κριθῆς,
693 556 783 611 ὅτι
805 558 1082 611 ἀπόλωλε
1106 554 1396 623 τρυγητὸς
1414 554 1483 619 ἐξ
1511 555 2019 625 ἀπροῦβΑμπελος

436 648 759 717 ἐξηράνθη,
790 647 891 701 καί
918 649 977 700 αἱ
1033 645 1225 700 συκαῖ
1260 645 1672 715 ὠλιγώθησαν.
1731 647 1870 701 Ῥοὰ
1921 648 2018 701 καί

436 740 656 809 φοῖνιξ,
680 739 778 793 καὶ
806 738 1032 809 μῆλον,
1064 738 1164 791 καί
1195 738 1392 791 πάντα
1423 737 1496 791 τὰ
1517 737 1675 802 ξύλα
1700 738 1805 792 τοῦ
1830 739 2018 809 ἀγροῦ

435 830 876 899 ἐξηράνθησαν,
925 829 1339 899 ὅτι-ᾔσχυναν
1383 830 1575 900 χαρὰν
1631 834 1685 885 οἱ
1729 832 1849 886 υἱοὶ
1900 830 2019 885 τῶν

436 922 783 992 ἀνθρώπων.
1586 965 1595 973 .

530 1015 610 1073 9⁸.
664 1014 869 1079 Πένθος
920 1014 1170 1086 ἀληθῶς,
1221 1015 1447 1085 ἄλγημά
1491 1032 1551 1067 τε
1615 1017 1710 1069 καὶ
1765 1016 2020 1087 θρήνημα

435 1112 551 1172 τοῖς
583 1107 799 1161 εἰωθόσι
830 1110 1110 1175 γηπονεῖν,
1146 1106 1254 1161 τῶν
1279 1110 1341 1160 ἐν
1369 1109 1557 1177 ἀγροῖς
1588 1108 1624 1178 ή
1652 1108 2014 1179 πανωλεθρία,

436 1201 532 1254 καὶ
568 1199 627 1252 τὸ
654 1199 821 1269 μηδὲν
851 1198 987 1261 ὅλως
1018 1200 1111 1250 ἀπ’
1134 1199 1315 1252 αὐτῶν
1348 1200 1705 1270 συγκομίζειν
1728 1200 2011 1265 δύνασθαι,

437 1294 532 1345 καὶ
574 1291 709 1361 μετὰ
746 1292 989 1362 μακροὺς
1027 1290 1255 1359 ἱδρῶτας
1289 1290 1402 1343 ἔσθ’
1448 1291 1558 1343 ὅτε.
1607 1286 1725 1344 Αὗα
1752 1290 1807 1343 δὲ
1838 1292 1906 1345 τά
1956 1294 2015 1345 ἐν

438 1389 635 1455 κήποις
687 1387 820 1455 ὀρᾷν
867 1386 975 1438 τῶν
1032 1385 1203 1450 ξύλων
1249 1386 1523 1457 ἐξαίρετα,
1570 1387 1743 1457 ληῒοις
1775 1404 1837 1441 τε
1878 1388 2013 1459 ὁμοῦ

434 1474 533 1537 τὰς
580 1475 862 1544 ἀμπέλους
922 1475 1402 1545 κατεφθαρμένας,
1457 1477 1553 1529 καὶ
1591 1478 1760 1547 αὐτὴν
1803 1478 1859 1531 δὲ
1915 1478 2013 1549 τὴν

434 1565 632 1636 ἀγρίαν
658 1564 791 1636 ὕλην
809 1568 923 1627 τοῖς
951 1566 1150 1635 κήποις
1188 1568 1758 1637 συγκαταφθίνουσαν.
1791 1588 1808 1619 ι
1827 1570 2014 1624 Πάντα

434 1657 565 1726 γὰρ.
594 1657 746 1726 φησι,
785 1657 854 1711 τά
875 1657 1005 1722 ξύλα
1019 1657 1113 1710 τοῦ
1134 1658 1305 1729 ἀγροῦ
1322 1658 1720 1732 ἐξηράνθησαν,
1737 1663 1818 1715 ὅτι
1834 1662 2006 1733 ᾔσχυ-

433 1764 530 1799 ναν
565 1748 787 1820 χαρά[ν]
812 1749 918 1801 υἱοὶ
942 1749 1051 1801 τῶν
1066 1749 1370 1821 ἀνθρώπων
1389 1792 1402 1816 ,
1428 1770 1448 1802 ι
1473 1751 1750 1806 τουτέστιν
1774 1794 1789 1817 ,
1817 1753 2005 1823 αἰσχύ-

1327 340 1880 397 COMMENTARIUS
1918 341 1988 395 lN
2029 340 2292 398 JOELEM
2332 344 2772 400 PROPUETMI.

505 464 786 535 l‘swprol,
824 463 1093 531 θρηνεῖτε
1133 443 1403 532 κτηςμιξλτα
1458 462 1610 532 ὑπὲρ
1666 463 1863 531 πυροῦ
1910 465 2011 517 καὶ
2050 473 2091 527 Α

3592 348 3696 402 546

2196 466 2358 522 Vsus.
2393 468 2480 529 ll,
2515 467 2603 519 19..
2652 466 2934 537 Agricola’,
2984 466 3153 535 lugete
3205 468 3558 532 possessiones
3600 484 3694 534 pro

2123 560 2388 628 frumento
2417 569 2465 612 et
2495 559 2713 620 hordeo.
2742 559 2866 627 quia
2914 558 3065 623 periit
3121 558 3381 610 vindemia
3428 574 3494 611 ea:
3543 576 3693 626 agro.

2134 650 2299 704 Vinea
2332 650 2497 715 aruit,
2532 662 2579 703 et
2620 650 2752 717 ﬁcus
2800 649 3092 702 imminnla'
3134 657 3278 701 sunt.
3318 647 3523 702 Malum
3570 668 3693 720 gra-

2123 753 2304 795 natum
2330 782 2346 807 ,
2398 752 2444 796 et
2480 742 2678 810 palma,
2712 753 2758 794 et
2808 742 3028 801 malum.
3071 749 3120 793 et
3164 739 3340 793 omnia
3402 742 3545 809 .igna
3577 743 3694 811 agri

2120 835 2356 903 arefacta
2401 843 2546 899 sunt,
2603 834 2851 903 quoniam
2900 833 3249 901 confuderunt
3290 834 3546 903 gaudium
3594 835 3693 904 ﬁlii

2118 926 2408 979 hominum.

2191 1016 2284 1072 IX.
2340 1016 2566 1071 Luctum
2608 1015 2728 1070 sine
2784 1013 2969 1077 dubio,
3019 1013 3260 1069 dolorem
3319 1023 3375 1068 et
3431 1013 3693 1083 eiulatum

2121 1126 2277 1171 terra:
2307 1111 2610 1168 cultoribus
2635 1107 2778 1177 parit
2809 1122 2989 1160 rerum
3018 1104 3074 1160 in
3109 1106 3255 1176 agris
3299 1120 3367 1158 ex
3398 1120 3520 1159 asse
3567 1120 3691 1175 per-

2118 1208 2309 1270 nicies,
2347 1220 2468 1260 cum
2502 1202 2635 1256 nihil
2668 1200 2884 1270 penitus
2907 1199 3032 1253 inde
3063 1197 3188 1252 licet
3227 1197 3500 1266 colligere,
3528 1198 3691 1266 idque

2119 1307 2239 1371 post
2262 1298 2447 1368 longos
2475 1295 2702 1350 sudores
2736 1292 3046 1361 aliquando.
3097 1290 3163 1343 Et
3192 1290 3378 1343 videre
3426 1291 3480 1342 in
3519 1290 3691 1343 hortis

2115 1392 2382 1446 arefactas
2411 1387 2636 1443 arbores
2661 1399 2982 1457 generosas,
3040 1389 3095 1436 et
3133 1397 3255 1435 cum
3280 1382 3412 1435 satis
3445 1386 3602 1446 vites,
3635 1392 3692 1435 ct

2116 1499 2238 1538 cum
2266 1482 2442 1538 hortis
2465 1481 2630 1536 silvas
2653 1479 2878 1549 periisse
2900 1515 2915 1531 .
2953 1494 2971 1527 ι
3006 1474 3200 1530 Omnia
3228 1474 3372 1529 enim
3398 1476 3542 1545 ligna
3572 1476 3687 1545 agri

2115 1574 2355 1630 arefacta
2409 1581 2535 1627 sunt
2565 1610 2581 1636 ,
2611 1570 2805 1639 inquit,
2857 1570 3115 1639 quoniam
3150 1566 3512 1623 confuderunt
3556 1582 3688 1636 gau-

2115 1668 2267 1721 dium
2299 1665 2393 1719 filii
2432 1663 2734 1729 hominum,
2768 1680 2787 1712 ι
2818 1662 2921 1717 hoc
2953 1670 3037 1715 est
3067 1698 3083 1724 ,
3134 1659 3470 1714 habitatores
3526 1666 3687 1713 terra:

2112 1756 2466 1812 reddiderunt
2494 1765 2706 1825 tempus
2732 1754 3016 1809 dedecoris
3048 1795 3064 1819 ,
3110 1752 3351 1821 pudoris,
3395 1752 3691 1821 reprehen-

433 1855 531 1907 νης
567 1856 627 1891 τε
672 1840 768 1892 καὶ
814 1840 1119 1911 ἐντροπῆς,
1159 1842 1254 1894 καὶ
1298 1840 1555 1913 ἐλέγχων,
1594 1844 1788 1915 ποινῆς
1816 1862 1877 1897 τε
1910 1846 2007 1898 καὶ

2116 1851 2309 1916 sionis,
2335 1865 2510 1921 pretia:
2539 1858 2595 1904 et
2626 1847 2872 1912 ultionis,
2914 1863 3020 1916 quo
3058 1856 3302 1914 tempore
3321 1860 3534 1913 aequum
3574 1853 3693 1898 erat

430 1928 587 1999 δίκης
628 1930 916 1995 ἀπέδειξαν
968 1931 1160 2004 καιρὸν
1204 1935 1252 1985 οί
1301 1935 1679 1999 κατοικοῦντες
1722 1938 1820 2005 τὴν
1880 1936 2003 2006 γῆν,

434 2019 559 2071 καθ’
580 2019 638 2071 ὃν
659 2020 805 2083 εἰκὸς
825 2016 892 2091 ἦν
925 2022 1017 2075 καὶ
1036 2022 1428 2095 ἀνευρύνεσθαι
1448 2029 1569 2087 ταῖς
1592 2027 1912 2097 εὐημερίαις
1937 2028 2006 2080 τὰ

431 2111 490 2175 ἐξ
513 2111 697 2182 ἀγρῶν
729 2112 1105 2181 συλλέγοντας,
1139 2117 1233 2170 καὶ
1260 2118 1589 2188 ἀναμετρεῖν
1626 2120 1725 2188 μὲν
1763 2119 1894 2189 σίτῳ
1910 2119 2006 2182 τὰς

431 2202 734 2273 ἀποθήκας,
789 2206 1086 2274 ἐπιφωνεῖν
1142 2208 1200 2260 δὲ
1250 2209 1495 2280 τρυγῶσι
1540 2212 1636 2274 τὰς
1694 2211 2005 2281 ὲπιληνίους

429 2291 593 2360 ᾠδὰς,
616 2294 710 2347 καὶ
742 2298 864 2359 ταῖς
884 2296 1011 2349 οἰῶν
1046 2297 1270 2367 ἀγέλαις
1304 2300 1621 2369 ἐφήδεσθαι,
1659 2301 1920 2373 πλείστης
1945 2320 2000 2354 τε

430 2384 557 2455 ὅσης
620 2387 714 2440 καὶ
775 2387 1035 2453 εὐανθοῦς
1102 2392 1294 2455 αὑταῖς
1360 2395 1826 2465 παρερριμμένης
1902 2395 2003 2465 τῆς

429 2476 587 2539 πόας.

530 2570 710 2622 Ἕοικε
761 2572 819 2624 δέ
876 2573 978 2625 κάν
1025 2574 1162 2644 τῷδε
1214 2576 1378 2629 πάλιν
1426 2577 1455 2629 ὁ
1507 2576 1663 2645 λόγος
1724 2579 2004 2648 γεωργοὺς

428 2661 711 2730 ὀνομάζειν
734 2665 1146 2735 αἰνιγματωδῶς
1169 2669 1297 2731 τοὺς
1326 2669 1434 2721 τῶν
1480 2669 1749 2725 Ἰουδαίων
1787 2673 2002 2742 ταγμά-

428 2771 534 2805 των
558 2757 962 2825 προεστηκότας
988 2747 1328 2828 τοτηνικάδε,
1373 2761 1469 2824 οὓς
1506 2765 1598 2816 καὶ
1629 2764 1737 2817 δεῖν
1770 2764 1873 2834 ἔφη
1908 2783 2005 2817 κα-

427 2842 732 2913 ταθρηνεῖν,
771 2846 845 2911 ὡς
898 2849 1023 2901 ὅσον
1068 2850 1223 2902 οῠπω
1262 2851 1629 2923 βαδιουμὲνων
1667 2857 1746 2917 είς
1780 2856 2004 2926 ὗλεθρον

428 2935 682 2989 ἁπάντων
730 2936 838 2990 τῶν
890 2940 1028 2993 κατά
1071 2940 1274 3013 χώραν,
1314 2944 1433 3013 ἦτοι
1462 2945 1569 3000 τῶν
1609 2946 2005 2999 κατοικούντων

427 3026 527 3097 τὴν
548 3029 673 3097 γῆν,
701 3027 750 3079 οἳ
777 3028 872 3082 καὶ
906 3031 965 3083 ἐν
999 3030 1149 3096 τάξει
1180 3034 1379 3105 πυροῦ,
1412 3036 1509 3089 καὶ
1542 3036 1753 3107 κριθῆς,
1801 3039 1893 3091 καὶ
1918 3037 2006 3102 ξύ-

426 3117 533 3171 λων
568 3118 784 3187 ὡραίων
812 3121 1052 3192 νοηθεῖεν
1072 3125 1155 3177 ἄν.
1204 3127 1537 3198 Ἐφαρμόσει
1565 3129 1623 3181 δὲ
1663 3129 1771 3181 τῶν
1803 3131 2005 3201 νοημά-

2112 1941 2297 2012 augcri
2361 1942 2514 1995 bonae
2571 1939 2909 2008 tempestatis
2963 1938 3077 1993 dies
3125 1936 3233 2001 his,
3264 1935 3357 2004 qui
3404 1934 3583 2005 fruges
3624 1949 3691 1989 ex

2113 2034 2260 2102 agris
2305 2041 2666 2099 comportant,
2706 2040 2762 2084 et
2802 2030 2924 2085 illos
2969 2028 3245 2084 frumento
3299 2028 3502 2096 stipare
3560 2028 3690 2080 bor-

2115 2143 2226 2190 rea,
2268 2136 2324 2182 et
2365 2126 2697 2181 messoribus
2751 2122 3051 2179 cantilenas
3102 2120 3394 2177 messorias
3420 2120 3687 2182 accinere,

2111 2221 2279 2290 208
2308 2219 2478 2273 lzctari
2507 2234 2670 2287 super
2714 2218 2896 2271 ovium
2948 2216 3223 2286 gregibus,
3246 2214 3402 2269 uberi
3451 2222 3508 2269 et
3555 2212 3689 2266 viri-

2111 2311 2259 2364 danti
2301 2311 2465 2364 herba
2500 2323 2559 2363 se
2588 2307 2914 2378 subjiciente
2944 2306 3317 2377 pascentibus.

2181 2580 2408 2635 Videtur
2450 2584 2628 2631 autem
2664 2572 2927 2643 propheta
2973 2569 3067 2623 hic
3117 2580 3337 2622 rursum
3377 2562 3687 2617 Judmorum

2112 2689 2210 2742 per
2245 2672 2297 2726 id
2357 2680 2573 2738 tempus
2624 2664 2885 2735 praesides
2914 2671 2970 2717 et
2996 2669 3236 2716 rectores
3270 2655 3536 2727 agricolas
3590 2668 3690 2706 no-

2113 2765 2338 2827 minare,
2369 2760 2566 2829 quibus
2592 2756 2880 2824 lugendum
2912 2752 3220 2815 conﬁrmat,
3258 2761 3317 2801 ut
3347 2760 3471 2800 mox
3504 2746 3687 2800 omni-

2111 2860 2211 2911 bus
2244 2854 2333 2926 qui
2369 2855 2421 2907 in
2447 2852 2668 2922 regione
2701 2857 2852 2912 sunt,
2889 2847 3007 2903 sive
3057 2854 3260 2899 terram
3300 2838 3686 2901 incolentibus,

2113 2965 2210 3003 seu
2246 2946 2538 3017 indigenis,
2572 2945 2797 2999 exitium
2822 2942 2876 2995 iu
2910 2939 3214 2996 cervicibus
3244 2933 3517 2990 habituris
3548 2950 3562 2986 ι
3594 2933 3686 3000 qui

2113 3041 2328 3110 quidem
2375 3038 2681 3108 indigenae,
2734 3032 3035 3095 frumenti,
3093 3027 3279 3084 hordei
3313 3036 3368 3081 et
3415 3025 3682 3093 lignorum

2112 3133 2479 3203 speciosorum
2503 3126 2784 3184 vocabulis
2820 3121 3152 3192 intelligendi
3184 3130 3332 3175 sunt.
3361 3118 3681 3185 Quanquam

425 3225 531 3261 των
559 3212 590 3280 ή
611 3210 841 3282 δύναμις
862 3215 1308 3287 πρεπωδέστερόν
1337 3235 1440 3272 που
1459 3220 1595 3289 τάχα
1618 3222 1729 3282 τοῖς
1754 3210 2009 3292 Γραμμα-

2116 3229 2203 3283 bic
2231 3240 2423 3281 sensus
2453 3220 2789 3277 commodius
2817 3219 3049 3272 fortasse
3080 3215 3133 3269 in
3176 3213 3397 3268 Scribas
3444 3218 3499 3265 et
3541 3209 3688 3262 Pha-

376 3312 379 3315 '
424 3300 579 3355 τεῦσι
629 3304 726 3356 καὶ
773 3305 1107 3377 Φαρισαίοις.
1164 3308 1228 3361 Οἳ
1294 3310 1389 3362 καὶ
1434 3312 1687 3381 γηπόνων
1740 3314 1798 3365 ἐν
1853 3312 2003 3380 τάξει

426 3392 668 3464 κείμενοι
702 3399 1171 3468 πεπαρῳνήκασιν
1197 3401 1277 3462 είς
1298 3400 1555 3471 Χριστὸν,
1589 3404 1925 3458 ἀπεκτόνασί
1946 3422 2007 3458 τε

425 3484 517 3538 τὸν
566 3485 923 3558 κληρονόμον,
952 3488 1018 3542 ἶν’
1053 3488 1228 3560 ἔχοιεν
1258 3492 1411 3544 αὐτοὶ
1429 3493 1522 3545 τὸν
1545 3495 1777 3565 καρπὸν,
1805 3495 2011 3564 γένοιν-

427 3576 489 3630 τό
542 3594 604 3629 τε
644 3578 833 3633 λοιπὸν
870 3578 967 3633 τοῦ
1023 3581 1345 3650 ἀμπελῶνος
1391 3582 1670 3647 δεσπόται,
1725 3587 2011 3656 μονονουχὶ

426 3667 599 3741 ληῖοις
622 3668 809 3740 ὥσπερ
850 3671 1300 3740 ἐπαγαλλὼμενοι
1341 3676 1407 3745 τῇ
1437 3657 1755 3747 πολυάνδρῳ
1809 3677 2012 3747 πληθύῖ

428 3760 539 3812 τῶν
562 3761 1001 3834 ὑποζευγμένων,
1046 3766 1140 3818 καὶ
1181 3768 1310 3829 τοὺς
1341 3768 1398 3819 ἐν
1430 3767 1616 3831 αὐτοῖς
1649 3770 1731 3821 ὅτι
1775 3770 2011 3840 μάλιστα

428 3851 733 3923 λαμπροὺς,
756 3854 831 3919 ὠς
861 3856 1011 3926 ῥοὰν,
1053 3857 1128 3921 ὡς
1162 3858 1333 3929 μῆλον
1362 3859 1681 3931 ἁποτρυγᾷν
1726 3860 2007 3926 είωθότας.

440 3944 577 3997 Ἀλλ’
598 3940 741 3998 εἷλεν
778 3948 973 4011 αὐτοὺς
997 3951 1025 4001 ὁ
1061 3948 1347 4020 Ῥωμαίων
1381 3949 1637 4021 πόλεμος,
1672 3951 2011 4023 δεδαπάνηκε

430 4037 602 4107 μέγαν
633 4039 727 4092 καὶ
758 4040 972 4110 μικρὸν,
1013 4039 1265 4111 λαμπρόν
1296 4058 1356 4095 τε
1387 4041 1481 4095 καὶ
1523 4042 1816 4113 ἐπίσημον,
1846 4045 1924 4108 ὡς
1952 4048 2011 4098 ἐν

428 4132 620 4194 συκαῖς
667 4132 1026 4202 νοουμένους,
1072 4132 1325 4205 καθάπερ
1379 4133 1515 4204 ἔφην
1563 4135 1783 4203 ἀρτίως,
1833 4137 1909 4199 ῶς
1953 4138 2010 4190 ἐν

427 4222 655 4293 ἀμπέλῳ
682 4223 862 4295 τυχὸν,
896 4225 1097 4294 φοίνικι
1128 4243 1188 4279 τε
1221 4226 1317 4279 καὶ
1362 4226 1537 4297 μήλῳ,
1576 4226 1670 4280 καὶ
1697 4228 1757 4280 ἐν
1806 4227 2006 4294 ξύλοις,

425 4313 502 4376 ὡς
527 4315 586 4367 ἐν
611 4313 774 4385 κριθῇ
811 4316 905 4369 καὶ
929 4316 1087 4387 πυρῷ
1107 4332 1120 4344 ·
1150 4316 1397 4388 διάφοροι
1426 4319 1535 4390 γὰρ
1564 4320 1615 4373 oi
1650 4317 1876 4390 τρόποι,
1918 4321 2011 4372 καὶ

426 4406 523 4477 οὐχ
564 4407 623 4459 ἐν
664 4407 835 4461 ἅπασι
862 4408 956 4462 τοῦ
1004 4408 1116 4479 βίου
1145 4410 1207 4462 τὸ
1242 4410 1461 4482 μέτρον.
1505 4412 1722 4483 Ἐπειδὴ
1760 4412 1819 4463 δὲ
1865 4410 2011 4476 ἅπαξ

425 4499 581 4570 ἀγρῷ
612 4500 913 4571 παρείκασε
944 4502 1044 4573 τὴν
1083 4502 1190 4571 γῆν
1218 4501 1327 4556 τῶν
1381 4504 1669 4566 Ἰουδαίων,
1700 4504 1795 4556 καὶ
1833 4505 2009 4575 γηπό-

2110 3318 2297 3372 ris-.eos
2326 3314 2643 3377 conveniet,
2674 3311 2767 3380 qui
2798 3307 3165 3379 agricolarum
3201 3304 3383 3358 locum
3417 3310 3686 3363 tenentes,

2109 3413 2161 3468 in
2186 3410 2461 3465 Christum
2497 3423 2555 3462 se
2585 3405 2876 3474 injuriosos
2907 3400 3275 3470 praebuerunt,
3314 3407 3369 3452 et
3414 3393 3683 3449 barredem

2110 3503 2445 3563 occiderunt,
2477 3508 2535 3553 ut
2564 3497 2665 3552 sibi
2699 3495 2936 3550 fructum
2963 3490 3328 3555 vindicarent,
3357 3502 3420 3541 ac
3473 3486 3540 3539 de
3568 3499 3677 3539 ca:-

2113 3605 2227 3649 tero
2256 3593 2468 3647 vineam
2507 3589 2887 3659 possiderent,
2922 3583 3126 3652 ingenti
3161 3581 3502 3637 subditorum
3542 3577 3685 3631 mul-

2110 3684 2339 3739 titudine
2395 3692 2604 3736 tantum
2660 3694 2765 3732 non
2817 3688 2875 3731 ut
2917 3676 3193 3745 segetibus
3246 3672 3605 3735 exsultantes,
3633 3679 3689 3724 et

2112 3779 2165 3833 in
2238 3790 2300 3830 ea
2348 3774 2543 3844 Opibus
2598 3769 2987 3825 eminentiores
3038 3775 3098 3820 ut
3161 3764 3301 3818 mala
3352 3771 3577 3832 grauata
3635 3771 3689 3813 ct

2110 3882 2270 3940 poma
2300 3867 2595 3933 decerpere
2618 3861 2783 3916 soliti.
2818 3858 2926 3914 Sed
2955 3873 3049 3913 eos
3096 3854 3475 3926 pessumdedit
3505 3868 3533 3905 a
3576 3851 3687 3905 Bo-

2112 3960 2289 4015 manis
2339 3956 2560 4020 bellum,
2621 3969 2873 4023 magnum
2927 3961 2982 4005 et
3021 3964 3270 4021 parvum,
3329 3946 3592 4001 illustrem
3636 3951 3691 3996 et

2112 4052 2404 4106 obscurum
2436 4045 2796 4117 consumpsit,
2830 4044 2987 4114 quasi
3023 4043 3158 4098 ﬁcus
3185 4082 3201 4108 ,
3249 4050 3308 4093 ut
3340 4039 3500 4093 modo
3528 4035 3636 4090 dixi
3672 4075 3688 4096 .

2111 4144 2268 4214 quasi
2295 4143 2453 4206 vites,
2481 4140 2742 4211 palmam,
2773 4137 3003 4201 malum,
3027 4134 3194 4205 ligna,
3232 4132 3518 4195 hordeum,
3570 4128 3683 4181 frn-

2114 4244 2353 4290 mentum
2390 4247 2407 4287 :
2440 4238 2653 4287 nonest
2680 4228 2824 4284 enim
2854 4226 3098 4284 omnium
3132 4238 3237 4278 una
3278 4220 3497 4277 vivendi
3528 4219 3687 4283 ratio,

2111 4338 2167 4384 et
2198 4327 2528 4383 institutum.
2566 4322 2703 4389 Quia
2731 4336 2860 4375 vero
2886 4319 3049 4374 semel
3082 4316 3321 4372 Judaeam
3365 4327 3498 4384 agro
3540 4327 3690 4367 com—

2113 4418 2347 4490 paravit,
2395 4425 2452 4470 et
2508 4414 2783 4484 principes
2840 4413 2985 4480 ipsos
3046 4407 3313 4477 agricolas
3360 4402 3689 4463 nominavit,

2116 4512 2167 4565 in
2202 4508 2564 4564 translatione
2600 4506 2822 4569 mansit,
2856 4513 2911 4558 et
2941 4501 3187 4558 subditos
3209 4514 3331 4552 cum
3368 4497 3503 4551 satis
3530 4507 3691 4564 atque

426 4607 550 4655 νους
589 4591 840 4663 ὠνόμασε
885 4594 1011 4656 τοὺς
1047 4593 1473 4663 προεστηκότας,
1508 4594 1747 4649 σέσωκεν
1789 4596 1818 4648 ὁ
1846 4595 2006 4663 λόγος

2114 4600 2417 4661 arboribus.
2449 4599 2552 4654 alia
2583 4608 2745 4668 atque
2770 4596 2873 4650 alia
2903 4595 2971 4649 de
3018 4608 3184 4649 causa
3227 4589 3475 4645 contulit.

429 4683 592 4755 μέχρι
622 4685 821 4748 παντὸς
867 4684 965 4756 τὴν
1011 4685 1347 4758 μεταφορὰν,
1389 4686 1562 4757 ληῖοις
1593 4704 1654 4740 τε
1697 4690 1792 4740 καὶ
1830 4686 2008 4751 ξύλοις

427 4776 568 4829 κατά
586 4776 839 4848 διάφορον
864 4777 1065 4849 τρόπον
1089 4777 1456 4847 παραϐάλλων
1496 4780 1622 4843 τοὺς
1662 4780 1753 4831 ὑπ’
1789 4778 2006 4840 αὐτούς.

498 4869 560 4928 Et
603 4869 659 4922 δὲ
699 4869 763 4939 δή
809 4886 891 4932 τις
934 4868 1097 4922 οἴοιτο
1126 4871 1206 4933 είς
1236 4870 1497 4942 ἐξήγησιν
1531 4870 1729 4941 ἠθικὴν
1761 4870 1918 4924 ταυτὶ
1946 4870 2010 4941 δὴ

426 4962 621 5030 χρῆναι
650 4962 1057 5033 μετακομίζειν,
1089 4965 1351 5034 φρονήσει
1377 4963 1577 5027 καλῶς.
1603 4964 2011 5034 Παρεικαστὲον

428 5052 536 5121 γὰρ
567 5052 808 5122 ἀρεταῖς,
838 5054 931 5107 καὶ
958 5057 1069 5117 τοῖς
1093 5056 1174 5117 είς
1205 5055 1330 5108 νοῦν
1362 5055 1800 5126 κατορθώμασιν,
1832 5056 2011 5124 ἀμπε-

428 5142 538 5207 λον,
572 5145 665 5198 καὶ
699 5146 888 5216 συκῆν,
925 5147 1020 5200 καὶ
1045 5147 1114 5201 τὰ
1140 5148 1304 5219 ἕτερα
1332 5148 1439 5202 τῶν
1468 5147 1661 5215 ξύλων,
1713 5148 1748 5203 ἃ
1779 5150 2011 5219 καρποῖς

428 5234 653 5304 ὡραίοις
706 5237 1100 5306 στεφανοῦσθαι
1151 5239 1314 5309 φιλεῖ.
1361 5239 1501 5292 Ἀλλ’
1551 5242 1599 5292 εἰ
1641 5240 1740 5311 μέν
1787 5258 1872 5304 τις
1923 5240 2007 5311 εἴη

433 5328 593 5397 σοφὸς
645 5330 739 5384 καὶ
790 5332 1067 5405 ἀγχίνους,
1102 5336 1200 5389 καὶ
1248 5335 1579 5405 αὐχημάτων
1626 5336 1847 5403 ἀγαθῶν
1894 5338 2014 5389 ἐπι-

434 5420 671 5493 μελητὴς
697 5461 712 5485 ,
760 5424 963 5495 εὐανθῆ
1008 5443 1067 5479 τε
1102 5427 1197 5479 καί
1226 5425 1445 5493 εὔξυλον
1498 5428 1593 5480 τὸν
1636 5429 1716 5491 εἰς
1747 5427 1871 5482 νοῦν
1918 5428 2012 5480 καὶ

432 5514 658 5584 καρδίαν
696 5517 915 5587 φορέσει
934 5519 1130 5589 κῆπον,
1161 5518 1413 5589 πολυειδῆ
1445 5520 1545 5589 τὴν
1569 5519 1769 5592 ἀρετὴν
1794 5520 2010 5590 τρέφων

432 5606 491 5658 ἐν
520 5606 719 5677 ἐαυτῷ,
773 5610 866 5661 καὶ
898 5609 1076 5663 πάντα
1118 5611 1320 5682 τρόπον
1366 5610 1684 5674 ἐπιεικείας.
1740 5611 1803 5663 Εἰ
1848 5610 1902 5663 δὲ
1946 5610 2009 5681 δὴ

436 5697 673 5770 ῥᾴθυμος
719 5702 814 5753 κα)⁴
862 5702 1175 5773 φιλήδονος,
1225 5702 1317 5756 καὶ
1360 5702 1493 5756 πολὺ
1524 5703 1645 5756 λίαν
1677 5702 2009 5766 ὲκνενευκὼς

436 5792 529 5845 ἐπὶ
557 5791 625 5847 τὰ
657 5794 871 5865 αίσχὶω,
908 5796 1307 5865 καταθρηνήσει
1341 5796 1576 5862 πάντως,
1609 5795 2008 5862 μαραινομένης

2180 4864 2237 4919 Si
2289 4863 2412 4933 quis
2453 4860 2568 4916 hate
2602 4858 2673 4913 ad
2732 4855 2995 4913 moralem
3035 4851 3430 4922 expositionem
3471 4862 3687 4901 accom-

2112 4956 2375 5013 modanda
2412 4953 2644 5023 putabit,
2678 4958 2833 5005 recte
2857 4945 3090 5017 putabit.
3148 4940 3506 4998 Confcrcndre
3541 4936 3687 4991 enim

2116 5059 2243 5104 sunt.
2270 5048 2525 5110 virtutes,
2556 5054 2612 5098 et
2645 5041 2917 5111 praeclara:
2946 5036 3192 5092 actiones
3233 5033 3399 5087 animi
3435 5046 3558 5085 cum
3604 5028 3687 5081 vi-

2118 5155 2244 5203 nea,
2293 5138 2500 5193 licubus
2522 5145 2576 5190 et
2622 5132 2932 5196 arboribus,
2966 5145 3087 5200 qua).
3136 5127 3402 5182 lructibus
3434 5122 3689 5193 pulcher-

2113 5230 2267 5285 rimis
2290 5231 2633 5285 decorantur.
2674 5223 2827 5291 Quod
2853 5226 2899 5279 si
2929 5223 3050 5293 quis
3084 5220 3301 5290 sapiens
3331 5256 3347 5282 ,
3404 5225 3459 5270 et
3493 5212 3687 5274 solers,

2110 5331 2166 5377 et
2207 5321 2447 5391 probatae
2499 5321 2685 5391 gloriae
2732 5319 3006 5374 studiosus
3038 5315 3243 5378 fuerit,
3294 5313 3508 5364 hortum
3548 5303 3691 5359 belle

2109 5413 2414 5478 ﬂorentem,
2444 5421 2497 5467 et
2518 5410 2773 5466 felicibus
2814 5409 3074 5465 refertum
3116 5399 3399 5458 arboribus
3443 5398 3495 5451 in
3527 5394 3692 5451 corde

2108 5516 2161 5560 et
2205 5506 2387 5560 animo
2420 5519 2519 5560 suo
2576 5501 2858 5567 excitabit,
2884 5499 3049 5554 multa
3090 5497 3349 5549 virtutum
3399 5504 3595 5560 genera
3636 5496 3691 5541 et

2109 5614 2298 5655 omnes
2352 5598 2612 5653 bonitatis
2660 5594 2847 5650 modos
2887 5594 2939 5648 in
2992 5605 3058 5647 eo
3098 5590 3307 5645 favens.
3369 5585 3465 5640 Sin
3503 5590 3688 5638 contra

2117 5697 2361 5765 ignavus,
2393 5692 2655 5763 voluptati
2686 5689 2919 5753 deditus,
2984 5694 3039 5737 et
3070 5684 3135 5738 ad
3178 5682 3460 5736 inhonesta
3510 5674 3689 5745 proje-

2115 5801 2255 5855 ctus,
2302 5786 2449 5843 ﬂebit
2481 5784 2722 5855 largiter,
2742 5786 3014 5838 marcente
3035 5776 3132 5833 sibi
3157 5773 3396 5830 bonitate
3425 5778 3479 5825 et
3506 5768 3691 5822 animo
