4132 6370
446 350 552 406 5i?

1476 350 1536 407 S.
1576 351 1853 408 CYRILLI
1894 347 2363 407 ALEXANDRINI
2401 346 2725 404 ARClllEP.

3608 348 3714 421 δάε

448 468 787 523 sterilitatem
840 466 1060 523 multam
1114 469 1449 539 eXperiente.
1516 471 1848 528 Provideuda
1905 481 2029 527 sunt

2131 468 2282 541 αὐτῷ
2308 469 2406 539 τῆς
2439 468 2762 531 ἐπιεικείας,
2794 467 2887 520 καὶ
2918 465 3116 538 πολλὴν
3149 464 3409 537 παθόντος
3441 461 3715 534 ἀκαρπίαν

448 561 611 631 igitur
635 559 988 629 prudentibus
1017 559 1249 617 sollicite
1276 563 1412 617 bona
1437 564 1636 627 cordis,
1694 580 1813 633 qum
1877 579 2022 620 sem-

445 668 543 720 per
570 654 800 707 aderunt
849 651 1073 720 utique,
1120 653 1387 723 siquidem
1439 655 1543 709 illis
1597 656 1728 724 ipsis
1758 656 2028 711 oblectare

444 739 746 796 cmlestium
776 740 1042 798 bonorum
1075 746 1536 816 suppeditatorem
1567 747 1857 804 voluerint.

527 916 688 974 Vsus.
718 919 808 974 15.
862 921 1217 992 Accingimini
1288 932 1336 977 et
1388 924 1660 995 plangite,
1705 926 2023 989 sacerdotes,

448 1009 811 1066 lamentamini
839 1015 932 1083 qui
955 1016 1270 1069 ministratis
1297 1016 1475 1070 altari.
1498 1016 1875 1087 lngredimini,
1900 1020 2027 1072 dor-

448 1102 577 1154 mite
605 1103 660 1155 in
676 1104 848 1159 saccis
867 1106 1233 1161 ministrantes
1264 1107 1408 1173 Deo;
1431 1111 1556 1181 quia
1573 1109 1761 1179 defecit
1789 1114 1854 1166 de
1873 1111 2028 1165 domo

449 1192 548 1247 Dei
574 1194 729 1249 vestri
751 1195 1079 1265 sacriﬁcium
1105 1207 1152 1251 et
1179 1197 1384 1253 libatio.

454 1347 468 1356 ’
521 1372 687 1442 209
716 1371 784 1427 X.
814 1373 992 1429 Etiam
1027 1375 1112 1431 his
1143 1377 1249 1433 alte
1298 1386 1590 1448 exaggerat
1630 1380 2030 1448 quodammodo

450 1478 571 1531 qua:
599 1464 916 1529 acciderint,
957 1474 1013 1521 et
1047 1476 1247 1521 metum
1295 1468 1487 1522 incutit
1517 1469 1855 1537 horribilem,
1882 1488 2028 1528 rem-

450 1570 556 1625 que
618 1556 775 1627 lo’nge
818 1556 1064 1626 plurimis
1106 1558 1580 1614 obsecrationibus
1635 1562 2028 1628 procurandum

450 1655 631 1701 monet
652 1662 718 1703 ex
749 1664 835 1711 eo,
862 1652 1002 1719 quod
1021 1651 1329 1706 sacerdotes
1351 1652 1494 1721 ipsos
1525 1651 1781 1723 plangere
1813 1669 2032 1710 necesse

449 1749 553 1795 cst.
584 1740 958 1795 Verumtamen
999 1742 1127 1796 latet
1156 1742 1410 1812 quiddam
1437 1744 1652 1798 artiﬁcii
1701 1746 1752 1800 in
1799 1745 1885 1800 his
1908 1761 2030 1800 ver-

450 1831 551 1886 bis.
586 1831 721 1899 Quia
789 1848 1022 1902 namque
1078 1834 1340 1889 idolorum
1403 1834 1641 1891 delubris
1716 1836 2031 1892 stultissime

452 1928 795 1993 assederant,
846 1943 911 1983 ac
958 1928 1068 1983 Deo
1106 1944 1173 1983 ex
1228 1929 1307 1984 ira
1354 1932 1713 2001 percutiente,
1772 1933 2030 1987 auxilium

450 2018 574 2072 inde
612 2020 993 2086 qttmsiveraut,
1034 2020 1241 2075 utiliter
1272 2023 1647 2077 universorum
1708 2024 1967 2080 Dominus
2000 2040 2029 2078 a

450 2110 820 2164 sacerdotibus
890 2110 1003 2164 suis
1053 2111 1301 2180 requirit,
1338 2122 1397 2168 ut
1450 2113 1768 2183 suppliciter
1825 2116 2031 2169 orando

448 2198 569 2251 aliis
599 2208 857 2267 prmeant,
886 2208 942 2253 et
979 2200 1081 2269 ipsi
1116 2200 1302 2256 aﬂlicti
1358 2204 1673 2259 ardentibus
1705 2205 2033 2273 paenitentiae

447 2289 641 2345 studiis
680 2290 919 2359 praesint,
969 2301 1027 2344 ut
1064 2304 1391 2361 cognoscant
1427 2298 1665 2365 percussi
1702 2298 1865 2366 quod,
1931 2299 2029 2352 nisi

449 2381 560 2436 Deo
614 2391 826 2452 gratum
885 2382 1068 2438 facere
1119 2386 1287 2439 velint
1332 2387 1492 2456 eique
1552 2388 1821 2457 supplices
1872 2389 2030 2453 ﬁeri,

448 2472 568 2537 ejus
617 2473 687 2526 ab
727 2488 787 2528 se
831 2474 967 2528 iram
1000 2490 1105 2529 non
1133 2479 1378 2532 aversuri
1408 2480 1537 2534 sint.
1567 2479 1793 2550 Oportet
1846 2482 2029 2552 igitur,

449 2564 544 2627 ait,
561 2564 865 2620 sacerdotio
900 2566 1187 2636 fungentes
1213 2569 1596 2638 propemodum
1636 2572 1799 2627 etiam
1824 2575 2034 2629 caeteris

448 2654 794 2710 roimnodare
840 2659 907 2713 de
970 2660 1404 2716 ohsccratiouum
1456 2662 1768 2727 laboribus,
1802 2664 2030 2731 ululatu,

450 2744 705 2809 lamento,
741 2748 881 2801 sacci
915 2749 1137 2814 amictu,
1197 2765 1293 2818 per
1316 2765 1476 2818 quem
1517 2751 1831 2808 deliciarum
1857 2764 1907 2807 et
1933 2756 2028 2808 otii

448 2835 714 2903 depositio
785 2836 1142 2905 signiﬁcatur,
1214 2838 1399 2892 durior
1456 2840 1731 2906 tractatio,
1790 2842 2030 2896 laborum

450 2924 715 2989 molestia,
750 2934 804 2979 et
832 2926 955 2980 vitze
984 2943 1103 2996 qua:
1136 2937 1353 2983 sanctos
1382 2930 1591 2995 deceat,
1625 2931 1900 2985 sincerum
1933 2934 2018 2986 in-

451 3016 837 3087 culpatumque
879 3020 1141 3075 studium.
1191 3020 1393 3074 Deinde
1427 3035 1645 3076 causam
1678 3022 1879 3079 laboris
1925 3026 2028 3080 hu-

447 3111 539 3177 jus
572 3109 911 3164 manifestam
941 3126 1210 3179 promens,
1226 3112 1485 3167 defecisse
1508 3112 1725 3183 inquita
1753 3115 1913 3170 domo
1930 3118 2033 3172 Do-

455 3200 585 3253 miui
620 3201 945 3255 sacrillcium
970 3212 1024 3255 et
1042 3200 1295 3257 libamen.
1321 3204 1504 3256 Dirum
1538 3204 1679 3259 dictu
1708 3223 1721 3260 :
1754 3222 1859 3260 nou
1890 3208 2033 3263 enim

2129 558 2224 611 τοῦ
2274 557 2386 613 νοῦ.
2451 556 2837 628 Ἐπιμελητέον
2867 556 2932 628 δὴ
2964 552 3057 609 οὖν
3086 557 3199 619 τοῖς
3227 555 3482 631 ἐχέφροσι
3522 553 3630 608 τῶν
3657 554 3716 605 ὲν

2130 649 2375 721 καρδίαις
2398 649 2637 719 ἀγαθῶν,
2662 649 2698 703 ἃ
2737 648 2801 719 δὴ
2847 648 3143 720 προσέσται
3176 647 3416 710 πάντως,
3446 648 3496 699 εί
3528 644 3619 698 ὲπί
3649 661 3713 713 γε

2133 740 2319 809 σφίσιν
2353 741 2537 804 αὐτοῖς
2568 742 2881 811 εὐφραίνειν
2937 739 3142 793 ἕλοιντο
3170 740 3262 793 τὸν
3307 738 3415 793 τῶν
3456 736 3712 809 οὐρανίων

2131 830 2355 899 ἀγαθῶν
2392 831 2613 903 δοτῆρα.

2201 919 2608 989 Περιζώσασθε
2658 923 2755 975 καὶ
2822 922 3116 976 κόπτεσθε
3135 961 3150 986 ,
3204 924 3259 976 οι
3321 918 3495 988 ἱερεῖς
3514 935 3527 949 ο
3576 922 3713 987 θρη-

2130 1012 2305 1076 νεῖτε,
2329 1017 2383 1067 οἱ
2395 1014 2888 1084 λειτουργοῦντες
2916 1013 3337 1080 θυσιαστηρίῳ.
3371 1013 3708 1071 Ἐσέλθετε,

2130 1103 2453 1160 ὐπνώσατε
2526 1106 2595 1159 ἐν
2668 1105 2920 1173 σάκκοις
2988 1104 3477 1174 λειτουργοῦντες
3559 1101 3713 1167 Θεῷ’

2134 1198 2223 1251 ὅτι
2284 1198 2638 1269 ἁπέσχηκεν
2678 1199 2747 1264 ἐξ
2786 1201 2956 1254 οἴκου
2999 1199 3146 1253 Θεοῦ
3187 1196 3354 1268 ὑμῶν
3392 1196 3574 1251 θυσία
3614 1196 3715 1249 καὶ

2132 1289 2397 1355 σπονδή.

2208 1383 2265 1435 l'.
2308 1383 2461 1453 Αίρει
2491 1382 2591 1453 μὲν
2615 1382 2806 1453 ὥσπερ
2836 1383 2930 1435 καὶ
2954 1382 3043 1435 διά
3066 1380 3270 1435 τούτων
3297 1379 3389 1450 ὕψι
3421 1378 3489 1432 τὰ
3518 1378 3719 1449 ωμῦε-

2134 1473 2363 1545 δηκότα,
2398 1475 2495 1528 καὶ
2525 1477 2583 1529 ὲν
2610 1476 2909 1546 ἀφορήτοις
2941 1476 3173 1527 ποιεῖται
3199 1473 3432 1543 δείμασι,
3461 1471 3719 1541 πλείστης

2138 1566 2237 1637 μὲν
2264 1568 2395 1638 ὅσης
2422 1566 2629 1620 δεῖσθαι
2660 1566 2813 1635 λιτῆς
2860 1565 2924 1619 τὸ
2966 1568 3156 1637 χρῆμα
3185 1564 3380 1636 δηλῶν,
3406 1564 3494 1618 διά
3518 1580 3583 1633 γε
3614 1562 3710 1615 τοῦ

2136 1656 2333 1727 χρῆναι
2369 1657 2464 1709 καὶ
2505 1657 2704 1720 αὐτοὺς
2749 1655 3113 1727 κατοιμώζειν
3160 1656 3287 1718 τοὺς
3336 1655 3520 1726 ἱερεῖς.
3572 1652 3718 1722 Πλὴν

2138 1741 2251 1812 ἔχει
2283 1760 2335 1795 τι
2378 1743 2473 1797 καὶ
2506 1744 2755 1815 εὐτεχνὲς
2791 1746 2819 1797 ὀ
2850 1744 3027 1813 λόγος.
3072 1743 3290 1814 Ἐπειδὴ
3329 1743 3436 1814 γὰρ
3470 1746 3581 1807 τοῖς
3611 1743 3720 1795 τῶν

2061 1820 2105 1876 Β
2133 1831 2367 1885 εἰδώλων
2396 1834 2680 1903 τεμένεσιν
2710 1833 3047 1887 ἀϐουλότατα
3066 1831 3515 1905 προσιζήσαντες,
3544 1832 3721 1884 καίτοι

2130 1922 2265 1977 Θεοῦ
2300 1925 2694 1988 καταπαίοντος
2715 1924 2773 1989 ἐξ
2805 1926 2996 1996 ὀργῆς,
3023 1924 3124 1989 τὰς
3154 1925 3472 1997 ἐπικουρίας
3496 1921 3721 1994 ἐζήτουν

2131 2015 2365 2081 ἐκεῖθεν,
2419 2017 2683 2087 ἀπονέμει
2715 2017 3003 2087 χρησίμως
3028 2017 3058 2069 ὁ
3095 2016 3208 2069 τῶν
3250 2015 3386 2069 ὅλων
3433 2014 3563 2077 Θεὸς
3610 2015 3721 2077 τοῖς

2133 2107 2284 2171 ἰδίοις
2317 2108 2621 2179 ίερουργοῖς
2649 2106 2711 2160 τὸ
2740 2107 3101 2179 καθηγεῖσθαι
3138 2107 3332 2170 λιταῖς,
3386 2106 3479 2159 καὶ
3511 2106 3719 2175 τληπα-

2131 2196 2240 2259 θῶς
2268 2196 2596 2267 προεστάναι
2630 2195 2739 2248 τῶν
2772 2196 2851 2259 εἰς
2885 2194 3225 2265 μετάγνωσιν
3257 2191 3714 2262 σπουδασμάτων,

2133 2285 2202 2338 ἵν’
2249 2285 2438 2339 εἰδεῖεν
2494 2286 2543 2338 οἱ
2592 2284 2954 2355 πεπληγότες,
3003 2284 3078 2347 ὡς
3122 2285 3170 2336 εί
3225 2282 3298 2354 μὴ
3349 2281 3466 2349 Θεῷ
3521 2280 3721 2351 μᾶλλον

2132 2375 2341 2430 ἕλοιντο
2390 2376 2460 2430 τά
2498 2376 2624 2445 φίλα
2673 2375 2875 2447 ζητεῖν,
2914 2376 3007 2429 καὶ
3050 2374 3196 2445 αὐτῷ
3243 2374 3571 2447 προσάγοιεν
3620 2370 3721 2435 τὰς

2131 2467 2303 2531 λιτὰς,
2339 2467 2439 2520 οὐκ
2471 2467 2537 2520 ἂν
2587 2466 3001 2538 διακρούσαιντο
3037 2467 3137 2537 τὴν
3170 2466 3362 2537 ὀργήν.
3396 2466 3609 2536 Χρῆναι
3655 2464 3719 2534 δὴ

2133 2555 2225 2612 οὖν
2257 2558 2361 2631 ἔφη
2392 2560 2520 2623 τοὺς
2553 2559 2955 2632 ίερατεύοντας,
3000 2559 3282 2630 μονονουχὶ
3325 2558 3419 2611 καὶ
3462 2554 3721 2620 δανείζειν

2131 2654 2245 2716 τοῖς
2281 2651 2464 2716 ἀλλοις
2498 2652 2625 2715 τοὺς
2651 2654 2710 2704 ὲν
2737 2655 2857 2716 ταῖς
2902 2652 3075 2715 λιταῖς
3122 2651 3350 2714 πόνους,
3379 2648 3622 2703 κωκυτὸν
3653 2665 3709 2701 τε

2132 2742 2226 2795 καὶ
2257 2740 2476 2812 θρῆνον,
2507 2742 2600 2795 καὶ
2641 2743 2845 2797 σάκκου
2896 2733 3214 2814 περιϐολὴν,
3246 2742 3314 2795 δι’
3348 2736 3409 2796 οὗ
3454 2742 3718 2812 σημαίνε-

2130 2850 2221 2887 ται
2247 2832 2460 2902 τρυφῆς
2524 2834 2617 2887 καὶ
2650 2832 2969 2902 ἀναπαύλης
2995 2833 3271 2897 ἀπόθεσις,
3309 2830 3719 2903 σκληραγωγία,

2134 2926 2228 2977 καὶ
2258 2924 2438 2988 πόνος,
2471 2926 2565 2977 καὶ
2596 2924 2742 2995 ζωῆς
2774 2925 3145 2997 ἀγιοπρεποῦς
3188 2924 3323 2996 ὀρθὴ
3362 2926 3455 2977 καὶ
3483 2923 3720 2994 ἀμώμη-

2132 3032 2225 3078 τος
2264 3014 2628 3085 ἐπιτήδευσις.
2679 3013 2810 3069 Είτα
2841 3015 2934 3069 τοῦ
2968 3016 3130 3069 πόνου
3162 3015 3259 3087 τὴν
3305 3014 3481 3069 αέτίαν
3513 3013 3718 3086 ἐναργῆ

2136 3105 2421 3174 καθιστὰς,
2469 3105 2844 3176 ἀπεσχηκέναι
2889 3107 3055 3177 φησὶν
3086 3106 3146 3171 ἐξ
3173 3106 3325 3160 οἴκου
3372 3105 3577 3177 Κυρίου
3622 3104 3718 3157 θυ-

2140 3198 2257 3251 σίαν
2286 3198 2379 3250 καὶ
2409 3198 2660 3270 σπονδήν.
2703 3200 2913 3269 Δριμὺς
2938 3199 2967 3250 ὁ
3006 3197 3163 3267 λόγος
3184 3213 3200 3229 ο
3234 3198 3295 3252 οὐ
3333 3197 3441 3269 γὰρ
3475 3196 3612 3268 πρὸς
3656 3197 3718 3249 τὸ

453 3290 686 3345 allirmat
751 3292 1079 3347 sacriﬁcium
1140 3304 1193 3350 et
1227 3295 1535 3350 libationem
1586 3297 1886 3365 imminuta,
1943 3311 2029 3355 aut

2141 3290 2292 3358 μεῖον
2346 3286 2667 3357 ὲνηνέχθαιι,
2718 3288 2752 3358 ἢ
2802 3287 3149 3357 ἡλαττῶσθαί
3205 3303 3339 3359 φησι
3390 3286 3580 3339 θυσίαν
3625 3288 3718 3340 καὶ

452 3383 710 3438 inferiora
756 3383 941 3452 facta;
979 3386 1072 3440 sed
1102 3386 1369 3443 defecisse
1395 3389 1591 3456 potius,
1646 3390 1697 3444 id
1728 3400 1832 3456 est,
1858 3393 2036 3447 omni-

453 3491 526 3531 no
573 3490 760 3531 eversa
787 3492 851 3531 ac
879 3476 1163 3548 proﬂigata
1212 3493 1353 3535 esse.
1384 3480 1487 3534 Res
1543 3482 1725 3552 gravis
1749 3493 1805 3538 et
1861 3484 2034 3539 mole-

453 3578 536 3621 sta
571 3568 811 3637 profecto
836 3570 1264 3640 magistratibus,
1287 3573 1333 3629 si
1373 3574 1519 3628 nullo
1549 3558 1708 3629 modo
1755 3593 1784 3629 a
1853 3576 2037 3647 subje-

453 3659 561 3714 ctis
589 3659 797 3715 colatur
831 3661 993 3718 Deus.

524 3835 689 3889 Vens.
748 3836 958 3900 14,15.
1008 3837 1351 3909 Sanetiﬁcate
1400 3841 1687 3911 jejunium,
1753 3847 2035 3914 praedicafe

452 3929 799 3992 curationem,
848 3941 1154 4000 congregate
1211 3934 1479 3996 seniores,
1538 3952 1717 3989 omnes
1783 3936 2032 3991 habitan-

453 4029 529 4073 tes
568 4029 757 4073 terram
793 4022 849 4074 in
877 4022 1091 4074 domum
1126 4022 1334 4078 Domini
1397 4025 1491 4080 Dei
1526 4029 1699 4091 vestri,
1735 4037 1786 4081 et
1827 4030 2030 4084 clama-

455 4123 503 4165 te
524 4114 591 4169 ad
632 4111 1296 4171 Dominumvehemeuter:
1331 4115 1449 4170 Heu
1511 4119 1658 4183 mitti,
1710 4120 1811 4174 heu
1880 4123 2029 4188 milii,

452 4203 553 4255 heu
582 4203 731 4268 mihi,
769 4204 824 4256 in
866 4204 1025 4259 diem.

524 4292 612 4347 XI.
651 4294 768 4361 Quo
827 4304 984 4365 pacto
1051 4296 1181 4363 ipsis
1226 4296 1515 4368 lugendum
1570 4302 1643 4355 sit
1676 4318 1891 4358 rursum
1937 4305 2029 4361 de-

454 4394 742 4451 monstrat,
774 4400 1000 4457 seseque
1034 4386 1140 4443 illis
1174 4388 1228 4442 iu
1277 4389 1418 4442 viam
1459 4392 1795 4459 poenitentiae
1847 4394 2031 4449 ducto-

2138 3378 2392 3447 σπονδὴν,
2425 3378 2793 3449 ἀπεσχηκέωαυ
2820 3378 2879 3432 δὲ
2914 3377 3137 3448 μᾶλλον,
3163 3377 3301 3449 ὅπερ
3346 3377 3465 3430 ἐστὶ
3518 3393 3717 3429 παντε-

2135 3470 2241 3533 λῶς
2274 3471 2587 3540 ἀνατροπῆς
2619 3469 2971 3540 σημαντικόν.
3002 3467 3184 3523 Δεινδν
3210 3468 3267 3522 δὲ
3291 3467 3353 3521 τὸ
3384 3467 3573 3539 χρῆμα
3618 3468 3714 3521 καὶ

2135 3560 2398 3632 δυσαχθὲς
2445 3560 2660 3631 ἀληθῶς
2686 3564 2801 3624 τοῖς
2845 3561 2991 3615 λαῶν
3034 3559 3449 3633 προεστηκόσιν,
3480 3560 3530 3612 εί
3578 3559 3719 3612 κατά

2140 3652 2347 3724 μηδένα
2380 3652 2580 3725 τρόπον
2614 3654 2719 3707 ὑπὸ
2749 3653 2859 3707 τῶν
2900 3653 3322 3724 ὑπεζευγμένων
3361 3653 3717 3725 θεραπεύοιτο

2135 3748 2289 3801 Θεὸς.

2217 3838 2530 3909 Ἀγιάσατε
2606 3837 2937 3904 νηστείαν,
3006 3835 3304 3904 κηρύξατε
3374 3839 3712 3906 θεραπείαν,

2134 3931 2504 4000 συναγάγετε
2563 3927 3027 3997 πρεσϐυτέρους,
3089 3928 3319 3995 πάντας
3369 3930 3714 3984 κατοικοῦν-

2132 4038 2239 4088 τας
2290 4020 2408 4092 γῆν
2451 4022 2539 4088 είς
2586 4015 2756 4074 οἷκον
2795 4021 2944 4076 Θεοῦ
2996 4019 3184 4090 ὑμῶν,
3236 4021 3335 4075 καί
3385 4021 3713 4091 κεκράξατε

2131 4111 2282 4180 πρὸς
2317 4113 2539 4181 Κύριον
2582 4110 2872 4179 ἑντενῶςΗ
2925 4111 3092 4182 Οίμοι
3154 4112 3347 4183 οἴμοι,
3398 4113 3575 4182 οἶμοι,
3622 4116 3709 4180 εὶς

2130 4203 2381 4272 ἡμέραν.

2200 4294 2300 4350 IA'.
2342 4295 2479 4350 Τίνα.
2502 4295 2566 4366 δὴ
2591 4295 2795 4367 τρόπον
2819 4295 3017 4359 αὐτοὺς
3054 4295 3321 4350 ποιεῖσθαι
3352 4298 3619 4367 προσήκει
3652 4298 3715 4351 τὸ

2130 4388 2345 4453 πένθος,
2375 4388 2654 4459 διατρανοί
2685 4387 2873 4453 πάλιν,
2904 4388 2998 4443 καὶ
3026 4389 3311 4462 ὑφηγητὴς
3338 4390 3499 4459 σοφὸς
3533 4391 3714 4455 αὐτοῖς

455 4494 568 4533 rem
597 4479 896 4550 sapientem
926 4490 1168 4551 praestat,
1203 4491 1260 4535 et
1286 4482 1481 4551 quibus
1510 4484 1885 4539 universorum
1915 4486 2020 4540 Do-

2132 4480 2383 4551 φαίνεται
2406 4481 2504 4551 τῆς
2534 4483 2613 4545 εἰς
2652 4482 2993 4552 μετάγνωσιν
3023 4480 3167 4545 ὁδοῦ,
3202 4482 3297 4535 καὶ
3342 4483 3409 4536 τὰ
3441 4482 3509 4536 δι’
3538 4477 3622 4537 div.
3648 4485 3714 4537 ἂν

457 4571 634 4625 ιιιὶιιυε
671 4571 819 4627 mitis
864 4587 928 4628 ac
984 4574 1277 4629 benevolus
1303 4573 1565 4629 efﬁciatur
1618 4578 1860 4646 exponit.
1913 4577 2027 4634 Hoc

453 4676 615 4732 porro
647 4671 751 4728 est,
789 4674 847 4719 ut
878 4678 980 4733 ego
1012 4665 1292 4732 existimo,
1327 4670 1467 4723 iram
1499 4667 1730 4723 volentis
1781 4669 2028 4727 inhibere

451 4765 507 4810 et
540 4770 818 4811 removere
849 4758 1064 4826 penitus
1092 4760 1234 4827 quod
1297 4760 1602 4824 contristat,
1633 4771 1687 4815 et
1721 4776 2029 4832 compesce-

456 4862 514 4902 re
559 4849 701 4917 quod
732 4847 896 4913 laedit,
920 4859 976 4904 et
1019 4850 1182 4903 vitam
1227 4851 1449 4923 insuper
1494 4852 1705 4907 felicem
1737 4853 2029 4910 bonorum-

453 4954 558 5009 que
594 4939 803 5009 copiam
863 4939 1068 5010 largiri.
1103 4941 1192 4995 Ait
1237 4959 1388 5012 ergo,
1446 4962 1462 4995 ι
1508 4944 1857 5001 Sanctiﬁcate
1894 4947 2030 5017 jeju-

456 5034 667 5088 nium.»
704 5031 759 5086 ld
820 5040 926 5097 est,
958 5040 1211 5103 tanquam
1264 5035 1574 5098 anathema,
1613 5046 1667 5090 et
1694 5038 2018 5093 sacriﬁcium

455 5141 581 5181 vere
657 5125 1125 5188 sacratissimum,
1199 5133 1255 5180 et
1309 5140 1340 5180 a
1403 5128 1827 5196 reprehensione
1899 5130 2030 5186 alie-

455 5234 624 5285 num,
702 5227 962 5288 usurpate
1017 5216 1304 5288 jejunium.
1363 5217 1514 5272 Haud
1571 5220 1713 5274 enim
1774 5219 1855 5276 fas
1898 5233 2027 5288 est,

452 5311 696 5365 ciborum
728 5308 1052 5364 abstinentia
1088 5310 1463 5380 corpusculum
1506 5311 1801 5377 emaciare,
1838 5322 1892 5367 et
1949 5314 2029 5368 in-

457 5413 538 5456 ter
596 5402 945 5471 jejunandum
1026 5416 1089 5456 ea
1157 5400 1378 5467 facere,
1430 5400 1628 5472 quibus
1691 5404 1757 5457 ad
1811 5404 2031 5460 iracun-

453 5492 596 5545 diam
631 5492 770 5546 Deus
802 5490 1065 5547 irritetur.
1090 5489 1225 5546 Nam
1250 5491 1319 5557 si,
1349 5506 1471 5547 cum
1499 5490 1705 5561 jejunio
1739 5508 1835 5547 nos
1865 5494 2031 5549 allici-

458 5598 601 5646 mus,
637 5598 666 5636 a
693 5583 926 5650 propriis
957 5584 1329 5639 voluntatibus
1367 5583 1649 5638 discedere
1688 5584 1944 5649 nolimus,
1975 5596 2031 5641 et

456 5672 754 5744 allligamus
782 5672 1045 5739 subditos,
1074 5684 1129 5728 et
1158 5674 1226 5728 ad
1266 5673 1528 5744 judicium
1593 5687 1657 5727 ac
1690 5688 1896 5744 pugnas
1951 5676 2029 5746 je-

458 5765 730 5831 iuuemus,
766 5763 931 5833 210
960 5775 1014 5821 et
1056 5767 1425 5837 percutiamus
1484 5780 1662 5835 pugno
1723 5768 2031 5826 conditione

2129 4574 2335 4643 γένοιτο
2360 4574 2535 4645 πρᾶος
2565 4573 2657 4625 καὶ
2701 4572 2934 4644 εὐμενὴς
2976 4574 3006 4625 ὁ
3051 4572 3158 4625 τῶν
3186 4573 3325 4628 ὅλων
3352 4574 3504 4637 Θεὸς,
3542 4593 3708 4631 καταν-

2128 4669 2388 4723 δείκνυσι.
2423 4666 2595 4721 Τοῦτο
2628 4665 2694 4736 δὴ
2718 4662 2809 4737 ἦν,
2839 4660 3018 4735 οἶμαι,
3051 4666 3146 4718 καὶ
3174 4665 3440 4734 ἀνακόψαι
3470 4666 3712 4730 θέλοντος

2127 4761 2228 4831 τὴν
2253 4758 2441 4832 ὀργὴν,
2477 4758 2573 4813 καὶ
2615 4755 2875 4825 ἀφανίσαι
2901 4756 2963 4809 τὸ
2990 4755 3215 4816 λυποῦν.
3249 4756 3341 4810 καὶ
3378 4758 3710 4828 περιστεῖλαι

2127 4851 2189 4903 τὸ
2224 4850 2481 4920 βλάπτον,
2512 4846 2790 4902 ἐπιδοῦναί
2818 4864 2878 4900 τε
2912 4846 3072 4902 πάλιν
3101 4847 3283 4912 αὐτοῖς
3313 4848 3372 4903 τὸ
3400 4850 3707 4920 εὐημερεῖν,

2131 4944 2225 4997 καὶ
2251 4943 2552 5013 διαχεῖσθαι
2581 4944 2694 5005 τοῖς
2732 4940 2979 5009 ἀγαθοῖς.
3030 4941 3173 5011 Ἔφη
3207 4940 3385 4996 τοίνυν
3405 4957 3420 4973 ⁶
3454 4960 3473 4993 ι
3523 4942 3712 5011 Ἀγιάο

2132 5052 2262 5088 σατε
2290 5035 2563 5105 νηστείαν,
2601 5051 2619 5085 ›
2654 5032 2951 5097 τουτέστιν,
2981 5032 3057 5095 ὼς
3096 5034 3155 5085 ὲν
3179 5032 3525 5105 ἀναθήματος
3544 5039 3714 5089 ποιεῖ-

2133 5126 2226 5180 σθε
2258 5124 2431 5191 τάξει,
2462 5125 2557 5179 καὶ
2595 5126 2670 5188 ὠς
2702 5125 2761 5176 ὲν
2805 5124 2996 5188 θυσίας
3015 5124 3203 5196 τρόπῳ
3223 5164 3237 5188 ,
3260 5126 3359 5197 τὴν
3384 5126 3459 5190 ὡς
3497 5127 3713 5198 ἀληθῶς

2131 5217 2394 5287 πανὰγιον
2426 5216 2520 5271 καὶ
2548 5215 2851 5288 ἀμώμητον
2898 5216 3173 5287 νηστείαν.
3206 5217 3280 5270 Οὐ
3311 5216 3420 5287 γὰρ
3454 5218 3517 5289 δὴ
3547 5236 3715 5289 προσ-

2131 5311 2255 5379 ήκει
2280 5311 2400 5372 ταῖς
2419 5309 2516 5380 μὲν
2537 5309 2773 5371 ἀσιτίαις
2803 5307 3209 5378 κατατήκεσθαι
3240 5308 3301 5361 τὸ
3325 5310 3711 5381 σαρκίον,δρᾷν

2131 5402 2189 5456 δὲ
2217 5402 2413 5465 αὐτοὺς
2448 5401 2875 5472 νενηστευκότας
2902 5400 2971 5453 τὰ
3000 5401 3084 5468 ἐφ’
3115 5396 3194 5457 οἷς
3228 5400 3294 5454 ἂν
3321 5402 3712 5474 παροτρύνοιτο

2131 5494 2284 5558 Θεός.
2342 5494 2408 5547 Et
2465 5493 2573 5564 γὰρ
2627 5492 2913 5563 μέλλοιμεν
2971 5493 3029 5545 ἐν
3072 5492 3249 5564 καιρῷ
3290 5494 3544 5564 νηστείας
3600 5496 3709 5549 τῶν

2135 5586 2281 5640 ἰδίων
2323 5586 2424 5639 οὐκ
2462 5582 2845 5638 ἁποπαύεσθαι
2899 5582 3242 5654 θελημάτων,
3287 5584 3607 5639 ὑπονύττειν
3653 5584 3708 5637 δὲ

2132 5681 2257 5742 τοὺς
2284 5677 2627 5749 ὑποχειρίους
2674 5678 2755 5741 είς
2801 5675 2982 5746 κρίσιν
3012 5692 3070 5729 τε
3113 5676 3206 5729 καὶ
3237 5676 3447 5747 μάχας,
3487 5678 3709 5729 τύπτειν

2134 5788 2193 5825 τε
2221 5772 2464 5842 πυγμαῖς
2486 5768 2739 5825 ταπεινὸν
2779 5768 2921 5823 κατά
2949 5767 3007 5821 τὸ
3037 5766 3211 5836 γένος,
3243 5765 3395 5821 οὔπω
3426 5767 3709 5838 νενηστεύ-
