4132 6370
392 368 495 423 ειν
561 428 569 437 ,

1267 360 1821 419 COMMENTARIUS
1858 363 1927 418 lN
1964 362 2231 420 JOELEM
2276 362 2725 421 PROPHETAM.

3542 360 3646 416 350

393 478 657 552 καμενὼς
678 478 786 531 δεῖ’
812 477 988 531 πόνων
1010 475 1067 530 δὲ
1094 477 1296 547 ζημίας
1318 478 1695 548 ὑπομενοῦμεν
1710 479 1957 545 εἰκότως,

2075 480 2345 547 humilem,
2393 481 2628 535 nondum
2664 488 2723 534 ut
2769 478 2923 534 decet
2954 475 3279 545 jejunamus,
3306 485 3363 531 et
3399 475 3644 531 alllictio-

391 571 524 627 Θεοῦ
558 570 981 641 διακεκραγότος
1003 582 1031 602 ··
1057 587 1075 620 ι
1102 570 1178 623 Οὐ
1212 569 1321 641 γὰρ
1358 570 1562 641 ταύτην
1593 570 1691 642 τὴν
1719 572 1970 643 νηστείαν

393 664 504 733 ἐγὼ
530 662 880 734 ἐξελεξάμην.
920 681 940 716 ι
975 663 1066 714 Δεῖ
1100 662 1163 731 δὴ
1195 658 1289 716 οὖν
1331 663 1667 733 ἀποσχέσθαι
1702 664 1972 735 φαυλότη-

391 776 505 821 τος,
540 756 769 810 ἕπεσθαί
804 772 882 820 τε,
914 756 1009 809 καὶ
1047 756 1191 827 μάλα
1221 757 1504 818 νεανικῶς,
1531 758 1645 820 τοῖς
1676 756 1770 810 τοῦ
1814 774 1972 826 νομο-

394 850 550 901 θέτου
583 848 837 917 δόγμασι,
865 846 961 917 τὴν
992 847 1222 917 καρδίαν
1248 848 1649 911 ἀπευθύνοντας
1686 848 1822 920 πρὸς
1864 851 1971 902 πᾶν

393 941 571 993 ότιοῦν
621 940 729 993 τῶν
766 940 1107 1010 ἀρεσκόντων
1137 939 1305 1011 αὐτῷ,
1362 942 1455 994 καὶ
1491 941 1582 994 τὸν
1611 942 1710 1012 τῆς
1736 940 1972 1004 διανοίας

396 1031 769 1100 ὑποφέροντας
826 1030 1047 1099 αὐχένα,
1094 1030 1396 1100 ψάλλοντάς
1438 1048 1499 1084 τε
1545 1033 1641 1085 καὶ
1672 1032 1928 1100 λέγοντας
1953 1048 1968 1063 ·

399 1124 508 1176 Ἱδε
531 1124 629 1194 τὴν
660 1122 987 1175 ταπείνωσίν
1012 1140 1113 1192 μου
1140 1125 1233 1176 καί⁵
1258 1123 1348 1176 τὸν
1375 1124 1541 1177 κόπον
1566 1141 1687 1194 μου,
1713 1124 1807 1177 καὶ
1836 1124 1974 1194 ἄφες

392 1214 574 1275 πάσας
601 1212 698 1276 τὰς
732 1210 1150 1283 ἁμαρτίας.Κα“ι
1189 1212 1298 1282 μὴν
1328 1212 1462 1281 πρὸς
1488 1212 1626 1281 τῷδε
1665 1212 1883 1265 κάκεῖνο
1910 1212 1972 1265 τὸ

392 1305 761 1376 προφητικὸν·
805 1323 824 1355 ι
873 1304 1003 1358 Ἰδοὺ
1034 1304 1141 1357 οἵδε
1171 1305 1329 1374 ἡμεῖς
1374 1303 1609 1374 ἐσόμεθά
1649 1321 1750 1367 σοι,
1780 1305 1860 1357 ὃτι
1906 1304 1969 1357 σὺ

393 1397 596 1468 Κύριος
622 1399 650 1451 ό
669 1396 800 1460 Θεὸς
828 1395 985 1465 ἡμῶν
1013 1391 1082 1448 εῑ.
1126 1414 1144 1448 ι
1179 1397 1525 1465 Παράστασις
1556 1395 1665 1467 γὰρ
1694 1396 1788 1466 ἥδε
1818 1413 1972 1449 πνευ-

395 1490 620 1559 ματικὴ,
651 1489 748 1542 καὶ
790 1488 1086 1543 ἁνδάνουσα
1116 1486 1194 1558 τῷ
1225 1487 1343 1557 Θεῷ
1389 1488 1529 1557 ὑπὲρ
1578 1488 1777 1557 μόσχον
1823 1486 1964 1548 νέον,

393 1580 533 1649 ὑπὲρ
562 1579 733 1649 ἀμνὸν
762 1581 828 1633 ὲκ
856 1579 1144 1648 ποιμνίων,
1174 1578 1313 1649 ὑπὲρ
1335 1578 1519 1648 ἔριφον
1550 1579 1607 1645 ἐξ
1634 1579 1971 1649 αἰγῶν.ὑπὲρ

393 1671 671 1742 σεμίδαλιν
703 1672 798 1725 καὶ
834 1671 1148 1727 λιϐανωτόν.
1182 1674 1588 1742 Πνευματικαῖς
1625 1672 1731 1743 γὰρ
1761 1672 1970 1735 θυσίαις

390 1767 764 1835 εὐαρεστεῖται
815 1764 966 1827 Θεός.
1030 1765 1375 1834 Ἀγιάζοντες
1435 1765 1492 1818 δὲ
1544 1766 1642 1837 τὴν
1695 1766 1969 1836 νηστείαν,

392 1857 719 1929 κηρύξωμεν
762 1858 1079 1930 θεραπείαν,
1120 1860 1387 1924 τουτέστι,
1417 1860 1514 1930 τὴν
1544 1861 1654 1914 τῶν
1691 1861 1849 1914 θείων
1880 1860 1969 1913 θε-
2006 1839 2046 1895 υ

391 1952 457 2022 λη
467 1950 652 2022 μάτων
676 1952 1044 2022 ἐκπλήρωσιν,
1125 1952 1189 2024 δὴ
1216 1953 1308 2006 καὶ
1328 1953 1646 2024 πρεπόντως
1673 1954 1973 2024 παρέποιτο

392 2043 462 2095 ἂν
496 2042 556 2095 τὸ
593 2042 745 2108 εὐθὺ,
780 2044 839 2096 τὸ
872 2044 1151 2111 εὐάγωγον
1191 2042 1285 2096 τοῦ
1317 2043 1543 2113 τρόπου,
1586 2044 1647 2096 τὸ
1691 2044 1829 2114 πρὸς
1861 2046 1970 2097 πᾶν

390 2135 568 2188 ὁτιοῦν
614 2136 828 2206 ἕτοιμον
878 2135 985 2189 τῶν
1030 2136 1109 2199 εἰς
1161 2136 1444 2200 εὐσεϐείας
1480 2136 1721 2207 ἡκόντων
1752 2137 1968 2204 λόγους.

405 2223 835 2293 Ἐπιτελέσωμεν
857 2224 913 2277 δὲ
938 2226 1064 2288 τοὺς
1091 2225 1326 2297 τρόπους
1341 2225 1439 2295 τῆς
1469 2226 1780 2297 θεραπείας,
1798 2245 1974 2281 συνει-

391 2312 669 2384 λεγμένων
714 2316 772 2367 ὲν
831 2314 1126 2385 Ἐκκλησία
1159 2314 1269 2367 τῶν
1312 2316 1377 2368 ὲκ
1415 2316 1739 2383 γερουσίας,
1792 2316 1975 2369 συνδε-

389 2405 753 2477 δραμηκότων
786 2408 881 2460 καλ¹
912 2407 1129 2461 πάντων
1157 2406 1267 2460 τῶν
1294 2408 1691 2461 κατοικούντων
1721 2408 1818 2480 τὴν
1849 2409 1971 2479 γῆν,

392 2498 685 2552 κλαιόντων
726 2517 785 2553 τε
816 2500 911 2553 καὶ
952 2499 1098 2568 μάλα
1146 2499 1412 2562 συντόνως
1443 2502 1521 2564 εἰς
1566 2501 1695 2571 ὅλην
1729 2502 1967 2573 ἡμέραν,

390 2591 487 2645 καὶ
532 2591 816 2663 ἀραρότως
850 2592 1234 2663 διακειμένων,
1266 2593 1347 2645 ὅτι
1375 2593 1592 2646 πάντων
1629 2593 1769 2645 ἐλεεῖ
1805 2593 1936 2656 Θεός
1958 2610 1971 2623 ο

390 2684 507 2738 ἔστι
536 2684 645 2754 γὰρ
679 2704 697 2736 ι
713 2685 1085 2755 μακρόθυμος,
1114 2686 1209 2738 καὶ
1238 2685 1540 2748 πολυέλεος,
1571 2686 1665 2739 καὶ
1699 2685 1971 2756 ἀληθινὸς,

390 2775 625 2846 ἐξαίρων
654 2776 905 2845 ἀνομίας,
932 2778 1028 2829 καὶ
1059 2775 1402 2847 ὑπερϐαίνων
1441 2777 1674 2840 ἀδικίας,
1723 2796 1741 2829 ι
1777 2778 1871 2830 καὶ
1912 2777 1972 2829 οὐ

394 2867 632 2937 συνέχων
673 2869 753 2931 είς
797 2868 1102 2939 μαρτυρίαν
1126 2868 1297 2939 ὀργὴν
1340 2868 1504 2923 αὑτοῦ
1537 2869 1679 2923 κατὰ
1706 2869 1768 2923 τὸ
1797 2870 1971 2939 γένος,

398 2979 418 3011 c
458 2960 582 3014 Ὀτι
611 2959 839 3031 θελητὴς
876 2959 1056 3024 ἐλέους
1089 2962 1222 3016 ὲστί.
1264 2980 1283 3013 ι

462 3078 585 3147 Ὀτι
608 3092 786 3164 ἐγγὺς
815 3094 854 3161 ἡ
881 3092 1070 3163 ἡμέρα
1098 3094 1344 3160 Κυρίου,
1368 3095 1467 3149 καὶ
1498 3095 1579 3162 ὡς
1606 3097 1976 3165 ταλαιπωριά

2074 589 2202 627 num
2263 589 2452 644 pinnas
2475 574 2742 637 dabimus,
2766 571 2961 626 merito
2984 570 3251 625 clamante
3276 570 3383 624 Deo
3407 588 3420 624 :
3455 589 3474 621 ι
3502 567 3649 623 Nun-

2072 665 2201 736 quid
2236 667 2337 721 boc
2386 674 2469 721 est
2491 664 2775 736 jejunium,
2808 665 2950 734 quod
2998 662 3134 732 elegi
3168 661 3259 717 "?
3287 680 3306 713 ι
3356 661 3648 716 Abstinen-

2073 759 2202 813 dum
2237 758 2397 826 igitur
2428 759 2496 811 ab
2535 757 2905 827 improbitate,
2937 765 2990 810 et
3021 756 3274 809 mandata
3328 752 3650 823 legislatoris

2073 847 2441 901 exhaurienda
2471 856 2717 913 strenue,
2763 845 3212 914 dirigendumque
3239 858 3338 899 cor
3373 844 3441 898 ad
3487 857 3650 896 omne

2074 938 2168 995 Dei
2209 939 2626 1007 beneplacitum,
2687 947 2740 993 et
2779 939 2976 993 mentis
3047 938 3228 992 cervix
3289 936 3647 1005 subjicienda,

2073 1031 2516 1101 psallendumque
2556 1045 2620 1085 ac
2665 1031 3024 1085 dicendumzc
3081 1030 3213 1083 Vide
3288 1029 3649 1082 humilitatem

2074 1141 2250 1179 meam
2282 1139 2346 1178 ac
2379 1124 2616 1178 laborem
2669 1138 2868 1187 lucum,
2894 1132 2946 1176 et
2973 1122 3181 1176 dimitte
3213 1120 3393 1175 omnia
3430 1129 3647 1188 peccata

2076 1232 2191 1271 mea
2211 1216 2314 1269 ⁷³.»
2352 1214 2576 1285 Insuper
2624 1214 2752 1267 illud
2777 1213 3178 1283 propheticum:
3219 1213 3387 1266 «Ecce
3416 1227 3513 1264 nos
3571 1209 3645 1262 tui

2073 1311 2297 1368 erimus,
2337 1307 2463 1376 quia
2512 1316 2565 1359 tu
2618 1307 2871 1360 Dominus
2917 1306 3055 1359 Deus
3100 1314 3284 1359 noster
3333 1319 3411 1357 es.
3456 1324 3473 1355 ι
3524 1301 3649 1356 Haec

2073 1401 2213 1456 enim
2233 1399 2529 1469 spiritualis
2557 1409 2639 1453 est
2664 1399 2957 1463 oblatio,et
2980 1399 3154 1466 placet
3190 1399 3296 1453 Deo
3318 1412 3478 1466 super
3508 1397 3649 1450 vitu-

2074 1493 2181 1547 lum
2231 1493 2497 1548 novellqu
2524 1492 2591 1557 ⁷⁸,
2625 1511 2644 1543 ι
2672 1506 2833 1560 super
2877 1507 3072 1561 agnum
3101 1491 3165 1544 de
3198 1489 3471 1561 gregibus,
3489 1504 3651 1558 super

2075 1588 2287 1641 [nedum
2317 1586 2381 1639 de
2403 1585 2603 1653 capris,
2628 1598 2791 1650 super
2825 1582 2947 1636 thus
2978 1592 3032 1637 et
3057 1582 3309 1636 similam.
3341 1580 3649 1650 Spirituali-

2074 1678 2173 1733 bus
2198 1694 2429 1746 namque
2461 1675 2746 1730 sacrificiis
2780 1684 3076 1730 recreatur.
3101 1673 3518 1727 Sanctiticantes
3546 1687 3646 1724 au-

2079 1781 2185 1823 tem
2227 1770 2490 1839 jejunium
2559 1769 2911 1837 prmdicemus
2955 1765 3310 1831 curationem,
3356 1763 3472 1817 hoc
3526 1773 3650 1826 est,

2077 1864 2382 1919 divinarum
2425 1860 2759 1914 voluntatum
2819 1856 3203 1925 expletionem,
3234 1870 3395 1923 quam
3449 1853 3651 1908 decen-

2079 1966 2158 2009 ter
2189 1952 2538 2009 comitabitur
2588 1947 2872 2011 rectitudo,
2903 1962 3112 2000 morum
3165 1947 3553 2014 tractabilitas,
3584 1948 3651 1999 ad

2073 2045 2253 2099 omnia
2301 2053 2583 2113 promptus
2638 2056 2701 2094 ac
2756 2048 2976 2107 paratus
3025 2039 3273 2103 animus,
3315 2054 3652 2108 qmecuuque

2077 2136 2263 2207 pietati
2294 2144 2422 2189 sunt
2449 2134 2651 2188 allinia.
2690 2134 3059 2202 Exsequemur
3090 2146 3218 2185 vero
3259 2132 3446 2186 modos
3499 2147 3655 2185 cura-

2077 2228 2239 2283 tionis
2267 2226 2610 2297 congregatis
2642 2225 2694 2279 in
2724 2225 2969 2280 Ecclesia
3008 2225 3251 2291 senibus,
3284 2234 3335 2279 et
3379 2225 3653 2278 confluen-

2076 2321 2220 2375 tibus
2246 2318 2514 2374 universis
2548 2327 2748 2372 terram
2798 2318 3186 2385 habitantibus,
3214 2318 3653 2387 plorantibusque

2074 2414 2428 2468 vehementer
2466 2420 2573 2465 tota
2603 2410 2710 2476 die,
2745 2418 2800 2465 et
2835 2412 3221 2466 convenienter
3250 2410 3483 2475 allectis,
3515 2426 3651 2479 quo-

2075 2505 2219 2559 niam
2247 2503 2487 2558 omnium
2514 2505 2802 2559 miseretur
2834 2501 2975 2556 Deus
3006 2519 3019 2555 :
3052 2513 3135 2558 est
3165 2504 3308 2557 enim
3338 2520 3356 2553 ι
3409 2502 3653 2569 longani—

2076 2597 2202 2662 mis,
2231 2605 2286 2650 et
2315 2595 2497 2651 multa:
2528 2596 2908 2651 misericordiae
2937 2604 2991 2649 et
3017 2595 3294 2660 verax",i
3320 2601 3373 2649 et
3402 2594 3653 2648 auferens

2076 2688 2389 2758 iniquitates
2424 2689 2571 2753 ",et
2613 2704 2879 2757 superans
2901 2687 3141 2756 justitias
3167 2688 3267 2751 ",p
3297 2700 3471 2753 neque
3520 2700 3654 2739 con—

2075 2782 2251 2835 tineus
2284 2780 2417 2833 iram
2446 2794 2596 2833 suam
2626 2780 2677 2832 in
2706 2779 3070 2834 testimonium
3098 2792 3293 2833 natura
3323 2792 3441 2844 sua,
3465 2795 3482 2828 ι
3507 2775 3658 2843 Quo.

2078 2870 2224 2925 niam
2251 2870 2438 2927 volens
2473 2870 2899 2925 misericordiam
2939 2880 3023 2925 est
3053 2870 3155 2923 ⁷⁸.»

2152 3098 2314 3152 Vens.
2350 3096 2438 3158 l5,
2481 3095 2569 3151 16.
2603 3095 2864 3160 Quoniam
2891 3094 3051 3164 juxta
3073 3103 3149 3147 est
3180 3093 3291 3147 dies
3326 3092 3575 3155 Domini,
3606 3104 3657 3146 et

390 3185 459 3238 ἐκ
492 3185 889 3253 ταλαιπωρίας
928 3184 1081 3253 ἣξει.
1122 3184 1447 3240 Κατέναντι
1493 3187 1613 3241 τῶν
1650 3187 1974 3256 ὀφθαλμῶν

2077 3190 2228 3259 quasi
2265 3190 2478 3242 miseria
2517 3189 2582 3240 de
2606 3187 2819 3240 miseria
2845 3187 3030 3240 veniet.
3072 3187 3206 3239 Ante
3237 3185 3413 3239 oculos
3468 3195 3658 3239 vestros

391 3276 558 3346 ὑμῶν
582 3277 888 3347 βρώματα.
966 3276 1415 3346 Ἐξωλοθρεύθη
1467 3278 1537 3343 ἐξ
1589 3279 1763 3333 οἴκου
1826 3278 1974 3333 Θεοῦ

392 3367 561 3439 ὑμῶν
582 3370 953 3438 εὐφροσύνη,
973 3367 1072 3422 καὶ
1096 3367 1270 3437 χαρά.

463 3502 563 3556 lB'.
614 3500 857 3573 Ἦμέραν
902 3501 1109 3572 Κυρίου
1155 3504 1307 3573 φησὶ,
1346 3502 1467 3555 καθ’
1498 3501 1565 3574 ἣν
1597 3501 1705 3555 ἔδει
1736 3501 1975 3572 πληροῦ-

395 3595 519 3647 σθαι
540 3593 611 3647 τὰ
648 3593 708 3658 ἐξ
731 3594 922 3666 ὀργῆς,
958 3594 991 3665 ἢ
1022 3595 1120 3665 τῆς
1142 3595 1361 3664 ἀκρίδος
1391 3595 1575 3658 αὐτοῖς
1607 3594 1977 3665 ἐπενηνεγμέ-

393 3704 515 3758 νης,
547 3685 641 3740 καὶ
667 3687 737 3741 τὰ
768 3688 825 3739 ὲν
852 3687 1007 3758 ἀγρῷ
1036 3686 1383 3759 δαπανώσης,
1417 3688 1511 3739 καὶ
1549 3688 1628 3750 είς
1670 3686 1831 3757 λιμοῦ
1881 3687 1976 3739 καὶ

394 3778 603 3842 ἐνδείας
650 3778 972 3849 πεμπούσης
1017 3779 1268 3849 δείματα,
1319 3779 1411 3832 καὶ
1451 3779 1619 3850 αὐτὴν
1672 3778 1976 3848 ἐντιθείσης

391 3870 486 3925 τοῦ
520 3870 750 3925 θανάτου
787 3871 889 3943 τὴν
920 3872 1111 3936 πτόαν,
1143 3872 1312 3943 ῆγουν
1341 3870 1447 3924 τῶν
1478 3870 1836 3924 Βαϐυλωνίων
1877 3887 1977 3924 κα-

395 3960 794 4033 ταφθειρόντων
822 3963 1058 4027 ἅπαντα,
1091 3962 1281 4015 πόλεσι
1304 3979 1363 4016 τε
1396 3962 1491 4015 καὶ
1524 3961 1740 4033 κώμαις
1767 3964 1973 4032 ἐμφυο-

396 4054 591 4125 μένων,
637 4054 764 4109 ᾶλλο
796 4072 857 4109 τε
902 4055 990 4109 ἐπ’
1022 4055 1167 4127 ἄλλῳ
1209 4055 1736 4128 προσεργαζομένων
1779 4055 1971 4122 κακὸν,

393 4146 485 4199 καὶ
512 4145 885 4219 ταλαιπωρίαν
928 4149 993 4200 ὲκ
1024 4147 1400 4222 ταλαιπωρίας
1450 4146 1975 4218 προσεπιρμπτούν-

390 4255 499 4290 των
528 4238 615 4290 ἀεὶ
641 4239 909 4292 ἐνοικοῦσι
938 4238 1034 4311 τὴν
1076 4239 1199 4311 γῆν,
1234 4240 1307 4304 ὡς
1339 4238 1462 4310 μηδ’
1493 4240 1616 4292 ὅσον
1641 4241 1815 4293 εἰπεῖν
1838 4239 1974 4292 diva-

394 4330 624 4386 πνεῦσαι
651 4331 912 4386 δύνασθαι
942 4332 1137 4402 βραχὺ,
1180 4332 1272 4386 καί
1309 4350 1361 4386 τι
1390 4333 1478 4388 διὰ
1521 4334 1687 4405 μέσου
1722 4333 1974 4403 γενέσθαι

392 4424 649 4495 χρηστόν·
691 4424 776 4493 ἐφ’
808 4415 993 4495 ὧνπερ
1022 4419 1088 4495 ἢν
1123 4425 1290 4489 εἰκὸς,
1331 4425 1433 4479 κᾶν
1475 4426 1604 4495 γοῦν
1646 4426 1754 4480 ἀπὸ
1776 4426 1975 4499 μέρους

2079 3281 2350 3334 alimenta.
2392 3278 2613 3334 Sublata
2638 3291 2755 3334 sunt
2780 3280 2845 3332 de
2870 3279 3024 3332 domo
3074 3277 3168 3331 Dei
3196 3279 3347 3331 restri
3378 3278 3561 3332 lwtitia
3608 3286 3657 3333 et

2076 3370 2351 3441 gaudium.

2146 3504 2265 3560 Xll.
2298 3505 2450 3561 Diem
2493 3505 2703 3561 Domini
2740 3515 2917 3570 vocat,
2955 3520 3060 3575 qua
3093 3506 3187 3560 iraa
3236 3505 3352 3574 ejus
3396 3504 3657 3558 satisfieri

2074 3606 2308 3667 oportet,
2341 3606 2432 3652 aut
2460 3598 2665 3652 locusta
2700 3598 2832 3668 ipsis
2858 3598 3119 3661 immissa,
3148 3605 3202 3650 et
3232 3596 3412 3664 fruges
3444 3595 3493 3649 in
3527 3610 3659 3665 agro

2076 3689 2422 3756 depascente,
2448 3698 2502 3743 et
2530 3687 2691 3743 famis
2730 3696 2893 3755 atque
2930 3688 3170 3757 penuriae
3200 3687 3456 3741 horrores
3501 3685 3658 3740 incu-

2078 3780 2264 3844 tiente,
2325 3779 2608 3847 ipsumque
2675 3778 2865 3833 mortis
2918 3793 3171 3848 pavorem
3220 3778 3518 3842 inferente;
3563 3788 3656 3832 aut

2078 3869 2388 3941 Babyloniis
2414 3870 2595 3923 omnia
2644 3870 3001 3935 vastantibus,
3053 3868 3383 3937 urbibusque
3430 3878 3484 3922 et
3522 3868 3657 3923 vicis

2079 3963 2540 4025 incumbentibus.
2584 3972 2638 4016 et
2665 3963 2872 4017 cladem
2907 3961 3056 4017 clade
3102 3960 3521 4026 cumnlantibus,
3554 3960 3656 4014 mi-

2076 4056 2387 4124 seriamque
2414 4069 2481 4108 ex
2515 4054 2735 4110 miseria
2770 4054 3038 4125 indigenis
3087 4053 3650 4123 superadjicientibus,

2079 4159 2140 4203 ut
2174 4163 2240 4203 ne
2267 4148 2334 4202 ad
2358 4158 2613 4217 punctum
2644 4147 2861 4217 quidem
2905 4147 3165 4216 temporis
3214 4145 3428 4214 paulum
3478 4148 3653 4214 respi-

2080 4254 2203 4294 rare
2265 4249 2486 4309 queant,
2552 4247 2608 4294 et
2648 4240 2852 4293 interea
2927 4237 3129 4306 aliquid
3190 4237 3315 4292 boni
3389 4235 3501 4293 fiat.
3589 4234 3655 4289 Et

2077 4348 2291 4402 aequum
2349 4341 2467 4387 erat
2536 4331 2728 4386 saltem
2806 4345 2873 4385 ex
2925 4340 3078 4398 parte
3125 4339 3179 4383 et
3248 4330 3509 4385 mediocri
3567 4345 3660 4385 so-

2078 4423 2207 4477 latio
2270 4421 2508 4492 perfrui,
2549 4424 2641 4491 qui
2701 4430 2779 4475 tot
2846 4421 3204 4476 incommodis
3260 4436 3383 4476 sese
3463 4436 3659 4477 conse-

393 4517 620 4587 μετρίαν
664 4516 920 4571 δύνασθαι
973 4518 1303 4591 παραψυχὴν
1337 4518 1479 4589 ἔχειν
1510 4521 1635 4583 τοὺς
1672 4523 1737 4591 τῇ
1782 4521 1972 4591 συχνό-

2077 4514 2386 4583 quentibus'
2414 4513 2812 4567 intoleramlum
2864 4514 2916 4566 in
2942 4512 3157 4566 modum
3192 4512 3372 4568 affecti
3411 4512 3657 4569 fuissent.

391 4623 513 4676 τητι
558 4606 743 4662 λοιπὸν
800 4608 909 4661 τῶν
951 4608 1138 4663 κακῶν
1184 4611 1476 4681 ἁφορήτως
1520 4610 1970 4682 ὲντετηγμένους.

402 4698 619 4769 Ἐπειδὴ
661 4699 717 4752 δὲ
766 4700 1178 4771 πεπαινομένων
1202 4701 1310 4755 τῶν
1338 4700 1564 4773 καρπῶν
1596 4702 1717 4775 ἤδη,
1751 4704 1845 4757 καὶ
1883 4705 1974 4759 τὸν

388 4788 619 4857 ἀμῶντα
660 4788 847 4843 λοιπὸν
892 4791 1202 4845 καλούντων
1246 4793 1332 4862 ἐφ’
1377 4793 1591 4856 ἑαυτοῖς
1636 4792 1743 4846 τῶν
1782 4792 1975 4862 ληῖων,

393 4880 612 4952 βότρυός
641 4898 701 4934 τε
729 4884 1262 4955 καταπερκάζοντος,
1300 4885 1394 4939 καὶ
1437 4885 1762 4957 γλιχομένου
1795 4885 1975 4938 ἐκθλί-

389 4973 602 5037 ϐεσθαι,
634 4975 823 5043 γέγονέ
854 4994 956 5029 που
982 4977 1124 5047 τάχα
1144 4978 1244 5048 τῆς
1266 4978 1485 5049 ἁκρίδος
1503 4980 1537 5049 ἡ
1571 4979 1798 5051 ἐμϐολὴ,
1825 4978 1972 5051 Βρῶ·

394 5084 561 5135 ματα,
594 5069 781 5139 φησὶν,
808 5069 1181 5142 ἐξωλοθρεύθη
1224 5070 1284 5137 ἐξ
1306 5071 1595 5143 ὀφθαλμῶν
1624 5071 1826 5136 αὐτῶν,
1866 5066 1977 5125 οἷον

390 5160 759 5230 ἡρπασμένων
802 5162 913 5215 τῶν
947 5163 1006 5216 ὲν
1048 5164 1170 5234 ὄψει
1200 5165 1602 5235 γεγενημένων,
1643 5166 1978 5236 παρακειμέο

388 5268 494 5303 νων
525 5251 711 5324 ὥσπερ
739 5253 942 5320 αὐτοῖς,
990 5256 1084 5308 καὶ
1113 5255 1210 5327 τὴν
1249 5256 1550 5311 ἀπόλαυσιν
1576 5258 1808 5328 ἐχόντων
1844 5260 1977 5311 ἐτοι-

2078 4606 2144 4660 Ει
2173 4606 2296 4675 ιιιιξιι
2333 4604 2578 4674 frugibus
2627 4602 2787 4673 211
2814 4604 3065 4671 maturis,
3098 4615 3153 4658 et
3182 4605 3455 4673 segetibus
3521 4620 3659 4660 mes-

2072 4713 2252 4751 sorctn
2294 4695 2407 4766 jam
2458 4696 2799 4761 vocantibus,
2856 4704 2912 4749 et
2968 4710 3071 4748 uva
3120 4705 3270 4750 cocta
3342 4696 3652 4764 calcarique

2072 4789 2436 4852 desiderante,
2469 4786 2677 4842 locusta
2708 4786 2961 4841 celeriter
3000 4787 3142 4842 forte
3182 4787 3397 4857 irrupit,
3430 4788 3660 4842 alimen-

2075 4891 2123 4934 ta
2153 4881 2221 4935 ab
2257 4880 2431 4936 oculis
2459 4893 2647 4934 eorum
2688 4879 2867 4935 ablata
2915 4895 3035 4935 esse
3078 4880 3413 4950 pronuntiat,
3450 4879 3659 4934 velutsi

2074 4975 2297 5045 abrepta
2348 4973 2597 5039 fuissent,
2631 4988 2750 5043 quae
2786 4972 2839 5028 in
2877 4983 3169 5043 conspectu
3215 4982 3270 5028 et
3318 4981 3446 5027 ante
3477 4972 3664 5026 oculos

2077 5066 2180 5122 sibi
2223 5067 2420 5138 posita,
2446 5076 2501 5124 et
2556 5068 2622 5123 ad
2665 5067 2952 5123 fruendum
3026 5067 3261 5121 maxime
3308 5065 3362 5119 in
3411 5074 3660 5135 promptu

2076 5162 2411 5219 habuissent.
2473 5165 2661 5219 Denuo
2711 5162 2945 5237 alIirmat
2985 5163 3051 5218 de
3102 5164 3263 5217 domo
3306 5160 3518 5217 Domini
3562 5162 3661 5217 la:-

2075 5256 2247 5310 titiam
2308 5265 2363 5311 et
2427 5255 2686 5325 gaudium
2756 5256 3003 5326 periisse.
3065 5254 3461 5311 Sacrificabant
3514 5252 3660 5308 enim

390 5343 652 5414 μοτάτην.
694 5345 1018 5418 Ἑξῃρθῆναι
1060 5349 1118 5402 δὲ
1162 5348 1325 5403 πάλιν
1352 5348 1757 5404 διαϐεϐαιοῦται
1791 5351 1885 5403 καὶ
1914 5351 1974 5417 ἐξ

2075 5349 2567 5405 cmnexsultatione
2604 5349 2673 5405 de
2690 5348 2841 5404 uberi
2885 5348 3098 5417 frugum
3129 5353 3414 5414 proventu,
3467 5344 3655 5399 trade-

385 5433 537 5486 οἴκου
563 5434 767 5505 Κυρίου
793 5436 893 5507 τὴν
917 5438 1257 5512 εὐφροσύνην
1282 5443 1375 5495 καὶ
1396 5443 1495 5512 τὴν
1534 5442 1725 5513 χαράν.
1763 5442 1960 5496 Ἐθυον

2075 5442 2306 5512 bantque
2320 5458 2379 5498 se
2397 5440 3314 5511 bilaritatilomnimodis,gratiarum
3333 5452 3554 5492 munera
3576 5437 3663 5490 de-

388 5524 519 5594 γὰρ,
538 5526 659 5590 ταῖς
692 5526 751 5594 ἐξ
791 5528 975 5600 ἀγρῶν
1010 5530 1337 5604 εὐκαρπίαις
1379 5534 1828 5605 ὲπαγαλλόμενοι,
1871 5533 1963 5587 καὶ

2075 5535 2481 5606 uicantes,quod
2507 5544 2663 5591 terrae
2690 5536 2846 5593 bonis
2876 5533 3082 5589 affatim
3110 5531 3424 5589 circumfusi
3457 5539 3659 5589 essent.

464 5724 508 5755 ⁷²
538 5723 701 5810 Ζιιειι.
738 5717 917 5810 νιιηξ.
995 5730 1041 5762 ⁷³
1072 5730 1214 5810 Psal.
1256 5752 1401 5804 xxiv,
1434 5738 1516 5791 l8.
1592 5736 1638 5768 "
1670 5735 1811 5792 Psal.
1867 5751 1969 5791 LXV

2094 5736 2183 5793 52.
2262 5738 2306 5770 ⁷⁸
2341 5737 2481 5795 Psal.
2508 5752 2604 5802 cu,
2646 5738 2698 5795 8.
2776 5735 2822 5767 ⁷⁸
2853 5733 3023 5791 Exod.
3092 5749 3279 5799 χχχιιι,
3318 5734 3373 5789 7.
3446 5734 3491 5766 ⁷⁷
3514 5732 3657 5789 Psal.

393 5806 573 5863 Lutv,
609 5799 659 5851 5.
768 5801 813 5831 ⁷⁸
841 5799 978 5856 Osce
1013 5816 1084 5868 vr,
1122 5803 1185 5857 6.
