4132 6370
512 347 610 402 551

508 558 574 612 ὲκ
603 563 707 631 γῆς
737 563 982 631 ἀγαθοῖς.

1523 361 1583 416 S.
1622 361 1897 417 CYRILLI
1937 362 2407 424 ALEXANDRINI
2445 370 2768 432 ARCHIEP.

508 466 636 529 τοὺς
655 466 754 530 τῆς
781 468 1121 543 εὐφροσύνης
1144 475 1380 545 τρόπους
1405 479 1730 553 ἐπετήδευον
1751 482 2096 548 ἀνατιθέντες
2132 484 2201 538 τά
2234 491 2588 562 χαριστήρια,
2632 494 2721 549 διά
2747 513 2829 549 τοι
2869 497 2929 552 τὸ
2968 503 3310 572 περιχεῖσθαι
3351 507 3620 573 πλουσίως

3677 393 3782 453 552

3667 515 3782 578 τοῖς

579 658 843 717 Similiter
881 665 1065 720 evenit
1135 667 1201 724 iis
1241 670 1334 740 qui
1367 671 1419 726 in
1449 671 1726 729 Christum
1780 675 2076 744 petnlantis

2267 675 2591 748 Εὕρήσομεν
2611 679 2668 734 δὲ
2701 684 2944 738 τοιοῦτόν
2969 703 3020 739 τι
3059 688 3396 754 πεπονθότας
3442 694 3538 747 καὶ
3582 697 3781 764 αὐτοὺς

506 753 627 809 simi
679 759 1024 816 exstiterunt.
1064 763 1193 819 Fuit
1230 766 1373 821 enim
1417 767 1552 839 ipsis
1583 781 1710 826 ante
1753 771 1940 827 oculos
1981 771 2092 840 jam

510 863 530 897 ι
556 849 709 916 panis
745 851 898 908 vivus
953 855 1041 924 qui
1077 856 1143 912 de
1173 859 1315 914 etelo
1356 861 1660 931 descendit,
1693 875 1748 921 et
1797 867 1890 921 dat
1927 869 2093 922 vitam

507 942 710 997 mundo
748 944 820 999 '9:
857 965 878 1000 ι
906 963 1138 1018 granum
1169 951 1358 1018 tritici,
1379 955 1521 1024 quod
1556 956 1765 1026 lapsum
1798 959 1852 1014 in
1892 969 2092 1016 terram

507 1035 859 1106 multiplicem
907 1040 1144 1098 fructum
1181 1046 1404 1116 protulit
1429 1047 1498 1116 “;
1524 1050 1705 1106 vinum
1745 1055 1888 1122 quod
1914 1065 2096 1111 mente

503 1130 764 1197 cernitur,
807 1141 861 1187 et
913 1149 1010 1190 cor
1052 1134 1289 1194 hominis
1351 1139 1625 1197 Iaetilicare
1679 1145 2089 1203 consuevit”.

502 1221 610 1278 Sed
645 1225 770 1293 quia
834 1241 939 1280 non
997 1228 1322 1286 destiterunt
1359 1231 1416 1286 in
1455 1234 1928 1293 incredulitatibus
1977 1238 2091 1294 suis

499 1315 881 1370 contumeliam
918 1318 1116 1385 facere,
1151 1321 1220 1375 ab
1259 1336 1447 1376 eorum
1488 1335 1802 1396 conspectu,
1847 1336 1902 1381 et
1961 1337 2082 1382 tan-

497 1423 659 1477 qnam
685 1425 716 1464 e
743 1411 919 1466 medio
961 1413 1137 1469 ablata
1166 1428 1291 1470 sunt
1324 1419 1506 1474 omnia
1542 1419 1801 1476 alimenta
1829 1422 2086 1492 spiritua-

497 1500 590 1567 lia,
653 1511 708 1557 et
748 1505 1010 1560 abscessit
1049 1506 1117 1562 ab
1149 1509 1228 1564 eis
1262 1511 1440 1566 omnis
1474 1511 1602 1567 boni
1644 1515 2082 1583 communicatio,

493 1594 765 1664 periitque
813 1611 845 1652 a
887 1596 1049 1654 domo
1081 1613 1268 1655 eorum
1318 1602 1504 1659 laetitia
1544 1614 1601 1661 et
1643 1608 1919 1678 gaudium.
1967 1608 2087 1664 Dati

495 1697 625 1742 sunt
662 1687 808 1743 enim
871 1690 928 1745 in
973 1691 1384 1762 desolationem,
1415 1705 1470 1752 et
1514 1697 1568 1754 in
1625 1715 1865 1754 aerumna
1921 1700 2087 1756 relin-

392 1776 396 1780 ⁷
494 1791 756 1848 quuntur,
792 1796 894 1835 nec
937 1797 1119 1853 regem
1159 1783 1448 1854 habentes,
1485 1803 1586 1844 nec
1638 1790 2086 1860 principem,’nec

495 1871 850 1937 sacriﬁcium,
890 1889 990 1929 nec
1030 1874 1221 1941 altare,
1250 1892 1348 1932 nec
1395 1880 1753 1948 sacerdotem,
1784 1896 1881 1937 nec
1904 1883 2082 1936 mani-

493 1966 630 2021 festa
666 1967 734 2024 ⁸¹.
787 1968 907 2024 Alio
943 1969 1068 2024 item
1095 1972 1253 2026 modo
1273 1973 1342 2027 ab
1387 1973 1558 2030 oculis
1599 1989 1787 2030 eorum
1823 1975 2078 2030 alimenta

2196 764 2260 838 δὴ
2296 768 2533 838 μάλιστα
2577 773 2707 837 τοὺς
2760 777 2841 840 είς
2875 777 3112 848 Χριστὸν
3159 787 3648 856 πεπαρῳνηκότας.
3680 791 3779 845 Γέ-

2196 873 2324 926 γονε
2345 859 2447 929 μὲν
2473 860 2584 934 γὰρ
2612 865 2798 928 αὐτοῖς
2829 868 2888 920 ἐν
2909 867 3210 940 ὀφθαλμοῖς
3234 872 3335 944 ήδη
3360 891 3479 939 πως
3515 896 3532 928 ι
3561 879 3587 930 ἐ
3618 880 3780 951 ἄρτος

2195 949 2297 1016 τῆς
2335 949 2501 1022 ζωῆς,
2540 955 2570 1007 6
2601 954 2661 1020 ἐξ
2696 957 2930 1028 οὐρανοῦ
2977 961 3222 1026 καταϐὰς
3245 1003 3260 1028 ,
3294 965 3388 1019 καὶ
3431 965 3574 1039 ζωὴν
3605 949 3778 1038 διδοὺς

2194 1041 2274 1113 τῷ
2302 1043 2494 1116 κόσμῳ
2522 1084 2538 1111 ,
2585 1065 2604 1098 ι
2650 1049 2679 1101 6
2720 1048 2922 1114 κόκκος
2951 1050 3047 1105 τοῦ
3077 1053 3246 1120 σίτου,
3281 1057 3310 1108 6
3331 1057 3512 1111 πεσὼν
3541 1061 3624 1122 είς
3653 1063 3775 1133 γῆν,

2195 1136 2290 1188 καὶ
2327 1136 2618 1204 πολλοστὸς
2643 1141 2873 1212 ἀναφὺς,
2913 1143 2942 1196 6
2967 1144 3156 1215 νοητὸς
3184 1141 3345 1212 οἶνος,
3375 1150 3403 1201 6
3432 1151 3657 1222 καρδίας
3685 1155 3779 1208 ἀνε-

2195 1226 2432 1299 θρὼπων
2465 1234 2884 1305 κατευφραίνειν
2907 1236 3084 1300 εἰδώς.
3137 1238 3355 1313 Ἐπειδὴ
3395 1241 3452 1295 δὲ
3491 1244 3552 1297 οὐ
3597 1245 3776 1299 διαλε-

2191 1321 2411 1377 λοίπασι
2447 1329 2570 1390 ταῖς
2615 1328 2923 1392 ἀπειθείαις
2975 1331 3308 1404 ὑϐρίζοντες,
3344 1337 3570 1407 γέγονεν
3594 1342 3776 1406 αὐτοῖς

2191 1419 2250 1487 ἐξ
2277 1420 2589 1493 ὀφθαλμῶν,
2627 1424 2722 1478 καὶ
2746 1418 2859 1479 οἷον
2894 1428 2959 1480 ἐκ
3005 1429 3170 1499 μέσου
3223 1429 3488 1503 βρώματα
3528 1451 3774 1506 πνευμα-

2189 1511 2338 1568 τικά.
2383 1512 2818 1586 Ἀποπεφοίτηκε
2850 1517 2958 1589 γὰρ
3007 1520 3189 1575 αὐτῶν
3232 1524 3266 1592 ή
3317 1525 3518 1589 παντὸς
3566 1526 3773 1594 ἀγαθοῦ

2191 1603 2428 1674 μέθεξις.
2471 1606 2726 1680 Ἐξῇρται
2754 1609 2810 1663 δὲ
2865 1613 2959 1664 καὶ
2995 1611 3055 1677 ἐξ
3108 1612 3261 1667 οἴκου
3299 1615 3396 1668 τοῦ
3427 1619 3558 1688 παρ’
3590 1618 3774 1683 αὐτοῖς

2188 1698 2515 1772 εὐφροσύνη,
2562 1703 2655 1756 καὶ
2696 1705 2859 1776 χαρά.
2901 1705 3152 1760 Δέδονται
3199 1707 3310 1780 γὰρ
3345 1709 3425 1773 είς
3469 1711 3770 1782 ἐρήμωσιν,

2187 1791 2282 1845 καὶ
2310 1791 2645 1849 διατελοῦσιν
2685 1799 2732 1850 οἱ
2757 1797 2986 1862 τάλανες
3030 1801 3131 1854 οὐκ
3163 1800 3318 1866 ὄντος
3345 1803 3610 1874 βασιλέως
3653 1805 3773 1860 οὐδὲ

2185 1884 2468 1956 ἄρχοντος,
2492 1888 2592 1942 οὐκ
2610 1888 2779 1960 οὔσης
2805 1888 3016 1956 θυσίας,
3042 1893 3162 1946 οὐδὲ
3185 1893 3338 1958 ὄντος
3364 1894 3770 1968 θυσιαστηρίου,

2186 1972 2309 2027 οῦτε
2347 1975 2557 2048 ἱερέως,
2586 1976 2709 2030 οὔτε
2739 1978 2934 2051 δήλων.
2965 1982 3072 2035 Καὶ
3109 1982 3231 2036 καθ’
3260 1983 3446 2056 ἕτερον
3477 1985 3533 2037 δὲ
3569 1986 3772 2058 τρόπον

491 2066 548 2113 et
579 2053 843 2126 laetitiam,
879 2070 936 2116 et
987 2062 1241 2132 gaudium
1292 2064 1470 2122 ablata
1511 2080 1632 2122 esse
1681 2067 1934 2122 dicimus.
1991 2068 2076 2123 Ait

2185 2039 2482 2139 ἐξῃρῆσθαί
2514 2085 2694 2140 φαμεν
2713 2039 3092 2142 ὲξόφθαλμῶν
3122 2072 3303 2128 αὐτῶν
3331 2039 3402 2130 τά
3419 2093 3479 2129 τε
3505 2039 3773 2149 βρῶματα

488 2149 634 2211 enim
685 2152 1018 2207 Dominnszt
1065 2151 1180 2209 Non
1226 2156 1278 2210 in
1325 2159 1442 2212 solo
1507 2173 1649 2226 pane
1692 2160 1839 2215 vivet
1883 2160 2077 2228 homo,

487 2243 582 2296 sed
621 2243 674 2298 in
713 2243 860 2300 omni
899 2247 1081 2312 verbo,
1113 2250 1256 2317 quod
1311 2250 1555 2319 procedit
1597 2252 1662 2306 de
1711 2266 1807 2306 ore
1855 2251 1946 2306 Dei
1972 2252 2073 2306 ".i

487 2333 683 2390 Mentis
728 2347 908 2391 autem
946 2337 1098 2393 cibus
1141 2340 1359 2393 verbum
1405 2351 1510 2397 est.
1544 2341 1717 2398 Nemo
1747 2341 2081 2400 dubitaverit

485 2426 756 2485 aliirmare
773 2432 871 2486 hoc
887 2434 1382 2507 verbum,inquam,
1404 2454 1431 2492 a
1454 2439 1653 2495 Judaais
1670 2440 1904 2496 ablatum
1931 2458 2073 2510 esse,

486 2521 551 2571 ad
589 2519 824 2588 impiam
871 2525 1016 2579 enim
1054 2527 1348 2597 spiritualis
1380 2531 1648 2588 alimonia:
1681 2534 1878 2589 redacti
1912 2545 2073 2603 sunt;

485 2626 584 2664 nec
628 2613 826 2680 scripta
874 2614 1070 2687 Moysis
1106 2617 1523 2686 intellexerunt,
1579 2643 1598 2675 ι
1626 2625 1720 2679 sed
1765 2640 1934 2695 usque
1977 2628 2075 2682 ho-

483 2701 573 2755 die
623 2706 861 2772 positmn
913 2718 994 2763 est
1047 2712 1294 2767 velamen
1361 2730 1524 2782 super
1579 2731 1675 2771 cor
1725 2733 1913 2772 eorum
1943 2719 2010 2785 3’;
2050 2738 2069 2772 ι

481 2795 714 2850 oderunt
753 2798 1020 2866 siquidem
1063 2801 1262 2858 Christi
1299 2806 1540 2861 oracula.
1577 2806 1745 2862 Periit
1777 2810 1908 2879 ipsis
1955 2825 2073 2865 om-

482 2883 564 2936 nis
596 2900 720 2940 esca
761 2888 1085 2956 spiritualis;
1112 2909 1215 2947 non
1247 2895 1388 2963 quod
1427 2897 1536 2965 ipsa
1562 2899 1858 2966 perniciem
1913 2917 2072 2970 passa

481 2978 571 3041 sit,
596 2979 689 3032 sed
735 2982 859 3050 quia
898 2985 1073 3050 passis
1106 3001 1210 3039 non
1246 2988 1567 3054 apponitur;
1620 3000 1676 3044 et
1710 3003 1971 3060 quantmn
2017 2996 2069 3049 in

481 3069 615 3138 ipsis
647 3070 768 3138 fuit,
821 3073 960 3128 nulla
1005 3085 1090 3130 est
1143 3078 1373 3146 amplius
1416 3083 1659 3136 omnino.
1713 3082 1910 3139 Verum
1969 3085 2071 3141 Do-

482 3160 662 3216 minus
718 3163 771 3217 in
823 3179 885 3220 se
945 3169 1292 3226 credentibus
1348 3171 1570 3230 delicias
1642 3177 1972 3245 impertitur,
2017 3189 2072 3233 et

480 3251 648 3305 vitam
703 3252 900 3309 lautam
949 3272 1014 3312 ac
1077 3258 1360 3315 delicatam
1417 3263 1468 3317 in
1523 3266 1680 3320 bonis
1734 3267 2067 3325 coelestibus.

2183 2159 2279 2211 καὶ
2295 2157 2394 2229 τὴν
2413 2159 2773 2232 εὐφροσύνην,
2809 2164 2903 2216 καὶ
2936 2163 3034 2235 τὴν
3073 2166 3268 2236 χαράν.
3311 2166 3456 2239 Ἔφη
3485 2169 3582 2238 μὲν
3609 2169 3771 2240 γὰρσό

2181 2249 2386 2321 Κύριος
2412 2265 2426 2279 ·
2467 2272 2485 2303 ι
2518 2253 2632 2305 Οὐκ
2683 2253 2770 2305 ἐπ’
2803 2252 2953 2324 ἄρτῳ
3012 2255 3158 2325 μόνῳ
3193 2255 3416 2328 ζήσεται
3461 2257 3766 2331 ἄνθρωπος,

2181 2341 2297 2396 ἀλλ’
2343 2343 2401 2396 ἐν
2449 2344 2614 2398 παντὶ
2653 2347 2858 2416 ῥήματι
2901 2349 3320 2419 ἐκπορευομένῳ
3367 2349 3453 2404 διὰ
3503 2352 3768 2423 στόματος

2181 2435 2371 2490 Θεοῦ.»
2397 2436 2507 2490 Νοῦ
2530 2437 2586 2491 δὲ
2619 2437 2814 2508 τροφὴ,
2849 2436 3026 2507 λόγος.
3052 2440 3164 2493 υὺκ
3183 2440 3249 2494 ἂν
3277 2441 3323 2495 δ’
3357 2442 3649 2497 ὲνδοιάσειέ
3683 2461 3766 2509 τις

2178 2527 2339 2582 τοῦτο
2365 2528 2468 2600 τῆς
2509 2529 2782 2583 Ἰουδαίων
2812 2529 3053 2602 πληθύος
3102 2531 3332 2604 ὲξῇρθαι
3373 2533 3572 2603 λέγειν.
3598 2535 3766 2604 Γεγό-

2179 2638 2302 2674 νασι
2323 2620 2432 2693 γάρ
2449 2623 2506 2674 ὲν
2534 2621 2714 2692 ἐνδείᾳ
2739 2623 2948 2694 τροφῆς
2969 2624 3365 2696 πνευματικῆς,
3389 2625 3450 2678 οὐ
3476 2628 3763 2697 νενοήκασι

2178 2806 2409 2877 καρδίαν
2467 2807 2646 2859 αὐτῶν
2695 2811 2906 2862 κεῖται·
2939 2827 2957 2860 ι
3003 2811 3346 2882 μεμισήκασι
3390 2813 3496 2882 γάρ
3553 2809 3623 2864 τά
3666 2810 3761 2863 τοῦ

2177 2892 2416 2963 Χριστοῦ
2471 2893 2839 2966 θεσπίσματα.
2914 2897 3262 2970 Ὠλόθρευται
3318 2900 3501 2964 αὐτοῖς
3551 2902 3761 2972 πᾶσαή

2177 2987 2522 3059 πνευματικὴ
2565 2989 2762 3060 τροφὴ,
2793 2989 2893 3042 οὐκ
2926 2990 3064 3061 αὐτὴ
3093 2990 3340 3045 παθοῦσα
3381 2993 3470 3055 τὸν
3517 2993 3759 3062 ὀλεθρον,

2175 3076 2312 3130 ἀλλά
2333 3081 2446 3142 τοῖς
2469 3079 2794 3133 πεπονθόσιν
2818 3081 2918 3134 οὐκ
2946 3081 3028 3134 ἔτι
3068 3084 3475 3156 παρακειμένη,
3517 3086 3611 3138 καὶ
3639 3086 3762 3140 ὅσον

2172 3164 2309 3240 ἧκεν
2333 3169 2411 3234 εἰς
2433 3171 2695 3237 ἐκείνους,
2719 3172 2839 3225 οὐδὲ
2867 3173 3189 3244 ὑπάρχουσα
3219 3176 3518 3241 παντελῶς.
3573 3177 3711 3230 Ἀλλ’
3732 3179 3760 3231 ὅ

2173 3273 2238 3325 γε
2263 3256 2467 3329 Κύριος
2489 3261 2598 3323 τοῖς
2624 3263 2704 3324 είς
2724 3262 2886 3316 αὑτὸν
2912 3265 3226 3317 πιστεύουσι
3245 3265 3304 3319 τὸ
3327 3266 3525 3337 χρῆναι
3547 3271 3760 3339 τρυφᾷν

483 3341 754 3413 Scriptum
798 3357 885 3402 est
916 3351 1059 3405 enim
1096 3368 1110 3404 :
1147 3371 1166 3403 ι
1203 3353 1319 3408 Νοιι
1361 3358 1571 3413 occidet
1609 3358 1868 3416 Dominus
1925 3361 2069 3420 fame

2176 3348 2453 3420 διανέμει,
2510 3354 2604 3406 καὶ
2653 3355 2996 3426 ἐνσπαταλᾷν
3050 3357 3276 3425 ἀγαθοῖς
3347 3361 3460 3422 τοῖς
3531 3359 3756 3415 ἄνωθεν.

480 3432 716 3488 animam
776 3436 951 3506 justi;
1010 3442 1177 3496 vitam
1237 3455 1416 3500 autem
1481 3447 1770 3517 impiorum
1827 3454 2065 3509 subver-

482 3533 560 3577 tet
587 3524 653 3577 “.
695 3543 715 3578 ι

551 3613 714 3672 Vens.
736 3618 916 3686 17,18.
943 3621 1283 3681 Sattaverunt
1309 3630 1486 3684 vitula:
1510 3634 1560 3684 in
1584 3635 1905 3704 praesepibus
1927 3640 2061 3702 suis,

477 3709 718 3778 dissipati
742 3725 860 3766 sunt
891 3717 1144 3784 thesauri,
1187 3721 1416 3788 stt/fossa
1457 3733 1581 3776 sunt
1629 3726 1793 3796 212
1832 3729 2064 3783 torcula-

477 3800 580 3862 ria,
613 3802 736 3870 quia
773 3804 1061 3873 arefactum
1100 3819 1172 3862 est
1229 3811 1483 3866 triticum.
1548 3813 1687 3880 Quid
1755 3835 2062 3887 reponemus

477 3890 624 3944 nobis
644 3892 670 3945 ?
699 3893 950 3962 ﬂeuerunt
981 3910 1217 3953 armenta
1248 3901 1424 3964 boum,
1457 3905 1581 3972 quia
1625 3923 1727 3962 non
1792 3921 1939 3964 erant
1967 3928 2065 3982 pa-

474 3997 604 4035 scua
637 3984 737 4050 eis,
757 3993 807 4042 et
848 4002 1027 4057 greges
1049 3989 1220 4044 ouium
1258 3992 1632 4062 diiipsi-ierunt.

545 4159 682 4218 Xlll.
714 4161 888 4218 Etiam
936 4166 1111 4223 brutis
1155 4169 1523 4229 animantibus
1571 4174 1834 4233 divinitus
1890 4179 2061 4252 inspi-

474 4265 594 4308 rata
645 4255 922 4326 Scriptura
968 4274 1352 4331 nonnunquam
1402 4265 1666 4322 rationem
1703 4268 1928 4342 alIingit,
1971 4289 2062 4326 na-

473 4355 647 4402 turam
684 4364 861 4404 rerum
895 4351 1076 4420 lepore
1125 4355 1358 4422 quodam
1401 4366 1456 4411 et
1514 4359 1809 4417 fesdvitate
1865 4364 2059 4420 distin-

471 4451 664 4504 guens,
692 4447 748 4492 et
775 4440 931 4508 quasi
970 4441 1229 4496 moralem
1253 4459 1439 4500 eorum
1471 4453 1830 4507 oeconomiam
1852 4455 2060 4512 descri-

469 4525 626 4593 bens,
675 4543 795 4597 quae
845 4546 944 4586 nos
1017 4532 1316 4605 intelligere
1379 4553 1476 4606 par
1516 4551 1620 4597 est.
1679 4545 1881 4602 Deinde
1929 4551 2058 4619 quid

2170 3441 2485 3513 Γέγραπται
2516 3445 2646 3516 γὰρ,
2671 3447 2752 3499 ὅτι
2778 3465 2796 3497 ι
2832 3448 2908 3500 Οὐ
2942 3447 3322 3521 λιμοκτονήσει
3351 3449 3554 3522 Κύριος
3580 3450 3758 3522 ψυχὴν

2167 3530 2402 3598 δικαίου,
2437 3534 2580 3607 ζωὴν
2609 3536 2667 3589 δὲ
2697 3536 2912 3592 ἀσεϐῶν
2946 3539 3258 3612 ἀνατρέψει.
3298 3559 3318 3594 ι

2251 3626 2653 3696 Ἑσκίρτησαν
2669 3628 2961 3699 δαμάλεις
2983 3631 3082 3685 ἐπὶ
3103 3631 3235 3698 ταῖς
3255 3631 3509 3702 φάτναις
3533 3633 3752 3700 αὐτῶν,

2165 3719 2602 3789 ἠφανίσθησαν
2655 3722 2944 3790 θησαυροὶ
2969 3762 2984 3788 ,
3026 3724 3506 3795 κατεσκάφησαν
3551 3727 3751 3793 ληνοὶ,

2166 3813 2255 3866 ὅτι
2313 3813 2614 3883 ἐξηράνθη
2674 3805 2867 3883 σῖτος.
2924 3817 2986 3870 Τί
3031 3817 3423 3888 ἁποθήσομεν
3483 3819 3751 3886 ἑαυτοῖς;

2163 3905 2480 3961 ἔκλαυσαν
2497 3909 2799 3972 ,βουκόλια
2819 3908 3010 3978 βοῶν,
3056 3911 3146 3964 ὅτι
3179 3913 3291 3981 οὐχ
3328 3911 3566 3981 ὑπῆρχε
3592 3913 3748 3981 νομὴ

2163 3999 2390 4068 αὐτοῖς,
2418 4001 2514 4054 καὶ
2549 4000 2622 4055 τὰ
2646 4003 2894 4071 ποίμνια
2922 4002 3043 4058 τῶν
3071 4005 3380 4073 προϐάτων
3406 4005 3746 4074 ἠφανίσθη-

2164 4108 2306 4147 σαν.

2234 4185 2332 4240 1Γ’.
2367 4186 2476 4240 Καὶ
2503 4187 2616 4251 τοῖς
2638 4186 2855 4258 ἀλόγοις
2876 4186 2986 4242 τῶν
3011 4187 3168 4253 ζώων
3202 4187 3314 4242 ἔσθ’
3349 4189 3438 4242 ὅτε
3464 4188 3619 4257 λόγον
3651 4205 3747 4243 πε-

2165 4277 2433 4351 ριτίθησιν
2462 4281 2495 4352 ὴ
2539 4279 2900 4346 θεόπνευστος
2942 4281 3139 4352 Γραφὴ
3161 4321 3177 4346 ,
3207 4281 3304 4345 τὰς
3355 4281 3464 4334 τῶν
3493 4281 3745 4354 πράξεων

2162 4377 2352 4444 φύσεις
2376 4379 2457 4440 είς
2479 4377 2541 4430 τὸ
2585 4376 2779 4450 εῦχαρί
2818 4395 2876 4431 τε
2923 4379 3018 4431 καὶ
3051 4377 3284 4440 ἀστείως
3327 4377 3450 4448 ἕχον
3482 4377 3744 4448 ἐντέχνως

2159 4468 2624 4534 διαποικίλλουσα,
2650 4470 2743 4524 καὶ
2767 4463 2878 4523 οἷον
2899 4471 2956 4522 ὲν
2983 4468 3114 4522 εἴδει
3150 4469 3440 4541 γράφουσα
3477 4471 3574 4533 τὰς
3602 4470 3738 4522 olm-

2158 4561 2370 4630 νομίας,
2404 4557 2479 4616 ὧν
2503 4562 2569 4616 ἂν
2596 4562 2797 4634 πρέποι
2836 4564 2998 4617 νοεῖν.
3033 4558 3169 4615 Εἶτα
3212 4561 3266 4614 τί
3306 4561 3511 4633 θαῦμα,
3558 4561 3660 4616 κᾶν
3693 4562 3742 4613 εί

471 4616 688 4685 mirum,
720 4619 928 4676 etiamsi
974 4622 1140 4678 vitula
1191 4627 1404 4680 dicatur
1472 4630 1759 4702 aliquando
1821 4616 2052 4696 saltasse

2176 4616 2389 4724 id‘pul‘t';
2418 4652 2628 4722 λέγοιτο
2640 4616 2971 4725 ⁵διασκιρτρἱν
2989 4651 3170 4724 τυχὸν,
3198 4616 3430 4706 κλαῦσαί
3460 4669 3520 4706 τε
3552 4652 3740 4722 βουκό-

468 4707 788 4779 ﬂevisseque
821 4724 1063 4768 armenta
1109 4717 1306 4773 boum?
1353 4721 1751 4781 intolerandum
1806 4730 2051 4788 enim'in

470 4799 681 4820 ....,....Δ
720 4801 801 4820 ...κη
837 4816 853 4820 ᾼ
986 4819 991 4820 ,
1098 4808 1108 4820 .
1209 4818 1216 4820 _
1355 4811 1394 4820 ..
1619 4817 1631 4820 _

2231 4707 2241 4724 |
2370 4707 2386 4717 υ
2491 4707 2503 4722 ο
2838 4707 2850 4725 Ι
2915 4709 2928 4725 ο
3055 4707 3083 4724 l‘
3156 4707 3169 4717 ’
3552 4707 3562 4722 ι

2176 4763 2248 4798 ttat
2283 4745 2456 4815 βοῶν;
2523 4745 2838 4816 Ἀφορήτως
2891 4744 3020 4820 γὰρ
3055 4744 3195 4799 αὐτά
3231 4744 3618 4810 κατεπιέζοντο
3663 4744 3740 4814 τῷ

468 4799 687 4854 modum
718 4801 858 4856 fame
907 4808 1309 4873 premebantur.
1354 4811 1516 4869 Forte
1545 4817 1688 4872 enim
1721 4821 2055 4881 exsiliissent

2176 4799 2319 4908 ιιμῶ.
2357 4799 2511 4908 Tritia.
2543 4799 2781 4901 πῷς’›έαί
2809 4799 3207 4908 ἀνεσκίρτησαν
3235 4838 3320 4901 ἂν,
3349 4837 3443 4889 καὶ
3478 4836 3741 4906 τεθρηνή-

466 4901 523 4947 et
554 4893 850 4948 lamentata
881 4907 1061 4950 essent
1105 4899 1224 4969 ipsa
1259 4919 1410 4970 arva,
1447 4906 1493 4960 si
1521 4925 1684 4977 quam
1736 4913 2049 4988 intelligen-

2176 4893 2315 4984 toiciv
2343 4893 2522 5001 679,01,
2561 4932 2720 5000 εἴπερ
2747 4924 2816 5000 ἦν
2849 4893 3032 4992 αὐτοῖς
3061 4893 3314 5000 αιίσθησις
3345 4927 3456 4982 τῶν
3481 4929 3738 4998 ἐπενηνε-

467 4986 556 5041 tite
615 4997 822 5055 partem
857 4988 1242 5049 habuissent.¢
1279 4995 1532 5068 Dissipati
1584 5013 1711 5059 sunt
1763 4986 2046 5078 thesauri,

2176 4986 2432 5092 νμένιυν..⁸
2464 4986 2794 5091 ’ἀφανίσθαε
2818 5019 2877 5074 δέ
2924 4986 3056 5092 φησι
3087 4986 3396 5092 θησαυροὺς
3417 5061 3432 5086 ,
3468 5020 3565 5073 καὶ
3599 4986 3736 5072 κατ-

465 5078 659 5148 inquit,
692 5091 748 5136 et
798 5080 1026 5137 suffossa
1078 5086 1412 5157 toreularia;
1445 5109 1464 5143 ι
1528 5095 1743 5162 penitus
1805 5103 2046 5172 neglecta

2176 5078 2423 5181 ίσκάφθαι
2443 5078 2658 5181 ληνοὺς,
2698 5078 2953 5182 οὐδεμιᾶς
2982 5078 3086 5165 που
3109 5078 3252 5183 τάχα
3269 5078 3551 5184 ἔρροντίδος
3570 5110 3736 5180 ήξιω-

465 5172 714 5240 t‘orsitan,
744 5174 886 5244 quod
915 5175 1047 5230 nihil
1077 5191 1146 5231 ex
1195 5181 1341 5249 agris
1374 5183 1754 5257 colligeretur;
1787 5195 1880 5248 sed
1931 5195 2043 5251 l‘alx

2176 5172 2360 5269 ιένους,
2397 5172 2598 5257 διά-τοι
2618 5172 2685 5256 τὸ
2710 5172 2876 5274 μηδέν
2909 5172 2968 5271 ἐξ
2986 5172 3737 5276 ἀγρῶνισυλλέγεσθανι,ἀλλά

462 5264 634 5319 otiosa
667 5277 813 5322 esset
880 5267 948 5323 ad
996 5271 1212 5326 botrum
1270 5274 1322 5328 in
1363 5277 1539 5346 vinea,
1592 5283 1740 5351 spica
1783 5286 1836 5340 in
1899 5291 2043 5359 agris

2179 5264 2417 5368 ρεπάνην
2447 5297 2544 5367 μὲν
2568 5264 2871 5368 ἀπρακτεῖν
2893 5264 2994 5369 την
3104 5296 3336 5368 ἀμπέλῳ
3375 5264 3476 5350 ⁷καὶ
3509 5264 3697 5367 βότρυῖ
3720 5335 3736 5360 ,

465 5364 647 5424 utpote
679 5370 973 5429 prostrata,
1003 5364 1263 5433 aruisset,
1298 5382 1396 5423 nec
1430 5373 1497 5426 ad
1528 5377 1893 5432 maturitatem
1925 5397 2046 5450 per-

2178 5364 2311 5460 ηρὸν
2429 5364 2524 5442 καὶ
2579 5364 3010 5462 ἀτελεσφόρητον
3040 5364 3158 5453 τοῖς
3199 5364 3390 5461 ἀγροῖς
3436 5364 3735 5442 ἐπικλίνειν

462 5449 719 5505 venisset.
752 5452 874 5509 Ideo
896 5456 990 5523 ait,
1029 5475 1048 5508 ι
1083 5456 1221 5525 Quid
1257 5475 1583 5531 reponemus
1635 5469 1828 5526 nobis?
1853 5492 1871 5524 ι
1903 5449 2040 5540 Quia

2270 5482 2486 5552 στάχυν.
2515 5480 2698 5552 Ταύτῃ
2723 5449 2859 5551 φτίσὶ
2879 5449 3024 5535 ’.ιΤί
3054 5449 3401 5552 ἀποθήσομεν
3430 5481 3639 5542 ἑαυτοῖς
3662 5495 3678 5544 ;
3707 5497 3728 5530 ι

463 5550 668 5611 autem,
698 5553 759 5600 ut
805 5547 960 5616 dicit,
985 5565 1108 5606 cum
1148 5552 1416 5613 lructibus
1455 5560 1780 5632 mitioribus,
1813 5577 1868 5622 et
1913 5568 2045 5640 ipsae

2176 5573 2269 5627 Οτι
2297 5547 2474 5641 δὲξώς
2502 5572 2658 5645 ἔφην,
2674 5547 2795 5638 τοῖς.
2811 5573 2919 5628 τῶν
2945 5573 3178 5646 καρπῶν
3199 5547 3428 5647 ήμέῠροις
3451 5573 3545 5628 καὶ
3565 5569 3730 5626 αὐταὶ

536 5721 873 5809 “inaurari,
905 5727 994 5782 55.
1072 5729 1300 5809 ":Joan.
1334 5753 1431 5805 xu,
1471 5739 1564 5809 24,
1595 5741 1687 5799 25.
1763 5746 1828 5778 ⁸⁰⁶
1871 5745 2038 5805 Eccli.

2085 5766 2174 5817 XL,
2211 5750 2300 5806 9.0.
2379 5753 2420 5786 ⁸⁸
2454 5753 2585 5810 Dan.
2615 5768 2695 5822 ιιι,
2736 5751 2824 5808 38.
2903 5752 2949 5784 θ’
2981 5751 3171 5808 Matth.
3203 5767 3277 5819 tv,
3313 5751 3368 5807 ι.
3447 5748 3564 5805 "ll
3593 5748 3722 5806 Cor.

463 5805 548 5858 ιιι,
578 5792 660 5847 15.
738 5794 783 5826 ⁸³
807 5796 966 5852 Prov.
1003 5816 1054 5866 κ,
1097 5802 1150 5856 5.
