4132 6370
342 366 451 423 355

1235 361 1897 422 COMMENTARIUS‘IN
1933 361 2198 418 JOELEM
2241 362 2688 418 PROPIIETAM.

3508 369 3616 425 551

340 477 755 539 συνδιολῲλασιν
779 480 835 533 αί
855 478 954 549 τῆς
991 480 1200 567 ἐρήμου
1233 484 1383 547 πόαι,
1411 482 1735 553 καθίστησιν
1759 483 1921 553 ἐναρ-

2036 481 2337 537 solitudinis
2386 482 2570 537 herba:
2614 483 2913 549 perierunt,
2952 480 3174 550 subiicit
3213 482 3383 549 clare,
3430 484 3614 539 ovium

339 570 455 638 γὲς,
502 567 799 639 ἠφανίσθαι
847 569 1023 639 λέγων
1074 552 1173 625 καί
1215 573 1355 626 αὐτὰ
1388 574 1500 626 τῶν
1537 552 1830 643 προϐάτων
1856 552 1928 627 τὰ

338 660 590 730 ποίμνια,
618 658 765 730 λιμῷ
809 662 1031 727 πάντως
1072 664 1524 736 κατεφθαρμένα.
1555 664 1651 718 καὶ
1678 665 1777 735 τῆς
1803 681 1928 719 συν-

339 753 504 824 ήθους
521 754 615 807 καὶ
636 754 963 825 φιλαιτάτης
984 756 1169 819 αὐτοῖς
1184 756 1381 827 ὲστερη
1391 755 1528 826 μένα
1542 754 1706 827 ζωῆς.
1731 756 1928 825 Ἐφαρ-

342 846 495 917 μόσει
528 845 584 898 δὲ
614 847 707 899 καὶ
734 845 911 900 ταῦτα
934 847 1113 917 σοφῶς
1138 851 1259 912 ταῖς
1300 848 1569 902 Ἰουδαίων
1593 851 1924 919 συμφοραῖς,

337 938 386 990 οἳ
420 938 885 1007 πεπαρῳνήκασιν
908 939 989 1002 εἰς
1015 940 1272 1010 Χριστόν.

409 1029 567 1097 Πρός
587 1028 682 1093 σὲ,
712 1030 908 1098 Κύριε,
925 1030 1254 1101 βοήσομαι,
1278 1031 1367 1085 ὅτι
1394 1032 1514 1102 πῦρ
1541 1032 1827 1101 ἀνήλωσε
1857 1034 1928 1088 τὰ

337 1122 520 1190 ὡραῖα
539 1121 646 1191 τῆς
660 1122 903 1191 ἐρήμου,
933 1123 1031 1177 καὶ
1048 1123 1208 1192 φλὸξ
1230 1124 1431 1193 ἀνῆψε
1456 1124 1653 1178 πάντα
1678 1124 1751 1179 τὰ
1771 1126 1927 1189 ξύλα

338 1213 445 1268 τοῦ
486 1214 696 1284 ἀγροῦ,
725 1215 825 1269 καὶ
875 1217 949 1270 τὰ
984 1216 1174 1285 κτήνη
1200 1217 1306 1271 τοῦ
1329 1217 1542 1271 πεδίου
1580 1218 1930 1288 ἀνέϐλεψαν

342 1306 494 1375 πρὸς
521 1306 617 1369 σὲ,
650 1306 739 1360 ὅτι
771 1306 1200 1377 ἐξηράνθησαν
1241 1308 1488 1377 ἀφέσεις
1543 1309 1798 1377 ὑδάτων,
1830 1310 1927 1364 καὶ

341 1399 461 1466 πῦρ
486 1397 779 1468 κατέφαγε
803 1399 875 1453 τὰ
900 1399 1011 1468 τῆς
1040 1399 1286 1470 ἐρήμου.
1532 1460 1533 1463 η

412 1491 512 1545 ιε’.
544 1492 733 1563 Ὠραῖα
761 1493 860 1563 μὲν
884 1492 981 1562 τῆς
1005 1494 1215 1565 ἐρήμου
1240 1494 1375 1566 φησι
1395 1494 1465 1549 τὰ
1484 1495 1543 1549 ὲν
1564 1496 1768 1560 πεδίοις
1788 1498 1928 1567 τάχα

340 1602 445 1639 που
476 1587 588 1649 τοῖς
618 1585 903 1655 ἀνηρότοις
924 1586 1242 1656 αὐτομάτως
1278 1587 1630 1658 ἀναφυόμενα
1654 1605 1669 1621 ο
1698 1588 1830 1653 ξύλα
1864 1607 1927 1659 γε

344 1675 449 1747 μὴν
474 1676 569 1729 τοῦ
591 1676 787 1748 ἀγροῦ,
817 1678 886 1730 τά
907 1678 965 1730 ὲν
994 1678 1193 1749 κήποις
1223 1678 1318 1732 καὶ
1346 1679 1693 1751 παραδείσοις
1732 1681 1927 1751 εὐγενῆ

342 1767 717 1838 βλαστήματα,
750 1769 845 1822 καὶ
868 1770 989 1832 ταῖς
1016 1767 1076 1834 ἐξ
1100 1768 1258 1841 ὡρῶν
1278 1769 1609 1842 εὐκαρπίαις
1641 1773 1927 1843 περιανθί-

2030 589 2220 645 greges
2271 575 2568 639 interiisse,
2602 574 2747 629 fame
2792 584 3016 629 enectus
3054 575 3311 640 funditus,
3355 589 3617 631 consueto

2030 676 2082 720 et
2124 666 2435 734 gratissimo
2488 666 2729 737 ipsorum
2768 667 2910 723 victu
2957 669 3219 737 privatos.
3282 670 3407 725 lber:
3453 687 3617 743 porro

2030 774 2135 812 non
2192 758 2384 814 inscite
2433 759 2501 813 ad
2546 758 2854 817 Iudaeorum
2907 761 3247 816 calamitates
3297 761 3606 817 trahentur

2030 851 2121 920 qui
2154 849 2428 907 Christum
2464 852 2674 921 injuriis
2702 864 3055 908 vexaverant.

2101 1025 2265 1083 Vsus.
2301 1028 2390 1094 19,
2414 1027 2503 1082 20.
2536 1028 2620 1081 Ad
2660 1037 2728 1093 te,
2769 1018 3033 1095 Domine,’
3055 1029 3317 1093 clamabo,
3367 1032 3617 1099 quoniam

2034 1121 2170 1189 ignis
2222 1123 2543 1191 consumpsit
2574 1122 2807 1186 speciosa
2835 1121 3045 1187 deserti,
3080 1132 3126 1179 et
3150 1125 3369 1190 ﬂamma
3405 1140 3619 1177 succen-

2030 1215 2105 1266 dit
2140 1215 2315 1268 omnia
2345 1214 2491 1284 ligna
2528 1216 2667 1283 agri,
2695 1224 2741 1269 et
2782 1218 3025 1285 jumenta
3067 1217 3239 1284 campi
3272 1227 3617 1285 suspexerunt

2030 1309 2099 1359 ad
2128 1314 2198 1372 te,
2229 1308 2481 1377 quoniam
2527 1306 2776 1376 arefacta:
2819 1318 2940 1361 sunt
2979 1308 3282 1362 emissiones
3332 1326 3614 1379 aquarum,

2030 1410 2077 1455 et
2101 1401 2236 1469 ignis
2262 1401 2520 1453 deuorauit
2552 1401 2787 1468 speciosa
2819 1400 3033 1455 deserti.

2100 1493 2239 1547 XIV.
2274 1492 2533 1561 Speciosa
2579 1492 2780 1547 deserti
2814 1491 3050 1558 appellat
3093 1490 3341 1554 fortasse,
3389 1508 3508 1562 qua:
3561 1493 3613 1547 in

2031 1584 2239 1654 campis
2281 1600 2385 1639 non
2431 1584 2599 1639 aratis
2637 1592 2830 1654 sponte
2880 1594 3232 1639 enascuntur.
3264 1584 3431 1655 Ligna
3487 1600 3615 1639 vero

2031 1677 2170 1745 agri,
2207 1676 2488 1730 hortorum
2518 1686 2572 1731 et
2601 1675 2986 1730 viridariorum
3014 1677 3212 1731 nobilia
3252 1677 3495 1745 germina
3518 1717 3534 1741 ,
3561 1684 3616 1730 et

2032 1768 2352 1837 tempestiva
2417 1767 2688 1822 fructuum
2766 1771 2920 1839 copia
2958 1768 3350 1823 circumornari
3435 1766 3612 1822 solita.

341 1858 529 1924 ζεσθαι
552 1861 853 1929 πεφυκότα.
886 1860 1073 1915 Ταῦτα
1100 1860 1158 1914 δὲ
1187 1862 1245 1914 ὲν
1273 1861 1403 1914 εἴδει
1436 1863 1609 1934 πυρὸς
1640 1864 1928 1935 κατεδηδο·

2036 1856 2157 1911 I-lzec
2196 1857 2335 1910 velut
2374 1856 2552 1927 ignem
2590 1860 2881 1913 devorasse
2926 1857 3315 1926 propemodum
3352 1855 3616 1910 bruchum

341 1952 498 2005 κέναι
546 1953 710 2023 φησιν
763 1954 1047 2025 μονονουχὶ
1106 1952 1334 2026 βροῦχόν
1383 1972 1445 2008 τε
1501 1956 1595 2009 καὶ
1641 1956 1920 2029 ἐρυσίϐην.

340 2045 580 2098 Ποιεῖται
614 2045 672 2097 δὲ
703 2047 989 2116 χρησίμως
1036 2046 1136 2118 τὴν
1172 2047 1309 2118 πρὸς
1340 2048 1472 2101 Θεὸν
1523 2048 1688 2120 εὐχὴν
1710 2051 1927 2103 ἐκτενέ-

342 2152 533 2200 στατα,
556 2135 843 2201 διδάσκων,
875 2136 951 2201 ὡς
979 2136 1181 2208 ἥκιστα
1208 2138 1306 2208 μὲν
1337 2139 1467 2210 παρ’
1507 2140 1695 2210 ἑτέρου
1743 2140 1926 2209 ζητεῖν

341 2227 523 2297 δεήσει
568 2229 667 2299 τῆς
704 2230 988 2300 συμφορᾶς
1032 2228 1132 2301 τὴν
1180 2231 1503 2295 ἀπόστασιν,
1540 2233 1837 2303 προσάγειν
1870 2231 1928 2285 δὲ

346 2321 490 2392 μόνῳ
518 2319 597 2391 τῷ
626 2320 819 2384 σώζειν
848 2321 1085 2391 ἰσχύοντι
1106 2322 1205 2387 τὰς
1242 2322 1413 2390 λιτάς,
1444 2324 1537 2377 καὶ
1567 2324 1642 2387 ὡς
1669 2324 1727 2391 ἐξ
1756 2324 1929 2395 ὀργῆς

343 2415 602 2482 ἐπάγοντι
620 2413 689 2467 τὰ
720 2415 1054 2468 καταλυπεῖν
1087 2415 1334 2470 εἰωθότα.
1365 2416 1457 2487 Μὴ
1489 2417 1596 2487 γὰρ
1625 2416 1688 2488 δὴ
1727 2418 1927 2488 χρῆναι

344 2505 563 2573 φρονεῖν
589 2498 649 2555 εὖ
672 2502 818 2573 μάλα
838 2504 1000 2574 φησὶν
1028 2504 1347 2575 αὐτομάτως
1368 2522 1430 2557 συ
1438 2505 1639 2577 μὸἦναι
1661 2504 1731 2558 τὰ
1750 2506 1927 2559 τοιάδε

343 2593 454 2646 τῶν
484 2592 691 2660 κακῶν,
727 2594 1086 2665 ἐπενηνέχθαι
1114 2594 1172 2647 δὲ
1209 2594 1410 2665 μᾶλλον
1434 2595 1509 2658 ὡς
1541 2596 1606 2649 ἐκ
1636 2595 1796 2649 θείων
1829 2597 1928 2649 αὐ-

344 2687 458 2747 τοῖς
491 2684 835 2755 μηνιμάτων,
889 2686 985 2741 καὶ
1032 2686 1191 2740 τοῦτο
1222 2687 1387 2751 αὐτὸς
1421 2689 1553 2759 ἡμῖν
1596 2689 1625 2741 ό
1657 2688 1766 2742 τῶν
1792 2688 1930 2742 ὅλων

346 2776 478 2839 Θεὸς
506 2776 596 2830 διὰ
626 2778 811 2849 φωνῆς
844 2777 1030 2849 ἐτέρου
1061 2779 1344 2851 προφήτου
1397 2779 1593 2849 φησίνο
1625 2799 1645 2831 ι
1680 2780 1744 2832 Εἰ
1778 2779 1929 2834 ἔσται

348 2869 515 2922 κακία
546 2868 604 2923 ὲν
632 2869 806 2935 πόλει,
839 2870 907 2940 ἢν
940 2870 1147 2942 Κύριος
1191 2871 1291 2925 οὐκ
1323 2871 1602 2941 ἐποίησεν.
1634 2889 1653 2924 ›
1694 2871 1770 2925 Οὐ
1822 2870 1931 2942 γὰρ

336 2958 417 3013 ἂν
442 2960 651 3029 γένοιτό
672 2977 725 3013 τι
756 2960 865 3014 τῶν
891 2961 1095 3015 κακοῦν
1118 2962 1389 3016 εἰωθότων
1423 2963 1631 3029 πόλεις,
1664 2962 1698 3032 ἢ
1725 2961 1929 3035 χώρας,

349 3051 378 3103 ὃ
404 3051 693 3121 πράττοιτο
730 3052 796 3106 ἂν
822 3052 895 3124 μὴ
918 3044 1019 3107 οὐκ
1048 3055 1293 3123 ἐφιέντος
1313 3054 1470 3109 Θεοῦ.
1496 3054 1665 3120 Σώζει
1702 3057 1812 3128 γὰρ
1839 3055 1933 3119 οὒς

352 3144 418 3197 ἂν
442 3144 637 3211 ἕλοιτο,
669 3144 764 3198 καὶ
785 3145 1117 3200 ἀπαλλάττει
1137 3147 1342 3202 κακῶν.
1382 3148 1692 3203 Ἀναπείθει
1716 3144 1809 3202 οὖν
1823 3147 1932 3201 τῶν
1959 3198 2000 3218 ﬂ

1983 3229 2003 3254 ‘
2038 3248 2108 3287 ne
2185 3232 2276 3287 illa
2301 3230 2488 3301 procul
2520 3230 2717 3299 ejecta,
2751 3230 3007 3285 falsorum
3039 3229 3262 3284 deorum
3298 3246 3475 3300 opem,
3508 3248 3624 3287 ma-

351 3236 734 3308 λελυπηκότων
765 3238 865 3309 τὴν
895 3238 1047 3292 λύσιν
1079 3239 1263 3310 ζητεῖν
1296 3240 1449 3311 παρὰ
1492 3240 1651 3306 Θεοῦ,
1685 3242 1933 3312 ῥιπτοῦν-

351 3347 450 3393 τας
484 3330 703 3402 μακρὰν
727 3331 790 3385 τό
832 3348 896 3400 γε
931 3330 1140 3385 οἴεσθαι
1169 3333 1281 3385 δεῖν
1313 3332 1415 3401 τῆς
1440 3332 1549 3385 τῶν
1568 3332 1937 3403 ψευδωνύμων

351 3420 504 3473 Θεῶν
541 3421 744 3492 χειρὸς,
775 3421 869 3475 καὶ
896 3421 1221 3494 ἐπικουρίας
1252 3421 1538 3491 δεδεῆσθαι
1577 3422 1647 3475 τὰ
1693 3423 1812 3476 κατ’
1840 3424 1939 3477 αὐ-

352 3510 497 3573 τούς.
528 3530 546 3561 ι
579 3510 986 3582 Ἐξηράνθησαν
1020 3510 1109 3576 δὲ,
1148 3513 1314 3582 φησὶν
1334 3552 1348 3577 ,
1388 3511 1613 3580 ἀφέσεις
1663 3512 1889 3569 ὐδάτων.
1911 3532 1933 3564 ι

364 3602 552 3656 ’Υετοῦ
580 3602 691 3674 γὰρ
706 3604 807 3656 οὐκ
824 3604 1077 3675 ἄρδοντος
1095 3600 1194 3674 τὴν
1215 3602 1343 3672 γῆν,
1369 3603 1472 3657 καθ
1482 3604 1701 3674 ιεμένης
1721 3604 1778 3657 δὲ
1800 3603 1939 3675 πρὸς

351 3694 530 3765 τούτῳ
567 3694 668 3764 τῆς
701 3695 980 3765 ἐρυσίϐης,
1012 3694 1425 3766 ἐξωπλισμένης
1457 3695 1515 3750 δὲ
1552 3696 1645 3749 καὶ
1690 3695 1934 3765 ἁκρίδος,

353 3788 450 3841 καὶ
481 3785 711 3859 βρούχου
746 3785 1044 3857 πηδῶντος,
1073 3786 1169 3839 καὶ
1214 3775 1444 3858 κάμπης
1482 3786 1780 3858 ἑρπούσης,
1820 3786 1938 3851 πῶς

351 3879 419 3933 ἂν
459 3876 763 3948 ἀμφίϐολον
812 3872 881 3947 ἦν
915 3878 991 3940 ὡς
1021 3878 1237 3942 πάντως
1290 3878 1490 3949 οἴχοιτο
1534 3877 1600 3931 ἂν
1654 3879 1839 3943 αὐτοῖς
1868 3879 1938 3933 τὰ

352 3970 580 4043 ζωαρκῆ
624 3970 759 4041 πρὸς
806 3970 868 4022 τὸ
908 3970 1106 4041 μηδέν;
1155 3970 1679 4040 Καταφθειρομένης
1728 3969 1786 4023 δὲ
1842 3972 1939 4024 καὶ

354 4062 514 4127 πόας,
546 4063 699 4117 πᾶσά
748 4079 865 4125 πως
894 4062 1108 4132 ἀνάγκη
1137 4060 1232 4114 καὶ
1253 4061 1424 4132 κτήνη
1456 4059 1653 4114 παθεῖν
1694 4060 1788 4114 τὸν
1820 4060 1939 4114 ὄλε-

356 4155 503 4227 θρον.

438 4264 609 4336 Φαίην
626 4264 670 4317 δ’
689 4262 777 4330 ἂν,
792 4263 873 4318 ὅτι
890 4262 1031 4333 τάχα
1052 4279 1153 4315 που
1174 4262 1269 4316 καὶ
1296 4261 1594 4327 Ἰουδαίοις,
1611 4261 1669 4314 ὲν
1690 4261 1941 4333 ἐσχάτοις

354 4356 448 4409 τοῦ
480 4357 673 4418 αἰῶνος
710 4356 923 4426 καιροῖς
957 4354 1349 4425 ἐπιστρέφουσι
1372 4353 1511 4424 πρὸς
1550 4352 1704 4418 Θεὸν,
1735 4352 1939 4421 πρέποι

356 4449 423 4504 ἂν
458 4451 630 4501 εἰπεῖν
661 4449 761 4511 τὰς
790 4447 1005 4501 τοιάσδε
1047 4445 1252 4516 φωνὰς,
1288 4448 1410 4509 ταῖς
1457 4444 1564 4499 τῶν
1605 4444 1828 4513 ἀγαθῶν
1855 4445 1942 4496 ὲν-

2027 1959 2082 2006 et
2124 1951 2421 2020 rubiginem
2462 1959 2730 2005 autumat.
2780 1949 3156 2004 lntensissime
3212 1958 3394 2003 autem
3446 1947 3614 2001 Deum

2026 2051 2301 2114 precatur,
2354 2052 2408 2096 et
2475 2042 2700 2105 utiliter,
2735 2042 2919 2095 dicens
2982 2041 3204 2094 minime
3249 2040 3387 2107 apud
3450 2038 3616 2093 alium

2027 2134 2372 2203 quaerendam
2418 2134 2786 2203 depulsionem
2825 2133 3173 2199 calamitatis,
3205 2144 3261 2188 et
3285 2131 3383 2187 soli
3411 2130 3621 2201 suppli-

2028 2224 2256 2279 candum
2316 2223 2415 2288 illi,
2443 2223 2532 2292 qui
2568 2223 2797 2278 salutem
2855 2221 3048 2275 :til'erre
3084 2229 3279 2290 putest,
3324 2228 3379 2276 et
3440 2220 3616 2275 iratus

2030 2315 2310 2382 repellere,
2341 2329 2457 2383 quae
2485 2316 2682 2369 habere
2714 2314 3011 2367 molestiam
3039 2322 3454 2369 consueverunt.
3492 2312 3614 2367 Non

2029 2406 2172 2460 enim
2213 2407 2588 2475 cogitandum,
2635 2417 2688 2459 et
2734 2414 2879 2459 recte
2922 2421 3075 2472 sane,
3140 2404 3444 2474 hujusmodi
3476 2404 3615 2458 mala

2030 2511 2127 2567 per
2167 2513 2226 2551 se
2263 2498 2598 2566 contingere,
2635 2498 2727 2551 sed
2759 2512 2823 2551 ex
2860 2497 2936 2550 ira
2974 2496 3151 2552 divina
3180 2497 3359 2565 potius
3388 2494 3615 2560 inferri;

2033 2591 2085 2645 id
2111 2590 2253 2660 quod
2287 2589 2440 2643 nobis
2475 2589 2853 2643 universorum
2883 2588 3139 2642 Dominus
3182 2604 3273 2658 per
3304 2604 3366 2642 os
3394 2589 3621 2644 alterius

2031 2682 2308 2754 propheta:
2337 2681 2499 2751 213
2520 2680 2722 2735 indicat
2745 2698 2758 2734 :
2785 2698 2803 2731 ι
2840 2679 2897 2734 Si
2927 2681 3033 2733 erit
3074 2681 3269 2734 malum
3297 2681 3617 2746 incivitate,

2030 2773 2172 2843 quod
2204 2787 2309 2827 non
2350 2771 2480 2827 fecit
2526 2772 2784 2826 Dominus
2808 2772 2907 2824 ⁸³.»
2940 2770 3098 2827 Haud
3139 2773 3281 2826 enim
3325 2772 3620 2843 quidquam

2032 2882 2218 2923 corum
2244 2863 2439 2936 quibus
2466 2864 2710 2919 civitates
2734 2874 2787 2919 et
2834 2866 3082 2934 regiones
3135 2864 3467 2935 :illliguntur,
3511 2864 3623 2920 Deo

2033 2972 2138 3011 non
2171 2955 2493 3009 immittente
2524 2955 2785 3010 evenerit.
2817 2952 3015 3008 Servat
3047 2954 3191 3008 enim
3217 2970 3351 3023 quos
3384 2955 3497 3010 vult
3520 2998 3536 3023 ,
3565 2966 3623 3010 et

2037 3049 2297 3105 malsrnm
2353 3050 2619 3101 immunes
2662 3047 2857 3101 reddit.
2893 3044 3097 3101 Snadet
3134 3047 3299 3116 igitur
3338 3048 3623 3116 propheta,

2035 3156 2219 3196 eorum
2266 3144 2609 3209 quas;noceut
2644 3138 2914 3211 repulsam
2950 3153 2982 3192 a
3006 3138 3115 3192 Deo
3159 3147 3363 3208 petere,
3403 3137 3624 3211 Opinio-

2038 3341 2165 3381 num
2211 3333 2266 3379 et
2301 3322 2559 3379 auxilium
2590 3323 2643 3377 in
2676 3323 2790 3377 suis
2824 3321 2985 3377 rebus
3020 3321 3123 3377 sibi
3157 3334 3278 3377 esse
3326 3324 3622 3393 imploran-

2038 3420 2217 3474 dum.t
2246 3415 2513 3471 Arefactte
2541 3423 2687 3481 sunt,
2723 3414 2920 3485 inquit,
2949 3414 3268 3470 emissiones
3298 3430 3578 3485 aquarum.
3598 3435 3617 3468 ι

2036 3510 2224 3567 Pluvia
2252 3510 2449 3581 quippe
2474 3520 2672 3564 terram
2699 3522 2804 3562 non
2837 3506 3120 3576 irrigaute,
3142 3515 3200 3561 et
3223 3508 3460 3563 immissa
3489 3523 3628 3578 prae-

2041 3613 2185 3660 terea
2226 3602 2497 3672 rubigine,
2524 3609 2733 3656 armata
2768 3600 2895 3655 item
2926 3598 3158 3664 locusta,
3184 3605 3239 3652 et
3270 3599 3478 3653 brucho
3516 3599 3628 3655 sal-

2039 3707 2209 3766 tante,
2239 3706 2293 3752 et
2321 3710 2482 3753 eruca
2525 3703 2767 3764 repente,
2795 3693 3016 3762 quinam
3055 3690 3275 3745 dubium
3317 3698 3458 3757 erat,
3494 3692 3624 3762 quin

2040 3792 2175 3862 ipsis
2206 3790 2331 3844 vitae
2396 3788 2761 3843 sustentandae
2822 3783 3128 3840 necessaria
3162 3783 3403 3852 perirent
3444 3782 3627 3838 fundi-

2039 3876 2166 3932 tus?
2201 3874 2377 3931 Herba
2407 3884 2584 3930 autem
2610 3874 2934 3951 intereunte,
2955 3886 3175 3943 prorsus
3196 3881 3249 3926 et
3267 3870 3515 3941 iumenta
3540 3871 3625 3926 in~

2042 3972 2208 4027 terire
2238 3985 2460 4027 necesse
2489 3984 2629 4025 esse.

2112 4266 2350 4322 Dixerim
2389 4278 2570 4335 porro,
2599 4262 2833 4319 fortasse
2860 4276 2890 4317 a
2923 4259 3145 4327 Iudaeis,
3175 4260 3439 4315 extremis
3465 4274 3626 4313 mnn~

2043 4360 2096 4415 di
2150 4359 2486 4428 temporibus
2512 4356 2577 4410 ad
2606 4355 2889 4410 Dominum
2921 4352 3318 4409 revertentibus
3362 4352 3628 4409 bonorum

2045 4451 2225 4522 inopia
2272 4450 2472 4520 pressis
2500 4463 2555 4503 et
2600 4447 2966 4517 ejulantibus,
3015 4457 3138 4517 apte
3176 4447 3279 4501 dici
3322 4460 3480 4515 posse
3532 4447 3629 4500 hae

356 4545 527 4607 δείαις
561 4541 1022 4612 ἐντεθλιμμένοις,
1054 4541 1147 4593 καὶ
1175 4537 1597 4610 κατοιμὼζουσι.
1626 4537 1936 4607 Δεδαπάνη-

2049 4560 2227 4599 voces.
2278 4542 2610 4610 Consumpta
2650 4548 2778 4595 sunt
2803 4538 2977 4605 enim,
3009 4537 3163 4607 quasi
3199 4538 3266 4591 ab
3295 4536 3438 4605 igne,
3488 4534 3631 4605 ipso-

356 4655 444 4690 ται
462 4634 570 4703 γὰρ
588 4635 772 4696 αὐτοῖς
797 4633 871 4697 ὡς
894 4631 999 4686 ὑπὸ
1025 4631 1197 4702 πυρὸς
1219 4630 1289 4682 τὰ
1309 4632 1388 4693 είς
1413 4629 1538 4682 νοῦν
1563 4628 1764 4697 ἀγαθὰ,
1786 4628 1949 4699 ἀκρίς

358 4746 417 4781 τε
444 4726 582 4779 αὐτὰ
612 4725 775 4796 νοητὴ
804 4722 1153 4793 κατεδήδοκε,
1177 4721 1269 4774 καὶ
1290 4720 1669 4791 ὲξηράνθησαν
1697 4720 1944 4788 ἀφέσεις.

370 4818 705 4871 Ἐνετείλατο
734 4818 843 4887 γὰρ
874 4817 995 4877 ταῖς
1031 4812 1283 4882 νεφέλαις
1322 4812 1417 4865 τοῦ
1462 4810 1537 4882 μὴ
1568 4810 1758 4881 βρέξαι
1794 4810 1949 4862 ὑετὸν

357 4910 571 4981 ὲπὶτῆς
602 4911 726 4980 γῆς,
759 4908 903 4962 κατὰ
940 4908 1001 4961 τὸ
1026 4906 1203 4976 γένος,
1251 4905 1345 4958 καὶ
1386 4904 1609 4972 γέγονεν
1647 4902 1847 4965 ἂϐατός
1888 4918 1947 4955 τε

358 5002 452 5056 καὶ
504 5000 729 5072 ἄνυδρος
762 4999 835 5070 γῆ
856 5040 870 5063 ,
904 4999 1027 5070 ἣτις
1052 4998 1113 5050 οὐ
1154 4996 1635 5067 κατοικηθήσεται.
1673 4995 1860 5065 Ἦμῶν
1886 4994 1945 5047 δὲ

355 5090 420 5159 δὴ
472 5087 599 5160 πέρι
627 5087 737 5140 τῶν
772 5089 831 5140 ὲν
861 5088 1041 5139 πίστει
1092 5083 1529 5155 δεδικαιωμένων
1574 5083 1946 5155 προανεφὼνει

358 5180 512 5244 Θεὸς,
544 5180 641 5233 καὶ
654 5178 762 5232 τῶν
780 5178 868 5233 διὰ
891 5176 1131 5249 Χριστοῦ
1153 5176 1513 5250 χαρισμάτων
1537 5174 1947 5246 ἀμφιλαφεστά-

360 5289 459 5341 την
493 5272 713 5326 ἔσεσθαι
750 5272 849 5341 τὴν
900 5271 1165 5344 χορηγίαν
1218 5270 1507 5341 ὑπεδήλου,
1556 5268 1751 5338 λέγων’
1800 5286 1818 5319 t
1857 5266 1947 5320 Ἐν

359 5367 427 5434 τῇ
456 5364 639 5435 ἡμέρᾳ
663 5363 849 5435 ἐκείνῃ
870 5362 1238 5427 ἀποσταλάξει
1274 5361 1343 5415 τὰ
1371 5361 1472 5434 ὅρη
1492 5359 1827 5431 γλυκασμὸν,
1855 5360 1949 5413 καὶ

362 5459 412 5511 οἱ
437 5459 617 5531 βουνοὶ
637 5459 926 5529 ρυἠσονται
954 5456 1116 5524 γάλα,
1149 5456 1241 5509 καὶ
1258 5456 1429 5510 πᾶσαι
1450 5456 1507 5509 αί
1532 5454 1756 5524 ἀφέσεις
1776 5452 1949 5506 Ἰούδα

364 5551 659 5622 ρυήεονται
692 5549 858 5601 ῦδατα
883 5589 898 5613 ,
932 5550 1027 5602 καὶ
1053 5547 1206 5619 πηγὴ
1237 5547 1297 5612 ἐξ
1320 5548 1468 5602 οῐκου
1493 5546 1699 5619 Κυρίου
1731 5545 1946 5611 ἐξελεύ-

365 5661 539 5710 σεται,
564 5625 659 5697 καὶ
690 5643 867 5695 ποτιεῖ
889 5641 981 5694 τὸν
1008 5640 1348 5712 χειμάρρουν
1374 5640 1481 5693 τῶν
1509 5640 1757 5710 σχοίνων.
1788 5656 1807 5691 ι
1836 5638 1946 5691 Καὶ

438 5830 506 5863 ⁸³⁸
546 5832 709 5886 Amos
749 5844 833 5894 ιιι,
891 5826 946 5881 6.
1024 5826 1068 5858 ⁸⁵
1104 5824 1205 5881 Isa.
1249 5840 1299 5891 ν,
1334 5826 1391 5879 ti.
1468 5826 1513 5858 ⁸⁵
1570 5825 1705 5880 Ρειιι.
1737 5841 1865 5893 ιλιι,
1910 5825 1961 5879 5.

2046 4651 2164 4691 rum
2214 4636 2354 4690 bona
2392 4632 2581 4700 animi,
2607 4631 2816 4687 locusta
2846 4645 2966 4700 quae
2995 4639 3180 4684 mente
3209 4628 3514 4699 concipitur
3537 4627 3628 4682 illa

2046 4728 2349 4793 devoravit,
2378 4734 2433 4781 et
2455 4723 3123 4780 exarueruntemissiones
3145 4737 3437 4791 aquarum.
3471 4720 3626 4775 Man-

2047 4818 2195 4874 davit
2220 4816 2362 4872 enim
2397 4815 2636 4870 nubibus
2663 4829 2730 4869 ne
2759 4812 3005 4884 pluereut
3052 4812 3279 4867 imbrem
3324 4825 3488 4880 super
3520 4823 3628 4865 ter-

2047 4926 2187 4977 ram,
2212 4924 2308 4980 pro
2355 4922 2506 4963 more
2529 4917 2584 4962 et
2617 4914 2811 4960 natura
2851 4919 2946 4960 sua
2973 4905 3041 4971 ⁸⁸,
3098 4913 3153 4957 et
3198 4904 3339 4959 facta
3363 4914 3449 4959 est
3486 4912 3629 4958 terra

2047 5002 2192 5057 invia
2223 5011 2277 5056 et
2303 5001 2563 5068 inaquosa
2586 4996 2688 5064 ⁸⁸,ι
2719 5010 2839 5065 quae
2865 5010 2970 5049 non
3005 4994 3359 5049 habitabitur.
3406 4991 3480 5046 De
3535 5008 3635 5046 uu-

2049 5094 2135 5148 bis
2188 5102 2369 5146 autem
2403 5091 2455 5146 in
2490 5090 2591 5144 title
2617 5087 2935 5158 justiﬁcatis
2967 5083 3345 5156 praenuntiavit
3378 5082 3541 5148 Deus,
3575 5092 3631 5135 et

2048 5200 2147 5255 per
2178 5183 2453 5238 Christum
2482 5197 2578 5237 nos
2601 5180 2945 5235 charismatis
2973 5176 3345 5248 copiosissime
3371 5175 3630 5229 donatura

2054 5277 2117 5330 iri
2179 5275 2527 5344 signiﬁcavit,
2570 5272 2656 5327 his
2709 5271 2919 5327 verbis:
2952 5269 3048 5323 «Ιιι
3085 5268 3174 5323 illa
3208 5266 3294 5320 die
3353 5262 3636 5319 stillabant

2051 5378 2263 5423 montes
2305 5366 2643 5421 dulcedinem
2662 5405 2678 5427 ,
2706 5372 2762 5418 et
2787 5362 2950 5419 colles
2977 5360 3146 5415 ﬂuent
3169 5358 3342 5420 lacte;
3365 5365 3421 5409 et
3443 5368 3634 5408 omnes

2047 5459 2371 5516 emissiones
2430 5456 2564 5511 Juda
2640 5455 2805 5509 [luent
2874 5452 3051 5521 aquis,
3087 5457 3141 5503 et
3184 5446 3302 5501 fons
3348 5444 3417 5499 de
3470 5444 3633 5498 domn

2050 5549 2259 5606 Domini
2290 5548 2619 5619 egredietur,
2642 5558 2695 5602 et
2718 5542 2962 5613 irrigabit
2984 5547 3279 5595 torrentem
3310 5533 3623 5590 ίιιιιῑιιιιιεή

2047 5643 2186 5711 Quin
2252 5652 2306 5698 et
2338 5641 2539 5695 aliter:
2585 5656 2604 5690 ι
2650 5636 2764 5708 Ego
2806 5635 3067 5692 Dominus
3105 5631 3282 5696 Deus;
3322 5644 3421 5700 ego
3464 5641 3632 5683 exau-

2040 5824 2082 5856 ⁸⁷
2102 5807 2114 5817 ’
2131 5821 2245 5876 Joel
2301 5834 2381 5883 ιιι,
2432 5818 2517 5873 18.
