4132 6370
530 311 637 367 355

1527 307 1621 364 'S.
1660 307 1941 366 CYRILLI
1979 306 2452 367 ALEXANDRINI
2488 310 2815 371 ARCHIEP.

3702 323 3807 379 556

529 432 672 487 diam
706 445 804 488 eos
834 430 978 487 Deus
1000 430 1200 499 lsrael‘;
1222 446 1327 485 non
1343 430 1717 501 derelinquam
1740 446 1858 500 eos,
1874 434 1967 489 sed
1987 447 2086 504 ape

2188 490 2189 497 χ
2223 434 2330 508 μὴν
2362 435 2458 490 καὶ
2490 436 2693 507 ἑτέρως
2713 453 2727 467 ο
2762 454 2782 488 t
2810 436 2954 507 Ἐγὼ
2979 439 3183 510 Κύριος
3204 438 3233 493 ὁ
3252 439 3405 505 Θεὸς,
3438 441 3549 511 ἐγὼ
3573 443 3807 497 ἐπακούο

527 527 664 581 riam
701 527 755 580 in
798 526 1075 582 montibus
1122 524 1368 589 ﬂumina,
1406 533 1459 580 et
1499 525 1550 579 in
1582 526 1763 581 medio
1801 541 2113 595 camporum

525 617 721 681 fontes,
758 627 813 672 et
848 616 1047 670 faciam
1091 617 1367 673 desertum
1398 618 1448 671 in
1482 618 1726 688 paludes,
1754 628 1809 672 et
1840 618 2113 674 sitientem

524 717 722 763 terram
748 707 802 762 in
840 709 1193 791 aqumductus
1218 709 1320 765 ⁸⁸.»
1354 708 1409 763 1η
1446 709 1533 765 bis
1562 710 1745 779 itaque
1770 724 1868 764 nos
1900 722 2109 764 sumus.

521 799 676 865 Quod
712 799 756 853 si
792 800 859 853 ad
893 800 1270 868 paenitentiam
1304 816 1365 856 se
1411 801 1714 867 conferent,
1741 809 1793 855 et
1822 802 1990 855 Deum
2027 816 2114 856 re-

520 892 768 960 Spicient,
800 902 856 947 et
883 894 1066 949 dicent
1093 894 1258 949 etiam
1286 894 1410 963 ipsi,
1443 914 1463 945 ‹
1486 893 1567 949 Ad
1602 903 1654 949 te
1683 893 1983 962 clamabo,»
2015 910 2109 949 ac-

518 984 721 1052 cipient
751 1001 1014 1055 aquarum
1056 988 1405 1052 emissiones,
1435 995 1491 1042 et
1536 988 1789 1044 Itaurient
1830 988 2107 1043 nobiscum

517 1090 712 1146 aquam
760 1092 883 1147 quae
943 1080 1059 1134 sola
1107 1080 1463 1149 intelligentia
1504 1080 1738 1148 videtur,
1780 1081 1847 1134 de
1869 1079 2109 1136 fontibus

516 1168 817 1225 Salvatoris
840 1170 909 1236 ",
933 1171 1376 1242 potabunturque
1412 1182 1659 1229 torrente
1694 1174 1986 1243 voluptatis
2008 1174 2055 1206 ”
2075 1189 2107 1228 a

512 1261 626 1316 Deo
672 1262 853 1329 Patre,
882 1272 936 1319 et
980 1263 1183 1319 fontem
1218 1265 1344 1318 vitae
1386 1264 1440 1319 in
1500 1265 1755 1320 cordibus
1810 1265 2102 1320 habebunt.

510 1353 869 1425 Apponentur
889 1354 1018 1424 ipsis
1063 1354 1227 1409 etiam
1266 1356 1333 1409 ad
1364 1353 1586 1410 delicias
1611 1355 1858 1423 speciosa
1879 1355 2101 1422 deserti,

512 1445 565 1500 id
591 1456 692 1511 est,
721 1460 919 1516 pascua
960 1448 1099 1502 bona
1143 1455 1199 1501 et
1243 1446 1444 1516 ampla,
1476 1447 1851 1502 convertentia
1894 1462 1990 1503 eos
2035 1449 2101 1500 ad

509 1538 868 1606 cognitionem
893 1539 1130 1593 divinam
1159 1547 1215 1595 et
1242 1538 1773 1610 evangelicam,§qua:
1800 1539 1854 1594 in
1880 1538 2103 1596 Christo

509 1638 690 1683 mente
727 1629 1055 1699 concipitur.

1098 1961 1262 2034 214
1284 1960 1437 2017 CAP.
1466 1960 1530 2017 ll.

575 2074 736 2131 Vsus.
775 2074 908 2137 1,2.
963 2074 1149 2130 Canite
1197 2077 1321 2129 tuba
1388 2076 1445 2128 in
1485 2072 1642 2140 Sion,
1690 2074 1974 2140 prwdicate
2041 2076 2098 2131 in

500 2180 672 2223 monte
703 2181 883 2223 sancto
930 2185 1064 2231 meo.
1105 2179 1152 2223 et
1194 2170 1570 2223 conturbentur
1626 2182 1801 2221 omnes
1844 2169 2095 2223 habitan-

499 2272 574 2315 tes
603 2271 821 2325 terram,
884 2262 1133 2330 quoniam
1198 2262 1345 2313 adest
1391 2259 1503 2314 dies
1542 2260 1799 2323 Domini;
1844 2260 2095 2329 quoniam

497 2368 656 2422 prope
699 2362 773 2406 est
823 2352 936 2406 dies
981 2354 1315 2406 tenebrarum
1352 2363 1401 2405 et
1450 2351 1718 2421 caliginis,
1758 2352 1869 2404 dies
1931 2350 2088 2404 nubis

495 2456 547 2500 et
589 2446 809 2500 nebulw.

564 2557 686 2615 XV.
777 2558 1013 2615 Venuste
1087 2575 1219 2615 sane
1290 2574 1506 2615 rursum
1575 2560 1732 2615 nobis
1807 2560 1930 2614 belli
2008 2560 2089 2613 fa-

495 2652 608 2707 cies
675 2654 1019 2721 describitur,
1074 2664 1128 2707 et
1183 2668 1312 2708 vera
1391 2663 1475 2709 est
1517 2653 1832 2722 descriptio,
1874 2654 1987 2707 sive
2037 2653 2088 2707 in

494 2742 725 2807 locusta,
774 2744 889 2798 sive
982 2745 1035 2797 in
1095 2744 1303 2797 bruclto
1351 2741 1493 2799 forte
1552 2743 1908 2814 intelligatur,
1978 2745 2089 2801 sive

499 2838 623 2905 quis
693 2837 762 2889 de
843 2835 978 2905 ipsis
1059 2835 1371 2906 Babyloniis
1464 2837 1712 2907 accipere
1812 2836 2087 2890 maluerit.

494 2927 661 2993 Quasi
724 2925 869 2978 enim
920 2924 1059 2979 bello
1112 2924 1221 2993 jam
1278 2939 1373 2993 per
1447 2934 1631 2994 portas
1703 2925 1984 2995 ingresso,
2035 2932 2090 2979 et

491 3035 591 3089 per
653 3028 817 3071 totam
875 3017 1041 3071 ferme
1086 3015 1329 3081 Sionem,
1377 3032 1468 3072 seu
1514 3032 1611 3087 per
1647 3027 1813 3072 totam
1846 3016 2085 3072 Judaeam

2218 544 2383 597 σομαι
2422 528 2451 580 ὁ
2480 527 2612 592 Θεὸς
2647 528 2888 601 Ἰσραὴλ,
2924 514 3018 584 κάι
3049 531 3149 585 οὐκ
3180 533 3559 603 ἐγκαταλείψω
3587 534 3805 600 αὐτοὺς,

2216 619 2335 672 ἀλλ’
2382 619 2579 687 ἀνοίξω
2624 621 2851 674 ἐπὶτῶν
2893 621 3066 693 ὀρέων
3114 623 3416 692 ποταμοὺς,
3449 623 3545 676 καὶ
3567 624 3625 676 ὲν
3656 624 3806 695 μέσῳ

2213 714 2323 769 τῶν
2356 716 2553 768 πεδίων
2580 716 2661 779 είς
2682 714 2802 785 ἕλη,
2831 715 2927 769 καὶ
2950 714 3050 786 τὴν
3078 714 3320 784 διψῶσαν
3344 717 3448 786 γῆν
3472 717 3528 769 ἐν
3559 717 3806 789 ὑδραγω-

2214 809 2352 875 γοῖς.
2394 824 2412 857 ι
2443 805 2652 860 Οὐκοῦν
2680 807 2844 877 ἡμεῖς
2876 805 2973 876 μὲν
3007 807 3067 858 ὲν
3110 805 3343 869 τούτοις.
3379 806 3443 857 Εἰ
3473 804 3530 857 δὲ
3567 804 3630 876 δὴ
3658 804 3805 875 βαδί-

2213 898 2359 964 ζοιεν
2394 897 2530 970 πρὸς
2559 899 2922 968 μετάγνωσιν,
2956 898 3052 952 καὶ
3091 896 3449 967 ἀναὸλέψοιεν
3479 896 3615 967 πρὸς
3643 896 3798 955 Θεὸν.

2212 991 2423 1061 λέγοιέν
2444 1009 2504 1046 τε
2531 990 2627 1045 καὶ
2652 990 2833 1055 αὐτοὶ,
2860 990 3036 1061 «Πρὸς
3064 989 3146 1055 σὲ,
3168 989 3363 1060 Κύριε,
3386 989 3747 1060 κεκράξομαι,
3775 1008 3793 1039 ι

2210 1082 2469 1157 λήψονται
2488 1083 2590 1146 τὰς
2609 1081 2719 1135 τῶν
2745 1081 2956 1134 ὑδάτων
2977 1080 3226 1150 ἀφέσεις,
3250 1080 3577 1151 ἀντ-λήσουσί
3596 1096 3655 1133 τε
3679 1077 3800 1150 μεθ’

2171 1206 2187 1218 ο
2207 1173 2369 1245 ἡμῶν
2396 1173 2460 1227 τὸ
2476 1171 2623 1244 ὕδωρ
2642 1172 2705 1226 τὺ
2736 1172 2949 1245 νοητὸν,
2989 1173 3083 1227 καὶ
3113 1172 3179 1225 ἐκ
3206 1170 3314 1225 τῶν
3345 1171 3539 1242 πηγῶν
3576 1172 3670 1225 τοῦ
3694 1189 3801 1225 σω-

2206 1263 2397 1334 τηρίου
2428 1263 2873 1335 ποτισθήσονται,
2906 1263 3002 1317 καὶ
3023 1262 3116 1317 τὸν
3154 1263 3493 1335 χειμάρρουν
3534 1262 3636 1333 τῆς
3660 1280 3796 1333 τρυ-

2208 1358 2317 1428 φῆς
2339 1358 2493 1429 παρὰ
2526 1355 2621 1411 τοῦ
2643 1356 2777 1411 Θεοῦ
2803 1356 2897 1410 καὶ
2926 1357 3162 1427 Πατρὺς,
3197 1356 3294 1410 καὶ
3338 1353 3438 1423 τὴν
3475 1352 3659 1425 πηγὴν
3695 1353 3796 1422 τῆς

2206 1450 2355 1521 ζωῆς
2378 1448 2593 1517 ἕξουσιν
2613 1450 2671 1504 ὲν
2694 1449 2964 1520 καρδίαις.
2994 1448 3401 1520 Παρακείσεται
3420 1445 3480 1501 δὲ
3504 1445 3686 1507 αὐτοῖς
3712 1445 3793 1506 είς

2204 1541 2419 1614 τρυφὴν
2452 1542 2548 1596 καὶ
2573 1539 2645 1595 τὰ
2672 1541 2852 1611 ὡραῖα
2903 1541 3001 1610 τῆς
3054 1542 3267 1612 ὲρήμου
3291 1580 3308 1604 ,
3340 1537 3608 1603 τουτέστι,
3650 1537 3792 1607 νομὴ

2202 1635 2345 1708 καλὴ
2392 1635 2487 1689 καὶ
2526 1626 2884 1705 ἀμφιλαφὴς,
2912 1634 2993 1697 είς
3024 1632 3224 1701 γνῶσιν
3267 1631 3468 1695 αὐτοὺς
3514 1629 3790 1701 ἀποστρέ-

2203 1746 2379 1799 φουσα
2413 1728 2514 1799 τὴν
2559 1728 2618 1783 ἐν
2646 1726 2869 1798 Χριστῷ
2898 1727 3198 1799 νοουμένην
3241 1725 3392 1780 θείαν
3413 1741 3473 1777 τε
3495 1726 3590 1778 καὶ
3623 1722 3791 1790 εὐαγ-

2127 1805 2170 1861 B
2200 1821 2451 1889 γελικῆν.

2810 1954 3067 2009 ΚΕΦΑΛ.
3109 1953 3185 2008 B'.

2269 2071 2614 2127 Σαλπίσατε
2637 2069 2927 2141 σάλπιγγι
2951 2068 3022 2121 ἐν
3040 2065 3213 2132 Σιὼν,
3242 2063 3542 2134 κηρύξατε
3573 2062 3643 2116 ἐν
3660 2062 3782 2131 ὄρει

2196 2165 2343 2235 ἁγίῳ
2382 2180 2520 2233 μου,
2557 2162 2656 2217 καί
2697 2158 3184 2231 συγχυθήτωσαν
3227 2157 3451 2222 πάντες
3490 2156 3544 2208 οἱ
3584 2169 3781 2207 κατοι-

2196 2256 2448 2321 κοῦντες
2476 2257 2595 2323 τὴν
2636 2250 2771 2324 γῆν,
2825 2251 2976 2305 διότι
3004 2249 3298 2320 πάρεστιν
3324 2245 3516 2318 ἡμέρα
3538 2246 3778 2313 Κυρίου,

2195 2348 2284 2401 ὅτι
2312 2347 2493 2418 ἐγγὺς
2518 2346 2709 2416 ἡμέρα
2736 2346 2999 2409 σκότους
3037 2341 3136 2396 καί
3167 2341 3418 2413 γνόφου,
3465 2339 3657 2407 ἡμέρα
3686 2352 3782 2390 νε-

2193 2440 2387 2509 φέλης
2414 2440 2515 2494 καί
2548 2440 2824 2510 ὁμίχλης.

2265 2557 2365 2612 lE'.
2396 2556 2673 2628 Γράφεται
2694 2555 2757 2625 δὴ
2797 2553 2961 2608 πάλιν
2994 2550 3225 2617 ἀστείως
3252 2552 3386 2623 ἡμῖν
3412 2549 3509 2603 τοῦ
3539 2546 3777 2618 πολέμου

2190 2648 2253 2702 τὸ
2277 2648 2483 2720 σχῆμα.
2517 2648 2618 2718 Εῐη
2657 2646 2702 2699 δ’
2744 2644 2812 2700 ἂν
2837 2647 2932 2699 καὶ
2964 2646 3052 2699 ἐπ’
3076 2646 3282 2716 ἀμφοῖν
3315 2641 3514 2712 ἀληθὲς
3539 2679 3555 2703 ,
3598 2639 3700 2693 κᾶν
3728 2640 3776 2690 εί

2191 2741 2279 2795 ἐπ’
2331 2740 2552 2811 ἀκρίδος
2603 2739 2696 2792 καὶ
2736 2737 2967 2809 βρούχου
2999 2738 3162 2809 τυχὸν
3216 2738 3410 2798 νοοῖτο,
3443 2733 3547 2787 κᾶν
3595 2734 3645 2785 εί
3689 2732 3775 2783 ἐπ’

2191 2833 2372 2886 αὐτῶν
2402 2832 2576 2886 ἓλοιτό
2601 2849 2686 2895 τις
2716 2831 2827 2885 τῶν
2849 2831 3228 2885 Βαϐυλωνίων.
3288 2830 3377 2891 Ὠς
3414 2827 3523 2896 γὰρ
3555 2825 3654 2897 ἥδη
3680 2822 3774 2878 τοῦ

2191 2926 2430 2997 πολέμου
2470 2923 2766 2995 βεϐηκότος
2810 2940 2870 2976 τε
2906 2924 3037 2976 είσω
3089 2920 3271 2992 θυρῶν
3298 2961 3312 2983 ,
3346 2920 3440 2972 καὶ
3493 2916 3777 2988 μονονουχὶ

2189 3018 2332 3073 κατὰ
2363 3018 2542 3071 πᾶσαν
2566 3018 2665 3089 τὴν
2694 3016 2853 3081 Σιὼν,
2880 3017 3059 3086 ἤγουν
3086 3016 3144 3067 ἐν
3178 3012 3273 3084 ὅλῃ
3318 3014 3383 3082 τῇ
3425 3009 3655 3080 Ἰουδαία
3679 3025 3775 3061 πε-

489 3112 731 3179 vulgato,
779 3110 1008 3163 tumultu
1065 3119 1122 3163 et
1170 3110 1466 3165 terroribus
1527 3110 1715 3166 urbem
1760 3112 2081 3181 completam

2191 3110 2611 3184 ριηγγελμένου,
2644 3109 2737 3163 καὶ
2785 3108 3039 3179 θορύϐου,
3072 3106 3168 3161 καὶ
3214 3105 3484 3175 δειμάτων
3526 3102 3774 3172 ἀναπλη-

490 3218 610 3256 esse
654 3202 824 3256 dicit:
863 3219 882 3251 ι
928 3201 1093 3255 Adest
1122 3202 1263 3253 enim
1293 3200 1409 3254 dies
1440 3201 1702 3257 Domini.)
1742 3201 1895 3270 Quod
1941 3204 2080 3259 hanc

2188 3202 2381 3272 σθῆναι
2407 3199 2504 3272 τὴν
2533 3199 2685 3253 πόλιν
2715 3198 2902 3271 φησίνο
2932 3216 2950 3249 ι
2982 3196 3233 3268 Πάρεστι-
3250 3195 3359 3267 γὰρ
3384 3197 3417 3266 ἡ
3455 3194 3638 3265 ἡμέρα
3657 3195 3774 3247 Κυ-

490 3294 657 3348 habet
682 3294 831 3347 vim:
868 3306 953 3345 res
989 3306 1092 3345 non
1152 3300 1233 3345 est
1286 3291 1515 3360 amplius
1568 3292 1712 3346 nuda
1764 3292 2075 3363 praedictio,

490 3382 585 3437 sed
622 3391 751 3435 ante
793 3380 979 3435 oculos
1024 3380 1204 3433 omnia
1251 3393 1371 3449 quae
1415 3381 1775 3450 praenuntiata
1818 3382 2075 3446 fuerunt,

490 3485 546 3528 et
574 3474 689 3542 ipsa
720 3472 1056 3543 experientia
1089 3481 1240 3541 gesta
1275 3482 1422 3526 sunt.
1454 3474 1533 3527 Ac
1560 3473 1755 3529 melius
1782 3484 1901 3527 erat
1940 3475 2077 3527 mul-

491 3578 548 3623 to
586 3568 651 3623 ad
682 3568 903 3622 meliora
933 3582 992 3621 se
1022 3567 1294 3636 applicare
1347 3566 1607 3632 voluisse,
1639 3576 1693 3622 et
1726 3578 1849 3622 ante
1873 3569 2075 3623 adven-

492 3669 603 3715 tum
660 3659 1116 3730 praesentiamque
1180 3659 1445 3712 malorum
1504 3658 1925 3714 sollicitudinem
1981 3676 2077 3713 ex-

488 3752 745 3808 cussisse.
775 3753 960 3822 Itaque
990 3753 1055 3808 de
1082 3752 1402 3822 poenitentia
1443 3752 1708 3807 incertum
1739 3766 1860 3806 esse
1895 3753 2077 3807 cousi-

362 3898 379 3911 ,
487 3844 545 3900 lii
574 3861 681 3899 non
715 3845 867 3909 sinit,
896 3846 991 3899 sed
1046 3844 1290 3914 deposito
1333 3844 1497 3897 animi
1535 3844 1681 3898 velut
1732 3842 1991 3914 languore
2021 3852 2073 3897 et

486 3935 725 4008 ignavia,
760 3937 826 3990 ad
858 3936 1039 4005 operis
1074 3936 1311 3990 studium
1352 3935 1603 4004 expedite
1653 3935 1894 4004 aggredi,
1923 3945 1977 3987 et
2009 3935 2074 3989 ad

485 4028 817 4081 voluntatem
846 4027 1197 4096 sibimetipsis
1228 4026 1455 4080 viriliter
1482 4027 1828 4081 succurrendi
1860 4027 2072 4081 incum-

483 4119 803 4186 berejubet,
837 4118 903 4172 ad
933 4118 1103 4172 Deum
1136 4120 1475 4187 properando
1498 4161 1513 4184 ,
1543 4126 1899 4186 veterumque
1942 4118 2072 4171 deli-

484 4223 695 4266 ctorum
750 4210 988 4266 maculas
1035 4210 1322 4262 virtutibus
1361 4208 1686 4264 sumciendis
1710 4208 1936 4264 delendo
1991 4211 2072 4262 vi-

486 4302 701 4357 delicet.
734 4299 858 4357 Ideo
897 4302 974 4356 ait
1018 4316 1189 4371 prope
1220 4301 1410 4355 adesse
1475 4301 1619 4355 diem
1668 4300 1915 4365 Domini,
1964 4317 2066 4370 qua

484 4394 657 4450 futuri
686 4396 796 4451 sint
831 4404 1089 4464 tanquam
1123 4395 1175 4448 in
1210 4392 1423 4459 nebula,
1454 4400 1508 4446 et
1565 4392 1821 4456 tenebris,
1873 4390 2066 4447 famem

2184 3294 2298 3366 ρίου
2328 3309 2343 3324 ’
2380 3313 2399 3346 ι
2438 3293 2740 3357 τουτέστιν,
2780 3290 2966 3345 οὐκέτι
3020 3287 3421 3361 προαγόρευσις
3466 3290 3529 3341 τὸ
3578 3287 3773 3359 χρῆμα

2182 3388 2363 3458 μόνον,
2396 3384 2512 3440 ἀλλ’
2544 3386 2620 3448 ὠς
2653 3385 2712 3438 ὲν
2740 3382 2860 3454 ὄψει
2892 3382 2963 3437 τὰ
2992 3383 3194 3446 πάντα,
3228 3382 3323 3436 καὶ
3360 3382 3419 3436 ὲν
3458 3382 3651 3445 αὐταῖς
3678 3397 3772 3448 γεη

2178 3480 2369 3549 γόνασι
2395 3480 2514 3542 ταῖς
2545 3477 2765 3550 πείραις
2794 3477 2902 3530 τῶν
2933 3476 3103 3553 πάλαι
3138 3475 3623 3547 προηγγελμένων,
3672 3474 3768 3536 οὓς

2175 3568 2243 3645 ἦν
2268 3572 2491 3643 ἄμεινον
2524 3570 2667 3624 κατὰ
2708 3570 2845 3623 πολὺ
2898 3570 3232 3640 μεταφοιτᾷν
3269 3566 3488 3621 ἑλέσθαι
3522 3566 3659 3638 πρὸς
3696 3565 3765 3618 τὰ

2180 3662 2394 3735 βελτίω,
2432 3662 2526 3715 καὶ
2551 3661 2658 3733 πρὸ
2696 3661 2890 3730 ἐφόδου
2917 3662 3013 3714 καὶ
3039 3659 3369 3731 παρουσίας,
3400 3658 3497 3730 τὴν
3522 3658 3630 3712 τῶν
3660 3674 3762 3709 κα-

2178 3753 2291 3808 κῶν
2318 3752 2669 3808 ἀποσείεσθαι
2699 3752 2980 3823 φροντίδα.
3013 3751 3224 3806 Οὑκοῦν
3258 3751 3394 3821 πρὸς
3425 3749 3763 3821 μετάγνωσιν

2177 3844 2439 3900 ἁλύεσθαι
2460 3844 2560 3897 οὐκ
2584 3845 2651 3914 ἐᾷ
2671 3858 2685 3873 °
2723 3843 3014 3915 μεθιέντας
3031 3844 3088 3897 δὲ
3112 3844 3301 3916 ὥσπερ
3330 3844 3389 3896 τὸ
3414 3843 3512 3914 τῆς
3532 3841 3759 3912 γνώμης

2173 3936 2568 4001 ἀναπεπτωκὸς
2608 3936 2703 3990 καὶ
2734 3936 2796 3990 τὸ
2845 3935 3088 4008 ῥᾴθυμον
3112 3975 3129 3999 ,
3165 3937 3245 3999 είς
3301 3934 3588 4006 φιλεργίας
3624 3934 3760 3985 ίέναι

2173 4030 2390 4085 κελεύει
2413 4028 2648 4102 γοργῶς,
2669 4032 2764 4083 καὶ
2783 4029 2875 4080 ἐπί
2896 4043 2959 4096 γε
2976 4026 3037 4079 τὸ
3057 4025 3340 4095 βούλεσθαι
3367 4028 3550 4094 σφίσιν
3574 4024 3759 4086 αὐτοῖς

2175 4122 2451 4193 ὲπαμύναι
2498 4121 2754 4190 γενικῶς,
2806 4119 2926 4190 Θεῷ
2954 4119 3195 4191 δηλονότι
3227 4118 3613 4189 προσθέοντας,
3651 4116 3758 4169 τῶν

2171 4215 2419 4285 ἀρχαίων
2450 4213 2793 4284 αίτιαμάτων
2814 4211 3176 4281 ἀφανίζοντας
3196 4211 3263 4265 τὰ
3293 4212 3616 4282 ἐγκλήματα
3638 4211 3758 4270 ταῖς
3841 4204 3844 4208 λ

2170 4306 2280 4359 τῶν
2326 4306 2629 4377 ἀμεινόνων
2675 4307 3011 4373 ἐπαγωγαῖς.
3066 4303 3336 4375 Ταύτῃτοί
3380 4319 3544 4373 φησιν
3588 4300 3757 4369 ἐγγὺς

2172 4393 2430 4470 εἶναιτὴν
2454 4397 2668 4468 ἡμέραν
2698 4398 2928 4469 Κυρίου,
2961 4396 3083 4450 καθ’
3109 4396 3176 4467 ἥν
3214 4394 3429 4447 ἔσονται
3466 4392 3566 4464 μὲν
3594 4392 3669 4455 ὡς
3698 4392 3755 4441 ἐν

484 4502 513 4539 a
547 4487 749 4541 locusta
779 4486 1157 4551 invehendam,
1192 4485 1306 4540 sive
1332 4500 1396 4538 ex
1430 4482 1773 4553 Assyriorum
1836 4483 2065 4553 impres-

2188 4486 2368 4559 ὶμίχλῃ
2414 4489 2508 4540 καὶ
2538 4487 2735 4558 σκότῳ,
2761 4488 2850 4541 τὸν
2873 4489 2936 4540 ἐκ
2956 4487 3055 4558 τῆς
3078 4485 3297 4557 ἀκρίδος
3322 4484 3553 4547 δεδιότες
3577 4482 3753 4553 λιμὸν,

483 4577 634 4631 sione
653 4590 810 4645 supra
837 4584 999 4644 caput
1026 4575 1158 4646 ipsis
1182 4585 1448 4630 astantem
1470 4568 1833 4627 calamitatem
1856 4584 1911 4629 et
1941 4589 2064 4644 per-

484 4667 679 4720 niciem
720 4675 1038 4721 metuentes.

559 4757 717 4814 Vnus.
746 4760 800 4825 Ξ,
838 4760 893 4815 '5.
920 4760 1085 4830 gSicut
1135 4777 1287 4815 mane
1326 4760 1578 4831 fundatur
1643 4778 1800 4829 super
1866 4772 2065 4815 montes

480 4853 702 4922 papulas
732 4852 946 4916 multus,
966 4863 1013 4905 et
1045 4854 1235 4922 fortis;
1266 4853 1452 4906 similis
1498 4854 1547 4906 ei
1597 4869 1703 4907 non
1738 4854 1838 4922 fuit
1898 4870 1930 4907 a
1966 4870 2066 4908 sa:-

479 4946 618 5011 culo,
645 4956 691 4998 et
719 4955 832 5013 post
869 4960 986 4996 eum
1017 4962 1118 4997 non
1147 4949 1243 4999 erit
1298 4961 1458 5014 usque
1496 4946 1566 4998 ad
1593 4961 1758 4999 annos
1793 4947 1847 4999 in
1913 4962 2068 5015 gene-

481 5043 712 5095 rationes
777 5039 1191 5108 generationum.
1228 5040 1359 5090 Ante
1385 5053 1503 5091 eum
1546 5037 1681 5107 ignis
1730 5053 2061 5100 consumens,

477 5146 526 5190 et
556 5143 671 5203 post
709 5149 827 5188 eum
882 5148 1131 5185 succensa
1173 5132 1410 5201 ﬂamma.
1444 5128 1591 5185 Sicut
1639 5132 1919 5199 paradisus
1975 5147 2063 5183 vo—

477 5226 693 5295 luptatis
726 5233 869 5279 terra
909 5233 1031 5277 ante
1097 5221 1285 5285 faciem
1348 5223 1507 5291 ejus,
1561 5230 1610 5275 et
1663 5222 1955 5289 posteriora
1998 5220 2064 5274 il-

476 5315 580 5367 lius
642 5313 780 5368 sicut
835 5312 1009 5383 campi
1055 5311 1439 5380 desolationis,
1470 5320 1517 5366 et
1543 5310 1783 5366 salvatus
1829 5328 1931 5366 non
1963 5313 2059 5366 erit

473 5408 544 5463 ei.

546 5498 688 5557 XVI.
723 5501 879 5557 Mane
908 5501 1122 5556 videtur
1150 5498 1426 5570 appellare
1475 5505 1570 5551 aut
1605 5495 1927 5550 matutinum
1966 5508 2057 5549 ro-

481 5610 592 5649 rem
624 5595 716 5662 qui
757 5595 1011 5650 universe
1069 5607 1166 5663 per
1202 5594 1335 5646 lines
1373 5588 1610 5660 regionis
1636 5588 1888 5654 dilIusus,
1923 5586 2057 5642 nihil

2172 4581 2343 4651 ἤγουν
2388 4578 2485 4649 τὴν
2517 4582 2582 4633 ἐκ
2617 4583 2714 4651 τῆς
2770 4580 3071 4651 Ἀσσυρίων
3125 4579 3308 4641 αὐτοῖς
3367 4575 3754 4648 ἐπηρτημένην

2172 4672 2469 4744 ἀθλιότητα
2498 4673 2595 4725 καὶ
2621 4672 3000 4744 καταφθοράν.

2252 4764 2345 4830 Ὡς
2375 4764 2583 4833 ὄρθρος
2620 4763 2951 4834 χυθήσεται
2978 4764 3078 4818 ἐπὶ
3109 4763 3179 4818 τὰ
3207 4762 3313 4831 ὄρη
3356 4760 3508 4828 λαὸς
3557 4759 3752 4826 πολὺς

2172 4857 2270 4910 καί
2296 4857 2577 4925 ίσχυρός’
2629 4857 2830 4926 ὅμοιος
2873 4856 3033 4922 αὐτῷ
3076 4858 3148 4911 οὐ
3182 4856 3431 4926 γέγονεν
3479 4854 3598 4908 ἀπὸ
3643 4852 3751 4907 τοῦ

2171 4949 2404 5016 αἰῶνος,
2429 4948 2526 5002 καί
2538 4950 2666 5018 μετ’
2688 4950 2876 5004 αὐτὸν
2893 4952 2965 5004 οὐ
2985 4946 3460 5017 προστεθήσεται
3479 4946 3585 5013 ἕως
3602 4945 3753 4999 ἑτῶν

2169 5043 2257 5106 εἰς
2282 5040 2493 5110 γενεὰς
2512 5040 2752 5112 γενεῶν.
2789 5043 2864 5096 Τὰ
2890 5042 3234 5111 ἔμπροσθεν
3259 5037 3446 5093 αὐτοῦ
3468 5037 3589 5106 πῦρ
3606 5038 3749 5092 dra-

2169 5133 2409 5195 λίσκον,
2438 5133 2538 5186 καὶ
2568 5132 2643 5187 τὰ
2669 5133 2862 5185 ὀπίσω
2897 5132 3084 5186 αὑτοῦ
3140 5128 3519 5198 ἀναπτομένη
3564 5127 3743 5197 φλόξ.

2182 5220 2278 5287 Ὠς
2304 5221 2669 5290 παράδεισος
2687 5221 2919 5291 τρυφῆς
2951 5223 2990 5291 ἡ
3020 5220 3096 5290 γῆ
3130 5221 3242 5290 πρὸ
3282 5216 3608 5289 προσώπου
3642 5220 3749 5271 αὺ-

2168 5309 2297 5373 τοῦ,
2338 5310 2439 5364 καὶ
2493 5312 2564 5365 τὰ
2598 5311 2849 5367 ὄπισθεν
2900 5310 3089 5365 αὐτοῦ
3126 5310 3338 5364 πεδίον
3380 5308 3746 5378 ἀφανισμοῦ,

2170 5402 2267 5457 καὶ
2293 5403 2743 5473 ἀνασωζόμενος
2780 5406 2892 5459 οὐκ
2925 5404 3095 5458 ἔσται
3124 5401 3310 5469 αὐτῷ.

2241 5497 2357 5563 ις’.
2392 5495 2625 5568 Ὀρθρον
2672 5497 2970 5552 ἀποκαλεῖν
3029 5496 3202 5550 ἔοικεν
3253 5498 3286 5568 ἢ
3332 5496 3432 5567 τὴν
3462 5497 3521 5550 ὲν
3565 5493 3748 5565 ὄρθρῳ

2165 5587 2375 5659 δρόσον,
2412 5588 2447 5659 ἢ
2469 5588 2690 5643 ἐπειδὰν
2716 5589 2853 5653 ὅλως
2872 5588 3211 5660 καταχέηται
3231 5587 3340 5643 τῶν
3365 5590 3528 5659 ὅρων,
3551 5585 3748 5656 ἀφίησι

542 5767 590 5802 ⁸⁸
619 5768 718 5823 lsa.
780 5784 890 5833 xu,
947 5768 1035 5835 l7,
1089 5768 1177 5821 l8.
1245 5768 1289 5800 ’ν
1336 5765 1437 5820 lsa.
1474 5780 1568 5832 stt,
1605 5764 1657 5823 5.
1720 5764 1766 5797 ’°
1797 5764 1939 5820 Psal.
1986 5760 2168 5833 'xxxv,
2194 5765 2249 5819 9.
