4132 6370
399 356 433 411 5
441 355 502 410 57

1286 345 1840 405 COMMENTARIUS
1879 347 1946 402 IN
1984 346 2253 403 JOELEM
2295 346 2737 404 I’IIOPIIETAM.

3553 355 3657 409 358

396 474 503 528 τῶν
520 475 578 527 ὲν
598 472 781 536 αὐτοῖς
809 469 961 526 οὐδὲν
985 468 1386 539 ἀκατάρδευτον
1404 487 1419 503 ο
1449 472 1616 542 ἦγουν
1631 469 1730 534 τὰς
1752 469 1977 542 πρώτας

2082 466 2134 522 in
2168 467 2299 538 ipsis
2345 467 2548 524 siccum
2573 467 2829 538 relinquit
2853 485 2867 534 ;
2889 476 2981 521 aut
3008 477 3157 525 certe
3179 469 3383 540 primos
3412 469 3540 526 solis
3570 488 3656 525 ra-

392 565 541 636 ήλίου
572 563 753 634 βολάς,
784 562 1003 616 καί-τού
1031 561 1206 631 φωτὸς
1251 562 1349 632 τῆς
1382 563 1598 635 ἡμέρας
1631 562 1728 632 τὴν
1758 560 1887 615 εὐθύ
1917 580 1975 616 τε
2000 611 2003 613 .

392 657 487 710 καὶ
510 657 569 709 ὲ)
593 655 737 726 ἀρχῇ
768 651 1103 721 ἀνάλαμψιν,
1153 651 1188 722 ἢ
1226 654 1345 715 ταῖς
1379 654 1646 722 κορυφαῖς
1671 651 1780 705 τῶν
1804 651 1977 722 ὀρέων

390 748 485 800 καὶ
519 746 626 817 πρό
665 761 728 812 γε
758 743 867 795 τῶν
912 742 1086 797 ἄλλων
1134 743 1418 813 μονονουχὶ
1451 744 1547 797 καὶ
1576 742 1925 815 ὲνευρύνεται
1958 784 1972 807 ,

390 839 484 891 καὶ
514 818 929 906 κατερυθραίνει
969 833 1213 904 βουνούς.
1248 834 1432 898 Οὕτως
1467 835 1633 905 φησὶν
1666 836 1757 889 ἐπὶ
1781 835 1849 888 τά
1873 835 1973 906 ὅρη

393 930 614 983 ἔσεσθαι
650 930 740 983 τὸν
769 929 894 982 λαὸν
922 929 1015 982 τὸν
1045 928 1287 1000 ἰσχυρὸν,
1336 929 1562 1001 ἀκρίδας
1589 930 1770 999 τυχὸν,
1807 929 1975 999 ἤγουν

392 1022 451 1089 ἐξ
482 1020 796 1093 ὁμοιότητος
828 1020 1030 1085 αὐτῶν,
1064 1019 1173 1073 τῶν
1218 1020 1542 1092 Ἀσσυρίων,
1578 1020 1653 1085 ὡς
1686 1022 1745 1074 ὲν
1773 1018 1977 1091 πληθύῖ

392 1112 698 1184 νοουμένων
729 1111 1123 1183 ἀπαραδλήτῳ.
1150 1111 1370 1174 Λοιπὸν,
1399 1130 1416 1162 ι
1447 1112 1676 1182 Ὃμοιος
1712 1110 1841 1182 γὰρ,
1872 1126 1976 1180 φη-

396 1206 503 1269 σὶν,
529 1203 676 1275 αὐτῷ
704 1204 764 1257 οὐ
789 1203 1013 1273 γέγονεν
1043 1203 1153 1257 ἀπὸ
1178 1201 1274 1256 τοῦ
1300 1203 1516 1268 αἰῶνος,
1537 1202 1659 1257 οὔτε
1696 1203 1801 1274 μὴν
1822 1201 1974 1255 ἔσται

392 1298 544 1351 ποτέ.
588 1315 606 1348 ι
651 1294 872 1366 Ἐπειδὴ
918 1293 977 1347 δὲ
1004 1295 1127 1357 ταῖς
1159 1293 1268 1348 τῶν
1294 1293 1531 1364 ἀκρίδων
1574 1292 1832 1363 ἐμϐολαῖς
1882 1291 1976 1344 δα-

391 1389 623 1442 πανᾶται
653 1388 749 1458 μὲν
774 1387 837 1440 τὸ
872 1386 1269 1457 παρεμπῖπτον
1312 1384 1474 1449 εὐθύς
1496 1401 1510 1415 ·
1544 1384 1591 1436 εί
1625 1383 1683 1437 δὲ
1717 1383 1891 1455 δήπου
1919 1399 1974 1435 τι

389 1481 483 1535 καὶ
522 1478 900 1551 περιλειφθείη
933 1477 1113 1547 τυχὸν,
1159 1477 1319 1550 ἔργον
1353 1478 1448 1530 καὶ
1501 1475 1633 1530 αὐτὸ
1674 1474 1825 1529 ἔσται
1864 1474 1973 1528 τῶν

388 1572 670 1643 ἑπομένων
714 1572 834 1634 ταῖς
864 1569 1132 1642 πρώταις,
1165 1589 1184 1621 ‹
1226 1568 1343 1639 Πῦρ
1372 1568 1681 1632 ἀναλίσκον,
1720 1586 1738 1619 ι
1774 1567 1877 1638 ἔφη
1904 1566 1974 1621 τὰ

388 1662 698 1737 ἔμπροσθεν
723 1663 911 1729 αὑτοῦ,
940 1662 1113 1731 φλόγα
1129 1662 1184 1715 δὲ
1208 1660 1595 1733 ἀναπτομένην
1627 1659 1697 1713 τά
1743 1660 1972 1715 κατόπιν

386 1759 481 1812 καὶ
509 1758 773 1828 ἑπόμενα.
792 1754 963 1810 Τοῦτο
986 1754 1042 1808 δὲ
1073 1754 1205 1809 αὐτὸ
1240 1755 1516 1827 δράσειεν,
1543 1749 1699 1826 οἶμαί
1722 1772 1847 1816 που,
1875 1755 1971 1809 καὶ¹
1996 1748 1997 1751 “

2080 558 2219 625 dios,
2275 568 2330 613 et
2377 558 2557 612 diurni
2626 557 2845 612 luminis
2912 560 3247 626 repentinum
3302 575 3366 614 ac
3425 560 3655 631 primum

2078 647 2443 718 Splendorem,
2472 649 2562 718 qui
2605 649 2656 701 in
2682 649 2824 718 jugis
2860 649 3119 703 montium
3153 650 3302 719 prius
3331 651 3658 720 expauditur

2077 750 2130 794 ct
2159 739 2321 810 215
2354 754 2624 809 purpurea
2653 739 2773 794 luce
2808 739 2970 795 colles
3014 741 3300 795 convestit.
3336 740 3426 796 Sic
3455 742 3532 795 ait
3563 759 3656 796 su-

2074 847 2172 901 per
2199 838 2408 886 montes
2436 829 2551 885 fore
2577 831 2827 900 populum
2878 830 3095 895 fortem,
3149 832 3408 898 Iocustas,
3471 835 3655 895 credo,

2077 932 2168 978 aut
2196 939 2261 978 ex
2297 922 2651 978 similitudine
2688 922 2952 992 ipsarum,
2982 923 3350 995 Assyriorum,
3379 939 3475 994 per
3521 924 3657 977 mul-

2078 1016 2359 1071 titudinem
2412 1013 2890 1084 incomparabilem
2944 1015 3362 1069 intellecturum.
3426 1014 3659 1085 Suhjicit

2074 1109 2219 1165 enim
2248 1124 2397 1176 mox,
2425 1128 2443 1162 ι
2482 1107 2687 1164 Similis
2720 1108 2769 1164 ei
2797 1124 2899 1163 non
2953 1107 3054 1162 fuit
3083 1123 3114 1161 a
3182 1109 3407 1173 saeculo,
3431 1118 3486 1162 et
3535 1118 3657 1177 post

2073 1216 2194 1257 eum
2222 1215 2330 1255 non
2359 1191 2515 1257 erit.)
2544 1199 2810 1267 Quoniam
2840 1208 3019 1255 autem
3052 1198 3380 1254 locustarum
3405 1201 3658 1272 irruptio-

2074 1293 2231 1347 nibus
2277 1291 2417 1360 quod
2459 1291 2697 1345 occurrit
2754 1288 3041 1346 confestim
3085 1291 3442 1355 consumitur,
3493 1300 3549 1345 et
3610 1291 3655 1344 si

2073 1383 2268 1439 alicubi
2293 1383 2565 1453 quidpiam
2597 1384 2736 1438 forte
2761 1381 3105 1453 superfuerit,
3140 1381 3372 1453 idipsum
3400 1398 3521 1453 quae
3542 1385 3655 1454 pri-

2074 1489 2192 1528 mas
2231 1484 2529 1545 sequuntur
2563 1474 2880 1541 absumunt,
2922 1473 3096 1544 «ignis
3124 1488 3473 1541 consumens,
3514 1493 3535 1528 ι
3570 1475 3657 1529 in-

2073 1566 2208 1635 quit,
2240 1580 2302 1621 ea
2334 1582 2455 1636 quae
2507 1576 2637 1622 ante
2664 1566 2863 1637 ipsum,
2894 1563 3113 1620 ﬂamma
3168 1575 3345 1622 autem
3400 1582 3657 1622 succensa

2074 1659 2125 1712 in
2156 1659 2260 1724 his,
2294 1672 2414 1728 quae
2439 1667 2561 1727 post
2587 1658 2787 1725 ipsum,
2822 1665 2878 1711 et
2900 1658 3272 1727 sequentibus.
3322 1656 3438 1713 Hoc
3482 1658 3657 1729 ipsum

2073 1749 2292 1817 facient,
2322 1757 2471 1819 puto,
2500 1759 2556 1805 et
2610 1748 2832 1805 hostiles
2874 1751 3063 1819 copiae.
3092 1746 3258 1804 Plane
3289 1749 3434 1804 enim
3462 1764 3660 1820 μηρίο-

386 1824 664 1919 πολεμίων
722 1846 970 1919 στρατός.
1012 1824 1287 1916 Ἕψονταιτ
1326 1844 1436 1915 γὰρ
1462 1824 1682 1908 πάντως
1711 1847 1831 1908 ταῖς
1861 1844 1970 1898 τῶν

2076 1841 2320 1895 dentium
2368 1840 2678 1910 superbiam
2715 1848 2769 1896 et
2822 1841 3194 1910 arrogantiam
3264 1840 3656 1905 imitabuntur,

388 1940 714 2011 φθασάντων
760 1937 1093 2009 ἀγερωχίαις
1144 1935 1277 2008 ὁμοῦ
1323 1936 1418 1990 καὶ
1446 1935 1756 2000 αὐθαδείαις
1798 1935 1893 1989 καὶ
1923 1936 1973 1989 οἱ

387 2033 619 2089 κατόπιν
682 2031 853 2094 ίόντες
899 2028 1095 2101 βραχύ.
1156 2030 1480 2100 Ποιήσονται
1530 2027 1588 2081 δὲ
1625 2027 1723 2099 τὴν
1746 2027 1862 2105 ,γῆν
1897 2027 1974 2090 ὡς

386 2126 598 2199 τρυφῆς
626 2124 972 2197 παράδεισον,
1005 2125 1175 2197 ἄρδην
1199 2120 1609 2193 ἀποκείροντες,
1641 2121 1735 2175 καὶ
1772 2123 1974 2173 ὲνσπα-

388 2218 658 2282 ταλῶντες
692 2218 806 2281 τοῖς
858 2217 1291 2288 εὑρισκομένοις.
1328 2215 1482 2285 Ἔχει
1530 2213 1590 2268 δὲ
1630 2214 1690 2267 τὺ
1725 2211 1920 2285 ἀληθὲς
1944 2214 1974 2265 ό

389 2313 574 2381 λόγος,
604 2311 701 2365 καὶ
735 2311 785 2363 εί
808 2312 896 2364 ἐπ’
920 2310 1088 2381 αὐτῆς
1117 2309 1404 2382 ἐκφέροιτο
1432 2306 1532 2377 τῆς
1558 2304 1797 2378 ἀκρίδος.

486 2407 566 2470 Ως
600 2402 812 2472 ὅρασις
841 2403 1061 2466 ἵππων,
1102 2402 1141 2469 ἡ
1191 2400 1404 2468 ὅρασις
1455 2394 1690 2464 αὐτῶν,
1750 2394 1851 2448 καὶ
1893 2394 1973 2460 ὡς

389 2495 622 2562 ἔππεῖς,
672 2494 861 2561 οὕτως
893 2490 1379 2555 καταδιὼξονται.
1427 2489 1524 2553 Ὠς
1574 2484 1744 2556 φωνὴ
1784 2483 1971 2553 ἁρμά-

392 2608 506 2645 των
530 2588 629 2642 ἐπὶ
661 2586 771 2654 τὰς
798 2583 1069 2655 κορυφὰς
1104 2581 1224 2636 τῶν
1250 2581 1434 2651 ὀρέων
1455 2577 1838 2644 ὲξαλοῦνται,
1875 2573 1974 2629 καὶ

387 2682 469 2748 ὡς
494 2678 663 2750 φωνὴ
694 2677 925 2749 φλογὸς
953 2675 1144 2745 πυρὸς
1186 2673 1628 2739 κατεσθιούσης
1668 2668 1972 2738 καλάμην,

388 2775 488 2831 τεαὶ
517 2774 598 2840 ὠς
632 2771 782 2838 λαὸς
812 2768 1007 2836 πολὺς
1034 2767 1131 2822 καὶ
1156 2763 1407 2835 ἰσχυρὸς
1438 2761 1976 2832 παρατασσόμενος

390 2869 478 2933 είς
508 2866 797 2933 πόλεμον.

462 2962 561 3014 IZ'.
595 2957 706 3028 Τὴν
733 2955 954 3025 ἀκρίδα,
992 2954 1088 3008 καὶ
1117 2952 1208 3006 τὸν
1249 2949 1496 3021 βροῦχον,
1545 2949 1594 3001 εἰ
1629 2948 1695 3017 δὴ
1725 2946 1975 3018 φέροιντο

399 3052 541 3107 κατὰ
568 3048 764 3121 χωρῶν
820 3048 915 3101 καὶ
949 3046 1177 3107 πόλεων,
1199 3042 1349 3096 οὐδὲν
1376 3044 1435 3094 ἐν
1475 3039 1650 3112 μείοσί
1672 3056 1836 3107 φησιν
1865 3036 1976 3091 ἔσε-

392 3141 514 3195 σθαι
541 3141 710 3194 ἵππου
744 3137 846 3207 τῆς
885 3133 1301 3207 μαχιμωτάτης.
1336 3129 1493 3232 ρύτω
1518 3129 1642 3232 ⁹γέαιρ
1674 3146 1974 3232 κατασκιρ-
2000 3173 2042 3232 C

389 3233 544 3302 τήσει
571 3229 672 3298 τῆς
706 3227 832 3297 γῆς,
868 3226 943 3290 ὡς
973 3225 1114 3294 τάχα
1136 3240 1240 3276 που
1271 3221 1365 3275 καὶ
1385 3220 1647 3292 ἁρμάτων
1670 3221 1973 3291 ἀπομιμεῖ-

388 3322 514 3379 σθαι
538 3321 761 3373 κτύπον.
797 3317 1063 3378 ’Λπάσαις
1082 3332 1142 3368 τε
1162 3315 1271 3386 γάρ
1291 3312 1692 3384 ὲπιθρώσκουσι
1708 3313 1972 3383 κορυφαῖς

390 3415 581 3487 ὀρέων,
615 3412 719 3466 καθ
729 3412 982 3464 ίπτανται
1010 3408 1067 3462 δὲ
1093 3408 1187 3461 καὶ
1210 3405 1402 3477 βουνοῦ
1422 3403 1645 3467 παντὸς,
1666 3404 1760 3457 καὶ
1778 3402 1976 3474 φλογὸς

392 3508 747 3565 ἀποτελοῦσιν
786 3507 926 3578 ἠχὴν
976 3502 1451 3575 καταπιμπράσης
1513 3497 1789 3569 καλάμην.
1838 3496 1976 3550 Φασὶ

392 3604 501 3673 γάρ
566 3603 627 3655 οὐ
686 3601 811 3670 δίχα
859 3596 1069 3651 κτύπου
1124 3592 1459 3667 πράττεσθαι
1509 3591 1638 3662 παρ’
1688 3588 1866 3644 αὐτῶν
1916 3588 1974 3640 ἐν

393 3698 581 3767 ἀγροῖς
605 3694 700 3766 τὴν
721 3692 1102 3747 κατάπτωσιν·
1156 3687 1275 3759 ἠχὼ
1323 3686 1380 3740 δέ
1419 3701 1538 3739 τινα
1586 3683 1696 3737 τῶν
1750 3682 1974 3736 ὀδόντων

393 3786 769 3843 ἀποτελεῖσθαι
820 3783 1089 3855 βληχρὰν,
1128 3776 1610 3852 περιθραυομένων
1642 3775 1832 3837 αὐταῖς
1868 3772 1974 3826 τῶν

393 3879 778 3940 πεπτωκότων,
810 3878 885 3940 ὡς
922 3875 1124 3943 ἀνέμου
1168 3870 1338 3940 φλόγα
1395 3865 1849 3940 διαρριπίζοντος.
1911 3862 1974 3916 Εἰ

392 3973 450 4026 δὲ
502 3972 583 4023 δεῖ
610 3968 885 4037 πολεμίων
935 3964 1078 4035 ὄχλῳ
1111 3962 1281 4032 αὐτὴν
1331 3956 1780 4031 παρεικάζεσθαι.
1814 3952 1974 4007 πάλιν

392 4065 453 4120 τὸ
483 4063 709 4126 ἀπεικὸς
739 4061 891 4115 οὐδέν
914 4078 928 4091 ·
968 4059 1119 4130 ᾄττει
1146 4056 1253 4126 γὰρ
1284 4053 1427 4107 κατὰ
1458 4050 1687 4122 πληθὺν,
1707 4049 1801 4101 καὶ
1819 4046 1974 4114 ὀλίγα

391 4156 505 4218 τοῖς
527 4151 930 4224 ἀνδριζομένοις
963 4150 1021 4199 ὲν
1059 4147 1260 4218 μάχαις
1304 4139 1639 4213 παραχωρεῖ.
1670 4135 1836 4207 Βορὸν
1866 4132 1973 4224 γάρ

393 4248 454 4299 τὸ
475 4223 686 4317 χρῆμα,
705 4243 798 4297 καὶ
823 4240 911 4295 διὰ
944 4230 1487 4309 πληθὺνάμέτρητον
1523 4231 1625 4283 οὐκ
1659 4223 1975 4317 εὐκαταγώ-

394 4316 595 4402 νιστον,
644 4335 844 4407 μᾶλλον
889 4332 946 4386 δὲ
978 4330 1075 4385 καὶ
1115 4328 1467 4396 δυσάντητον.
1503 4322 1562 4376 Ὀ
1600 4320 1762 4383 αὐτὸς
1809 4318 1853 4370 δ’
1908 4316 1974 4370 ἂν

396 4431 607 4500 γένοιτο
632 4426 873 4498 καὶπερὶ
905 4424 1013 4478 τῶν
1040 4419 1342 4492 Ἀσσυρίων
1364 4417 1519 4485 λόγος
1536 4431 1549 4444 ·
1580 4414 1628 4466 εἰ
1653 4413 1707 4466 δὲ
1736 4409 1975 4481 βούλοιτό

2073 1933 2166 2004 qui
2214 1947 2381 2002 parvo
2427 1931 2714 1988 intervallo
2739 1941 3162 2001 consequentur.
3207 1932 3435 1988 Facient
3474 1944 3656 1988 autem

2077 2036 2279 2081 terram
2324 2032 2385 2079 ut
2414 2024 2721 2095 paradisum
2768 2022 3080 2094 voluptatis,
3104 2024 3317 2095 penitus
3365 2024 3659 2094 spoliantes

2074 2134 2217 2185 eam,
2258 2126 2314 2172 et
2357 2116 2713 2187 voluptariam
2769 2116 3019 2171 viventes
3062 2117 3227 2171 vitam
3277 2118 3330 2171 in
3371 2117 3482 2184 his,
3538 2132 3659 2187 qum

2074 2211 2127 2265 in
2155 2225 2217 2266 ea
2254 2210 2577 2265 invenerint.
2605 2207 2719 2264 Hoc
2759 2221 2942 2264 verum
2972 2218 3091 2275 est,
3118 2210 3279 2264 etiam
3322 2210 3365 2265 si
3394 2209 3461 2265 de
3508 2209 3659 2264 Iocu-

2075 2303 2175 2359 stis
2204 2302 2603 2371 pronuntietur.

2148 2392 2310 2448 νεεδ.
2344 2392 2407 2458 4,
2444 2392 2497 2447 5.
2534 2390 2684 2446 Sicut
2718 2391 2847 2445 visio
2881 2404 3131 2461 equorum
3164 2400 3403 2459 aspectus
3435 2404 3615 2443 eorum
3638 2428 3655 2452 ,

2073 2496 2121 2540 et
2147 2486 2278 2539 sicut
2305 2485 2522 2555 equites,
2548 2484 2623 2537 sic
2650 2492 3045 2553 persequentur.
3066 2479 3214 2535 Sicut
3245 2495 3345 2534 uox
3368 2479 3657 2550 quadriga-

2074 2594 2192 2631 rum
2231 2592 2388 2646 supcr
2425 2576 2638 2630 vertices
2683 2574 2944 2628 montium
2983 2573 3253 2641 exsilient,
3294 2583 3343 2627 et
3384 2572 3517 2626 sicut
3560 2588 3659 2625 v01:

2072 2670 2301 2738 flamma:
2340 2667 2476 2737 ignis
2518 2666 2813 2720 devci-antis
2851 2664 3132 2733 stipulam,
3174 2672 3223 2719 et
3263 2665 3396 2719 sicut
3432 2664 3655 2735 populus

2072 2758 2267 2815 multus
2292 2769 2338 2814 et
2372 2758 2525 2829 {ortis
2555 2766 2777 2828 paratus
2807 2759 2876 2811 ad
2906 2755 3167 2826 praelium.

2141 2935 2304 2991 XVII.
2343 2936 2628 2992 Locustam
2660 2944 2715 2991 et
2742 2935 3030 3002 bruchum,
3060 2936 3105 2990 si
3136 2935 3190 2990 in
3222 2949 3379 3006 agros
3407 2942 3463 2990 et
3491 2936 3655 2988 urbes

2074 3028 2314 3094 irruant,
2366 3044 2473 3083 non
2534 3030 2713 3084 minus
2763 3028 2947 3082 valere
3004 3027 3082 3082 ait
3137 3042 3299 3098 quam
3359 3027 3656 3098 equitatum

2075 3120 2565 3177 bellicosissimum.
2596 3118 2687 3174 Sic
2717 3121 2861 3175 enim
2893 3136 2924 3175 e
2955 3128 3099 3174 terra
3128 3120 3402 3185 exsilieut,
3431 3129 3489 3173 ut
3522 3135 3659 3189 pene

2076 3224 2129 3270 ct
2161 3213 2545 3284 quadrigarum
2576 3213 2811 3267 sonitum
2846 3212 3148 3267 imitentur.
3177 3211 3242 3265 Et
3274 3227 3438 3280 super
3462 3226 3657 3266 omnes

2076 3307 2341 3362 montium
2367 3305 2599 3361 vertices
2625 3304 3024 3371 subsultabunt,
3053 3312 3108 3358 et
3135 3304 3201 3359 de
3230 3307 3375 3358 ornui
3402 3305 3538 3359 colle
3564 3306 3658 3358 de-

2074 3398 2362 3465 volabunt,
2402 3409 2457 3452 et
2495 3396 2728 3451 ﬂamma:
2768 3397 3032 3466 crepitum
3080 3396 3331 3465 stipulam
3379 3400 3659 3454 exurentis

2075 3492 2256 3545 edent.
2283 3489 2487 3544 Ferunt
2511 3488 2655 3543 enim
2686 3502 2790 3541 non
2819 3487 2956 3542 citra
2986 3488 3269 3556 strepitum
3296 3503 3390 3543 eas
3417 3489 3469 3542 in
3500 3504 3658 3560 agros

2077 3583 2357 3648 decidere,
2390 3590 2446 3635 et
2479 3580 2719 3635 sonitum
2757 3595 2861 3633 non
2899 3588 3118 3634 tenuem
3155 3580 3330 3634 audiri
3367 3580 3492 3634 dum
3530 3597 3659 3651 pro-

2076 3686 2275 3731 stratas
2294 3674 2475 3745 fruges
2493 3673 2742 3727 dentibus
2758 3671 3112 3738 commolunt,
3132 3686 3229 3726 ceu
3247 3670 3480 3727 ﬂammis
3498 3684 3659 3727 vento

2076 3766 2409 3822 diil‘undente
2450 3764 2862 3835 crepitantibus.
2899 3763 3050 3831 Quod
3086 3765 3130 3818 si
3165 3780 3258 3819 eas
3291 3765 3525 3820 hostium
3562 3782 3657 3817 ru-

2079 3860 2194 3914 neis
2229 3873 2542 3928 comparare
2577 3857 2839 3931 velimus,
2876 3857 3008 3910 nihil
3044 3858 3335 3911 absurdum
3373 3857 3657 3913 faciemus.

2077 3949 2285 4006 Nocent
2320 3950 2465 4005 enim
2503 3949 2843 4004 multitudine
2865 3988 2880 4013 ,
2914 3959 2967 4001 et
2998 3949 3131 4003 viris
3169 3950 3221 4002 in
3258 3963 3434 4018 pugna
3467 3964 3656 4019 parum

2077 4043 2293 4097 cedunt.
2321 4042 2425 4096 Res
2452 4042 2611 4105 edax,
2638 4052 2691 4096 et
2717 4052 2937 4111 propter
2960 4042 3279 4095 immensam
3309 4039 3519 4110 copiam
3551 4056 3656 4094 non

2078 4134 2234 4190 facile
2267 4134 2672 4204 expugnabilis,
2713 4134 2796 4187 vel
2839 4134 3018 4202 potius
3056 4143 3364 4202 oppugnatu
3401 4129 3655 4185 dillicilis.

2080 4225 2192 4280 Hoc
2221 4225 2363 4280 idem
2397 4225 2462 4280 de
2485 4224 2729 4295 Assyriis
2757 4225 2937 4279 dicere
2968 4224 3116 4278 licet.
3147 4223 3297 4290 Quod
3330 4223 3373 4277 si
3404 4222 3488 4276 cui
3517 4221 3659 4276 forte

2076 4317 2272 4387 placet,
2303 4317 2444 4372 idem
2481 4317 2546 4370 de
2582 4317 2948 4371 Romanorum
2984 4316 3226 4369 exercitu
3262 4329 3369 4369 non
3405 4313 3542 4368 male
3576 4312 3658 4365 af—

2079 4407 2290 4476 ﬁrmet,
2340 4407 2430 4478 qui
2480 4406 2654 4462 instar
2699 4407 2921 4462 locustae
2972 4404 3224 4462 lsraelem
3277 4406 3331 4459 in
3381 4403 3655 4460 Christum

396 4498 481 4584 τις
532 4520 673 4590 τάχα
711 4536 813 4572 που
854 4516 948 4569 καὶ
996 4513 1124 4585 περὶ
1178 4510 1347 4580 αὐτῆς
1395 4508 1495 4575 τῆς
1529 4504 1637 4558 τῶν
1686 4501 1977 4572 Ῥωμαίων

2081 4498 2397 4555 sceleratum
2430 4499 2637 4569 depasti
2672 4508 2816 4553 sunt.

400 4610 717 4674 στρατείας,
760 4607 809 4661 οἳ
860 4606 1015 4675 δίκην
1049 4602 1269 4675 ἀκρίδος
1304 4599 1395 4653 τὸν
1447 4595 1663 4669 Ἰσραὴλ
1696 4590 1978 4663 κατεδηδόο

399 4719 559 4757 κασιν
575 4703 653 4764 είς
676 4698 911 4770 Χριστὸν
926 4690 1454 4766 πεπλημμεληκότα,
1476 4688 1587 4742 οὐδ’
1600 4685 1743 4739 οὕτω
1770 4683 1977 4747 κακῶς.

485 4794 621 4848 Ἀπὸ
656 4790 983 4860 προσώπου
1012 4784 1200 4844 αὑτοῦ
1223 4780 1725 4851 συντριϐήσονται
1750 4776 1908 4831 λαοί.

472 4884 581 4938 lH'.
611 4883 815 4954 Χρῆμα
836 4879 966 4950 γὰρ,
986 4877 1061 4940 ὡς
1084 4876 1243 4947 ἔφην,
1276 4874 1487 4946 ἄμαχον
1512 4872 1606 4925 καὶ
1629 4864 1978 4934 δυσκαταγώ-

400 4994 580 5029 νιστον
636 4972 915 5033 παντελῶς
965 4967 1310 5040 ἀνθρώποις,
1368 4964 1596 5037 βρούχου
1638 4960 1729 5014 καὶ
1762 4958 1981 5030 ἀκρίδος

401 5070 428 5122 ὲ
437 5069 603 5139 μῦολή
612 5108 625 5121 .

473 5159 602 5215 Πᾶν
632 5158 954 5227 πρόσωπον
972 5155 1053 5221 ὠς
1080 5154 1438 5222 πρόσκαυμα
1473 5149 1708 5218 χύτρας.

477 5254 576 5307 16'.
622 5249 842 5320 Ἀληθὲς
875 5247 1005 5318 γὰρ,
1027 5247 1111 5300 ὅτι
1146 5245 1361 5316 δείμασι
1389 5260 1447 5296 τε
1497 5239 1592 5294 καὶ
1616 5239 1816 5302 λύπαις
1863 5238 1981 5299 ταῖς

407 5346 698 5417 ἀφορήτοις
720 5342 831 5395 ἔσθ’
854 5342 943 5394 ὅτε
961 5338 1057 5393 καὶ
1084 5339 1118 5409 ἡ
1145 5337 1253 5390 τῶν
1276 5332 1581 5407 προσώπων
1606 5330 1740 5401 ἄνθη
1786 5328 1981 5401 μαραί-

408 5454 577 5497 νεται,
610 5434 703 5488 καὶ
738 5426 1199 5502 καταμελαίνεταί
1240 5442 1355 5489 πως
1402 5425 1482 5487 εἰς
1512 5422 1573 5475 τὸ
1615 5420 1847 5483 ἀκαλλὲς
1869 5422 1980 5482 τοῖς

410 5526 473 5577 ὲκ
494 5524 586 5578 νοῦ
614 5521 861 5594 θορύϐοις
893 5516 1175 5591 μονονουχὶ
1205 5510 1711 5586 μεταχρωννυμένη.

493 5726 588 5791 Ὠς
609 5722 869 5794 μαχηταὶ
892 5714 1379 5794 Δδιαδραμοῦιςται,
1413 5714 1508 5794 καί
1543 5713 1623 5778 ὡς
1648 5709 1861 5779 ἄνδρες
1879 5725 1980 5764 πο-

412 5784 1135 5863 λεμιὰἰαΓᾶναϐἤσοήῴ
1163 5785 1260 5839 ἐπὶ
1296 5785 1366 5839 τὰ
1390 5784 1579 5851 τείχη.

2152 4764 2315 4819 Vsus.
2351 4763 2404 4818 6.
2441 4763 2483 4816 A
2518 4762 2651 4831 facie
2682 4762 2796 4832 ejus
2828 4771 3163 4816 conterentur
3186 4764 3386 4830 populi.

2153 4854 2334 4909 XVIII.
2372 4854 2467 4909 Est
2506 4854 2680 4918 enim,
2721 4862 2783 4908 ut
2827 4852 2970 4918 dixi,
3009 4853 3438 4923 inexpugnabilis
3479 4863 3533 4909 et
3576 4857 3658 4907 in-

2081 4945 2399 5017 superabilis
2426 4945 2589 5017 216
2614 4947 2837 5000 omnino
2866 4944 3175 5000 hominibus
3204 4945 3393 5001 bruchi
3426 4958 3479 5001 et
3508 4946 3658 5004 locu:

2081 5047 2178 5093 stre
2205 5037 2453 5105 irruptio.

2156 5128 2340 5184 Omnis
2368 5127 2539 5182 vultus
2568 5126 2703 5181 sicut
2734 5126 2942 5180 adustio
2970 5125 3111 5180 ollaz.

2153 5219 2296 5276 XIX.
2332 5219 2533 5274 Verum
2566 5228 2649 5275 est
2676 5220 2818 5273 enim
2851 5217 3147 5273 terroribus
3173 5226 3227 5272 et
3257 5216 3491 5273 tristitiis
3517 5218 3691 5272 into-'

2082 5312 2395 5369 lerabilibus
2433 5310 2722 5378 aliquando
2761 5318 2816 5364 et
2856 5308 3041 5364 florem
3078 5308 3257 5362 vultus
3295 5323 3652 5376 marcescere,

2082 5414 2136 5459 et
2161 5401 2433 5473 denigrari
2461 5400 2861 5471 quodammodo
2886 5400 2953 5454 ad
2980 5400 3375 5455 deformitatem
3394 5441 3408 5467 ,
3435 5401 3540 5457 illis
3565 5413 3655 5457 tu-

2084 5497 2338 5553 multibus
2388 5502 2595 5549 tantum
2647 5508 2750 5547 non
2806 5493 2860 5547 in
2914 5491 3074 5546 alium
3123 5492 3359 5548 colorem
3408 5508 3655 5549 commu-

2086 5599 2275 5645 talum.

2153 5681 2320 5736 Vrsas.
2349 5679 2403 5734 7.
2437 5677 2583 5734 Sicut
2620 5685 2932 5746 pugnatores
2965 5676 3281 5746 discurrent,
3310 5685 3358 5732 et
3391 5677 3525 5731 sicut
3558 5674 3657 5732 viri

2087 5773 2359 5828 bellatores
2394 5770 2671 5824 ascenderit
2708 5785 2861 5840 super
2892 5785 3087 5822 muros.
