4132 6370
350 375 448 430 561

1240 364 1795 423 COMMENTARIUS
1836 364 1901 419 IN
1940 358 2207 421 ιοειΕΜ
2243 362 2686 419 PROPHETAM.

3517 371 3623 434 502

353 490 697 563 παρεμϐολὴ
724 488 935 552 αὑτοῦ,
974 488 1061 541 ὅτι
1098 486 1321 557 ισχυρὰ
1345 486 1489 556 ἔργα
1516 487 1713 555 λόγων
1730 484 1937 539 αὐτοῦ’

2052 485 2288 553 quoniam
2327 485 2490 553 fortia
2527 499 2685 553 opera
2729 497 3024 536 sermonum
3065 482 3231 549 illius,
3266 486 3394 554 quia
3434 502 3625 559 magna

351 585 502 639 διότι
536 580 766 654 μεγάλη
814 581 857 650 δή
886 578 1078 650 ἡμέρα
1103 578 1326 647 Κυρίου
1346 620 1360 644 ,
1389 576 1644 649 μεγάλη,
1674 577 1773 631 καί
1820 577 1943 631 ἐπι-

352 676 554 747 φανὴς
576 674 834 744 σφόδρα.

426 767 554 820 KE'.
592 767 769 836 Ἔφην
804 764 905 841 ήδη
934 760 1168 832 φθάσας,
1222 761 1303 816 ὅτι
1333 760 1536 825 σκοπὸς
1560 760 1639 833 τῷ
1689 761 1945 833 προφήτῃ

348 858 533 930 δεινὴν
565 859 660 913 καὶ
701 856 1154 926 δυσδιακόμιστον
1180 855 1460 924 ἀποφῆναι
1488 854 1589 925 τὴν
1638 852 1945 924 συμφορὰν,

356 951 445 1004 ἵνα
482 950 548 1020 δὴ
581 950 948 1020 μεταχωροῑεν
981 947 1073 999 ἐπὶ
1101 946 1163 998 τὸ
1196 944 1405 1001 ἐθέλειν
1434 944 1503 998 τὰ
1528 945 1740 1015 ἀμείνω
1760 943 1945 1015 τε

350 1042 510 1114 δρᾷν,
528 1042 621 1093 καὶ
651 1039 755 1110 μήν
779 1039 872 1093 καὶ
900 1036 1248 1109 βουλεύεσθαι
1275 1036 1803 1107 σωφρονέστερονβὶ
1823 1037 1946 1100 ταῖς

357 1134 437 1195 εἰς
466 1130 777 1201 φαυλότητα
797 1131 1178 1200 παρατροπαῖς
1210 1127 1577 1198 λελυπηκότες
1598 1127 1691 1180 τὸν
1720 1126 1946 1198 νομοθέ-

352 1242 477 1294 τήν.
511 1218 633 1277 Οἷδε
659 1222 790 1292 γὰρ,
828 1216 934 1279 οἶδε
960 1221 993 1291 ή
1032 1220 1141 1273 τῶν
1172 1219 1507 1290 ἀλγημάτων
1539 1218 1815 1291 ὑπερόολὴ
1850 1236 1948 1291 μεν

354 1311 681 1382 τακομίζειν
714 1309 953 1371 εὐκόλως
984 1308 1136 1371 τινὰς
1184 1307 1261 1371 ὡς
1306 1306 1364 1374 ἐξ
1393 1306 1639 1377 ἀνάγκης
1677 1306 1769 1361 ὲπί
1797 1323 1861 1374 γε
1886 1304 1949 1365 τὸ

354 1403 577 1461 ,ἑλέσθαι
599 1403 730 1473 δρᾷν
751 1401 819 1455 τά
842 1400 1142 1459 ἁνδάνοντα
1187 1398 1373 1452 λοιπὸν
1406 1397 1483 1469 τῷ
1509 1397 1702 1463 σώζειν
1734 1397 1946 1455 είωθότι

357 1496 454 1553 καὶ
480 1494 842 1548 ἀπαλλάττειν
868 1490 1130 1564 ἰσχύοντι.
1188 1509 1206 1541 ι
1231 1488 1401 1545 Mum
1431 1489 1495 1561 δὴ
1545 1486 1637 1545 οὖν
1682 1491 1709 1543 ό
1742 1489 1948 1561 Κύριος

358 1586 458 1656 τὴν
488 1584 671 1655 φωνὴν
703 1582 867 1640 αὐτοῦ
896 1581 1004 1653 πρὸ
1034 1576 1327 1658 προσώπου
1370 1579 1656 1651 δυνάμεως
1678 1579 1845 1639 αὐτοῦ
1868 1619 1882 1645 ,
1918 1598 1940 1635 ›

361 1678 651 1750 μονονουχὶ
724 1673 1049 1749 στρατηγῶν
1079 1714 1095 1739 ,
1149 1674 1245 1727 καὶ
1306 1672 1648 1745 παραθήγων
1710 1672 1785 1738 ὡς
1859 1673 1947 1734 ἐπ’

357 1769 608 1845 ἐχθρούς.
638 1769 849 1841 Πρέποι
875 1769 985 1840 γὰρ
1011 1767 1078 1821 ἂν
1110 1768 1210 1845 οὐχ
1234 1767 1407 1841 ἑτέρῳ
1434 1783 1513 1838 τῳ
1553 1765 1775 1838 μᾶλλον,
1805 1766 1947 1835 πλὴν

2047 579 2158 631 dies
2187 575 2418 632 Domini.
2442 588 2489 632 et
2521 577 2743 631 illustris
2768 576 2937 631 ualde.

2122 751 2286 809 XXV.
2331 753 2447 808 Dixi
2476 754 2587 824 jam
2618 754 2894 824 prophetae
2922 755 3207 811 consilium
3238 772 3361 814 esse
3390 769 3631 815 atrocem

2045 856 2100 902 et
2129 846 2523 901 intolerandam
2550 845 2919 903 calamitatem
2944 849 3258 917 ostendere;
3289 860 3347 905 ut
3378 852 3628 911 nimirum

2048 940 2184 995 bene
2215 954 2377 1009 agere
2404 938 2542 993 velle
2573 938 2858 1006 incipiant,
2880 940 3270 1009 etprudeutius
3300 942 3398 997 sibi
3433 959 3632 1000 consu-

2044 1032 2160 1085 lant
2203 1032 2293 1101 qui
2333 1031 2400 1086 ad
2440 1030 2842 1098 improbitatem
2888 1033 3107 1100 detorti,
3146 1032 3509 1104 legislatorem
3548 1036 3634 1090 of.

2052 1122 2357 1177 feuderuut.
2413 1120 2562 1177 Solet
2610 1121 2789 1187 enim,
2841 1120 2979 1177 solet
3026 1121 3270 1177 dolorum
3318 1126 3635 1194 magnitudo

2052 1213 2210 1269 facile
2226 1214 2535 1281 nonnullos,
2558 1222 2613 1267 et
2635 1212 2782 1269 velut
2807 1211 3132 1268 necessitate
3155 1217 3411 1283 quadam,
3432 1231 3497 1270 eo
3513 1232 3636 1287 per-

2049 1307 2274 1370 vellere,
2314 1315 2372 1361 ut
2404 1306 2471 1359 de
2506 1314 2705 1359 caetero
2742 1302 2961 1375 cupiant
2998 1302 3179 1360 facere
3214 1306 3290 1360 illi
3346 1316 3495 1377 grata
3540 1307 3633 1378 qui

2049 1400 2260 1454 salvare
2284 1397 2592 1462 consuevit,
2616 1407 2672 1453 et
2698 1397 2931 1453 liberare
2954 1412 2982 1450 a
3013 1396 3168 1452 malis
3195 1410 3390 1468 potest.
3425 1418 3443 1451 ι
3476 1398 3635 1458 Dabit

2050 1492 2217 1560 igitur
2240 1492 2499 1546 Dominus
2521 1504 2706 1544 vorem
2730 1497 2856 1544 ante
2878 1488 3071 1544 faciem
3095 1487 3431 1546 fortitudinis
3454 1507 3584 1558 sum,
3610 1512 3630 1545 ι

2045 1595 2258 1637 tantum
2301 1598 2409 1639 non
2453 1583 2566 1652 ipse
2603 1585 2710 1636 dux
2748 1584 3021 1636 exercitus
3060 1595 3293 1650 eumque
3330 1582 3387 1636 in
3426 1582 3634 1640 hostem

2050 1689 2274 1731 acuens.
2312 1674 2429 1733 Non
2471 1675 2614 1730 enim
2658 1673 2782 1728 aliis
2837 1675 3017 1743 potius
3061 1692 3224 1745 quam
3270 1685 3636 1747 propugnato-

2051 1766 2206 1821 ribus
2252 1772 2309 1818 et
2346 1763 2574 1819 aliorum
2615 1762 2845 1819 ducibus
2880 1764 3080 1819 milites
3111 1766 3178 1820 ad
3216 1780 3449 1835 pugnam
3485 1765 3637 1825 exei-

359 1843 441 1915 ὃτι
476 1865 589 1925 τοῖς
618 1859 1038 1932 προασπίζουσι,
1082 1843 1180 1911 καῖ
1226 1856 1335 1917 τῶν
1365 1857 1539 1911 ἄλλων
1570 1855 1949 1928 προτεταγμέ-

2053 1868 2190 1922 tare,
2220 1868 2277 1912 et
2309 1868 2487 1913 castra
2520 1874 2615 1912 sua
2651 1859 2851 1915 ducere
2878 1858 3154 1917 convenit.
3192 1858 3509 1914 Subiudicat
3543 1873 3641 1928 per

351 1969 471 2016 ενοις
500 1952 560 2005 τὸ
587 1950 878 2025 διεγείρειν
906 1949 967 2002 τὸ
991 1948 1255 2019 μάχιμον,
1310 1949 1404 2003 καὶ
1450 1947 1656 2007 οἰκείαν
1697 1947 1947 2018 ἡγεῖσθαι

359 2043 457 2113 τὴν
485 2040 864 2117 παρεμϐολήν.
908 2040 1279 2116 ’Υπεμφαίνει
1303 2040 1361 2093 δὲ
1387 2037 1477 2095 διὰ
1495 2038 1721 2105 τούτων,
1755 2039 1837 2092 ὅτι
1872 2040 1948 2117 μή

361 2132 670 2204 αὐτόματον
704 2131 819 2204 ἔχει.
850 2129 950 2202 τὴν
978 2129 1167 2199 ἔφοδον
1215 2128 1287 2182 τὰ
1334 2127 1505 2193 δεινὰ,
1562 2128 1700 2200 μήτε
1738 2129 1851 2204 μὴν
1883 2131 1948 2183 ὲκ

360 2225 455 2278 τοῦ
487 2223 896 2295 παρατυχόντος
928 2221 1279 2293 συμϐέϐηκεν
1309 2220 1523 2284 ἁπλῶς,
1559 2219 1675 2272 ἀλλ’
1694 2221 1776 2274 ὃτι
1808 2221 1950 2293 μᾶλ-

360 2320 451 2371 λον
482 2318 633 2386 παρὰ
660 2315 796 2369 Θεοῦ
833 2315 1217 2386 ἑπενήνεκται,
1262 2314 1639 2386 λελυπημένου
1665 2314 1948 2385 δηλονότι,

359 2410 458 2468 καὶ
487 2389 650 2471 ὁσίως
682 2406 783 2485 ήδη
816 2403 1159 2470 κολάζοντος,
1186 2406 1502 2466 Καταπτοεί
1529 2404 1586 2458 δὲ
1612 2405 1817 2479 Δμᾶλλον
1844 2405 1945 2463 αὐ-

359 2506 508 2569 τοὺς,
549 2502 813 2573 πλείστην
842 2519 901 2555 τε
926 2502 1060 2573 ὅσην
1090 2498 1229 2555 εἶναι
1250 2502 1425 2570 λέγων
1446 2502 1546 2574 τὴν
1570 2502 1946 2582 παρεμσολὴν,

358 2596 455 2654 καὶ
483 2596 564 2647 ὅτι
619 2594 817 2664 ισχυρὰ
859 2592 1004 2664 ἔργα
1034 2592 1207 2662 λόγων
1265 2592 1454 2647 αὐτοῦ.
1503 2592 1808 2665 Ἀμήχανον
1840 2592 1949 2664 γὰρ

357 2683 447 2757 μὴ
491 2683 711 2746 πάντως
760 2684 840 2744 είς
890 2682 1066 2754 πέρας
1119 2681 1332 2745 ὲλθηεῑν,
1388 2682 1527 2754 ὅπερ
1578 2681 1644 2736 ἂν
1692 2682 1950 2750 γενέσθαι

362 2776 675 2847 προστάττῃ
700 2773 853 2837 Θεός.
882 2773 997 2827 Καὶ
1029 2772 1161 2841 γοῦν
1194 2771 1298 2843 ἔφη
1332 2773 1470 2845 πρὸς
1492 2790 1615 2826 τινα
1649 2772 1757 2826 τῶν
1777 2774 1950 2843 ἁγίων

362 2866 683 2938 προφητῶν,
729 2865 1000 2939 Ἱερεμίας
1019 2860 1180 2929 οὗτος
1229 2859 1318 2936 ἦνρ
1370 2884 1388 2916 ι
1427 2865 1540 2940 Οὐχ
1581 2865 1631 2923 οἱ
1668 2863 1816 2934 λόγοι
1845 2882 1948 2936 μου

354 2959 550 3029 ,ὥσπερ
604 2957 717 3030 πῦρ
771 2956 993 3026 φλέγον,
1038 2954 1189 3024 λέγει
1241 2953 1472 3026 Κύριος,
1525 2954 1621 3007 καὶ
1678 2953 1753 3017 ὡς
1779 2953 1951 3022 πέλυξ

360 3051 582 3108 κόπτων
612 3049 824 3119 πέτραν
842 3064 862 3114 ;
901 3066 922 3099 ι
959 3047 1258 3103 Δι’ἰκνεῖται
1286 3047 1395 3115 γὰρ
1431 3044 1623 3117 ὥσπερ
1658 3046 1950 3108 διαπαντὸς

2051 1953 2197 2016 haec,
2226 1966 2335 2007 uou
2366 1965 2463 2019 per
2485 1965 2546 2006 se
2574 1952 2835 2005 advenire
2864 1951 3033 2017 mala,
3068 1965 3167 2006 uec
3195 1957 3401 2006 temere
3431 1966 3495 2005 ac
3526 1950 3640 2005 lor,

2052 2042 2187 2096 tuito
2223 2042 2497 2106 accidere;
2539 2041 2632 2096 sed
2672 2057 2702 2095 a
2742 2039 2854 2101 Deo
2889 2041 3229 2107 potissimum
3272 2042 3472 2117 inﬂigi,
3513 2043 3640 2099 lasso

2050 2133 2321 2199 videlicet,
2344 2139 2399 2188 et
2416 2132 2562 2203 juste
2587 2148 2774 2203 plenas
2798 2141 3137 2202 reposcente.
3158 2132 3436 2188 Perterret
3456 2146 3639 2195 autem

2047 2238 2144 2279 eos
2170 2224 2370 2293 magis,
2405 2224 2569 2278 nimis
2599 2226 2763 2277 multa
2792 2234 2973 2278 castra
2996 2238 3121 2281 esse
3149 2223 3366 2290 dicens,
3394 2234 3451 2280 et
3480 2223 3638 2282 fortia

2048 2329 2216 2385 opera
2250 2330 2561 2371 sermonum
2591 2314 2732 2384 eius.
2766 2314 2910 2369 Fieri
2946 2314 3216 2383 siquidem
3272 2314 3418 2374 haud
3463 2324 3643 2385 potest

2051 2419 2112 2464 ut
2148 2422 2253 2462 non
2289 2406 2504 2477 penitus
2536 2406 2702 2464 linem
2733 2414 3109 2475 consequatur
3161 2406 3304 2474 quod
3342 2405 3486 2461 Deus
3521 2409 3640 2464 tleri

2050 2501 2407 2556 mandaverit.
2435 2501 2621 2571 Itaque
2646 2500 2864 2570 quidam
2892 2510 3203 2555 sanctorum
3231 2500 3637 2570 prophetarum,

2049 2590 2349 2660 Jeremias,
2388 2594 2642 2664 inquam,
2675 2592 2753 2647 ait
2788 2610 2803 2653 ;
2835 2614 2855 2644 ι
2887 2591 3141 2662 Nunquid
3179 2607 3285 2647 non
3322 2591 3484 2647 verba
3522 2604 3641 2645 mea

2052 2685 2205 2754 quasi
2248 2685 2385 2755 ignis
2425 2686 2654 2751 ardens,
2692 2685 2825 2741 dicit
2867 2683 3154 2749 Dominus,
3194 2685 3362 2763 218
3395 2696 3450 2740 et
3484 2688 3639 2756 quasi

2052 2778 2277 2833 malleus
2310 2789 2599 2834 conterens
2630 2786 2837 2849 petram
2857 2776 2948 2831 ³⁸2
2980 2797 3002 2830 s
3037 2775 3294 2834 Pervadit
3328 2779 3472 2833 enim
3508 2793 3643 2849 quos-

2051 2868 2339 2924 dammodo
2365 2869 2546 2923 omnia
2575 2869 2667 2923 Dei
2695 2871 2941 2935 verbum,
2970 2878 3025 2923 et
3054 2883 3176 2938 qua:
3208 2868 3427 2924 locutus
3456 2869 3638 2933 fuerit,

2054 2960 2185 3015 nihil
2222 2960 2329 3017 illis
2366 2960 2594 3027 resistit,
2632 2960 2745 3020 imo
2782 2959 2931 3015 cedit
2969 2959 3173 3029 potius,
3212 2969 3267 3015 et
3306 2962 3437 3015 dura
3478 2971 3643 3032 atque

2053 3067 2243 3122 aspera
2275 3052 2421 3108 nullo
2452 3052 2668 3119 negotio
2696 3050 3013 3121 confringit,
3042 3062 3097 3106 et
3128 3050 3425 3108 Dominica‘.
3453 3054 3640 3111 volun-

355 3145 390 3196 ό
412 3141 504 3194 τοῦ
536 3139 670 3194 Θεοῦ
702 3138 878 3208 λόγος,
931 3138 1026 3199 καὶ
1059 3131 1139 3203 οἷς
1174 3137 1240 3192 ἂν
1268 3136 1559 3205 φθέγξαιτο
1589 3136 1650 3191 τὸ
1694 3137 1949 3192 ἀντιστα-

2057 3145 2154 3197 tati
2184 3143 2350 3201 etiam
2388 3143 2626 3198 uolentia
2662 3145 3054 3213 obsequuntur.
3097 3161 3117 3197 ι
3159 3142 3351 3214 Magna
3390 3145 3556 3215 igitur
3584 3156 3643 3201 et

359 3234 490 3289 τοῦν
523 3232 701 3297 οὐδὲν,
726 3232 868 3293 εἴκει
896 3230 953 3283 δὲ
988 3230 1213 3302 μᾶλλον,
1245 3230 1431 3285 καὶτὰ
1469 3230 1701 3303 σκληρὰ,
1728 3231 1824 3285 καὶ
1859 3232 1956 3285 ἀν-

363 3328 566 3381 τίτυπα
616 3325 1023 3403 καταθραύεται
1064 3323 1321 3391 εὐκόλως,
1359 3323 1592 3387 καὶτοῖς
1621 3324 1958 3389 δεσποτικοῑς

2058 3233 2284 3290 illustris
2315 3235 2452 3301 dies,
2489 3254 2510 3288 ι
2549 3235 2744 3305 inquit,
2779 3244 3001 3305 propter
3027 3235 3228 3294 famam
3260 3247 3546 3307 vagantem
3575 3238 3643 3292 de

2060 3327 2217 3385 malis
2240 3326 2295 3381 iu
2321 3341 2511 3383 omnes
2538 3327 2786 3383 homines
2810 3326 3150 3382 iuvebendis.

359 3423 636 3493 θελήμασι
660 3423 756 3478 καὶ
779 3421 878 3493 οὐχ
902 3421 1097 3475 ἑκόντα
1121 3425 1462 3494 παραχωρεῖ.
1508 3442 1526 3474 ι
1556 3423 1783 3494 Μεγάλη
1823 3424 1887 3494 δὴ
1919 3422 2013 3479 οῦν
2050 3426 2145 3488 καὶ
2184 3427 2455 3499 ἐπιφανὴς
2558 3426 2764 3500 ἡμέρα,
2794 3445 2813 3480 ι
2848 3429 3006 3499 φησι,
3040 3428 3129 3490 διὰ
3157 3428 3257 3498 τὴν
3282 3429 3362 3494 είς
3395 3428 3642 3503 ἃπαντας

360 3515 686 3583 ⁴ἀνθρώπους
719 3515 828 3568 τῶν
854 3515 1317 3588 ὲπαχθησομένων
1343 3517 1534 3571 δεινῶν
1564 3517 1952 3591 διατρέχονσαν
1990 3524 2196 3600 φήμην.

436 3612 546 3671 Kal
574 3612 668 3679 τίς
693 3610 867 3665 ἔσται
910 3612 1116 3678 ἱκανός
1151 3612 1346 3682 antri;

442 3705 590 3777 Kq'.
624 3704 938 3771 Τουτέστιν,
979 3703 1157 3768 οὐδεὶς
1187 3703 1254 3758 ἂν
1302 3704 1515 3773 γένοιτο
1546 3705 1656 3765 τῶν
1707 3706 1802 3762 ἐπὶ
1848 3707 1956 3782 γῆς

368 3796 659 3871 ἀτεράμων
695 3794 870 3859 οὕτως
915 3795 1010 3849 καὶ
1041 3794 1320 3867 εὐσθενὴς,
1341 3796 1418 3859 ὡς
1444 3797 1764 3875 άντεξάγειν
1790 3798 1956 3859 δύνα-

368 3888 495 3943 σθαι
522 3890 643 3952 ταῖς
673 3887 843 3950 θείαις
870 3887 1083 3961 ὀργαῖς.
1120 3888 1233 3941 Καὶ
1286 3888 1450 3963 σοφὸς
1479 3883 1547 3959 ἦν
1578 3890 1719 3955 ἄγαν
1743 3890 1772 3942 ό
1794 3889 1958 3947 Δασὶδ

370 3981 507 4052 πρὸς
555 3980 686 4033 Θεὸν
725 3978 1144 4051 ἁνακεκραγὼς·
1188 3999 1205 4030 ι
1232 3980 1303 4033 Σὺ
1329 3978 1558 4050 φοϐερὸς
1608 3968 1681 4047 εἷ,
1736 3981 1831 4041 καὶ
1874 3982 1958 4045 τίς

368 4072 749 4144 ἀντιστήσεται
773 4089 855 4125 σοι
878 4072 985 4126 ἀπὸ
1006 4073 1106 4143 τῆς
1137 4072 1309 4147 ὀργῆς
1340 4089 1467 4139 σονς
1506 4091 1526 4125 s

439 4164 549 4218 Kal
584 4162 701 4217 νῦν
725 4164 889 4233 λέγει
914 4165 1131 4231 Κύριος
1180 4167 1212 4218 ό
1240 4164 1381 4235 Θεὸς
1640 4163 1956 4234 Ἐπιστρό-

366 4272 522 4330 gnte
556 4254 709 4323 πρὸς
755 4256 836 4324 μὲ
876 4255 956 4320 ,ἐξ
1010 4255 1161 4339 ὅλης
1204 4254 1316 4325 τῆς
1361 4255 1608 4326 καρδίας
1653 4256 1855 4328 ὑμῶν,
1885 4258 1956 4315 ἐν

372 4346 647 4414 νηστείᾳ.
695 4347 793 4401 καὶ
829 4345 1151 4415 κλαυθμῷ,
1200 4347 1300 4401 καί
1338 4348 1591 4415 κοπετῷ,
1647 4349 1744 4403 καὶ
1787 4350 1954 4427 διαρ-

368 4437 596 4505 ρήξατε
642 4438 747 4504 τὰς
798 4438 1051 4507 καρδίας
1109 4437 1297 4508 ὑμῶν,
1350 4440 1449 4493 καὶ
1495 4440 1581 4509 μὴ
1641 4440 1714 4501 τὰ
1756 4440 1955 4511 ἱμάτια

608 4503 1160 4599 Καὶίέπιατράρητε
1195 4526 1346 4598 ⁸πρός
1387 4503 1608 4599 [motor
1658 4503 1789 4587 τὸν·⁷
1809 4534 1957 4590 Θεὸν
1985 4503 2036 4567 θ

373 4620 558 4691 ὑμῶν.
582 4619 673 4674 ὅτι
702 4620 976 4690 ἐλεήμων
999 4621 1099 4674 καὶ
1146 4622 1465 4696 οἰκτίρμων
1486 4623 1639 4691 ἐστὶ,
1654 4626 1961 4693 μακρόθν-

372 4730 519 4782 μσς,
580 4712 681 4765 καὶ
737 4712 1070 4778 πολυέλεος
1091 4752 1108 4778 ,
1171 4715 1271 4769 καὶ
1315 4712 1628 4784 μετανοῶν
1680 4716 1781 4775 ἐπὶ
1831 4716 1961 4785 ταῖς

375 4806 628 4872 κακίαις.
673 4806 769 4872 Τίς
820 4800 982 4858 οἶδεν
1032 4808 1087 4860 ει
1125 4804 1509 4879 ἐπιστρέψει,
1564 4806 1663 4860 καὶ
1704 4823 1958 4878 μετανο-

374 4895 531 4964 ήσει,
580 4897 679 4951 καὶ
730 4897 1114 4967 ὑπολήψεται
1159 4898 1355 4955 ὀπίσω
1393 4897 1583 4958 αὐτοῦ
1631 4900 1955 4969 εὐλογίαν,

374 4990 474 5041 καὶ
505 4989 745 5052 θυσίαν,
782 4987 881 5043 καὶ
906 4987 1189 5059 σπονδὴν
1214 4989 1413 5058 Κυρίῳ
1445 4986 1525 5053 τῷ
1554 4988 1679 5055 Θεῷ
1714 4988 1915 5059 oper,-

450 5082 577 5135 KZ'.
608 5080 891 5135 Ἐντεῦθεν
950 5080 1016 5149 ἂν
1050 5080 1265 5151 μάθοις,
1299 5081 1397 5134 καὶ
1436 5082 1585 5151 μάλα
1636 5080 1847 5155 σαφῶς,
1877 5081 1953 5144 ὡς

376 5174 475 5245 οὐχ
496 5173 680 5244 ἑτέρου
708 5173 867 5249 χάριν
893 5171 1039 5237 τινὸς
1061 5172 1194 5243 ὑψοῦ
1215 5174 1315 5245 μὲν
1340 5174 1407 5230 τὰ
1429 5174 1738 5248 διηγημὲνα
1761 5173 1947 5228 ἐτίθει.

377 5266 627 5338 ὶηιλήρὰν
683 5266 743 5322 δὲ
800 5265 983 5330 αὐτοῖς
1008 5304 1024 5329 ο
1096 5267 1192 5325 καὶ
1248 5266 1697 5339 δυσδιακόμιστον
1750 5269 1948 5341 κομιδῇ

377 5357 751 5433 προανεφὼνει
778 5359 875 5431 τὴν
897 5358 1203 5429 συμφορὰν,
1235 5359 1268 5430 ἢ
1304 5359 1455 5415 ὥστε.
1472 5360 1657 5416 λοιπὸν
1676 5362 1957 5432 μεταστῆ.

378 5467 469 5504 σαι
502 5450 727 5515 τούτους
751 5450 833 5513 είς
866 5449 1229 5520 μετάγνωσιν.
1269 5452 1692 5521 ’Λπογινώσχειν
1721 5453 1831 5525 γὰρ
1855 5452 1956 5507 οὐκ

377 5542 904 5613 ἐᾷ.Δια6ε6αιοῦται
955 5542 1035 5609 δὲ,
1090 5543 1186 5598 καὶ⁸
1232 5543 1379 5614 μάλα
1412 5545 1621 5614 σαφῶς,
1674 5546 1751 5610 ὼς
1796 5546 1955 5617 εἴπερ

358 5634 581 5693 ⁴Ξλοιντο
611 5636 831 5707 φρονεῖν
862 5635 928 5688 τὰ
955 5635 1169 5705 βελτίω,
1213 5637 1306 5691 καὶ
1347 5637 1445 5702 τὰς
1502 5639 1640 5703 ιδίας
1675 5639 1826 5705 ὀδοὺς
1853 5637 1956 5699 κᾶν

449 5814 493 5849 ⁸³
530 5814 640 5870 Jer.
683 5831 840 5879 χχιιι,
876 5816 965 5870 29.
1038 5818 1086 5848 ’⁸
1124 5814 1266 5869 Psal.
1298 5816 1530 5882 t.uv,8.

576 5910 850 5975 PATBOL.
908 5913 1023 5972 (in.
1076 5912 1291 5973 LXXI.

2130 3620 2201 3673 Et
2230 3621 2346 3690 quis
2375 3621 2476 3675 erit
2505 3621 2762 3695 suﬁiciens
2790 3621 2881 3674 ei.’

2130 3712 2319 3772 XXVI.
2356 3713 2469 3769 lloc
2491 3724 2601 3778 est,
2630 3728 2789 3769 nemo
2818 3713 3128 3772 mortalium
3156 3713 3291 3770 adeo
3321 3712 3641 3783 praefractus

2058 3814 2114 3859 et
2142 3806 2394 3861 robustus
2420 3805 2604 3869 fuerit,
2631 3815 2690 3859 ut
2719 3820 2779 3861 se
2801 3806 2996 3860 divina:
3022 3805 3119 3861 irae
3146 3804 3318 3875 possit
3343 3819 3637 3876 opponere.

2061 3894 2346 3963 Sapienter
2370 3895 2534 3949 Deum
2563 3898 2848 3966 compellat
2871 3896 3036 3949 David
3061 3913 3079 3950 ι
3111 3912 3131 3948 ι
3162 3894 3242 3949 Tu
3274 3895 3534 3953 terribilis
3556 3910 3638 3961 es,

2059 3998 2114 4043 et
2141 3988 2266 4059 quis
2297 3989 2515 4044 resistet
2544 3989 2641 4044 tibi
2674 3989 2741 4046 ab
2772 3988 2852 4045 ira
2883 4001 2975 4043 tua
2999 3987 3084 4042 "‘2
3116 4005 3136 4042 ν

2135 4166 2298 4230 Vsus.
2328 4166 2512 4228 12-14.
2544 4164 2613 4221 Et
2644 4182 2782 4223 nunc
2808 4166 2934 4224 dicit
2967 4164 3219 4221 Dominus
3252 4164 3390 4220 Deus
3418 4173 3596 4223 noster
3616 4179 3639 4225 ;

2058 4258 2432 4315 Convertimini
2463 4260 2532 4313 ad
2564 4275 2646 4313 mc
2675 4275 2740 4318 ea:
2772 4268 2880 4312 toto
2915 4259 3074 4312 corde
3107 4270 3296 4322 vestro,
3327 4258 3381 4311 in
3407 4257 3634 4327 jejunio,

2058 4362 2109 4407 et
2134 4354 2287 4423 ﬂetu,
2314 4362 2361 4407 et
2391 4351 2629 4420 planctu,
2657 4361 2705 4405 et
2735 4350 3018 4416 dirumpite
3042 4352 3207 4409 corda
3239 4360 3426 4409 vestra.
3452 4359 3505 4404 et
3536 4364 3641 4417 nou

2060 4443 2361 4503 vestimenta
2384 4452 2573 4498 vestra.
2600 4442 2665 4495 Et
2688 4441 3051 4495 convertimini
3073 4442 3143 4495 ad
3165 4440 3447 4499 Dominum
3472 4439 3640 4497 Deum

2059 4544 2316 4597 vestrum,
2348 4537 2472 4604 quia
2504 4536 2796 4589 misericors
2826 4541 2877 4587 et
2911 4534 3191 4587 miserator
3215 4544 3323 4599 est,
3355 4538 3561 4602 patiens
3591 4545 3640 4587 et

2055 4624 2237 4679 υιιιίιιε
2269 4626 2647 4685 misericordia:
2665 4664 2682 4689 ,
2712 4634 2764 4680 et
2789 4626 3041 4695 paenitens
3070 4641 3229 4695 super
3250 4625 3489 4685 malitiis.
3507 4624 3640 4690 Quis

2054 4717 2175 4780 scit,
2210 4716 2256 4768 si
2292 4726 2592 4780 revertetur,
2627 4724 2679 4769 et
2716 4714 2986 4785 panitebit
3016 4730 3159 4778 eum,
3193 4725 3239 4766 et
3263 4713 3486 4765 dimittet
3523 4722 3638 4777 post

2056 4825 2109 4861 se
2140 4806 2567 4872 benedictionem,
2597 4817 2647 4861 et
2677 4806 3016 4875 sacriﬁcium,
3064 4815 3112 4863 et
3154 4804 3379 4865 libamen
3415 4802 3638 4857 Domina

2057 4902 2166 4959 Deo
2193 4902 2397 4959 uestro?

2129 5082 2343 5143 XXVII.
2376 5083 2533 5147 Hinc,
2556 5080 2845 5151 etquidem
2871 5080 3157 5134 admodum
3180 5077 3328 5134 clare
3350 5075 3639 5143 intelliges,

2058 5193 2177 5245 quae
2203 5191 2363 5244 supra
2394 5184 2611 5231 narrata
2640 5182 2795 5240 sunt,
2829 5186 2935 5226 non
2966 5170 3036 5224 ob
3068 5168 3214 5224 aliud
3246 5169 3412 5224 fuisse
3443 5169 3638 5237 posita.

2060 5270 2294 5334 Duram,
2337 5277 2393 5321 et
2442 5280 2564 5336 quae
2604 5267 2695 5320 vix
2742 5261 3070 5335 perferatur,
3118 5260 3484 5316 calamitatem
3536 5259 3643 5313 illis

2057 5358 2458 5429 pmuuutiavit,
2495 5366 2553 5411 ut
2586 5372 2682 5412 eos
2720 5354 2929 5417 scilicet
2967 5354 3223 5422 deinceps
3262 5352 3331 5406 ad
3372 5350 3642 5420 paeniten-

2058 5451 2187 5507 tiatn
2213 5451 2524 5505 adduceret.
2551 5448 2847 5518 Desperare
2869 5447 3013 5500 enim
3040 5459 3148 5499 non
3172 5442 3322 5499 sinit.
3343 5440 3644 5497 Continuat

2057 5555 2259 5610 autem,
2284 5543 2445 5614 idque
2467 5541 2796 5613 planissimis
2814 5538 3016 5607 verbis,
3039 5537 3086 5593 si
3110 5535 3433 5605 resipiscere
3451 5534 3639 5597 vcliut,

2054 5646 2111 5692 et
2147 5637 2356 5693 animas
2384 5649 2511 5692 suas
2544 5632 2939 5705 posterioribus
2972 5628 3161 5688 saltem
3196 5627 3440 5686 consiliis
3469 5625 3642 5684 corri-

3243 5900 3307 5970 12
