4132 6370
494 384 602 462 $63

1488 405 1546 464 s.
1587 392 1861 464 CYRILLI
1904 402 2370 464 ALEXANDRINI
2411 381 2726 462 AliClllEi’.

3654 384 3759 465 σοὶ

495 524 656 593 'gcre,
700 531 755 576 ut
798 522 908 577 Deo
947 520 1223 593 placeant,
1262 532 1317 577 et
1356 538 1580 593 prorsus
1623 525 1861 580 desitura
1904 541 1934 579 a
1979 525 2077 579 Deo

2190 526 2319 594 γοῦν
2343 528 2453 588 τοῖς
2480 520 2749 595 δευτέροις
2780 508 3112 594 ἐπανορθοῦν
3140 524 3219 585 είς
3238 520 3299 575 τὸ
3325 523 3583 594 ἀρέσκειν
3603 523 3722 595 Θεῷ
3742 566 3758 588 ,

496 616 820 670 cxacerbato
839 616 1124 684 supplicia,
1149 624 1201 670 et
1221 617 1402 671 omnia
1426 632 1551 673 mox
1578 618 1631 672 in
1657 618 1905 688 magnam
1932 629 2078 671 tran-

496 708 817 777 quillitatem
863 721 926 761 ac
970 709 1318 763 securitatem
1367 718 1763 764 commutatum
1812 709 1912 776 iri;
1958 710 2078 779 quis

497 809 677 851 autent
727 806 782 852 et
828 800 1197 854 conversionis
1249 799 1525 869 ipsorum;
1577 808 1633 855 et
1683 795 2079 871 deprecationis

499 892 691 945 modus
721 888 840 945 esse
876 890 1089 959 debeat,
1131 891 1333 961 liquido
1370 892 1551 947 subdit
1583 891 1669 947 his
1699 894 1876 947 verbis
1908 910 1921 947 :
1958 913 1976 945 ι
2013 892 2079 948 Et

501 1000 643 1039 nunc
677 984 807 1038 dicit
845 978 1106 1039 Dominus
1142 976 1284 1039 Dens
1320 994 1503 1040 noster
1535 1001 1548 1038 :
1583 984 1974 1039 Convertimini
2012 985 2078 1039 ad

500 1092 586 1130 me
616 1077 667 1128 in
699 1086 812 1130 toto
838 1076 1000 1129 corde
1024 1075 1224 1130 'vcstro.
1258 1094 1277 1128 ι
1308 1074 1686 1146 Projiciantur,
1716 1068 1908 1146 inquit,
1938 1092 2077 1145 pra:-

499 1170 657 1223 terita
677 1209 692 1230 ,
725 1172 778 1222 et
808 1162 928 1234 quae
959 1158 1371 1221 antecesserunt
1407 1167 1459 1220 in
1491 1165 1815 1220 oblivionem
1852 1166 2077 1228 abeant.

498 1261 786 1330 vobisipsis
847 1256 1098 1314 meliores
1134 1272 1418 1329 apparete;
1458 1258 1848 1329 posterioribus
1911 1257 2078 1311 Deum

500 1356 760 1423 tnitignte,
786 1352 990 1422 jejunio
1017 1362 1071 1406 et
1099 1351 1465 1415 amictatione,
1492 1351 1703 1420 ploratu
1729 1358 1783 1404 et
1809 1350 2078 1405 lamentis.

499 1444 664 1499 Plane
692 1445 832 1497 enim
854 1481 870 1508 ,
898 1443 988 1513 qui
1021 1442 1094 1496 ita
1128 1442 1309 1497 facere
1339 1440 1707 1507 instituerint,
1737 1441 1791 1495 in
1825 1439 2082 1496 felicitate

500 1536 812 1603 deliciisque
842 1534 1221 1589 versabuntur.
1253 1530 1407 1587 Sicut
1432 1532 1576 1586 enim
1608 1531 1823 1586 fortuna
1855 1532 2078 1585 nimium

500 1629 805 1692 blandiens,
833 1636 888 1682 et
919 1626 1027 1680 vita
1056 1625 1420 1694 voluptatibus
1453 1624 1505 1679 in
1539 1624 1782 1679 honestis
1813 1624 1992 1678 dedita
2025 1623 2078 1677 in

499 1721 729 1787 gemitus
766 1725 820 1771 et
874 1716 1134 1787 supplicia
1187 1714 1402 1769 tandem
1443 1713 1675 1780 desinit,
1716 1715 1787 1768 ita
1825 1713 2081 1769 bonitatis

500 1820 554 1863 ct
602 1809 844 1864 laborum
895 1806 1343 1877 poenitentialium
1385 1807 1564 1862 exitus
1607 1816 1691 1861 est
1733 1805 1908 1875 ampla
1961 1804 2079 1858 feli-

2186 614 2402 680 πάντως
2444 606 2780 669 πεπαύσεται
2833 615 2901 667 τὰ
2936 615 2994 682 ἐξ
3038 615 3228 688 ὀργῆς,
3279 614 3374 667 καὶ
3427 616 3507 677 είς
3559 615 3763 678 πλάτος

2186 708 2349 771 εὐθὺς
2378 707 2643 777 εὐθυμίας
2680 707 3059 777 μεταχωρήσει
3096 705 3163 758 τὰ
3215 706 3533 776 πράγματα.
3570 706 3667 769 Τίς
3715 705 3762 757 δ’

2185 798 2249 854 ἂν
2270 792 2481 869 γένοιτο
2510 800 2612 869 τῆς
2635 816 2695 852 τε
2735 800 3071 869 ἐπιστροφῆς
3099 798 3284 861 αὐτοῦ,
3312 798 3405 851 καὶ
3429 799 3457 850 ὁ
3482 797 3581 867 τῆς
3608 797 3762 867 λιτῆς

2184 892 2405 960 τρόπος,
2435 891 2755 963 καθίστησιν
2783 891 3030 961 ἐναργὲς.
3067 890 3208 942 οὕτω
3239 888 3432 957 λέγων’
3472 907 3490 939 ι
3524 887 3634 941 Καὶ
3665 886 3762 940 νῦν

2186 984 2331 1053 λέγει
2392 983 2595 1054 Κύριος
2622 983 2650 1035 ό
2682 983 2815 1046 Θεὸς
2860 981 3035 1053 ἡμῶν
3075 982 3480 1052 Ἐπιστράφητε
3524 980 3661 1051 πρὸς
3694 974 3763 1050 με

2188 1076 2246 1140 ἐξ
2277 1075 2402 1145 ὅλης
2434 1076 2531 1143 τῆς
2579 1074 2804 1145 καρδίας
2848 1072 3020 1143 ὐμῶν.
3064 1090 3082 1124 ι
3160 1071 3456 1144 Ἐρρίφθω,
3505 1071 3660 1142 φησὶ,
3693 1071 3763 1123 τὰ

2188 1167 2574 1237 παρῳχηκότα,
2624 1164 2719 1218 καὶ
2757 1164 3107 1235 ἀποδημείτω
3149 1164 3285 1235 πρὸς
3321 1163 3490 1234 λήθην
3520 1164 3590 1219 τὰ
3622 1162 3761 1233 φθόι-

2189 1275 2376 1311 σαντα·
2408 1256 2617 1311 ἑαυτῶν
2660 1257 2915 1327 ἀμείνους
2944 1255 3178 1327 όφθητε·
3213 1258 3323 1319 τοῖς
3365 1255 3643 1327 δευτέροις
3678 1258 3768 1309 ὲκὶ

2191 1351 2530 1421 μειλίσσεσθε
2576 1351 2728 1413 Θεὸν,
2769 1349 3012 1420 νηστείᾳ,
3058 1349 3155 1403 καὶ
3206 1349 3377 1414 πόνῳ,
3431 1346 3663 1419 κωκυτῷ
3702 1364 3763 1401 τε

2186 1445 2280 1497 καὶ
2313 1442 2550 1513 ὀδυρμῷ.
2582 1443 2811 1512 Ἐψεται
2838 1441 2947 1513 7&9
2975 1442 3190 1505 πάντως
3216 1440 3385 1494 ταῦτα
3411 1440 3543 1511 δρᾷν
3562 1434 3766 1513 ᾑρημέι

2187 1550 2297 1597 νοις
2316 1534 2376 1587 τὸ
2404 1535 2599 1605 χρῆναι
2617 1534 2803 1586 λοιπὸν
2830 1534 2887 1585 ὲν
2914 1533 3180 1604 εὐπαθείᾳ
3227 1528 3365 1587 εἶναι
3413 1534 3507 1587 καὶ
3555 1530 3758 1604 τρυφῇ.

2188 1627 2400 1698 Ὥσπερ
2428 1627 2536 1697 γὰρ
2556 1626 2655 1697 τῆς
2672 1625 2954 1697 ῥᾳστώνης
2974 1626 3035 1679 τὸ
3058 1626 3234 1691 τέλος,
3255 1625 3350 1680 καὶ
3364 1620 3426 1679 τό
3450 1622 3764 1680 διαπίπτειν

2190 1722 2272 1784 είς
2304 1720 2501 1791 ἡδονὰς
2548 1720 2918 1792 καταστρέφει
2965 1717 3183 1784 πάντως
3240 1719 3321 1783 εἷς
3363 1720 3609 1790 οίμωγὰς
3662 1718 3757 1774 καὶ

2187 1812 2430 1866 κόλασιψ
2462 1810 2602 1865 οῦτω
2630 1813 2729 1881 τῆς
2758 1804 3079 1879 ἐπιεικείας,
3117 1814 3209 1865 καὶ
3240 1812 3349 1866 τῶν
3391 1813 3483 1867 ἐπὶ
3512 1814 3634 1876 ταῖς
3666 1830 3764 1884 με·

498 1903 657 1956 citas.
683 1900 846 1970 219
870 1898 1130 1954 Conducit
1166 1898 1331 1967 igitur
1355 1896 1552 1952 deﬂere
1583 1905 1803 1967 peccata
1826 1935 1841 1959 ,
1869 1906 1923 1951 et
1953 1911 2077 1950 con-

2184 1898 2490 1969 ταγνώσεσι
2536 1898 2714 1953 πόνων
2741 1903 2775 1972 ή
2829 1900 3056 1965 ἔκϐασις
3102 1904 3182 1965 είς
3219 1902 3281 1955 τὸ
3311 1902 3413 1972 τῆς
3462 1898 3762 1973 εὐημερίας

501 1992 704 2047 tristari
733 1989 1027 2048 secundum
1058 1988 1250 2044 Deum.
1281 1988 1413 2043 Nam
1444 1998 1503 2043 ut
1530 2000 1615 2044 est
1641 1990 1779 2058 apud
1807 1987 2029 2042 Paulum
2060 2005 2073 2042 :

494 2084 521 2137 ι
557 2080 798 2139 Tristitia
828 2078 1119 2138 secundum
1147 2082 1339 2147 Deum,
1366 2082 1735 2150 pmnitentiam
1764 2081 1816 2135 in
1849 2082 2076 2134 salutem

500 2194 601 2230 non
627 2176 990 2246 ptenitendam
1009 2174 1342 2245 operatur”.
1370 2193 1389 2226 ι
1412 2171 1558 2228 Beati
1577 2188 1792 2243 quoque
1812 2184 1839 2226 a
1862 2170 2077 2228 Christo

490 2264 930 2338 pronuntiantur,
957 2283 973 2316 ι
1020 2266 1112 2334 qui
1148 2264 1365 2333 lugent;
1403 2263 1654 2332 quoniam
1692 2262 1791 2331 ipsi
1826 2262 2075 2318 consola-

490 2342 774 2412 buntur“.
808 2355 987 2422 {Quin
1009 2365 1065 2411 et
1085 2357 1301 2424 sapiens
1324 2353 1577 2409 Salomon
1605 2353 1709 2408 tale
1731 2354 1878 2424 quid,
1906 2369 2078 2423 quan-

497 2465 656 2516 quam
687 2447 787 2503 sub
816 2448 1206 2517 integumento,
1240 2445 1371 2501 dicit
1414 2463 1429 2502 :
1475 2464 1495 2496 ι
1548 2438 1735 2499 Melius
1772 2450 1856 2500 εει
1894 2445 1973 2499 ire
2011 2445 2075 2497 ad

490 2542 713 2597 domum
737 2539 945 2605 luctus,
970 2554 1132 2609 quam
1161 2539 1227 2592 ad
1256 2538 1473 2593 domum
1502 2537 1735 2592 convivii
1756 2534 1823 2591 ⁸⁸.
1858 2556 1877 2590 ι
1907 2537 2078 2591 Cat-te-

498 2649 614 2686 rum
644 2626 773 2686 illud
800 2628 1673 2697 considerandumestdiligenter,
1695 2630 1956 2698 Quantum
1982 2642 2075 2683 va-

495 2726 599 2781 leat
634 2720 918 2793 jejunium.
960 2722 1240 2777 Dominum
1283 2721 1671 2787 mansuefacit,
1714 2721 1850 2775 iram
1895 2721 2075 2783 sedat,

496 2832 708 2886 poenam
749 2816 911 2870 tollit.
948 2807 1318 2883 Nosmetipsos
1368 2820 1571 2867 tantum
1618 2826 1722 2867 non
1760 2806 2077 2866 verberibus

494 2911 696 2965 acriter
721 2908 1081 2977 accipientes,
1114 2904 1471 2960 ferocientem
1501 2911 1556 2959 et
1582 2901 1853 2958 furentem
1887 2915 2075 2957 contra

495 3017 593 3056 nos
633 3002 767 3055 iram
814 2999 1050 3053 divinam
1093 2996 1377 3051 commode
1416 2994 1716 3060 ﬂectimus,
1761 3005 1817 3051 et
1857 2997 2074 3049 manum

494 3090 845 3161 percutientis
880 3105 987 3143 non
1024 3086 1307 3143 difﬁculter
1340 3087 1675 3143 cohibemus.
1710 3086 1765 3142 Si
1803 3086 1944 3142 enim
1982 3104 2075 3141 ve—

496 3198 612 3236 rum
653 3190 767 3247 est,
813 3195 911 3235 nos
948 3178 1120 3236 solum
1162 3188 1383 3249 peccata
1422 3187 1610 3234 nostra
1649 3178 1971 3234 confitentes
2005 3180 2073 3246 ³⁸,

494 3273 784 3327 miserante
823 3268 962 3335 Deo,
992 3267 1310 3337 iustiﬁcari,
1347 3268 1570 3339 quinam
1610 3268 1886 3323 dubitctur
1918 3271 2069 3338 quin,
2100 3306 2143 3364 α

493 3364 743 3420 asceticis
772 3362 1051 3417 laboribus
1080 3376 1177 3415 nos
1203 3370 1565 3426 macerantes,
1591 3368 1645 3416 et
1672 3370 1927 3429 tanquam
1958 3362 2071 3428 pce-

493 3473 591 3511 nas
620 3473 647 3509 a
676 3455 943 3509 nobismet
971 3453 1268 3523 exigentes,
1294 3462 1637 3522 peccatorum
1665 3452 1874 3504 veniam
1905 3466 1933 3503 a
1967 3450 2075 3504 Dco

495 3545 884 3618 impetremus?
928 3544 1139 3613 Lugere
1184 3545 1350 3613 igitur
1389 3544 1576 3614 jubet,
1620 3553 1674 3596 et
1725 3543 2073 3596 discindenda

502 3640 717 3708 quidem
742 3637 1065 3691 vestimenta
1093 3634 1341 3699 minime;
1371 3634 1547 3701 potius
1575 3641 1755 3685 autem
1783 3632 1926 3700 quod
1956 3642 2078 3698 per-

485 3734 597 3803 ‘cipi
628 3732 812 3785 animo
839 3741 893 3783 et
923 3728 1249 3799 cogitatione
1273 3735 1486 3795 potest,
1516 3725 1723 3779 immite
1750 3739 1814 3779 ac
1840 3731 2073 3789 saevum,

487 3835 547 3881 'et
591 3830 981 3880 commutatum
1032 3835 1129 3875 seu
1181 3819 1489 3873 induratum
1536 3833 1631 3871 cor
1676 3816 2074 3871 dissolvendum

494 3929 657 3987 atque
680 3912 1082 3984 explicandum,
1106 3925 1217 3980 quo
1245 3910 1338 3966 Dei
1370 3910 1533 3964 timor
1558 3909 1909 3979 ingrediatur.
1929 3906 2075 3962 Scri-

491 4013 626 4065 hens
644 4010 806 4077 igitur
827 4007 893 4061 ad
908 4004 1223 4060 Corinthios
1239 4001 1473 4057 Paulus:
1501 4019 1520 4053 ‹
1555 4001 1671 4057 Non
1690 3999 2071 4070 angnstiamini

495 4102 548 4156 in
568 4101 740 4162 nobis,
768 4118 786 4149 ι
808 4098 1015 4168 inquit;
1040 4114 1059 4148 ι
1081 4094 1654 4163 angustiaminiautem
1691 4093 1743 4146 in
1775 4093 2075 4147 visceribus

492 4193 706 4248 vestris.
743 4190 998 4246 Eamdem
1033 4197 1213 4244 autem
1249 4188 1513 4242 habentes
1546 4185 2073 4250 remunerationem,

490 4290 749 4351 tanq‘nam
782 4281 912 4335 filiis
945 4281 1088 4342 dico,
1124 4277 1424 4331 dilatamini
1464 4288 1517 4329 et
1550 4289 1648 4328 vos
1670 4274 1737 4327 ⁸⁷.
1782 4293 1799 4324 ›
1840 4273 2077 4328 Dilatare

494 4386 625 4447 ergo
653 4380 757 4429 ἐοι-
787 4380 1034 4441 Oportet,
1074 4378 1330 4437 tanquam
1370 4366 1510 4425 Deo.
1544 4374 1595 4419 et
1636 4379 1802 4434 prope
1839 4372 2076 4418 mentem

497 4470 855 4536 disrumpere,
885 4476 943 4517 ut
976 4460 1119 4533 quod
1148 4460 1263 4527 eius
1292 4467 1395 4523 est,
1425 4458 1673 4528 recipiat.
1700 4455 1833 4511 Nam
1868 4456 2076 4511 intesti-

498 4560 628 4612 tiam
666 4558 898 4628 lingere,
935 4556 1107 4624 ruptis
1138 4551 1339 4607 frustra
1376 4566 1440 4605 ac
1475 4558 1679 4605 temere
1708 4550 2075 4613 vestimentis,

2181 1991 2383 2054 πλάτος
2416 1991 2651 2061 ἔρχεται.
2708 1992 2993 2062 Χρήσιμον
3035 1988 3129 2045 οὖν
3166 1993 3275 2062 ἄρα
3320 1992 3380 2045 τὸ
3431 1992 3634 2046 κλαίειν
3675 1990 3760 2060 ἐφ’

2180 2082 2507 2153 ἁμαρτίαις,
2536 2083 2627 2136 καὶ
2653 2082 2943 2138 λυπεῖσθαι
2986 2084 3129 2137 κατά
3157 2084 3309 2137 Θεόν.
3352 2084 3439 2146 Ὠς
3472 2084 3580 2153 γὰρ
3611 2084 3760 2135 Παῦ-

2178 2172 2268 2238 λος
2312 2175 2511 2245 γράφει
2538 2215 2551 2237 ,
2583 2194 2601 2225 ε
2645 2174 2710 2228 Ἠ
2768 2175 2912 2229 κατά
2948 2175 3082 2229 Θεὸν
3145 2175 3288 2246 λύπη
3343 2177 3628 2246 μετάνοιαν
3682 2170 3763 2237 είς

2180 2264 2451 2336 σωτηρίαν
2485 2266 2971 2338 ἁναμεταμέλητον
3008 2266 3429 2338 κατεργάζεται.
3473 2286 3490 2318 ι
3519 2267 3763 2338 Μακαρί-

2178 2354 2260 2420 ζει
2289 2357 2345 2409 δὲ
2376 2357 2470 2409 καὶ
2499 2357 2660 2420 αὐτὸς
2690 2359 2718 2410 ὁ
2770 2358 3005 2429 Χριστὸς
3054 2376 3072 2409 ι
3105 2358 3233 2421 τοὺς
3273 2357 3633 2422 πενθοῦντας,
3679 2360 3765 2411 ὅτι

2180 2452 2334 2504 αὐτοὶ
2367 2452 2904 2523 παρακληθήσονται.
2945 2471 2964 2503 ι
2999 2452 3109 2505 Καὶ
3134 2451 3238 2524 μὴν
3262 2454 3357 2505 καὶ
3380 2452 3408 2504 ὁ
3438 2452 3599 2521 σοφὸς
3631 2453 3765 2524 ἡμῖν

2178 2539 2430 2610 Σολομῶν
2452 2541 2693 2595 τοιοῦτόν
2725 2542 2778 2595 τί
2811 2560 2975 2614 φησιν
3004 2543 3437 2613 αἰνιγματωδῶςο
3473 2561 3491 2595 t
3535 2544 3767 2613 Ἀγαθὸν

2177 2633 2239 2686 τὸ
2272 2633 2603 2705 πορευθῆναι
2630 2638 2709 2699 είς
2734 2631 2882 2689 οἷκον
2902 2635 3151 2699 πένθους,
3180 2637 3214 2706 ἢ
3246 2636 3307 2689 τὸ
3328 2635 3656 2708 πορευθῆναι
3682 2634 3765 2700 είς

2179 2719 2328 2777 οἷκον
2366 2724 2552 2779 πότου.
2598 2745 2616 2776 ι
2648 2727 2795 2797 Πλὴν
2848 2727 3023 2781 ἐκεῖνο
3072 2728 3386 2798 περιαθρείν
3429 2727 3760 2796 ἀναγκαῖον,

2180 2816 2281 2886 ὅση
2310 2834 2394 2880 τις
2416 2817 2533 2869 ἐστὶ
2562 2818 2661 2889 τῆς
2686 2819 2938 2889 νηστείας
2986 2821 3019 2889 ὴ
3067 2818 3319 2889 δύναμις.
3358 2820 3648 2890 Ἐξημεροῖ
3670 2819 3763 2871 τὸν

2177 2908 2476 2978 Δεσπότην,
2508 2908 2825 2974 κατευνάζει
2857 2910 2957 2981 τὴν
3007 2910 3195 2982 ὀργὴν,
3238 2911 3531 2983 ἀνατρέπει
3554 2911 3651 2983 τὴν
3680 2910 3765 2964 κό-

2178 2996 2353 3052 λασιν.
2397 2999 2654 3062 Ἑαυτοὺς
2681 2999 2790 3071 γὰρ
2821 2999 3174 3071 αἰκιζόμενοι,
3213 3002 3491 3071 μονονουχὶ
3513 3000 3764 3072 ἀγριαίνέ

2178 3105 2328 3154 οντα,
2375 3090 2470 3142 καὶ
2494 3090 2858 3161 λελυττηκότα
2887 3089 2978 3144 τὸν
3002 3088 3142 3145 θεῖον
3174 3091 3297 3144 καθ’
3323 3092 3482 3162 ἡμῶν
3520 3088 3579 3145 εὖ
3616 3091 3763 3162 μάλα

2177 3178 2428 3234 δυσωποῦ
2438 3199 2537 3251 μεν
2564 3175 2755 3251 θυμὸν,
2790 3181 2884 3234 καὶ
2912 3180 3009 3254 τὴν
3037 3185 3194 3254 χεῖρα
3236 3182 3329 3236 τοῦ
3362 3180 3762 3248 καταπαίοντος

2177 3269 2413 3334 εὐκόλως
2445 3269 2825 3339 συστέλλομεν.
2861 3270 2924 3323 Ei
2968 3273 3077 3343 γάρ
3123 3273 3271 3327 ἐστιν
3300 3273 3522 3346 ἀληθὲς,
3556 3277 3639 3329 δτι
3669 3272 3765 3329 καὶ

2180 3361 2338 3432 μόνον
2376 3359 2768 3431 ὁμολογοῦντες
2817 3359 2920 3424 τὰς
2969 3363 3245 3433 ἁμαρτίας
3297 3366 3766 3436 κατοικτείροντος

2176 3448 2310 3503 Θεοῦ
2348 3449 2725 3521 δικαιούμεθα,
2757 3450 2873 3513 πῶς
2906 3450 2970 3504 ἂν
3007 3452 3297 3506 ὲνδοιάσειέ
3335 3472 3418 3519 τις
3457 3456 3538 3509 ὅτι
3565 3458 3675 3520 τοῖς
3704 3446 3766 3522 ἐξ

2178 3543 2461 3612 ἀσκήσεως
2517 3545 2700 3606 πόνοις
2739 3542 2967 3607 ἑαυτοὺς
3024 3546 3454 3616 κατατήκοντες,
3499 3548 3594 3601 καὶ
3649 3544 3763 3602 οἷον

2176 3633 2452 3696 αἰτοῦντες
2477 3633 2652 3700 δίκας,
2684 3633 2839 3706 παρὰ
2869 3634 3005 3689 Θεοῦ
3051 3636 3158 3689 τῶν
3194 3638 3601 3709 ἡμαρτημένων
3636 3656 3765 3712 κερ-

2175 3726 2439 3797 δανοῦμεν
2469 3726 2570 3798 τὴν
2608 3728 2837 3797 ἄφεσιν;
2878 3727 3103 3782 Πενθεϊν
3125 3725 3219 3783 οῦν
3239 3729 3347 3801 ἄρα
3381 3731 3613 3799 κελεύει,
3667 3733 3766 3786 καὶ

2175 3818 2567 3890 διαρρηγνῦναι
2610 3821 2772 3889 σφᾶς,
2808 3821 3011 3892 ἥκιστα
3041 3820 3142 3891 μὲν
3162 3821 3233 3874 τά
3267 3823 3467 3894 ᾶμφια,
3496 3823 3767 3878 ’διαπτύσῖ-

2179 3927 2293 3964 σειν
2320 3911 2377 3963 δὲ
2408 3911 2609 3982 μᾶλλον
2652 3911 2861 3982 νοητῶς
2907 3913 3009 3985 τὴν
3060 3913 3287 3985 καρδίαν
3335 3914 3433 3985 τὴν
3464 3916 3644 3986 ἀπηνῆ
3669 3916 3766 3970 καὶ

2183 4000 2564 4073 πεπίλημένην
2619 4004 2700 4066 είς
2748 4001 2815 4073 ἢν
2870 4003 2901 4055 ό
2959 4003 3100 4067 θεῖος
3130 4003 3229 4057 οὐκ
3258 4004 3523 4058 είσδύεται
3577 4005 3761 4075 φόϐος.

2191 4092 2525 4145 Ἐπιστέλλει
2582 4088 2675 4146 οῦν
2731 4092 3039 4165 Κορινθίοις
3089 4096 3117 4147 ὁ
3156 4093 3403 4158 Παῦλος·
3453 4113 3472 4147 ι
3505 4096 3579 4150 Οὐ
3638 4110 3765 4151 στει

2178 4185 2505 4257 νοχωρεῖσθε
2540 4186 2598 4239 ὲν
2623 4188 2784 4257 ἡμῖν,
2805 4187 3227 4259 στενοχωρεῖσθε
3259 4188 3315 4242 δὲ
3340 4191 3399 4241 ὲν
3422 4188 3536 4253 τοῖς
3557 4190 3767 4260 σπλάγ-

2178 4294 2325 4347 χνοις
2379 4276 2551 4347 ὐμῶν.
2591 4276 2704 4349 Τὴν
2738 4277 2793 4330 δὲ
2844 4279 3016 4351 αὐτὴν
3064 4278 3413 4349 ἀντιμισθίαν
3447 4280 3522 4344 ὡς
3552 4281 3765 4346 τέκνοις

2177 4368 2341 4436 λέγω,
2357 4367 2697 4439 πλατύνθητε
2714 4369 2809 4423 καὶ
2822 4370 2852 4423 ὐ
2861 4372 3000 4440 μεϊς.
3014 4388 3032 4422 ι
3049 4370 3171 4443 Χρὴ
3182 4367 3274 4425 οὖν
3294 4371 3401 4442 ἄρα
3414 4388 3543 4426 κατε
3551 4389 3581 4425 υ
3586 4373 3766 4444 ρύνειν

2184 4458 2285 4529 μὲν
2314 4457 2505 4528 ὥσπερ
2526 4459 2645 4530 Θεῷ
2676 4459 2775 4531 τὴν
2809 4460 3057 4532 καρδίαν,
3084 4462 3178 4515 καί¹
3210 4464 3491 4534 μονονουχὶ
3523 4464 3616 4518 τὸν
3639 4465 3764 4518 νοῦν

2181 4548 2633 4621 περιρρηγνῦναι,
2696 4550 3087 4618 ἴνέίσδέξαιτο
3133 4552 3193 4605 τὸ
3246 4553 3434 4608 αὐτοῦ.
3490 4556 3764 4627 Τογάρτοι

499 4650 632 4703 nihil
666 4648 771 4702 illis
828 4646 1093 4717 profuerit
1129 4643 1225 4714 qui
1260 4643 1312 4697 id
1348 4641 1591 4698 fecerint.
1620 4640 1735 4695 Non
1765 4640 1870 4695 vile
1897 4649 2077 4694 autem

2186 4642 2518 4697 πλάττεσθαι
2555 4642 2749 4714 λύπην,
2786 4645 3327 4716 καταρρηγνυμένων
3362 4648 3485 4718 εἰκῇ
3522 4648 3616 4702 καὶ
3657 4650 3764 4719 μότ-

494 4738 706 4795 lucrum
747 4738 1071 4809 apportabit,
1111 4736 1326 4805 aperire
1362 4748 1461 4789 “cor
1501 4731 1635 4800 Deo,
1673 4741 1727 4787 et
1767 4732 1877 4786 illic
1917 4746 2074 4801 repo-

494 4832 628 4886 ‘nere
656 4831 798 4901 quod
819 4829 894 4883 illi
916 4829 1122 4898 placet;
1146 4828 1414 4883 conducet
1457 4825 1603 4879 enim
1627 4836 1712 4879 res
1733 4824 1796 4877 ad
1822 4822 2073 4878 salutem.

499 4924 615 4978 Non
656 4933 832 4977 autem
880 4937 977 4990 spe
1017 4935 1112 4975 sua
1153 4922 1403 4988 lapsuros
1448 4916 1761 4985 suppliciter
1799 4923 2074 4985 rogantes,

498 5015 760 5085 propheta
820 5012 1134 5076 conﬁrmat,
1172 5010 1425 5079 inquiens
1468 5006 1751 5060 Dominum
1794 5006 2075 5060 universo-

500 5110 619 5162 r'um
649 5120 770 5161 esse
799 5102 1112 5173 benignum,
1143 5112 1201 5156 et
1228 5101 1409 5155 multae
1440 5098 1855 5163 misericordiae,
1885 5105 1941 5152 et
1966 5097 2074 5150 mi-

499 5208 816 5260 seratorem,
838 5198 897 5251 ‘et
924 5196 1148 5257 bonum,
1176 5201 1226 5246 et
1257 5191 1609 5260 pmnitentem
1640 5196 1803 5258 super
1828 5188 2073 5243 malitiis.

498 5288 633 5343 Nam
675 5288 776 5343 etsi
821 5292 1140 5356 peccatores
1182 5279 1420 5350 afﬂigere
1456 5279 1705 5348 coeperit,
1748 5288 1927 5332 tamen
1970 5291 2078 5332 non

500 5379 591 5433 diu
636 5378 757 5446 post
804 5374 1055 5438 lenietur,
1096 5370 1361 5439 facileque
1408 5369 1475 5423 ad
1522 5367 1911 5437 benignitatem
1957 5380 2081 5421 sese

503 5465 817 5521 transferet.
861 5462 974 5518 Hoc
1010 5468 1141 5531 puto
1181 5473 1303 5514 esse
1343 5475 1364 5511 ι
1410 5458 1679 5528 poenitere
1719 5467 1884 5526 Super
1920 5455 2077 5510 mali-

504 5560 612 5613 tiis.
649 5577 669 5610 ›
706 5557 945 5611 Salutem
975 5566 1138 5624 porro
1167 5551 1599 5622 desperantibus,
1631 5547 1891 5620 propheta
1926 5547 2077 5602 utili-

505 5658 584 5703 ter
606 5648 962 5717 cogitationes
981 5653 1037 5699 et
1057 5643 1283 5699 consilia
1307 5642 1524 5712 propria
1550 5640 1871 5711 praecidens,
1892 5658 1915 5692 ι
1944 5640 2077 5707 Quis

2193 4748 2313 4802 την,
2353 4734 2597 4804 ὀνήσειεν
2637 4734 2704 4788 ἂν
2736 4735 2890 4789 οὐδὲν
2925 4736 3053 4799 τοὺς
3084 4735 3243 4789 τοῦτο
3274 4735 3407 4809 δρᾷν
3433 4739 3760 4810 ᾑρημένους.

2197 4823 2505 4898 Ἐμποιήσῃ
2541 4825 2585 4879 δ’
2635 4825 2702 4879 ἂν
2747 4828 2825 4880 οὐκ
2854 4825 3026 4898 βραχύ
3053 4827 3114 4879 τὸ
3145 4828 3334 4899 κέρδος
3361 4830 3422 4884 τὸ
3452 4831 3764 4900 ἀνοιγνύναι

2183 4917 2434 4988 καρδίαν,
2457 4918 2553 4972 καὶ
2579 4918 2995 4972 ὲναποτίθεσθαι
3022 4917 3083 4971 τὸ
3103 4917 3294 4972 δοκοῦν
3316 4919 3393 4989 τῷ
3426 4921 3566 4994 Θεῷ.
3613 4925 3766 4978 Ἀποο

2184 5011 2367 5081 κομιεῖ
2392 5011 2499 5081 γὰρ
2539 5009 2602 5063 τὸ
2647 5010 2836 5082 χρῆμα
2882 5010 3021 5082 πρὸς
3054 5012 3350 5084 σωτηρίαν.
3395 5014 3517 5069 Ὅτι
3564 5016 3621 5071 δὲ
3663 5019 3764 5071 οὐκ

2182 5100 2569 5166 ἀποτεύξονται
2634 5100 2731 5154 τοῦ
2795 5100 3002 5155 σκοποῦ
3057 5105 3373 5175 ποιούμενοι
3417 5106 3517 5170 τὰς
3578 5107 3761 5174 λιτὰς,

2182 5191 2411 5263 ὲμπεδοϊ
2460 5193 2657 5262 λέγων,
2710 5193 2787 5258 ὡς
2837 5193 2923 5267 εἵη
2957 5195 3054 5265 μὲν
3082 5194 3242 5249 ὁτῶν
3293 5197 3432 5252 ὅλων
3486 5202 3765 5273 Δεσπότης

2182 5282 2562 5355 φιλάνθρωπός
2581 5301 2661 5351 τε,
2682 5285 2775 5339 καὶ
2797 5283 3060 5355 φιλέλεος,
3078 5287 3399 5360 οἰκτίρμων,
3420 5292 3515 5345 καὶ
3538 5292 3762 5361 ἀγαθὸς,

2183 5369 2280 5425 καὶ
2310 5371 2587 5442 μετανοῶν
2607 5373 2701 5427 ἐπὶ
2731 5377 2853 5439 ταῖς
2884 5375 3129 5440 κακίαις.
3152 5377 3218 5431 El
3241 5378 3351 5451 7&9
3383 5378 3447 5452 δὴ
3471 5383 3563 5435 καὶ
3592 5383 3766 5437 ἕλοιτο

2183 5463 2387 5518 κακοῦν
2407 5466 2531 5528 τούς
2550 5468 2960 5538 ἡμαρτηκότας,
2987 5468 3101 5522 ἀλλ’
3139 5466 3233 5524 οὖν
3264 5471 3418 5525 ἔσται
3446 5476 3638 5545 πρᾶος,
3672 5478 3767 5531 καὶ

2181 5556 2284 5609 οὐκ
2303 5556 2362 5621 ἐς
2393 5558 2633 5629 μακράν.
2673 5560 2998 5632 Μεταχωρεῖ
3019 5562 3130 5634 γὰρ
3165 5563 3403 5628 εὐκόλως
3444 5567 3538 5620 ἐπὶ
3559 5567 3619 5620 τὸ
3643 5567 3767 5637 βου-

2182 5646 2433 5702 λεύεσθαι
2455 5649 2525 5704 τὰ
2548 5651 2783 5724 χρηστά.
2811 5651 2984 5707 Τοῦτο
3006 5648 3146 5708 εἷναί
3175 5670 3318 5729 φημι
3338 5657 3400 5709 τὸ
3438 5676 3457 5710 ι
3484 5659 3766 5729 μετανοεῖν

574 5827 623 5863 ⁸³
673 5825 716 5883 ιι
769 5827 892 5885 Cor.
931 5842 1029 5897 vn,
1060 5826 1145 5882 10.
1202 5824 1466 5881 "Matth.
1520 5840 1570 5893 v,
1619 5825 1671 5880 5.
1749 5826 1793 5860 "
1830 5826 2027 5892 Ecclc.
2075 5844 2077 5851 '

2203 5832 2256 5887 5.
2331 5834 2377 5867 ⁹⁶
2442 5834 2655 5891 Ιιοεη.
2709 5851 2743 5904 t,
2793 5835 2845 5891 9.
2920 5834 2965 5870 ⁵⁷
3004 5833 3045 5889 il
3103 5836 3225 5893 Cor.
3264 5852 3342 5906 vr,
3405 5838 3491 5904 19,
3544 5840 3638 5900 i3.
