4132 6370
336 445 443 513 36's
1219 438 1767 509 conn’nNTAtuvs
1794 434 1871 507 ‘tN
1912 435 2182 509 'J'oELEM
2222 446 2664 513 recensum.
3482 453 3589 513 we

336 576 430 626 ἐπὶ
466 575 583 639 ταῖς
642 572 884 637 κακίαις.
914 593 932 625 ι
990 568 1459 646 ’Υποτεμνόμενος
1482 576 1540 628 δὲ
1569 576 1853 647 χρησίμως
1881 576 1902 626 ό

2014 578 2213 644 novit,»
2235 576 2525 647 inquit,'¢si
2555 578 2835 647 paenitebit
2864 590 3007 640 eum,
3038 583 3091 631 et
3119 575 3353 631 dimittet
3378 585 3501 644 post
3526 591 3588 631 se

339 667 622 737 προφήτης
651 666 760 720 τῶν
783 669 881 738 τὴν
904 666 1175 739 σωτηρίαν
1198 669 1595 736 ἀπεγνωκότων
1617 669 1676 720 τὸ
1709 668 1902 720 εἰκαιό-

2013 669 2477 723 benedictionem?
2496 688 2514 722 ι
2533 679 2664 733 etc.;
2691 669 2740 722 id
2768 677 2868 731 est,
2896 668 3042 721 dabit
3066 664 3504 721 convertentibus
3527 677 3589 719 se

339 756 547 820 ϐουλον,
570 776 588 806 ‹
626 755 721 820 Τίς
741 752 904 824 ciba,»
924 758 1111 828 φησὶν,
1142 778 1159 811 ι
1186 760 1234 812 εἱ
1266 760 1610 830 μετανοήσει,
1645 758 1739 812 xui
1786 761 1902 811 ὑπο·

2013 760 2399 815 benedictionis
2431 761 2546 814 fieri
2586 761 2873 828 participes
2893 800 2908 824 ,
2940 770 2995 813 ut
3028 759 3257 813 libamen
3289 767 3345 812 et
3375 755 3589 810 sacriﬁ-

336 848 566 917 λήψεται
594 849 768 903 ὀπίσω
792 850 955 903 αὐτοῦ
978 852 1228 919 εὐλογίαν
1254 868 1268 916 ;
1309 869 1327 903 ›
1356 852 1448 905 xui
1480 850 1549 904 τά
1570 851 1716 921 ἑξῆς.
1744 852 1902 904 Τουτ-

2014 850 2154 904 cium
2185 851 2376 904 iterum
2408 851 2504 919 ipsi
2534 850 2730 904 olierre
2756 859 2974 917 queant,
3001 849 3302 918 gaudioque
3325 857 3380 902 et
3405 846 3589 902 laetitia

336 940 475 996 ἐστι.
506 940 664 994 δώσει
684 944 795 1005 τοῖς
820 943 1206 1013 ἐπιστρέφουσι
1235 944 1296 996 τὸ
1326 946 1614 1015 μετασχεῖν
1638 943 1902 1012 εὐλογίαν,

2020 943 2358 997 exsultantes
2385 941 2680 1010 gratiarum
2711 943 2951 995 actiones
2978 942 3283 994 decantent.

336 1023 477 1085 ὥστε
511 1036 605 1088 xui
626 1036 853 1109 σπονδὴν
898 1038 992 1091 xui
1023 1037 1213 1093 θυσίαν
1237 1036 1514 1093 ἀναθεῖναι
1537 1038 1701 1092 ’πάλιν
1759 1038 1939 1109 αὐτῷ,
1977 1038 2265 1109 χαίροντας
2299 1055 2361 1090 τε
2393 1039 2486 1091 καὶ
2544 1035 3005 1104 εὐφοαινοαένους
3028 1034 3339 1106 ἀναμέλψαι
3374 1033 3444 1087 τὰ
3490 1049 3590 1102 χαι

338 1144 591 1197 ριστηρια

409 1219 756 1273 Σαλπίσατε
792 1221 1083 1291 σάλπιγγι
1124 1223 1191 1276 ἐν
1237 1218 1423 1289 Σιὼν,
1476 1223 1763 1292 ἁγιάσατε
1805 1228 1913 1290 νη-

332 1294 567 1374 στείαν,
596 1312 892 1381 κηρύξατε
941 1314 1282 1383 θεραπείαν,
1324 1312 1693 1383 συναγάγετε
1734 1316 1912 1381 λαόν,

332 1391 621 1472 druidum
668 1405 1059 1473 Ἐκκλησίαν,
1088 1405 1421 1470 ἐκλέξασθε
1451 1405 1912 1475 πρεσϐυτέρους,

333 1477 629 1562 συνᾶγετε
662 1495 849 1561 νήπια
895 1482 1230 1564 θηλάζοντα
1271 1500 1557 1567 μαστούς.
1596 1498 1917 1562 Ἐξελθέτω

332 1587 593 1653 νυμφίος
640 1587 710 1639 ἐκ
757 1587 864 1641 τοῦ
920 1587 1224 1653 κοιτῶνος,
1283 1590 1378 1642 καὶ
1426 1590 1632 1659 νύμφη
1679 1589 1747 1642 ἐκ
1801 1589 1907 1643 τοῦ

331 1677 571 1731 παστοῦ
594 1677 802 1746 αὐτῆς.
848 1678 1173 1747 Ἁναμέσον
1209 1662 1320 1748 τῆς
1349 1681 1638 1749 κρηπίδος
1680 1680 1907 1734 καὶτοῦ

332 1768 766 1836 θυσιαστηρίου
816 1766 1187 1824 κλαύσονται
1236 1774 1290 1824 οἱ
1340 1772 1532 1838 Ιερεῖς,
1558 1777 1611 1827 οἱ
1642 1774 1909 1841 λειτουρ-

331 1858 582 1925 γοῦντες
624 1861 838 1929 Κυρίῳ,
871 1862 969 1916 καί
1002 1862 1269 1928 ἐροῦσιν*
1311 1864 1539 1931 Φεῖσαι,
1569 1865 1763 1932 Κύριε,
1804 1862 1910 1919 τοῦ

330 1950 483 2003 λαοῦ
517 1955 633 2004 σου
660 1991 675 2016 ,
734 1952 833 2005 καὶ
874 1952 961 2021 μὴ
1010 1952 1127 2018 δῷς
1184 1953 1300 2022 τὴν
1339 1956 1745 2024 κληρονομίαν
1792 1970 1909 2010 σου

343 2045 431 2108 εἰς
486 2042 717 2109 ὄνειδος
765 2042 871 2098 τοῦ
940 2044 1229 2113 κατάρξαι
1270 2044 1469 2099 αὐτῶν
1510 2046 1689 2115 ἔθνη,
1750 2044 1909 2113 ὅπως

324 2132 412 2201 μὴ
444 2134 699 2188 εἴπωσιν
739 2134 807 2187 ἐν
849 2134 974 2199 τοῖς
1018 2134 1244 2200 ἔθνεσι,
1287 2135 1411 2189 Ποῦ
1459 2135 1631 2190 ἐστιν
1678 2139 1710 2190 ὁ
1764 2135 1910 2203 Θεὸς

330 2224 527 2280 αὐτῶν
543 2242 561 2289 ;

403 2316 675 2370 KH'—K6’.
699 2318 1043 2389 Διανίστησιν
1087 2315 1143 2371 εὖ
1175 2319 1322 2390 μάλα
1346 2321 1439 2373 xui
1472 2318 1561 2373 διὰ
1579 2318 1781 2374 τούτων
1811 2320 1907 2373 αὐ-

332 2404 457 2470 τοὺς
490 2409 568 2471 είς
622 2409 985 2478 μετάγνωσιν,
1039 2410 1134 2463 xui
1194 2410 1393 2481 τρόπον
1447 2410 1634 2464 οὐδένα
1693 2408 1793 2482 τῆς
1827 2413 1909 2475 είς

333 2500 490 2553 τοῦτο
524 2500 757 2571 σπουδῆς
808 2500 1246 2572 ἀνεπιτήδευτον,
1288 2498 1382 2574 sev
1413 2496 1691 2557 ἐπιτάττει
1716 2503 1905 2575 χρησί-

334 2610 469 2662 μως.
493 2594 610 2645 Δεῖν
627 2592 733 2663 γὰρ
772 2593 874 2663 ἔφη
897 2594 1132 2665 λαμπρῷ
1160 2597 1251 2648 xui
1277 2593 1565 2668 διαπρεπεῖ
1590 2595 1906 2667 κηρύγματι

332 2684 731 2754 κεχρημένους,
763 2678 1010 2753 ἀγιάζειν
1038 2688 1137 2757 μὲν
1171 2689 1445 2758 νηστείαν,
1475 2689 1710 2760 κηρύξαι
1738 2690 1793 2742 δὲ
1820 2689 1907 2742 θεο

333 2777 586 2845 ραπείαν,
636 2774 729 2829 xui
791 2778 1132 2847 συναγείρειν
1161 2780 1217 2831 ἐν
1261 2770 1562 2851 Ἐκκλησία
1590 2784 1714 2844 τοὺς
1746 2780 1906 2851 θερα-

330 2857 518 2923 πεύειν
547 2869 880 2938 ὀφείλοντας,
916 2861 1072 2941 δῆλον
1104 2860 1159 2923 δὲ
1184 2872 1265 2923 ὂτι
1286 2868 1662 2942 λελυπημένον
1685 2871 1776 2925 τὸν
1798 2871 1906 2924 τῶν

330 2961 466 3014 ὅλων
506 2961 660 3015 Θεόν.
693 2958 818 3015 Εἶεν
854 2962 897 3014 δ’
921 2962 986 3015 ἂν
1023 2958 1168 3016 οὗτοι
1191 2963 1484 3027 νεανίσκοι,
1505 2964 1597 3017 καὶ
1623 2963 1903 3035 παρθένοι,

331 3052 694 3126 πρεσϐύτεροι
733 3054 871 3124 μετὰ
899 3056 1203 3125 νεωτέρων,
1239 3056 1411 3125 νήπιά
1439 3074 1498 3109 τε
1533 3055 1671 3127 πρὸς
1696 3056 1906 3121 τούτοις

328 3144 613 3214 ἀρτιγενῆ,
654 3145 747 3199 xui
773 3146 1055 3211 ὑπότιτθα,
1102 3148 1196 3199 xui
1226 3146 1330 3218 μὴν
1363 3147 1457 3200 καὶ
1499 3148 1756 3217 νυμφίοι,
1809 3147 1906 3202 xui

329 3235 625 3306 ἅρτίγαμοι
675 3237 853 3307 κόραι,
885 3238 1027 3307 τάχα
1060 3255 1162 3290 που
1193 3238 1646 3309 κατεστεμμένων
1689 3238 1770 3291 ἔτι
1799 3238 1902 3292 ne-

331 3326 471 3380 στῶν
495 3326 802 3392 ἐκθέουσαι,
855 3329 949 3380 xui
994 3327 1301 3398 γαμηλίους
1337 3328 1498 3392 εὐνὰς
1534 3327 1862 3399 ἁρνούμεναι
1886 3370 1901 3393 ,

328 3418 539 3489 τρυφῆς
567 3435 648 3484 τε,
679 3420 775 3472 xui
802 3419 964 3471 πότου
992 3417 1360 3490 ὐπερορῶσαι,
1391 3419 1487 3473 xui
1507 3418 1904 3488 ἀλλασσόμεναι

328 3507 426 3579 τὴν
484 3507 907 3580 σκληραγωγίαν
975 3510 1204 3580 (κρότου
1263 3510 1759 3581 περιεσταλμένου,
1811 3510 1904 3563 xui

328 3599 590 3669 ᾀσμάτων
627 3600 999 3671 ἠρεμούντων,
1042 3603 1137 3655 καί
1165 3601 1469 3672 εὐφημιῶν,
1499 3601 1564 3665 ἃς
1614 3600 1732 3664 ἔθος
1761 3602 1903 3654 τισὶν

327 3691 588 3745 ἀνάπτειν
609 3691 817 3746 ἔσθ’ὃτε
835 3697 947 3757 τοῖς
964 3694 1353 3765 γεγαμηκόσι),
1367 3695 1463 3747 xui.
1489 3693 1624 3763 ὁμοῦ
1647 3694 1902 3763 νυμφίοις

326 3781 741 3852 ὀλοφυρόμεναι.
788 3785 899 3837 Καὶ
936 3786 1044 3856 γάρ
1071 3786 1220 3838 ἐστιν
1264 3785 1476 3855 ἀληθὲς·
1510 3786 1646 3855 ὅπερ
1675 3783 1779 3855 ἔφη
1816 3802 1903 3848 τις

324 3870 434 3923 τῶν
471 3871 602 3943 παρ’
640 3873 771 3943 ἡμῖν
809 3875 1007 3944 σοφῶνδ
1046 3875 1333 3928 «Μουσικὰ
1352 3876 1411 3928 ὲν
1434 3874 1640 3939 πένθει,
1674 3874 1901 3945 ἄκαιρος

324 3962 595 4034 διήγησις.
642 3966 1061 4037 Ἐπηρτημένης
1089 3967 1153 4037 δὴ
1200 3963 1292 4020 οὖν
1343 3968 1475 4037 ἡμῖν
1512 3966 1660 4030 θείας
1691 3966 1897 4037 ὀργῆς,

325 4053 541 4107 πενθεῖν
589 4056 919 4124 ἀναγκαῖον,
967 4057 1091 4128 οὐχὶ
1150 4058 1334 4121 πότοις
1390 4075 1450 4110 τε
1518 4057 1611 4111 xui
1668 4059 1901 4128 τρυφαῖς

325 4146 706 4216 ἐνευρύνεσθαι
741 4149 936 4217 φιλεῖν.
966 4150 1089 4201 ’Ότι
1127 4147 1236 4219 γὰρ
1288 4149 1389 4201 οὐκ
1442 4149 1793 4220 ἀμοιρήσειεν
1833 4148 1899 4202 ἂν

329 4240 548 4308 μομφῆς
578 4256 659 4303 τε,
698 4241 791 4295 xui
819 4240 975 4311 δίκης
1003 4241 1064 4293 τὸ
1085 4241 1185 4294 οὐκ
1232 4242 1289 4294 ἐν
1318 4241 1496 4313 καιρῷ
1530 4242 1764 4313 τρυφᾷν,
1805 4258 1901 4293 σα·-

326 4332 508 4398 φηνιεῖ
534 4344 619 4394 τις
641 4330 750 4384 τῶν
786 4332 957 4399 ἁγίων
990 4333 1305 4403 προφητῶν,
1335 4332 1509 4400 λέγων
1548 4334 1677 4402 περὶ
1702 4331 1809 4384 τῶν
1841 4331 1901 4397 ἐξ

335 4419 574 4491 Ἰσραήλ·
620 4439 637 4471 ι
660 4423 769 4476 Καὶ
799 4423 1026 4477 ἐκάλεσε
1047 4424 1249 4494 Κύριος
1272 4424 1497 4477 Σαϐαὼθ
1529 4425 1587 4478 ὲν
1618 4427 1684 4495 τῇ
1712 4424 1899 4496 ἡμέρᾳ

2083 1216 2245 1285 220
2292 1212 2455 1268 Vsus.
2484 1212 2667 1267 15-17.
2702 1211 2940 1282 Clangite
2968 1214 3092 1267 tuba
3122 1214 3177 1266 in
3211 1211 3361 1280 Sion,
3387 1218 3591 1271 sancti-‘3

2013 1307 2165 1374 [irate
2181 1305 2463 1375 jejunium,
2487 1302 2767 1371 pra'dicate
2791 1303 3135 1368 curationem,
3158 1315 3464 1374 congregate
3486 1323 3587 1371 po—

2011 1398 2210 1465 pulum,
2230 1396 2554 1463 sanctiﬁcate
2578 1395 2883 1459 Ecclesium,
2902 1395 3075 1466 eligite
3095 1397 3346 1461 seniores,
3362 1412 3583 1465 congre-

2014 1500 2131 1558 gate
2162 1486 2411 1559 parvulos
2439 1496 2675 1555 sngentes
2709 1485 2891 1540 ubera.
2922 1485 3243 1556 Egrediatur
3267 1502 3487 1554 sponsus
3520 1488 3585 1539 de

2014 1580 2175 1633 cubili
2210 1596 2325 1643 suo,
2361 1590 2407 1633 et
2443 1596 2636 1648 sponsu
2668 1582 2733 1634 de
2764 1582 2996 1635 thalamo
3028 1597 3143 1634 suo.
3182 1580 3329 1635 Inter
3359 1584 3585 1651 crepidid

2014 1688 2128 1725 nem
2163 1681 2212 1725 et
2246 1674 2414 1726 altare
2446 1673 2722 1741 plorabant
2758 1673 3056 1728 sacerdotes
3094 1674 3445 1728 ministrantes
3479 1675 3587 1727 Do-

2014 1765 2177 1829 mino,
2212 1774 2259 1816 et
2297 1763 2467 1817 dicent
2500 1781 2520 1818 :
2554 1763 2743 1829 Parce,
2776 1764 3020 1830 Domine,
3056 1765 3247 1834 populo
3290 1776 3402 1829 tuo,
3434 1775 3484 1819 et
3525 1777 3588 1819 ne

1942 1847 1985 1902 Β
2013 1854 2103 1907 des
2131 1851 2487 1907 hwreditatem
2518 1865 2663 1906 tuam
2696 1856 2747 1907 in
2778 1853 3135 1923 opprobrium,
3167 1864 3224 1907 ut
3254 1857 3588 1908 dominentur

2010 1960 2189 1997 eorum
2225 1954 2418 2013 gentes,
2452 1953 2509 1997 ut
2547 1961 2650 1999 non
2683 1946 2861 1999 dicant
2899 1947 2952 1998 in
2990 1946 3288 2000 nationibus
3322 1964 3339 2001 :
3374 1946 3474 2000 Ubi
3509 1956 3587 2000 est

2015 2034 2149 2088 Deus
2183 2036 2401 2090 eorum?

2077 2316 2514 2375 XXVIII-XXIX.
2558 2321 2732 2375 Etiam
2773 2314 2854 2377 his
2876 2330 2970 2378 eos
2991 2322 3056 2377 ad
3078 2322 3450 2392 paenitentiam
3502 2338 3589 2375 re-

2008 2407 2246 2465 ctissime
2262 2411 2529 2465 exsuscita
2540 2420 2631 2473 t,et
2649 2412 2835 2466 modos
2850 2425 3037 2468 omnes
3052 2413 3104 2467 iu
3116 2412 3220 2467 hoc
3234 2412 3411 2468 studio
3425 2424 3591 2482 expe-

2011 2498 2103 2553 riri
2126 2500 2414 2556 salubriter
2438 2502 2975 2573 praecipit.‘0portere
2992 2505 3159 2568 enim,
3176 2504 3371 2572 inquit,
3393 2505 3588 2575 insigni

2006 2601 2062 2645 et
2088 2593 2794 2649 excellentidenuntiatione
2814 2595 3051 2649 adhibita
3084 2595 3425 2650 sanetilicare
3442 2595 3587 2665 jeju-

2007 2684 2176 2749 nium,
2203 2686 2496 2754 prazdicare
2522 2687 2881 2751 curationem,
2900 2695 3295 2757 eteongrcgare
3320 2689 3373 2742 in
3404 2687 3589 2742 Eccle-

2006 2776 2163 2840 siam,
2182 2778 2271 2844 qui
2297 2777 2461 2831 Deum
2480 2776 2741 2832 olIeusutu
2766 2780 3077 2848 propitient,
3101 2794 3291 2849 ueinpe
3315 2797 3333 2829 ι
3358 2779 3587 2848 juvenes

2004 2880 2055 2923 et
2091 2871 2359 2939 virgines,
2392 2885 2551 2925 senes
2585 2886 2706 2925 cum
2735 2872 3041 2940 junioribus
3066 2872 3134 2934 ",
3173 2890 3193 2922 ι
3234 2873 3465 2926 infantes
3503 2874 3587 2925 itu-

2006 2979 2167 3032 super
2192 2964 2350 3018 modo
2379 2965 2587 3033 genitos
2612 2964 2655 3027 ί,
2682 2974 2735 3018 et
2765 2965 2941 3019 adhuc
2972 2966 3072 3019 sub
3103 2966 3288 3029 ubere,
3323 2976 3585 3034 prmterea

2005 3072 2231 3125 sponsos
2257 3066 2312 3111 et
2340 3072 2506 3112 novas
2536 3066 2749 3128 nuptas,
2782 3060 3031 3113 nimirum
3058 3074 3088 3113 e
3121 3060 3372 3115 thalamis
3403 3062 3584 3115 adhuc

2007 3145 2280 3199 em'oualis
2319 3157 2691 3211 excurrentes,
2727 3156 2785 3201 et
2828 3146 3080 3202 lectulum
3127 3149 3392 3217 genialem
3434 3152 3589 3205 deses

1958 3230 1977 3253 ‘
2011 3246 2212 3300 rentes,
2241 3237 2676 3305 voltiptatemqne
2700 3246 2754 3291 et
2780 3238 2966 3306 epulas
2992 3239 3369 3307 despicientes,
3396 3250 3451 3293 et
3477 3241 3585 3293 vita

2009 3330 2305 3384 au'steriore
2332 3340 2723 3383 counuutantes
2754 3330 2977 3399 (plausu
3011 3345 3343 3398 compresso,
3375 3332 3587 3399 epitltaa

2010 3417 2186 3472 lamiis
2224 3418 2526 3482 silentibus,
2564 3428 2617 3473 et
2658 3420 2812 3473 bouis
2853 3420 3145 3484 ominibus,
3185 3422 3380 3488 quibus
3421 3438 3586 3476 novos

2008 3509 2265 3579 conjuges
2288 3511 2504 3579 quidam
2534 3510 2787 3579 prosequi
2814 3514 3036 3580 solent),
3062 3519 3116 3564 et
3141 3526 3243 3564 una
3269 3528 3389 3565 cunt
3417 3527 3567 3581 spon-

2006 3603 2082 3657 sis
2127 3604 2501 3657 lamentantes.
2542 3601 2738 3655 Verum
2803 3602 3067 3670 siquidem
3120 3619 3257 3657 unus
3302 3616 3333 3658 e
3382 3606 3582 3657 uestiis

2006 3691 2342 3761 sapientibus
2373 3692 2507 3746 dixit
2536 3708 2552 3747 :
2589 3711 2609 3744 ‹
2647 3690 2848 3746 Musica
2882 3693 2933 3745 iu
2964 3692 3131 3755 luctu,
3160 3702 3244 3746 est
3275 3694 3580 3762 importuna

2006 3784 2243 3838 narratio
2258 3783 2300 3836 '.
2329 3802 2348 3834 ι
2373 3781 2724 3852 Opprimeute
2749 3783 2909 3852 igitur
2928 3797 3026 3837 nos
3051 3784 3125 3836 ira
3147 3782 3345 3845 divina,
3372 3782 3576 3851 lugere,

2006 3889 2111 3928 non
2138 3873 2400 3927 conviviis
2422 3883 2476 3927 et
2499 3873 2709 3928 deliciis
2732 3874 2909 3929 soluto
2936 3875 3117 3927 animo
3145 3886 3336 3928 vacare
3362 3889 3582 3930 necesse

2002 3976 2103 4021 est.
2128 3965 2265 4020 Nam
2295 3965 2671 4035 intempestive
2698 3966 2828 4019 dare
2856 3980 3075 4034 operam
3100 3966 3380 4036 voluptati,
3408 3976 3461 4021 et
3494 3983 3580 4023 re-

2004 4059 2418 4128 prehensionem
2448 4069 2504 4115 et
2532 4075 2746 4129 poenam
2779 4061 2998 4125 mereri,
3028 4061 3247 4131 quidam
3281 4066 3346 4117 de
3374 4065 3579 4119 sanctis

2004 4151 2282 4221 prophetis
2308 4152 2565 4215 ostendit,
2595 4152 2680 4207 bis
2706 4152 2884 4207 verbis
2911 4152 2978 4206 de
3008 4152 3276 4206 lsraelitis
3305 4152 3531 4222 loquens
3560 4175 3576 4208 :

2009 4263 2027 4295 ι
2066 4244 2133 4297 Ει
2158 4243 2372 4298 vocavit
2406 4245 2664 4298 Dominus
2692 4242 2931 4298 Sabaoth
2960 4243 3015 4297 in
3042 4243 3129 4298 die
3161 4244 3248 4297 illa
3279 4241 3497 4310 ﬂetum,
3524 4258 3582 4299 et

2002 4333 2298 4402 planctum,
2322 4342 2377 4388 et
2404 4334 2698 4401 calvitium,
2728 4343 2781 4388 et
2811 4334 3111 4389 cincturam
3142 4348 3447 4400 saecorum;
3477 4336 3581 4403 ipsi

2002 4436 2181 4482 autem
2206 4428 2448 4481 fecerunt
2469 4425 2732 4491 laetitiam,
2758 4424 3104 4480 immolantes
3123 4424 3316 4481 vitulos
3336 4436 3391 4482 et
3412 4428 3582 4480 sacri—

322 4509 506 4581 ὲκείνῃ
555 4510 851 4584 κλαυθμὸν,
883 4515 977 4567 xui
1021 4515 1248 4569 κοπετὸν
1273 4557 1287 4579 ,
1346 4517 1441 4569 xui
1492 4515 1750 4588 ξύρησιν,
1801 4516 1895 4570 xui

2005 4520 2229 4573 licentes
2252 4532 2410 4581 oves;
2442 4518 2514 4571 ita
2542 4528 2595 4570 ut
2630 4516 2977 4571 comederent
3004 4531 3217 4580 carnes,
3247 4526 3303 4572 et
3331 4517 3580 4573 biberent

322 4603 487 4668 ζῶσιν
519 4604 759 4673 σάκκων,
774 4610 928 4663 αὐτοὶ
948 4610 1005 4664 δὲ
1028 4611 1355 4681 ἐποιήσαντο
1383 4610 1741 4682 εὐφροσύνας,
1758 4611 1893 4679 σφά-

320 4696 507 4763 ζοντες
540 4700 744 4772 μόσχου
760 4719 787 4765 ς
806 4741 820 4766 ,
845 4702 935 4755 xui
959 4702 1176 4766 θύοντες
1210 4702 1478 4775 πρόϐατα,
1503 4704 1597 4757 xui.
1624 4702 1895 4771 λέγοντεςο

318 4789 608 4860 Φάγωμεν,
641 4793 736 4846 xui
770 4793 1004 4863 πίωμεν,
1046 4793 1236 4866 αὔριον
1263 4795 1375 4863 γὰρ
1403 4792 1840 4865 ἀποθνήσκομεν.
1872 4812 1892 4847 ι

320 4882 591 4951 Ζητητέον
640 4880 733 4937 οὖν
793 4884 1043 4956 θρήνους,
1101 4886 1196 4940 xui
1250 4886 1459 4955 δάκρυα
1513 4885 1899 4956 ὲπηρτημένης

316 4972 506 5043 ὀργῆς.
540 4974 649 5026 Kui
688 4974 985 5046 διερρίφθω
1028 4977 1207 5040 πότος.
1248 4979 1368 5030 Δεῖν
1414 4976 1470 5030 δέ
1503 4992 1666 5046 φησιν
1707 4979 1735 5029 ὁ
1764 4993 1897 5047 προ-

316 5066 492 5133 φήτης
521 5066 615 5116 xui
643 5067 773 5119 αὐτὸ
796 5070 905 5131 τοῖς
931 5067 1185 5122 πενθοῦσι
1218 5069 1280 5121 τὸ
1324 5069 1468 5140 ἱερὸν
1491 5067 1890 5122 ἀναπλέκεσθαι

316 5155 409 5207 xui
430 5156 729 5210 ἀπόλεκτον
778 5160 957 5228 γένος,
1013 5161 1105 5215 xui
1130 5161 1192 5231 δὴ
1225 5162 1360 5232 πρὸς
1416 5162 1609 5224 αὐταῖς
1658 5164 1890 5232 κρηπῖσι

311 5243 406 5298 τοῦ
438 5242 589 5313 ναοῦ,
618 5249 711 5301 xui
732 5251 1004 5321 ἁναμέσον
1043 5251 1137 5305 τοῦ
1176 5252 1562 5323 θυσιαστηρίου
1608 5252 1892 5306 κατολολύ-

314 5336 425 5400 ζειν
458 5340 692 5405 ἐκτενῶς
728 5342 1164 5409 ἀνακωκύοντας,
1189 5346 1281 5397 xui
1319 5344 1597 5413 λέγονταςο
1635 5364 1653 5397 ι
1683 5346 1889 5411 Φεῖσαι,

312 5427 506 5500 Κύριε,
531 5430 627 5483 τοῦ
662 5432 791 5486 λαοῦ
830 5451 947 5499 σου,
983 5435 1080 5489 xui
1130 5436 1204 5506 μὴ
1250 5435 1355 5506 δῷς
1382 5436 1480 5507 τὴν
1531 5435 1895 5507 κληρονομίαν

314 5536 408 5574 σου
443 5525 524 5587 είς
554 5524 779 5590 ὄνειδος,
831 5526 925 5580 τοῦ
959 5528 1226 5599 κατάρξαι
1277 5528 1456 5582 αὐτῶν
1482 5527 1629 5599 ἔθνη,
1687 5529 1897 5599 μήποτε

311 5609 506 5665 εἴπωσι
543 5615 611 5669 τά
650 5615 801 5686 ἔθνη,
849 5617 959 5671 Ποῦ
1010 5618 1205 5673 ἐστινὸ
1249 5618 1377 5682 Θεὸς
1434 5618 1647 5684 αὐτῶν;
1686 5638 1703 5671 ι
1755 5618 1897 5673 Ἀλλ’

310 5700 470 5773 εἰπερ
511 5707 672 5776 μόνον
699 5709 847 5780 αὐτῷ
891 5711 992 5783 τῆς
1031 5712 1250 5782 ἀκρίδος
1296 5710 1452 5780 λόγος
1500 5708 1586 5782 ἦν,
1632 5710 1750 5775 πῶς
1779 5711 1899 5782 οὐχὶ

2000 4615 2222 4677 vinum,
2270 4611 2514 4665 dicentes
2558 4626 2573 4664 :
2624 4608 2988 4664 Comedamus
3031 4618 3085 4664 et
3134 4608 3408 4676 bibamus,
3453 4625 3579 4665 cras

1994 4704 2140 4757 enim
2188 4700 2508 4755 ntorimur'.
2554 4718 2573 4752 ι
2618 4699 2698 4753 Ad
2731 4699 2967 4754 lamenta
3011 4700 3175 4770 igitur
3210 4712 3269 4756 et
3308 4699 3577 4773 lacryntas

1994 4792 2409 4861 confugiendum
2439 4800 2522 4846 est
2554 4790 2638 4846 bis
2692 4792 2744 4845 iu
2774 4805 2911 4859 quos
2937 4791 3178 4847 caelestis
3205 4792 3284 4847 ira
3315 4792 3575 4850 incubue-

1998 4886 2086 4940 rit.
2110 4885 2293 4953 Apage
2320 4899 2440 4939 cum
2469 4883 2753 4939 conviviis.
2780 4883 3109 4954 Lugentibus
3135 4898 3297 4954 porro
3321 4898 3567 4941 sanctum

1996 4985 2051 5031 et
2075 4974 2304 5030 electum
2330 4989 2500 5045 genus
2523 4975 2855 5029 miscendum
2884 4978 2979 5041 ait,
3006 4985 3061 5030 et
3088 4976 3210 5031 ideo
3240 4977 3379 5033 inter
3400 4978 3570 5032 vesti-

1997 5066 2180 5122 bulum
2227 5066 2408 5136 templi
2451 5075 2506 5121 et
2544 5066 2714 5122 altare
2758 5066 3062 5136 ploraturos
3108 5068 3346 5135 impense
3388 5083 3569 5123 sacer-

2001 5160 2181 5227 dotes,
2214 5169 2269 5215 et
2301 5175 2421 5215 cum
2458 5160 2662 5214 ululatu
2698 5160 2936 5215 dicturos
2971 5178 2984 5215 :
3021 5179 3043 5213 ‹
3082 5159 3280 5228 Parce,
3313 5161 3564 5226 Domine,

2000 5252 2197 5322 populo
2226 5262 2339 5319 tuo,
2371 5261 2426 5307 et
2458 5267 2527 5308 ne
2562 5254 2657 5307 des
2692 5253 3062 5307 haereditatem
3099 5263 3244 5306 tuam
3285 5253 3337 5305 in
3374 5267 3569 5322 Oppro-

1999 5344 2211 5408 brium,
2254 5356 2312 5397 nt
2353 5344 2701 5399 dominentur
2740 5358 2927 5398 eorum
2972 5343 3254 5408 nationes,
3296 5343 3454 5412 221
3504 5360 3572 5398 ne

1995 5436 2132 5492 forte
2156 5436 2337 5491 dicant
2362 5445 2549 5505 gentes
2579 5451 2594 5490 :
2625 5435 2725 5491 Ubi
2756 5446 2838 5490 est
2867 5434 3010 5490 Dens
3037 5436 3259 5490 eorum?
3289 5455 3308 5487 ρ
3339 5435 3491 5502 Quod
3525 5439 3569 5493 si

1996 5538 2205 5586 tantum
2239 5531 2308 5585 de
2340 5528 2547 5584 locusta
2582 5528 2839 5598 loquitur,
2878 5530 3149 5599 quomodo
3184 5543 3289 5583 non
3325 5532 3569 5599 potinsa

1995 5622 2135 5679 [ante
2176 5631 2231 5678 et
2278 5622 2459 5692 inopia
2502 5622 2718 5676 liberari
2764 5621 2987 5691 petunt?
3030 5619 3249 5675 Timent
3292 5634 3471 5676 autem
3514 5622 3568 5675 itt

1996 5730 2186 5771 manus
2210 5715 2442 5769 hostium
2471 5713 2728 5780 incidere,
2747 5721 2801 5768 et
2824 5712 3129 5770 irrisionem
3153 5726 3315 5785 atque
3338 5715 3571 5773 dedecui

379 5884 425 5917 "
485 5885 627 5941 Psal.
662 5901 879 5953 chvut,
936 5888 1017 5942 l2.
1100 5888 1115 5918 ¹
1172 5887 1190 5942 l
1250 5887 1392 5943 Petr.
1460 5903 1515 5953 η,
1556 5885 1611 5941 Ξ.
1690 5888 1711 5918 ²
1759 5885 1899 5943 Eceli

2008 5902 2102 5951 xu,
2131 5886 2181 5939 6.
2260 5886 2279 5916 ³
2336 5885 2437 5940 ὶςιι.
2508 5900 2645 5951 xxn,
2681 5885 2885 5953 12,13.
