4132 6370
333 341 437 397 509

1224 329 1775 389 COMMENTARIUS
1816 331 1881 387 IN
1922 330 2183 390 JOELEM
2224 330 2665 391 PROPIIETAM.

3479 337 3597 394 370

324 455 547 529 ἁκρίδος
575 453 759 517 αὐτοῖς
789 449 1139 523 ὲπιπηδὼσης
1174 450 1274 521 τῆς
1315 447 1427 503 τῶν
1473 448 1745 521 δαιμόνων
1773 447 1906 519 ἀγέ-

2036 451 2230 519 livitite,
2260 452 2489 525 proinde
2508 463 2567 509 ut
2593 453 2798 509 locusta
2818 449 3091 506 insiliente
3146 450 3199 506 in
3250 451 3394 523 ipsas
3427 469 3590 527 grege

324 559 443 619 Αης,
494 546 587 600 καλ⁵
620 542 1000 600 καταθεουσῶν
1047 539 1253 613 ἀρχῶν,
1288 540 1566 612 δυνάμεων
1608 542 1704 594 καὶ
1756 540 1907 605 ὲξου⁶

327 638 460 692 σιῶν
489 636 684 709 (δῆλον
712 635 768 688 δὲ
789 636 869 689 ⁵Ξτι
899 634 1216 705 πονηρῶν),
1237 632 1459 685 ποιείτω
1477 632 1538 684 τὸ
1560 631 1777 697 πένθος,
1811 649 1906 704 με·

328 731 536 785 λετάτω
573 730 673 801 τὴν
737 729 1098 800 μετάγνωσιν,
1148 726 1516 799 δακρυροείτω
1559 727 1696 797 πρὸς
1750 727 1903 781 Θεόν.

343 822 662 877 ’Δκούσεται
694 822 803 892 γὰρ
856 821 1018 884 εὐθὺς
1066 821 1130 873 ἐκ
1183 818 1592 891 φιλανθρωπίας
1633 818 1906 887 λέγοντοςο

336 929 355 964 t
402 912 532 965 Ἰδοὺ
567 909 678 980 ἐγὼ
704 909 894 980 δίδωμι
928 909 1057 979 ὑμῖν
1076 907 1166 961 τὸν
1194 910 1358 969 σῖτον,
1388 908 1483 960 καὶ
1506 906 1597 961 τὸν
1620 902 1781 973 οἶνον,
1814 907 1910 959 καὶ

330 1002 393 1055 τὸ
430 1000 633 1056 ἔλαιον.
672 1019 690 1052 ι
752 1000 1049 1069 Ἀποφανεῐ
1077 998 1186 1071 γὰρ
1233 996 1330 1067 τὴν
1370 995 1537 1050 αὐτοῦ
1581 997 1807 1070 καρδίαν
1834 995 1911 1061 ὡς

332 1090 601 1163 εύσταχυν
624 1090 751 1160 γῆν,
786 1090 863 1154 ὼς
891 1090 1157 1161 πρέμνοις
1185 1088 1405 1160 ὡραίοις
1429 1087 1685 1160 κομῶντα
1713 1087 1909 1159 κῆπον,

332 1182 412 1246 ὡς
458 1181 720 1253 εὔδοτρυν
770 1178 1092 1251 ἀμπελῶνα,
1122 1178 1216 1232 καὶ
1250 1178 1359 1251 μὴν
1397 1179 1491 1233 καὶ
1543 1178 1710 1249 ἐλαίῳ
1738 1194 1911 1232 κατα-

334 1276 539 1330 πιανεῐ.
601 1290 622 1324 ι
670 1271 963 1335 Ἐλίπανας
999 1272 1058 1325 ἐν
1101 1271 1266 1342 ἐλαίῳ
1310 1271 1408 1343 τὴν
1438 1271 1678 1341 κεφαλήν
1729 1287 1856 1341 μου.
1889 1288 1908 1323 ι

350 1364 626 1430 Ἐξελάσει
676 1364 732 1417 δὲ
778 1364 873 1417 ἀπ’
912 1362 1077 1418 αὐτοῦ
1124 1364 1218 1417 τὸν
1249 1362 1359 1417 ἀπὸ
1404 1362 1596 1436 βορρᾶ,
1628 1361 1913 1424 τουτέστι,

336 1458 430 1509 τὸν
482 1455 834 1526 ἀποψύχοντα
879 1457 1147 1520 Σατανᾶν,
1198 1455 1293 1509 καὶ
1342 1455 1442 1527 ζῇν
1481 1455 1585 1510 ούκ
1634 1455 1810 1510 ἐῶντα
1838 1454 1917 1525 τῷ

339 1548 613 1619 πνεύματι
630 1548 758 1612 τοὺς
778 1548 868 1600 ὑπ’
898 1548 1048 1620 αὑτῷ
1068 1548 1416 1620 γενομένους.
1451 1547 1840 1620 Ψυχθήσεσθαι
1860 1546 1917 1602 δὲ

337 1643 367 1694 ὁ
400 1643 603 1712 Κύριος
645 1642 749 1713 τὴν
791 1642 1011 1711 ἀγάπην
1048 1640 1157 1695 τῶν
1200 1642 1410 1695 πολλῶν
1471 1643 1677 1712 ἔφασκε
1730 1642 1818 1697 διά
1858 1643 1920 1695 τὺ

341 1733 713 1805 πληθυνθῆναι
751 1734 849 1806 τὴν
875 1734 1123 1804 ἀνομίαν.
1173 1735 1314 1788 Ἀλλ’
1347 1736 1463 1805 οἶγε
1509 1734 1748 1806 Χριστοῦ
1774 1734 1918 1803 γνὼ-

2020 545 2350 613 dtemonum,
2374 554 2428 600 et
2464 543 2865 601 incursantibus
2914 542 3330 614 principatibus,
3370 546 3587 605 virtuti-

2008 638 2128 697 bus,
2165 637 2521 707 potestatibus
2570 636 2752 705 (malis
2792 634 3021 706 utique),
3063 635 3232 692 luctui
3281 651 3341 693 se
3403 639 3588 705 dedat,

2011 728 2384 797 pmnitentiam
2407 738 2681 793 exerceat,
2712 728 2779 783 ad
2826 726 2993 781 Deum
3028 728 3295 799 lacrymas
3328 728 3589 796 eﬂ‘undat,

2008 827 2063 873 et
2092 817 2273 872 statim
2313 833 2409 887 pro
2431 818 2758 889 benignitate
2773 818 3042 873 dicentem
3078 818 3262 874 audiet
3296 834 3310 871 :
3368 836 3392 871 ε
3453 819 3593 874 Ecce

2010 922 2109 979 ego
2138 909 2207 963 do
2241 908 2393 965 vobis
2428 907 2782 975 frumentum,
2820 917 2874 963 et
2937 911 3126 964 vinum
3156 950 3171 974 ,
3222 919 3278 966 et
3321 910 3523 966 oleum.
3566 929 3586 963 ι

2011 1002 2220 1058 Reddet
2242 1002 2388 1056 enim
2412 1016 2507 1057 cor
2530 1001 2649 1071 ejus
2678 1011 2737 1056 ut
2783 1017 2970 1073 agrum
3003 1002 3168 1073 spicis
3219 1002 3502 1069 refertum,
3534 1012 3597 1057 ut

2011 1096 2229 1152 hortum
2258 1093 2515 1164 stirpibus
2536 1100 2861 1157 comantem,
2892 1100 2951 1148 ut
2979 1094 3191 1150 vineam
3252 1093 3423 1149 botris
3476 1091 3591 1162 ple-

2013 1186 2320 1253 nam.Quin
2365 1194 2420 1240 et
2470 1184 2592 1238 oleo
2628 1182 2995 1253 pinguefaciet
3030 1199 3044 1236 :
3082 1201 3103 1235 ι
3144 1182 3495 1253 Impinguasti
3541 1182 3594 1235 in

2014 1281 2132 1335 oleo
2161 1289 2323 1350 caput
2369 1295 2547 1334 meum
2584 1281 2625 1335 ⁸.
2669 1298 2687 1331 ›
2724 1279 2968 1350 Expellet
2996 1278 3229 1347 denique
3276 1279 3347 1332 ab
3400 1292 3466 1333 eo
3499 1291 3595 1330 ve-

2017 1372 2249 1425 nientem
2269 1372 2336 1426 ab
2352 1371 2624 1441 aquilone,
2653 1371 2703 1425 id
2721 1378 2822 1436 est,
2855 1368 3285 1440 frigefacietttem
3312 1368 3594 1431 Satanam,

2018 1477 2115 1517 nec
2147 1463 2409 1517 sinentem
2451 1464 2641 1532 spiritu
2672 1463 2854 1518 vivere
2892 1477 3029 1531 quos
3086 1461 3380 1531 subegerit.
3418 1459 3598 1515 Refri-

2017 1563 2258 1624 geratum
2288 1570 2449 1623 porro
2486 1554 2549 1608 iri
2579 1553 2871 1610 multorum
2929 1552 3275 1617 citaritatem,
3341 1552 3598 1622 quoniam

2018 1645 2308 1701 abundabit
2362 1647 2670 1715 iniquitas",
2732 1644 2992 1699 Dominus
3072 1653 3320 1700 testatur.
3397 1644 3598 1697 Verum

2018 1737 2233 1793 Christo
2266 1738 2379 1792 noti
2414 1737 2625 1793 fervent
2647 1738 2861 1807 spiritu,
2893 1749 2947 1792 et
3002 1738 3315 1807 neutiquam
3372 1735 3600 1805 refrige-

343 1843 493 1897 ριμοι
535 1825 613 1896 τῷ
666 1826 933 1896 πνεύματι
967 1824 1202 1889 ζέουσιν.
1251 1826 1557 1898 Ἀνέχονται
1586 1826 1643 1879 δὲ
1668 1824 1918 1896 οὐδαμῶς

2036 1844 2173 1884 scere
2195 1831 2462 1885 sustinent
2486 1832 2552 1885 ad
2587 1843 2770 1900 turpes
2798 1829 3124 1897 voluptates,
3167 1827 3383 1897 quando
3418 1846 3436 1878 ι
3476 1842 3599 1881 car-

342 1918 402 1970 τὺ
426 1917 801 1988 ἀποψύχεσθαί
836 1936 925 1970 ποι
953 1917 1089 1988 πρὸς
1114 1918 1213 1981 τὰς
1233 1919 1496 1983 ὲκτόπους
1524 1918 1735 1990 ἡδονάς.
1764 1936 1782 1969 ι
1809 1918 1921 1988 Τὴν

2036 1936 2142 1974 iem
2170 1936 2322 1975 suam
2355 1921 2879 1977 cruciﬁxeruntcum
2911 1921 3123 1977 vitiiset
3148 1918 3602 1990 concupiscentiis

344 2007 525 2078 σάρκα
546 2009 654 2081 γὰρ
686 2009 891 2062 ἑαυτῶν
923 2009 1275 2081 ἐσταύρωσαν
1318 2010 1415 2064 σὺν
1445 2012 1553 2073 τοῖς
1603 2009 1920 2080 παθήμασι,
2022 2012 2134 2067 suis
2157 2012 2201 2067 ⁸.
2238 2030 2256 2065 ι

345 2100 438 2153 καὶ
476 2103 595 2164 ταῖς
624 2100 963 2170 ἐπιθυμίαις.
1008 2119 1026 2150 ι

414 2193 524 2246 Kal
550 2192 754 2257 ὲξὼσω
791 2193 978 2247 αὐτὸν
1000 2195 1087 2260 εἰς
1114 2191 1232 2262 γῆν
1250 2190 1533 2261 ἄνυδρον,
1560 2191 1659 2245 καί
1690 2190 1925 2261 ἀφανιῶ

2094 2188 2258 2245 Vsus.
2295 2190 2384 2247 20.
2414 2188 2483 2245 Et
2519 2192 2773 2258 expellant
2803 2207 2921 2246 eum
2962 2193 3016 2245 in
3055 2201 3248 2246 terram
3283 2190 3398 2244 sine
3443 2204 3602 2258 aqua,

342 2284 410 2337 τὸ
441 2286 770 2352 πρόσωπον
796 2285 984 2338 αὐτοῦ
1005 2286 1093 2350 εὶς
1124 2284 1240 2353 τὴν
1262 2282 1589 2339 θάλασσαν
1612 2282 1729 2351 τὴν
1774 2281 1926 2351 πρώ-

2036 2292 2069 2337 ει
2099 2283 2399 2351 disperdam
2422 2283 2610 2353 faciem
2649 2282 2764 2352 ejus
2790 2285 2845 2337 in
2892 2299 3040 2337 mare
3081 2284 3331 2352 primum,
3358 2289 3407 2335 et
3436 2294 3605 2349 poste-

345 2391 480 2442 την,
512 2374 609 2428 καὶ
632 2376 706 2429 τὰ
737 2376 930 2428 ὀπίσω
976 2375 1162 2429 αὐτοῦ
1194 2376 1281 2441 είς
1308 2375 1424 2441 τὴν
1457 2373 1781 2429 θάλασσαν
1811 2372 1929 2440 τὴν

2036 2377 2167 2429 riora
2195 2376 2307 2445 ejus
2334 2376 2389 2428 in
2427 2391 2570 2430 mare
2611 2375 2970 2429 novissimum.
3008 2374 3072 2428 Et
3116 2374 3358 2428 ascendet
3388 2372 3606 2443 putredo

346 2462 635 2534 ἐσχάτην.
665 2463 774 2518 Καὶ
803 2463 1171 2532 ἀναϐήσεται
1207 2463 1245 2530 ἡ
1287 2463 1515 2530 σαπρία
1555 2460 1741 2514 αὐτοῦ
1763 2500 1777 2525 ,
1828 2460 1927 2513 καί

2036 2468 2225 2536 ejus,“
2254 2466 2714 2521 ascendetsonitus
2757 2465 2921 2528 illius,
2959 2467 3207 2537 quoniam
3256 2464 3607 2535 magniﬁcam

346 2556 716 2625 ἀναϐήσεται
746 2560 779 2611 ὁ
815 2558 1045 2626 βρόμος
1085 2555 1294 2622 αὑτοῦ,
1330 2555 1419 2609 ὅτι
1459 2552 1829 2624 ἐμεγάλυνεν
1857 2549 1929 2605 τὰ

2036 2575 2184 2614 onera
2204 2558 2335 2629 ejus.

347 2649 492 2716 ἔργα
523 2647 729 2703 αὑτοῦ.

420 2740 545 2793 AA'.
592 2739 1058 2811 Διαπλαττόμενον
1082 2738 1177 2793 καὶ
1198 2737 1277 2791 ἔτι
1303 2736 1397 2791 τοῦ
1419 2736 1580 2806 λόγου
1618 2736 1679 2789 τὸ
1719 2738 1926 2807 σχῆμα,

2099 2734 2289 2791 XXXI.
2329 2734 2610 2791 Sermonis
2638 2733 2862 2806 ﬁguram
2923 2732 3122 2797 adhuc,
3150 2732 3296 2788 sicut
3328 2733 3395 2787 ab
3426 2731 3608 2797 initio,

348 2830 532 2893 καθὼς
557 2831 651 2884 καὶ
681 2833 739 2884 ὲν
762 2832 955 2903 ἀρχαῖς
984 2831 1059 2896 ὡς
1091 2832 1177 2884 ἐπ’
1201 2830 1443 2902 ἀκρίδος,
1475 2830 1571 2883 καὶ
1603 2828 1856 2900 βρούχου,
1894 2827 1932 2882 ἃ

2036 2842 2320 2897 usurpans,
2353 2827 2500 2882 velut
2548 2826 2616 2882 de
2664 2826 2872 2882 locusta
2925 2834 2980 2880 et
3016 2824 3221 2879 bruclio
3268 2824 3527 2894 loquitur,
3558 2833 3613 2878 ct

353 2922 447 2976 καὶ
476 2922 947 2995 ἀφανισθήσεσθαι
972 2940 1168 2995 φησιν,
1196 2922 1610 2993 ἀπενηνεγμὲνα
1634 2921 1777 2975 κατά
1811 2919 1934 2991 βούο

2036 2917 2354 2987 dissipatum
2382 2916 2447 2970 iri
2477 2916 2633 2980 dicit,
2663 2915 2909 2971 sublatos
2939 2915 3233 2970 secundum
3265 2911 3361 2969 Dei
3418 2913 3612 2968 volun-

355 3012 513 3085 λησιν
544 3013 680 3068 Θεοῦ
713 3015 849 3088 πρὸς
870 3015 1039 3079 αὐτάς
1081 3031 1184 3068 που
1216 3014 1358 3085 τάχα
1401 3014 1501 3085 τῆς
1542 3012 1809 3067 Ἰουδαίων
1833 3012 1934 3081 γῆς

2038 3016 2204 3062 tatem
2232 3006 2486 3063 celeriter
2526 3007 2593 3062 ad
2610 3021 2737 3062 oras
2757 3004 2954 3061 Iudaeae
2980 3004 3199 3060 ultimas
3217 3001 3357 3059 forte
3376 3004 3617 3071 adeoque

352 3104 454 3167 τάς
476 3104 752 3175 ἐσχατιὰς,
782 3106 877 3158 καὶ
903 3106 983 3169 είς
1008 3103 1166 3158 τοῦτο
1201 3103 1467 3168 δυσωδίας
1515 3103 1712 3167 ἐλθεῖν,
1740 3102 1815 3166 ὡς
1843 3101 1934 3156 καὶ

2041 3108 2239 3156 tetrum
2259 3100 2481 3156 odorem
2519 3108 2629 3154 tota
2664 3099 2886 3169 regione
2948 3095 3265 3163 diﬁ‘usuros,
3319 3105 3378 3150 ut
3430 3095 3618 3149 incola:

357 3174 621 3267 φορτικὴν
648 3197 747 3267 τὴν
790 3197 1026 3250 διάδοσιν
1064 3195 1317 3266 γενέσθαι
1354 3198 1467 3259 τοῖς
1494 3194 1600 3248 ἀνά
1625 3197 1806 3249 πᾶσαν
1836 3194 1934 3266 τὴν

2038 3191 2337 3248 molestiam
2370 3205 2622 3260 magnam
2655 3190 2909 3246 sentiant.
2932 3186 3043 3244 Nec
3074 3195 3247 3243 mutat
3302 3202 3482 3242 sermo
3511 3187 3619 3241 ullo

357 3290 561 3363 χώραν.
595 3292 902 3363 Μεθίστησι
930 3292 987 3344 δὲ
1009 3290 1261 3362 οὐδαμῶς
1288 3291 1316 3343 ό
1348 3290 1505 3359 λόγος
1529 3288 1625 3343 τοῦ
1662 3290 1770 3361 χρὴ
1798 3292 1934 3344 νοεῖν

2040 3284 2217 3349 modo,
2253 3284 2381 3353 quin
2410 3291 2466 3337 et
2520 3282 2636 3337 haec
2691 3281 2757 3337 de
2776 3279 3101 3351 Babyloniis
3166 3293 3380 3334 rursum
3416 3278 3618 3331 intelli-

358 3380 453 3434 καὶ
480 3379 549 3433 τὰ
575 3380 749 3435 τοιάδε
781 3381 945 3434 πάλιν
969 3380 1045 3444 ὡς
1077 3378 1169 3434 ὲπί
1216 3395 1281 3448 γε
1312 3378 1423 3431 τῶν
1452 3378 1934 3434 Βαδυλωνίων.Ἑν

2041 3376 2214 3447 genda
2237 3375 2365 3430 sint.
2394 3372 2529 3428 Nam
2556 3389 2662 3444 qua
2690 3371 3063 3445 Hierosolyma
3087 3381 3332 3427 austrum
3377 3371 3615 3439 respicit,

363 3473 463 3544 μὲν
489 3472 597 3546 γὰρ
623 3476 736 3539 τοῖς
755 3474 948 3537 νοτίοις
1000 3472 1191 3545 μέρεσι
1238 3471 1338 3543 τῆς
1372 3470 1727 3544 Ἰερουσαλὴμ
1752 3470 1944 3542 βαθεῖά

360 3583 444 3629 τις
466 3564 672 3637 ἔρημος
709 3564 1079 3639 ὲξευρύνεται,
1104 3561 1491 3635 τερματίζεταί
1543 3579 1608 3633 γε
1662 3562 1767 3634 μὴν
1806 3563 1944 3635 πρὸς

362 3663 443 3733 ἠῶ
467 3680 547 3726 τε,
570 3662 666 3716 καὶ
692 3660 846 3713 νότον
879 3656 1172 3725 πελάγεσιν
1214 3656 1457 3720 Ἰνδικοῖς
1476 3695 1490 3720 ,
1547 3654 1685 3727 πρὸς
1721 3653 1873 3708 δύσιν
1898 3653 1943 3706 δ’

364 3751 455 3818 αὖ,
492 3755 582 3810 καὶ
624 3753 695 3807 τά
739 3750 1038 3823 βορρότερα
1090 3750 1158 3819 τῇ
1201 3747 1573 3803 Παλαιστινῶν
1608 3747 1812 3816 γείτονι
1849 3745 1946 3801 θα·

363 3845 562 3918 λάσσῃ,
597 3844 692 3896 καὶ
720 3844 903 3904 αὐτοῖς
931 3842 987 3893 δὲ
1022 3838 1442 3912 προσκλυζούσῃ
1462 3840 1577 3902 τοῖς
1604 3836 1944 3906 Αἰγυπτίοις.

378 3938 525 3992 Ἑκεῖ
552 3937 645 3990 τὸν
696 3934 926 4007 βροῦχον
975 3934 1069 3988 καὶ
1110 3933 1211 4004 τὴν
1260 3931 1455 4005 ἀκρίδα
1502 3930 1740 3985 διολέσαι
1787 3930 1944 4001 φησὶ,

365 4028 608 4099 δυσαχθῆ
628 4027 685 4081 δὲ
704 4027 957 4097 γενέσθαι
986 4025 1077 4080 τὸν
1101 4025 1302 4098 βρόμον
1328 4023 1528 4078 αὐτῶν.
1548 4022 1694 4094 Πλὴν
1721 4022 1950 4095 ἀνῄρην-

367 4122 577 4175 ταικαὶ
596 4121 646 4174 oi.
676 4117 1027 4183 Βαϐυλώνιοι,
1076 4118 1173 4190 τὴν
1222 4116 1566 4188 βορειοτέραν
1605 4113 1813 4187 χώραν,
1854 4115 1949 4169 καὶ

370 4212 505 4285 πρὸς
526 4212 609 4283 ἠῶ
633 4210 892 4283 κειμένην
920 4210 1217 4275 οἰκοῦντες.
1248 4208 1374 4281 Ἀνῄ
1384 4226 1572 4282 ρηνται
1594 4208 1651 4261 δὲ
1667 4211 1725 4261 ὲν
1742 4208 1951 4279 καιροῖς

368 4308 467 4377 τῆς
523 4304 765 4375 Ἐζεχίου
823 4303 1132 4374 βασιλείας,
1190 4302 1283 4357 καὶ
1326 4297 1394 4373 ἦν
1459 4299 1794 4371 δυσφόρητος
1842 4298 1952 4352 τῶν

372 4397 686 4468 πτωμάτων
712 4396 934 4468 βρόμος,
960 4397 1034 4460 ὼς
1060 4394 1459 4467 καθαρισθῆναι
1493 4392 1645 4464 μόλις
1685 4392 1743 4445 ὲν
1784 4392 1953 4445 ἐπτα-

2042 3467 2273 3523 solitudo
2314 3466 2472 3537 longa
2527 3463 2850 3529 intenditur,
2882 3478 3003 3534 quae
3055 3464 3119 3518 ad
3163 3463 3498 3520 oriememet
3524 3478 3622 3515 au-

2043 3568 2216 3614 strum
2246 3559 2384 3614 mari
2432 3557 2616 3613 Indico
2652 3557 2995 3622 terminatur,
3048 3556 3115 3610 ad
3172 3555 3513 3610 occidentem
3569 3562 3626 3609 et

2044 3650 2369 3719 aquilonem,
2399 3649 2540 3704 mari
2570 3650 2748 3705 vicino
2782 3647 3085 3703 Palaestinae
3134 3646 3296 3716 223
3343 3655 3399 3700 et
3451 3645 3623 3714 ipsam

2045 3741 2335 3812 Egyptnm
2365 3741 2619 3796 alluente.
2651 3740 2729 3795 lbi
2759 3738 3024 3795 bruchum
3071 3748 3126 3791 et
3157 3737 3417 3792 locustam
3452 3737 3624 3791 inter—

2047 3834 2178 3889 iisse
2211 3833 2307 3887 ait.
2343 3833 2541 3887 Eorum
2566 3846 2730 3902 porro
2770 3830 3007 3886 sonitum
3039 3842 3330 3884 onerosum
3365 3841 3430 3881 ac
3456 3825 3625 3881 mole-

2048 3936 2191 3980 stum
2216 3924 2511 3980 exstitisse.
2550 3923 2815 3979 Caeterum
2849 3921 3013 3976 ablati
3048 3931 3174 3976 sunt
3198 3920 3362 3975 etiam
3390 3933 3422 3974 e
3448 3918 3626 3973 medio

2048 4017 2352 4090 Babylonii,
2416 4014 2657 4086 aquiloni
2726 4012 3044 4069 viciniorem
3103 4013 3401 4082 regionem,
3455 4020 3510 4065 et
3560 4011 3627 4064 atl

2049 4109 2312 4163 orientem
2344 4106 2573 4177 positam
2608 4104 2947 4168 habitantes,
2964 4116 3077 4173 quo.
3095 4109 3338 4171 tempore
3363 4100 3628 4156 Elechias

2053 4201 2299 4271 regnavit
2327 4202 2368 4266 ',
2386 4208 2611 4268 eratque
2636 4196 2990 4252 intolerabilis
3021 4194 3346 4250 cadaverum
3371 4193 3528 4258 fetor,
3572 4202 3631 4247 ut

2053 4294 2145 4347 vix
2198 4303 2402 4362 septem
2437 4289 2712 4346 mensibus
2754 4296 2899 4344 terra
2931 4294 3276 4358 purgaretur,
3305 4296 3359 4342 et
3389 4301 3419 4339 a
3443 4295 3629 4354 putre-

2052 4385 2179 4438 dine
2206 4398 2494 4455 corporum
2526 4391 2864 4437 mortuorum
2926 4378 3333 4441 liberaretur“,
3376 4386 3434 4431 ut
3490 4377 3630 4445 apud

377 4467 532 4559 μήνῴ
563 4488 663 4559 τὴν
688 4467 815 4558 γῆν,
843 4488 937 4541 καὶ⁵
966 4490 1064 4558 τῆς
1094 4486 1203 4539 τῶν
1228 4484 1541 4555 πτωμάτων
1568 4482 1928 4552 ἀπαλλαγῆνα

2057 4474 2391 4530 Ezecliielem
2421 4472 2670 4544 legimus.
2708 4471 3125 4543 Babyloniorum
3150 4477 3331 4524 autem
3358 4467 3630 4537 regionem

376 4580 632 4651 σαπρίας.
659 4580 815 4633 Οὕτω
839 4579 947 4651 γάρ
984 4596 1147 4650 φησιν
1186 4576 1464 4649 Ἰεζεχιήλ.
1496 4576 1619 4629 Ὀτι
1647 4574 1704 4627 δὲ
1727 4572 1956 4645 προσκέ-

373 4671 554 4724 κλιται
580 4674 693 4734 τοῖς
719 4671 1076 4742 βορειοτέροις
1100 4669 1209 4722 τῶν
1229 4667 1586 4722 Βαὸυλωνίων
1612 4666 1645 4737 ἡ
1672 4665 1765 4736 γῆ,
1786 4664 1955 4734 σαφὲς

376 4761 442 4815 ἂν
477 4763 720 4831 γένοιτο,
761 4763 1011 4831 λέγοντος
1060 4761 1195 4815 Θεοῦ
1229 4760 1318 4814 διὰ
1348 4761 1532 4830 φωνῆς
1572 4757 1741 4827 ἁγίων
1761 4759 1872 4819 τοῖς
1897 4756 1954 4822 ἐξ

376 4855 604 4925 αἵματος
660 4853 874 4925 Ἰσραὴλ
927 4852 1391 4924 ἀπενηνεγμένας
1452 4852 1513 4903 ὲν
1569 4848 1951 4919 αἰχμαλωσίᾳ·

384 4965 402 4997 ι
443 4947 526 5011 Ὢ,
558 4945 638 5013 ὢ,
669 4947 898 5015 φεύγετε
927 4947 990 4999 ὲκ
1012 4946 1112 5015 γῆς
1144 4944 1315 5017 βορρᾶ
1339 4986 1353 5007 ,
1388 4943 1539 5012 λέγει
1582 4940 1818 5011 Κύριος·
1873 4940 1953 5004 είς

379 5040 517 5091 Σιὼν
546 5038 913 5103 ἀνασώζεσθε,
952 5040 1001 5091 οἱ
1030 5038 1411 5102 κατοικοῦντες
1459 5035 1735 5108 θυγατέρα
1782 5033 1960 5087 Βαϐυ-

377 5130 566 5193 λῶνος.
603 5150 621 5182 ι

461 5221 752 5287 Ἐξελάσας
770 5222 827 5276 δὲ
861 5223 956 5277 καὶ
981 5220 1040 5287 ἐξ
1069 5220 1225 5292 ἡμῶν
1261 5219 1440 5274 αὐτῶν
1477 5219 1577 5289 τὴν
1602 5215 1797 5290 ἀκρίδα
1825 5216 1959 5285 Χρι-

382 5312 525 5375 στὸς,
571 5314 713 5384 φημὶ
757 5312 823 5384 δὴ
862 5314 961 5384 τὴν
997 5310 1213 5384 νοητὴν,
1255 5310 1323 5364 τά
1368 5309 1743 5381 παμμόχθηρα
1794 5306 1955 5376 στίφη

382 5402 488 5456 τῶν
512 5403 807 5475 δαιμονίων
846 5402 1108 5477 δηλονότι,
1139 5402 1486 5459 κατέκλεισεν
1518 5400 1657 5455 αύτά
1691 5401 1769 5464 είς
1806 5399 1955 5470 ᾅδου,

384 5491 477 5545 καὶ
507 5493 564 5545 ἐν
590 5497 702 5557 τοῖς
740 5494 839 5567 τῆς
874 5494 1110 5548 ἀϐύσσου
1161 5497 1347 5563 μυχοῖς
1377 5493 1734 5565 κατηφάνισε,
1773 5487 1960 5549 καθεὶς

460 5692 480 5722 ⁸
522 5690 662 5747 Psal.
692 5709 824 5752 xm.
859 5696 910 5751 5,

1020 5698 1039 5727 ⁷
1078 5695 1266 5752 Matth.
1300 5712 1443 5754 sxw.
1484 5696 1569 5750 l2.

395 5763 432 5794 "
476 5761 639 5819 Zztclt.
675 5778 738 5833 II,
764 5766 817 5819 ti.

1671 5694 1691 5725 '
1732 5692 1909 5749 Galat.
1968 5707 2021 5757 ι’,
2060 5689 2128 5743 ει

2060 4580 2283 4636 vergere
2312 4580 2502 4619 versus
2534 4562 2840 4632 aquilonem
2871 4562 3216 4631 perspicuum
3245 4560 3302 4612 lit
3354 4573 3421 4611 ex
3454 4557 3632 4610 verbis

2061 4658 2297 4719 Domini,
2327 4671 2445 4725 qua:
2463 4664 2768 4710 sanctorum
2798 4667 2929 4707 voce
2954 4652 3162 4706 locutus
3185 4659 3270 4705 est
3304 4650 3369 4704 iis
3416 4649 3510 4718 qui
3567 4650 3635 4702 de

2059 4750 2322 4819 sanguine
2376 4745 2541 4801 Israel
2595 4746 2648 4799 in
2682 4744 3051 4814 captivitatem
3101 4741 3316 4797 abducti
3370 4740 3629 4795 fuerant:

2066 4862 2084 4895 ι
2122 4842 2187 4907 0,
2219 4857 2271 4905 ο,
2307 4840 2473 4911 fugite
2502 4839 2569 4893 de
2592 4846 2734 4893 terra
2789 4834 3224 4905 aquilonis,dicit
3263 4834 3541 4888 Dominus.
3576 4831 3634 4887 In

2061 4934 2191 4988 Sion
2246 4928 2570 4994 salvamini,
2629 4924 2723 4997 qui
2811 4924 3068 4980 habitatis
3163 4922 3326 4977 liliam
3402 4919 3633 4992 Babylo-

2064 5026 2147 5080 nis
2182 5025 2247 5077 “.
2291 5041 2311 5074 ι

2130 5202 2378 5258 Christus
2408 5210 2538 5253 vero
2575 5194 2797 5251 etiame
2824 5191 2980 5248 nobis
3022 5190 3157 5260 ipsis
3208 5189 3471 5243 locustam
3515 5197 3637 5254 quas

2062 5306 2244 5352 mente
2280 5292 2492 5348 videtur
2531 5287 2777 5360 expulit,
2846 5283 3368 5354 improbissimorum
3428 5277 3635 5332 daemo-

2066 5404 2190 5444 num
2218 5394 2464 5442 catervas
2498 5390 2647 5453 puta,
2677 5393 2877 5448 eosque
2914 5376 3125 5432 inferno
3156 5371 3441 5437 conclusit,
3490 5379 3545 5425 et
3583 5370 3636 5423 in

2067 5481 2245 5553 abyssi
2272 5480 2456 5535 intima
2491 5474 2676 5546 procul
2699 5473 2943 5537 removit,
2959 5468 3114 5539 quasi
3143 5467 3188 5521 si
3222 5466 3274 5519 in
3298 5465 3463 5518 altum
3489 5476 3639 5516 mare

2258 5686 2277 5717 ’
2310 5681 2373 5738 ιγ
2415 5683 2542 5750 llcg.
2600 5693 2755 5741 xvut,
2820 5676 2869 5728 l.
2996 5673 3037 5705 “
3071 5668 3263 5727 Ezeclt.
3305 5681 3493 5733 una,
3532 5664 3619 5722 12.
