4132 6370
484 305 584 365 371

1497 303 1556 359 S.
1599 300 1875 360 CYRILLI
1907 300 2379 358 ALEXANDRINI
2416 303 2742 362 ARCHIEP.

3645 313 3760 369 572

485 438 581 479 eos
608 422 970 494 demergeret.
1002 420 1262 478 Ascendit
1280 428 1457 476 autem
1493 431 1678 491 postea
1722 432 1881 492 putor
1905 432 1960 477 et
1980 435 2070 477 so-

2177 419 2338 474 οίονεί
2357 439 2476 486 πως
2504 423 2585 486 εἰς
2616 422 2684 476 τὰ
2712 416 2852 494 βάθη
2888 424 2986 494 τῆς
3016 425 3312 496 θαλάσσης.
3353 426 3543 498 Ἀνέϐη
3577 427 3633 482 δὲ
3659 428 3760 482 λοι-

486 513 634 568 nilus
663 527 874 578 eorum,
909 522 963 568 et
985 511 1139 568 nobis
1179 512 1361 583 gravis
1405 522 1572 582 atque
1613 510 1833 566 odiosus
1901 511 2074 566 factus

483 613 589 669 est,
613 620 920 676 quanquam
943 605 1076 662 olim
1111 604 1234 659 talis
1266 603 1422 659 nobis
1471 602 1615 657 haud
1639 603 1932 666 videretur;
1969 602 2069 658 Sa-

486 707 668 752 tanam
735 698 1001 768 siquidem
1038 696 1209 752 fetere
1242 711 1348 751 non
1393 695 1768 751 credebamus.
1808 695 1877 747 At
1905 709 2072 759 nunc,
2109 757 2113 760 ι

487 797 542 843 et
576 791 665 844 vix
710 790 924 846 tandem
950 790 1113 844 talem
1148 804 1271 846 esse
1328 787 1700 860 cognovimus.
1743 785 2074 844 Putabamus

485 880 628 940 enim
655 881 844 936 miseri
871 882 1008 936 bene
1039 881 1206 944 olere,
1237 888 1291 933 et
1311 877 1598 939 amabilem
1651 892 1810 942 esse.
1832 878 2074 946 Quando,

483 971 716 1028 vinculis
751 973 1040 1042 pravitatis
1065 972 1364 1032 constricti.
1385 969 1502 1037 ejus
1531 977 1804 1040 potestate
1830 969 2075 1024 contine-

483 1063 700 1121 bamur.
741 1065 848 1121 Sed
884 1074 1170 1135 postquam
1189 1063 1505 1120 Emmanuel
1547 1063 1701 1118 nobis
1734 1061 2077 1133 apparuit,et

483 1154 589 1214 hoc
617 1156 840 1210 verbum
868 1156 1072 1210 edidit:
1107 1174 1124 1207 ι
1161 1155 1270 1224 Ego
1294 1154 1394 1209 llos
1416 1154 1616 1224 campi,
1646 1162 1700 1209 et
1744 1151 1914 1210 lilium
1941 1165 2074 1207 con-

484 1247 704 1304 vallium
733 1249 832 1312 ",i
863 1255 995 1312 tum,
1028 1262 1150 1302 sero
1175 1247 1300 1301 licet
1323 1246 1440 1316 ejus
1461 1245 1811 1313 fragrantiam
1831 1243 2073 1300 sentien-

489 1349 592 1405 tes,
631 1338 776 1394 illius
828 1337 1135 1410 (daemonis)
1185 1337 1614 1409 graveolentiam
1667 1333 1919 1391 detestati
1979 1347 2073 1388 su-

485 1446 628 1490 ιιιυς.

562 1525 723 1582 Vsus.
758 1522 953 1580 21-24.
995 1522 1233 1593 Con/ide,
1262 1533 1428 1589 terra,
1459 1522 1630 1592 gaude
1652 1529 1702 1576 et
1729 1521 1930 1585 uetare,
1947 1519 2073 1590 quia

486 1615 842 1688 magni/icauit
883 1615 1140 1671 Dominus
1184 1626 1241 1669 ut
1286 1616 1500 1684 faceret.
1525 1613 1810 1682 Conﬁdite,
1832 1614 2074 1681 jumenta

487 1707 941 1777 campi,quoniam
961 1708 1377 1776 germinaverunt
1408 1706 1580 1771 campi
1607 1704 2074 1774 solitudinis,quia

487 1798 688 1867 lignum
727 1799 910 1852 attulit
938 1799 1168 1868 fructum
1200 1798 1557 1862 suum-vinea
1589 1807 1636 1851 et
1665 1796 1797 1866 ﬁcus
1819 1797 2074 1851 dederunt

487 1890 853 1958 Lortitudinem
873 1907 1044 1945 suam.
1074 1889 1161 1955 Et,
1187 1889 1288 1958 ﬁlii
1312 1890 1785 1960 Sion,gaudete,et
1813 1889 2077 1950 (tuemini,

488 1985 542 2036 in
573 1983 798 2037 Domino
832 1983 940 2037 Deo
970 1993 1161 2049 oestro,
1184 1983 1436 2051 quoniam
1463 1981 1603 2036 dedit
1645 1981 1786 2035 vobis
1813 1997 1985 2038 escam
2013 1982 2071 2035 in

480 2075 836 2146 justitiam,et
867 2075 1006 2145 pluet
1037 2076 1184 2129 vobis
1222 2075 1438 2128 imbrem
1480 2085 1870 2143 temporaneum
1913 2083 1960 2126 et
1985 2090 2068 2127 se-

487 2168 744 2231 rotinum,
767 2169 902 2221 sicut
931 2175 1109 2221 antea.
1142 2166 1211 2219 Et
1241 2166 1576 2235 replebuntur
1626 2180 1767 2220 arcte
1800 2166 1997 2231 tritico,
2021 2173 2070 2218 et

487 2257 853 2317 tedumlabunt
871 2257 1157 2314 toreularia
1187 2258 1304 2312 uino
1321 2265 1369 2312 et
1385 2256 1520 2312 oleo.

555 2521 784 2579 XXXII.
819 2522 932 2579 Mos
963 2533 1047 2580 est
1078 2525 1282 2579 sanctis
1315 2523 1596 2594 prophetis
1633 2538 1661 2577 a
1703 2523 1860 2578 bonis
1903 2524 2071 2589 parti—

494 2618 770 2674 cularibus
807 2629 862 2674 et
891 2618 943 2673 in
981 2633 1182 2688 paucos
1211 2617 1428 2673 collatis
1464 2617 1530 2671 ad
1567 2617 1970 2672 universitatem
2018 2625 2072 2669 et

489 2725 659 2780 genus
685 2711 859 2778 ipsum
893 2713 1056 2765 verba
1080 2712 1336 2782 dirigere,
1352 2721 1548 2765 ntsnnt
1575 2728 1638 2766 ea
1656 2726 1776 2780 qua?
1799 2725 1894 2780 per
1909 2709 2070 2764 Chri-

489 2811 631 2854 stum
661 2801 940 2858 consecuti
970 2818 1174 2856 sumus.
1205 2802 1434 2858 llorsnm
1462 2804 1626 2873 igitur.
1653 2807 1829 2860 denuo
1876 2816 2070 2872 proce-

491 2893 566 2948 dit
584 2893 738 2950 nobis
763 2896 957 2950 oratio.
994 2896 1230 2962 Quando.
1271 2898 1414 2950 enim
1449 2897 1630 2951 datum
1675 2906 1760 2952 est
1805 2905 1963 2951 terrae
2015 2906 2072 2950 ut

489 2984 824 3041 confideret?
854 2986 1113 3052 Rursum,
1141 2989 1355 3059 quando
1399 2989 1764 3060 magniﬁcavit
1813 2990 2072 3044 Dominus

489 3077 673 3133 facere
690 3078 713 3132 ?
733 3077 900 3150 224,
934 3079 1037 3133 nisi
1070 3081 1285 3148 quando
1304 3079 1566 3143 Verbum,
1591 3085 1734 3150 quod
1757 3091 1877 3136 erat
1904 3081 2068 3148 Deus,

2174 514 2276 566 πὸν
2311 516 2344 586 ἡ
2372 515 2599 586 σαπρία,
2623 516 2716 569 καὶ
2739 518 2767 569 6
2794 515 2996 588 βρόμος
3020 518 3223 586 αὐτῶν,
3253 518 3345 573 καὶ
3385 519 3604 588 γέγονεν
3626 520 3760 591 ἡμῖν

2174 607 2430 678 φορτικός
2462 624 2542 673 τε,
2586 608 2680 661 καὶ
2725 609 3224 681 κατεστυγημὲνος,
3269 609 3446 664 καίτοι
3485 610 3652 663 πάλαι
3682 610 3760 679 μὴ

2172 696 2412 762 τοιοῦτος
2438 693 2573 751 εἶναι
2596 697 2790 753 δοκῶνο
2831 697 3040 769 δυσώδη
3063 699 3173 770 γάρ
3198 700 3327 754 ὅντα
3359 701 3449 753 τὸν
3478 703 3749 764 Σατανᾶν,

2175 786 2271 840 νῦν
2322 788 2404 852 δὲ,
2456 790 2548 843 καὶ
2591 790 2745 860 μόλις
2787 790 2869 843 ὅτι
2920 790 3161 855 τοιοῦτός
3204 793 3352 846 ἐστιν
3399 793 3751 864 ἐγνώκαμεν.

2187 877 2416 947 ᾭόμεθα
2455 879 2633 949 γὰροί
2671 881 2900 944 τάλανες
2941 881 3114 952 εὐώδη
3137 900 3195 934 τε
3233 879 3394 948 εἶναι,
3420 885 3515 937 καὶ
3547 883 3759 953 ἀξιέρα-

2175 987 2320 1032 στον,
2352 972 2440 1024 ὅτε
2465 975 2579 1036 τοῖς
2609 973 2828 1043 δεσμοῖς
2864 973 3260 1044 ὐπειλημμένοι
3292 975 3393 1046 τῆς
3426 974 3759 1046 φαυλότητος

2175 1061 2281 1123 ὑπὸ
2319 1064 2478 1134 χεῖρα
2518 1063 2617 1134 τὴν
2664 1063 2874 1116 ἐκείνου
2912 1064 3303 1138 πεπτώκαμεν.
3366 1067 3581 1139 Ἐπειδὴ
3631 1067 3693 1133 δὲ,
3727 1069 3760 1120 6

2187 1153 2534 1225 Ἐμμανουὴλ
2583 1154 2852 1224 ἐπέφανεν
2897 1158 3052 1227 ἡμῖν.
3099 1158 3498 1231 ἀνακεκραγὼςη
3537 1176 3617 1225 τε,
3662 1159 3760 1220 καὶ

2173 1242 2349 1312 λέγων
2374 1261 2389 1274 °
2424 1264 2447 1297 ι
2490 1245 2631 1314 Ἐγὼ
2671 1246 2830 1310 ἄνθος
2850 1247 2945 1302 τοῦ
2977 1248 3188 1316 πεδίου,
3219 1250 3400 1322 κρίνον
3435 1250 3544 1306 τῶν
3571 1251 3760 1313 κοιλάρ-

2173 1335 2300 1400 δων,
2331 1354 2350 1387 ι
2379 1335 2501 1390 τότε
2530 1337 2594 1409 δὴ
2639 1337 2793 1406 μόλις
2817 1339 3182 1413 ὲπῃσθόμενοι
3224 1342 3326 1412 τῆς
3365 1341 3590 1414 ἐνούσης
3615 1345 3756 1403 εὐω-

2173 1428 2294 1493 δίας
2321 1429 2490 1501 αὐτῷ,
2514 1432 2614 1501 τῆς
2637 1432 2846 1486 ἐκείνου
2877 1433 3303 1506 κατεγνώκαμεν
3334 1435 3616 1499 δυσωδίας.

2247 1521 2487 1590 Θάρσει,
2516 1521 2610 1593 γῆ,
2654 1523 2822 1594 χαῖρε
2850 1526 2948 1579 καὶ
2970 1527 3318 1595 εὐφραίνου,
3355 1527 3445 1581 ὅτι
3469 1526 3755 1597 ἐμεγάλυ-

2174 1630 2283 1667 νεν
2303 1615 2515 1682 Κύριος
2537 1615 2644 1670 τοῦ
2676 1616 2946 1685 ποιῆσαν
2977 1618 3270 1686 θαρσεῖτε,
3297 1618 3488 1686 statim
3512 1618 3619 1672 τοῦ
3651 1635 3763 1673 πε-ρ.

2174 1705 2330 1770 δίου,
2382 1706 2472 1760 ὅτι
2513 1705 2941 1775 ,ϐεϐλάστηκε-ν
2989 1708 3166 1762 πεδία
3217 1708 3343 1778 τῆς.
3379 1707 3623 1778 ἐρῆμον,
3666 1708 3758 1763 ὅτι

2105 1823 2148 1879 Β
2177 1794 2368 1860 ξύλον
2417 1793 2676 1865 ἤνεγκεν
2736 1794 2972 1863 καρπὸν
3045 1797 3268 1863 αὐτοῦ,
3320 1797 3589 1866 ἄμπελος
3656 1797 3758 1860 καί

2179 1883 2341 1955 συκῆ
2382 1885 2616 1941 ἔδωκαν
2645 1887 2832 1956 ἰσχὺν
2860 1887 3078 1942 αὐτῶν.
3103 1889 3215 1941 Καὶ
3252 1889 3327 1942 τὰ
3359 1888 3540 1942 τέκνα
3576 1887 3750 1954 Σιὼν,

2177 1981 2433 2050 χαίρετε,
2481 1979 2579 2034 καὶ
2623 1981 3019 2049 εὐφραίνεσθε
3056 1980 3154 2033 ἐπὶ
3185 1981 3378 2049 Κυρίῳ
3415 1979 3534 2046 Θεῷ
3568 1979 3757 2050 ὑμῶν,

2177 2074 2326 2126 διότι
2372 2071 2556 2125 ἔδωκε
2584 2071 2726 2141 ὑμῖν
2762 2072 2834 2126 τὰ
2867 2074 3155 2143 ,βρώματα
3199 2077 3286 2140 εἰς
3337 2072 3752 2142 δικαιοσύνην,

2177 2164 2278 2220 καὶ
2314 2162 2522 2232 ,βρέξει
2575 2162 2719 2232 ὑμῖν
2776 2163 2954 2218 ὑετὸν
3010 2163 3273 2233 πριῦϊμον
3343 2163 3444 2217 καὶ
3497 2163 3751 2231 ὄψιμον,

2178 2253 2370 2319 καθὼς
2409 2253 2770 2323 ἔμπροσθεν.
2802 2251 2912 2305 Καὶ
2936 2251 3398 2321 πλησθήσονται
3437 2253 3497 2304 αὶ
3527 2250 3756 2315 ᾶλωνες
3812 2292 3818 2296 .

2177 2343 2382 2406 σίτου,
2429 2341 2528 2395 καὶ
2569 2339 3165 2409 ὐπερεκχυθήσονται
3212 2344 3274 2396 αὶ
3329 2339 3508 2409 ληνοὶ
3561 2340 3766 2407 οἴνου.

2177 2435 2277 2488 καὶ
2303 2433 2535 2488 ἐλαίου.

2249 2526 2370 2580 ΛΒ’.
2416 2527 2576 2592 Ἔθος
2622 2529 2734 2592 τοῖς
2785 2526 2961 2597 ἁγίοις
3004 2526 3325 2597 προφήταις,
3359 2526 3426 2578 ἐκ
3469 2524 3579 2578 τῶν
3614 2524 3758 2588 κατὰ

2181 2620 2367 2692 μέρος,
2401 2622 2496 2674 καὶ
2525 2620 2664 2691 πρὸς
2696 2620 2912 2688 ὀλίγους
2944 2618 3186 2687 ἀγαθῶν,
3209 2617 3454 2687 κομίζειν
3481 2616 3573 2670 τὸν
3599 2616 3757 2684 λόγον

2178 2713 2270 2772 ἔσθ.
2297 2711 2366 2765 τὰ
2393 2713 2621 2771 καθόλου
2647 2730 2706 2766 τε
2735 2713 2840 2766 καὶ.
2858 2711 3214 2783 γενιιᾳῦτερα.
3245 2708 3431 2763 Ταῦτα
3457 2709 3515 2762 δέ
3541 2709 3657 2761 ἐστι
3689 2707 3758 2761 τὰ

2177 2807 2266 2860 διὰ
2311 2805 2570 2877 Χριστοῦ.
2624 2805 2849 2876 Πρόεισι
2883 2805 2949 2876 δὴ
2978 2799 3088 2869 οὖν,
3110 2805 3190 2864 εἰς
3221 2801 3377 2855 τοῦτο
3427 2800 3590 2855 πάλιν
3626 2803 3756 2871 ἡμῖν

2175 2899 2204 2951 6
2231 2897 2406 2965 λόγος.
2442 2897 2580 2957 Πότε
2612 2895 2720 2969 γάρ
2749 2894 2958 2963 δέδοται
2985 2893 3045 2946 τὸ
3076 2893 3272 2966 χρῆναι
3306 2891 3525 2965 θαρσεῖν
3556 2893 3620 2962 τῇ
3648 2892 3754 2961 γῇς

2177 2989 2314 3060 Πότε
2361 2988 2404 3042 δ’
2440 2984 2508 3042 αὖ
2559 2986 2860 3057 ἐμεγάλυνε
2894 2985 3102 3057 Κύριος
3147 2983 3242 3055 τοῦ
3289 2987 3557 3054 ποιῆσαι;.
3592 2983 3642 3035 εί
3680 2981 3757 3052 μὴ

2175 3083 2285 3148 ὅτε,
2333 3081 2466 3144 Θεὸς
2499 3079 2593 3146 ὢν,
2625 3083 2653 3134 6
2698 3079 2872 3147 Λόγος
2903 3079 3126 3148 γέγονεν
3172 3075 3478 3148 ἄνθρωπος,
3513 3075 3600 3129 ἵνα
3643 3075 3757 3138 τοῖς

493 3171 783 3224 luunanam
819 3181 1068 3224 naturam
1089 3171 1281 3237 induit,
1311 3181 1368 3225 ut
1398 3171 1555 3226 bonis
1585 3173 1834 3242 supernis
1870 3184 2070 3228 terram

2177 3175 2382 3232 ἄνωθεν
2426 3170 2732 3236 ἐπικλύζων
2775 3171 3000 3241 ἀγαθοῖς
3048 3171 3150 3240 τὴν
3197 3170 3289 3223 ὑπ’
3331 3168 3579 3240 οὐρανὸν,
3607 3166 3758 3238 stipi.—

492 3262 782 3330 inundans,
831 3262 1166 3318 inveniretur
1198 3264 1336 3319 inse
1374 3265 1722 3319 credentibus
1772 3273 1826 3319 ut
1879 3265 2073 3322 fluvius

2177 3286 2357 3324 σκοιτο
2394 3269 2507 3329 τοῖς
2539 3264 2886 3330 πιστεύουσιν
2915 3265 2995 3328 εἰς
3027 3263 3188 3317 αὐτὸν
3211 3263 3286 3324 ὡς
3330 3258 3573 3331 ποταμὸς
3606 3259 3758 3340 εἱρήτ

492 3357 668 3423 pacis,
693 3362 754 3409 ut
784 3365 998 3411 torrens
1028 3355 1340 3424 voluptatis,
1369 3364 1428 3409 u-t
1454 3364 1832 3425 temporaneus
1875 3365 1932 3412 et
1983 3372 2071 3412 se-

2177 3377 2288 3430 νης,
2327 3359 2404 3420 ὡς
2431 3357 2765 3429 χειμάρρους
2794 3355 3026 3428 τρυφῆς,
3059 3355 3135 3418 ὡς
3163 3354 3412 3426 πρώῖμός
3433 3370 3492 3406 τε
3525 3352 3619 3406 καὶ
3645 3341 3758 3421 ὅψιέ

494 3445 706 3499 rotinus
744 3445 938 3511 imber,
961 3454 1015 3500 et
1066 3447 1236 3500 totius
1287 3446 1554 3500 ubertatis
1605 3446 1850 3519 largitor.
1924 3446 2075 3504 Tunc

2177 3469 2275 3523 μος
2327 3450 2502 3512 ὑετὸς,
2549 3450 2644 3503 καὶ
2690 3448 2926 3520 ἁπάσης.
2957 3446 3156 3516 νοητῆς
3209 3445 3513 3517 εὐκαρπίας
3565 3445 3754 3518 δοιιτήρξ

494 3536 639 3591 enim
670 3536 755 3591 vel
791 3537 1384 3609 insipientissimis(qui
1413 3538 1660 3608 jumenla
1683 3540 1858 3611 campi
1883 3541 2074 3594 dicun-

2177 3543 2307 3599 Τότε
2337 3541 2448 3614 γὰρ
2475 3542 2570 3615 καὶ
2591 3543 2699 3604 τοῖς
2729 3541 2867 3609 ἄγαν
2895 3537 3324 3600 ἀσυνετωτάτοις
3351 3535 3422 3609 (οἳ
3456 3535 3550 3588 καὶ
3583 3535 3754 3605 κτήνη

497 3626 604 3699 tur)
636 3627 1012 3684 intellectualis
1044 3629 1209 3684 herba
1242 3630 1585 3699 germinavit,
1625 3645 1818 3702 nempe
1866 3630 2072 3686 docen-

2177 3633 2428 3704 kéyov'rat
2450 3633 2548 3693 τού
2577 3632 2782 3698 πεδίου)
2812 3630 2975 3701 νοητή
3005 3646 3091 3691 τις
3122 3627 3294 3696 ἀνέφυ
3329 3628 3453 3692 πόα,
3483 3627 3589 3680 τῶν
3615 3627 3758 3688 διδακ-

498 3721 629 3774 titun
662 3736 862 3776 sermo.
895 3721 1047 3775 'I‘unc
1077 3722 1361 3778 viruerunt
1390 3723 1576 3793 campi
1619 3724 1951 3780 solitudinis.
2011 3725 2075 3780 Et

2177 3727 2414 3780 σχόντων
2471 3728 2499 3778 ὁ
2539 3724 2717 3793 λόγος.
2769 3723 2902 3776 Τότε
2960 3721 3309 3792 βεϐλάστηκε⁵
3344 3719 3412 3773 τὰ
3459 3718 3612 3784 πεδία
3659 3720 3757 3789 τῆς

493 3813 839 3869 solitudinem
875 3815 1092 3884 quidem
1155 3825 1312 3870 vocat
1372 3816 1865 3885 Ecclesiam,juxta
1902 3819 2073 3874 illud:

498 3924 526 3958 ι
550 3905 783 3969 Laetare,
807 3906 1082 3962 desertum
1107 3909 1318 3972 sitiens,
1342 3910 1578 3964 exsultet
1606 3910 1865 3975 solitudo,
1898 3923 1952 3966 et
1974 3911 2073 3967 llo-

495 4006 612 4051 reat
636 3997 790 4066 quasi
819 3996 989 4052 lilium
1015 3999 1078 4052 ”.
1104 4018 1124 4052 ι
1175 3999 1362 4070 Campi
1415 4001 1533 4071 ejus
1597 4013 1724 4058 sunt
1757 4005 2076 4075 populorum

493 4098 738 4146 rectores
795 4099 852 4146 et
920 4091 1188 4157 doctores,
1255 4093 1349 4162 qui
1423 4103 1480 4149 et
1557 4095 1755 4150 divinis
1845 4113 1876 4152 e
1939 4100 2078 4154 cmlo

495 4180 842 4238 cliarismatis
908 4183 1145 4237 animum
1227 4184 1378 4240 velut
1461 4196 1757 4241 scatentem
1838 4199 1894 4244 et
1961 4191 2080 4256 pul-

497 4275 768 4330 cherrime
832 4276 1066 4346 undique
1121 4275 1396 4331 ﬂorentem
1476 4287 1688 4348 gerunt,
1737 4287 1794 4334 et
1857 4280 2079 4350 dogma-

499 4379 611 4424 tum
644 4368 866 4424 ﬂoribus
891 4371 1188 4440 spirantem
1246 4371 1503 4436 suaviter,
1538 4379 1594 4427 et
1643 4372 1847 4426 recenti
1906 4373 2076 4427 herba

499 4461 738 4529 undique
759 4463 1166 4529 pubescentem.
1197 4461 1258 4516 Hi
1285 4463 1580 4518 bestiarum
1609 4473 1855 4518 naturam
1900 4473 1954 4520 et
1997 4465 2086 4527 in-~

2179 3820 2410 3890 ἐρήμου,
2447 3817 2541 3871 καὶ
2587 3815 2792 3887 ἔρημον
2828 3815 2927 3885 μὲν
2971 3810 3242 3883 ὀνομάζει
3275 3811 3373 3883 τὴν
3433 3809 3758 3878 Ἐκκλησίαν

2180 3906 2321 3960 κατὰ
2368 3906 2448 3968 τὸ,
2482 3924 2500 3955 ι
2537 3904 2911 3975 Εὐφράνθητι,
2955 3903 3160 3975 ἔρημος
3198 3901 3430 3970 διψῶσα.
3472 3899 3757 3967 Ἀγαλλιά-

2179 3999 2292 4052 σθω
2323 4001 2356 4069 ή
2397 3997 2624 4069 ἕρημος,
2669 3997 2765 4052 καὶ⁵
2793 3995 3022 4049 ἀνθείτω
3066 3995 3143 4058 ὡς
3175 3995 3380 4065 κρῖνον.
3424 4012 3443 4044 ι
3495 3991 3659 4044 Πεδία
3700 3989 3759 4044 δὲ

2177 4091 2358 4145 αὐτῶν
2405 4091 2540 4144 εἰσιν
2590 4093 2638 4143 οἱ
2682 4089 2827 4143 λαῶν
2881 4087 3192 4159 ἡγούμενοι,
3239 4088 3335 4140 καὶ
3387 4084 3758 4152 παιδαγωγεῖν

2180 4183 2404 4248 εἰδότες,
2446 4183 2495 4237 οἳ
2545 4182 2641 4237 καὶ
2685 4185 2801 4245 τοῖς
2848 4180 3014 4243 θείοις
3056 4177 3117 4244 ἐξ
3147 4178 3379 4250 οὐρανοῦ
3425 4177 3758 4248 χαρίσμασιν

2178 4274 2340 4335 οἱονεὶ
2383 4272 2618 4343 βρύοντά
2657 4288 2739 4337 τε,
2769 4271 2864 4324 καὶ
2895 4265 2955 4323 εὖ
2988 4269 3130 4340 μάλα
3169 4266 3628 4340 περιηνθισμ,ἐνον
3659 4263 3759 4333 φέ-

2181 4381 2336 4436 ρουσι
2363 4365 2455 4417 τὸν
2486 4363 2610 4418 νοῦν
2640 4363 2733 4416 καὶ
2762 4364 2882 4426 ταῖς
2924 4361 3034 4414 τῶν
3077 4360 3364 4430 δογμάτων
3394 4357 3582 4420 άνθαις
3627 4354 3760 4416 πνέ-

2179 4456 2309 4509 οντά
2337 4473 2396 4508 τε
2441 4456 2563 4527 ἡδὺ,
2602 4456 2697 4508 καὶ
2729 4455 3019 4526 ἀρτιφανεῖ
3045 4455 3112 4524 τῇ
3144 4452 3253 4526 πόα
3297 4449 3756 4520 κατεστεμμένον.

499 4549 656 4614 genia
695 4550 966 4605 imitantes
992 4552 1400 4616 exhilarant,ut
1422 4554 1582 4608 etiam
1610 4554 1676 4607 ad
1739 4555 2075 4624 prudentiam

2186 4543 2348 4612 Οὗτοι
2373 4547 2482 4601 τῶν
2513 4545 3012 4616 ἀποκτηνωθὲντων
3038 4544 3126 4598 τὸν
3163 4543 3288 4597 νοῦν
3328 4539 3760 4611 κατευφραίνου-

499 4641 720 4695 homine
741 4643 955 4712 dignam
981 4659 1076 4699 eos
1120 4644 1412 4700 adducant.
1450 4646 1542 4700 Ait
1565 4657 1768 4715 autem,
1793 4657 1847 4700 et
1872 4648 2074 4717 lignum

505 4730 696 4786 tulisse
727 4731 964 4787 fructum
1011 4749 1190 4792 suum.
1227 4741 1281 4788 et
1312 4734 1524 4789 vineam
1561 4744 1724 4805 atque
1768 4737 1928 4792 ticum
1952 4753 2079 4806 pro-

503 4824 676 4893 priam
706 4823 921 4880 dedisse
953 4825 1236 4893 virtutem,
1268 4825 1486 4880 ﬁrmum
1512 4841 1577 4881 ac
1605 4827 2078 4898 solidum,opinor,

503 4916 810 4970 docentium
849 4931 1181 4983 sermonem,
1215 4920 1300 4973 cui
1332 4919 1493 4975 mista
1523 4929 1608 4975 est
1634 4920 1882 4987 dulcedo,
1911 4932 1965 4976 et
1990 4936 2078 4974 ra-

504 5008 918 5074 tiotlelectandi,
947 5008 1215 5065 fructibus
1266 5009 1352 5064 lici
1396 5018 1452 5066 et
1506 5012 1680 5067 vinea:
1732 5027 2077 5082 comparans.

501 5099 827 5155 Couvenerit
859 5109 1064 5164 autem,
1096 5115 1195 5154 nec
1227 5100 1419 5170 injuria
1475 5115 1626 5166 sane,
1654 5101 1829 5156 adhuc
1875 5102 2082 5157 crassis

501 5200 555 5243 et
588 5189 1045 5259 pecuduminstar
1069 5189 1321 5261 stupidis,
1377 5201 1432 5246 et
1475 5191 1818 5247 humiliorem
1872 5193 2078 5248 doctri‘

500 5296 649 5342 nam,
676 5281 841 5334 veluti
901 5282 1121 5336 herbam
1173 5283 1226 5336 in
1279 5298 1444 5352 parva
1489 5283 1809 5339 docentibus
1859 5296 2074 5340 enatam

502 5372 788 5440 impertiri,
825 5374 1080 5443 perfectis
1127 5390 1258 5430 vero
1305 5377 1551 5432 sublimis
1588 5377 1973 5449 intelligentia,
2023 5389 2079 5434 et

503 5473 757 5534 tanquam
792 5481 821 5520 e
864 5467 1023 5535 lignis
1059 5467 1318 5533 speciosis
1366 5467 1789 5524 cﬂloresccntem
1818 5471 2074 5537 fructum,

505 5571 695 5626 nctnpe
725 5558 789 5610 de
822 5566 1012 5611 sancta
1047 5566 1100 5612 et
1131 5559 1578 5615 consubstantiali
1621 5561 1905 5629 Trinitate,
1965 5566 2077 5620 sive

576 5728 621 5775 υ
659 5732 811 5800 ﬂant.
849 5749 910 5800 tt,
949 5734 992 5788 Ι.
1076 5735 1117 5766 ⁸³
1157 5735 1253 5790 Ιε-τι.
1294 5751 1454 5804 uxr,
1491 5737 1533 5790 ι.

2182 4656 2288 4706 σιν,
2323 4640 2412 4703 ἵνα
2455 4638 2550 4696 καῗι
2597 4639 2678 4700 εἰς
2721 4636 2937 4695 σύνεσιν
2989 4636 3263 4704 ἀνάγωσιν
3295 4631 3755 4704 ἀνθρωποπρεπῆ.

2184 4733 2326 4803 Ἔφη
2357 4731 2418 4794 δὲ,
2442 4732 2529 4794 ὅτι,
2569 4731 2664 4784 καὶ
2707 4728 2863 4794 ξύλον
2903 4728 3162 4798 ἐξήνεγκε
3206 4727 3298 4787 τὸν
3328 4724 3542 4796 καρπὸν
3571 4720 3759 4785 αὐτοῦ,

2180 4824 2426 4896 ἄμπελός
2455 4841 2538 4888 τε,
2581 4823 2675 4886 καὶ
2719 4821 2860 4893 συκῆ
2890 4822 2989 4892 τὴν
3023 4821 3159 4875 ἰδίαν
3199 4819 3464 4885 ἐκδέδωκε
3505 4816 3759 4886 δύναμιν,

2177 4920 2269 4973 τὸν
2295 4921 2536 4990 στερεὸν,
2567 4915 2742 4990 οἶμαι,
2771 4917 2882 4970 τῶν
2915 4914 3270 4975 διδασκόντων
3328 4911 3506 4980 λόγον,
3550 4902 3594 4977 ᾧ
3629 4909 3760 4979 μέτ-

2186 5029 2306 5068 εστι
2362 5012 2460 5083 μὲν
2491 5013 2556 5065 τὸ
2598 5011 2796 5081 γλυκὺ,
2843 5009 3062 5076 μέτεστι
3109 5006 3166 5059 δὲ
3198 5007 3336 5077 προς
3381 5005 3554 5073 τούτῳ
3585 5003 3680 5056 καὶ
3703 5001 3763 5054 τὸ

2185 5107 2600 5177 κατευφραίνειν
2653 5105 2813 5171 εῑδὸς,
2862 5104 2960 5174 τῆς
3000 5101 3106 5155 ἀπὸ
3151 5100 3340 5170 συκῆς,
3377 5095 3471 5151 καὶ
3516 5094 3761 5164 ἀμπέλου

2185 5203 2419 5268 καρποῖς
2463 5197 2836 5271 παρεικάζων.
2901 5193 3187 5265 Ἀρμόσειε
3239 5190 3284 5243 δ’
3337 5189 3425 5252 ἂν,
3476 5186 3571 5241 καὶ
3620 5185 3763 5256 μάλα

2185 5291 2431 5354 εἰκότως,
2468 5293 2582 5354 τοῖς
2613 5289 2712 5361 μὲν
2743 5287 2822 5340 ἔτι
2859 5283 3183 5355 παχυτέροις
3210 5283 3302 5335 τὸν
3341 5280 3487 5341 νοῦν,
3523 5279 3620 5331 καὶ
3658 5295 3763 5330 νω-

2185 5385 2332 5439 θείαν
2363 5386 2543 5455 ἔχουσι
2572 5383 2669 5454 τὴν
2698 5378 3051 5454 κτηνοπρεπῆ
3086 5373 3492 5444 κατανέμεσθαι
3518 5371 3611 5424 καὶ
3634 5369 3764 5440 χθα-

2187 5474 2506 5545 μαλωτέραν
2548 5472 2804 5545 μάθησιν,
2851 5469 2950 5540 τὴν
2994 5468 3069 5530 ὡς
3114 5467 3173 5518 ἐν
3215 5463 3348 5518 εἴδει
3392 5463 3486 5516 καὶ
3538 5461 3763 5530 δυνάμει

2185 5565 2321 5629 πόας
2351 5567 2407 5619 ἐν
2436 5568 2547 5630 τοῖς
2575 5565 2642 5619 τὰ
2685 5563 2855 5636 μικρὰ
2881 5561 3187 5616 διδάσκουσι
3221 5555 3517 5628 φυομένην,
3549 5553 3663 5614 τοῖς
3705 5549 3764 5615 δὲ
