  <div class='ocr_page' id='page_1' title='image "/cluster/home/n/w/nwhite01/storage/ocr_20150623/71/nnc1.0046980199/202.png"; bbox 0 0 4132 6370; ppageno 0'>
   <div class='ocr_carea' id='block_1_1' title="bbox 341 383 448 437">
    <p class='ocr_par' dir='ltr' id='par_1_1' title="bbox 341 383 448 437">
     <span class='ocr_line' id='line_1_1' title="bbox 341 383 448 437; baseline 0 0"><span class='ocrx_word' id='word_1_1' title='bbox 341 383 448 437; x_wconf 73' lang='lat'><strong>513</strong></span> 
     </span>
    </p>
   </div>
   <div class='ocr_carea' id='block_1_2' title="bbox 1231 384 2698 460">
    <p class='ocr_par' dir='ltr' id='par_1_2' title="bbox 1231 384 2698 460">
     <span class='ocr_line' id='line_1_2' title="bbox 1231 384 2698 460; baseline 0.003 -20"><span class='ocrx_word' id='word_1_2' title='bbox 1231 384 1786 446; x_wconf 70' lang='lat' dir='ltr'><strong>COMMENTARIUS</strong></span> <span class='ocrx_word' id='word_1_3' title='bbox 1827 384 1893 441; x_wconf 81' lang='lat' dir='ltr'><strong>IN</strong></span> <span class='ocrx_word' id='word_1_4' title='bbox 1933 384 2205 452; x_wconf 72' lang='lat' dir='ltr'><strong>JOELEM</strong></span> <span class='ocrx_word' id='word_1_5' title='bbox 2245 388 2698 460; x_wconf 68' lang='grc' dir='ltr'><strong>ΙᾟΟΡΙΙΕΤΑΜ.</strong></span> 
     </span>
    </p>
   </div>
   <div class='ocr_carea' id='block_1_3' title="bbox 3508 390 3608 459">
    <p class='ocr_par' dir='ltr' id='par_1_3' title="bbox 3508 390 3608 459">
     <span class='ocr_line' id='line_1_3' title="bbox 3508 390 3608 459; baseline 0.01 -14"><span class='ocrx_word' id='word_1_6' title='bbox 3508 390 3608 459; x_wconf 62' lang='grc' dir='ltr'>σῃ</span> 
     </span>
    </p>
   </div>
   <div class='ocr_carea' id='block_1_4' title="bbox 341 498 1928 580">
    <p class='ocr_par' dir='ltr' id='par_1_4' title="bbox 341 498 1928 576">
     <span class='ocr_line' id='line_1_4' title="bbox 341 498 1928 576; baseline 0.004 -23"><span class='ocrx_word' id='word_1_7' title='bbox 341 498 569 563; x_wconf 77' lang='grc' dir='ltr'><strong>τελείοις</strong></span> <span class='ocrx_word' id='word_1_8' title='bbox 613 499 713 570; x_wconf 71' lang='grc' dir='ltr'>ἠδη</span> <span class='ocrx_word' id='word_1_9' title='bbox 744 500 835 554; x_wconf 86' lang='grc' dir='ltr'><strong>τὸν</strong></span> <span class='ocrx_word' id='word_1_10' title='bbox 863 502 996 573; x_wconf 64' lang='grc' dir='ltr'>ὑψοῦ</span> <span class='ocrx_word' id='word_1_11' title='bbox 1032 521 1090 555; x_wconf 84' lang='grc' dir='ltr'><strong>τε</strong></span> <span class='ocrx_word' id='word_1_12' title='bbox 1124 505 1435 576; x_wconf 76' lang='grc' dir='ltr'><strong>νοούμενον,</strong></span> <span class='ocrx_word' id='word_1_13' title='bbox 1475 507 1571 561; x_wconf 76' lang='grc' dir='ltr'>καὶ</span> <span class='ocrx_word' id='word_1_14' title='bbox 1598 500 1715 560; x_wconf 73' lang='grc' dir='ltr'>οἷον</span> <span class='ocrx_word' id='word_1_15' title='bbox 1752 506 1928 574; x_wconf 81' lang='grc' dir='ltr'><strong>ξύλοις</strong></span> 
     </span>
    </p>
   </div>
   <div class='ocr_carea' id='block_1_5' title="bbox 2029 498 3629 580">
    <p class='ocr_par' dir='ltr' id='par_1_5' title="bbox 2033 508 3629 580">
     <span class='ocr_line' id='line_1_5' title="bbox 2033 508 3629 580; baseline 0.001 -18"><span class='ocrx_word' id='word_1_16' title='bbox 2033 509 2100 564; x_wconf 90' lang='lat' dir='ltr'><strong>de</strong></span> <span class='ocrx_word' id='word_1_17' title='bbox 2118 510 2423 578; x_wconf 13' lang='lat' dir='ltr'><strong>disciplina,</strong></span> <span class='ocrx_word' id='word_1_18' title='bbox 2462 510 2673 576; x_wconf 83' lang='lat' dir='ltr'><strong>morali,</strong></span> <span class='ocrx_word' id='word_1_19' title='bbox 2712 524 2871 580; x_wconf 88' lang='lat' dir='ltr'><strong>quam</strong></span> <span class='ocrx_word' id='word_1_20' title='bbox 2915 510 3068 580; x_wconf 86' lang='lat' dir='ltr'><strong>quasi</strong></span> <span class='ocrx_word' id='word_1_21' title='bbox 3114 510 3169 574; x_wconf 86' lang='lat' dir='ltr'><strong>in</strong></span> <span class='ocrx_word' id='word_1_22' title='bbox 3221 508 3331 564; x_wconf 85' lang='lat' dir='ltr'><strong>alto</strong></span> <span class='ocrx_word' id='word_1_23' title='bbox 3381 508 3629 579; x_wconf 38' lang='lat' dir='ltr'><strong>positam,</strong></span> 
     </span>
    </p>
   </div>
   <div class='ocr_carea' id='block_1_6' title="bbox 340 593 1928 669">
    <p class='ocr_par' dir='ltr' id='par_1_6' title="bbox 340 593 1928 669">
     <span class='ocr_line' id='line_1_6' title="bbox 340 593 1928 669; baseline 0.003 -21"><span class='ocrx_word' id='word_1_24' title='bbox 340 593 565 664; x_wconf 78' lang='grc' dir='ltr'><strong>ὡραίοις</strong></span> <span class='ocrx_word' id='word_1_25' title='bbox 610 593 955 666; x_wconf 84' lang='grc' dir='ltr'>ἐπηνθηκότα</span> <span class='ocrx_word' id='word_1_26' title='bbox 1000 597 1212 668; x_wconf 85' lang='grc' dir='ltr'>καρπὸν</span> <span class='ocrx_word' id='word_1_27' title='bbox 1241 640 1256 662; x_wconf 90' lang='grc'><strong>,</strong></span> <span class='ocrx_word' id='word_1_28' title='bbox 1308 597 1399 653; x_wconf 82' lang='grc' dir='ltr'><strong>τὸν</strong></span> <span class='ocrx_word' id='word_1_29' title='bbox 1446 601 1572 669; x_wconf 75' lang='grc' dir='ltr'>περὶ</span> <span class='ocrx_word' id='word_1_30' title='bbox 1620 599 1721 669; x_wconf 88' lang='grc' dir='ltr'><strong>τῆς</strong></span> <span class='ocrx_word' id='word_1_31' title='bbox 1766 599 1928 667; x_wconf 81' lang='grc' dir='ltr'><strong>ἁγίας</strong></span> 
     </span>
    </p>
   </div>
   <div class='ocr_carea' id='block_1_7' title="bbox 345 685 1926 762">
    <p class='ocr_par' dir='ltr' id='par_1_7' title="bbox 345 685 1926 762">
     <span class='ocr_line' id='line_1_7' title="bbox 345 685 1926 762; baseline 0.006 -26"><span class='ocrx_word' id='word_1_32' title='bbox 345 685 442 738; x_wconf 70' lang='grc' dir='ltr'><strong>καὶ</strong></span> <span class='ocrx_word' id='word_1_33' title='bbox 473 685 760 756; x_wconf 85' lang='grc' dir='ltr'>ὁμοουσίου</span> <span class='ocrx_word' id='word_1_34' title='bbox 807 687 1055 759; x_wconf 86' lang='grc' dir='ltr'>Τριάδος,</span> <span class='ocrx_word' id='word_1_35' title='bbox 1102 690 1270 759; x_wconf 75' lang='grc' dir='ltr'>ἤγουν</span> <span class='ocrx_word' id='word_1_36' title='bbox 1316 690 1655 754; x_wconf 82' lang='grc' dir='ltr'><strong>παιδεύσεως</strong></span> <span class='ocrx_word' id='word_1_37' title='bbox 1707 691 1926 762; x_wconf 79' lang='grc' dir='ltr'>ἠθικῆς,</span> 
     </span>
    </p>
   </div>
   <div class='ocr_carea' id='block_1_8' title="bbox 344 775 1927 852">
    <p class='ocr_par' dir='ltr' id='par_1_8' title="bbox 344 775 1927 852">
     <span class='ocr_line' id='line_1_8' title="bbox 344 775 1927 852; baseline 0.004 -25"><span class='ocrx_word' id='word_1_38' title='bbox 344 775 446 845; x_wconf 88' lang='grc' dir='ltr'><strong>τῆς</strong></span> <span class='ocrx_word' id='word_1_39' title='bbox 474 775 550 839; x_wconf 79' lang='grc' dir='ltr'>ὼς</span> <span class='ocrx_word' id='word_1_40' title='bbox 583 777 642 829; x_wconf 86' lang='grc' dir='ltr'><strong>ἐν</strong></span> <span class='ocrx_word' id='word_1_41' title='bbox 674 775 798 846; x_wconf 71' lang='grc' dir='ltr'>ὕψει</span> <span class='ocrx_word' id='word_1_42' title='bbox 840 777 1241 850; x_wconf 82' lang='grc' dir='ltr'>θεωρουμένης.</span> <span class='ocrx_word' id='word_1_43' title='bbox 1269 778 1559 850; x_wconf 82' lang='grc' dir='ltr'><strong>Τοιγάρτοι</strong></span> <span class='ocrx_word' id='word_1_44' title='bbox 1606 781 1778 852; x_wconf 73' lang='grc' dir='ltr'>κτήινη</span> <span class='ocrx_word' id='word_1_45' title='bbox 1827 780 1927 850; x_wconf 84' lang='grc' dir='ltr'><strong>μὲν</strong></span> 
     </span>
    </p>
   </div>
   <div class='ocr_carea' id='block_1_9' title="bbox 346 867 1928 943">
    <p class='ocr_par' dir='ltr' id='par_1_9' title="bbox 346 867 1928 943">
     <span class='ocr_line' id='line_1_9' title="bbox 346 867 1928 943; baseline 0.003 -23"><span class='ocrx_word' id='word_1_46' title='bbox 346 867 585 932; x_wconf 77' lang='grc' dir='ltr'><strong>ἐκείνους</strong></span> <span class='ocrx_word' id='word_1_47' title='bbox 612 868 890 939; x_wconf 76' lang='grc' dir='ltr'>ὀνομάζει,</span> <span class='ocrx_word' id='word_1_48' title='bbox 920 869 1059 924; x_wconf 87' lang='grc' dir='ltr'>Σιὼν</span> <span class='ocrx_word' id='word_1_49' title='bbox 1086 871 1141 925; x_wconf 80' lang='grc' dir='ltr'>δὲ</span> <span class='ocrx_word' id='word_1_50' title='bbox 1170 872 1270 943; x_wconf 74' lang='grc' dir='ltr'>ἤδη</span> <span class='ocrx_word' id='word_1_51' title='bbox 1300 872 1466 926; x_wconf 89' lang='grc' dir='ltr'>τέκνα</span> <span class='ocrx_word' id='word_1_52' title='bbox 1503 873 1629 936; x_wconf 77' lang='grc' dir='ltr'>τοὺς</span> <span class='ocrx_word' id='word_1_53' title='bbox 1663 872 1928 926; x_wconf 84' lang='grc' dir='ltr'>τελειοτέ-</span> 
     </span>
    </p>
   </div>
   <div class='ocr_carea' id='block_1_10' title="bbox 349 955 1926 1035">
    <p class='ocr_par' dir='ltr' id='par_1_10' title="bbox 349 955 1926 1035">
     <span class='ocr_line' id='line_1_10' title="bbox 349 955 1926 1035; baseline 0.004 -25"><span class='ocrx_word' id='word_1_54' title='bbox 349 974 497 1029; x_wconf 86' lang='grc' dir='ltr'>ρους,</span> <span class='ocrx_word' id='word_1_55' title='bbox 532 955 613 1022; x_wconf 78' lang='grc' dir='ltr'>οἷς</span> <span class='ocrx_word' id='word_1_56' title='bbox 657 959 749 1012; x_wconf 77' lang='grc' dir='ltr'><strong>καὶ</strong></span> <span class='ocrx_word' id='word_1_57' title='bbox 794 960 1185 1029; x_wconf 88' lang='grc' dir='ltr'>ἐπιγάννυσθαι</span> <span class='ocrx_word' id='word_1_58' title='bbox 1229 963 1441 1017; x_wconf 81' lang='grc' dir='ltr'>κελεύει</span> <span class='ocrx_word' id='word_1_59' title='bbox 1475 965 1665 1035; x_wconf 81' lang='grc' dir='ltr'>Κυρίῳ</span> <span class='ocrx_word' id='word_1_60' title='bbox 1698 964 1776 1035; x_wconf 83' lang='grc' dir='ltr'>τῷ</span> <span class='ocrx_word' id='word_1_61' title='bbox 1808 963 1926 1035; x_wconf 80' lang='grc' dir='ltr'>Θεῷ</span> 
     </span>
    </p>
   </div>
   <div class='ocr_carea' id='block_1_11' title="bbox 344 1048 1926 1126">
    <p class='ocr_par' dir='ltr' id='par_1_11' title="bbox 344 1048 1926 1126">
     <span class='ocr_line' id='line_1_11' title="bbox 344 1048 1926 1126; baseline 0.004 -25"><span class='ocrx_word' id='word_1_62' title='bbox 344 1048 523 1119; x_wconf 81' lang='grc' dir='ltr'>ἡμῶν.</span> <span class='ocrx_word' id='word_1_63' title='bbox 570 1050 633 1103; x_wconf 86' lang='grc' dir='ltr'><strong>Ἦ</strong></span> <span class='ocrx_word' id='word_1_64' title='bbox 686 1052 834 1104; x_wconf 80' lang='grc' dir='ltr'>πᾶσα</span> <span class='ocrx_word' id='word_1_65' title='bbox 882 1051 990 1123; x_wconf 82' lang='grc' dir='ltr'><strong>γάρ</strong></span> <span class='ocrx_word' id='word_1_66' title='bbox 1039 1052 1275 1123; x_wconf 84' lang='grc' dir='ltr'>θυμηδία</span> <span class='ocrx_word' id='word_1_67' title='bbox 1320 1054 1478 1125; x_wconf 76' lang='grc' dir='ltr'>ἡμῶν</span> <span class='ocrx_word' id='word_1_68' title='bbox 1508 1054 1764 1126; x_wconf 79' lang='grc' dir='ltr'>Χριστὸς,</span> <span class='ocrx_word' id='word_1_69' title='bbox 1794 1055 1926 1125; x_wconf 83' lang='grc' dir='ltr'>παρ’</span> 
     </span>
    </p>
   </div>
   <div class='ocr_carea' id='block_1_12' title="bbox 341 1133 1925 1215">
    <p class='ocr_par' dir='ltr' id='par_1_12' title="bbox 341 1133 1925 1215">
     <span class='ocr_line' id='line_1_12' title="bbox 341 1133 1925 1215; baseline 0.002 -19"><span class='ocrx_word' id='word_1_70' title='bbox 341 1133 406 1196; x_wconf 75' lang='grc' dir='ltr'>οὗ</span> <span class='ocrx_word' id='word_1_71' title='bbox 442 1142 537 1194; x_wconf 82' lang='grc' dir='ltr'><strong>καὶ</strong></span> <span class='ocrx_word' id='word_1_72' title='bbox 574 1140 642 1194; x_wconf 90' lang='grc' dir='ltr'>δι’</span> <span class='ocrx_word' id='word_1_73' title='bbox 670 1135 732 1196; x_wconf 78' lang='grc' dir='ltr'>οὗ</span> <span class='ocrx_word' id='word_1_74' title='bbox 780 1145 930 1197; x_wconf 83' lang='grc' dir='ltr'>πᾶσα</span> <span class='ocrx_word' id='word_1_75' title='bbox 960 1143 1239 1215; x_wconf 81' lang='grc' dir='ltr'><strong>πλήρωσις</strong></span> <span class='ocrx_word' id='word_1_76' title='bbox 1268 1144 1511 1213; x_wconf 82' lang='grc' dir='ltr'><strong>ἀγαθῶν,</strong></span> <span class='ocrx_word' id='word_1_77' title='bbox 1543 1146 1640 1200; x_wconf 74' lang='grc' dir='ltr'>καὶ</span> <span class='ocrx_word' id='word_1_78' title='bbox 1674 1144 1784 1199; x_wconf 85' lang='grc' dir='ltr'><strong>τῶν</strong></span> <span class='ocrx_word' id='word_1_79' title='bbox 1833 1146 1925 1199; x_wconf 87' lang='grc' dir='ltr'>οὐ-</span> 
     </span>
    </p>
   </div>
   <div class='ocr_carea' id='block_1_13' title="bbox 345 1229 1922 1305">
    <p class='ocr_par' dir='ltr' id='par_1_13' title="bbox 345 1229 1922 1305">
     <span class='ocr_line' id='line_1_13' title="bbox 345 1229 1922 1305; baseline 0.005 -23"><span class='ocrx_word' id='word_1_80' title='bbox 345 1229 546 1300; x_wconf 88' lang='grc' dir='ltr'>ρανίων</span> <span class='ocrx_word' id='word_1_81' title='bbox 578 1233 933 1304; x_wconf 82' lang='grc' dir='ltr'>χαρισμάτων</span> <span class='ocrx_word' id='word_1_82' title='bbox 977 1234 1211 1305; x_wconf 85' lang='grc' dir='ltr'>χορηγία</span> <span class='ocrx_word' id='word_1_83' title='bbox 1251 1238 1365 1299; x_wconf 85' lang='grc' dir='ltr'>τοῖς</span> <span class='ocrx_word' id='word_1_84' title='bbox 1411 1235 1701 1305; x_wconf 81' lang='grc' dir='ltr'>ἀγαπῶσιν</span> <span class='ocrx_word' id='word_1_85' title='bbox 1740 1236 1922 1302; x_wconf 77' lang='grc' dir='ltr'>αὐτὸν,</span> 
     </span>
    </p>
   </div>
   <div class='ocr_carea' id='block_1_14' title="bbox 343 1320 1927 1399">
    <p class='ocr_par' dir='ltr' id='par_1_14' title="bbox 343 1320 1927 1399">
     <span class='ocr_line' id='line_1_14' title="bbox 343 1320 1927 1399; baseline 0.005 -27"><span class='ocrx_word' id='word_1_86' title='bbox 343 1320 416 1383; x_wconf 72' lang='grc' dir='ltr'><strong>ὡς</strong></span> <span class='ocrx_word' id='word_1_87' title='bbox 442 1322 499 1373; x_wconf 84' lang='grc' dir='ltr'><strong>ἐν</strong></span> <span class='ocrx_word' id='word_1_88' title='bbox 533 1324 802 1391; x_wconf 83' lang='grc' dir='ltr'>πρωΐμοις</span> <span class='ocrx_word' id='word_1_89' title='bbox 828 1340 911 1385; x_wconf 90' lang='grc' dir='ltr'><strong>τε,</strong></span> <span class='ocrx_word' id='word_1_90' title='bbox 942 1325 1036 1377; x_wconf 79' lang='grc' dir='ltr'><strong>καὶ</strong></span> <span class='ocrx_word' id='word_1_91' title='bbox 1072 1324 1287 1395; x_wconf 81' lang='grc' dir='ltr'>ὀψίμοις</span> <span class='ocrx_word' id='word_1_92' title='bbox 1318 1327 1497 1390; x_wconf 82' lang='grc' dir='ltr'>ὑετοῖς</span> <span class='ocrx_word' id='word_1_93' title='bbox 1523 1326 1927 1399; x_wconf 15' lang='grc' dir='ltr'>νοουμένη,ῆκα“ι</span> 
     </span>
    </p>
   </div>
   <div class='ocr_carea' id='block_1_15' title="bbox 340 1412 1926 1490">
    <p class='ocr_par' dir='ltr' id='par_1_15' title="bbox 340 1412 1926 1490">
     <span class='ocr_line' id='line_1_15' title="bbox 340 1412 1926 1490; baseline 0.006 -26"><span class='ocrx_word' id='word_1_94' title='bbox 340 1412 413 1475; x_wconf 79' lang='grc' dir='ltr'>ὡς</span> <span class='ocrx_word' id='word_1_95' title='bbox 448 1415 505 1465; x_wconf 79' lang='grc' dir='ltr'><strong>ἐν</strong></span> <span class='ocrx_word' id='word_1_96' title='bbox 539 1412 671 1484; x_wconf 85' lang='grc' dir='ltr'><strong>σίτῳ</strong></span> <span class='ocrx_word' id='word_1_97' title='bbox 700 1414 835 1485; x_wconf 75' lang='grc' dir='ltr'>ἅλῳ,</span> <span class='ocrx_word' id='word_1_98' title='bbox 864 1416 961 1469; x_wconf 77' lang='grc' dir='ltr'>καὶ</span> <span class='ocrx_word' id='word_1_99' title='bbox 1002 1418 1129 1488; x_wconf 86' lang='grc' dir='ltr'>οίνῳ</span> <span class='ocrx_word' id='word_1_100' title='bbox 1174 1417 1352 1486; x_wconf 81' lang='grc' dir='ltr'>ληνοῖς</span> <span class='ocrx_word' id='word_1_101' title='bbox 1386 1419 1795 1490; x_wconf 84' lang='grc' dir='ltr'>ὐπερχεομένῳ,</span> <span class='ocrx_word' id='word_1_102' title='bbox 1834 1421 1926 1474; x_wconf 75' lang='grc' dir='ltr'>καὶ</span> 
     </span>
    </p>
   </div>
   <div class='ocr_carea' id='block_1_16' title="bbox 340 1494 1924 1580">
    <p class='ocr_par' dir='ltr' id='par_1_16' title="bbox 340 1494 1924 1580">
     <span class='ocr_line' id='line_1_16' title="bbox 340 1494 1924 1580; baseline 0.008 -25"><span class='ocrx_word' id='word_1_103' title='bbox 340 1505 506 1575; x_wconf 84' lang='grc' dir='ltr'>ἐλαίῳ</span> <span class='ocrx_word' id='word_1_104' title='bbox 555 1506 966 1580; x_wconf 76' lang='grc' dir='ltr'>ὑπερϐλύζοντι.</span> <span class='ocrx_word' id='word_1_105' title='bbox 1033 1509 1227 1564; x_wconf 86' lang='grc' dir='ltr'>Ἰστέον</span> <span class='ocrx_word' id='word_1_106' title='bbox 1274 1512 1354 1578; x_wconf 92' lang='grc' dir='ltr'><strong>δὲ,</strong></span> <span class='ocrx_word' id='word_1_107' title='bbox 1409 1514 1489 1566; x_wconf 85' lang='grc' dir='ltr'>ὅτι</span> <span class='ocrx_word' id='word_1_108' title='bbox 1534 1514 1629 1566; x_wconf 79' lang='grc' dir='ltr'><strong>καὶ</strong></span> <span class='ocrx_word' id='word_1_109' title='bbox 1662 1494 1803 1567; x_wconf 65' lang='grc' dir='ltr'>κατά</span> <span class='ocrx_word' id='word_1_110' title='bbox 1834 1514 1924 1567; x_wconf 82' lang='grc' dir='ltr'><strong>τὸν</strong></span> 
     </span>
    </p>
   </div>
   <div class='ocr_carea' id='block_1_17' title="bbox 341 1596 1926 1677">
    <p class='ocr_par' dir='ltr' id='par_1_17' title="bbox 341 1596 1926 1677">
     <span class='ocr_line' id='line_1_17' title="bbox 341 1596 1926 1677; baseline 0.008 -30"><span class='ocrx_word' id='word_1_111' title='bbox 341 1596 542 1666; x_wconf 81' lang='grc' dir='ltr'>τρόπον</span> <span class='ocrx_word' id='word_1_112' title='bbox 568 1600 666 1669; x_wconf 80' lang='grc' dir='ltr'><strong>τῆς</strong></span> <span class='ocrx_word' id='word_1_113' title='bbox 714 1601 985 1671; x_wconf 80' lang='grc' dir='ltr'>μυστικῆς</span> <span class='ocrx_word' id='word_1_114' title='bbox 1016 1602 1350 1674; x_wconf 86' lang='grc' dir='ltr'>πληρώσεως</span> <span class='ocrx_word' id='word_1_115' title='bbox 1387 1604 1593 1677; x_wconf 83' lang='grc' dir='ltr'>ἀληθὴς</span> <span class='ocrx_word' id='word_1_116' title='bbox 1629 1608 1661 1676; x_wconf 85' lang='grc' dir='ltr'>ἠ</span> <span class='ocrx_word' id='word_1_117' title='bbox 1691 1606 1926 1676; x_wconf 72' lang='grc' dir='ltr'>ὑπόσχεο</span> 
     </span>
    </p>
   </div>
   <div class='ocr_carea' id='block_1_18' title="bbox 345 1686 1924 1765">
    <p class='ocr_par' dir='ltr' id='par_1_18' title="bbox 345 1686 1924 1765">
     <span class='ocr_line' id='line_1_18' title="bbox 345 1686 1924 1765; baseline 0.008 -27"><span class='ocrx_word' id='word_1_118' title='bbox 345 1703 450 1748; x_wconf 72' lang='lat' dir='ltr'><strong>ag.</strong></span> <span class='ocrx_word' id='word_1_119' title='bbox 482 1686 700 1743; x_wconf 83' lang='grc' dir='ltr'>Δέδοται</span> <span class='ocrx_word' id='word_1_120' title='bbox 731 1690 839 1761; x_wconf 81' lang='grc' dir='ltr'><strong>γὰρ</strong></span> <span class='ocrx_word' id='word_1_121' title='bbox 864 1693 999 1763; x_wconf 79' lang='grc' dir='ltr'>ἡμῖν</span> <span class='ocrx_word' id='word_1_122' title='bbox 1044 1693 1120 1758; x_wconf 86' lang='grc' dir='ltr'><strong>ὡς</strong></span> <span class='ocrx_word' id='word_1_123' title='bbox 1167 1694 1226 1749; x_wconf 85' lang='grc' dir='ltr'><strong>ἐν</strong></span> <span class='ocrx_word' id='word_1_124' title='bbox 1269 1694 1409 1765; x_wconf 87' lang='grc' dir='ltr'>ὐετῷ</span> <span class='ocrx_word' id='word_1_125' title='bbox 1448 1695 1509 1748; x_wconf 80' lang='grc' dir='ltr'><strong>τὸ</strong></span> <span class='ocrx_word' id='word_1_126' title='bbox 1538 1694 1681 1763; x_wconf 77' lang='grc' dir='ltr'>ὕδωρ</span> <span class='ocrx_word' id='word_1_127' title='bbox 1723 1696 1787 1750; x_wconf 76' lang='grc' dir='ltr'>τὸ</span> <span class='ocrx_word' id='word_1_128' title='bbox 1814 1696 1924 1761; x_wconf 79' lang='grc' dir='ltr'><strong>ζῶν</strong></span> 
     </span>
    </p>
   </div>
   <div class='ocr_carea' id='block_1_19' title="bbox 341 1778 1925 1859">
    <p class='ocr_par' dir='ltr' id='par_1_19' title="bbox 341 1778 1925 1859">
     <span class='ocr_line' id='line_1_19' title="bbox 341 1778 1925 1859; baseline 0.008 -29"><span class='ocrx_word' id='word_1_129' title='bbox 341 1778 436 1831; x_wconf 84' lang='grc' dir='ltr'><strong>τοῦ</strong></span> <span class='ocrx_word' id='word_1_130' title='bbox 489 1779 645 1848; x_wconf 86' lang='grc' dir='ltr'>ἁγίου</span> <span class='ocrx_word' id='word_1_131' title='bbox 697 1780 1091 1854; x_wconf 81' lang='grc' dir='ltr'>βαπτίσματος,</span> <span class='ocrx_word' id='word_1_132' title='bbox 1124 1784 1200 1849; x_wconf 85' lang='grc' dir='ltr'><strong>ὡς</strong></span> <span class='ocrx_word' id='word_1_133' title='bbox 1226 1785 1273 1839; x_wconf 86' lang='grc' dir='ltr'>δ’</span> <span class='ocrx_word' id='word_1_134' title='bbox 1304 1787 1363 1839; x_wconf 85' lang='grc' dir='ltr'><strong>ἐν</strong></span> <span class='ocrx_word' id='word_1_135' title='bbox 1404 1786 1537 1857; x_wconf 84' lang='grc' dir='ltr'>σίτῳ</span> <span class='ocrx_word' id='word_1_136' title='bbox 1569 1787 1598 1840; x_wconf 83' lang='grc' dir='ltr'><strong>ὁ</strong></span> <span class='ocrx_word' id='word_1_137' title='bbox 1633 1787 1797 1859; x_wconf 80' lang='grc' dir='ltr'>ἄρτος</span> <span class='ocrx_word' id='word_1_138' title='bbox 1823 1788 1925 1859; x_wconf 84' lang='grc' dir='ltr'><strong>τῆς</strong></span> 
     </span>
    </p>
   </div>
   <div class='ocr_carea' id='block_1_20' title="bbox 2027 600 3612 671">
    <p class='ocr_par' dir='ltr' id='par_1_20' title="bbox 2027 600 3612 671">
     <span class='ocr_line' id='line_1_20' title="bbox 2027 600 3612 671; baseline 0.003 -18"><span class='ocrx_word' id='word_1_139' title='bbox 2027 601 2481 670; x_wconf 88' lang='lat' dir='ltr'><strong>contemplamur.</strong></span> <span class='ocrx_word' id='word_1_140' title='bbox 2507 600 2739 658; x_wconf 90' lang='lat' dir='ltr'><strong>Proinde</strong></span> <span class='ocrx_word' id='word_1_141' title='bbox 2762 601 2884 656; x_wconf 89' lang='lat' dir='ltr'><strong>illos</strong></span> <span class='ocrx_word' id='word_1_142' title='bbox 2907 600 3151 669; x_wconf 76' lang='lat' dir='ltr'><strong>iumenta</strong></span> <span class='ocrx_word' id='word_1_143' title='bbox 3184 600 3451 671; x_wconf 86' lang='lat' dir='ltr'><strong>appellat,</strong></span> <span class='ocrx_word' id='word_1_144' title='bbox 3485 600 3612 657; x_wconf 89' lang='lat' dir='ltr'><strong>Sio-</strong></span> 
     </span>
    </p>
   </div>
   <div class='ocr_carea' id='block_1_21' title="bbox 2027 690 3632 763">
    <p class='ocr_par' dir='ltr' id='par_1_21' title="bbox 2027 690 3632 763">
     <span class='ocr_line' id='line_1_21' title="bbox 2027 690 3632 763; baseline 0.002 -20"><span class='ocrx_word' id='word_1_145' title='bbox 2027 690 2113 745; x_wconf 91' lang='lat' dir='ltr'><strong>nis</strong></span> <span class='ocrx_word' id='word_1_146' title='bbox 2130 699 2310 746; x_wconf 89' lang='lat' dir='ltr'><strong>autem</strong></span> <span class='ocrx_word' id='word_1_147' title='bbox 2335 690 2447 761; x_wconf 81' lang='lat' dir='ltr'><strong>jam</strong></span> <span class='ocrx_word' id='word_1_148' title='bbox 2497 692 2659 759; x_wconf 82' lang='lat' dir='ltr'><strong>ﬁlios,</strong></span> <span class='ocrx_word' id='word_1_149' title='bbox 2690 691 3064 762; x_wconf 73' lang='lat' dir='ltr'><strong>perfectiores,</strong></span> <span class='ocrx_word' id='word_1_150' title='bbox 3098 708 3235 763; x_wconf 85' lang='lat' dir='ltr'><strong>quos</strong></span> <span class='ocrx_word' id='word_1_151' title='bbox 3267 702 3322 747; x_wconf 90' lang='lat' dir='ltr'><strong>et</strong></span> <span class='ocrx_word' id='word_1_152' title='bbox 3376 694 3632 761; x_wconf 52' lang='lat' dir='ltr'><strong>gaudere,</strong></span> 
     </span>
    </p>
   </div>
   <div class='ocr_carea' id='block_1_22' title="bbox 2019 781 3615 849">
    <p class='ocr_par' dir='ltr' id='par_1_22' title="bbox 2019 781 3615 849">
     <span class='ocr_line' id='line_1_22' title="bbox 2019 781 3615 849; baseline 0.004 -16"><span class='ocrx_word' id='word_1_153' title='bbox 2019 781 2173 849; x_wconf 88' lang='lat' dir='ltr'><strong>jubet</strong></span> <span class='ocrx_word' id='word_1_154' title='bbox 2193 784 2245 838; x_wconf 93' lang='lat' dir='ltr'><strong>in</strong></span> <span class='ocrx_word' id='word_1_155' title='bbox 2268 784 2496 841; x_wconf 92' lang='lat' dir='ltr'><strong>Domino</strong></span> <span class='ocrx_word' id='word_1_156' title='bbox 2528 786 2636 841; x_wconf 91' lang='lat' dir='ltr'><strong>Deo</strong></span> <span class='ocrx_word' id='word_1_157' title='bbox 2658 796 2864 842; x_wconf 87' lang='lat' dir='ltr'><strong>nostro.</strong></span> <span class='ocrx_word' id='word_1_158' title='bbox 2899 785 3072 843; x_wconf 91' lang='lat' dir='ltr'><strong>Omne</strong></span> <span class='ocrx_word' id='word_1_159' title='bbox 3097 787 3241 841; x_wconf 90' lang='lat' dir='ltr'><strong>cnim</strong></span> <span class='ocrx_word' id='word_1_160' title='bbox 3272 786 3437 840; x_wconf 89' lang='lat' dir='ltr'><strong>animi</strong></span> <span class='ocrx_word' id='word_1_161' title='bbox 3464 785 3615 840; x_wconf 90' lang='lat' dir='ltr'><strong>oble-</strong></span> 
     </span>
    </p>
   </div>
   <div class='ocr_carea' id='block_1_23' title="bbox 2026 878 3615 949">
    <p class='ocr_par' dir='ltr' id='par_1_23' title="bbox 2026 878 3615 949">
     <span class='ocr_line' id='line_1_23' title="bbox 2026 878 3615 949; baseline 0.003 -22"><span class='ocrx_word' id='word_1_162' title='bbox 2026 884 2353 931; x_wconf 87' lang='lat' dir='ltr'><strong>ctamentum</strong></span> <span class='ocrx_word' id='word_1_163' title='bbox 2382 878 2634 934; x_wconf 91' lang='lat' dir='ltr'><strong>Christus</strong></span> <span class='ocrx_word' id='word_1_164' title='bbox 2660 888 2765 941; x_wconf 84' lang='lat' dir='ltr'><strong>est.</strong></span> <span class='ocrx_word' id='word_1_165' title='bbox 2798 894 2828 932; x_wconf 91' lang='lat' dir='ltr'><strong>a</strong></span> <span class='ocrx_word' id='word_1_166' title='bbox 2850 894 2956 948; x_wconf 90' lang='lat' dir='ltr'><strong>quo</strong></span> <span class='ocrx_word' id='word_1_167' title='bbox 2993 889 3050 938; x_wconf 89' lang='lat' dir='ltr'><strong>et</strong></span> <span class='ocrx_word' id='word_1_168' title='bbox 3076 894 3171 949; x_wconf 92' lang='lat' dir='ltr'><strong>per</strong></span> <span class='ocrx_word' id='word_1_169' title='bbox 3197 893 3358 949; x_wconf 85' lang='lat' dir='ltr'><strong>quem</strong></span> <span class='ocrx_word' id='word_1_170' title='bbox 3386 885 3471 931; x_wconf 91' lang='lat' dir='ltr'><strong>est</strong></span> <span class='ocrx_word' id='word_1_171' title='bbox 3490 893 3615 932; x_wconf 86' lang='lat' dir='ltr'><strong>om-</strong></span> 
     </span>
    </p>
   </div>
   <div class='ocr_carea' id='block_1_24' title="bbox 2028 965 3611 1038">
    <p class='ocr_par' dir='ltr' id='par_1_24' title="bbox 2028 965 3611 1038">
     <span class='ocr_line' id='line_1_24' title="bbox 2028 965 3611 1038; baseline 0.002 -20"><span class='ocrx_word' id='word_1_172' title='bbox 2028 965 2113 1020; x_wconf 89' lang='lat' dir='ltr'><strong>nis</strong></span> <span class='ocrx_word' id='word_1_173' title='bbox 2139 969 2401 1023; x_wconf 88' lang='lat' dir='ltr'><strong>honorum</strong></span> <span class='ocrx_word' id='word_1_174' title='bbox 2428 970 2724 1038; x_wconf 85' lang='lat' dir='ltr'><strong>plenitudo.</strong></span> <span class='ocrx_word' id='word_1_175' title='bbox 2774 979 2832 1025; x_wconf 90' lang='lat' dir='ltr'><strong>et</strong></span> <span class='ocrx_word' id='word_1_176' title='bbox 2880 969 3272 1024; x_wconf 75' lang='lat' dir='ltr'><strong>charismatum</strong></span> <span class='ocrx_word' id='word_1_177' title='bbox 3309 968 3611 1022; x_wconf 78' lang='lat' dir='ltr'><strong>caelestium</strong></span> 
     </span>
    </p>
   </div>
   <div class='ocr_carea' id='block_1_25' title="bbox 2026 1059 3613 1131">
    <p class='ocr_par' dir='ltr' id='par_1_25' title="bbox 2026 1059 3613 1131">
     <span class='ocr_line' id='line_1_25' title="bbox 2026 1059 3613 1131; baseline 0.001 -19"><span class='ocrx_word' id='word_1_178' title='bbox 2026 1060 2246 1113; x_wconf 85' lang='lat' dir='ltr'><strong>donatio</strong></span> <span class='ocrx_word' id='word_1_179' title='bbox 2277 1059 2624 1130; x_wconf 75' lang='lat' dir='ltr'><strong>diligentibus</strong></span> <span class='ocrx_word' id='word_1_180' title='bbox 2651 1077 2800 1128; x_wconf 91' lang='lat' dir='ltr'><strong>eum,</strong></span> <span class='ocrx_word' id='word_1_181' title='bbox 2833 1060 2987 1131; x_wconf 86' lang='lat' dir='ltr'><strong>quasi</strong></span> <span class='ocrx_word' id='word_1_182' title='bbox 3026 1062 3078 1114; x_wconf 91' lang='lat' dir='ltr'><strong>in</strong></span> <span class='ocrx_word' id='word_1_183' title='bbox 3128 1059 3490 1129; x_wconf 84' lang='lat' dir='ltr'><strong>temporaneis</strong></span> <span class='ocrx_word' id='word_1_184' title='bbox 3557 1067 3613 1114; x_wconf 89' lang='lat' dir='ltr'><strong>et</strong></span> 
     </span>
    </p>
   </div>
   <div class='ocr_carea' id='block_1_26' title="bbox 2027 1148 3600 1221">
    <p class='ocr_par' dir='ltr' id='par_1_26' title="bbox 2027 1148 3600 1221">
     <span class='ocr_line' id='line_1_26' title="bbox 2027 1148 3600 1221; baseline 0.001 -16"><span class='ocrx_word' id='word_1_185' title='bbox 2027 1151 2280 1207; x_wconf 82' lang='lat' dir='ltr'><strong>serotinis</strong></span> <span class='ocrx_word' id='word_1_186' title='bbox 2305 1152 2572 1207; x_wconf 87' lang='lat' dir='ltr'><strong>imbribus</strong></span> <span class='ocrx_word' id='word_1_187' title='bbox 2606 1152 2900 1218; x_wconf 89' lang='lat' dir='ltr'><strong>intellecta,</strong></span> <span class='ocrx_word' id='word_1_188' title='bbox 2930 1160 2986 1205; x_wconf 90' lang='lat' dir='ltr'><strong>ct</strong></span> <span class='ocrx_word' id='word_1_189' title='bbox 3007 1151 3163 1221; x_wconf 80' lang='lat' dir='ltr'><strong>quasi</strong></span> <span class='ocrx_word' id='word_1_190' title='bbox 3219 1151 3273 1203; x_wconf 91' lang='lat' dir='ltr'><strong>in</strong></span> <span class='ocrx_word' id='word_1_191' title='bbox 3322 1148 3600 1206; x_wconf 82' lang='lat' dir='ltr'><strong>frumento</strong></span> 
     </span>
    </p>
   </div>
   <div class='ocr_carea' id='block_1_27' title="bbox 2026 1241 3614 1314">
    <p class='ocr_par' dir='ltr' id='par_1_27' title="bbox 2026 1241 3614 1314">
     <span class='ocr_line' id='line_1_27' title="bbox 2026 1241 3614 1314; baseline 0.003 -21"><span class='ocrx_word' id='word_1_192' title='bbox 2026 1260 2133 1312; x_wconf 92' lang='lat' dir='ltr'><strong>quo</strong></span> <span class='ocrx_word' id='word_1_193' title='bbox 2160 1258 2307 1305; x_wconf 88' lang='lat' dir='ltr'><strong>area,</strong></span> <span class='ocrx_word' id='word_1_194' title='bbox 2335 1253 2389 1297; x_wconf 91' lang='lat' dir='ltr'><strong>et</strong></span> <span class='ocrx_word' id='word_1_195' title='bbox 2419 1243 2471 1298; x_wconf 94' lang='lat' dir='ltr'><strong>in</strong></span> <span class='ocrx_word' id='word_1_196' title='bbox 2511 1245 2637 1299; x_wconf 86' lang='lat' dir='ltr'><strong>vino</strong></span> <span class='ocrx_word' id='word_1_197' title='bbox 2666 1260 2773 1314; x_wconf 87' lang='lat' dir='ltr'><strong>quo</strong></span> <span class='ocrx_word' id='word_1_198' title='bbox 2796 1242 3087 1299; x_wconf 81' lang='lat' dir='ltr'><strong>toreularia</strong></span> <span class='ocrx_word' id='word_1_199' title='bbox 3126 1241 3518 1308; x_wconf 82' lang='lat' dir='ltr'><strong>redundarunt,</strong></span> <span class='ocrx_word' id='word_1_200' title='bbox 3555 1253 3614 1297; x_wconf 90' lang='lat' dir='ltr'><strong>et</strong></span> 
     </span>
    </p>
   </div>
   <div class='ocr_carea' id='block_1_28' title="bbox 2026 1335 3611 1405">
    <p class='ocr_par' dir='ltr' id='par_1_28' title="bbox 2026 1335 3611 1405">
     <span class='ocr_line' id='line_1_28' title="bbox 2026 1335 3611 1405; baseline -0.001 -16"><span class='ocrx_word' id='word_1_201' title='bbox 2026 1335 2079 1389; x_wconf 90' lang='lat' dir='ltr'><strong>in</strong></span> <span class='ocrx_word' id='word_1_202' title='bbox 2140 1339 2473 1391; x_wconf 79' lang='lat' dir='ltr'><strong>exuberante</strong></span> <span class='ocrx_word' id='word_1_203' title='bbox 2520 1337 2662 1392; x_wconf 90' lang='lat' dir='ltr'><strong>oleo.</strong></span> <span class='ocrx_word' id='word_1_204' title='bbox 2700 1336 2991 1395; x_wconf 84' lang='lat' dir='ltr'><strong>Sciendum</strong></span> <span class='ocrx_word' id='word_1_205' title='bbox 3031 1342 3291 1405; x_wconf 68' lang='lat' dir='ltr'><strong>prazterea</strong></span> <span class='ocrx_word' id='word_1_206' title='bbox 3326 1335 3490 1395; x_wconf 90' lang='lat' dir='ltr'><strong>etiam</strong></span> <span class='ocrx_word' id='word_1_207' title='bbox 3521 1349 3611 1388; x_wconf 88' lang='lat' dir='ltr'><strong>se-</strong></span> 
     </span>
    </p>
   </div>
   <div class='ocr_carea' id='block_1_29' title="bbox 2026 1428 3608 1500">
    <p class='ocr_par' dir='ltr' id='par_1_29' title="bbox 2026 1428 3608 1500">
     <span class='ocr_line' id='line_1_29' title="bbox 2026 1428 3608 1500; baseline -0.001 -18"><span class='ocrx_word' id='word_1_208' title='bbox 2026 1430 2256 1484; x_wconf 84' lang='lat' dir='ltr'><strong>cundum</strong></span> <span class='ocrx_word' id='word_1_209' title='bbox 2306 1430 2595 1500; x_wconf 72' lang='lat' dir='ltr'><strong>mysticum</strong></span> <span class='ocrx_word' id='word_1_210' title='bbox 2645 1438 2901 1484; x_wconf 87' lang='lat' dir='ltr'><strong>eventum</strong></span> <span class='ocrx_word' id='word_1_211' title='bbox 2956 1428 3373 1497; x_wconf 88' lang='lat' dir='ltr'><strong>promissionem</strong></span> <span class='ocrx_word' id='word_1_212' title='bbox 3424 1441 3608 1489; x_wconf 84' lang='lat' dir='ltr'><strong>veram</strong></span> 
     </span>
    </p>
   </div>
   <div class='ocr_carea' id='block_1_30' title="bbox 2025 1519 3609 1588">
    <p class='ocr_par' dir='ltr' id='par_1_30' title="bbox 2025 1519 3609 1588">
     <span class='ocr_line' id='line_1_30' title="bbox 2025 1519 3609 1588; baseline -0.003 -14"><span class='ocrx_word' id='word_1_213' title='bbox 2025 1534 2167 1574; x_wconf 88' lang='lat' dir='ltr'><strong>esse.</strong></span> <span class='ocrx_word' id='word_1_214' title='bbox 2196 1521 2327 1574; x_wconf 91' lang='lat' dir='ltr'><strong>Data</strong></span> <span class='ocrx_word' id='word_1_215' title='bbox 2358 1529 2442 1574; x_wconf 90' lang='lat' dir='ltr'><strong>est</strong></span> <span class='ocrx_word' id='word_1_216' title='bbox 2469 1520 2622 1576; x_wconf 87' lang='lat' dir='ltr'><strong>nobis</strong></span> <span class='ocrx_word' id='word_1_217' title='bbox 2647 1536 2742 1579; x_wconf 88' lang='lat' dir='ltr'><strong>ceu</strong></span> <span class='ocrx_word' id='word_1_218' title='bbox 2777 1521 2829 1574; x_wconf 94' lang='lat' dir='ltr'><strong>in</strong></span> <span class='ocrx_word' id='word_1_219' title='bbox 2862 1520 3039 1588; x_wconf 83' lang='lat' dir='ltr'><strong>pluvia</strong></span> <span class='ocrx_word' id='word_1_220' title='bbox 3069 1534 3207 1587; x_wconf 88' lang='lat' dir='ltr'><strong>aqua</strong></span> <span class='ocrx_word' id='word_1_221' title='bbox 3236 1520 3437 1580; x_wconf 70' lang='lat' dir='ltr'><strong>vivens</strong></span> <span class='ocrx_word' id='word_1_222' title='bbox 3464 1519 3609 1571; x_wconf 88' lang='lat' dir='ltr'><strong>sacri</strong></span> 
     </span>
    </p>
   </div>
   <div class='ocr_carea' id='block_1_31' title="bbox 2025 1609 3606 1683">
    <p class='ocr_par' dir='ltr' id='par_1_31' title="bbox 2025 1609 3606 1683">
     <span class='ocr_line' id='line_1_31' title="bbox 2025 1609 3606 1683; baseline -0.003 -16"><span class='ocrx_word' id='word_1_223' title='bbox 2025 1612 2388 1681; x_wconf 87' lang='lat' dir='ltr'><strong>baptismatis,</strong></span> <span class='ocrx_word' id='word_1_224' title='bbox 2417 1622 2471 1667; x_wconf 91' lang='lat' dir='ltr'><strong>et</strong></span> <span class='ocrx_word' id='word_1_225' title='bbox 2507 1620 2761 1683; x_wconf 84' lang='lat' dir='ltr'><strong>tanquam</strong></span> <span class='ocrx_word' id='word_1_226' title='bbox 2804 1613 2857 1667; x_wconf 91' lang='lat' dir='ltr'><strong>in</strong></span> <span class='ocrx_word' id='word_1_227' title='bbox 2907 1611 3179 1665; x_wconf 72' lang='lat' dir='ltr'><strong>frumento</strong></span> <span class='ocrx_word' id='word_1_228' title='bbox 3218 1609 3372 1679; x_wconf 83' lang='lat' dir='ltr'><strong>panis</strong></span> <span class='ocrx_word' id='word_1_229' title='bbox 3430 1609 3606 1673; x_wconf 82' lang='lat' dir='ltr'><strong>vivus,</strong></span> 
     </span>
    </p>
   </div>
   <div class='ocr_carea' id='block_1_32' title="bbox 2025 1701 3610 1774">
    <p class='ocr_par' dir='ltr' id='par_1_32' title="bbox 2025 1701 3610 1774">
     <span class='ocr_line' id='line_1_32' title="bbox 2025 1701 3610 1774; baseline -0.002 -17"><span class='ocrx_word' id='word_1_230' title='bbox 2025 1713 2080 1757; x_wconf 92' lang='lat' dir='ltr'><strong>et</strong></span> <span class='ocrx_word' id='word_1_231' title='bbox 2134 1713 2391 1773; x_wconf 81' lang='lat' dir='ltr'><strong>tanquam</strong></span> <span class='ocrx_word' id='word_1_232' title='bbox 2429 1705 2482 1758; x_wconf 92' lang='lat' dir='ltr'><strong>in</strong></span> <span class='ocrx_word' id='word_1_233' title='bbox 2533 1704 2658 1759; x_wconf 92' lang='lat' dir='ltr'><strong>vino</strong></span> <span class='ocrx_word' id='word_1_234' title='bbox 2703 1703 2944 1774; x_wconf 81' lang='lat' dir='ltr'><strong>sanguis.</strong></span> <span class='ocrx_word' id='word_1_235' title='bbox 2994 1701 3237 1758; x_wconf 85' lang='lat' dir='ltr'><strong>Accessit</strong></span> <span class='ocrx_word' id='word_1_236' title='bbox 3291 1701 3420 1756; x_wconf 90' lang='lat' dir='ltr'><strong>item</strong></span> <span class='ocrx_word' id='word_1_237' title='bbox 3479 1715 3610 1754; x_wconf 85' lang='lat' dir='ltr'><strong>usus</strong></span> 
     </span>
    </p>
   </div>
   <div class='ocr_carea' id='block_1_33' title="bbox 2025 1791 3610 1866">
    <p class='ocr_par' dir='ltr' id='par_1_33' title="bbox 2025 1791 3610 1866">
     <span class='ocr_line' id='line_1_33' title="bbox 2025 1791 3610 1866; baseline -0.003 -14"><span class='ocrx_word' id='word_1_238' title='bbox 2025 1796 2154 1862; x_wconf 85' lang='lat' dir='ltr'><strong>olei,</strong></span> <span class='ocrx_word' id='word_1_239' title='bbox 2184 1797 2275 1865; x_wconf 78' lang='lat' dir='ltr'><strong>qui</strong></span> <span class='ocrx_word' id='word_1_240' title='bbox 2331 1795 2428 1865; x_wconf 83' lang='lat' dir='ltr'><strong>per</strong></span> <span class='ocrx_word' id='word_1_241' title='bbox 2451 1811 2666 1850; x_wconf 83' lang='lat' dir='ltr'><strong>sacrum</strong></span> <span class='ocrx_word' id='word_1_242' title='bbox 2701 1796 2969 1866; x_wconf 86' lang='lat' dir='ltr'><strong>baptisma</strong></span> <span class='ocrx_word' id='word_1_243' title='bbox 3016 1796 3069 1850; x_wconf 92' lang='lat' dir='ltr'><strong>in</strong></span> <span class='ocrx_word' id='word_1_244' title='bbox 3099 1794 3319 1851; x_wconf 90' lang='lat' dir='ltr'><strong>Christo</strong></span> <span class='ocrx_word' id='word_1_245' title='bbox 3345 1791 3610 1865; x_wconf 81' lang='lat' dir='ltr'><strong>justiﬁca-</strong></span> 
     </span>
    </p>
   </div>
   <div class='ocr_carea' id='block_1_34' title="bbox 340 1869 1928 1951">
    <p class='ocr_par' dir='ltr' id='par_1_34' title="bbox 340 1869 1924 1951">
     <span class='ocr_line' id='line_1_34' title="bbox 340 1869 1924 1951; baseline 0.007 -28"><span class='ocrx_word' id='word_1_246' title='bbox 340 1869 489 1941; x_wconf 77' lang='grc' dir='ltr'>ζωῆς</span> <span class='ocrx_word' id='word_1_247' title='bbox 519 1873 610 1925; x_wconf 74' lang='grc' dir='ltr'>καὶ</span> <span class='ocrx_word' id='word_1_248' title='bbox 636 1872 711 1937; x_wconf 87' lang='grc' dir='ltr'>ὡς</span> <span class='ocrx_word' id='word_1_249' title='bbox 732 1875 790 1928; x_wconf 84' lang='grc' dir='ltr'><strong>ἐν</strong></span> <span class='ocrx_word' id='word_1_250' title='bbox 822 1876 948 1946; x_wconf 77' lang='grc' dir='ltr'>οἴνῳ</span> <span class='ocrx_word' id='word_1_251' title='bbox 974 1875 1035 1929; x_wconf 88' lang='grc' dir='ltr'><strong>τὸ</strong></span> <span class='ocrx_word' id='word_1_252' title='bbox 1058 1870 1219 1948; x_wconf 76' lang='grc' dir='ltr'>αἷμα.</span> <span class='ocrx_word' id='word_1_253' title='bbox 1251 1878 1722 1951; x_wconf 76' lang='grc' dir='ltr'>Προεπενήνεκται</span> <span class='ocrx_word' id='word_1_254' title='bbox 1749 1880 1807 1934; x_wconf 88' lang='grc' dir='ltr'>δὲ</span> <span class='ocrx_word' id='word_1_255' title='bbox 1831 1880 1924 1934; x_wconf 78' lang='grc' dir='ltr'><strong>καὶ</strong></span> 
     </span>
    </p>
   </div>
   <div class='ocr_carea' id='block_1_35' title="bbox 2029 1869 3070 1951">
    <p class='ocr_par' dir='ltr' id='par_1_35' title="bbox 2030 1887 3070 1944">
     <span class='ocr_line' id='line_1_35' title="bbox 2030 1887 3070 1944; baseline -0.003 -1"><span class='ocrx_word' id='word_1_256' title='bbox 2030 1891 2098 1943; x_wconf 89' lang='lat' dir='ltr'><strong>tis</strong></span> <span class='ocrx_word' id='word_1_257' title='bbox 2122 1887 2188 1944; x_wconf 88' lang='lat' dir='ltr'><strong>ad</strong></span> <span class='ocrx_word' id='word_1_258' title='bbox 2217 1887 2740 1943; x_wconf 88' lang='lat' dir='ltr'><strong>consummationem</strong></span> <span class='ocrx_word' id='word_1_259' title='bbox 2778 1888 3070 1943; x_wconf 80' lang='lat' dir='ltr'><strong>conferret.</strong></span> 
     </span>
    </p>
   </div>
   <div class='ocr_carea' id='block_1_36' title="bbox 340 1966 1924 2045">
    <p class='ocr_par' dir='ltr' id='par_1_36' title="bbox 340 1966 1924 2045">
     <span class='ocr_line' id='line_1_36' title="bbox 340 1966 1924 2045; baseline 0.006 -27"><span class='ocrx_word' id='word_1_260' title='bbox 340 1967 373 2033; x_wconf 84' lang='grc' dir='ltr'>ἡ</span> <span class='ocrx_word' id='word_1_261' title='bbox 400 1966 494 2019; x_wconf 88' lang='grc' dir='ltr'><strong>τοῦ</strong></span> <span class='ocrx_word' id='word_1_262' title='bbox 528 1966 711 2021; x_wconf 86' lang='grc' dir='ltr'>ἐλαίου</span> <span class='ocrx_word' id='word_1_263' title='bbox 750 1970 930 2039; x_wconf 86' lang='grc' dir='ltr'>χρεία,</span> <span class='ocrx_word' id='word_1_264' title='bbox 965 1971 1295 2026; x_wconf 78' lang='grc' dir='ltr'>συντελοῦσα</span> <span class='ocrx_word' id='word_1_265' title='bbox 1334 1974 1471 2045; x_wconf 73' lang='grc' dir='ltr'>πρὸς</span> <span class='ocrx_word' id='word_1_266' title='bbox 1497 1973 1775 2028; x_wconf 81' lang='grc' dir='ltr'>τελείωσιν</span> <span class='ocrx_word' id='word_1_267' title='bbox 1813 1976 1924 2039; x_wconf 88' lang='grc' dir='ltr'>τοῖς</span> 
     </span>
    </p>
   </div>
   <div class='ocr_carea' id='block_1_37' title="bbox 339 2050 1921 2137">
    <p class='ocr_par' dir='ltr' id='par_1_37' title="bbox 339 2050 1921 2137">
     <span class='ocr_line' id='line_1_37' title="bbox 339 2050 1921 2137; baseline 0.007 -27"><span class='ocrx_word' id='word_1_268' title='bbox 339 2050 745 2130; x_wconf 64' lang='grc' dir='ltr'>δὲκαιουμένοις</span> <span class='ocrx_word' id='word_1_269' title='bbox 773 2062 832 2115; x_wconf 88' lang='grc' dir='ltr'><strong>ἐν</strong></span> <span class='ocrx_word' id='word_1_270' title='bbox 857 2062 1079 2133; x_wconf 85' lang='grc' dir='ltr'>Χριστῷ</span> <span class='ocrx_word' id='word_1_271' title='bbox 1107 2064 1195 2118; x_wconf 79' lang='grc' dir='ltr'>διὰ</span> <span class='ocrx_word' id='word_1_272' title='bbox 1212 2063 1308 2119; x_wconf 76' lang='grc' dir='ltr'><strong>τοῦ</strong></span> <span class='ocrx_word' id='word_1_273' title='bbox 1335 2064 1493 2131; x_wconf 87' lang='grc' dir='ltr'>ἁγίου</span> <span class='ocrx_word' id='word_1_274' title='bbox 1522 2064 1921 2137; x_wconf 87' lang='grc' dir='ltr'>βαπτίσματος.</span> 
     </span>
    </p>
   </div>
   <div class='ocr_carea' id='block_1_38' title="bbox 415 2149 1924 2227">
    <p class='ocr_par' dir='ltr' id='par_1_38' title="bbox 415 2149 1924 2227">
     <span class='ocr_line' id='line_1_38' title="bbox 415 2149 1924 2227; baseline 0.007 -24"><span class='ocrx_word' id='word_1_275' title='bbox 415 2149 523 2204; x_wconf 82' lang='grc' dir='ltr'><strong>Καὶ</strong></span> <span class='ocrx_word' id='word_1_276' title='bbox 552 2151 956 2227; x_wconf 63' lang='grc' dir='ltr'>ἀνταποδώσω</span> <span class='ocrx_word' id='word_1_277' title='bbox 978 2155 1121 2224; x_wconf 80' lang='grc' dir='ltr'>ὑμῖν</span> <span class='ocrx_word' id='word_1_278' title='bbox 1151 2156 1285 2210; x_wconf 80' lang='grc' dir='ltr'><strong>ἀντὶ</strong></span> <span class='ocrx_word' id='word_1_279' title='bbox 1326 2155 1445 2210; x_wconf 84' lang='grc' dir='ltr'><strong>τῶν</strong></span> <span class='ocrx_word' id='word_1_280' title='bbox 1474 2156 1625 2210; x_wconf 78' lang='grc' dir='ltr'><strong>ἑτῶν</strong></span> <span class='ocrx_word' id='word_1_281' title='bbox 1660 2152 1748 2212; x_wconf 83' lang='grc' dir='ltr'><strong>ὧν</strong></span> <span class='ocrx_word' id='word_1_282' title='bbox 1781 2175 1924 2213; x_wconf 84' lang='grc' dir='ltr'>κατ-</span> 
     </span>
    </p>
   </div>
   <div class='ocr_carea' id='block_1_39' title="bbox 339 2241 1924 2321">
    <p class='ocr_par' dir='ltr' id='par_1_39' title="bbox 339 2241 1924 2321">
     <span class='ocr_line' id='line_1_39' title="bbox 339 2241 1924 2321; baseline 0.009 -29"><span class='ocrx_word' id='word_1_283' title='bbox 339 2241 565 2311; x_wconf 64' lang='grc' dir='ltr'>έφαγεν</span> <span class='ocrx_word' id='word_1_284' title='bbox 591 2242 628 2310; x_wconf 75' lang='grc' dir='ltr'>ἡ</span> <span class='ocrx_word' id='word_1_285' title='bbox 661 2243 854 2313; x_wconf 75' lang='grc' dir='ltr'>ἀκρίς,</span> <span class='ocrx_word' id='word_1_286' title='bbox 894 2247 997 2300; x_wconf 75' lang='grc' dir='ltr'>καὶ</span> <span class='ocrx_word' id='word_1_287' title='bbox 1030 2250 1071 2301; x_wconf 79' lang='grc' dir='ltr'>ό·</span> <span class='ocrx_word' id='word_1_288' title='bbox 1102 2248 1398 2319; x_wconf 78' lang='grc' dir='ltr'>βροῦχος,</span> <span class='ocrx_word' id='word_1_289' title='bbox 1448 2249 1547 2303; x_wconf 80' lang='grc' dir='ltr'><strong>καὶ</strong></span> <span class='ocrx_word' id='word_1_290' title='bbox 1605 2252 1643 2319; x_wconf 76' lang='grc' dir='ltr'>ἡ</span> <span class='ocrx_word' id='word_1_291' title='bbox 1692 2250 1924 2321; x_wconf 80' lang='grc' dir='ltr'>κάμπη,</span> 
     </span>
    </p>
   </div>
   <div class='ocr_carea' id='block_1_40' title="bbox 340 2335 1928 2413">
    <p class='ocr_par' dir='ltr' id='par_1_40' title="bbox 340 2335 1928 2413">
     <span class='ocr_line' id='line_1_40' title="bbox 340 2335 1928 2413; baseline 0.008 -27"><span class='ocrx_word' id='word_1_292' title='bbox 340 2335 443 2387; x_wconf 75' lang='grc' dir='ltr'><strong>καὶ</strong></span> <span class='ocrx_word' id='word_1_293' title='bbox 506 2335 544 2402; x_wconf 76' lang='grc' dir='ltr'>ἡ</span> <span class='ocrx_word' id='word_1_294' title='bbox 608 2335 879 2407; x_wconf 80' lang='grc' dir='ltr'>ἐρυσίϐη,</span> <span class='ocrx_word' id='word_1_295' title='bbox 925 2341 965 2408; x_wconf 76' lang='grc' dir='ltr'><strong><em>ἡ</em></strong></span> <span class='ocrx_word' id='word_1_296' title='bbox 996 2340 1250 2410; x_wconf 74' lang='grc' dir='ltr'>δύναμις</span> <span class='ocrx_word' id='word_1_297' title='bbox 1279 2358 1402 2411; x_wconf 81' lang='grc' dir='ltr'><strong>μου</strong></span> <span class='ocrx_word' id='word_1_298' title='bbox 1449 2345 1491 2411; x_wconf 78' lang='grc' dir='ltr'>ἡ</span> <span class='ocrx_word' id='word_1_299' title='bbox 1530 2342 1787 2413; x_wconf 73' lang='grc' dir='ltr'>μεγάλη,</span> <span class='ocrx_word' id='word_1_300' title='bbox 1846 2343 1928 2413; x_wconf 77' lang='grc' dir='ltr'><strong>ἢν</strong></span> 
     </span>
    </p>
   </div>
   <div class='ocr_carea' id='block_1_41' title="bbox 342 2423 1926 2504">
    <p class='ocr_par' dir='ltr' id='par_1_41' title="bbox 342 2423 1926 2504">
     <span class='ocr_line' id='line_1_41' title="bbox 342 2423 1926 2504; baseline 0.009 -28"><span class='ocrx_word' id='word_1_301' title='bbox 342 2423 742 2489; x_wconf 74' lang='grc' dir='ltr'>ἐξαπέστειλα</span> <span class='ocrx_word' id='word_1_302' title='bbox 782 2431 869 2495; x_wconf 86' lang='grc' dir='ltr'><strong>είς</strong></span> <span class='ocrx_word' id='word_1_303' title='bbox 910 2428 1086 2499; x_wconf 83' lang='grc' dir='ltr'>ὑμᾶς,</span> <span class='ocrx_word' id='word_1_304' title='bbox 1121 2430 1241 2504; x_wconf 4' lang='grc' dir='ltr'>και,</span> <span class='ocrx_word' id='word_1_305' title='bbox 1260 2432 1524 2502; x_wconf 69' lang='grc' dir='ltr'>φάτεσθε</span> <span class='ocrx_word' id='word_1_306' title='bbox 1547 2434 1797 2503; x_wconf 77' lang='grc' dir='ltr'>βρώσει,</span> <span class='ocrx_word' id='word_1_307' title='bbox 1826 2436 1926 2491; x_wconf 80' lang='grc' dir='ltr'>καί</span> 
     </span>
    </p>
   </div>
   <div class='ocr_carea' id='block_1_42' title="bbox 342 2515 1926 2596">
    <p class='ocr_par' dir='ltr' id='par_1_42' title="bbox 342 2515 1926 2596">
     <span class='ocr_line' id='line_1_42' title="bbox 342 2515 1926 2596; baseline 0.009 -28"><span class='ocrx_word' id='word_1_308' title='bbox 342 2515 871 2587; x_wconf 66' lang='grc' dir='ltr'>ἐμπλησθήσεσθε,</span> <span class='ocrx_word' id='word_1_309' title='bbox 925 2522 1024 2576; x_wconf 73' lang='grc' dir='ltr'><strong>καί</strong></span> <span class='ocrx_word' id='word_1_310' title='bbox 1067 2524 1339 2578; x_wconf 80' lang='grc' dir='ltr'>αἱνέσετε</span> <span class='ocrx_word' id='word_1_311' title='bbox 1374 2525 1441 2578; x_wconf 86' lang='grc' dir='ltr'>τὸ</span> <span class='ocrx_word' id='word_1_312' title='bbox 1477 2525 1665 2595; x_wconf 82' lang='grc' dir='ltr'>ὄνομα</span> <span class='ocrx_word' id='word_1_313' title='bbox 1703 2529 1926 2596; x_wconf 86' lang='grc' dir='ltr'>Κυρίου</span> 
     </span>
    </p>
   </div>
   <div class='ocr_carea' id='block_1_43' title="bbox 343 2608 1925 2687">
    <p class='ocr_par' dir='ltr' id='par_1_43' title="bbox 343 2608 1925 2687">
     <span class='ocr_line' id='line_1_43' title="bbox 343 2608 1925 2687; baseline 0.009 -26"><span class='ocrx_word' id='word_1_314' title='bbox 343 2608 450 2662; x_wconf 76' lang='grc' dir='ltr'><strong>τοῦ</strong></span> <span class='ocrx_word' id='word_1_315' title='bbox 507 2609 657 2664; x_wconf 85' lang='grc' dir='ltr'>Θεοῦ</span> <span class='ocrx_word' id='word_1_316' title='bbox 694 2611 883 2681; x_wconf 81' lang='grc' dir='ltr'>ὑμῶν,</span> <span class='ocrx_word' id='word_1_317' title='bbox 937 2613 1005 2681; x_wconf 81' lang='grc' dir='ltr'>ὃς</span> <span class='ocrx_word' id='word_1_318' title='bbox 1060 2615 1352 2684; x_wconf 78' lang='grc' dir='ltr'>ἐποίησεν</span> <span class='ocrx_word' id='word_1_319' title='bbox 1390 2618 1518 2685; x_wconf 80' lang='grc' dir='ltr'>μεθ’</span> <span class='ocrx_word' id='word_1_320' title='bbox 1566 2616 1734 2687; x_wconf 79' lang='grc' dir='ltr'><strong>ὑμῶν</strong></span> <span class='ocrx_word' id='word_1_321' title='bbox 1783 2624 1925 2675; x_wconf 81' lang='grc' dir='ltr'><strong>θαυ-</strong></span> 
     </span>
    </p>
   </div>
   <div class='ocr_carea' id='block_1_44' title="bbox 337 2698 552 2780">
    <p class='ocr_par' dir='ltr' id='par_1_44' title="bbox 337 2698 552 2780">
     <span class='ocr_line' id='line_1_44' title="bbox 337 2698 552 2780; baseline 0 -28"><span class='ocrx_word' id='word_1_322' title='bbox 337 2698 552 2780; x_wconf 55' lang='lat' dir='ltr'><strong>prima.</strong></span> 
     </span>
    </p>
   </div>
   <div class='ocr_carea' id='block_1_45' title="bbox 412 2791 1924 2872">
    <p class='ocr_par' dir='ltr' id='par_1_45' title="bbox 412 2791 1924 2872">
     <span class='ocr_line' id='line_1_45' title="bbox 412 2791 1924 2872; baseline 0.008 -28"><span class='ocrx_word' id='word_1_323' title='bbox 412 2791 534 2846; x_wconf 86' lang='lat' dir='ltr'><strong>AI&quot;.</strong></span> <span class='ocrx_word' id='word_1_324' title='bbox 576 2791 742 2846; x_wconf 86' lang='grc' dir='ltr'>Ὅσον</span> <span class='ocrx_word' id='word_1_325' title='bbox 773 2795 871 2865; x_wconf 84' lang='grc' dir='ltr'>μὲν</span> <span class='ocrx_word' id='word_1_326' title='bbox 906 2795 1034 2866; x_wconf 75' lang='grc' dir='ltr'>ἥκει</span> <span class='ocrx_word' id='word_1_327' title='bbox 1075 2798 1158 2861; x_wconf 81' lang='grc' dir='ltr'><strong>εἰς</strong></span> <span class='ocrx_word' id='word_1_328' title='bbox 1198 2798 1290 2851; x_wconf 84' lang='grc' dir='ltr'><strong>τὸν</strong></span> <span class='ocrx_word' id='word_1_329' title='bbox 1332 2799 1434 2870; x_wconf 82' lang='grc' dir='ltr'><strong>τῆς</strong></span> <span class='ocrx_word' id='word_1_330' title='bbox 1478 2801 1718 2872; x_wconf 89' lang='grc' dir='ltr'>ίστορίας</span> <span class='ocrx_word' id='word_1_331' title='bbox 1747 2801 1924 2871; x_wconf 88' lang='grc' dir='ltr'>λόγον,</span> 
     </span>
    </p>
   </div>
   <div class='ocr_carea' id='block_1_46' title="bbox 342 2882 1926 2964">
    <p class='ocr_par' dir='ltr' id='par_1_46' title="bbox 342 2882 1926 2964">
     <span class='ocr_line' id='line_1_46' title="bbox 342 2882 1926 2964; baseline 0.006 -29"><span class='ocrx_word' id='word_1_332' title='bbox 342 2884 464 2950; x_wconf 78' lang='grc' dir='ltr'>ταῖς</span> <span class='ocrx_word' id='word_1_333' title='bbox 485 2882 886 2956; x_wconf 81' lang='grc' dir='ltr'>προλαϐούσαις</span> <span class='ocrx_word' id='word_1_334' title='bbox 903 2887 1003 2958; x_wconf 82' lang='grc' dir='ltr'><strong>τῆς</strong></span> <span class='ocrx_word' id='word_1_335' title='bbox 1027 2887 1244 2958; x_wconf 88' lang='grc' dir='ltr'>ἁκρίδος</span> <span class='ocrx_word' id='word_1_336' title='bbox 1263 2889 1513 2954; x_wconf 79' lang='grc' dir='ltr'>ἐκὸολαῑς</span> <span class='ocrx_word' id='word_1_337' title='bbox 1544 2890 1644 2963; x_wconf 81' lang='grc' dir='ltr'><strong>τὴν</strong></span> <span class='ocrx_word' id='word_1_338' title='bbox 1681 2890 1926 2964; x_wconf 87' lang='grc' dir='ltr'>ίσοσθενῆ</span> 
     </span>
    </p>
   </div>
   <div class='ocr_carea' id='block_1_47' title="bbox 344 2974 1926 3054">
    <p class='ocr_par' dir='ltr' id='par_1_47' title="bbox 344 2974 1926 3054">
     <span class='ocr_line' id='line_1_47' title="bbox 344 2974 1926 3054; baseline 0.008 -29"><span class='ocrx_word' id='word_1_339' title='bbox 344 2974 437 3027; x_wconf 74' lang='grc' dir='ltr'>καὶ</span> <span class='ocrx_word' id='word_1_340' title='bbox 485 2975 844 3047; x_wconf 88' lang='grc' dir='ltr'>ίσομεροῦσαν</span> <span class='ocrx_word' id='word_1_341' title='bbox 893 2977 1127 3033; x_wconf 81' lang='grc' dir='ltr'>είσάπαν</span> <span class='ocrx_word' id='word_1_342' title='bbox 1192 2980 1536 3051; x_wconf 82' lang='grc' dir='ltr'>ὑπισχνεῖται</span> <span class='ocrx_word' id='word_1_343' title='bbox 1594 2982 1926 3054; x_wconf 85' lang='grc' dir='ltr'>φιλοτιμίαν,</span> 
     </span>
    </p>
   </div>
   <div class='ocr_carea' id='block_1_48' title="bbox 344 3065 1929 3148">
    <p class='ocr_par' dir='ltr' id='par_1_48' title="bbox 344 3065 1929 3148">
     <span class='ocr_line' id='line_1_48' title="bbox 344 3065 1929 3148; baseline 0.01 -33"><span class='ocrx_word' id='word_1_344' title='bbox 344 3065 439 3139; x_wconf 72' lang='grc' dir='ltr'><strong>καὶ</strong></span> <span class='ocrx_word' id='word_1_345' title='bbox 477 3066 577 3138; x_wconf 85' lang='grc' dir='ltr'><strong>τῆς</strong></span> <span class='ocrx_word' id='word_1_346' title='bbox 602 3067 701 3139; x_wconf 77' lang='grc' dir='ltr'>ήδη</span> <span class='ocrx_word' id='word_1_347' title='bbox 735 3068 1021 3141; x_wconf 83' lang='grc' dir='ltr'>συμϐάσης</span> <span class='ocrx_word' id='word_1_348' title='bbox 1049 3070 1257 3136; x_wconf 89' lang='grc' dir='ltr'>ἐνδείας</span> <span class='ocrx_word' id='word_1_349' title='bbox 1284 3074 1467 3137; x_wconf 84' lang='grc' dir='ltr'>αὐτοῖς</span> <span class='ocrx_word' id='word_1_350' title='bbox 1493 3074 1792 3146; x_wconf 83' lang='grc' dir='ltr'>εὐρυτέραν</span> <span class='ocrx_word' id='word_1_351' title='bbox 1821 3092 1929 3148; x_wconf 81' lang='grc' dir='ltr'><strong>φη-</strong></span> 
     </span>
    </p>
   </div>
   <div class='ocr_carea' id='block_1_49' title="bbox 344 3163 1591 3243">
    <p class='ocr_par' dir='ltr' id='par_1_49' title="bbox 344 3163 1591 3243">
     <span class='ocr_line' id='line_1_49' title="bbox 344 3163 1591 3243; baseline 0.009 -28"><span class='ocrx_word' id='word_1_352' title='bbox 344 3163 429 3216; x_wconf 79' lang='grc' dir='ltr'>σὶν</span> <span class='ocrx_word' id='word_1_353' title='bbox 450 3164 671 3219; x_wconf 78' lang='grc' dir='ltr'>ἔσεσθαι</span> <span class='ocrx_word' id='word_1_354' title='bbox 696 3166 796 3238; x_wconf 81' lang='grc' dir='ltr'><strong>τὴν</strong></span> <span class='ocrx_word' id='word_1_355' title='bbox 826 3168 933 3222; x_wconf 83' lang='grc' dir='ltr'>τῶν</span> <span class='ocrx_word' id='word_1_356' title='bbox 965 3168 1242 3240; x_wconf 72' lang='grc' dir='ltr'>ἐδωδίμων</span> <span class='ocrx_word' id='word_1_357' title='bbox 1269 3171 1591 3243; x_wconf 79' lang='grc' dir='ltr'>παράθεσιν.</span> 
     </span>
    </p>
   </div>
   <div class='ocr_carea' id='block_1_50' title="bbox 413 3255 1929 3336">
    <p class='ocr_par' dir='ltr' id='par_1_50' title="bbox 413 3255 1929 3336">
     <span class='ocr_line' id='line_1_50' title="bbox 413 3255 1929 3336; baseline 0.016 -29"><span class='ocrx_word' id='word_1_358' title='bbox 413 3256 474 3308; x_wconf 79' lang='lat' dir='ltr'><strong>Ei</strong></span> <span class='ocrx_word' id='word_1_359' title='bbox 507 3255 565 3309; x_wconf 84' lang='grc' dir='ltr'>δὲ</span> <span class='ocrx_word' id='word_1_360' title='bbox 598 3256 662 3329; x_wconf 84' lang='grc' dir='ltr'>δὴ</span> <span class='ocrx_word' id='word_1_361' title='bbox 702 3260 876 3313; x_wconf 84' lang='grc' dir='ltr'>νοοῖτο</span> <span class='ocrx_word' id='word_1_362' title='bbox 909 3261 1281 3331; x_wconf 83' lang='grc' dir='ltr'>πνευματικὸς</span> <span class='ocrx_word' id='word_1_363' title='bbox 1324 3264 1353 3317; x_wconf 80' lang='grc' dir='ltr'><strong>ό</strong></span> <span class='ocrx_word' id='word_1_364' title='bbox 1386 3263 1544 3332; x_wconf 83' lang='grc' dir='ltr'>λόγος</span> <span class='ocrx_word' id='word_1_365' title='bbox 1575 3264 1673 3335; x_wconf 81' lang='grc' dir='ltr'><strong>τῆς</strong></span> <span class='ocrx_word' id='word_1_366' title='bbox 1714 3281 1929 3336; x_wconf 83' lang='grc' dir='ltr'>προφη-</span> 
     </span>
    </p>
   </div>
   <div class='ocr_carea' id='block_1_51' title="bbox 340 3345 1926 3425">
    <p class='ocr_par' dir='ltr' id='par_1_51' title="bbox 340 3345 1926 3425">
     <span class='ocr_line' id='line_1_51' title="bbox 340 3345 1926 3425; baseline 0.008 -28"><span class='ocrx_word' id='word_1_367' title='bbox 340 3345 511 3409; x_wconf 83' lang='grc' dir='ltr'>τείας,</span> <span class='ocrx_word' id='word_1_368' title='bbox 562 3347 763 3419; x_wconf 84' lang='grc' dir='ltr'>φαμὲν,</span> <span class='ocrx_word' id='word_1_369' title='bbox 809 3350 891 3402; x_wconf 84' lang='grc' dir='ltr'>ὃτι</span> <span class='ocrx_word' id='word_1_370' title='bbox 941 3350 1357 3422; x_wconf 74' lang='grc' dir='ltr'>κατεδηδοκότος</span> <span class='ocrx_word' id='word_1_371' title='bbox 1407 3354 1554 3425; x_wconf 75' lang='grc' dir='ltr'>ἡμᾶς</span> <span class='ocrx_word' id='word_1_372' title='bbox 1599 3354 1788 3425; x_wconf 87' lang='grc' dir='ltr'>ὥσπερ</span> <span class='ocrx_word' id='word_1_373' title='bbox 1829 3355 1926 3410; x_wconf 85' lang='grc' dir='ltr'><strong>τοῦ</strong></span> 
     </span>
    </p>
   </div>
   <div class='ocr_carea' id='block_1_52' title="bbox 342 3437 1926 3518">
    <p class='ocr_par' dir='ltr' id='par_1_52' title="bbox 342 3437 1926 3518">
     <span class='ocr_line' id='line_1_52' title="bbox 342 3437 1926 3518; baseline 0.008 -31"><span class='ocrx_word' id='word_1_374' title='bbox 342 3437 579 3502; x_wconf 77' lang='grc' dir='ltr'>Σατανᾶ,</span> <span class='ocrx_word' id='word_1_375' title='bbox 608 3441 703 3493; x_wconf 80' lang='grc' dir='ltr'>καὶ</span> <span class='ocrx_word' id='word_1_376' title='bbox 753 3439 830 3504; x_wconf 89' lang='grc' dir='ltr'>ὡς</span> <span class='ocrx_word' id='word_1_377' title='bbox 860 3442 918 3494; x_wconf 88' lang='grc' dir='ltr'><strong>ἐν</strong></span> <span class='ocrx_word' id='word_1_378' title='bbox 958 3440 1109 3505; x_wconf 83' lang='grc' dir='ltr'>τάξει</span> <span class='ocrx_word' id='word_1_379' title='bbox 1155 3441 1384 3513; x_wconf 87' lang='grc' dir='ltr'>κὰμπης</span> <span class='ocrx_word' id='word_1_380' title='bbox 1443 3461 1497 3497; x_wconf 82' lang='grc' dir='ltr'><strong>τε</strong></span> <span class='ocrx_word' id='word_1_381' title='bbox 1541 3445 1635 3497; x_wconf 80' lang='grc' dir='ltr'><strong>καὶ</strong></span> <span class='ocrx_word' id='word_1_382' title='bbox 1683 3446 1926 3518; x_wconf 88' lang='grc' dir='ltr'>ἁκρίδος,</span> 
     </span>
    </p>
   </div>
   <div class='ocr_carea' id='block_1_53' title="bbox 343 3531 1929 3609">
    <p class='ocr_par' dir='ltr' id='par_1_53' title="bbox 343 3531 1929 3609">
     <span class='ocr_line' id='line_1_53' title="bbox 343 3531 1929 3609; baseline 0.007 -27"><span class='ocrx_word' id='word_1_383' title='bbox 343 3531 437 3607; x_wconf 70' lang='grc' dir='ltr'><strong>καὶ</strong></span> <span class='ocrx_word' id='word_1_384' title='bbox 466 3531 565 3601; x_wconf 89' lang='grc' dir='ltr'><strong>μέν</strong></span> <span class='ocrx_word' id='word_1_385' title='bbox 604 3549 684 3585; x_wconf 89' lang='grc' dir='ltr'><strong>τοι</strong></span> <span class='ocrx_word' id='word_1_386' title='bbox 716 3533 809 3586; x_wconf 82' lang='grc' dir='ltr'><strong>καὶ</strong></span> <span class='ocrx_word' id='word_1_387' title='bbox 854 3533 1115 3605; x_wconf 80' lang='grc' dir='ltr'>ἐρυσίϐης</span> <span class='ocrx_word' id='word_1_388' title='bbox 1155 3534 1615 3606; x_wconf 82' lang='grc' dir='ltr'>κατεφθαρκότων</span> <span class='ocrx_word' id='word_1_389' title='bbox 1656 3537 1715 3590; x_wconf 84' lang='grc' dir='ltr'><strong>οὐ</strong></span> <span class='ocrx_word' id='word_1_390' title='bbox 1756 3555 1929 3609; x_wconf 84' lang='grc' dir='ltr'>φορη-</span> 
     </span>
    </p>
   </div>
   <div class='ocr_carea' id='block_1_54' title="bbox 341 3621 1927 3701">
    <p class='ocr_par' dir='ltr' id='par_1_54' title="bbox 341 3621 1927 3701">
     <span class='ocr_line' id='line_1_54' title="bbox 341 3621 1927 3701; baseline 0.006 -27"><span class='ocrx_word' id='word_1_391' title='bbox 341 3621 448 3685; x_wconf 84' lang='grc' dir='ltr'>τῶ;</span> <span class='ocrx_word' id='word_1_392' title='bbox 480 3622 588 3677; x_wconf 82' lang='grc' dir='ltr'><strong>τῶν</strong></span> <span class='ocrx_word' id='word_1_393' title='bbox 616 3624 913 3696; x_wconf 86' lang='grc' dir='ltr'>ἀλιτηρίων</span> <span class='ocrx_word' id='word_1_394' title='bbox 948 3628 1277 3697; x_wconf 84' lang='grc' dir='ltr'>πνευμάτων</span> <span class='ocrx_word' id='word_1_395' title='bbox 1311 3628 1404 3681; x_wconf 79' lang='grc' dir='ltr'>ἐπὶ</span> <span class='ocrx_word' id='word_1_396' title='bbox 1444 3627 1784 3701; x_wconf 87' lang='grc' dir='ltr'>πολυτρόπου</span> <span class='ocrx_word' id='word_1_397' title='bbox 1818 3646 1927 3684; x_wconf 89' lang='grc' dir='ltr'><strong>πα-</strong></span> 
     </span>
    </p>
   </div>
   <div class='ocr_carea' id='block_1_55' title="bbox 343 3712 1930 3789">
    <p class='ocr_par' dir='ltr' id='par_1_55' title="bbox 343 3712 1930 3789">
     <span class='ocr_line' id='line_1_55' title="bbox 343 3712 1930 3789; baseline 0.006 -24"><span class='ocrx_word' id='word_1_398' title='bbox 343 3713 451 3783; x_wconf 78' lang='grc' dir='ltr'><strong>θῶν</strong></span> <span class='ocrx_word' id='word_1_399' title='bbox 482 3713 647 3780; x_wconf 86' lang='grc' dir='ltr'>ίδέας,</span> <span class='ocrx_word' id='word_1_400' title='bbox 678 3712 833 3787; x_wconf 78' lang='grc' dir='ltr'>ξηροὶ</span> <span class='ocrx_word' id='word_1_401' title='bbox 892 3716 987 3769; x_wconf 69' lang='grc' dir='ltr'>καὶ</span> <span class='ocrx_word' id='word_1_402' title='bbox 1015 3716 1255 3788; x_wconf 81' lang='grc' dir='ltr'>ἄκαρποι</span> <span class='ocrx_word' id='word_1_403' title='bbox 1284 3718 1695 3789; x_wconf 87' lang='grc' dir='ltr'>μεμενήκαμεν,</span> <span class='ocrx_word' id='word_1_404' title='bbox 1733 3719 1930 3788; x_wconf 77' lang='grc' dir='ltr'>ἐψιλω-</span> 
     </span>
    </p>
   </div>
   <div class='ocr_carea' id='block_1_56' title="bbox 346 3805 1928 3884">
    <p class='ocr_par' dir='ltr' id='par_1_56' title="bbox 346 3805 1928 3884">
     <span class='ocr_line' id='line_1_56' title="bbox 346 3805 1928 3884; baseline 0.007 -27"><span class='ocrx_word' id='word_1_405' title='bbox 346 3805 497 3874; x_wconf 79' lang='grc' dir='ltr'>μένοι</span> <span class='ocrx_word' id='word_1_406' title='bbox 545 3807 638 3860; x_wconf 73' lang='grc' dir='ltr'>καὶ</span> <span class='ocrx_word' id='word_1_407' title='bbox 665 3808 863 3878; x_wconf 78' lang='grc' dir='ltr'>γυμνοὶ</span> <span class='ocrx_word' id='word_1_408' title='bbox 887 3808 1088 3872; x_wconf 80' lang='grc' dir='ltr'>παντὸς</span> <span class='ocrx_word' id='word_1_409' title='bbox 1110 3808 1341 3878; x_wconf 80' lang='grc' dir='ltr'>ἀγαθοῦ,</span> <span class='ocrx_word' id='word_1_410' title='bbox 1360 3811 1463 3864; x_wconf 92' lang='grc' dir='ltr'><strong>οὐκ</strong></span> <span class='ocrx_word' id='word_1_411' title='bbox 1484 3811 1691 3884; x_wconf 73' lang='grc' dir='ltr'>’ἠθικὴν</span> <span class='ocrx_word' id='word_1_412' title='bbox 1712 3812 1928 3884; x_wconf 75' lang='grc' dir='ltr'>ἔχοντες</span> 
     </span>
    </p>
   </div>
   <div class='ocr_carea' id='block_1_57' title="bbox 343 3899 1928 3977">
    <p class='ocr_par' dir='ltr' id='par_1_57' title="bbox 343 3899 1928 3977">
     <span class='ocr_line' id='line_1_57' title="bbox 343 3899 1928 3977; baseline 0.007 -26"><span class='ocrx_word' id='word_1_413' title='bbox 343 3901 423 3967; x_wconf 78' lang='grc' dir='ltr'><strong>είς</strong></span> <span class='ocrx_word' id='word_1_414' title='bbox 452 3899 577 3954; x_wconf 83' lang='grc' dir='ltr'>νοῦν</span> <span class='ocrx_word' id='word_1_415' title='bbox 604 3902 822 3973; x_wconf 83' lang='grc' dir='ltr'>ἀρετὴν,</span> <span class='ocrx_word' id='word_1_416' title='bbox 851 3902 994 3974; x_wconf 88' lang='grc' dir='ltr'>λιμῷ</span> <span class='ocrx_word' id='word_1_417' title='bbox 1025 3903 1082 3957; x_wconf 84' lang='grc' dir='ltr'>δὲ</span> <span class='ocrx_word' id='word_1_418' title='bbox 1125 3903 1314 3976; x_wconf 85' lang='grc' dir='ltr'>ὥσπερ</span> <span class='ocrx_word' id='word_1_419' title='bbox 1344 3905 1804 3977; x_wconf 81' lang='grc' dir='ltr'>κατεφθαρμένοι,</span> <span class='ocrx_word' id='word_1_420' title='bbox 1835 3908 1928 3962; x_wconf 75' lang='grc' dir='ltr'>καὶ</span> 
     </span>
    </p>
   </div>
   <div class='ocr_carea' id='block_1_58' title="bbox 346 3991 1929 4072">
    <p class='ocr_par' dir='ltr' id='par_1_58' title="bbox 346 3991 1929 4072">
     <span class='ocr_line' id='line_1_58' title="bbox 346 3991 1929 4072; baseline 0.006 -30"><span class='ocrx_word' id='word_1_421' title='bbox 346 3991 527 4060; x_wconf 75' lang='grc' dir='ltr'>πάσης</span> <span class='ocrx_word' id='word_1_422' title='bbox 569 3991 904 4057; x_wconf 81' lang='grc' dir='ltr'>ἁπαξαπλῶς</span> <span class='ocrx_word' id='word_1_423' title='bbox 946 3994 1254 4066; x_wconf 80' lang='grc' dir='ltr'>εὐκαρπίας</span> <span class='ocrx_word' id='word_1_424' title='bbox 1286 3996 1666 4067; x_wconf 86' lang='grc' dir='ltr'>ἐστερημένοι.</span> <span class='ocrx_word' id='word_1_425' title='bbox 1708 3999 1929 4072; x_wconf 82' lang='grc' dir='ltr'>Ἐπειδὴ</span> 
     </span>
    </p>
   </div>
   <div class='ocr_carea' id='block_1_59' title="bbox 344 4082 1927 4163">
    <p class='ocr_par' dir='ltr' id='par_1_59' title="bbox 344 4082 1927 4163">
     <span class='ocr_line' id='line_1_59' title="bbox 344 4082 1927 4163; baseline 0.007 -29"><span class='ocrx_word' id='word_1_426' title='bbox 344 4082 400 4135; x_wconf 81' lang='grc' dir='ltr'><strong>δέ</strong></span> <span class='ocrx_word' id='word_1_427' title='bbox 429 4083 886 4155; x_wconf 82' lang='grc' dir='ltr'>πεπλουτήκαμεν</span> <span class='ocrx_word' id='word_1_428' title='bbox 922 4086 1073 4158; x_wconf 85' lang='grc' dir='ltr'>παρά</span> <span class='ocrx_word' id='word_1_429' title='bbox 1110 4086 1349 4158; x_wconf 81' lang='grc' dir='ltr'>Χριστοῦ</span> <span class='ocrx_word' id='word_1_430' title='bbox 1378 4088 1439 4141; x_wconf 88' lang='grc' dir='ltr'><strong>τὸ</strong></span> <span class='ocrx_word' id='word_1_431' title='bbox 1485 4090 1681 4161; x_wconf 86' lang='grc' dir='ltr'>χρῆναι</span> <span class='ocrx_word' id='word_1_432' title='bbox 1708 4090 1927 4163; x_wconf 81' lang='grc' dir='ltr'>θαρσεῖν</span> 
     </span>
    </p>
   </div>
   <div class='ocr_carea' id='block_1_60' title="bbox 346 4176 1927 4249">
    <p class='ocr_par' dir='ltr' id='par_1_60' title="bbox 346 4176 1927 4249">
     <span class='ocr_line' id='line_1_60' title="bbox 346 4176 1927 4249; baseline 0.005 -22"><span class='ocrx_word' id='word_1_433' title='bbox 346 4176 732 4246; x_wconf 72' lang='grc' dir='ltr'>(νενικήκαμεν</span> <span class='ocrx_word' id='word_1_434' title='bbox 756 4176 866 4248; x_wconf 84' lang='grc' dir='ltr'>γὰρ</span> <span class='ocrx_word' id='word_1_435' title='bbox 889 4176 986 4230; x_wconf 81' lang='grc' dir='ltr'><strong>σὺν</strong></span> <span class='ocrx_word' id='word_1_436' title='bbox 1013 4176 1164 4248; x_wconf 88' lang='grc' dir='ltr'>αὐτῷ</span> <span class='ocrx_word' id='word_1_437' title='bbox 1191 4177 1282 4231; x_wconf 78' lang='grc' dir='ltr'><strong>τδν</strong></span> <span class='ocrx_word' id='word_1_438' title='bbox 1310 4178 1537 4249; x_wconf 88' lang='grc' dir='ltr'>κόσμον,</span> <span class='ocrx_word' id='word_1_439' title='bbox 1575 4199 1593 4231; x_wconf 80' lang='grc' dir='ltr'><strong>ι</strong></span> <span class='ocrx_word' id='word_1_440' title='bbox 1625 4181 1737 4235; x_wconf 79' lang='grc' dir='ltr'>Καὶ</span> <span class='ocrx_word' id='word_1_441' title='bbox 1766 4181 1927 4235; x_wconf 86' lang='grc' dir='ltr'>δέδω-</span> 
     </span>
    </p>
   </div>
   <div class='ocr_carea' id='block_1_61' title="bbox 346 4270 1927 4345">
    <p class='ocr_par' dir='ltr' id='par_1_61' title="bbox 346 4270 1927 4345">
     <span class='ocr_line' id='line_1_61' title="bbox 346 4270 1927 4345; baseline 0.006 -25"><span class='ocrx_word' id='word_1_442' title='bbox 346 4285 443 4325; x_wconf 81' lang='grc' dir='ltr'><strong>κεν</strong></span> <span class='ocrx_word' id='word_1_443' title='bbox 470 4270 603 4339; x_wconf 76' lang='grc' dir='ltr'>ἡμῖν</span> <span class='ocrx_word' id='word_1_444' title='bbox 631 4272 819 4324; x_wconf 86' lang='grc' dir='ltr'>πατεῖν</span> <span class='ocrx_word' id='word_1_445' title='bbox 844 4270 1030 4325; x_wconf 88' lang='grc' dir='ltr'>ἐπάνω</span> <span class='ocrx_word' id='word_1_446' title='bbox 1061 4271 1239 4340; x_wconf 73' lang='grc' dir='ltr'>ὄφεων</span> <span class='ocrx_word' id='word_1_447' title='bbox 1278 4272 1376 4325; x_wconf 76' lang='grc' dir='ltr'><strong>καὶ</strong></span> <span class='ocrx_word' id='word_1_448' title='bbox 1409 4273 1729 4345; x_wconf 87' lang='grc' dir='ltr'>σκορπίων),</span> <span class='ocrx_word' id='word_1_449' title='bbox 1757 4294 1777 4328; x_wconf 75' lang='grc' dir='ltr'><strong>ι</strong></span> <span class='ocrx_word' id='word_1_450' title='bbox 1805 4276 1927 4330; x_wconf 82' lang='grc' dir='ltr'>τότε</span> 
     </span>
    </p>
   </div>
   <div class='ocr_carea' id='block_1_62' title="bbox 345 4358 1927 4436">
    <p class='ocr_par' dir='ltr' id='par_1_62' title="bbox 345 4358 1927 4436">
     <span class='ocr_line' id='line_1_62' title="bbox 345 4358 1927 4436; baseline 0.004 -23"><span class='ocrx_word' id='word_1_451' title='bbox 345 4360 410 4431; x_wconf 77' lang='grc' dir='ltr'>δὴ</span> <span class='ocrx_word' id='word_1_452' title='bbox 438 4358 533 4414; x_wconf 74' lang='grc' dir='ltr'>καὶ</span> <span class='ocrx_word' id='word_1_453' title='bbox 552 4361 742 4424; x_wconf 82' lang='grc' dir='ltr'>ὐετούς</span> <span class='ocrx_word' id='word_1_454' title='bbox 762 4361 1078 4432; x_wconf 84' lang='grc' dir='ltr'>ἐσχήκαμεν</span> <span class='ocrx_word' id='word_1_455' title='bbox 1101 4364 1227 4427; x_wconf 83' lang='grc' dir='ltr'>τοὺς</span> <span class='ocrx_word' id='word_1_456' title='bbox 1250 4364 1655 4434; x_wconf 84' lang='grc' dir='ltr'>πνευματικοὺς</span> <span class='ocrx_word' id='word_1_457' title='bbox 1676 4366 1927 4436; x_wconf 81' lang='grc' dir='ltr'>πρώῖμόν</span> 
     </span>
    </p>
   </div>
   <div class='ocr_carea' id='block_1_63' title="bbox 345 4450 1928 4530">
    <p class='ocr_par' dir='ltr' id='par_1_63' title="bbox 345 4450 1928 4530">
     <span class='ocr_line' id='line_1_63' title="bbox 345 4450 1928 4530; baseline 0.006 -27"><span class='ocrx_word' id='word_1_458' title='bbox 345 4469 405 4503; x_wconf 84' lang='grc' dir='ltr'><strong>τε</strong></span> <span class='ocrx_word' id='word_1_459' title='bbox 454 4450 548 4505; x_wconf 74' lang='grc' dir='ltr'><strong>καὶ</strong></span> <span class='ocrx_word' id='word_1_460' title='bbox 574 4451 788 4523; x_wconf 74' lang='grc' dir='ltr'>δψιμον,</span> <span class='ocrx_word' id='word_1_461' title='bbox 818 4452 1066 4525; x_wconf 86' lang='grc' dir='ltr'>νομικὴν,</span> <span class='ocrx_word' id='word_1_462' title='bbox 1094 4456 1257 4527; x_wconf 72' lang='grc' dir='ltr'>φημὶ,</span> <span class='ocrx_word' id='word_1_463' title='bbox 1291 4455 1598 4521; x_wconf 88' lang='grc' dir='ltr'>παίδευσιν,</span> <span class='ocrx_word' id='word_1_464' title='bbox 1632 4458 1728 4510; x_wconf 78' lang='grc' dir='ltr'>καὶ</span> <span class='ocrx_word' id='word_1_465' title='bbox 1748 4458 1928 4530; x_wconf 88' lang='grc' dir='ltr'>παρά-</span> 
     </span>
    </p>
   </div>
   <div class='ocr_carea' id='block_1_64' title="bbox 347 4543 2001 4625">
    <p class='ocr_par' dir='ltr' id='par_1_64' title="bbox 347 4543 2001 4625">
     <span class='ocr_line' id='line_1_64' title="bbox 347 4543 2001 4625; baseline 0.006 -30"><span class='ocrx_word' id='word_1_466' title='bbox 347 4544 539 4613; x_wconf 86' lang='grc' dir='ltr'>κλησιν</span> <span class='ocrx_word' id='word_1_467' title='bbox 567 4543 948 4615; x_wconf 86' lang='grc' dir='ltr'>εὐαγγελικήν.</span> <span class='ocrx_word' id='word_1_468' title='bbox 995 4544 1127 4598; x_wconf 90' lang='grc' dir='ltr'>Τότε</span> <span class='ocrx_word' id='word_1_469' title='bbox 1160 4545 1261 4621; x_wconf 2' lang='grc' dir='ltr'>καὶ,</span> <span class='ocrx_word' id='word_1_470' title='bbox 1295 4546 1561 4615; x_wconf 85' lang='grc' dir='ltr'>φαγόντες</span> <span class='ocrx_word' id='word_1_471' title='bbox 1607 4550 1927 4622; x_wconf 84' lang='grc' dir='ltr'>ἐμπεπλήσ·</span> <span class='ocrx_word' id='word_1_472' title='bbox 1957 4570 2001 4625; x_wconf 81' lang='grc' dir='ltr'><strong>ι)</strong></span> 
     </span>
    </p>
   </div>
   <div class='ocr_carea' id='block_1_65' title="bbox 350 4634 1929 4711">
    <p class='ocr_par' dir='ltr' id='par_1_65' title="bbox 350 4634 1929 4711">
     <span class='ocr_line' id='line_1_65' title="bbox 350 4634 1929 4711; baseline 0.006 -24"><span class='ocrx_word' id='word_1_473' title='bbox 350 4634 511 4702; x_wconf 85' lang='grc' dir='ltr'>μεθα,</span> <span class='ocrx_word' id='word_1_474' title='bbox 556 4635 653 4689; x_wconf 74' lang='grc' dir='ltr'>καὶ</span> <span class='ocrx_word' id='word_1_475' title='bbox 703 4634 1093 4709; x_wconf 79' lang='grc' dir='ltr'>δοξολογοῦμεν</span> <span class='ocrx_word' id='word_1_476' title='bbox 1141 4638 1216 4701; x_wconf 85' lang='grc' dir='ltr'>ὡς</span> <span class='ocrx_word' id='word_1_477' title='bbox 1261 4638 1539 4711; x_wconf 85' lang='grc' dir='ltr'>Δεσπότην</span> <span class='ocrx_word' id='word_1_478' title='bbox 1584 4642 1677 4695; x_wconf 85' lang='grc' dir='ltr'><strong>τὸν</strong></span> <span class='ocrx_word' id='word_1_479' title='bbox 1717 4643 1929 4697; x_wconf 79' lang='grc' dir='ltr'>ἑαυτῶν</span> 
     </span>
    </p>
   </div>
   <div class='ocr_carea' id='block_1_66' title="bbox 349 4727 1927 4807">
    <p class='ocr_par' dir='ltr' id='par_1_66' title="bbox 349 4727 1927 4807">
     <span class='ocr_line' id='line_1_66' title="bbox 349 4727 1927 4807; baseline 0.005 -26"><span class='ocrx_word' id='word_1_480' title='bbox 349 4728 577 4799; x_wconf 81' lang='grc' dir='ltr'>Σωτῆρα</span> <span class='ocrx_word' id='word_1_481' title='bbox 595 4727 852 4799; x_wconf 82' lang='grc' dir='ltr'>Χριστὸν,</span> <span class='ocrx_word' id='word_1_482' title='bbox 880 4728 1350 4803; x_wconf 80' lang='grc' dir='ltr'>ἁνακηρύττοντες</span> <span class='ocrx_word' id='word_1_483' title='bbox 1380 4731 1455 4795; x_wconf 84' lang='grc' dir='ltr'>ὡς</span> <span class='ocrx_word' id='word_1_484' title='bbox 1490 4729 1927 4807; x_wconf 84' lang='grc' dir='ltr'>θαυματουργὸν,</span> 
     </span>
    </p>
   </div>
   <div class='ocr_carea' id='block_1_67' title="bbox 348 4821 1933 4896">
    <p class='ocr_par' dir='ltr' id='par_1_67' title="bbox 348 4821 1933 4896">
     <span class='ocr_line' id='line_1_67' title="bbox 348 4821 1933 4896; baseline 0.004 -21"><span class='ocrx_word' id='word_1_485' title='bbox 348 4824 443 4875; x_wconf 66' lang='grc' dir='ltr'><strong>καὶ</strong></span> <span class='ocrx_word' id='word_1_486' title='bbox 475 4822 543 4876; x_wconf 83' lang='grc' dir='ltr'>τὰ</span> <span class='ocrx_word' id='word_1_487' title='bbox 570 4822 666 4875; x_wconf 90' lang='grc' dir='ltr'><strong>τοῦ</strong></span> <span class='ocrx_word' id='word_1_488' title='bbox 717 4821 897 4891; x_wconf 83' lang='grc' dir='ltr'>λόγου,</span> <span class='ocrx_word' id='word_1_489' title='bbox 950 4823 1046 4876; x_wconf 82' lang='grc' dir='ltr'>καὶ</span> <span class='ocrx_word' id='word_1_490' title='bbox 1082 4821 1296 4887; x_wconf 84' lang='grc' dir='ltr'>ἐλπίδος</span> <span class='ocrx_word' id='word_1_491' title='bbox 1340 4823 1601 4878; x_wconf 82' lang='grc' dir='ltr'>ἐπέκεινα</span> <span class='ocrx_word' id='word_1_492' title='bbox 1634 4828 1748 4891; x_wconf 87' lang='grc' dir='ltr'>τοῖς</span> <span class='ocrx_word' id='word_1_493' title='bbox 1792 4828 1933 4896; x_wconf 81' lang='grc' dir='ltr'>ἁγα-</span> 
     </span>
    </p>
   </div>
   <div class='ocr_carea' id='block_1_68' title="bbox 347 4910 1930 4987">
    <p class='ocr_par' dir='ltr' id='par_1_68' title="bbox 347 4910 1930 4987">
     <span class='ocr_line' id='line_1_68' title="bbox 347 4910 1930 4987; baseline 0.006 -24"><span class='ocrx_word' id='word_1_494' title='bbox 347 4911 523 4965; x_wconf 83' lang='grc' dir='ltr'>πῶσιν</span> <span class='ocrx_word' id='word_1_495' title='bbox 550 4910 713 4965; x_wconf 78' lang='grc' dir='ltr'>αὐτὸν</span> <span class='ocrx_word' id='word_1_496' title='bbox 749 4910 1108 4983; x_wconf 81' lang='grc' dir='ltr'>δωρούμενον.</span> <span class='ocrx_word' id='word_1_497' title='bbox 1152 4911 1505 4985; x_wconf 81' lang='grc' dir='ltr'>Ἐγνώκαμεν</span> <span class='ocrx_word' id='word_1_498' title='bbox 1530 4915 1588 4968; x_wconf 85' lang='grc' dir='ltr'><strong>δέ</strong></span> <span class='ocrx_word' id='word_1_499' title='bbox 1609 4916 1746 4987; x_wconf 83' lang='grc' dir='ltr'>πρὸς</span> <span class='ocrx_word' id='word_1_500' title='bbox 1767 4917 1930 4973; x_wconf 74' lang='grc' dir='ltr'>αὐτὸν</span> 
     </span>
    </p>
   </div>
   <div class='ocr_carea' id='block_1_69' title="bbox 347 4998 1931 5072">
    <p class='ocr_par' dir='ltr' id='par_1_69' title="bbox 347 4998 1931 5072">
     <span class='ocr_line' id='line_1_69' title="bbox 347 4998 1931 5072; baseline 0.003 -19"><span class='ocrx_word' id='word_1_501' title='bbox 347 5000 535 5072; x_wconf 68' lang='grc' dir='ltr'>ἓτερον</span> <span class='ocrx_word' id='word_1_502' title='bbox 576 4998 858 5064; x_wconf 86' lang='grc' dir='ltr'>παντελῶς</span> <span class='ocrx_word' id='word_1_503' title='bbox 895 4998 1107 5053; x_wconf 81' lang='grc' dir='ltr'>οὐδένα.</span> <span class='ocrx_word' id='word_1_504' title='bbox 1149 4998 1514 5070; x_wconf 83' lang='grc' dir='ltr'>Δεδιδάγμεοα</span> <span class='ocrx_word' id='word_1_505' title='bbox 1556 5000 1615 5055; x_wconf 80' lang='grc' dir='ltr'>δὲ</span> <span class='ocrx_word' id='word_1_506' title='bbox 1654 5000 1833 5071; x_wconf 80' lang='grc' dir='ltr'>λέγειν</span> <span class='ocrx_word' id='word_1_507' title='bbox 1869 5002 1931 5068; x_wconf 82' lang='grc' dir='ltr'><strong>ἐξ</strong></span> 
     </span>
    </p>
   </div>
   <div class='ocr_carea' id='block_1_70' title="bbox 347 5090 1930 5163">
    <p class='ocr_par' dir='ltr' id='par_1_70' title="bbox 347 5090 1930 5163">
     <span class='ocr_line' id='line_1_70' title="bbox 347 5090 1930 5163; baseline 0.002 -18"><span class='ocrx_word' id='word_1_508' title='bbox 347 5092 560 5163; x_wconf 85' lang='grc' dir='ltr'>ἀγαθῆς</span> <span class='ocrx_word' id='word_1_509' title='bbox 600 5092 859 5156; x_wconf 88' lang='grc' dir='ltr'>διανοίας.</span> <span class='ocrx_word' id='word_1_510' title='bbox 901 5090 1125 5162; x_wconf 82' lang='grc' dir='ltr'>Κύριος,</span> <span class='ocrx_word' id='word_1_511' title='bbox 1157 5090 1314 5154; x_wconf 84' lang='grc' dir='ltr'>ἐκτός</span> <span class='ocrx_word' id='word_1_512' title='bbox 1344 5108 1437 5144; x_wconf 91' lang='grc' dir='ltr'><strong>σου</strong></span> <span class='ocrx_word' id='word_1_513' title='bbox 1474 5092 1631 5147; x_wconf 80' lang='grc' dir='ltr'>ἄλλον</span> <span class='ocrx_word' id='word_1_514' title='bbox 1656 5093 1758 5147; x_wconf 89' lang='grc' dir='ltr'><strong>οὐκ</strong></span> <span class='ocrx_word' id='word_1_515' title='bbox 1785 5093 1930 5148; x_wconf 80' lang='grc' dir='ltr'>οῖδα-</span> 
     </span>
    </p>
   </div>
   <div class='ocr_carea' id='block_1_71' title="bbox 352 5182 1929 5255">
    <p class='ocr_par' dir='ltr' id='par_1_71' title="bbox 352 5182 1929 5255">
     <span class='ocr_line' id='line_1_71' title="bbox 352 5182 1929 5255; baseline 0 -18"><span class='ocrx_word' id='word_1_516' title='bbox 352 5201 473 5255; x_wconf 88' lang='grc' dir='ltr'>μεν.</span> <span class='ocrx_word' id='word_1_517' title='bbox 513 5183 701 5254; x_wconf 75' lang='grc' dir='ltr'>’Ᾱθρει</span> <span class='ocrx_word' id='word_1_518' title='bbox 739 5182 797 5236; x_wconf 86' lang='grc' dir='ltr'>δὲ</span> <span class='ocrx_word' id='word_1_519' title='bbox 823 5182 941 5247; x_wconf 84' lang='grc' dir='ltr'><strong>πῶς</strong></span> <span class='ocrx_word' id='word_1_520' title='bbox 981 5182 1009 5235; x_wconf 84' lang='grc' dir='ltr'>ὁ</span> <span class='ocrx_word' id='word_1_521' title='bbox 1044 5182 1153 5236; x_wconf 80' lang='grc' dir='ltr'>τῶν</span> <span class='ocrx_word' id='word_1_522' title='bbox 1180 5182 1317 5236; x_wconf 85' lang='grc' dir='ltr'>ὅλων</span> <span class='ocrx_word' id='word_1_523' title='bbox 1352 5182 1485 5246; x_wconf 84' lang='grc' dir='ltr'>Θεὸς</span> <span class='ocrx_word' id='word_1_524' title='bbox 1517 5185 1797 5255; x_wconf 76' lang='grc' dir='ltr'>μονονουχὶ</span> <span class='ocrx_word' id='word_1_525' title='bbox 1833 5186 1929 5239; x_wconf 81' lang='grc' dir='ltr'><strong>καὶ</strong></span> 
     </span>
    </p>
   </div>
   <div class='ocr_carea' id='block_1_72' title="bbox 350 5265 1933 5348">
    <p class='ocr_par' dir='ltr' id='par_1_72' title="bbox 350 5265 1933 5348">
     <span class='ocr_line' id='line_1_72' title="bbox 350 5265 1933 5348; baseline 0.001 -17"><span class='ocrx_word' id='word_1_526' title='bbox 350 5276 650 5348; x_wconf 83' lang='grc' dir='ltr'>καταγελᾷ,</span> <span class='ocrx_word' id='word_1_527' title='bbox 678 5276 775 5329; x_wconf 76' lang='grc' dir='ltr'>καὶ</span> <span class='ocrx_word' id='word_1_528' title='bbox 811 5265 1267 5347; x_wconf 80' lang='grc' dir='ltr'>κατειρωνεύεται</span> <span class='ocrx_word' id='word_1_529' title='bbox 1295 5275 1364 5329; x_wconf 83' lang='grc' dir='ltr'><strong>τά</strong></span> <span class='ocrx_word' id='word_1_530' title='bbox 1390 5275 1727 5348; x_wconf 87' lang='grc' dir='ltr'>ἀνθρώπινα,</span> <span class='ocrx_word' id='word_1_531' title='bbox 1771 5278 1933 5333; x_wconf 90' lang='grc' dir='ltr'>δύνα-</span> 
     </span>
    </p>
   </div>
   <div class='ocr_carea' id='block_1_73' title="bbox 356 5366 1932 5441">
    <p class='ocr_par' dir='ltr' id='par_1_73' title="bbox 356 5366 1932 5441">
     <span class='ocr_line' id='line_1_73' title="bbox 356 5366 1932 5441; baseline 0.001 -18"><span class='ocrx_word' id='word_1_532' title='bbox 356 5387 447 5438; x_wconf 87' lang='grc' dir='ltr'><strong>μιν</strong></span> <span class='ocrx_word' id='word_1_533' title='bbox 475 5366 670 5423; x_wconf 88' lang='grc' dir='ltr'>ἐαυτοῦ</span> <span class='ocrx_word' id='word_1_534' title='bbox 705 5367 949 5440; x_wconf 79' lang='grc' dir='ltr'>μεγάλην</span> <span class='ocrx_word' id='word_1_535' title='bbox 977 5367 1208 5439; x_wconf 81' lang='grc' dir='ltr'>κάμπην</span> <span class='ocrx_word' id='word_1_536' title='bbox 1238 5368 1552 5435; x_wconf 84' lang='grc' dir='ltr'>ἀποκαλῶν,</span> <span class='ocrx_word' id='word_1_537' title='bbox 1596 5369 1665 5441; x_wconf 78' lang='grc' dir='ltr'>ἢν</span> <span class='ocrx_word' id='word_1_538' title='bbox 1710 5371 1807 5425; x_wconf 77' lang='grc' dir='ltr'><strong>καὶ</strong></span> <span class='ocrx_word' id='word_1_539' title='bbox 1851 5373 1932 5436; x_wconf 86' lang='grc' dir='ltr'>εἰς</span> 
     </span>
    </p>
   </div>
   <div class='ocr_carea' id='block_1_74' title="bbox 352 5457 1932 5532">
    <p class='ocr_par' dir='ltr' id='par_1_74' title="bbox 352 5457 1932 5532">
     <span class='ocr_line' id='line_1_74' title="bbox 352 5457 1932 5532; baseline 0.001 -18"><span class='ocrx_word' id='word_1_540' title='bbox 352 5461 549 5525; x_wconf 82' lang='grc' dir='ltr'>αὐτοὺς</span> <span class='ocrx_word' id='word_1_541' title='bbox 595 5459 943 5529; x_wconf 81' lang='grc' dir='ltr'>πεπομφέναι</span> <span class='ocrx_word' id='word_1_542' title='bbox 984 5457 1144 5531; x_wconf 75' lang='grc' dir='ltr'>φησὶ,</span> <span class='ocrx_word' id='word_1_543' title='bbox 1188 5458 1285 5513; x_wconf 69' lang='grc' dir='ltr'>καὶ</span> <span class='ocrx_word' id='word_1_544' title='bbox 1326 5459 1537 5514; x_wconf 86' lang='grc' dir='ltr'>οὐδέπω</span> <span class='ocrx_word' id='word_1_545' title='bbox 1598 5461 1810 5532; x_wconf 82' lang='grc' dir='ltr'>φαμὲν,</span> <span class='ocrx_word' id='word_1_546' title='bbox 1848 5462 1932 5515; x_wconf 82' lang='grc' dir='ltr'><strong>ὅτι</strong></span> 
     </span>
    </p>
   </div>
   <div class='ocr_carea' id='block_1_75' title="bbox 353 5546 1933 5625">
    <p class='ocr_par' dir='ltr' id='par_1_75' title="bbox 353 5546 1933 5625">
     <span class='ocr_line' id='line_1_75' title="bbox 353 5546 1933 5625; baseline 0 -17"><span class='ocrx_word' id='word_1_547' title='bbox 353 5553 585 5624; x_wconf 83' lang='grc' dir='ltr'>δύναμις</span> <span class='ocrx_word' id='word_1_548' title='bbox 611 5550 747 5605; x_wconf 85' lang='grc' dir='ltr'>Θεοῦ</span> <span class='ocrx_word' id='word_1_549' title='bbox 778 5552 813 5622; x_wconf 77' lang='grc' dir='ltr'>ἡ</span> <span class='ocrx_word' id='word_1_550' title='bbox 854 5551 1072 5622; x_wconf 84' lang='grc' dir='ltr'>κάμπη.</span> <span class='ocrx_word' id='word_1_551' title='bbox 1111 5549 1254 5604; x_wconf 82' lang='grc' dir='ltr'>Ἀλλ’</span> <span class='ocrx_word' id='word_1_552' title='bbox 1277 5546 1390 5605; x_wconf 75' lang='grc' dir='ltr'>οἷον</span> <span class='ocrx_word' id='word_1_553' title='bbox 1429 5552 1606 5607; x_wconf 84' lang='grc' dir='ltr'>ἐκεῖνό</span> <span class='ocrx_word' id='word_1_554' title='bbox 1646 5571 1779 5625; x_wconf 83' lang='grc' dir='ltr'>φησι</span> <span class='ocrx_word' id='word_1_555' title='bbox 1820 5557 1933 5618; x_wconf 91' lang='grc' dir='ltr'>τοῖς</span> 
     </span>
    </p>
   </div>
   <div class='ocr_carea' id='block_1_76' title="bbox 355 5640 1934 5720">
    <p class='ocr_par' dir='ltr' id='par_1_76' title="bbox 355 5640 1934 5720">
     <span class='ocr_line' id='line_1_76' title="bbox 355 5640 1934 5720; baseline -0.003 -18"><span class='ocrx_word' id='word_1_556' title='bbox 355 5646 453 5720; x_wconf 76' lang='grc' dir='ltr'>τὴν</span> <span class='ocrx_word' id='word_1_557' title='bbox 485 5646 553 5700; x_wconf 81' lang='grc' dir='ltr'>δι’</span> <span class='ocrx_word' id='word_1_558' title='bbox 579 5643 754 5715; x_wconf 84' lang='grc' dir='ltr'>αὐτῆς</span> <span class='ocrx_word' id='word_1_559' title='bbox 781 5642 881 5696; x_wconf 88' lang='grc' dir='ltr'><strong>οὐκ</strong></span> <span class='ocrx_word' id='word_1_560' title='bbox 914 5640 1199 5696; x_wconf 73' lang='grc' dir='ltr'>ὲνειικοῦσι</span> <span class='ocrx_word' id='word_1_561' title='bbox 1229 5641 1482 5697; x_wconf 74' lang='grc' dir='ltr'>κόλασινσ</span> <span class='ocrx_word' id='word_1_562' title='bbox 1528 5643 1573 5698; x_wconf 85' lang='grc' dir='ltr'>ὦ</span> <span class='ocrx_word' id='word_1_563' title='bbox 1608 5643 1792 5714; x_wconf 74' lang='grc' dir='ltr'>δεινοὶ,</span> <span class='ocrx_word' id='word_1_564' title='bbox 1842 5645 1934 5699; x_wconf 81' lang='grc' dir='ltr'>καὶ</span> 
     </span>
    </p>
   </div>
   <div class='ocr_carea' id='block_1_77' title="bbox 430 5818 1435 5891">
    <p class='ocr_par' dir='ltr' id='par_1_77' title="bbox 430 5818 1435 5891">
     <span class='ocr_line' id='line_1_77' title="bbox 430 5818 1435 5891; baseline -0.001 -14"><span class='ocrx_word' id='word_1_565' title='bbox 430 5824 473 5873; x_wconf 69' lang='grc'><strong>’.⁵</strong></span> <span class='ocrx_word' id='word_1_566' title='bbox 512 5821 666 5879; x_wconf 87' lang='lat' dir='ltr'><strong>Joan.</strong></span> <span class='ocrx_word' id='word_1_567' title='bbox 696 5837 804 5891; x_wconf 75' lang='lat' dir='ltr'><strong>xvi,</strong></span> <span class='ocrx_word' id='word_1_568' title='bbox 846 5820 934 5877; x_wconf 79' lang='lat'><strong>35.</strong></span> <span class='ocrx_word' id='word_1_569' title='bbox 1014 5820 1057 5853; x_wconf 84' lang='lat'>&quot;</span> <span class='ocrx_word' id='word_1_570' title='bbox 1088 5818 1219 5877; x_wconf 80' lang='lat' dir='ltr'><strong>Luc.</strong></span> <span class='ocrx_word' id='word_1_571' title='bbox 1254 5834 1307 5885; x_wconf 69' lang='grc' dir='ltr'><strong>κ,</strong></span> <span class='ocrx_word' id='word_1_572' title='bbox 1354 5820 1435 5876; x_wconf 85' lang='lat' dir='ltr'><strong>l9.</strong></span> 
     </span>
    </p>
   </div>
   <div class='ocr_carea' id='block_1_78' title="bbox 2099 2154 3610 2227">
    <p class='ocr_par' dir='ltr' id='par_1_78' title="bbox 2099 2154 3610 2227">
     <span class='ocr_line' id='line_1_78' title="bbox 2099 2154 3610 2227; baseline -0.001 -15"><span class='ocrx_word' id='word_1_573' title='bbox 2099 2155 2261 2227; x_wconf 77' lang='lat'><strong>225</strong></span> <span class='ocrx_word' id='word_1_574' title='bbox 2291 2154 2457 2212; x_wconf 69' lang='lat' dir='ltr'><strong>Vens.</strong></span> <span class='ocrx_word' id='word_1_575' title='bbox 2487 2155 2580 2223; x_wconf 72' lang='lat'><strong>25,</strong></span> <span class='ocrx_word' id='word_1_576' title='bbox 2645 2155 2737 2213; x_wconf 77' lang='grc'><strong>26.</strong></span> <span class='ocrx_word' id='word_1_577' title='bbox 2770 2155 2838 2213; x_wconf 86' lang='grc' dir='ltr'>Ει</span> <span class='ocrx_word' id='word_1_578' title='bbox 2875 2156 3093 2211; x_wconf 87' lang='lat' dir='ltr'><strong>redaam</strong></span> <span class='ocrx_word' id='word_1_579' title='bbox 3143 2156 3281 2211; x_wconf 82' lang='lat' dir='ltr'><strong>vobis</strong></span> <span class='ocrx_word' id='word_1_580' title='bbox 3321 2172 3416 2227; x_wconf 79' lang='lat' dir='ltr'><strong>pro</strong></span> <span class='ocrx_word' id='word_1_581' title='bbox 3454 2173 3610 2210; x_wconf 87' lang='lat' dir='ltr'><strong>anms</strong></span> 
     </span>
    </p>
   </div>
   <div class='ocr_carea' id='block_1_79' title="bbox 2025 2248 3607 2319">
    <p class='ocr_par' dir='ltr' id='par_1_79' title="bbox 2025 2248 3607 2319">
     <span class='ocr_line' id='line_1_79' title="bbox 2025 2248 3607 2319; baseline -0.001 -17"><span class='ocrx_word' id='word_1_582' title='bbox 2025 2264 2153 2319; x_wconf 83' lang='lat' dir='ltr'><strong>quos</strong></span> <span class='ocrx_word' id='word_1_583' title='bbox 2171 2248 2390 2303; x_wconf 81' lang='lat' dir='ltr'><strong>comedit</strong></span> <span class='ocrx_word' id='word_1_584' title='bbox 2416 2248 2711 2313; x_wconf 78' lang='lat' dir='ltr'><strong>locusta,et</strong></span> <span class='ocrx_word' id='word_1_585' title='bbox 2743 2248 2990 2316; x_wconf 81' lang='lat' dir='ltr'><strong>bruchus,</strong></span> <span class='ocrx_word' id='word_1_586' title='bbox 3020 2258 3067 2302; x_wconf 81' lang='lat' dir='ltr'><strong>et</strong></span> <span class='ocrx_word' id='word_1_587' title='bbox 3098 2265 3279 2312; x_wconf 84' lang='lat' dir='ltr'><strong>eruca,</strong></span> <span class='ocrx_word' id='word_1_588' title='bbox 3324 2259 3370 2302; x_wconf 84' lang='lat' dir='ltr'><strong>et</strong></span> <span class='ocrx_word' id='word_1_589' title='bbox 3404 2251 3607 2317; x_wconf 79' lang='lat' dir='ltr'><strong>rubigo.</strong></span> 
     </span>
    </p>
   </div>
   <div class='ocr_carea' id='block_1_80' title="bbox 2028 2337 3609 2407">
    <p class='ocr_par' dir='ltr' id='par_1_80' title="bbox 2028 2337 3609 2407">
     <span class='ocr_line' id='line_1_80' title="bbox 2028 2337 3609 2407; baseline 0.001 -16"><span class='ocrx_word' id='word_1_590' title='bbox 2028 2337 2285 2407; x_wconf 76' lang='lat' dir='ltr'><strong>fortitudo</strong></span> <span class='ocrx_word' id='word_1_591' title='bbox 2299 2353 2413 2391; x_wconf 88' lang='lat' dir='ltr'><strong>mea</strong></span> <span class='ocrx_word' id='word_1_592' title='bbox 2434 2354 2645 2407; x_wconf 84' lang='lat' dir='ltr'><strong>magna,</strong></span> <span class='ocrx_word' id='word_1_593' title='bbox 2668 2354 2828 2406; x_wconf 90' lang='lat' dir='ltr'><strong>quam</strong></span> <span class='ocrx_word' id='word_1_594' title='bbox 2862 2338 2983 2391; x_wconf 87' lang='lat' dir='ltr'><strong>misi</strong></span> <span class='ocrx_word' id='word_1_595' title='bbox 3005 2340 3061 2392; x_wconf 83' lang='lat' dir='ltr'><strong>in</strong></span> <span class='ocrx_word' id='word_1_596' title='bbox 3082 2355 3190 2393; x_wconf 83' lang='lat' dir='ltr'><strong>vos.</strong></span> <span class='ocrx_word' id='word_1_597' title='bbox 3230 2337 3297 2392; x_wconf 82' lang='lat' dir='ltr'><strong>Et</strong></span> <span class='ocrx_word' id='word_1_598' title='bbox 3328 2338 3609 2393; x_wconf 82' lang='lat' dir='ltr'><strong>comedetis</strong></span> 
     </span>
    </p>
   </div>
   <div class='ocr_carea' id='block_1_81' title="bbox 2028 2427 3613 2493">
    <p class='ocr_par' dir='ltr' id='par_1_81' title="bbox 2028 2427 3613 2493">
     <span class='ocr_line' id='line_1_81' title="bbox 2028 2427 3613 2493; baseline 0.001 -11"><span class='ocrx_word' id='word_1_599' title='bbox 2028 2429 2366 2491; x_wconf 83' lang='lat' dir='ltr'><strong>comestione,</strong></span> <span class='ocrx_word' id='word_1_600' title='bbox 2384 2437 2435 2482; x_wconf 87' lang='lat' dir='ltr'><strong>et</strong></span> <span class='ocrx_word' id='word_1_601' title='bbox 2459 2428 2851 2493; x_wconf 83' lang='lat' dir='ltr'><strong>saturabimini,</strong></span> <span class='ocrx_word' id='word_1_602' title='bbox 2877 2439 2926 2481; x_wconf 83' lang='lat' dir='ltr'><strong>et</strong></span> <span class='ocrx_word' id='word_1_603' title='bbox 2962 2427 3250 2481; x_wconf 74' lang='lat' dir='ltr'><strong>laudabitis</strong></span> <span class='ocrx_word' id='word_1_604' title='bbox 3303 2445 3489 2483; x_wconf 88' lang='lat' dir='ltr'><strong>nomen</strong></span> <span class='ocrx_word' id='word_1_605' title='bbox 3512 2427 3613 2483; x_wconf 90' lang='lat' dir='ltr'><strong>Do-</strong></span> 
     </span>
    </p>
   </div>
   <div class='ocr_carea' id='block_1_82' title="bbox 2028 2520 3363 2592">
    <p class='ocr_par' dir='ltr' id='par_1_82' title="bbox 2028 2520 3363 2592">
     <span class='ocr_line' id='line_1_82' title="bbox 2028 2520 3363 2592; baseline 0.001 -16"><span class='ocrx_word' id='word_1_606' title='bbox 2028 2523 2157 2576; x_wconf 86' lang='lat' dir='ltr'><strong>mini</strong></span> <span class='ocrx_word' id='word_1_607' title='bbox 2183 2520 2282 2577; x_wconf 90' lang='lat' dir='ltr'><strong>Dei</strong></span> <span class='ocrx_word' id='word_1_608' title='bbox 2311 2523 2489 2587; x_wconf 85' lang='lat' dir='ltr'><strong>vestri,</strong></span> <span class='ocrx_word' id='word_1_609' title='bbox 2510 2522 2601 2592; x_wconf 86' lang='lat' dir='ltr'><strong>qui</strong></span> <span class='ocrx_word' id='word_1_610' title='bbox 2626 2521 2748 2590; x_wconf 81' lang='lat' dir='ltr'><strong>fecit</strong></span> <span class='ocrx_word' id='word_1_611' title='bbox 2780 2524 3038 2577; x_wconf 76' lang='lat' dir='ltr'><strong>vobiscum</strong></span> <span class='ocrx_word' id='word_1_612' title='bbox 3075 2523 3363 2578; x_wconf 83' lang='lat' dir='ltr'><strong>mirabilia.</strong></span> 
     </span>
    </p>
   </div>
   <div class='ocr_carea' id='block_1_83' title="bbox 2101 2784 3613 2860">
    <p class='ocr_par' dir='ltr' id='par_1_83' title="bbox 2101 2784 3613 2860">
     <span class='ocr_line' id='line_1_83' title="bbox 2101 2784 3613 2860; baseline -0.006 -12"><span class='ocrx_word' id='word_1_613' title='bbox 2101 2790 2342 2853; x_wconf 79' lang='lat' dir='ltr'><strong>XXXIII.</strong></span> <span class='ocrx_word' id='word_1_614' title='bbox 2369 2791 2520 2860; x_wconf 86' lang='lat' dir='ltr'><strong>Quod</strong></span> <span class='ocrx_word' id='word_1_615' title='bbox 2554 2791 2622 2845; x_wconf 88' lang='lat' dir='ltr'><strong>ad</strong></span> <span class='ocrx_word' id='word_1_616' title='bbox 2664 2789 2948 2846; x_wconf 90' lang='lat' dir='ltr'><strong>historiam</strong></span> <span class='ocrx_word' id='word_1_617' title='bbox 3004 2790 3258 2860; x_wconf 89' lang='lat' dir='ltr'><strong>pertinet,</strong></span> <span class='ocrx_word' id='word_1_618' title='bbox 3280 2784 3613 2856; x_wconf 78' lang='lat' dir='ltr'><strong>antegressis</strong></span> 
     </span>
    </p>
   </div>
   <div class='ocr_carea' id='block_1_84' title="bbox 2029 2878 3613 2954">
    <p class='ocr_par' dir='ltr' id='par_1_84' title="bbox 2029 2878 3613 2954">
     <span class='ocr_line' id='line_1_84' title="bbox 2029 2878 3613 2954; baseline -0.003 -17"><span class='ocrx_word' id='word_1_619' title='bbox 2029 2882 2360 2939; x_wconf 88' lang='lat' dir='ltr'><strong>locustarum</strong></span> <span class='ocrx_word' id='word_1_620' title='bbox 2419 2882 2814 2954; x_wconf 83' lang='lat' dir='ltr'><strong>irruptionibus</strong></span> <span class='ocrx_word' id='word_1_621' title='bbox 2870 2896 2979 2939; x_wconf 92' lang='lat' dir='ltr'><strong>non</strong></span> <span class='ocrx_word' id='word_1_622' title='bbox 3041 2881 3224 2937; x_wconf 91' lang='lat' dir='ltr'><strong>minus</strong></span> <span class='ocrx_word' id='word_1_623' title='bbox 3278 2878 3506 2933; x_wconf 84' lang='lat' dir='ltr'><strong>validam</strong></span> <span class='ocrx_word' id='word_1_624' title='bbox 3555 2888 3613 2933; x_wconf 90' lang='lat' dir='ltr'><strong>et</strong></span> 
     </span>
    </p>
   </div>
   <div class='ocr_carea' id='block_1_85' title="bbox 2029 2972 3621 3044">
    <p class='ocr_par' dir='ltr' id='par_1_85' title="bbox 2029 2972 3621 3044">
     <span class='ocr_line' id='line_1_85' title="bbox 2029 2972 3621 3044; baseline -0.002 -17"><span class='ocrx_word' id='word_1_625' title='bbox 2029 2972 2292 3043; x_wconf 70' lang='lat' dir='ltr'><strong>aequalem</strong></span> <span class='ocrx_word' id='word_1_626' title='bbox 2322 2972 2542 3044; x_wconf 84' lang='lat' dir='ltr'><strong>penitus</strong></span> <span class='ocrx_word' id='word_1_627' title='bbox 2576 2972 3009 3042; x_wconf 79' lang='lat' dir='ltr'><strong>muniﬁcentiam</strong></span> <span class='ocrx_word' id='word_1_628' title='bbox 3066 2974 3314 3044; x_wconf 91' lang='lat' dir='ltr'><strong>spondet,</strong></span> <span class='ocrx_word' id='word_1_629' title='bbox 3346 2980 3402 3026; x_wconf 90' lang='lat' dir='ltr'><strong>et</strong></span> <span class='ocrx_word' id='word_1_630' title='bbox 3449 2986 3621 3042; x_wconf 35' lang='lat' dir='ltr'><strong>quam.</strong></span> 
     </span>
    </p>
   </div>
   <div class='ocr_carea' id='block_1_86' title="bbox 2030 3062 3619 3136">
    <p class='ocr_par' dir='ltr' id='par_1_86' title="bbox 2030 3062 3619 3136">
     <span class='ocr_line' id='line_1_86' title="bbox 2030 3062 3619 3136; baseline -0.002 -15"><span class='ocrx_word' id='word_1_631' title='bbox 2030 3065 2241 3134; x_wconf 79' lang='lat' dir='ltr'><strong>experti</strong></span> <span class='ocrx_word' id='word_1_632' title='bbox 2269 3065 2380 3127; x_wconf 84' lang='lat' dir='ltr'><strong>sint</strong></span> <span class='ocrx_word' id='word_1_633' title='bbox 2403 3064 2706 3136; x_wconf 84' lang='lat' dir='ltr'><strong>penuriam,</strong></span> <span class='ocrx_word' id='word_1_634' title='bbox 2735 3080 2799 3120; x_wconf 88' lang='lat' dir='ltr'><strong>ea</strong></span> <span class='ocrx_word' id='word_1_635' title='bbox 2830 3064 3137 3130; x_wconf 79' lang='lat' dir='ltr'><strong>uberiorem</strong></span> <span class='ocrx_word' id='word_1_636' title='bbox 3159 3063 3289 3135; x_wconf 90' lang='lat' dir='ltr'><strong>ipsis</strong></span> <span class='ocrx_word' id='word_1_637' title='bbox 3319 3062 3434 3119; x_wconf 82' lang='lat' dir='ltr'><strong>fore</strong></span> <span class='ocrx_word' id='word_1_638' title='bbox 3480 3077 3619 3134; x_wconf 48' lang='lat' dir='ltr'><strong>proc.</strong></span> 
     </span>
    </p>
   </div>
   <div class='ocr_carea' id='block_1_87' title="bbox 2029 3156 3014 3217">
    <p class='ocr_par' dir='ltr' id='par_1_87' title="bbox 2029 3156 3014 3217">
     <span class='ocr_line' id='line_1_87' title="bbox 2029 3156 3014 3217; baseline 0.001 -7"><span class='ocrx_word' id='word_1_639' title='bbox 2029 3168 2248 3212; x_wconf 86' lang='lat' dir='ltr'><strong>ventum</strong></span> <span class='ocrx_word' id='word_1_640' title='bbox 2280 3156 2677 3213; x_wconf 90' lang='lat' dir='ltr'><strong>esculentorum</strong></span> <span class='ocrx_word' id='word_1_641' title='bbox 2705 3156 3014 3217; x_wconf 80' lang='lat' dir='ltr'><strong>conﬁrmat.</strong></span> 
     </span>
    </p>
   </div>
   <div class='ocr_carea' id='block_1_88' title="bbox 2101 3246 3613 3318">
    <p class='ocr_par' dir='ltr' id='par_1_88' title="bbox 2101 3246 3613 3318">
     <span class='ocr_line' id='line_1_88' title="bbox 2101 3246 3613 3318; baseline -0.001 -15"><span class='ocrx_word' id='word_1_642' title='bbox 2101 3248 2173 3303; x_wconf 83' lang='lat' dir='ltr'><strong>At</strong></span> <span class='ocrx_word' id='word_1_643' title='bbox 2196 3248 2242 3305; x_wconf 81' lang='lat' dir='ltr'><strong>si</strong></span> <span class='ocrx_word' id='word_1_644' title='bbox 2275 3248 2388 3303; x_wconf 63' lang='lat' dir='ltr'><strong>haec</strong></span> <span class='ocrx_word' id='word_1_645' title='bbox 2420 3247 2698 3318; x_wconf 67' lang='lat' dir='ltr'><strong>propheta:</strong></span> <span class='ocrx_word' id='word_1_646' title='bbox 2728 3247 2893 3307; x_wconf 78' lang='lat' dir='ltr'><strong>verba</strong></span> <span class='ocrx_word' id='word_1_647' title='bbox 2944 3246 3299 3317; x_wconf 86' lang='lat' dir='ltr'><strong>spiritualiter</strong></span> <span class='ocrx_word' id='word_1_648' title='bbox 3344 3246 3613 3317; x_wconf 88' lang='lat' dir='ltr'><strong>interpre-</strong></span> 
     </span>
    </p>
   </div>
   <div class='ocr_carea' id='block_1_89' title="bbox 2035 3337 3610 3409">
    <p class='ocr_par' dir='ltr' id='par_1_89' title="bbox 2035 3337 3610 3409">
     <span class='ocr_line' id='line_1_89' title="bbox 2035 3337 3610 3409; baseline -0.001 -15"><span class='ocrx_word' id='word_1_649' title='bbox 2035 3347 2234 3406; x_wconf 83' lang='lat' dir='ltr'><strong>temur,</strong></span> <span class='ocrx_word' id='word_1_650' title='bbox 2261 3339 2546 3395; x_wconf 90' lang='lat' dir='ltr'><strong>dicendum</strong></span> <span class='ocrx_word' id='word_1_651' title='bbox 2580 3348 2665 3395; x_wconf 91' lang='lat' dir='ltr'><strong>est</strong></span> <span class='ocrx_word' id='word_1_652' title='bbox 2706 3353 2805 3394; x_wconf 93' lang='lat' dir='ltr'><strong>nos</strong></span> <span class='ocrx_word' id='word_1_653' title='bbox 2837 3354 2868 3392; x_wconf 91' lang='lat' dir='ltr'><strong>a</strong></span> <span class='ocrx_word' id='word_1_654' title='bbox 2897 3337 3103 3394; x_wconf 88' lang='lat' dir='ltr'><strong>Satana</strong></span> <span class='ocrx_word' id='word_1_655' title='bbox 3128 3339 3284 3409; x_wconf 84' lang='lat' dir='ltr'><strong>quasi</strong></span> <span class='ocrx_word' id='word_1_656' title='bbox 3307 3339 3610 3404; x_wconf 89' lang='lat' dir='ltr'><strong>devoratos,</strong></span> 
     </span>
    </p>
   </div>
   <div class='ocr_carea' id='block_1_90' title="bbox 2032 3430 3621 3502">
    <p class='ocr_par' dir='ltr' id='par_1_90' title="bbox 2032 3430 3621 3502">
     <span class='ocr_line' id='line_1_90' title="bbox 2032 3430 3621 3502; baseline -0.003 -15"><span class='ocrx_word' id='word_1_657' title='bbox 2032 3440 2088 3487; x_wconf 91' lang='lat' dir='ltr'><strong>et</strong></span> <span class='ocrx_word' id='word_1_658' title='bbox 2113 3431 2182 3486; x_wconf 88' lang='lat' dir='ltr'><strong>ab</strong></span> <span class='ocrx_word' id='word_1_659' title='bbox 2213 3445 2374 3487; x_wconf 87' lang='lat' dir='ltr'><strong>eruca</strong></span> <span class='ocrx_word' id='word_1_660' title='bbox 2405 3441 2460 3487; x_wconf 90' lang='lat' dir='ltr'><strong>et</strong></span> <span class='ocrx_word' id='word_1_661' title='bbox 2507 3430 2716 3486; x_wconf 86' lang='lat' dir='ltr'><strong>locusta</strong></span> <span class='ocrx_word' id='word_1_662' title='bbox 2761 3445 2859 3501; x_wconf 87' lang='lat' dir='ltr'><strong>per</strong></span> <span class='ocrx_word' id='word_1_663' title='bbox 2905 3431 3054 3495; x_wconf 55' lang='lat' dir='ltr'><strong>(aria</strong></span> <span class='ocrx_word' id='word_1_664' title='bbox 3109 3431 3366 3486; x_wconf 87' lang='lat' dir='ltr'><strong>vitiorum</strong></span> <span class='ocrx_word' id='word_1_665' title='bbox 3416 3444 3621 3502; x_wconf 61' lang='lat' dir='ltr'><strong>genera</strong></span> 
     </span>
    </p>
   </div>
   <div class='ocr_carea' id='block_1_91' title="bbox 2033 3522 3613 3597">
    <p class='ocr_par' dir='ltr' id='par_1_91' title="bbox 2033 3522 3613 3597">
     <span class='ocr_line' id='line_1_91' title="bbox 2033 3522 3613 3597; baseline -0.004 -16"><span class='ocrx_word' id='word_1_666' title='bbox 2033 3525 2326 3582; x_wconf 87' lang='lat' dir='ltr'><strong>crudeliter</strong></span> <span class='ocrx_word' id='word_1_667' title='bbox 2349 3526 2611 3597; x_wconf 90' lang='lat' dir='ltr'><strong>perditos,</strong></span> <span class='ocrx_word' id='word_1_668' title='bbox 2634 3524 2899 3580; x_wconf 84' lang='lat' dir='ltr'><strong>mansisse</strong></span> <span class='ocrx_word' id='word_1_669' title='bbox 2932 3522 3116 3581; x_wconf 87' lang='lat' dir='ltr'><strong>aridos</strong></span> <span class='ocrx_word' id='word_1_670' title='bbox 3145 3537 3209 3579; x_wconf 92' lang='lat' dir='ltr'><strong>ac</strong></span> <span class='ocrx_word' id='word_1_671' title='bbox 3236 3522 3470 3586; x_wconf 89' lang='lat' dir='ltr'><strong>steriles,</strong></span> <span class='ocrx_word' id='word_1_672' title='bbox 3494 3539 3613 3576; x_wconf 82' lang='lat' dir='ltr'><strong>om-</strong></span> 
     </span>
    </p>
   </div>
   <div class='ocr_carea' id='block_1_92' title="bbox 2033 3615 3613 3689">
    <p class='ocr_par' dir='ltr' id='par_1_92' title="bbox 2033 3615 3613 3689">
     <span class='ocr_line' id='line_1_92' title="bbox 2033 3615 3613 3689; baseline -0.002 -17"><span class='ocrx_word' id='word_1_673' title='bbox 2033 3618 2194 3674; x_wconf 87' lang='lat' dir='ltr'><strong>nibus</strong></span> <span class='ocrx_word' id='word_1_674' title='bbox 2225 3617 2384 3683; x_wconf 86' lang='lat' dir='ltr'><strong>bonis</strong></span> <span class='ocrx_word' id='word_1_675' title='bbox 2412 3617 2653 3688; x_wconf 88' lang='lat' dir='ltr'><strong>privatos</strong></span> <span class='ocrx_word' id='word_1_676' title='bbox 2680 3632 2745 3673; x_wconf 89' lang='lat' dir='ltr'><strong>ac</strong></span> <span class='ocrx_word' id='word_1_677' title='bbox 2771 3616 3025 3689; x_wconf 83' lang='lat' dir='ltr'><strong>nudatos,</strong></span> <span class='ocrx_word' id='word_1_678' title='bbox 3048 3616 3187 3671; x_wconf 87' lang='lat' dir='ltr'><strong>nihil</strong></span> <span class='ocrx_word' id='word_1_679' title='bbox 3218 3615 3358 3685; x_wconf 90' lang='lat' dir='ltr'><strong>quod</strong></span> <span class='ocrx_word' id='word_1_680' title='bbox 3390 3615 3457 3669; x_wconf 89' lang='lat' dir='ltr'><strong>ad</strong></span> <span class='ocrx_word' id='word_1_681' title='bbox 3495 3631 3613 3669; x_wconf 88' lang='lat' dir='ltr'><strong>mo-</strong></span> 
     </span>
    </p>
   </div>
   <div class='ocr_carea' id='block_1_93' title="bbox 2033 3706 3615 3779">
    <p class='ocr_par' dir='ltr' id='par_1_93' title="bbox 2033 3706 3615 3779">
     <span class='ocr_line' id='line_1_93' title="bbox 2033 3706 3615 3779; baseline -0.003 -15"><span class='ocrx_word' id='word_1_682' title='bbox 2033 3724 2153 3764; x_wconf 88' lang='lat' dir='ltr'><strong>rum</strong></span> <span class='ocrx_word' id='word_1_683' title='bbox 2188 3709 2448 3779; x_wconf 77' lang='lat' dir='ltr'><strong>virtutem</strong></span> <span class='ocrx_word' id='word_1_684' title='bbox 2479 3709 2697 3775; x_wconf 90' lang='lat' dir='ltr'><strong>attinet,</strong></span> <span class='ocrx_word' id='word_1_685' title='bbox 2719 3708 2917 3764; x_wconf 89' lang='lat' dir='ltr'><strong>animis</strong></span> <span class='ocrx_word' id='word_1_686' title='bbox 2946 3707 3307 3778; x_wconf 80' lang='lat' dir='ltr'><strong>possidentes.</strong></span> <span class='ocrx_word' id='word_1_687' title='bbox 3368 3707 3468 3762; x_wconf 85' lang='lat' dir='ltr'><strong>Ast</strong></span> <span class='ocrx_word' id='word_1_688' title='bbox 3523 3706 3615 3761; x_wconf 87' lang='lat' dir='ltr'><strong>ubi</strong></span> 
     </span>
    </p>
   </div>
   <div class='ocr_carea' id='block_1_94' title="bbox 2034 3797 3616 3870">
    <p class='ocr_par' dir='ltr' id='par_1_94' title="bbox 2034 3797 3616 3870">
     <span class='ocr_line' id='line_1_94' title="bbox 2034 3797 3616 3870; baseline -0.003 -15"><span class='ocrx_word' id='word_1_689' title='bbox 2034 3800 2227 3857; x_wconf 88' lang='lat' dir='ltr'><strong>ﬁducia</strong></span> <span class='ocrx_word' id='word_1_690' title='bbox 2258 3801 2312 3856; x_wconf 91' lang='lat' dir='ltr'><strong>in</strong></span> <span class='ocrx_word' id='word_1_691' title='bbox 2348 3800 2622 3867; x_wconf 88' lang='lat' dir='ltr'><strong>Christum</strong></span> <span class='ocrx_word' id='word_1_692' title='bbox 2646 3798 2957 3870; x_wconf 87' lang='lat' dir='ltr'><strong>locupletati</strong></span> <span class='ocrx_word' id='word_1_693' title='bbox 2990 3814 3178 3856; x_wconf 88' lang='lat' dir='ltr'><strong>sumus</strong></span> <span class='ocrx_word' id='word_1_694' title='bbox 3198 3797 3450 3870; x_wconf 86' lang='lat' dir='ltr'><strong>(vicimus</strong></span> <span class='ocrx_word' id='word_1_695' title='bbox 3469 3797 3616 3853; x_wconf 89' lang='lat' dir='ltr'><strong>enim</strong></span> 
     </span>
    </p>
   </div>
   <div class='ocr_carea' id='block_1_95' title="bbox 2032 3892 3613 3964">
    <p class='ocr_par' dir='ltr' id='par_1_95' title="bbox 2032 3892 3613 3964">
     <span class='ocr_line' id='line_1_95' title="bbox 2032 3892 3613 3964; baseline -0.003 -15"><span class='ocrx_word' id='word_1_696' title='bbox 2032 3908 2157 3949; x_wconf 94' lang='lat' dir='ltr'><strong>cum</strong></span> <span class='ocrx_word' id='word_1_697' title='bbox 2184 3894 2301 3964; x_wconf 90' lang='lat' dir='ltr'><strong>ipso</strong></span> <span class='ocrx_word' id='word_1_698' title='bbox 2328 3893 2586 3948; x_wconf 91' lang='lat' dir='ltr'><strong>mundum</strong></span> <span class='ocrx_word' id='word_1_699' title='bbox 2621 3894 2688 3959; x_wconf 67' lang='grc' dir='ltr'><strong>ιι,</strong></span> <span class='ocrx_word' id='word_1_700' title='bbox 2728 3912 2748 3946; x_wconf 76' lang='grc' dir='ltr'><strong>ι</strong></span> <span class='ocrx_word' id='word_1_701' title='bbox 2776 3903 2833 3949; x_wconf 91' lang='lat' dir='ltr'><strong>et</strong></span> <span class='ocrx_word' id='word_1_702' title='bbox 2896 3893 3043 3949; x_wconf 90' lang='lat' dir='ltr'><strong>dedit</strong></span> <span class='ocrx_word' id='word_1_703' title='bbox 3103 3892 3261 3948; x_wconf 89' lang='lat' dir='ltr'><strong>nobis</strong></span> <span class='ocrx_word' id='word_1_704' title='bbox 3290 3898 3613 3962; x_wconf 88' lang='lat' dir='ltr'><strong>potestatem</strong></span> 
     </span>
    </p>
   </div>
   <div class='ocr_carea' id='block_1_96' title="bbox 2032 3983 3614 4057">
    <p class='ocr_par' dir='ltr' id='par_1_96' title="bbox 2032 3983 3614 4057">
     <span class='ocr_line' id='line_1_96' title="bbox 2032 3983 3614 4057; baseline -0.004 -14"><span class='ocrx_word' id='word_1_705' title='bbox 2032 3986 2277 4043; x_wconf 89' lang='lat' dir='ltr'><strong>calcandi</strong></span> <span class='ocrx_word' id='word_1_706' title='bbox 2324 4002 2488 4057; x_wconf 89' lang='lat' dir='ltr'><strong>supra</strong></span> <span class='ocrx_word' id='word_1_707' title='bbox 2538 3996 2821 4057; x_wconf 90' lang='lat' dir='ltr'><strong>serpentes</strong></span> <span class='ocrx_word' id='word_1_708' title='bbox 2853 3995 2910 4042; x_wconf 95' lang='lat' dir='ltr'><strong>et</strong></span> <span class='ocrx_word' id='word_1_709' title='bbox 2943 3986 3264 4054; x_wconf 88' lang='lat' dir='ltr'><strong>scorpiones</strong></span> <span class='ocrx_word' id='word_1_710' title='bbox 3290 3984 3336 4016; x_wconf 71' lang='lat'>“</span> <span class='ocrx_word' id='word_1_711' title='bbox 3379 3983 3451 4053; x_wconf 75' lang='grc' dir='ltr'>ι),</span> <span class='ocrx_word' id='word_1_712' title='bbox 3486 3993 3614 4037; x_wconf 88' lang='lat' dir='ltr'><strong>tunc</strong></span> 
     </span>
    </p>
   </div>
   <div class='ocr_carea' id='block_1_97' title="bbox 2032 4077 3613 4149">
    <p class='ocr_par' dir='ltr' id='par_1_97' title="bbox 2032 4077 3613 4149">
     <span class='ocr_line' id='line_1_97' title="bbox 2032 4077 3613 4149; baseline -0.003 -16"><span class='ocrx_word' id='word_1_713' title='bbox 2032 4093 2247 4149; x_wconf 85' lang='lat' dir='ltr'><strong>quoque</strong></span> <span class='ocrx_word' id='word_1_714' title='bbox 2273 4077 2476 4134; x_wconf 91' lang='lat' dir='ltr'><strong>imbres</strong></span> <span class='ocrx_word' id='word_1_715' title='bbox 2502 4077 2810 4149; x_wconf 89' lang='lat' dir='ltr'><strong>spirituales</strong></span> <span class='ocrx_word' id='word_1_716' title='bbox 2841 4079 3171 4148; x_wconf 90' lang='lat' dir='ltr'><strong>accepimus,</strong></span> <span class='ocrx_word' id='word_1_717' title='bbox 3196 4085 3613 4147; x_wconf 86' lang='lat' dir='ltr'><strong>temporaneum</strong></span> 
     </span>
    </p>
   </div>
   <div class='ocr_carea' id='block_1_98' title="bbox 2033 4169 3615 4241">
    <p class='ocr_par' dir='ltr' id='par_1_98' title="bbox 2033 4169 3615 4241">
     <span class='ocr_line' id='line_1_98' title="bbox 2033 4169 3615 4241; baseline -0.003 -14"><span class='ocrx_word' id='word_1_718' title='bbox 2033 4179 2088 4227; x_wconf 91' lang='lat' dir='ltr'><strong>et</strong></span> <span class='ocrx_word' id='word_1_719' title='bbox 2117 4170 2436 4237; x_wconf 78' lang='lat' dir='ltr'><strong>serotinum,</strong></span> <span class='ocrx_word' id='word_1_720' title='bbox 2466 4169 2855 4226; x_wconf 89' lang='lat' dir='ltr'><strong>institutionem</strong></span> <span class='ocrx_word' id='word_1_721' title='bbox 2883 4169 3086 4241; x_wconf 77' lang='lat' dir='ltr'><strong>legum,</strong></span> <span class='ocrx_word' id='word_1_722' title='bbox 3110 4170 3353 4240; x_wconf 88' lang='lat' dir='ltr'><strong>inquam,</strong></span> <span class='ocrx_word' id='word_1_723' title='bbox 3386 4176 3442 4224; x_wconf 88' lang='lat' dir='ltr'><strong>et</strong></span> <span class='ocrx_word' id='word_1_724' title='bbox 3481 4183 3615 4224; x_wconf 87' lang='lat' dir='ltr'><strong>con-</strong></span> 
     </span>
    </p>
   </div>
   <div class='ocr_carea' id='block_1_99' title="bbox 2033 4260 3617 4333">
    <p class='ocr_par' dir='ltr' id='par_1_99' title="bbox 2033 4260 3617 4333">
     <span class='ocr_line' id='line_1_99' title="bbox 2033 4260 3617 4333; baseline -0.003 -15"><span class='ocrx_word' id='word_1_725' title='bbox 2033 4262 2349 4318; x_wconf 86' lang='lat' dir='ltr'><strong>solationem</strong></span> <span class='ocrx_word' id='word_1_726' title='bbox 2406 4261 2793 4333; x_wconf 84' lang='lat' dir='ltr'><strong>evangelicam.</strong></span> <span class='ocrx_word' id='word_1_727' title='bbox 2842 4260 2995 4317; x_wconf 91' lang='lat' dir='ltr'><strong>Tunc</strong></span> <span class='ocrx_word' id='word_1_728' title='bbox 3063 4261 3209 4318; x_wconf 89' lang='lat' dir='ltr'><strong>enim</strong></span> <span class='ocrx_word' id='word_1_729' title='bbox 3270 4260 3617 4317; x_wconf 88' lang='lat' dir='ltr'><strong>comedentes</strong></span> 
     </span>
    </p>
   </div>
   <div class='ocr_carea' id='block_1_100' title="bbox 2033 4350 3612 4424">
    <p class='ocr_par' dir='ltr' id='par_1_100' title="bbox 2033 4350 3612 4424">
     <span class='ocr_line' id='line_1_100' title="bbox 2033 4350 3612 4424; baseline -0.004 -13"><span class='ocrx_word' id='word_1_730' title='bbox 2033 4351 2221 4423; x_wconf 78' lang='lat' dir='ltr'><strong>repleti</strong></span> <span class='ocrx_word' id='word_1_731' title='bbox 2250 4367 2461 4419; x_wconf 88' lang='lat' dir='ltr'><strong>sumus,</strong></span> <span class='ocrx_word' id='word_1_732' title='bbox 2492 4361 2551 4408; x_wconf 90' lang='lat' dir='ltr'><strong>et</strong></span> <span class='ocrx_word' id='word_1_733' title='bbox 2604 4362 2662 4408; x_wconf 92' lang='lat' dir='ltr'><strong>ut</strong></span> <span class='ocrx_word' id='word_1_734' title='bbox 2695 4353 2979 4409; x_wconf 89' lang='lat' dir='ltr'><strong>Dominum</strong></span> <span class='ocrx_word' id='word_1_735' title='bbox 3029 4352 3396 4424; x_wconf 79' lang='lat' dir='ltr'><strong>gloriﬁcamus</strong></span> <span class='ocrx_word' id='word_1_736' title='bbox 3449 4350 3612 4406; x_wconf 84' lang='lat' dir='ltr'><strong>Chri—</strong></span> 
     </span>
    </p>
   </div>
   <div class='ocr_carea' id='block_1_101' title="bbox 2033 4443 3616 4511">
    <p class='ocr_par' dir='ltr' id='par_1_101' title="bbox 2033 4443 3616 4511">
     <span class='ocr_line' id='line_1_101' title="bbox 2033 4443 3616 4511; baseline -0.002 -11"><span class='ocrx_word' id='word_1_737' title='bbox 2033 4445 2535 4507; x_wconf 71' lang='lat' dir='ltr'><strong>stumSalvatorem</strong></span> <span class='ocrx_word' id='word_1_738' title='bbox 2560 4453 2829 4511; x_wconf 83' lang='lat' dir='ltr'><strong>nostrum,</strong></span> <span class='ocrx_word' id='word_1_739' title='bbox 2888 4445 3135 4500; x_wconf 91' lang='lat' dir='ltr'><strong>eumdem</strong></span> <span class='ocrx_word' id='word_1_740' title='bbox 3182 4454 3243 4499; x_wconf 91' lang='lat' dir='ltr'><strong>ut</strong></span> <span class='ocrx_word' id='word_1_741' title='bbox 3287 4443 3616 4500; x_wconf 90' lang='lat' dir='ltr'><strong>mirabilium</strong></span> 
     </span>
    </p>
   </div>
   <div class='ocr_carea' id='block_1_102' title="bbox 2032 4536 3628 4618">
    <p class='ocr_par' dir='ltr' id='par_1_102' title="bbox 2032 4536 3628 4618">
     <span class='ocr_line' id='line_1_102' title="bbox 2032 4536 3628 4618; baseline -0.002 -25"><span class='ocrx_word' id='word_1_742' title='bbox 2032 4538 2363 4606; x_wconf 77' lang='lat' dir='ltr'><strong>eﬂectorem,</strong></span> <span class='ocrx_word' id='word_1_743' title='bbox 2394 4548 2448 4593; x_wconf 85' lang='lat' dir='ltr'><strong>et</strong></span> <span class='ocrx_word' id='word_1_744' title='bbox 2468 4538 2673 4608; x_wconf 87' lang='lat' dir='ltr'><strong>majora</strong></span> <span class='ocrx_word' id='word_1_745' title='bbox 2701 4553 2863 4608; x_wconf 85' lang='lat' dir='ltr'><strong>quam</strong></span> <span class='ocrx_word' id='word_1_746' title='bbox 2895 4537 3001 4592; x_wconf 87' lang='lat' dir='ltr'><strong>dici</strong></span> <span class='ocrx_word' id='word_1_747' title='bbox 3028 4536 3351 4606; x_wconf 89' lang='lat' dir='ltr'><strong>autsperari</strong></span> <span class='ocrx_word' id='word_1_748' title='bbox 3384 4538 3628 4618; x_wconf 47' lang='lat' dir='ltr'><strong>possint,</strong></span> 
     </span>
    </p>
   </div>
   <div class='ocr_carea' id='block_1_103' title="bbox 2030 4629 3613 4704">
    <p class='ocr_par' dir='ltr' id='par_1_103' title="bbox 2030 4629 3613 4704">
     <span class='ocr_line' id='line_1_103' title="bbox 2030 4629 3613 4704; baseline -0.003 -16"><span class='ocrx_word' id='word_1_749' title='bbox 2030 4632 2376 4704; x_wconf 78' lang='lat' dir='ltr'><strong>diligentibus</strong></span> <span class='ocrx_word' id='word_1_750' title='bbox 2400 4645 2460 4686; x_wconf 89' lang='lat' dir='ltr'><strong>se</strong></span> <span class='ocrx_word' id='word_1_751' title='bbox 2482 4632 2773 4687; x_wconf 86' lang='lat' dir='ltr'><strong>donantem</strong></span> <span class='ocrx_word' id='word_1_752' title='bbox 2802 4630 3179 4699; x_wconf 68' lang='lat' dir='ltr'><strong>praedicantes.</strong></span> <span class='ocrx_word' id='word_1_753' title='bbox 3208 4629 3409 4684; x_wconf 90' lang='lat' dir='ltr'><strong>Sumus</strong></span> <span class='ocrx_word' id='word_1_754' title='bbox 3431 4640 3613 4684; x_wconf 88' lang='lat' dir='ltr'><strong>autem</strong></span> 
     </span>
    </p>
   </div>
   <div class='ocr_carea' id='block_1_104' title="bbox 2031 4723 3619 4790">
    <p class='ocr_par' dir='ltr' id='par_1_104' title="bbox 2031 4723 3619 4790">
     <span class='ocr_line' id='line_1_104' title="bbox 2031 4723 3619 4790; baseline -0.003 -10"><span class='ocrx_word' id='word_1_755' title='bbox 2031 4726 2174 4781; x_wconf 90' lang='lat' dir='ltr'><strong>docti</strong></span> <span class='ocrx_word' id='word_1_756' title='bbox 2203 4725 2343 4781; x_wconf 90' lang='lat' dir='ltr'><strong>bona</strong></span> <span class='ocrx_word' id='word_1_757' title='bbox 2366 4725 2699 4781; x_wconf 90' lang='lat' dir='ltr'><strong>conscientia</strong></span> <span class='ocrx_word' id='word_1_758' title='bbox 2753 4723 2933 4779; x_wconf 82' lang='lat' dir='ltr'><strong>dicere</strong></span> <span class='ocrx_word' id='word_1_759' title='bbox 2962 4745 2973 4778; x_wconf 86' lang='lat'>:</span> <span class='ocrx_word' id='word_1_760' title='bbox 3041 4723 3267 4779; x_wconf 89' lang='lat' dir='ltr'><strong>Domine</strong></span> <span class='ocrx_word' id='word_1_761' title='bbox 3289 4762 3310 4790; x_wconf 86' lang='lat'><strong>,</strong></span> <span class='ocrx_word' id='word_1_762' title='bbox 3353 4729 3511 4778; x_wconf 80' lang='lat' dir='ltr'><strong>extra</strong></span> <span class='ocrx_word' id='word_1_763' title='bbox 3566 4732 3619 4777; x_wconf 90' lang='lat' dir='ltr'><strong>te</strong></span> 
     </span>
    </p>
   </div>
   <div class='ocr_carea' id='block_1_105' title="bbox 2030 4811 3616 4884">
    <p class='ocr_par' dir='ltr' id='par_1_105' title="bbox 2030 4811 3616 4884">
     <span class='ocr_line' id='line_1_105' title="bbox 2030 4811 3616 4884; baseline -0.004 -12"><span class='ocrx_word' id='word_1_764' title='bbox 2030 4818 2197 4872; x_wconf 87' lang='lat' dir='ltr'><strong>alium</strong></span> <span class='ocrx_word' id='word_1_765' title='bbox 2247 4817 2390 4873; x_wconf 89' lang='lat' dir='ltr'><strong>haud</strong></span> <span class='ocrx_word' id='word_1_766' title='bbox 2439 4815 2709 4871; x_wconf 88' lang='lat' dir='ltr'><strong>novimus.</strong></span> <span class='ocrx_word' id='word_1_767' title='bbox 2761 4811 3041 4884; x_wconf 89' lang='lat' dir='ltr'><strong>Perpende</strong></span> <span class='ocrx_word' id='word_1_768' title='bbox 3091 4813 3285 4869; x_wconf 90' lang='lat' dir='ltr'><strong>deinde</strong></span> <span class='ocrx_word' id='word_1_769' title='bbox 3346 4813 3616 4882; x_wconf 81' lang='lat' dir='ltr'><strong>quomodo</strong></span> 
     </span>
    </p>
   </div>
   <div class='ocr_carea' id='block_1_106' title="bbox 2030 4902 3619 4971">
    <p class='ocr_par' dir='ltr' id='par_1_106' title="bbox 2030 4902 3619 4971">
     <span class='ocr_line' id='line_1_106' title="bbox 2030 4902 3619 4971; baseline -0.003 -10"><span class='ocrx_word' id='word_1_770' title='bbox 2030 4908 2402 4962; x_wconf 84' lang='lat' dir='ltr'><strong>universorum</strong></span> <span class='ocrx_word' id='word_1_771' title='bbox 2424 4904 2685 4961; x_wconf 88' lang='lat' dir='ltr'><strong>Dominus</strong></span> <span class='ocrx_word' id='word_1_772' title='bbox 2708 4913 2913 4959; x_wconf 90' lang='lat' dir='ltr'><strong>tantum</strong></span> <span class='ocrx_word' id='word_1_773' title='bbox 2961 4919 3067 4958; x_wconf 88' lang='lat' dir='ltr'><strong>non</strong></span> <span class='ocrx_word' id='word_1_774' title='bbox 3098 4903 3341 4971; x_wconf 83' lang='lat' dir='ltr'><strong>irrideat,</strong></span> <span class='ocrx_word' id='word_1_775' title='bbox 3366 4912 3423 4959; x_wconf 89' lang='lat' dir='ltr'><strong>et</strong></span> <span class='ocrx_word' id='word_1_776' title='bbox 3448 4902 3619 4958; x_wconf 85' lang='lat' dir='ltr'><strong>simu-</strong></span> 
     </span>
    </p>
   </div>
   <div class='ocr_carea' id='block_1_107' title="bbox 2036 4994 3614 5068">
    <p class='ocr_par' dir='ltr' id='par_1_107' title="bbox 2036 4994 3614 5068">
     <span class='ocr_line' id='line_1_107' title="bbox 2036 4994 3614 5068; baseline -0.004 -17"><span class='ocrx_word' id='word_1_777' title='bbox 2036 4996 2236 5053; x_wconf 88' lang='lat' dir='ltr'><strong>latione</strong></span> <span class='ocrx_word' id='word_1_778' title='bbox 2258 4996 2490 5068; x_wconf 88' lang='lat' dir='ltr'><strong>quadam</strong></span> <span class='ocrx_word' id='word_1_779' title='bbox 2516 4994 2735 5051; x_wconf 88' lang='lat' dir='ltr'><strong>deludat</strong></span> <span class='ocrx_word' id='word_1_780' title='bbox 2783 5009 2870 5049; x_wconf 87' lang='lat' dir='ltr'><strong>res</strong></span> <span class='ocrx_word' id='word_1_781' title='bbox 2934 4994 3234 5059; x_wconf 92' lang='lat' dir='ltr'><strong>hominum,</strong></span> <span class='ocrx_word' id='word_1_782' title='bbox 3261 5006 3478 5048; x_wconf 91' lang='lat' dir='ltr'><strong>erucam</strong></span> <span class='ocrx_word' id='word_1_783' title='bbox 3512 5006 3614 5046; x_wconf 75' lang='lat' dir='ltr'><strong>vo-</strong></span> 
     </span>
    </p>
   </div>
   <div class='ocr_carea' id='block_1_108' title="bbox 2037 5083 3617 5160">
    <p class='ocr_par' dir='ltr' id='par_1_108' title="bbox 2037 5083 3617 5160">
     <span class='ocr_line' id='line_1_108' title="bbox 2037 5083 3617 5160; baseline -0.006 -14"><span class='ocrx_word' id='word_1_784' title='bbox 2037 5105 2169 5146; x_wconf 75' lang='lat' dir='ltr'><strong>cans</strong></span> <span class='ocrx_word' id='word_1_785' title='bbox 2220 5104 2469 5160; x_wconf 75' lang='lat' dir='ltr'><strong>magnam</strong></span> <span class='ocrx_word' id='word_1_786' title='bbox 2518 5102 2671 5142; x_wconf 87' lang='lat' dir='ltr'><strong>suam</strong></span> <span class='ocrx_word' id='word_1_787' title='bbox 2725 5086 3124 5147; x_wconf 83' lang='lat' dir='ltr'><strong>fortitudinem.</strong></span> <span class='ocrx_word' id='word_1_788' title='bbox 3158 5099 3319 5155; x_wconf 90' lang='lat' dir='ltr'><strong>quam</strong></span> <span class='ocrx_word' id='word_1_789' title='bbox 3352 5093 3409 5139; x_wconf 92' lang='lat' dir='ltr'><strong>et</strong></span> <span class='ocrx_word' id='word_1_790' title='bbox 3431 5097 3491 5140; x_wconf 90' lang='lat' dir='ltr'><strong>se</strong></span> <span class='ocrx_word' id='word_1_791' title='bbox 3520 5083 3617 5137; x_wconf 86' lang='lat' dir='ltr'><strong>ad-</strong></span> 
     </span>
    </p>
   </div>
   <div class='ocr_carea' id='block_1_109' title="bbox 2038 5175 3617 5252">
    <p class='ocr_par' dir='ltr' id='par_1_109' title="bbox 2038 5175 3617 5252">
     <span class='ocr_line' id='line_1_109' title="bbox 2038 5175 3617 5252; baseline -0.005 -16"><span class='ocrx_word' id='word_1_792' title='bbox 2038 5197 2228 5237; x_wconf 88' lang='lat' dir='ltr'><strong>versus</strong></span> <span class='ocrx_word' id='word_1_793' title='bbox 2256 5182 2402 5252; x_wconf 91' lang='lat' dir='ltr'><strong>ipsos</strong></span> <span class='ocrx_word' id='word_1_794' title='bbox 2427 5179 2640 5236; x_wconf 89' lang='lat' dir='ltr'><strong>misisse</strong></span> <span class='ocrx_word' id='word_1_795' title='bbox 2685 5175 3089 5235; x_wconf 88' lang='lat' dir='ltr'><strong>autumat..Nos</strong></span> <span class='ocrx_word' id='word_1_796' title='bbox 3137 5177 3355 5246; x_wconf 87' lang='lat' dir='ltr'><strong>quidem</strong></span> <span class='ocrx_word' id='word_1_797' title='bbox 3412 5189 3617 5244; x_wconf 79' lang='lat' dir='ltr'><strong>nequa-</strong></span> 
     </span>
    </p>
   </div>
   <div class='ocr_carea' id='block_1_110' title="bbox 2028 5267 3613 5345">
    <p class='ocr_par' dir='ltr' id='par_1_110' title="bbox 2028 5267 3613 5345">
     <span class='ocr_line' id='line_1_110' title="bbox 2028 5267 3613 5345; baseline -0.005 -16"><span class='ocrx_word' id='word_1_798' title='bbox 2028 5290 2191 5345; x_wconf 90' lang='lat' dir='ltr'><strong>quam</strong></span> <span class='ocrx_word' id='word_1_799' title='bbox 2224 5273 2455 5330; x_wconf 87' lang='lat' dir='ltr'><strong>dicimus</strong></span> <span class='ocrx_word' id='word_1_800' title='bbox 2503 5272 2595 5328; x_wconf 89' lang='lat' dir='ltr'><strong>Dei</strong></span> <span class='ocrx_word' id='word_1_801' title='bbox 2645 5271 3017 5329; x_wconf 82' lang='lat' dir='ltr'><strong>fortitudinem</strong></span> <span class='ocrx_word' id='word_1_802' title='bbox 3059 5284 3179 5326; x_wconf 89' lang='lat' dir='ltr'><strong>esse</strong></span> <span class='ocrx_word' id='word_1_803' title='bbox 3228 5283 3471 5323; x_wconf 90' lang='lat' dir='ltr'><strong>erucam.</strong></span> <span class='ocrx_word' id='word_1_804' title='bbox 3506 5267 3613 5323; x_wconf 83' lang='lat' dir='ltr'><strong>Sed</strong></span> 
     </span>
    </p>
   </div>
   <div class='ocr_carea' id='block_1_111' title="bbox 2031 5357 3615 5435">
    <p class='ocr_par' dir='ltr' id='par_1_111' title="bbox 2031 5357 3615 5435">
     <span class='ocr_line' id='line_1_111' title="bbox 2031 5357 3615 5435; baseline -0.007 -14"><span class='ocrx_word' id='word_1_805' title='bbox 2031 5367 2103 5422; x_wconf 91' lang='lat' dir='ltr'><strong>ita</strong></span> <span class='ocrx_word' id='word_1_806' title='bbox 2128 5364 2524 5434; x_wconf 85' lang='lat' dir='ltr'><strong>quodammodo</strong></span> <span class='ocrx_word' id='word_1_807' title='bbox 2554 5378 2648 5419; x_wconf 87' lang='lat' dir='ltr'><strong>eos</strong></span> <span class='ocrx_word' id='word_1_808' title='bbox 2703 5364 2795 5435; x_wconf 89' lang='lat' dir='ltr'><strong>qui</strong></span> <span class='ocrx_word' id='word_1_809' title='bbox 2828 5363 3096 5419; x_wconf 88' lang='lat' dir='ltr'><strong>invectam</strong></span> <span class='ocrx_word' id='word_1_810' title='bbox 3131 5360 3196 5415; x_wconf 81' lang='lat' dir='ltr'><strong>ab</strong></span> <span class='ocrx_word' id='word_1_811' title='bbox 3251 5358 3345 5412; x_wconf 91' lang='lat' dir='ltr'><strong>illa</strong></span> <span class='ocrx_word' id='word_1_812' title='bbox 3406 5357 3615 5413; x_wconf 91' lang='lat' dir='ltr'><strong>cladem</strong></span> 
     </span>
    </p>
   </div>
   <div class='ocr_carea' id='block_1_112' title="bbox 2032 5450 3615 5530">
    <p class='ocr_par' dir='ltr' id='par_1_112' title="bbox 2032 5450 3615 5530">
     <span class='ocr_line' id='line_1_112' title="bbox 2032 5450 3615 5530; baseline -0.006 -16"><span class='ocrx_word' id='word_1_813' title='bbox 2032 5458 2277 5530; x_wconf 79' lang='lat' dir='ltr'><strong>perferre</strong></span> <span class='ocrx_word' id='word_1_814' title='bbox 2302 5456 2682 5528; x_wconf 85' lang='lat' dir='ltr'><strong>nequiverunt,</strong></span> <span class='ocrx_word' id='word_1_815' title='bbox 2726 5454 3035 5526; x_wconf 88' lang='lat' dir='ltr'><strong>compellat.</strong></span> <span class='ocrx_word' id='word_1_816' title='bbox 3072 5450 3116 5508; x_wconf 93' lang='grc' dir='ltr'>Ο</span> <span class='ocrx_word' id='word_1_817' title='bbox 3146 5460 3516 5515; x_wconf 83' lang='lat' dir='ltr'><strong>contumaces,</strong></span> <span class='ocrx_word' id='word_1_818' title='bbox 3549 5463 3615 5505; x_wconf 87' lang='lat' dir='ltr'><strong>ac</strong></span> 
     </span>
    </p>
   </div>
   <div class='ocr_carea' id='block_1_113' title="bbox 2031 5542 3612 5623">
    <p class='ocr_par' dir='ltr' id='par_1_113' title="bbox 2031 5542 3612 5623">
     <span class='ocr_line' id='line_1_113' title="bbox 2031 5542 3612 5623; baseline -0.007 -15"><span class='ocrx_word' id='word_1_819' title='bbox 2031 5551 2268 5623; x_wconf 88' lang='lat' dir='ltr'><strong>superbi,</strong></span> <span class='ocrx_word' id='word_1_820' title='bbox 2299 5560 2354 5609; x_wconf 90' lang='lat' dir='ltr'><strong>et</strong></span> <span class='ocrx_word' id='word_1_821' title='bbox 2380 5566 2477 5621; x_wconf 90' lang='lat' dir='ltr'><strong>pro</strong></span> <span class='ocrx_word' id='word_1_822' title='bbox 2505 5550 2672 5607; x_wconf 88' lang='lat' dir='ltr'><strong>nihilo</strong></span> <span class='ocrx_word' id='word_1_823' title='bbox 2714 5550 2972 5605; x_wconf 87' lang='lat' dir='ltr'><strong>ducentes</strong></span> <span class='ocrx_word' id='word_1_824' title='bbox 3032 5559 3119 5601; x_wconf 90' lang='lat' dir='ltr'><strong>me</strong></span> <span class='ocrx_word' id='word_1_825' title='bbox 3141 5542 3453 5599; x_wconf 82' lang='lat' dir='ltr'><strong>oll&#39;enderel</strong></span> <span class='ocrx_word' id='word_1_826' title='bbox 3502 5557 3612 5598; x_wconf 90' lang='lat' dir='ltr'><strong>non</strong></span> 
     </span>
    </p>
   </div>
   <div class='ocr_carea' id='block_1_114' title="bbox 2034 5635 3630 5716">
    <p class='ocr_par' dir='ltr' id='par_1_114' title="bbox 2034 5635 3630 5716">
     <span class='ocr_line' id='line_1_114' title="bbox 2034 5635 3630 5716; baseline -0.009 -16"><span class='ocrx_word' id='word_1_827' title='bbox 2034 5644 2212 5716; x_wconf 76' lang='lat' dir='ltr'><strong>ignem</strong></span> <span class='ocrx_word' id='word_1_828' title='bbox 2235 5643 2302 5699; x_wconf 88' lang='lat' dir='ltr'><strong>de</strong></span> <span class='ocrx_word' id='word_1_829' title='bbox 2333 5641 2474 5700; x_wconf 72' lang='lat' dir='ltr'><strong>cmlo</strong></span> <span class='ocrx_word' id='word_1_830' title='bbox 2499 5642 2551 5699; x_wconf 91' lang='lat' dir='ltr'><strong>in</strong></span> <span class='ocrx_word' id='word_1_831' title='bbox 2579 5656 2676 5701; x_wconf 86' lang='lat' dir='ltr'><strong>vos</strong></span> <span class='ocrx_word' id='word_1_832' title='bbox 2708 5638 2851 5706; x_wconf 88' lang='lat' dir='ltr'><strong>misi,</strong></span> <span class='ocrx_word' id='word_1_833' title='bbox 2872 5653 2975 5695; x_wconf 92' lang='lat' dir='ltr'><strong>non</strong></span> <span class='ocrx_word' id='word_1_834' title='bbox 3011 5635 3247 5693; x_wconf 90' lang='lat' dir='ltr'><strong>tonitrua</strong></span> <span class='ocrx_word' id='word_1_835' title='bbox 3313 5649 3416 5691; x_wconf 88' lang='lat' dir='ltr'><strong>non</strong></span> <span class='ocrx_word' id='word_1_836' title='bbox 3447 5649 3630 5711; x_wconf 39' lang='lat' dir='ltr'><strong>grany</strong></span> 
     </span>
    </p>
   </div>
  </div>
