4132 6370
521 299 628 367 διε

1507 315 1568 370 s.
1613 308 1890 372 CYltlLLl
1928 306 2397 374 ALEXANDRINI
2434 310 2758 377 ARCHIEP.

3671 312 3775 374 376

521 424 727 487 dinem,
753 439 859 477 non
904 423 1048 477 aliud
1082 422 1359 495 quidpiam
1386 434 1658 497 samptum
1698 439 1753 485 et
1814 429 1947 484 locis
2009 442 2081 482 su-

2200 429 2491 501 ἀγέρωχοι,
2540 431 2633 484 καὶ
2684 432 2742 484 ὲν
2786 429 2963 485 οὐδενῖ
3007 428 3311 500 γράφοντες
3345 428 3488 499 λόγῳ
3519 429 3580 483 τὺ
3610 447 3775 502 προσ-

524 511 687 579 peris,
717 519 772 564 et
800 511 993 564 divina:
1023 510 1207 581 gloria:
1259 513 1699 572 honestissimum
1744 518 1939 586 innixi;
1976 533 2096 574 ver-

524 601 689 655 mium
720 601 929 671 abiecta
958 609 1110 660 turba
1134 608 1187 661 in
1223 609 1494 679 regionem
1544 610 1857 676 iusurrexit,
1889 621 1942 664 et
1965 626 2096 665 con-

522 693 724 748 turbati
760 694 914 759 estis,
952 705 1007 751 et
1030 699 1268 766 periistis
1293 701 1562 757 celeriter.
1598 697 1835 758 Robusto
1888 702 2103 758 scilicet

523 784 870 840 vehementer
900 797 986 841 est
1027 802 1189 845 eruca
1224 807 1239 843 ι
1282 805 1455 847 meam
1503 803 1651 849 certe
1699 804 1945 864 magnam
1981 794 2093 851 for-

525 876 804 932 titudinem
862 879 1009 936 illam
1058 890 1269 952 reputo.
1303 883 1467 955 226
1506 884 1681 940 Mores
1723 885 1885 955 igitur
1913 900 2094 941 sermo

521 970 796 1038 exprimit,
829 979 884 1027 et
934 981 1019 1028 est
1085 974 1231 1028 velut
1286 974 1588 1041 irridentis,
1619 991 1683 1031 ac
1707 979 2090 1046 propemodum

520 1060 880 1118 conviciantis
908 1064 1002 1119 Dei
1033 1066 1083 1119 in
1108 1079 1203 1120 eos
1249 1065 1340 1135 qui
1376 1080 1600 1135 peccare
1632 1066 1770 1123 nihil
1803 1068 1954 1137 pensi
1997 1070 2095 1123 ha-

521 1154 669 1207 bent.
701 1152 864 1209 Posse
892 1170 987 1210 eos
1018 1171 1211 1227 nempe
1236 1158 1451 1214 aliicere
1478 1173 1656 1227 paena,
1690 1159 1735 1214 si
1764 1161 1915 1225 Velit,
1972 1160 2089 1215 suf-

520 1246 735 1302 ticiente
768 1249 834 1301 ad
864 1248 967 1303 hoc
992 1265 1176 1317 eruca,
1214 1268 1312 1323 pro
1335 1254 1544 1321 magnis
1583 1262 1639 1307 et
1667 1252 1882 1307 invictis
1939 1254 2092 1308 dein-

516 1354 643 1408 ceps
670 1342 894 1398 viribus.
924 1342 1039 1397 Non
1073 1345 1235 1412 igitur
1263 1345 1433 1400 ell‘use
1459 1346 1665 1399 rideant
1703 1347 1962 1409 haeretici,
1992 1361 2091 1400 nec

515 1434 775 1488 adversus
802 1434 1075 1505 Unigeniti
1135 1436 1358 1505 gloriam
1412 1445 1698 1507 nugentur,
1748 1444 1931 1506 utpote
1968 1452 2088 1490 cum

513 1535 675 1583 eruca
731 1540 921 1596 magna
972 1526 1233 1583 fortitudo
1289 1529 1578 1583 nominatur
1608 1531 1697 1583 sit.
1763 1526 1874 1582 Nec
1900 1528 2087 1585 eodem

513 1610 631 1673 loco
672 1634 779 1688 quo
802 1621 1001 1676 vermis
1023 1621 1227 1690 pollens
1260 1622 1465 1676 viribus
1492 1621 1787 1686 habeatur;
1817 1620 1934 1675 ausi
1958 1631 2085 1675 sunt

511 1711 654 1772 enim
682 1712 863 1769 miseri
901 1713 1061 1768 etiam
1102 1713 1153 1766 in
1186 1712 1324 1767 hanc
1353 1713 1625 1782 opinionis
1653 1728 1711 1768 se
1746 1714 2088 1785 praecipitare

509 1802 806 1859 miseriam.

581 1982 745 2039 V'Elts.
781 1974 870 2039 27.
895 1985 957 2039 Et
977 2003 1078 2040 non
1090 1986 1680 2057 t‘onfundeturpopulus
1697 2000 1840 2042 meus
1862 1988 1917 2041 in
1939 1998 2087 2043 reler-

507 2071 737 2126 num.Et
760 2073 933 2127 scietis
951 2076 1074 2143 quia
1097 2076 1151 2129 in
1189 2075 1360 2129 medio
1392 2068 1566 2131 Israel
1621 2087 1735 2132 sum
1756 2095 1870 2148 ego.
1892 2077 1959 2132 Et
1992 2095 2085 2148 ego

505 2154 763 2218 Dominus
799 2164 938 2218 Deus
980 2176 1162 2232 vester,
1191 2178 1369 2222 etnon
1422 2179 1498 2223 est
1542 2182 1733 2238 pra’ler
1772 2186 1853 2223 me
1871 2176 1956 2234 ,‘et
1983 2187 2084 2224 non

507 2257 859 2324 :onfundetur
903 2258 1044 2312 ullra
1101 2262 1271 2314 omnis
1327 2261 1552 2330 populus
1616 2277 1759 2315 meus
1813 2263 1869 2316 in
1934 2272 2085 2318 teter-

505 2353 652 2401 itum.

572 2430 812 2496 XXXIV.
846 2439 1126 2499 Manifesta
1156 2443 1373 2499 modum
1408 2449 1726 2501 teconomias
1748 2448 2071 2502 incarnatio-

502 2532 609 2601 ttis,
636 2542 690 2587 et
716 2548 837 2589 sese
864 2527 1339 2601 exinaniturum“,
1356 2546 1410 2592 et
1438 2553 1558 2592 cum
1583 2538 1846 2593 terricolis
1877 2540 2082 2594 lrabita-

505 2632 682 2680 turum
710 2628 978 2696 promittit
1003 2619 1069 2691 *7,
1093 2628 1257 2681 nostri
1280 2629 1537 2695 similem,
1570 2630 1622 2684 id
1651 2638 1757 2697 est,-
1806 2632 2075 2686 hominem

502 2708 727 2775 factum.
761 2717 913 2776 Tunc
939 2723 1083 2777 enim
1117 2725 1170 2779 in
1208 2724 1383 2779 medio
1414 2719 1579 2778 Israel
1606 2724 1785 2791 fuit,et
1813 2738 1915 2780 nos
1933 2726 2079 2795 igno-

504 2810 726 2865 tniniam
780 2810 1086 2885 eﬂugimus,
1144 2824 1201 2872 et
1258 2831 1291 2872 e
1332 2816 1648 2871 confusione
1703 2816 1935 2886 exempti
1995 2834 2079 2871 su-

499 2906 641 2963 mus,
674 2913 848 2957 morte
879 2904 1134 2959 nimiran
1184 2915 1485 2974 prostrata,
1518 2914 1747 2975 peccato
1786 2904 2076 2962 interfecto

495 2991 885 3062 etacoguitione
917 2994 1160 3050 veritatis
1196 2996 1520 3052 introducta.
1562 2986 1716 3052 Haud
1764 2999 1907 3054 enim
1962 3014 2074 3053 am-

2197 522 2415 594 κρούειν
2449 524 2605 595 ἑμοίῑ
2634 524 2697 577 οὐ
2724 522 2835 594 πῦρ
2860 522 2945 592 ἐφ’
2975 523 3120 592 ὑμᾶς
3153 522 3446 594 οὐρανόθεν
3476 522 3673 593 ἀνῆκα,
3714 523 3776 576 οὐ

2197 615 2443 687 βροντὴν,
2468 617 2529 669 οὐ
2562 614 2818 686 χάλαζαν,
2847 616 2945 687 οὐχ
2978 614 3165 686 ἕτερόν
3190 632 3244 668 τι
3269 614 3379 667 τῶν
3409 613 3543 682 ὑψοῦ
3580 632 3641 668 τε
3677 616 3777 687 ἠρ-

2197 706 2395 775 μένων,
2440 708 2532 760 καὶ
2561 707 2641 759 ὅτι
2686 706 2919 777 μάλιστα
2948 709 3013 776 τῇ
3041 704 3132 759 τοῦ
3159 705 3294 757 Θεοῦ
3329 704 3457 777 δόξῃ
3496 704 3773 775 πρεπωδε-

2197 798 2406 852 στάτων
2435 800 2733 869 ἐπήνεγκα.
2767 798 3072 869 Σκωλήκων
3124 796 3283 849 ἀθλία
3318 796 3529 865 πληθὺς
3588 797 3775 861 κατεξ-

2193 892 2392 961 ανέστη
2424 890 2525 961 τῆς
2549 890 2753 962 χώρας,
2786 891 2883 944 καὶ
2915 889 3313 962 τεθορύὸήσθε,
3350 890 3445 943 καὶ
3486 887 3773 942 διολώλατε

2192 983 2332 1052 τάχα
2358 997 2482 1036 που·
2511 982 2719 1053 μεγάλη
2750 982 2868 1035 λίαν
2897 985 2930 1054 η
2960 983 3175 1053 κάμπη.
3194 981 3494 1051 Λόγιοῦμαι
3523 980 3580 1033 δὲ
3607 981 3775 1051 αὐτὴν

2193 1075 2287 1129 καὶ
2331 1075 2560 1145 δύναμιν
2594 1074 2832 1145 ἐμαυτοῦ
2876 1074 3137 1146 μεγάλην.
3185 1075 3273 1127 Ἐν
3324 1071 3446 1144 ἤθει
3492 1072 3556 1145 δὴ
3600 1068 3694 1125 οὖν
3746 1073 3775 1124 6

2191 1165 2367 1234 λόγος,
2405 1169 2499 1220 καὶ
2527 1166 2692 1220 οἱονεί
2724 1178 2841 1229 πως
2880 1168 2938 1220 ὲν
2981 1167 3196 1236 γέλωτι,
3239 1164 3520 1236 μονονουχὶ
3547 1164 3641 1217 καὶ
3661 1164 3776 1217 ἐπι-

2189 1255 2526 1320 τωθάζοντος
2576 1257 2711 1311 Θεοῦ
2749 1260 2861 1321 τοῖς
2910 1249 3276 1328 καταφρονεῖν
3316 1254 3585 1317 εἰωθόσιν,
3631 1252 3773 1307 ὥστε

2190 1346 2348 1419 εἴπερ
2385 1348 2558 1404 ἕλοιτο
2598 1349 2848 1415 κολάζειν
2892 1349 3138 1413 ἑαυτοὺς,
3182 1344 3460 1417 ἀρκούσης
3497 1346 3578 1410 είς
3614 1345 3775 1399 τοῦτο

2190 1440 2416 1511 κάμπης
2435 1442 2555 1495 ἀντὶ
2586 1443 2785 1513 πολλῆς
2812 1443 2906 1497 καὶ
2935 1442 3148 1513 ἀμάχου
3175 1441 3361 1494 λοιπὸν
3394 1438 3594 1509 ἰσχύος.
3620 1438 3773 1507 Μηδὲ

2190 1528 2366 1582 πλατὺ
2388 1529 2673 1599 γελώντων
2697 1530 3010 1602 αἱρετικῶν,
3042 1529 3175 1600 μηδὲ
3198 1532 3296 1600 τῆς
3319 1526 3413 1580 τοῦ
3434 1525 3772 1595 Μονογενοῦς

2190 1621 2721 1695 καταφλυαρούντων
2762 1623 2941 1695 δόξης,
2977 1622 3111 1694 μηδὲ
3156 1622 3232 1684 ὼς
3277 1621 3341 1691 δὴ
3390 1619 3486 1673 καὶ
3529 1620 3775 1690 μεγάλης

2190 1710 2474 1782 δυνάμεως
2513 1716 2573 1767 ἐν
2609 1715 2709 1785 ῐσῳ
2748 1714 3043 1785 γραφέσθω
3070 1716 3137 1785 τῇ
3184 1712 3459 1784 σκώληκι’
3502 1709 3769 1783 τετολμή-

2118 1774 2163 1831 B
2194 1774 2341 1854 mat.
2371 1774 2479 1872 γὰρ
2521 1805 2571 1856 οἱ
2607 1774 2830 1857 δείλαιοι
2870 1774 2963 1859 καὶ
3002 1806 3083 1867 είς
3111 1774 3270 1856 ’τοῦτ’
3314 1774 3548 1854 ὀλισθεῖν
3590 1774 3770 1853 ἀθλιόι

2188 1911 2348 1965 τητος
2377 1894 2617 1951 ἐννοιῶν.

2256 1987 2367 2041 Καὶ
2405 1989 2478 2042 οὐ
2512 1988 2601 2057 μὴ
2647 1985 3064 2056 καταισχυνθῇ
3106 1989 3138 2041 ὁ
3181 1987 3331 2052 λαός
3368 2003 3488 2055 μου
3534 1985 3622 2048 εις
3662 1981 3773 2036 τὸν

2187 2078 2390 2134 αἰῶ-να.
2431 2080 2541 2134 Καὶ
2565 2079 2972 2149 ἐπιγνώσεσθε
2998 2078 3086 2132 ὅτι
3108 2079 3178 2132 ἐν
3196 2076 3363 2147 μέσῳ
3391 2076 3495 2130 τοῦ
3531 2073 3767 2143 Ἰσραήλ

2185 2174 2301 2241 εἶμι
2340 2171 2473 2241 ἐγώ.
2508 2172 2618 2226 Καὶ
2650 2171 2765 2241 ἐγὼ
2798 2172 3012 2239 Κύριος
3044 2174 3077 2225 ό
3109 2170 3253 2235 Θεὸς
3292 2166 3480 2237 ὑμῶν,
3512 2168 3609 2220 καί
3653 2169 3767 2223 οὐκ

2183 2264 2355 2318 ἔστιν
2382 2262 2471 2315 ἔτι
2492 2262 2659 2330 πλὴν
2687 2262 2834 2331 ἐμοῦ
2853 2280 2866 2294 ·
2901 2263 3001 2316 καὶ
3028 2264 3101 2317 οὐ
3134 2260 3222 2332 μὴ
3250 2258 3769 2328 καταισχυνθήσεδ

2182 2371 2279 2410 ται
2309 2354 2398 2409 ἐτι
2432 2353 2550 2420 πᾶς
2584 2356 2618 2408 ό
2650 2355 2799 2420 λαός
2825 2372 2941 2424 μου
2967 2357 3055 2420 είς
3087 2355 3197 2407 τὸν
3223 2352 3428 2407 αἰῶνα.

2252 2447 2375 2503 AA'.
2429 2446 2850 2516 Ἐπαγγέλλεται
2878 2446 3066 2515 σαφῶς
3092 2446 3190 2516 τῆς
3225 2444 3363 2515 μετὰ
3392 2444 3593 2515 σαρκὸς
3621 2445 3764 2498 οἶκοι-

2184 2538 2376 2608 νομίας
2408 2538 2500 2591 τὸν
2526 2540 2748 2609 τρόπον,
2782 2538 2876 2591 καὶ
2899 2538 2980 2591 ὅτι
3009 2539 3123 2600 τοῖς
3147 2537 3238 2589 ἐπὶ
3261 2537 3365 2606 γῆς
3397 2536 3769 2608 συνδιαιτήσε-1

2180 2643 2271 2680 ται
2328 2626 2572 2691 κενώσας
2626 2630 2851 2691 ἑαυτὸν,
2917 2628 3011 2681 καὶ
3065 2627 3357 2697 γενόμενος
3414 2627 3535 2681 καθ’
3598 2629 3765 2699 ὑμᾶς,

2180 2716 2484 2782 τουτέστιν,
2508 2716 2813 2788 ἄνθρωπος.
2851 2717 2986 2770 Τότε
3014 2718 3122 2786 γὰρ
3156 2717 3461 2785 γέγονεν-ὲν
3493 2717 3646 2788 μέσῳ
3665 2716 3763 2770 τοῦ

2193 2807 2428 2879 Ἰσραὴλ,
2483 2806 2578 2862 καὶ
2625 2807 2955 2878 διεφύγομεν
3009 2806 3297 2878 ἐντροπὴν,
3351 2808 3446 2862 καὶ
3498 2808 3761 2879 αἰσχύνης

2178 2898 2595 2970 ἀπηλλάγμεθα,
2646 2898 2877 2952 θανάτου
2920 2899 3200 2964 πεσόντος,
3237 2899 3510 2970 ἁμαρτίας
3556 2901 3765 2971 ἁνῃρηυ

2182 2989 2374 3062 μένης,
2407 2989 2663 3060 γνώσεως
2708 2989 2942 3061 ἀληθοῦς
2979 2992 3490 3062 είσκεκομισμένης.
3536 2992 3650 3044 Οὺκ
3679 2990 3765 3045 ἔτι

494 3079 637 3149 ptius
670 3091 977 3138 creaturam
1010 3086 1303 3140 adoramus
1334 3094 1532 3154 praeter
1572 3085 1885 3144 Creatorem
1921 3083 1985 3156 “,
2021 3100 2072 3146 et

2179 3080 2287 3151 γάρ
2312 3082 2383 3152 τῇ
2414 3079 2588 3134 κτίσει
2623 3079 3037 3150 προσκυνοῦμεν
3066 3079 3218 3151 παρά
3244 3080 3336 3132 τὸν
3361 3080 3643 3145 κτίσαντα,
3667 3080 3762 3133 καὶ

494 3171 657 3226 alium
690 3174 856 3229 Deum
890 3187 1087 3246 praeter
1137 3176 1287 3232 illum
1320 3177 1589 3231 neminem
1626 3194 1849 3248 prorsus
1886 3198 2071 3239 susce—

495 3264 693 3335 pimus.
737 3252 969 3324 Proinde
1001 3269 1165 3324 etiam
1210 3272 1409 3327 divites
1455 3273 1752 3339 evasimus,
1795 3282 1855 3329 ut
1886 3275 1940 3330 in
1974 3291 2071 3345 spe

494 3348 648 3410 iirma
674 3357 939 3424 viventes,
987 3373 1043 3416 et
1075 3367 1479 3434 exspectatione
1534 3367 1659 3422 vitae
1712 3367 1964 3437 longaevae
2015 3370 2069 3423 in

490 3447 921 3506 sanctificatione
942 3461 997 3507 et
1018 3452 1322 3511 innocentia
1352 3459 1495 3513 vitae.

564 3528 725 3595 Vsus.
759 3541 849 3605 28,
873 3543 962 3598 29.
993 3542 1060 3598 Et
1079 3547 1177 3601 erit
1194 3548 1445 3617 posthaec,
1470 3561 1518 3605 et
1549 3548 1817 3621 eﬂ‘undam
1848 3553 1911 3607 de
1942 3554 2065 3623 Spi-

489 3633 594 3684 ritu
620 3650 732 3688 meo
748 3651 905 3703 super
943 3652 1145 3693 omnem
1186 3650 1483 3708 carnem,“
1528 3643 1905 3713 prophetabunt
1967 3646 2069 3715 ﬁlii

488 3729 645 3779 remi
670 3738 716 3781 et
749 3728 1118 3805 ﬁliazrveslra’;
1158 3744 1204 3788 el
1238 3737 1469 3791 seniores
1489 3738 1642 3792 vestri
1675 3740 1881 3794 somnia
1928 3758 2069 3795 som-

488 3817 733 3885 niabunt,
764 3830 814 3874 et
844 3822 1066 3890 juvenes
1118 3828 1273 3880 vestri
1305 3828 1525 3883 risiones
1574 3830 1844 3887 videbunt.
1900 3833 2071 3903 Atque

488 3911 651 3963 etiam
700 3928 856 3981 super
891 3930 1064 3969 servas
1111 3932 1251 3972 meos
1292 3930 1338 3973 et
1373 3920 1605 3977 ancillas
1650 3923 1705 3976 in
1737 3922 1923 3979 diebus
1958 3926 2069 3980 illis

484 4000 750 4069 e/fundam
775 4003 837 4059 de
863 4003 1063 4073 Spiritu
1092 4023 1227 4064 meo.

555 4258 774 4325 XXXV.
811 4266 888 4326 En
924 4274 1206 4343 perspicue
1252 4277 1422 4330 sancti
1457 4276 1694 4346 Spiritus
1748 4282 1974 4350 gratiam
2007 4300 2070 4340 se

486 4362 811 4416 donaturum
839 4364 1126 4432 promittit,
1165 4365 1345 4430 idest,
1368 4368 1713 4424 donationem
1740 4368 2063 4442 largiﬂuam,

2178 3171 2311 3225 Θεὸν
2351 3173 2538 3243 ἕτερον
2566 3173 2653 3226 ἐπ’
2684 3172 2831 3242 αὑτῷ
2866 3170 3143 3235 παντελῶς
3184 3170 3372 3225 οὐδένα
3422 3171 3759 3243 παραδεδέγ-

2182 3264 2339 3333 μεθα.
2391 3262 2679 3335 Τοιγάρτοι
2723 3263 2819 3317 καὶ
2851 3263 3331 3333 πεπλουτήκαμεν,
3373 3262 3450 3327 ὡς
3482 3265 3540 3317 ὲν
3584 3262 3760 3317 ἐλπίδι

2179 3356 2373 3427 βεϐαίᾳ
2402 3354 2623 3420 ζῶντες,
2655 3356 2749 3409 καὶ
2778 3354 2903 3426 δόξῃ
2947 3356 3015 3426 τῇ
3045 3355 3125 3417 είς
3171 3354 3491 3425 μακραίωνα
3531 3354 3668 3425 βίον,
3700 3356 3764 3409 ἐν

2178 3446 2435 3518 ἁγιασμῷ
2467 3448 2563 3500 καὶ
2601 3448 2841 3516 ὁσιότητι
2874 3445 3168 3509 πολιτείας.
3618 3476 3623 3479 λ

2247 3539 2357 3594 Kal
2381 3538 2553 3593 ἔσται
2568 3540 2719 3608 μετὰ
2742 3538 2946 3603 ταῦτα,
2973 3537 3070 3591 καί
3090 3537 3277 3606 ἐκχεῶ
3304 3537 3423 3592 ἀπὸ
3448 3537 3556 3592 τοῦ
3579 3538 3762 3591 Πνεύε

2175 3632 2360 3700 ματός
2406 3648 2526 3701 μου
2580 3629 2679 3684 ἐπὶ
2715 3629 2923 3684 πᾶσαν
2980 3628 3213 3697 σάρκα,
3275 3628 3373 3683 καὶ
3424 3631 3758 3698 προφητεύ-

2175 3737 2397 3779 σουσιν
2432 3725 2485 3777 οι
2512 3721 2629 3777 υἱοί
2655 3720 2843 3792 ὑμῶν,
2877 3719 2975 3775 καί
3002 3724 3061 3775 αι
3091 3720 3409 3790 θυγατέρες
3436 3720 3622 3789 ὑμῶν.
3652 3718 3759 3775 Καὶ

2175 3818 2227 3871 οἱ
2276 3815 2667 3883 πρεσϐύτεροι
2718 3811 2886 3882 ὑμῶν
2923 3813 3181 3866 ἐνύπνια
3235 3813 3759 3884 ἐνυπνιασθήσον-

2172 3925 2290 3971 ται,
2320 3907 2421 3962 καὶ
2449 3910 2505 3961 oi
2536 3905 2844 3960 νεανίσκοι
2877 3903 3045 3973 ὑμῶν
3069 3904 3308 3973 ὁράσεις
3335 3904 3610 3974 ὄψονται.
3641 3906 3755 3960 Καί

2172 4014 2239 4070 γε
2264 4000 2363 4054 ἐπὶ
2390 3998 2534 4066 τοὺς
2562 3998 2821 4062 δούλους
2842 4013 2984 4066 μου,
3012 3997 3111 4050 καὶ
3156 3997 3254 4050 ἐπὶ
3286 3999 3392 4063 τὰς
3427 3997 3661 4063 δούλας.
3684 3998 3758 4053 ἐν

2174 4091 2302 4160 ταῖς
2330 4090 2578 4161 ἡμέραις
2614 4088 2873 4153 ἐκείναις
2908 4086 3097 4156 ἐκχεῶ
3120 4088 3238 4143 ἀπὸ
3273 4089 3380 4143 τοῦ
3409 4089 3755 4159 Πνεύματός

2214 4202 2313 4239 ov.

2166 4204 2372 4328 Milia.
2423 4256 2552 4326 Ἰδοὺ
2594 4271 2659 4342 δὴ
2694 4271 2885 4341 σαφῶς
2914 4270 3228 4344 χαριεῖσθαι
3257 4266 3754 4339 κατεπαγγέλλεται

2171 4365 2268 4436 τὴν
2309 4363 2400 4417 τοῦ
2441 4364 2594 4431 ἁγίου
2641 4361 2956 4433 Πνεύματος
3002 4364 3183 4434 χάριν,
3232 4363 3529 4422 τουτέστιν.
3578 4363 3752 4433 ἀμφι-

486 4458 594 4508 nou
620 4461 677 4509 ut
708 4455 810 4511 sibi
838 4457 1128 4526 prophetas
1154 4473 1320 4512 unum
1343 4469 1437 4514 aut
1464 4460 1715 4526 alterum,
1755 4462 1800 4518 si
1829 4465 1900 4518 ita
1922 4464 2061 4520 ferat

2179 4456 2313 4527 λαφῆ
2343 4454 2442 4526 τὴν
2473 4453 2761 4525 χορηγίαν,
2792 4454 2895 4508 οὐκ
2925 4456 3006 4519 είς
3040 4457 3327 4526 προφήτην
3358 4453 3753 4525 ὲξειλεγμένως

486 4554 596 4610 res,
636 4546 874 4617 deligat;
927 4548 1021 4603 sed
1076 4547 1319 4604 absolute
1372 4550 1425 4605 in
1475 4566 1664 4609 omnes
1689 4552 1781 4622 qui
1812 4554 2058 4624 accipere

484 4637 852 4693 merebantur.
890 4638 945 4693 Id
972 4642 1114 4708 quod
1136 4639 1356 4697 Christo
1403 4644 1661 4709 redivivo,
1694 4654 1752 4699 et
1783 4646 2059 4701 destructo

482 4732 671 4785 mortis
698 4731 1160 4801 imperio,factum
1181 4749 1303 4791 esse
1329 4732 1719 4792 conﬁtemur".
1748 4736 1881 4791 Nam
1915 4738 2061 4794 velut

481 4824 549 4877 de
580 4822 791 4892 integro
821 4822 957 4879 adeo
989 4825 1350 4881 venerandam
1391 4836 1446 4880 et
1504 4828 1874 4882 admirabilem
1937 4843 2061 4901 gra-

481 4917 611 4970 tiam
642 4917 847 4972 sauctis
869 4917 1146 4987 discipulis
1176 4919 1420 4987 immisit,
1447 4916 1724 4975 iusuilians
1758 4922 2016 4977 etdiceus
2041 4940 2056 4975 :

483 5024 503 5060 ι
542 5010 783 5078 Accipite
811 5005 1072 5080 Spiritum
1102 5024 1348 5068 sanctum
1380 5010 1446 5065 ³⁸.
1487 5032 1506 5066 ι
1546 5012 1842 5082 Oportebat
1884 5016 2051 5082 enim,

2163 4551 2258 4603 ἕνα
2296 4548 2477 4617 τυχὸν,
2508 4546 2541 4617 ἢ
2571 4545 2684 4611 δύο,
2712 4544 2842 4600 ἀλλ’
2864 4548 2944 4609 είς
2969 4546 3216 4609 ἅπαντας
3241 4545 3425 4608 ἁπλῶς
3451 4545 3575 4608 τοὺς
3610 4546 3752 4599 ἑλεῖν

2162 4641 2367 4708 ἀξίους.
2420 4640 2486 4691 "0
2527 4638 2596 4710 δή
2639 4655 2821 4708 φαμεν
2868 4639 2963 4692 καὶ
2999 4636 3337 4710 πεπεράνθαι
3373 4637 3751 4708 ὲγηγερμένου

2163 4731 2425 4804 Χριστοῦ,
2453 4732 2547 4787 καὶ
2579 4732 2641 4786 τὸ
2667 4733 2765 4785 τοῦ
2806 4730 3037 4786 θανάτου
3073 4729 3478 4793 καταλύσαντος
3522 4730 3744 4800 κράτος.

2176 4827 2295 4881 Ἀπ’
2327 4826 2501 4898 ἀρχῆς
2531 4825 2641 4896 γὰρ
2669 4824 2859 4893 ὥσπερ
2900 4842 2953 4877 τι
3001 4818 3106 4878 ὦδε
3136 4823 3359 4891 σεπτὴν,
3396 4823 3487 4876 καὶ
3521 4822 3749 4889 ἀξιάγα-

2166 4939 2291 4977 στον
2324 4921 2485 4993 χάριν
2516 4919 2630 4980 τοῖς
2660 4917 2836 4984 ἁγίοις
2887 4915 3115 4969 ἐνετίθει
3164 4914 3453 4986 μαθηταῖς,
3486 4914 3749 4983 ἐμφυσῶν

2162 5034 2222 5069 τε
2249 5015 2343 5070 καὶ
2380 5012 2574 5079 λέγων·
2605 5029 2623 5060 ι
2655 5010 2861 5063 Λάόετε
2892 5008 3117 5079 Πνεῦμα
3149 5008 3325 5076 ἁγιον.
3373 5027 3390 5059 ι
3432 5008 3583 5059 Ἔδει
3613 5008 3745 5078 γὰρ,

476 5103 761 5171 Oportebat
806 5100 1059 5159 Ecclesia:
1112 5116 1454 5177 mystagogos
1504 5116 1560 5160 et
1611 5107 1761 5161 orbis
1788 5117 2053 5162 terrarum

2179 5109 2270 5162 ἱδει
2295 5107 2423 5170 τοὺς
2451 5104 2550 5173 τῆς
2594 5100 2920 5171 Ἐκκλησίας
2952 5100 3371 5171 μυσταγωγοὺς,
3410 5099 3505 5152 καίὶ
3528 5098 3627 5168 τῆς
3657 5099 3746 5167 ὑφ’

477 5193 768 5258 magistros
830 5192 1043 5251 futuros
1094 5192 1257 5251 etiam
1312 5204 1438 5252 ante
1482 5197 1617 5253 alios
1645 5197 1788 5253 douo
1818 5192 2055 5267 Spiritus

2179 5202 2306 5275 puov
2340 5194 2630 5259 παιδευτὰς
2662 5194 2973 5265 ἐσομένους,
3006 5194 3099 5247 κα).
3128 5193 3233 5264 πρό
3252 5209 3317 5261 γε
3343 5191 3451 5245 τῶν
3479 5189 3655 5245 ἄλλων
3682 5193 3745 5262 τῇ

476 5286 647 5339 sancti
678 5286 1044 5355 cohonestari,
1078 5296 1133 5342 et
1165 5288 1326 5345 veluti
1352 5290 1621 5360 quoddam
1673 5300 2052 5346 ornamentum

2179 5291 2250 5347 ποῦ
2280 5290 2436 5360 ἁγίου
2464 5285 2777 5358 Πνεύματος
2803 5286 2947 5340 δόσει
2968 5284 3491 5345 κατακαλλύνεσθαι,
3518 5282 3611 5334 καὶ
3638 5276 3749 5334 οἷόν

477 5387 573 5445 per
602 5375 757 5432 ﬁdem
797 5395 851 5433 tn
883 5380 1366 5439 sanctiﬁcationem
1417 5382 1485 5438 ab
1535 5384 1690 5440 initio
1742 5382 1931 5452 factos,
1974 5386 2055 5439 di-

2179 5402 2208 5439 u.
2244 5378 2655 5451 κεκοσμημένον
2681 5377 2770 5432 διὰ
2810 5378 3045 5441 πίστεως
3078 5379 3159 5441 είς
3199 5374 3474 5446 ἁγιασμόν
3513 5374 3609 5427 ἀπ’
3645 5374 3748 5443 ἁρ-

478 5470 603 5523 vina
636 5478 692 5522 et
724 5470 931 5527 cmlesti
967 5462 1130 5542 227
1168 5473 1340 5542 gratia
1384 5476 1643 5532 inaurari.
1682 5476 1877 5532 Diebus
1926 5491 2054 5532 vero

2179 5473 2263 5547 [ἧς
2296 5471 2607 5542 γεγονότας,
2633 5473 2699 5542 τῇ
2732 5469 2853 5542 θείᾳ
2882 5486 2947 5539 γε
2975 5470 3071 5523 καὶ
3107 5468 3344 5539 οὐρανίῳ
3374 5463 3747 5535 καταχρυσοῦς

471 5572 643 5617 sacra:
670 5563 1015 5622 Pentecostes
1037 5568 1376 5639 congregatis
1406 5568 1458 5624 in
1516 5584 1674 5624 unam
1708 5567 1923 5625 domum
1970 5570 2052 5623 di~

2179 5566 2283 5621 ιθαι
2314 5560 2515 5636 χάριτι.
2554 5562 2709 5617 Κατά
2733 5561 2791 5616 δέ
2818 5576 2884 5633 γε
2914 5562 3012 5629 τὰς
3041 5559 3253 5633 ἡμέρας
3280 5560 3380 5632 τῆς
3413 5556 3576 5626 ἁγίας
3611 5558 3742 5611 Πεν-

2284 5756 2327 5788 ¹⁹
2368 5752 2412 5810 ll
2448 5753 2588 5809 Tim.
2634 5767 2675 5818 ι,
2716 5752 2801 5806 10.
2879 5752 2924 5785 ¹⁰
2955 5749 3109 5808 lusu.
3156 5764 3249 5816 xx,
3282 5751 3372 5807 2!.

542 5727 587 5774 ίθ
626 5739 858 5817 Philipp.
894 5763 953 5813 ιι,
984 5748 1034 5801 7.
1106 5750 1146 5780 ⁸⁷
1178 5747 1407 5805 Baruch.
1445 5765 1523 5815 In,
1565 5751 1651 5807 58.
1759 5754 1799 5784 ¹⁸
1841 5753 1995 5810 Rom.
2028 5772 2064 5823 ι,
2098 5754 2191 5811 25.
