4132 6370
424 329 531 393 377

1309 334 1862 403 COMMENTARIUS
1900 335 1969 393 IN
2005 334 2272 395 ιοιςιειι
2309 332 2757 393 ΡΒΟΡΗΕΤΔΜ.

3588 335 3697 390 378
3728 330 3731 333 “

424 452 697 526 τηκοστῆς
732 453 810 517 είς
850 447 998 506 οἶκον
1025 454 1121 508 ἕνα
1157 454 1651 524 συναγηγερμένων
1681 453 1789 507 τῶν
1826 454 2005 524 μαθη-

2123 454 2355 524 iclpulis,
2410 463 2465 508 et
2503 453 2783 508 consuetis
2840 450 3238 520 precationibus
3319 447 3428 502 Deo
3478 446 3695 511 oblatis,

424 546 553 610 τῶν,
583 544 677 598 καὶ
716 544 817 609 τὰς
863 546 1118 616 συνήθεις
1154 544 1273 614 Θεῷ
1320 546 1777 618 προσαγαγόντων
1822 544 2008 615 λιτὰς,

427 638 647 706 γέγονεν
677 637 862 707 ἄμφω,
906 632 1040 708 ἦχος
1089 637 1328 706 ἐγένετο.
1370 638 1464 691 καὶ
1509 637 1753 705 γλῶσσαι
1804 636 1889 706 ἐφ’
1914 637 2012 690 ἕνα

426 726 657 782 ἕκαστον
690 728 969 793 ἐκάθισαν,
1022 746 1039 779 t
1070 729 1177 782 Καὶ
1216 728 1451 800 ήρξαντο
1482 729 1664 782 λαλεῖν
1703 731 1761 783 ὲν
1795 729 2011 799 ἑτέραις

426 819 722 890 γλώσσαις,
757 819 940 884 καθὼς
971 818 1032 873 τὸ
1066 819 1291 891 Πνεῦμα
1320 820 1492 874 ἐδίδου
1522 822 1705 883 αὐτοῖς
1735 820 2013 889 ἀποφθέγ-

427 910 643 978 γεσθαι.
682 909 1119 979 Ἀπεφθέγγοντο
1146 910 1203 964 δὲ
1230 909 1665 982 προφητεύοντες
1692 909 1860 982 ήγουν
1891 928 2013 963 συν-

432 1000 603 1063 ιέντες
631 1016 714 1062 τε,
738 1000 832 1053 καὶ
868 1000 1116 1069 λέγοντες
1140 1001 1210 1053 τὰ
1241 999 1329 1053 διὰ
1360 999 1468 1053 τῶν
1503 999 1673 1069 ἁγίων
1717 999 2013 1071 προφητῶν

429 1093 486 1143 ὲν
511 1091 586 1161 τῷ
618 1091 837 1162 Χριστῷ
876 1094 1169 1164 μυστήρια,
1200 1094 1293 1145 καὶ
1320 1093 1388 1147 τὰ
1416 1093 1482 1146 δι’
1508 1086 1583 1146 ὧν
1609 1092 1754 1156 εἰκὸς
1781 1088 1849 1163 ἦν
1877 1092 2015 1164 πρὸς

429 1183 737 1236 εὐπείθειαν
773 1183 1007 1254 ἑτοίμως
1048 1184 1188 1237 ἰέναι
1226 1184 1732 1254 ἀναπεπεισμένους
1769 1181 1828 1239 εὖ
1871 1186 2014 1257 μάλα

430 1277 554 1338 τοὺς
580 1275 980 1347 ἀκροωμένους,
1000 1275 1072 1339 ὡς
1091 1277 1351 1348 ἐνέστηκε
1375 1276 1560 1332 λοιπὸν
1582 1280 1611 1331 ό
1638 1279 1737 1348 τῆς
1768 1279 2013 1345 εὐδοκίας

431 1368 639 1438 καιρὸς.
669 1369 763 1422 καὶ
794 1368 863 1422 τὰ
896 1370 1064 1423 πάλαι
1097 1370 1518 1443 προηγγελμένα
1548 1372 1642 1423 ἐπὶ
1671 1370 1890 1442 Χριστῷ
1935 1372 2013 1435 είς

430 1456 603 1528 πέρας
662 1453 765 1529 ἧκε
834 1457 1041 1511 λοιπόν.
1110 1458 1319 1513 Οὐκοῦν
1377 1461 1770 1530 προεφήτευον,
1825 1459 2015 1531 ἁπάσῃ

430 1548 647 1620 γλώσσῃ
683 1548 995 1613 λαλοῦντες,
1021 1550 1108 1604 διὰ
1162 1551 1345 1621 φωνῆς
1388 1550 1560 1619 ἁγίων
1594 1550 1728 1604 Θεοῦ
1771 1565 2011 1621 προαναξ

432 1640 734 1710 φωνοῦντος
772 1644 864 1695 καὶ
896 1642 1073 1696 τοῦτο.
1102 1636 1411 1715 Γέγραπται
1455 1644 1599 1716 γάρ’
1642 1662 1660 1695 t
1704 1646 1790 1698 Ἐν
1834 1647 2014 1716 ἑτερο⁴

431 1730 725 1798 γλώσσαις,
759 1734 853 1785 καὶ
891 1734 948 1786 ἐν
985 1732 1219 1803 χείλεσιν
1264 1734 1471 1806 ἑτέροις
1517 1734 1738 1805 λαλήσω
1776 1735 1857 1805 τῷ
1899 1733 2015 1804 λαῷ

2114 554 2403 613 utrumque
2432 543 2701 611 contigit:
2767 542 2986 594 auditus
3025 550 3114 593 est
3167 538 3397 598 sonitus.
3424 546 3479 591 et
3504 536 3699 607 linguae

2111 634 2340 705 singulis
2366 634 2694 688 insederunt.
2719 651 2741 684 ο
2772 632 2836 687 Et
2859 640 3140 700 coeperunt
3161 631 3304 700 loqui
3332 628 3453 682 aliis
3477 627 3695 695 linguis,

2113 736 2271 795 prout
2302 722 2538 793 Spiritus
2569 734 2794 777 sanctus
2839 722 2999 775 dabat
3031 722 3209 791 eloqui
3260 720 3365 774 illis
3395 719 3490 772 η’.
3538 737 3560 772 ι
3591 717 3705 773 Ι,οα

2112 818 2417 885 quebautur
2469 825 2648 869 autem
2715 814 3123 882 pr0phetantes,
3176 813 3293 866 sive
3355 826 3452 879 per
3478 821 3703 864 sanctos

2112 907 2402 977 prophetas
2445 906 2511 960 de
2544 905 2762 959 Christo
2790 904 3147 974 praenuntiata
3210 901 3466 973 mysteria
3498 898 3700 954 intelli-

2114 1010 2300 1072 gentes
2347 1009 2403 1054 et
2447 998 2850 1068 proloquentes,
2883 1006 2938 1051 et
2981 1010 3049 1051 ea
3097 1011 3196 1068 per
3242 1010 3361 1064 qua:
3411 1002 3699 1049 consenta-

2116 1109 2276 1148 nemn
2305 1102 2424 1147 erat
2448 1092 2512 1145 ad
2546 1091 2912 1147 obedientiam
2949 1098 3196 1159 prompte
3240 1088 3429 1142 venire
3473 1086 3706 1139 andien-r

2118 1195 2228 1252 tes;
2259 1194 2443 1254 utpote
2500 1196 2787 1253 persuasus
2838 1182 3002 1251 plane
3055 1182 3248 1236 adesse
3310 1180 3424 1247 jam
3485 1187 3698 1248 tempus

2115 1278 2331 1348 gratiae,
2360 1285 2415 1329 et
2441 1275 2571 1331 olim
2601 1274 2670 1330 de
2696 1274 2916 1329 Christo
2945 1273 3493 1343 praedictauleiuceps
3522 1272 3698 1340 reipsa

2114 1370 2394 1441 compleri.
2452 1368 2858 1438 Prophetabant
2922 1365 3089 1436 igitur
3148 1364 3343 1434 quavis
3401 1363 3580 1432 lingua
3629 1360 3705 1414 lo-

2115 1472 2369 1533 quentes,
2397 1462 2539 1529 qttod
2563 1460 2739 1528 ipsum
2764 1470 2978 1527 quoque
3008 1470 3038 1508 a
3083 1455 3193 1508 Deo
3216 1464 3527 1509 sanctorum
3569 1467 3703 1506 voce

2117 1551 2430 1621 prmdictttm
2474 1551 2671 1615 fuerat.
2704 1547 2977 1616 Scriptum
3036 1554 3122 1601 est
3168 1547 3363 1599 enim:
3404 1564 3421 1597 t
3464 1546 3523 1597 In
3580 1544 3702 1598 aliis

2120 1644 2322 1713 linguis
2372 1643 2501 1697 etin
2531 1636 2651 1695 aliis
2686 1638 2844 1692 labiis
2869 1638 3059 1706 loquar
3111 1635 3305 1705 populo
3359 1636 3509 1699 huic,
3538 1644 3591 1688 et
3635 1649 3703 1687 ne

2117 1736 2198 1791 sic
2233 1736 2449 1806 quidem
2480 1736 2702 1787 credent
2734 1732 2802 1785 ".
2838 1749 2856 1781 ι
2897 1728 3007 1783 lloc
3038 1738 3093 1783 et
3136 1727 3333 1781 Paulus
3379 1742 3486 1780 non
3540 1728 3699 1796 igno-

430 1824 627 1894 τούτῳ,
658 1826 752 1877 καὶ
792 1824 897 1878 οὐδ’
922 1820 1093 1889 οὕτως
1122 1825 1528 1896 πεισθήσονται.
1557 1845 1575 1878 ι
1612 1826 1781 1880 Τοῦτό
1812 1844 1895 1880 τοι
1925 1824 2020 1881 καὶ¹

2124 1844 2267 1893 rans,
2289 1829 2575 1898 linguasin
2601 1827 2813 1894 signum
2864 1822 3023 1878 datas
3078 1824 3195 1877 ait:
3246 1820 3364 1875 Non
3435 1820 3701 1880 ﬁdelibus.

432 1915 644 1979 Παῦλος
686 1918 884 1982 συνεὶς,
918 1919 997 1982 εἰς
1036 1920 1259 1988 σημεῖον
1296 1917 1570 1981 Ἰουδαίοις
1600 1914 1847 1972 δεδόσθαι
1883 1919 2019 1989 φησὶ

430 2006 531 2076 τὴν
573 2006 1001 2076 πολυγλωσσίαν.
1029 2004 1152 2060 ’Ότι
1183 2006 1239 2061 δὲ
1283 2009 1659 2072 καταπτάντπ
1695 2010 1756 2075 ἐξ
1786 2009 2017 2081 οὐρανοῦ

432 2094 526 2146 τοῦ
559 2094 715 2163 ἁγίου
755 2096 1075 2167 Πνεῦματος
1110 2092 1295 2151 πολλοὶ
1336 2098 1456 2152 λίαν
1487 2094 1627 2170 ἦσαν
1657 2100 1706 2153 οἱ
1738 2104 1807 2172 τῇ
1836 2101 2019 2171 χάριτι

434 2185 535 2255 τῆς
574 2189 912 2259 προφητείας
949 2186 1403 2258 ἁναμεσούμενοι,
1436 2195 1690 2262 σαφηνιεῖ
1730 2194 1960 2265 γράφων
1991 2194 2021 2246 ὁ

437 2279 644 2344 Παῦλος
663 2298 677 2311 ο
710 2282 1020 2353 ιΠροφῆται
1048 2282 1105 2336 δὲ
1121 2283 1211 2336 δύο
1236 2283 1268 2354 ἢ
1292 2286 1438 2355 τρεῖς
1457 2284 1810 2339 λαλείτωσαν.
1827 2284 2008 2340 »Εἷτασ

442 2389 460 2420 t
488 2370 726 2425 Δόνασθε
750 2374 857 2443 γὰρ
885 2373 1006 2427 καθ’
1031 2374 1126 2427 ἕνα
1155 2376 1349 2439 πάντες
1380 2375 1765 2449 προφητεύειν.
1795 2397 1813 2429 ι
1843 2378 2019 2432 Πάλαι

439 2463 537 2532 μὲν
581 2465 690 2534 γὰρ
734 2464 818 2518 δια
851 2466 1050 2538 πολλὴν
1088 2467 1418 2537 δυστροπίαν
1450 2470 1879 2540 προσκρούοντας
1924 2469 2018 2524 τοῦ

449 2548 683 2625 Ἰσραὴλ,
711 2555 916 2624 ἔφασκε
950 2558 1080 2622 Θεός
1101 2574 1115 2589 ο
1154 2577 1173 2609 t
1214 2559 1345 2612 Ἰδοὺ
1377 2558 1488 2628 ὲγὼ
1518 2559 1675 2632 λιμὸν
1704 2561 1897 2629 ἐπάγω
1926 2562 2018 2614 ἐπὶ

434 2648 535 2709 τὴν
565 2646 668 2716 γῆν
697 2648 789 2701 τοῦ
828 2648 1058 2703 ἀκοῦσαι
1096 2648 1253 2718 λόγον
1285 2650 1511 2721 Κυρίου,
1551 2654 1647 2705 καὶ
1685 2651 1793 2706 ἀπὸ
1828 2653 2021 2705 ἀνατο-

435 2736 544 2789 λῶν
570 2737 673 2802 ἕως
696 2738 915 2809 δυσμῶν
945 2740 1408 2812 περιδραμοῦνται
1439 2742 1727 2813 ζητοῦντες
1749 2743 1839 2797 τὸν
1864 2743 2019 2813 λόγον

439 2828 663 2898 Κυρίου,
700 2832 792 2884 καὶ
831 2833 893 2886 οὐ
950 2832 1025 2903 μὴ
1074 2833 1298 2905 εὕρωσι.
1330 2854 1351 2887 ι
1394 2836 1504 2889 Καὶ
1552 2834 1690 2908 πρὸς
1724 2838 2017 2909 Ἱεζεχιήλο

446 2937 463 2970 t
493 2922 601 2973 Καὶ
626 2922 723 2991 τὴν
751 2922 1001 2990 γλῶσσάν
1031 2941 1122 2977 σου
1152 2926 1417 2997 συνδήσω,
1448 2929 1542 2981 καὶ
1571 2928 2018 3002 ἀποκωφωθήσῃ,

438 3013 532 3066 καὶ
572 3014 672 3067 οῦκ
715 3014 813 3086 ἔσῃ
843 3016 1024 3079 αὐτοῖς
1055 3019 1135 3081 εἰς
1169 3018 1337 3089 ἄνδρα
1390 3019 1711 3090 ἐλέγχοντα,
1754 3021 1838 3073 δτι
1874 3016 2021 3082 οἶκος

439 3106 896 3175 παραπικραίνων
931 3110 1067 3162 ἐστί.
1094 3129 1112 3160 ι
1157 3103 1375 3179 Ἐπειδὴ
1409 3110 1501 3175 δὲ,
1533 3110 1675 3165 κατὰ
1701 3111 1802 3182 τὴν
1838 3112 2022 3182 φωνὴν

437 3170 534 3248 ⁸τοῦ
566 3170 898 3262 Ψάλλοντος,
937 3219 954 3251 t
985 3201 1116 3264 Θεὸς
1144 3170 1375 3272 Κύριος,
1400 3170 1499 3255 καί
1528 3170 1795 3271 ὲπέφανέν
1818 3170 2015 3273 ὑμῖν.»
2048 3170 2095 3233 c

444 3288 700 3357 (ἐπέφανε
730 3292 838 3362 γάρ
868 3294 1000 3363 ἡμῖν
1022 3295 1049 3347 ὁ
1082 3293 1336 3363 Χριστὸς,
1363 3292 1533 3357 ἀνιεὶς
1559 3294 1897 3365 ἐγκλήματα,
1931 3296 2023 3349 καὶ

441 3383 502 3433 τὸ
536 3383 635 3453 τῆς
657 3379 929 3455 ἁμαρτίας
955 3386 1281 3457 ἐμφράττων
1314 3387 1510 3458 στόμα)
1545 3387 1754 3441 δέδοται
1783 3386 2024 3458 λοιπὺνή

442 3474 597 3544 χύσις
637 3474 730 3527 τοῦ
774 3476 930 3544 ἁγίου
972 3474 1308 3548 Πνεῦματος,
1351 3478 1486 3531 Θεοῦ
1531 3478 2026 3549 κατευφραίνοντος

443 3567 543 3635 τὴν
586 3566 694 3619 τῶν
733 3566 1034 3638 ἀνθρώπων
1081 3568 1265 3636 φύσιν,
1314 3570 1410 3622 καὶ
1453 3571 1519 3639 τῇ
1572 3570 1802 3635 ἄνωθεν,
1838 3570 1931 3623 καὶ
1969 3571 2028 3623 ἐν

444 3658 583 3728 ἀρχῇ
618 3655 1008 3726 στεφανοῦντος
1044 3656 1193 3729 δόξῃ,
1225 3660 1319 3712 καὶ
1348 3663 1427 3723 εις
1459 3662 1636 3715 ἐκεῖνο
1673 3662 1834 3716 πάλιν
1856 3663 2027 3731 αὐτὴν

446 3747 758 3816 ςιλαγάθως
805 3748 1258 3819 ἀνακομίζοντος,
1309 3750 1390 3813 εἰς
1422 3749 1450 3802 ὅ
1502 3753 1699 3822 προῆν,
1743 3751 1897 3806 οῦπω
1928 3752 2029 3821 τῆς

445 3840 716 3910 ἁμαρτίας
743 3841 1183 3913 είσκεκριμένης.
1213 3841 1287 3895 υύ
1316 3844 1425 3915 γάρ
1456 3842 1660 3915 ἔρημον
1688 3843 2027 3915 προφητικοῦ

446 3933 761 4004 Πνεῦματος
800 3935 1106 4005 εὑρήσομεν
1154 3933 1245 3988 τὸν
1283 3932 1485 4006 ’Δδὰμ,
1529 3937 1683 3990 οὔπω
1732 3937 1829 4008 τὴν
1881 3937 2028 3991 θείαν

445 4022 665 4097 ἐντολὴν
696 4027 1147 4099 παραϐεϐηκότα⁵
1181 4029 1467 4098 πεπηγότα
1496 4028 1552 4081 δὲ
1582 4027 1771 4100 ῶσπερ
1800 4028 1900 4093 ἔτι,
1933 4029 2029 4084 καὶ

445 4120 557 4182 τοῖς
579 4121 677 4190 τῆς
705 4120 917 4188 φύσεως
949 4123 1203 4191 χρηστοῖς
1231 4121 1607 4191 ἐμπρέποντα.
1639 4121 1750 4174 Καὶ
1782 4122 1913 4190 γοῦν
1937 4124 2027 4177 ὅτε

444 4212 545 4282 τὴν
580 4214 813 4280 γυναῖκα
847 4212 1300 4284 πλαστουργήσας
1328 4216 1356 4268 ὁ
1388 4214 1521 4278 Θεὸς
1551 4213 1727 4284 ἦγαγε
1766 4214 1903 4285 πρὸς
1933 4215 2031 4269 αῦ-

445 4301 555 4366 τὺν,
601 4303 779 4356 καίτοι
815 4305 1060 4376 μήποθεν
1107 4306 1348 4370 ἀκούσας
1394 4307 1474 4371 τίς
1514 4324 1575 4361 τε
1618 4308 1740 4380 εἴη,
1786 4310 1878 4363 καὶ
1909 4310 2029 4364 τίνα

445 4393 644 4464 τρόπον
670 4396 864 4465 ἀνέφυ,
893 4396 1055 4462 εὐθὺς
1097 4397 1397 4469 ἐπεφώνειο
1445 4420 1463 4452 t
1495 4399 1666 4455 Τοῦτο
1707 4402 1802 4456 καὶ
1839 4402 2029 4456 ὀστοῦν

2119 1922 2211 1977 sed
2245 1919 2554 1975 inﬁdelibus
2587 1914 2656 1972 ²².
2696 1916 2832 1984 Quia
2866 1931 2998 1971 vero
3034 1923 3317 1985 postquam
3343 1910 3610 1967 devolavit
3635 1911 3703 1965 de

2119 2013 2258 2069 cudo
2284 2013 2520 2082 Spiritus
2571 2019 2817 2075 sanctus,
2859 2007 3010 2062 multi
3070 2007 3358 2060 admodum
3414 2013 3570 2057 erant
3609 2003 3703 2072 qui

2118 2105 2345 2175 gratiam
2398 2105 2693 2174 prophetia:
2743 2102 2796 2157 iu
2847 2101 3081 2154 medium
3120 2099 3449 2167 prodeuntes
3483 2111 3705 2165 usurpa-

2122 2206 2260 2263 rent,
2289 2195 2508 2258 Panlus.
2560 2196 2688 2265 quid
2729 2192 3036 2249 faciendum
3097 2190 3189 2255 sit,
3221 2189 3484 2245 declarat.
3512 2208 3530 2239 ι
3567 2186 3703 2241 Pro.

2119 2290 2295 2359 pheta:
2326 2298 2529 2355 autem,
2556 2308 2575 2339 ι
2608 2289 2802 2357 inquit,
2826 2305 2845 2339 t
2870 2288 2974 2342 duo
2994 2293 3088 2339 aut
3126 2294 3235 2338 tres
3262 2283 3550 2352 loquantur
3576 2280 3641 2334 ³³.
3677 2296 3703 2333 ι

2120 2378 2186 2435 Ει
2224 2396 2388 2438 mox:
2436 2399 2455 2434 t
2492 2381 2727 2435 Potestis
2754 2380 2898 2436 enim
2928 2391 3117 2433 omnes
3163 2392 3259 2447 per
3316 2374 3555 2444 singulos
3584 2387 3704 2442 pru-

2120 2476 2343 2547 phetare
2371 2475 2437 2530 “.
2476 2492 2496 2526 ι
2534 2472 2675 2529 Olim
2707 2472 2950 2542 quidem.
2981 2485 3105 2524 cum
3146 2470 3315 2523 multa
3342 2483 3554 2523 morum
3571 2480 3702 2535 per.

2120 2565 2564 2621 versitatelsrael
2627 2566 2793 2619 Deum
2874 2563 3193 2626 oﬂenderet,
3246 2559 3461 2613 dicebat
3516 2559 3702 2612 Deus:

2127 2674 2145 2707 ε
2179 2656 2315 2710 Ecce
2343 2670 2443 2723 ego
2465 2654 2716 2709 inducam
2743 2655 2939 2708 famem
2968 2668 3131 2723 super
3172 2660 3373 2706 terram
3443 2645 3703 2701 audiendi

2122 2747 2344 2801 verbum
2375 2746 2489 2813 Dei,
2518 2758 2573 2801 et
2602 2749 2669 2801 ab
2694 2748 2907 2802 oriente
2933 2759 3105 2815 usque
3127 2745 3183 2799 in
3209 2741 3547 2798 occidentem
3599 2737 3704 2791 cir-

2123 2838 2886 2909 cumcursabunt,qua3rentes
2915 2839 3136 2892 verbum
3195 2834 3425 2897 Domini,
3478 2840 3535 2886 et
3601 2846 3708 2884 non

2124 2934 2400 2988 invenient
2431 2929 2498 2987 ⁸⁸.
2534 2951 2552 2983 ι
2594 2931 2658 2985 Et
2716 2932 2781 2984 ad
2820 2928 3159 2983 Ezechielem
3195 2944 3210 2982 :
3268 2945 3287 2978 ι
3354 2925 3416 2979 Ει
3470 2923 3708 2991 linguam

2126 3037 2269 3081 tuam
2322 3026 2587 3096 colligabo
2641 3024 2842 3093 gutturi
2883 3032 2998 3085 tuo,
3057 3030 3108 3074 et
3137 3021 3249 3075 eris
3298 3029 3503 3079 mutus,
3525 3023 3580 3070 et
3605 3027 3711 3066 non

2124 3121 2235 3175 eris
2262 3120 2366 3175 illis
2410 3120 2461 3174 in
2505 3118 2688 3171 virum
2722 3116 3133 3187 objurgantem,
3163 3112 3290 3181 quia
3338 3111 3532 3163 domus
3583 3122 3743 3165 exuo,

2130 3226 2356 3280 sperans
2378 3219 2461 3265 est
2495 3211 2562 3262 ".
2610 3227 2631 3262 ι
2661 3207 2766 3263 Sed
2798 3207 2924 3276 quia
2951 3206 3105 3275 juxta
3140 3216 3326 3258 vocem
3386 3199 3708 3254 Psalleutis:

2135 3322 2156 3356 ς
2192 3306 2331 3358 Deus
2372 3302 2650 3367 Dominus,
2676 3310 2731 3357 et
2783 3300 2955 3355 illuxit
3002 3299 3159 3353 nobis
3190 3296 3233 3329 ’ν
3265 3314 3283 3346 ι
3320 3293 3527 3367 (illuxit
3562 3291 3707 3345 enim

2129 3396 2286 3452 nobis
2319 3395 2565 3450 Christus
2592 3395 2873 3448 remittens
2897 3391 3148 3454 crimina,
3175 3400 3227 3443 et
3275 3404 3337 3443 os
3359 3386 3563 3457 peccati
3610 3385 3713 3439 ob.

2130 3490 2364 3555 turans),
2399 3486 2602 3541 ellusus
2629 3486 2801 3540 est-de
2825 3495 3024 3540 cat-tero
3059 3482 3112 3535 in
3146 3496 3243 3535 nos
3296 3480 3534 3550 Spiritus
3578 3492 3708 3530 sau-

2128 3593 2269 3645 ctus,
2304 3579 2413 3634 Deo
2452 3577 2758 3632 lmtillcante
2781 3586 3027 3631 naturam
3053 3577 3365 3637 humanam,
3400 3580 3455 3624 et
3480 3582 3712 3638 superna

2128 3688 2192 3728 ac
2219 3672 2469 3742 primaeva
2508 3670 2677 3741 gloria
2709 3678 3026 3731 coronaule,
3053 3677 3108 3721 et
3157 3665 3223 3718 ad
3271 3664 3399 3717 illud
3437 3663 3614 3715 tlenno
3645 3672 3714 3713 ex

2129 3764 2367 3819 bonitate
2416 3778 2511 3818 sua
2578 3762 2890 3822 revehente,
2931 3760 3019 3813 ubi
3075 3768 3200 3812 ante
3257 3755 3454 3817 luerat,
3492 3762 3716 3821 peccato

2131 3858 2367 3911 nondum
2399 3855 2670 3923 ingresso.
2703 3850 2818 3906 Non
2845 3853 2987 3905 enim
3041 3848 3308 3919 spirituali
3364 3846 3537 3916 gratia
3588 3859 3715 3914 pro-

2128 3946 2323 4018 pltetim
2348 3945 2568 4001 carebat
2599 3946 2770 3998 Adam
2822 3943 3134 4011 priusquam
3190 3939 3427 3995 divinum
3488 3937 3715 3989 manda-

2132 4050 2242 4094 tum
2271 4036 2739 4108 transgrederetur
2761 4051 2776 4101 ;
2802 4033 2898 4090 sed
2925 4034 3063 4088 ﬂxus
3093 4030 3247 4102 quasi
3273 4045 3337 4085 ac
3369 4027 3583 4083 stabilis
3627 4028 3712 4080 ad-

2132 4133 2235 4187 huc
2271 4132 2541 4194 manebat,
2572 4139 2627 4185 et
2653 4138 2861 4183 natura:
2888 4127 3045 4182 bonis
3065 4135 3327 4195 praestans
3378 4131 3434 4176 et
3458 4119 3711 4190 insignis.

2128 4225 2314 4293 Itaque
2338 4237 2461 4279 cum
2498 4237 2719 4277 uxorem
2747 4237 2775 4276 a
2806 4234 2865 4276 se
2921 4219 3240 4273 fabricatam
3295 4215 3363 4269 ad
3386 4228 3508 4267 eum
3554 4212 3719 4268 addu.

2128 4323 2277 4370 ceret
2313 4311 2708 4379 Dens,tametsi
2744 4326 2849 4367 non
2877 4309 3137 4373 audisset,
3174 4307 3334 4372 unde,
3354 4313 3446 4358 aut
3468 4317 3715 4373 quaenam

2128 4413 2402 4469 essel,aut
2421 4417 2526 4472 qua
2558 4402 2766 4456 ratione
2790 4399 3105 4459 exstitisset,
3133 4396 3317 4449 statim
3355 4389 3712 4446 acclamavit:

446 4484 511 4538 ἐκ
544 4486 654 4539 τῶν
696 4487 869 4541 ὀστῶν
915 4505 1039 4559 μου,
1083 4491 1177 4543 καὶ
1212 4490 1350 4561 σὰρξ
1394 4494 1458 4545 ἐκ
1501 4493 1600 4564 τῆς
1647 4496 1849 4563 σαρκός
1890 4508 2022 4565 μου·

2138 4516 2157 4549 ε
2202 4494 2314 4550 Hoc
2369 4510 2512 4549 nunc
2563 4508 2625 4549 os
2677 4507 2739 4547 ex
2768 4491 2982 4549 ossibus
3014 4490 3170 4554 meis,
3195 4500 3252 4543 et
3283 4501 3412 4542 caro
3437 4485 3505 4539 de
3553 4498 3718 4539 carne

446 4575 581 4648 αὕτη
629 4578 764 4649 γυνή
807 4579 1168 4651 κληθήσεται,
1202 4584 1322 4654 ἦτοι
1354 4585 1497 4638 κατὰ
1526 4584 1783 4656 Ἑϐραῑδα
1816 4590 2023 4659 φωνὴν,

446 4667 674 4737 ἀνδρίς,
700 4670 782 4723 ὅτι
809 4673 873 4724 ἐκ
897 4672 991 4725 τοῦ
1014 4674 1206 4745 ἀνδρὸς
1225 4676 1488 4747 ἐλήφθη.)
1522 4677 1659 4730 Ἀλλ’
1685 4680 1894 4749 ήργησε
1928 4678 2028 4751 μὲν

446 4763 481 4829 ή
500 4761 768 4833 ἀνθρώπῳ
788 4762 999 4817 δοθεῖσα
1021 4766 1200 4837 χάρις.
1230 4768 1604 4839 ’Ᾱνεκαινίσθη
1624 4766 1680 4822 δὲ
1701 4772 1761 4823 ἐν
1785 4772 2027 4843 Χριστῷ,

447 4848 504 4914 ὃς
549 4854 644 4906 καὶ
687 4853 800 4906 ἐστι
838 4854 1091 4928 δεύτερος
1143 4858 1331 4929 Ἀδάμ.
1390 4861 1763 4933 Ἀνεκαινίσθη
1810 4864 1868 4917 δὲ
1910 4863 2035 4918 τίνα

448 4944 679 5015 τρόπον,
786 4946 885 5017 μὲν
917 4949 1025 5021 γάρ
1071 4952 1188 5003 ἐστι
1233 4952 1396 5016 Θεὸς,
1446 4954 1539 5007 καὶ
1587 4956 1651 5008 ἐκ
1694 4955 1830 5008 Θεοῦ
1880 4957 2023 5011 κατὰ

450 5035 611 5105 φύσιν
648 5040 676 5091 ό
706 5039 833 5102 Υἱὸς
860 5042 1179 5115 (γεγένηται
1208 5044 1318 5117 γὰρ
1361 5047 1425 5099 ὲκ
1455 5046 1591 5099 Θεοῦ
1630 5045 1726 5100 καὶ.
1765 5048 2022 5120 Πατρδς).

452 5127 581 5180 ῐδιον
605 5130 770 5182 αὐτοῦ
800 5148 879 5195 τε,
909 5133 1002 5186 καὶ
1030 5136 1086 5189 ἐν
1113 5135 1282 5206 αὐτῷ,
1315 5142 1409 5190 καὶ
1431 5136 1492 5202 ἐξ
1520 5138 1685 5191 αὐτοῦ
1710 5141 1772 5193 τὸ
1801 5139 2027 5212 Πνεῦμὰ

451 5222 587 5277 ἐστι.
618 5222 870 5294 καθάπερ
890 5226 1082 5295 ἀμέλει
1109 5231 1203 5283 καὶ
1229 5232 1314 5283 ἐπ’
1344 5233 1507 5287 αὐτοῦ
1535 5234 1737 5287 νοεῖται
1759 5234 1855 5287 τοῦ
1890 5232 2024 5286 Θεοῦ

450 5313 542 5363 καὶ
569 5313 799 5386 Πατρός.
825 5309 900 5387 τᾙ
920 5317 976 5371 δὲ
999 5319 1218 5388 γέγονεν
1238 5322 1543 5395 ἅνθρωπος,
1569 5326 1663 5379 καὶ
1687 5325 1876 5395 γέγονε
1903 5323 2027 5377 καθ’

450 5405 631 5475 ἡμᾶς,
678 5408 910 5461 ἐπακτὸν
941 5409 1085 5480 ἔχειν
1114 5412 1177 5466 τὸ
1209 5415 1432 5485 Πνεῦμα
1474 5412 1713 5485 λέγεται.
1765 5418 2024 5470 Καταπε⁶

450 5494 675 5566 φοίτηκε
708 5496 840 5565 γοῦν
871 5494 957 5551 sn‘
979 5498 1140 5554 αὑτὸν
1166 5502 1223 5555 ὲν
1252 5503 1383 5557 εῖδει
1416 5506 1767 5576 περιστερᾶς,
1794 5504 1877 5557 ὅτι
1904 5499 2025 5555 καθ’

523 5695 741 5767 "’MAct.
778 5711 842 5767 tt,
868 5694 920 5748 2.
952 5694 1006 5750 ι.
1111 5697 1151 5729 ’ί
1194 5697 1296 5752 lsa.
1333 5716 1521 5767 xxvttt,
1566 5704 1648 5757 ll.

1722 5706 1786 5738 χιι
1827 5701 1845 5754 ι
1884 5703 2004 5758 (τον,
2039 5719 2145 5760 τιν,
2179 5702 2267 5756 es.
2350 5703 2394 5733 υ
2426 5702 2583 5763 lbid..
2624 5704 2716 5757 s7.
2792 5703 2837 5736 ιι
2876 5702 3037 5767 lbid.,
3081 5702 3177 5757 δι.

2132 4605 2269 4646 mea.
2301 4586 2426 4643 llaec
2463 4585 2656 4640 mulier
2681 4584 2992 4650 vocabitur,
3034 4582 3149 4637 sive
3172 4579 3489 4653 (secundum
3518 4577 3717 4633 idioma

2135 4678 2478 4749 llebraicnm)
2529 4677 2696 4749 228
2748 4678 2953 4746 virago,
3007 4674 3132 4746 quia
3185 4674 3252 4729 de
3325 4671 3446 4726 viro
3499 4678 3717 4738 sumpta

2134 4781 2220 4827 est
2252 4771 2316 4825 ³⁸.
2340 4789 2358 4819 ι
2394 4769 2593 4824 Verum
2620 4771 2792 4825 otiosa
2826 4768 2929 4823 fuit
2956 4769 3132 4838 gratia
3159 4766 3392 4834 desuper
3426 4776 3716 4827 concessa;

2140 4872 2393 4917 renovata
2453 4868 2539 4916 est
2594 4871 2775 4915 autem
2832 4861 2888 4915 in
2931 4860 3169 4923 Christo,
3201 4860 3292 4928 qui
3339 4866 3396 4911 et
3442 4856 3720 4910 secundus

2119 4955 2289 5009 Adam
2318 4963 2402 5009 est
2429 4955 2493 5006 ¹¹³.
2526 4953 2643 5021 Quo
2670 4963 2849 5009 autem
2875 4952 3036 5007 modo
3078 4962 3336 5007 renovata
3355 4950 3380 5002 ?
3435 4949 3719 5015 Quatenus

2121 5048 2263 5103 enim
2286 5057 2368 5102 est
2398 5048 2561 5110 Deus,
2590 5057 2647 5102 et
2694 5062 2760 5101 ex
2816 5045 2923 5101 Deo
2963 5044 3261 5101 secundum
3318 5050 3567 5096 naturam
3625 5038 3708 5094 Fi-

2123 5135 2224 5194 lius
2254 5139 2342 5210 (ex
2374 5138 2484 5194 Deo
2511 5141 2654 5193 enim
2683 5147 2739 5193 et
2797 5136 2958 5194 Patre
3007 5147 3167 5191 natus
3194 5136 3300 5203 est)
3331 5134 3583 5202 praprius
3635 5131 3717 5198 ip-

2122 5232 2255 5294 sius,
2284 5241 2338 5285 et
2371 5232 2424 5285 in
2451 5230 2590 5301 ipso,
2615 5240 2666 5285 et
2693 5245 2759 5285 ex
2797 5231 2914 5300 ipso
2971 5228 3207 5298 Spiritus
3233 5238 3332 5289 est,
3368 5224 3720 5291 quemadmo.

2132 5322 2257 5374 dum
2288 5335 2477 5391 nempe
2508 5322 2645 5376 idem
2686 5320 2942 5390 Spiritus,
2994 5330 3051 5374 et
3102 5320 3153 5371 iu
3216 5320 3333 5386 ipso
3363 5316 3471 5370 Deo
3523 5331 3586 5369 ac
3614 5315 3721 5369 Pa»

2136 5423 2215 5467 tre
2247 5413 2580 5481 intelligitur.
2612 5412 2890 5480 Quatenus
2936 5423 3116 5464 autem
3177 5410 3353 5464 factus
3397 5421 3481 5464 est
3531 5409 3717 5469 homo,

2136 5502 2288 5558 nobis
2321 5504 2535 5571 similis,
2570 5504 2903 5575 impertitum
2936 5502 3137 5556 habere
3170 5499 3433 5570 Spiritum
3494 5497 3715 5553 dicitur.

3272 5702 3317 5733 ⁸⁵
3358 5700 3545 5765 Amos,
3593 5712 3714 5761 vui.

452 5765 544 5833 Η,
584 5764 666 5822 12.
744 5766 789 5799 ³⁸
820 5768 1019 5821 Ειεειι.
1062 5781 1142 5832 ιιι,
1182 5768 1272 5823 26.
1348 5772 1391 5803 ⁸⁷
1433 5764 1576 5828 Psal.
1615 5789 1778 5838 cxvtt,
1809 5772 1898 5827 37.
1977 5774 2021 5805 "

2128 5792 2201 5829 -u.
2242 5789 2299 5837 ll,
2334 5774 2422 5826 ‘25.
2504 5774 2547 5804 ”
2584 5775 2600 5826 l
2640 5774 2764 5827 Cor.
2810 5789 2898 5841 xv,
2944 5764 3033 5826 ιδ.
