  <div class='ocr_page' id='page_1' title='image "/cluster/home/n/w/nwhite01/storage/ocr_20150623/71/nnc1.0046980199/205.png"; bbox 0 0 4132 6370; ppageno 0'>
   <div class='ocr_carea' id='block_1_1' title="bbox 388 292 495 352">
    <p class='ocr_par' dir='ltr' id='par_1_1' title="bbox 388 292 495 352">
     <span class='ocr_line' id='line_1_1' title="bbox 388 292 495 352; baseline 0.028 -4"><span class='ocrx_word' id='word_1_1' title='bbox 388 292 495 352; x_wconf 72' lang='grc' dir='ltr'>ὅῖθ</span> 
     </span>
    </p>
   </div>
   <div class='ocr_carea' id='block_1_2' title="bbox 1420 301 2678 369">
    <p class='ocr_par' dir='ltr' id='par_1_2' title="bbox 1420 301 2678 369">
     <span class='ocr_line' id='line_1_2' title="bbox 1420 301 2678 369; baseline 0.01 -12"><span class='ocrx_word' id='word_1_2' title='bbox 1420 301 1479 358; x_wconf 82' lang='lat' dir='ltr'><strong>S.</strong></span> <span class='ocrx_word' id='word_1_3' title='bbox 1519 302 1797 361; x_wconf 55' lang='lat' dir='ltr'><strong>CY’BILLI</strong></span> <span class='ocrx_word' id='word_1_4' title='bbox 1836 305 2319 365; x_wconf 58' lang='lat' dir='ltr'><strong>ALEXANDRINE</strong></span> <span class='ocrx_word' id='word_1_5' title='bbox 2351 311 2678 369; x_wconf 80' lang='lat' dir='ltr'><strong>ARClllEP.</strong></span> 
     </span>
    </p>
   </div>
   <div class='ocr_carea' id='block_1_3' title="bbox 3547 318 3660 375">
    <p class='ocr_par' dir='ltr' id='par_1_3' title="bbox 3547 318 3660 375">
     <span class='ocr_line' id='line_1_3' title="bbox 3547 318 3660 375; baseline -0.018 0"><span class='ocrx_word' id='word_1_6' title='bbox 3547 318 3660 375; x_wconf 74' lang='lat'><strong>580</strong></span> 
     </span>
    </p>
   </div>
   <div class='ocr_carea' id='block_1_4' title="bbox 391 412 1981 508">
    <p class='ocr_par' dir='ltr' id='par_1_4' title="bbox 391 412 1962 496">
     <span class='ocr_line' id='line_1_4' title="bbox 391 412 1962 496; baseline 0.011 -31"><span class='ocrx_word' id='word_1_7' title='bbox 391 412 677 468; x_wconf 87' lang='lat' dir='ltr'><strong>Descendit</strong></span> <span class='ocrx_word' id='word_1_8' title='bbox 699 414 881 484; x_wconf 92' lang='lat' dir='ltr'><strong>itaque</strong></span> <span class='ocrx_word' id='word_1_9' title='bbox 900 430 1062 485; x_wconf 82' lang='lat' dir='ltr'><strong>super</strong></span> <span class='ocrx_word' id='word_1_10' title='bbox 1087 415 1264 487; x_wconf 90' lang='lat' dir='ltr'><strong>ipsum</strong></span> <span class='ocrx_word' id='word_1_11' title='bbox 1298 417 1352 474; x_wconf 86' lang='lat' dir='ltr'><strong>in</strong></span> <span class='ocrx_word' id='word_1_12' title='bbox 1383 422 1565 490; x_wconf 85' lang='lat' dir='ltr'><strong>specie</strong></span> <span class='ocrx_word' id='word_1_13' title='bbox 1610 423 1962 496; x_wconf 64' lang='lat' dir='ltr'><strong>columbae“,</strong></span> 
     </span>
    </p>
   </div>
   <div class='ocr_carea' id='block_1_5' title="bbox 2083 412 3656 508">
    <p class='ocr_par' dir='ltr' id='par_1_5' title="bbox 2083 425 3656 508">
     <span class='ocr_line' id='line_1_5' title="bbox 2083 425 3656 508; baseline 0.006 -27"><span class='ocrx_word' id='word_1_14' title='bbox 2083 430 2214 499; x_wconf 62' lang='grc' dir='ltr'>ᾕμᾶς</span> <span class='ocrx_word' id='word_1_15' title='bbox 2247 429 2509 499; x_wconf 85' lang='grc' dir='ltr'>γεγονὼς,</span> <span class='ocrx_word' id='word_1_16' title='bbox 2536 430 2615 495; x_wconf 83' lang='grc' dir='ltr'>ὡς</span> <span class='ocrx_word' id='word_1_17' title='bbox 2650 425 2731 496; x_wconf 77' lang='grc' dir='ltr'>εἷς</span> <span class='ocrx_word' id='word_1_18' title='bbox 2761 430 2821 499; x_wconf 71' lang='grc' dir='ltr'><strong>ἐξ</strong></span> <span class='ocrx_word' id='word_1_19' title='bbox 2853 432 3012 503; x_wconf 82' lang='grc' dir='ltr'>ἡμῶν</span> <span class='ocrx_word' id='word_1_20' title='bbox 3040 435 3396 508; x_wconf 69' lang='grc' dir='ltr'><strong>οἰκονομικῶς</strong></span> <span class='ocrx_word' id='word_1_21' title='bbox 3429 435 3656 490; x_wconf 76' lang='grc' dir='ltr'>ἐϐαπτί-</span> 
     </span>
    </p>
   </div>
   <div class='ocr_carea' id='block_1_6' title="bbox 392 505 1968 586">
    <p class='ocr_par' dir='ltr' id='par_1_6' title="bbox 392 505 1968 586">
     <span class='ocr_line' id='line_1_6' title="bbox 392 505 1968 586; baseline 0.011 -32"><span class='ocrx_word' id='word_1_22' title='bbox 392 505 650 570; x_wconf 84' lang='lat' dir='ltr'><strong>quoniam</strong></span> <span class='ocrx_word' id='word_1_23' title='bbox 681 517 864 562; x_wconf 90' lang='lat' dir='ltr'><strong>nostra</strong></span> <span class='ocrx_word' id='word_1_24' title='bbox 895 510 1208 565; x_wconf 91' lang='lat' dir='ltr'><strong>conditione</strong></span> <span class='ocrx_word' id='word_1_25' title='bbox 1238 521 1508 583; x_wconf 86' lang='lat' dir='ltr'><strong>suscepta,</strong></span> <span class='ocrx_word' id='word_1_26' title='bbox 1545 523 1800 586; x_wconf 88' lang='lat' dir='ltr'><strong>tanquam</strong></span> <span class='ocrx_word' id='word_1_27' title='bbox 1828 532 1968 573; x_wconf 90' lang='lat' dir='ltr'><strong>unus</strong></span> 
     </span>
    </p>
   </div>
   <div class='ocr_carea' id='block_1_7' title="bbox 391 594 1970 673">
    <p class='ocr_par' dir='ltr' id='par_1_7' title="bbox 391 594 1970 673">
     <span class='ocr_line' id='line_1_7' title="bbox 391 594 1970 673; baseline 0.013 -27"><span class='ocrx_word' id='word_1_28' title='bbox 391 594 460 647; x_wconf 88' lang='lat' dir='ltr'><strong>de</strong></span> <span class='ocrx_word' id='word_1_29' title='bbox 485 597 661 660; x_wconf 89' lang='lat' dir='ltr'><strong>nobis,</strong></span> <span class='ocrx_word' id='word_1_30' title='bbox 690 607 745 652; x_wconf 89' lang='lat' dir='ltr'><strong>et</strong></span> <span class='ocrx_word' id='word_1_31' title='bbox 794 599 1151 671; x_wconf 72' lang='grc' dir='ltr'>οἰκονομικῶς</span> <span class='ocrx_word' id='word_1_32' title='bbox 1204 603 1507 673; x_wconf 84' lang='lat' dir='ltr'><strong>baptizatus</strong></span> <span class='ocrx_word' id='word_1_33' title='bbox 1554 615 1659 663; x_wconf 89' lang='lat' dir='ltr'><strong>est.</strong></span> <span class='ocrx_word' id='word_1_34' title='bbox 1713 607 1868 665; x_wconf 87' lang='lat' dir='ltr'><strong>Tunc</strong></span> <span class='ocrx_word' id='word_1_35' title='bbox 1913 619 1970 666; x_wconf 88' lang='lat' dir='ltr'><strong>et</strong></span> 
     </span>
    </p>
   </div>
   <div class='ocr_carea' id='block_1_8' title="bbox 388 688 1966 768">
    <p class='ocr_par' dir='ltr' id='par_1_8' title="bbox 388 688 1966 768">
     <span class='ocr_line' id='line_1_8' title="bbox 388 688 1966 768; baseline 0.011 -29"><span class='ocrx_word' id='word_1_36' title='bbox 388 689 644 756; x_wconf 88' lang='lat' dir='ltr'><strong>proprius</strong></span> <span class='ocrx_word' id='word_1_37' title='bbox 668 688 785 757; x_wconf 86' lang='lat' dir='ltr'><strong>ejus</strong></span> <span class='ocrx_word' id='word_1_38' title='bbox 818 690 1056 759; x_wconf 85' lang='lat' dir='ltr'><strong>Spiritus</strong></span> <span class='ocrx_word' id='word_1_39' title='bbox 1092 694 1198 763; x_wconf 92' lang='lat' dir='ltr'><strong>ipsi</strong></span> <span class='ocrx_word' id='word_1_40' title='bbox 1247 698 1483 767; x_wconf 85' lang='lat' dir='ltr'><strong>desuper</strong></span> <span class='ocrx_word' id='word_1_41' title='bbox 1533 698 1692 755; x_wconf 87' lang='lat' dir='ltr'><strong>datus</strong></span> <span class='ocrx_word' id='word_1_42' title='bbox 1748 700 1966 768; x_wconf 88' lang='lat' dir='ltr'><strong>dicitur,</strong></span> 
     </span>
    </p>
   </div>
   <div class='ocr_carea' id='block_1_9' title="bbox 388 785 1971 851">
    <p class='ocr_par' dir='ltr' id='par_1_9' title="bbox 388 785 1971 851">
     <span class='ocr_line' id='line_1_9' title="bbox 388 785 1971 851; baseline 0.01 -20"><span class='ocrx_word' id='word_1_43' title='bbox 388 791 605 848; x_wconf 87' lang='lat' dir='ltr'><strong>propter</strong></span> <span class='ocrx_word' id='word_1_44' title='bbox 631 791 880 837; x_wconf 83' lang='lat' dir='ltr'><strong>naturam</strong></span> <span class='ocrx_word' id='word_1_45' title='bbox 922 785 1218 841; x_wconf 84' lang='lat' dir='ltr'><strong>humanam</strong></span> <span class='ocrx_word' id='word_1_46' title='bbox 1278 787 1551 845; x_wconf 86' lang='lat' dir='ltr'><strong>videlicet.</strong></span> <span class='ocrx_word' id='word_1_47' title='bbox 1580 789 1649 845; x_wconf 84' lang='lat' dir='ltr'><strong>Et</strong></span> <span class='ocrx_word' id='word_1_48' title='bbox 1703 791 1822 848; x_wconf 68' lang='lat' dir='ltr'><strong>haec</strong></span> <span class='ocrx_word' id='word_1_49' title='bbox 1884 802 1971 851; x_wconf 82' lang='lat' dir='ltr'><strong>est</strong></span> 
     </span>
    </p>
   </div>
   <div class='ocr_carea' id='block_1_10' title="bbox 386 872 704 928">
    <p class='ocr_par' dir='ltr' id='par_1_10' title="bbox 386 872 704 928">
     <span class='ocr_line' id='line_1_10' title="bbox 386 872 704 928; baseline 0.006 -4"><span class='ocrx_word' id='word_1_50' title='bbox 386 872 704 928; x_wconf 76' lang='lat' dir='ltr'><strong>exinanitio.</strong></span> 
     </span>
    </p>
   </div>
   <div class='ocr_carea' id='block_1_11' title="bbox 459 962 1971 1047">
    <p class='ocr_par' dir='ltr' id='par_1_11' title="bbox 459 962 1971 1047">
     <span class='ocr_line' id='line_1_11' title="bbox 459 962 1971 1047; baseline 0.012 -31"><span class='ocrx_word' id='word_1_51' title='bbox 459 962 569 1028; x_wconf 85' lang='lat' dir='ltr'><strong>Sic,</strong></span> <span class='ocrx_word' id='word_1_52' title='bbox 605 981 704 1020; x_wconf 83' lang='lat' dir='ltr'><strong>nec</strong></span> <span class='ocrx_word' id='word_1_53' title='bbox 729 966 889 1023; x_wconf 88' lang='lat' dir='ltr'><strong>aliter</strong></span> <span class='ocrx_word' id='word_1_54' title='bbox 918 969 1140 1041; x_wconf 79' lang='lat' dir='ltr'><strong>intelligi</strong></span> <span class='ocrx_word' id='word_1_55' title='bbox 1167 970 1324 1027; x_wconf 89' lang='lat' dir='ltr'><strong>debet</strong></span> <span class='ocrx_word' id='word_1_56' title='bbox 1357 985 1374 1026; x_wconf 88' lang='lat'><strong>:</strong></span> <span class='ocrx_word' id='word_1_57' title='bbox 1406 991 1426 1025; x_wconf 75' lang='grc' dir='ltr'><strong>ι</strong></span> <span class='ocrx_word' id='word_1_58' title='bbox 1458 973 1686 1045; x_wconf 84' lang='lat' dir='ltr'><strong>Propter</strong></span> <span class='ocrx_word' id='word_1_59' title='bbox 1716 990 1816 1032; x_wconf 93' lang='lat' dir='ltr'><strong>nos</strong></span> <span class='ocrx_word' id='word_1_60' title='bbox 1843 991 1971 1047; x_wconf 74' lang='lat' dir='ltr'><strong>ege-</strong></span> 
     </span>
    </p>
   </div>
   <div class='ocr_carea' id='block_1_12' title="bbox 388 1056 1967 1138">
    <p class='ocr_par' dir='ltr' id='par_1_12' title="bbox 388 1056 1967 1138">
     <span class='ocr_line' id='line_1_12' title="bbox 388 1056 1967 1138; baseline 0.009 -30"><span class='ocrx_word' id='word_1_61' title='bbox 388 1071 489 1108; x_wconf 83' lang='lat' dir='ltr'><strong>nus</strong></span> <span class='ocrx_word' id='word_1_62' title='bbox 519 1056 711 1119; x_wconf 79' lang='lat' dir='ltr'><strong>factus,</strong></span> <span class='ocrx_word' id='word_1_63' title='bbox 750 1075 871 1114; x_wconf 89' lang='lat' dir='ltr'><strong>cum</strong></span> <span class='ocrx_word' id='word_1_64' title='bbox 924 1070 1069 1115; x_wconf 85' lang='lat' dir='ltr'><strong>esset</strong></span> <span class='ocrx_word' id='word_1_65' title='bbox 1133 1062 1306 1129; x_wconf 84' lang='lat' dir='ltr'><strong>dives,</strong></span> <span class='ocrx_word' id='word_1_66' title='bbox 1348 1071 1407 1117; x_wconf 88' lang='lat' dir='ltr'><strong>ut</strong></span> <span class='ocrx_word' id='word_1_67' title='bbox 1459 1080 1560 1119; x_wconf 90' lang='lat' dir='ltr'><strong>nos</strong></span> <span class='ocrx_word' id='word_1_68' title='bbox 1609 1065 1725 1133; x_wconf 88' lang='lat' dir='ltr'><strong>ejus</strong></span> <span class='ocrx_word' id='word_1_69' title='bbox 1785 1066 1967 1138; x_wconf 88' lang='lat' dir='ltr'><strong>inopia</strong></span> 
     </span>
    </p>
   </div>
   <div class='ocr_carea' id='block_1_13' title="bbox 388 1148 1969 1226">
    <p class='ocr_par' dir='ltr' id='par_1_13' title="bbox 388 1148 1969 1226">
     <span class='ocr_line' id='line_1_13' title="bbox 388 1148 1969 1226; baseline 0.007 -25"><span class='ocrx_word' id='word_1_70' title='bbox 388 1148 585 1203; x_wconf 81' lang='lat' dir='ltr'><strong>divites</strong></span> <span class='ocrx_word' id='word_1_71' title='bbox 616 1150 868 1206; x_wconf 86' lang='lat' dir='ltr'><strong>ﬁeremus</strong></span> <span class='ocrx_word' id='word_1_72' title='bbox 903 1153 970 1205; x_wconf 73' lang='grc'>³⁸.</span> <span class='ocrx_word' id='word_1_73' title='bbox 1004 1172 1021 1204; x_wconf 75' lang='grc' dir='ltr'><strong>ι</strong></span> <span class='ocrx_word' id='word_1_74' title='bbox 1061 1152 1224 1209; x_wconf 87' lang='lat' dir='ltr'><strong>Datus</strong></span> <span class='ocrx_word' id='word_1_75' title='bbox 1251 1164 1335 1209; x_wconf 89' lang='lat' dir='ltr'><strong>est</strong></span> <span class='ocrx_word' id='word_1_76' title='bbox 1363 1156 1508 1210; x_wconf 88' lang='lat' dir='ltr'><strong>enim</strong></span> <span class='ocrx_word' id='word_1_77' title='bbox 1540 1156 1777 1226; x_wconf 85' lang='lat' dir='ltr'><strong>Spiritus</strong></span> <span class='ocrx_word' id='word_1_78' title='bbox 1831 1159 1969 1212; x_wconf 74' lang='lat' dir='ltr'><strong>Ada-</strong></span> 
     </span>
    </p>
   </div>
   <div class='ocr_carea' id='block_1_14' title="bbox 391 1241 1969 1315">
    <p class='ocr_par' dir='ltr' id='par_1_14' title="bbox 391 1241 1969 1315">
     <span class='ocr_line' id='line_1_14' title="bbox 391 1241 1969 1315; baseline 0.008 -24"><span class='ocrx_word' id='word_1_79' title='bbox 391 1241 734 1308; x_wconf 81' lang='lat' dir='ltr'><strong>tno,utdixi,</strong></span> <span class='ocrx_word' id='word_1_80' title='bbox 796 1243 847 1297; x_wconf 92' lang='lat' dir='ltr'><strong>in</strong></span> <span class='ocrx_word' id='word_1_81' title='bbox 903 1244 1190 1315; x_wconf 91' lang='lat' dir='ltr'><strong>principio,</strong></span> <span class='ocrx_word' id='word_1_82' title='bbox 1246 1248 1342 1299; x_wconf 87' lang='lat' dir='ltr'><strong>sed</strong></span> <span class='ocrx_word' id='word_1_83' title='bbox 1395 1264 1498 1302; x_wconf 93' lang='lat' dir='ltr'><strong>non</strong></span> <span class='ocrx_word' id='word_1_84' title='bbox 1539 1251 1740 1304; x_wconf 82' lang='lat' dir='ltr'><strong>mansit</strong></span> <span class='ocrx_word' id='word_1_85' title='bbox 1765 1260 1969 1304; x_wconf 63' lang='lat' dir='ltr'><strong>natura:</strong></span> 
     </span>
    </p>
   </div>
   <div class='ocr_carea' id='block_1_15' title="bbox 391 1328 1971 1406">
    <p class='ocr_par' dir='ltr' id='par_1_15' title="bbox 391 1328 1971 1406">
     <span class='ocr_line' id='line_1_15' title="bbox 391 1328 1971 1406; baseline 0.009 -26"><span class='ocrx_word' id='word_1_86' title='bbox 391 1328 677 1398; x_wconf 65' lang='lat' dir='ltr'><strong>humanae;</strong></span> <span class='ocrx_word' id='word_1_87' title='bbox 717 1336 1148 1404; x_wconf 81' lang='lat' dir='ltr'><strong>quandoquidem</strong></span> <span class='ocrx_word' id='word_1_88' title='bbox 1180 1337 1470 1393; x_wconf 82' lang='lat' dir='ltr'><strong>declinavit</strong></span> <span class='ocrx_word' id='word_1_89' title='bbox 1502 1340 1554 1393; x_wconf 90' lang='lat' dir='ltr'><strong>in</strong></span> <span class='ocrx_word' id='word_1_90' title='bbox 1610 1339 1887 1406; x_wconf 87' lang='lat' dir='ltr'><strong>delictum,</strong></span> <span class='ocrx_word' id='word_1_91' title='bbox 1915 1348 1971 1395; x_wconf 84' lang='lat' dir='ltr'><strong>et</strong></span> 
     </span>
    </p>
   </div>
   <div class='ocr_carea' id='block_1_16' title="bbox 391 1422 1971 1500">
    <p class='ocr_par' dir='ltr' id='par_1_16' title="bbox 391 1422 1971 1500">
     <span class='ocr_line' id='line_1_16' title="bbox 391 1422 1971 1500; baseline 0.009 -27"><span class='ocrx_word' id='word_1_92' title='bbox 391 1422 641 1491; x_wconf 73' lang='lat' dir='ltr'><strong>prolapsa</strong></span> <span class='ocrx_word' id='word_1_93' title='bbox 672 1427 829 1480; x_wconf 91' lang='lat' dir='ltr'><strong>estin</strong></span> <span class='ocrx_word' id='word_1_94' title='bbox 857 1438 1161 1495; x_wconf 90' lang='lat' dir='ltr'><strong>peccatum.</strong></span> <span class='ocrx_word' id='word_1_95' title='bbox 1208 1428 1500 1500; x_wconf 84' lang='lat' dir='ltr'><strong>Postquam</strong></span> <span class='ocrx_word' id='word_1_96' title='bbox 1557 1439 1737 1486; x_wconf 87' lang='lat' dir='ltr'><strong>autem</strong></span> <span class='ocrx_word' id='word_1_97' title='bbox 1794 1431 1971 1489; x_wconf 79' lang='lat' dir='ltr'><strong>factus</strong></span> 
     </span>
    </p>
   </div>
   <div class='ocr_carea' id='block_1_17' title="bbox 390 1521 1972 1597">
    <p class='ocr_par' dir='ltr' id='par_1_17' title="bbox 390 1521 1972 1597">
     <span class='ocr_line' id='line_1_17' title="bbox 390 1521 1972 1597; baseline 0.011 -31"><span class='ocrx_word' id='word_1_98' title='bbox 390 1526 717 1587; x_wconf 76' lang='lat' dir='ltr'><strong>estpanper,</strong></span> <span class='ocrx_word' id='word_1_99' title='bbox 748 1521 839 1590; x_wconf 90' lang='lat' dir='ltr'><strong>qui</strong></span> <span class='ocrx_word' id='word_1_100' title='bbox 873 1533 989 1576; x_wconf 89' lang='lat' dir='ltr'><strong>erat</strong></span> <span class='ocrx_word' id='word_1_101' title='bbox 1012 1524 1182 1589; x_wconf 83' lang='lat' dir='ltr'><strong>dives,</strong></span> <span class='ocrx_word' id='word_1_102' title='bbox 1228 1524 1573 1595; x_wconf 79' lang='lat' dir='ltr'><strong>Unigenitus,</strong></span> <span class='ocrx_word' id='word_1_103' title='bbox 1623 1526 1867 1597; x_wconf 88' lang='lat' dir='ltr'><strong>inquam,</strong></span> <span class='ocrx_word' id='word_1_104' title='bbox 1917 1537 1972 1584; x_wconf 87' lang='lat' dir='ltr'><strong>et</strong></span> 
     </span>
    </p>
   </div>
   <div class='ocr_carea' id='block_1_18' title="bbox 393 1607 1971 1688">
    <p class='ocr_par' dir='ltr' id='par_1_18' title="bbox 393 1607 1971 1688">
     <span class='ocr_line' id='line_1_18' title="bbox 393 1607 1971 1688; baseline 0.011 -32"><span class='ocrx_word' id='word_1_105' title='bbox 393 1607 672 1661; x_wconf 85' lang='lat' dir='ltr'><strong>nobiscum</strong></span> <span class='ocrx_word' id='word_1_106' title='bbox 720 1619 775 1663; x_wconf 92' lang='lat' dir='ltr'><strong>ut</strong></span> <span class='ocrx_word' id='word_1_107' title='bbox 834 1610 996 1665; x_wconf 89' lang='lat' dir='ltr'><strong>homo</strong></span> <span class='ocrx_word' id='word_1_108' title='bbox 1050 1628 1170 1668; x_wconf 80' lang='lat' dir='ltr'><strong>esse</strong></span> <span class='ocrx_word' id='word_1_109' title='bbox 1227 1616 1416 1685; x_wconf 71' lang='lat' dir='ltr'><strong>cmpit,</strong></span> <span class='ocrx_word' id='word_1_110' title='bbox 1445 1625 1500 1671; x_wconf 90' lang='lat' dir='ltr'><strong>et</strong></span> <span class='ocrx_word' id='word_1_111' title='bbox 1556 1618 1833 1688; x_wconf 88' lang='lat' dir='ltr'><strong>proprium</strong></span> <span class='ocrx_word' id='word_1_112' title='bbox 1866 1618 1971 1674; x_wconf 87' lang='lat' dir='ltr'><strong>sibi</strong></span> 
     </span>
    </p>
   </div>
   <div class='ocr_carea' id='block_1_19' title="bbox 393 1695 1972 1778">
    <p class='ocr_par' dir='ltr' id='par_1_19' title="bbox 393 1695 1972 1778">
     <span class='ocr_line' id='line_1_19' title="bbox 393 1695 1972 1778; baseline 0.009 -29"><span class='ocrx_word' id='word_1_113' title='bbox 393 1695 677 1765; x_wconf 78' lang='lat' dir='ltr'><strong>Spiritum,</strong></span> <span class='ocrx_word' id='word_1_114' title='bbox 729 1710 788 1756; x_wconf 92' lang='lat' dir='ltr'><strong>ut</strong></span> <span class='ocrx_word' id='word_1_115' title='bbox 833 1705 1184 1760; x_wconf 88' lang='lat' dir='ltr'><strong>adventitium</strong></span> <span class='ocrx_word' id='word_1_116' title='bbox 1242 1709 1473 1777; x_wconf 90' lang='lat' dir='ltr'><strong>accepit,</strong></span> <span class='ocrx_word' id='word_1_117' title='bbox 1559 1710 1759 1764; x_wconf 91' lang='lat' dir='ltr'><strong>mansit</strong></span> <span class='ocrx_word' id='word_1_118' title='bbox 1810 1724 1972 1778; x_wconf 87' lang='lat' dir='ltr'><strong>super</strong></span> 
     </span>
    </p>
   </div>
   <div class='ocr_carea' id='block_1_20' title="bbox 2075 520 3653 599">
    <p class='ocr_par' dir='ltr' id='par_1_20' title="bbox 2075 520 3653 599">
     <span class='ocr_line' id='line_1_20' title="bbox 2075 520 3653 599; baseline 0.006 -26"><span class='ocrx_word' id='word_1_119' title='bbox 2075 520 2218 586; x_wconf 77' lang='grc' dir='ltr'>ζετο,</span> <span class='ocrx_word' id='word_1_120' title='bbox 2260 522 2383 576; x_wconf 86' lang='grc' dir='ltr'>τότε</span> <span class='ocrx_word' id='word_1_121' title='bbox 2437 522 2531 575; x_wconf 76' lang='grc' dir='ltr'>καὶ</span> <span class='ocrx_word' id='word_1_122' title='bbox 2572 522 2634 577; x_wconf 87' lang='grc' dir='ltr'><strong>τὸ</strong></span> <span class='ocrx_word' id='word_1_123' title='bbox 2671 523 2800 577; x_wconf 83' lang='grc' dir='ltr'>ίδιον</span> <span class='ocrx_word' id='word_1_124' title='bbox 2842 525 3006 580; x_wconf 83' lang='grc' dir='ltr'>αὐτοῦ</span> <span class='ocrx_word' id='word_1_125' title='bbox 3042 528 3267 598; x_wconf 83' lang='grc' dir='ltr'><strong>Πνεῦμα</strong></span> <span class='ocrx_word' id='word_1_126' title='bbox 3311 527 3461 582; x_wconf 85' lang='grc' dir='ltr'>δοτδν</span> <span class='ocrx_word' id='word_1_127' title='bbox 3504 528 3653 599; x_wconf 79' lang='grc' dir='ltr'>αὐτῷ</span> 
     </span>
    </p>
   </div>
   <div class='ocr_carea' id='block_1_21' title="bbox 2074 614 3654 700">
    <p class='ocr_par' dir='ltr' id='par_1_21' title="bbox 2074 614 3654 700">
     <span class='ocr_line' id='line_1_21' title="bbox 2074 614 3654 700; baseline 0.003 -31"><span class='ocrx_word' id='word_1_128' title='bbox 2074 616 2281 670; x_wconf 80' lang='grc' dir='ltr'>ἀνωθεν</span> <span class='ocrx_word' id='word_1_129' title='bbox 2321 614 2574 686; x_wconf 89' lang='grc' dir='ltr'>γενέσθαι</span> <span class='ocrx_word' id='word_1_130' title='bbox 2624 617 2885 700; x_wconf 51' lang='grc' dir='ltr'>λέγεται,</span> <span class='ocrx_word' id='word_1_131' title='bbox 2910 619 3015 697; x_wconf 70' lang='grc' dir='ltr'>διὰ</span> <span class='ocrx_word' id='word_1_132' title='bbox 3050 621 3115 674; x_wconf 83' lang='grc' dir='ltr'><strong>τὸ</strong></span> <span class='ocrx_word' id='word_1_133' title='bbox 3144 620 3499 692; x_wconf 78' lang='grc' dir='ltr'>ἀνθρώπινον.</span> <span class='ocrx_word' id='word_1_134' title='bbox 3540 622 3654 675; x_wconf 70' lang='grc' dir='ltr'><strong>Καὶ</strong></span> 
     </span>
    </p>
   </div>
   <div class='ocr_carea' id='block_1_22' title="bbox 2074 708 2736 781">
    <p class='ocr_par' dir='ltr' id='par_1_22' title="bbox 2074 708 2736 781">
     <span class='ocr_line' id='line_1_22' title="bbox 2074 708 2736 781; baseline 0.005 -19"><span class='ocrx_word' id='word_1_135' title='bbox 2074 708 2232 762; x_wconf 87' lang='grc' dir='ltr'>τοῦτό</span> <span class='ocrx_word' id='word_1_136' title='bbox 2253 711 2401 763; x_wconf 74' lang='grc' dir='ltr'>ἐστιν</span> <span class='ocrx_word' id='word_1_137' title='bbox 2424 710 2459 781; x_wconf 79' lang='grc' dir='ltr'><strong>ἠ</strong></span> <span class='ocrx_word' id='word_1_138' title='bbox 2489 709 2736 775; x_wconf 88' lang='grc' dir='ltr'>κένωσις.</span> 
     </span>
    </p>
   </div>
   <div class='ocr_carea' id='block_1_23' title="bbox 2145 970 3653 1047">
    <p class='ocr_par' dir='ltr' id='par_1_23' title="bbox 2145 970 3653 1047">
     <span class='ocr_line' id='line_1_23' title="bbox 2145 970 3653 1047; baseline 0.003 -22"><span class='ocrx_word' id='word_1_139' title='bbox 2145 970 2334 1025; x_wconf 82' lang='grc' dir='ltr'>Νοοῖτο</span> <span class='ocrx_word' id='word_1_140' title='bbox 2368 971 2414 1025; x_wconf 88' lang='grc' dir='ltr'>δ’</span> <span class='ocrx_word' id='word_1_141' title='bbox 2453 972 2521 1027; x_wconf 79' lang='grc' dir='ltr'><strong>ἂν</strong></span> <span class='ocrx_word' id='word_1_142' title='bbox 2562 972 2723 1035; x_wconf 79' lang='grc' dir='ltr'>οὕτω,</span> <span class='ocrx_word' id='word_1_143' title='bbox 2770 975 2867 1027; x_wconf 68' lang='grc' dir='ltr'><strong>καὶ</strong></span> <span class='ocrx_word' id='word_1_144' title='bbox 2908 976 3007 1045; x_wconf 77' lang='grc' dir='ltr'><strong>οὐχ</strong></span> <span class='ocrx_word' id='word_1_145' title='bbox 3042 975 3281 1047; x_wconf 79' lang='grc' dir='ltr'><strong>ἑτέρως,</strong></span> <span class='ocrx_word' id='word_1_146' title='bbox 3328 994 3347 1027; x_wconf 86' lang='grc'><strong><em>‹</em></strong></span> <span class='ocrx_word' id='word_1_147' title='bbox 3377 975 3473 1029; x_wconf 60' lang='grc' dir='ltr'><strong>Διὐ-</strong></span> <span class='ocrx_word' id='word_1_148' title='bbox 3504 977 3653 1047; x_wconf 80' lang='grc' dir='ltr'>ἡμᾶς</span> 
     </span>
    </p>
   </div>
   <div class='ocr_carea' id='block_1_24' title="bbox 2077 1063 3655 1139">
    <p class='ocr_par' dir='ltr' id='par_1_24' title="bbox 2077 1063 3655 1139">
     <span class='ocr_line' id='line_1_24' title="bbox 2077 1063 3655 1139; baseline 0.003 -22"><span class='ocrx_word' id='word_1_149' title='bbox 2077 1063 2389 1136; x_wconf 60' lang='grc' dir='ltr'>Μωχεῦσαι</span> <span class='ocrx_word' id='word_1_150' title='bbox 2426 1064 2681 1131; x_wconf 82' lang='grc' dir='ltr'>πλούσιος</span> <span class='ocrx_word' id='word_1_151' title='bbox 2710 1066 2805 1127; x_wconf 80' lang='grc' dir='ltr'><strong>ὢν.</strong></span> <span class='ocrx_word' id='word_1_152' title='bbox 2837 1067 3087 1139; x_wconf 33' lang='grc' dir='ltr'>ἵν’ξὴμεῖς</span> <span class='ocrx_word' id='word_1_153' title='bbox 3116 1071 3181 1139; x_wconf 77' lang='grc' dir='ltr'>τῇ</span> <span class='ocrx_word' id='word_1_154' title='bbox 3217 1068 3381 1121; x_wconf 81' lang='grc' dir='ltr'>αὑτοῦ</span> <span class='ocrx_word' id='word_1_155' title='bbox 3414 1069 3655 1139; x_wconf 81' lang='grc' dir='ltr'><strong>πτωχείᾳ</strong></span> 
     </span>
    </p>
   </div>
   <div class='ocr_carea' id='block_1_25' title="bbox 2077 1154 3655 1230">
    <p class='ocr_par' dir='ltr' id='par_1_25' title="bbox 2077 1154 3655 1230">
     <span class='ocr_line' id='line_1_25' title="bbox 2077 1154 3655 1230; baseline 0.002 -23"><span class='ocrx_word' id='word_1_156' title='bbox 2077 1154 2483 1226; x_wconf 81' lang='grc' dir='ltr'>πλουτήσωμεν.</span> <span class='ocrx_word' id='word_1_157' title='bbox 2511 1174 2530 1209; x_wconf 76' lang='grc' dir='ltr'><strong>ι</strong></span> <span class='ocrx_word' id='word_1_158' title='bbox 2558 1156 2776 1211; x_wconf 83' lang='grc' dir='ltr'>Δέδοται</span> <span class='ocrx_word' id='word_1_159' title='bbox 2805 1156 2903 1228; x_wconf 83' lang='grc' dir='ltr'><strong>μὲν</strong></span> <span class='ocrx_word' id='word_1_160' title='bbox 2926 1158 3053 1230; x_wconf 85' lang='grc' dir='ltr'>γὰρ,</span> <span class='ocrx_word' id='word_1_161' title='bbox 3078 1158 3152 1221; x_wconf 81' lang='grc' dir='ltr'>ὡς</span> <span class='ocrx_word' id='word_1_162' title='bbox 3174 1158 3331 1227; x_wconf 74' lang='grc' dir='ltr'>ἔφην,</span> <span class='ocrx_word' id='word_1_163' title='bbox 3352 1159 3412 1211; x_wconf 84' lang='grc' dir='ltr'><strong>τὸ</strong></span> <span class='ocrx_word' id='word_1_164' title='bbox 3436 1159 3655 1228; x_wconf 77' lang='grc' dir='ltr'>Πνεῦμα</span> 
     </span>
    </p>
   </div>
   <div class='ocr_carea' id='block_1_26' title="bbox 2075 1245 3655 1320">
    <p class='ocr_par' dir='ltr' id='par_1_26' title="bbox 2075 1245 3655 1320">
     <span class='ocr_line' id='line_1_26' title="bbox 2075 1245 3655 1320; baseline 0.002 -23"><span class='ocrx_word' id='word_1_165' title='bbox 2075 1246 2153 1316; x_wconf 87' lang='grc' dir='ltr'><strong>τῷ</strong></span> <span class='ocrx_word' id='word_1_166' title='bbox 2199 1245 2370 1317; x_wconf 80' lang='grc' dir='ltr'>Ἀδὰμ</span> <span class='ocrx_word' id='word_1_167' title='bbox 2395 1247 2452 1298; x_wconf 85' lang='grc' dir='ltr'>ὲν</span> <span class='ocrx_word' id='word_1_168' title='bbox 2482 1247 2645 1318; x_wconf 85' lang='grc' dir='ltr'>ἀρχῇ,</span> <span class='ocrx_word' id='word_1_169' title='bbox 2679 1248 2814 1319; x_wconf 84' lang='grc' dir='ltr'>πλὴν</span> <span class='ocrx_word' id='word_1_170' title='bbox 2834 1250 2895 1301; x_wconf 75' lang='grc' dir='ltr'><strong>οὐ</strong></span> <span class='ocrx_word' id='word_1_171' title='bbox 2926 1249 3236 1320; x_wconf 82' lang='grc' dir='ltr'><strong>μεμένηκεν</strong></span> <span class='ocrx_word' id='word_1_172' title='bbox 3261 1251 3325 1319; x_wconf 82' lang='grc' dir='ltr'>τῇ</span> <span class='ocrx_word' id='word_1_173' title='bbox 3366 1247 3655 1318; x_wconf 84' lang='grc' dir='ltr'>ἀνθρώπου</span> 
     </span>
    </p>
   </div>
   <div class='ocr_carea' id='block_1_27' title="bbox 2077 1335 3657 1411">
    <p class='ocr_par' dir='ltr' id='par_1_27' title="bbox 2077 1335 3657 1411">
     <span class='ocr_line' id='line_1_27' title="bbox 2077 1335 3657 1411; baseline 0.002 -22"><span class='ocrx_word' id='word_1_174' title='bbox 2077 1335 2258 1406; x_wconf 79' lang='grc' dir='ltr'>φύσει.</span> <span class='ocrx_word' id='word_1_175' title='bbox 2284 1337 2603 1391; x_wconf 85' lang='grc' dir='ltr'>Διανένευκε</span> <span class='ocrx_word' id='word_1_176' title='bbox 2627 1338 2737 1408; x_wconf 85' lang='grc' dir='ltr'><strong>γάρ</strong></span> <span class='ocrx_word' id='word_1_177' title='bbox 2791 1341 2872 1404; x_wconf 82' lang='grc' dir='ltr'><strong>είς</strong></span> <span class='ocrx_word' id='word_1_178' title='bbox 2904 1342 2965 1393; x_wconf 87' lang='grc' dir='ltr'><strong>τὸ</strong></span> <span class='ocrx_word' id='word_1_179' title='bbox 3014 1340 3353 1411; x_wconf 83' lang='grc' dir='ltr'>πλημμελὲς,</span> <span class='ocrx_word' id='word_1_180' title='bbox 3389 1341 3480 1393; x_wconf 71' lang='grc' dir='ltr'><strong>καὶ</strong></span> <span class='ocrx_word' id='word_1_181' title='bbox 3518 1356 3657 1410; x_wconf 84' lang='grc' dir='ltr'>παρ-</span> 
     </span>
    </p>
   </div>
   <div class='ocr_carea' id='block_1_28' title="bbox 2075 1425 3659 1500">
    <p class='ocr_par' dir='ltr' id='par_1_28' title="bbox 2075 1425 3659 1500">
     <span class='ocr_line' id='line_1_28' title="bbox 2075 1425 3659 1500; baseline 0.001 -22"><span class='ocrx_word' id='word_1_182' title='bbox 2075 1425 2304 1481; x_wconf 87' lang='grc' dir='ltr'>ώλισθεν</span> <span class='ocrx_word' id='word_1_183' title='bbox 2324 1429 2403 1490; x_wconf 83' lang='grc' dir='ltr'><strong>είς</strong></span> <span class='ocrx_word' id='word_1_184' title='bbox 2420 1428 2713 1499; x_wconf 74' lang='grc' dir='ltr'>ἁμαρτίαν.</span> <span class='ocrx_word' id='word_1_185' title='bbox 2733 1428 2951 1500; x_wconf 78' lang='grc' dir='ltr'>Ἐπειδὴ</span> <span class='ocrx_word' id='word_1_186' title='bbox 2976 1429 3032 1482; x_wconf 82' lang='grc' dir='ltr'><strong>δὲ</strong></span> <span class='ocrx_word' id='word_1_187' title='bbox 3061 1428 3374 1499; x_wconf 83' lang='grc' dir='ltr'>ὲπτώχευσε</span> <span class='ocrx_word' id='word_1_188' title='bbox 3404 1428 3659 1491; x_wconf 78' lang='grc' dir='ltr'>πλούσιος</span> 
     </span>
    </p>
   </div>
   <div class='ocr_carea' id='block_1_29' title="bbox 2077 1518 3658 1592">
    <p class='ocr_par' dir='ltr' id='par_1_29' title="bbox 2077 1518 3658 1592">
     <span class='ocr_line' id='line_1_29' title="bbox 2077 1518 3658 1592; baseline -0.001 -20"><span class='ocrx_word' id='word_1_189' title='bbox 2077 1518 2151 1572; x_wconf 83' lang='grc' dir='ltr'><strong>ὣν</strong></span> <span class='ocrx_word' id='word_1_190' title='bbox 2193 1519 2222 1573; x_wconf 86' lang='grc' dir='ltr'>ὁ</span> <span class='ocrx_word' id='word_1_191' title='bbox 2256 1520 2591 1591; x_wconf 82' lang='grc' dir='ltr'>Μονογενὴς,</span> <span class='ocrx_word' id='word_1_192' title='bbox 2644 1523 2738 1574; x_wconf 73' lang='grc' dir='ltr'>καὶ</span> <span class='ocrx_word' id='word_1_193' title='bbox 2791 1521 2923 1592; x_wconf 64' lang='grc' dir='ltr'>μεθ’»</span> <span class='ocrx_word' id='word_1_194' title='bbox 2960 1523 2991 1591; x_wconf 81' lang='grc' dir='ltr'>ἡ</span> <span class='ocrx_word' id='word_1_195' title='bbox 3004 1520 3118 1591; x_wconf 86' lang='grc' dir='ltr'><strong>μῶν</strong></span> <span class='ocrx_word' id='word_1_196' title='bbox 3163 1520 3237 1584; x_wconf 86' lang='grc' dir='ltr'><strong>ὡς</strong></span> <span class='ocrx_word' id='word_1_197' title='bbox 3274 1520 3558 1592; x_wconf 78' lang='grc' dir='ltr'>ἄνθρωπος</span> <span class='ocrx_word' id='word_1_198' title='bbox 3597 1521 3658 1572; x_wconf 83' lang='grc' dir='ltr'>τὺ</span> 
     </span>
    </p>
   </div>
   <div class='ocr_carea' id='block_1_30' title="bbox 2079 1609 3673 1682">
    <p class='ocr_par' dir='ltr' id='par_1_30' title="bbox 2079 1609 3673 1682">
     <span class='ocr_line' id='line_1_30' title="bbox 2079 1609 3673 1682; baseline 0.001 -20"><span class='ocrx_word' id='word_1_199' title='bbox 2079 1610 2208 1664; x_wconf 82' lang='grc' dir='ltr'>ἴδιον</span> <span class='ocrx_word' id='word_1_200' title='bbox 2248 1611 2322 1673; x_wconf 86' lang='grc' dir='ltr'>ὼς</span> <span class='ocrx_word' id='word_1_201' title='bbox 2371 1610 2609 1664; x_wconf 72' lang='grc' dir='ltr'>ἐπακτὸν</span> <span class='ocrx_word' id='word_1_202' title='bbox 2656 1611 2873 1678; x_wconf 79' lang='grc' dir='ltr'><strong>ἐδέξατο</strong></span> <span class='ocrx_word' id='word_1_203' title='bbox 2912 1609 3174 1682; x_wconf 80' lang='grc' dir='ltr'>Πνεῦμα,</span> <span class='ocrx_word' id='word_1_204' title='bbox 3227 1611 3533 1682; x_wconf 80' lang='grc' dir='ltr'>μεμένηκεν</span> <span class='ocrx_word' id='word_1_205' title='bbox 3571 1612 3673 1664; x_wconf 77' lang='grc' dir='ltr'><strong>ἐπ’·</strong></span> 
     </span>
    </p>
   </div>
   <div class='ocr_carea' id='block_1_31' title="bbox 2076 1701 3659 1775">
    <p class='ocr_par' dir='ltr' id='par_1_31' title="bbox 2076 1701 3659 1775">
     <span class='ocr_line' id='line_1_31' title="bbox 2076 1701 3659 1775; baseline -0.001 -18"><span class='ocrx_word' id='word_1_206' title='bbox 2076 1702 2260 1757; x_wconf 79' lang='grc' dir='ltr'>αὐτόν’</span> <span class='ocrx_word' id='word_1_207' title='bbox 2297 1703 2399 1773; x_wconf 73' lang='grc' dir='ltr'><strong>ἔφη</strong></span> <span class='ocrx_word' id='word_1_208' title='bbox 2431 1702 2539 1774; x_wconf 81' lang='grc' dir='ltr'><strong>γὰρ</strong></span> <span class='ocrx_word' id='word_1_209' title='bbox 2573 1703 2748 1766; x_wconf 78' lang='grc' dir='ltr'>οὕτως</span> <span class='ocrx_word' id='word_1_210' title='bbox 2783 1703 3041 1774; x_wconf 83' lang='grc' dir='ltr'><strong>Ἰωάννης</strong></span> <span class='ocrx_word' id='word_1_211' title='bbox 3066 1704 3101 1755; x_wconf 81' lang='grc' dir='ltr'>ὁ</span> <span class='ocrx_word' id='word_1_212' title='bbox 3124 1701 3536 1775; x_wconf 79' lang='grc' dir='ltr'>εὐαγγελιστὴς,</span> <span class='ocrx_word' id='word_1_213' title='bbox 3568 1702 3659 1756; x_wconf 77' lang='grc' dir='ltr'>ἵνα</span> 
     </span>
    </p>
   </div>
   <div class='ocr_carea' id='block_1_32' title="bbox 391 1792 1981 1869">
    <p class='ocr_par' dir='ltr' id='par_1_32' title="bbox 391 1792 1973 1869">
     <span class='ocr_line' id='line_1_32' title="bbox 391 1792 1973 1869; baseline 0.008 -26"><span class='ocrx_word' id='word_1_214' title='bbox 391 1804 516 1844; x_wconf 86' lang='lat' dir='ltr'><strong>eum</strong></span> <span class='ocrx_word' id='word_1_215' title='bbox 551 1792 619 1858; x_wconf 84' lang='grc'><strong>³¹,</strong></span> <span class='ocrx_word' id='word_1_216' title='bbox 648 1804 706 1847; x_wconf 94' lang='lat' dir='ltr'><strong>ut</strong></span> <span class='ocrx_word' id='word_1_217' title='bbox 733 1793 968 1851; x_wconf 77' lang='lat' dir='ltr'><strong>Joannes</strong></span> <span class='ocrx_word' id='word_1_218' title='bbox 1000 1798 1329 1869; x_wconf 82' lang='lat' dir='ltr'><strong>evangelista</strong></span> <span class='ocrx_word' id='word_1_219' title='bbox 1356 1801 1567 1867; x_wconf 80' lang='lat' dir='ltr'><strong>scribit,</strong></span> <span class='ocrx_word' id='word_1_220' title='bbox 1621 1810 1678 1855; x_wconf 92' lang='lat' dir='ltr'><strong>ut</strong></span> <span class='ocrx_word' id='word_1_221' title='bbox 1734 1802 1787 1855; x_wconf 91' lang='lat' dir='ltr'><strong>in</strong></span> <span class='ocrx_word' id='word_1_222' title='bbox 1815 1801 1973 1858; x_wconf 92' lang='lat' dir='ltr'><strong>nobis</strong></span> 
     </span>
    </p>
   </div>
   <div class='ocr_carea' id='block_1_33' title="bbox 2083 1792 3676 1869">
    <p class='ocr_par' dir='ltr' id='par_1_33' title="bbox 2083 1794 3676 1866">
     <span class='ocr_line' id='line_1_33' title="bbox 2083 1794 3676 1866; baseline -0.001 -19"><span class='ocrx_word' id='word_1_223' title='bbox 2083 1794 2170 1847; x_wconf 79' lang='grc' dir='ltr'><strong>καὶ</strong></span> <span class='ocrx_word' id='word_1_224' title='bbox 2200 1795 2257 1846; x_wconf 82' lang='grc' dir='ltr'><strong>έν</strong></span> <span class='ocrx_word' id='word_1_225' title='bbox 2289 1794 2421 1864; x_wconf 81' lang='grc' dir='ltr'>ἡμῖν</span> <span class='ocrx_word' id='word_1_226' title='bbox 2456 1796 2757 1866; x_wconf 83' lang='grc' dir='ltr'>κατοικήσῃ</span> <span class='ocrx_word' id='word_1_227' title='bbox 2783 1794 2992 1857; x_wconf 73' lang='grc' dir='ltr'>λοιπὸν,</span> <span class='ocrx_word' id='word_1_228' title='bbox 3021 1795 3096 1858; x_wconf 86' lang='grc' dir='ltr'><strong>ὡς</strong></span> <span class='ocrx_word' id='word_1_229' title='bbox 3129 1796 3229 1866; x_wconf 67' lang='grc' dir='ltr'><strong>ἤδη</strong></span> <span class='ocrx_word' id='word_1_230' title='bbox 3264 1794 3572 1865; x_wconf 80' lang='grc' dir='ltr'>μεμενηκὸς</span> <span class='ocrx_word' id='word_1_231' title='bbox 3600 1795 3676 1858; x_wconf 78' lang='grc' dir='ltr'>ὲν,</span> 
     </span>
    </p>
   </div>
   <div class='ocr_carea' id='block_1_34' title="bbox 393 1885 1970 1959">
    <p class='ocr_par' dir='ltr' id='par_1_34' title="bbox 393 1885 1970 1959">
     <span class='ocr_line' id='line_1_34' title="bbox 393 1885 1970 1959; baseline 0.01 -30"><span class='ocrx_word' id='word_1_232' title='bbox 393 1897 612 1950; x_wconf 82' lang='lat' dir='ltr'><strong>quoque</strong></span> <span class='ocrx_word' id='word_1_233' title='bbox 641 1885 694 1936; x_wconf 89' lang='lat' dir='ltr'><strong>in</strong></span> <span class='ocrx_word' id='word_1_234' title='bbox 721 1894 997 1954; x_wconf 83' lang='lat' dir='ltr'><strong>posterum</strong></span> <span class='ocrx_word' id='word_1_235' title='bbox 1039 1887 1277 1953; x_wconf 85' lang='lat' dir='ltr'><strong>habitet;</strong></span> <span class='ocrx_word' id='word_1_236' title='bbox 1305 1890 1522 1957; x_wconf 91' lang='lat' dir='ltr'><strong>quando</strong></span> <span class='ocrx_word' id='word_1_237' title='bbox 1551 1889 1665 1959; x_wconf 86' lang='lat' dir='ltr'><strong>jam</strong></span> <span class='ocrx_word' id='word_1_238' title='bbox 1695 1889 1892 1943; x_wconf 86' lang='lat' dir='ltr'><strong>mansit</strong></span> <span class='ocrx_word' id='word_1_239' title='bbox 1916 1888 1970 1944; x_wconf 90' lang='lat' dir='ltr'><strong>in</strong></span> 
     </span>
    </p>
   </div>
   <div class='ocr_carea' id='block_1_35' title="bbox 392 1974 1974 2047">
    <p class='ocr_par' dir='ltr' id='par_1_35' title="bbox 392 1974 1974 2047">
     <span class='ocr_line' id='line_1_35' title="bbox 392 1974 1974 2047; baseline 0.006 -20"><span class='ocrx_word' id='word_1_240' title='bbox 392 1974 606 2038; x_wconf 70' lang='lat' dir='ltr'><strong>generis</strong></span> <span class='ocrx_word' id='word_1_241' title='bbox 630 1975 798 2029; x_wconf 91' lang='lat' dir='ltr'><strong>nostri</strong></span> <span class='ocrx_word' id='word_1_242' title='bbox 837 1977 1092 2045; x_wconf 88' lang='lat' dir='ltr'><strong>primitiis</strong></span> <span class='ocrx_word' id='word_1_243' title='bbox 1123 1980 1398 2046; x_wconf 85' lang='lat' dir='ltr'><strong>secundis,</strong></span> <span class='ocrx_word' id='word_1_244' title='bbox 1435 1981 1485 2035; x_wconf 90' lang='lat' dir='ltr'><strong>id</strong></span> <span class='ocrx_word' id='word_1_245' title='bbox 1516 1990 1622 2047; x_wconf 90' lang='lat' dir='ltr'><strong>est,</strong></span> <span class='ocrx_word' id='word_1_246' title='bbox 1651 1981 1707 2036; x_wconf 89' lang='lat' dir='ltr'><strong>in</strong></span> <span class='ocrx_word' id='word_1_247' title='bbox 1735 1981 1974 2038; x_wconf 87' lang='lat' dir='ltr'><strong>Christo.</strong></span> 
     </span>
    </p>
   </div>
   <div class='ocr_carea' id='block_1_36' title="bbox 393 2064 1978 2143">
    <p class='ocr_par' dir='ltr' id='par_1_36' title="bbox 393 2064 1978 2143">
     <span class='ocr_line' id='line_1_36' title="bbox 393 2064 1978 2143; baseline 0.009 -27"><span class='ocrx_word' id='word_1_248' title='bbox 393 2064 474 2118; x_wconf 85' lang='lat' dir='ltr'><strong>Ub</strong></span> <span class='ocrx_word' id='word_1_249' title='bbox 499 2065 600 2120; x_wconf 79' lang='lat' dir='ltr'><strong>huc</strong></span> <span class='ocrx_word' id='word_1_250' title='bbox 619 2066 816 2136; x_wconf 86' lang='lat' dir='ltr'><strong>quippe</strong></span> <span class='ocrx_word' id='word_1_251' title='bbox 839 2069 1109 2124; x_wconf 88' lang='lat' dir='ltr'><strong>secundus</strong></span> <span class='ocrx_word' id='word_1_252' title='bbox 1136 2070 1307 2125; x_wconf 82' lang='lat' dir='ltr'><strong>Adam</strong></span> <span class='ocrx_word' id='word_1_253' title='bbox 1334 2074 1742 2143; x_wconf 81' lang='lat' dir='ltr'><strong>cognominatus</strong></span> <span class='ocrx_word' id='word_1_254' title='bbox 1763 2084 1867 2129; x_wconf 90' lang='lat' dir='ltr'><strong>est.</strong></span> <span class='ocrx_word' id='word_1_255' title='bbox 1898 2074 1978 2130; x_wconf 86' lang='lat' dir='ltr'><strong>ld-</strong></span> 
     </span>
    </p>
   </div>
   <div class='ocr_carea' id='block_1_37' title="bbox 393 2155 1977 2231">
    <p class='ocr_par' dir='ltr' id='par_1_37' title="bbox 393 2155 1977 2231">
     <span class='ocr_line' id='line_1_37' title="bbox 393 2155 1977 2231; baseline 0.008 -24"><span class='ocrx_word' id='word_1_256' title='bbox 393 2157 542 2210; x_wconf 91' lang='lat' dir='ltr'><strong>circo</strong></span> <span class='ocrx_word' id='word_1_257' title='bbox 570 2155 637 2209; x_wconf 88' lang='lat' dir='ltr'><strong>ad</strong></span> <span class='ocrx_word' id='word_1_258' title='bbox 660 2157 1158 2226; x_wconf 87' lang='lat' dir='ltr'><strong>incomparabiliter</strong></span> <span class='ocrx_word' id='word_1_259' title='bbox 1205 2161 1424 2217; x_wconf 90' lang='lat' dir='ltr'><strong>meliora</strong></span> <span class='ocrx_word' id='word_1_260' title='bbox 1483 2165 1549 2218; x_wconf 88' lang='lat' dir='ltr'><strong>de</strong></span> <span class='ocrx_word' id='word_1_261' title='bbox 1601 2165 1814 2231; x_wconf 76' lang='lat' dir='ltr'><strong>integro</strong></span> <span class='ocrx_word' id='word_1_262' title='bbox 1869 2164 1977 2219; x_wconf 82' lang='lat' dir='ltr'><strong>for-</strong></span> 
     </span>
    </p>
   </div>
   <div class='ocr_carea' id='block_1_38' title="bbox 394 2250 1976 2324">
    <p class='ocr_par' dir='ltr' id='par_1_38' title="bbox 394 2250 1976 2324">
     <span class='ocr_line' id='line_1_38' title="bbox 394 2250 1976 2324; baseline 0.008 -25"><span class='ocrx_word' id='word_1_263' title='bbox 394 2262 630 2315; x_wconf 85' lang='lat' dir='ltr'><strong>mamur,</strong></span> <span class='ocrx_word' id='word_1_264' title='bbox 655 2257 712 2302; x_wconf 85' lang='lat' dir='ltr'><strong>et</strong></span> <span class='ocrx_word' id='word_1_265' title='bbox 736 2252 1201 2319; x_wconf 77' lang='lat' dir='ltr'><strong>regenerationem</strong></span> <span class='ocrx_word' id='word_1_266' title='bbox 1232 2267 1329 2321; x_wconf 91' lang='lat' dir='ltr'><strong>per</strong></span> <span class='ocrx_word' id='word_1_267' title='bbox 1354 2250 1616 2324; x_wconf 89' lang='lat' dir='ltr'><strong>Spiritum</strong></span> <span class='ocrx_word' id='word_1_268' title='bbox 1651 2256 1790 2311; x_wconf 78' lang='lat' dir='ltr'><strong>felici</strong></span> <span class='ocrx_word' id='word_1_269' title='bbox 1822 2256 1976 2313; x_wconf 90' lang='lat' dir='ltr'><strong>lucro</strong></span> 
     </span>
    </p>
   </div>
   <div class='ocr_carea' id='block_1_39' title="bbox 395 2341 1981 2414">
    <p class='ocr_par' dir='ltr' id='par_1_39' title="bbox 395 2341 1981 2414">
     <span class='ocr_line' id='line_1_39' title="bbox 395 2341 1981 2414; baseline 0.006 -19"><span class='ocrx_word' id='word_1_270' title='bbox 395 2341 771 2411; x_wconf 79' lang='lat' dir='ltr'><strong>adipiscimur,</strong></span> <span class='ocrx_word' id='word_1_271' title='bbox 805 2358 908 2397; x_wconf 93' lang='lat' dir='ltr'><strong>non</strong></span> <span class='ocrx_word' id='word_1_272' title='bbox 939 2344 1168 2414; x_wconf 90' lang='lat' dir='ltr'><strong>amplius</strong></span> <span class='ocrx_word' id='word_1_273' title='bbox 1201 2347 1431 2414; x_wconf 89' lang='lat' dir='ltr'><strong>primam</strong></span> <span class='ocrx_word' id='word_1_274' title='bbox 1469 2348 1751 2414; x_wconf 85' lang='lat' dir='ltr'><strong>habentes,</strong></span> <span class='ocrx_word' id='word_1_275' title='bbox 1793 2365 1981 2405; x_wconf 85' lang='lat' dir='ltr'><strong>secun-</strong></span> 
     </span>
    </p>
   </div>
   <div class='ocr_carea' id='block_1_40' title="bbox 396 2433 1976 2507">
    <p class='ocr_par' dir='ltr' id='par_1_40' title="bbox 396 2433 1976 2507">
     <span class='ocr_line' id='line_1_40' title="bbox 396 2433 1976 2507; baseline 0.007 -24"><span class='ocrx_word' id='word_1_276' title='bbox 396 2433 522 2484; x_wconf 88' lang='lat' dir='ltr'><strong>dum</strong></span> <span class='ocrx_word' id='word_1_277' title='bbox 570 2448 816 2499; x_wconf 89' lang='lat' dir='ltr'><strong>carnem,</strong></span> <span class='ocrx_word' id='word_1_278' title='bbox 880 2435 1125 2503; x_wconf 83' lang='lat' dir='ltr'><strong>inquam,</strong></span> <span class='ocrx_word' id='word_1_279' title='bbox 1174 2451 1294 2505; x_wconf 65' lang='lat' dir='ltr'><strong>qua;</strong></span> <span class='ocrx_word' id='word_1_280' title='bbox 1345 2448 1565 2507; x_wconf 88' lang='lat' dir='ltr'><strong>peccato</strong></span> <span class='ocrx_word' id='word_1_281' title='bbox 1620 2448 1676 2493; x_wconf 89' lang='lat' dir='ltr'><strong>et</strong></span> <span class='ocrx_word' id='word_1_282' title='bbox 1736 2440 1976 2495; x_wconf 88' lang='lat' dir='ltr'><strong>interitui</strong></span> 
     </span>
    </p>
   </div>
   <div class='ocr_carea' id='block_1_41' title="bbox 395 2523 1975 2599">
    <p class='ocr_par' dir='ltr' id='par_1_41' title="bbox 395 2523 1975 2599">
     <span class='ocr_line' id='line_1_41' title="bbox 395 2523 1975 2599; baseline 0.001 -18"><span class='ocrx_word' id='word_1_283' title='bbox 395 2523 629 2581; x_wconf 81' lang='lat' dir='ltr'><strong>obnoxia</strong></span> <span class='ocrx_word' id='word_1_284' title='bbox 695 2534 780 2581; x_wconf 88' lang='lat' dir='ltr'><strong>est</strong></span> <span class='ocrx_word' id='word_1_285' title='bbox 851 2524 1190 2595; x_wconf 89' lang='lat' dir='ltr'><strong>(Prudentia</strong></span> <span class='ocrx_word' id='word_1_286' title='bbox 1239 2528 1382 2582; x_wconf 89' lang='lat' dir='ltr'><strong>enim</strong></span> <span class='ocrx_word' id='word_1_287' title='bbox 1438 2531 1621 2585; x_wconf 91' lang='lat' dir='ltr'><strong>carnis</strong></span> <span class='ocrx_word' id='word_1_288' title='bbox 1679 2546 1823 2586; x_wconf 91' lang='lat' dir='ltr'><strong>mors</strong></span> <span class='ocrx_word' id='word_1_289' title='bbox 1848 2532 1915 2599; x_wconf 87' lang='grc'><strong>³³,</strong></span> <span class='ocrx_word' id='word_1_290' title='bbox 1955 2550 1975 2583; x_wconf 74' lang='grc' dir='ltr'><strong>ι</strong></span> 
     </span>
    </p>
   </div>
   <div class='ocr_carea' id='block_1_42' title="bbox 397 2618 1979 2693">
    <p class='ocr_par' dir='ltr' id='par_1_42' title="bbox 397 2618 1979 2693">
     <span class='ocr_line' id='line_1_42' title="bbox 397 2618 1979 2693; baseline 0.004 -23"><span class='ocrx_word' id='word_1_291' title='bbox 397 2624 589 2670; x_wconf 89' lang='lat' dir='ltr'><strong>natura</strong></span> <span class='ocrx_word' id='word_1_292' title='bbox 635 2618 778 2687; x_wconf 87' lang='lat' dir='ltr'><strong>sua),</strong></span> <span class='ocrx_word' id='word_1_293' title='bbox 805 2618 898 2673; x_wconf 90' lang='lat' dir='ltr'><strong>sed</strong></span> <span class='ocrx_word' id='word_1_294' title='bbox 950 2634 1073 2688; x_wconf 78' lang='lat' dir='ltr'><strong>quae</strong></span> <span class='ocrx_word' id='word_1_295' title='bbox 1110 2635 1341 2688; x_wconf 89' lang='lat' dir='ltr'><strong>superna</strong></span> <span class='ocrx_word' id='word_1_296' title='bbox 1370 2628 1473 2687; x_wconf 89' lang='lat' dir='ltr'><strong>est,</strong></span> <span class='ocrx_word' id='word_1_297' title='bbox 1502 2622 1816 2686; x_wconf 87' lang='lat' dir='ltr'><strong>secundam,</strong></span> <span class='ocrx_word' id='word_1_298' title='bbox 1855 2638 1979 2693; x_wconf 76' lang='lat' dir='ltr'><strong>qua:</strong></span> 
     </span>
    </p>
   </div>
   <div class='ocr_carea' id='block_1_43' title="bbox 395 2709 1976 2783">
    <p class='ocr_par' dir='ltr' id='par_1_43' title="bbox 395 2709 1976 2783">
     <span class='ocr_line' id='line_1_43' title="bbox 395 2709 1976 2783; baseline 0.004 -22"><span class='ocrx_word' id='word_1_299' title='bbox 395 2724 494 2776; x_wconf 87' lang='lat' dir='ltr'><strong>per</strong></span> <span class='ocrx_word' id='word_1_300' title='bbox 533 2709 783 2777; x_wconf 86' lang='lat' dir='ltr'><strong>spiritum</strong></span> <span class='ocrx_word' id='word_1_301' title='bbox 836 2725 902 2764; x_wconf 83' lang='lat' dir='ltr'><strong>ex</strong></span> <span class='ocrx_word' id='word_1_302' title='bbox 964 2710 1075 2766; x_wconf 89' lang='lat' dir='ltr'><strong>Deo</strong></span> <span class='ocrx_word' id='word_1_303' title='bbox 1128 2722 1248 2771; x_wconf 86' lang='lat' dir='ltr'><strong>est;</strong></span> <span class='ocrx_word' id='word_1_304' title='bbox 1310 2713 1580 2783; x_wconf 88' lang='lat' dir='ltr'><strong>siquidem</strong></span> <span class='ocrx_word' id='word_1_305' title='bbox 1622 2728 1806 2768; x_wconf 87' lang='lat' dir='ltr'><strong>verum</strong></span> <span class='ocrx_word' id='word_1_306' title='bbox 1843 2725 1976 2770; x_wconf 90' lang='lat' dir='ltr'><strong>est:</strong></span> 
     </span>
    </p>
   </div>
   <div class='ocr_carea' id='block_1_44' title="bbox 402 2801 1976 2871">
    <p class='ocr_par' dir='ltr' id='par_1_44' title="bbox 402 2801 1976 2871">
     <span class='ocr_line' id='line_1_44' title="bbox 402 2801 1976 2871; baseline 0.007 -20"><span class='ocrx_word' id='word_1_307' title='bbox 402 2819 428 2852; x_wconf 73' lang='grc' dir='ltr'><strong>ι</strong></span> <span class='ocrx_word' id='word_1_308' title='bbox 456 2801 555 2867; x_wconf 84' lang='lat' dir='ltr'><strong>Qui</strong></span> <span class='ocrx_word' id='word_1_309' title='bbox 587 2816 694 2855; x_wconf 89' lang='lat' dir='ltr'><strong>non</strong></span> <span class='ocrx_word' id='word_1_310' title='bbox 729 2815 795 2856; x_wconf 85' lang='lat' dir='ltr'><strong>ex</strong></span> <span class='ocrx_word' id='word_1_311' title='bbox 823 2802 1199 2870; x_wconf 79' lang='lat' dir='ltr'><strong>sanguinibus,</strong></span> <span class='ocrx_word' id='word_1_312' title='bbox 1229 2818 1328 2858; x_wconf 91' lang='lat' dir='ltr'><strong>nec</strong></span> <span class='ocrx_word' id='word_1_313' title='bbox 1363 2818 1428 2858; x_wconf 81' lang='lat' dir='ltr'><strong>ex</strong></span> <span class='ocrx_word' id='word_1_314' title='bbox 1466 2803 1743 2860; x_wconf 89' lang='lat' dir='ltr'><strong>voluntate</strong></span> <span class='ocrx_word' id='word_1_315' title='bbox 1769 2808 1976 2871; x_wconf 86' lang='lat' dir='ltr'><strong>carnis,</strong></span> 
     </span>
    </p>
   </div>
   <div class='ocr_carea' id='block_1_45' title="bbox 396 2890 1980 2963">
    <p class='ocr_par' dir='ltr' id='par_1_45' title="bbox 396 2890 1980 2963">
     <span class='ocr_line' id='line_1_45' title="bbox 396 2890 1980 2963; baseline 0.005 -19"><span class='ocrx_word' id='word_1_316' title='bbox 396 2892 490 2944; x_wconf 81' lang='lat' dir='ltr'><strong>sed</strong></span> <span class='ocrx_word' id='word_1_317' title='bbox 515 2905 580 2945; x_wconf 79' lang='lat' dir='ltr'><strong>ex</strong></span> <span class='ocrx_word' id='word_1_318' title='bbox 602 2890 711 2945; x_wconf 90' lang='lat' dir='ltr'><strong>Deo</strong></span> <span class='ocrx_word' id='word_1_319' title='bbox 740 2892 851 2946; x_wconf 88' lang='lat' dir='ltr'><strong>nati</strong></span> <span class='ocrx_word' id='word_1_320' title='bbox 879 2893 1086 2947; x_wconf 71' lang='lat' dir='ltr'><strong>sunt”.</strong></span> <span class='ocrx_word' id='word_1_321' title='bbox 1125 2911 1145 2946; x_wconf 73' lang='grc' dir='ltr'><strong>ι</strong></span> <span class='ocrx_word' id='word_1_322' title='bbox 1178 2891 1471 2963; x_wconf 86' lang='lat' dir='ltr'><strong>Oportebat</strong></span> <span class='ocrx_word' id='word_1_323' title='bbox 1534 2894 1698 2962; x_wconf 78' lang='lat' dir='ltr'><strong>igitur</strong></span> <span class='ocrx_word' id='word_1_324' title='bbox 1753 2896 1805 2951; x_wconf 92' lang='lat' dir='ltr'><strong>in</strong></span> <span class='ocrx_word' id='word_1_325' title='bbox 1854 2897 1980 2953; x_wconf 91' lang='lat' dir='ltr'><strong>ﬁliis</strong></span> 
     </span>
    </p>
   </div>
   <div class='ocr_carea' id='block_1_46' title="bbox 397 2981 1976 3058">
    <p class='ocr_par' dir='ltr' id='par_1_46' title="bbox 397 2981 1976 3058">
     <span class='ocr_line' id='line_1_46' title="bbox 397 2981 1976 3058; baseline 0.004 -22"><span class='ocrx_word' id='word_1_326' title='bbox 397 2982 490 3036; x_wconf 84' lang='lat' dir='ltr'><strong>Dei</strong></span> <span class='ocrx_word' id='word_1_327' title='bbox 528 2992 841 3038; x_wconf 87' lang='lat' dir='ltr'><strong>numeratos</strong></span> <span class='ocrx_word' id='word_1_328' title='bbox 897 2981 1134 3053; x_wconf 84' lang='lat' dir='ltr'><strong>Spiritus</strong></span> <span class='ocrx_word' id='word_1_329' title='bbox 1200 2985 1375 3039; x_wconf 86' lang='lat' dir='ltr'><strong>sancti</strong></span> <span class='ocrx_word' id='word_1_330' title='bbox 1432 2986 1609 3054; x_wconf 75' lang='lat' dir='ltr'><strong>gratia</strong></span> <span class='ocrx_word' id='word_1_331' title='bbox 1636 2986 1976 3058; x_wconf 87' lang='lat' dir='ltr'><strong>locupletari.</strong></span> 
     </span>
    </p>
   </div>
   <div class='ocr_carea' id='block_1_47' title="bbox 2071 1885 3654 1960">
    <p class='ocr_par' dir='ltr' id='par_1_47' title="bbox 2071 1885 3654 1960">
     <span class='ocr_line' id='line_1_47' title="bbox 2071 1885 3654 1960; baseline 0 -21"><span class='ocrx_word' id='word_1_332' title='bbox 2071 1888 2139 1959; x_wconf 81' lang='grc' dir='ltr'>τῇ</span> <span class='ocrx_word' id='word_1_333' title='bbox 2182 1885 2274 1939; x_wconf 81' lang='grc' dir='ltr'><strong>τοῦ</strong></span> <span class='ocrx_word' id='word_1_334' title='bbox 2319 1885 2509 1955; x_wconf 81' lang='grc' dir='ltr'><strong>γένους</strong></span> <span class='ocrx_word' id='word_1_335' title='bbox 2549 1888 2773 1958; x_wconf 80' lang='grc' dir='ltr'>ἀπαρχῇ</span> <span class='ocrx_word' id='word_1_336' title='bbox 2813 1887 3067 1960; x_wconf 81' lang='grc' dir='ltr'><strong>δευτέρᾳ,</strong></span> <span class='ocrx_word' id='word_1_337' title='bbox 3107 1888 3355 1941; x_wconf 79' lang='grc' dir='ltr'><strong>τουτέστι</strong></span> <span class='ocrx_word' id='word_1_338' title='bbox 3401 1886 3654 1958; x_wconf 73' lang='grc' dir='ltr'>Χριστῷο</span> 
     </span>
    </p>
   </div>
   <div class='ocr_carea' id='block_1_48' title="bbox 2073 1975 3655 2048">
    <p class='ocr_par' dir='ltr' id='par_1_48' title="bbox 2073 1975 3655 2048">
     <span class='ocr_line' id='line_1_48' title="bbox 2073 1975 3655 2048; baseline 0 -18"><span class='ocrx_word' id='word_1_339' title='bbox 2073 1976 2492 2047; x_wconf 81' lang='grc' dir='ltr'><strong>κατωνόμασται</strong></span> <span class='ocrx_word' id='word_1_340' title='bbox 2531 1978 2640 2048; x_wconf 79' lang='grc' dir='ltr'>γὰρ</span> <span class='ocrx_word' id='word_1_341' title='bbox 2672 1977 2760 2031; x_wconf 78' lang='grc' dir='ltr'>διὰ</span> <span class='ocrx_word' id='word_1_342' title='bbox 2803 1977 2963 2031; x_wconf 84' lang='grc' dir='ltr'>τοῦτο</span> <span class='ocrx_word' id='word_1_343' title='bbox 3024 1977 3119 2031; x_wconf 76' lang='grc' dir='ltr'><strong>καὶ</strong></span> <span class='ocrx_word' id='word_1_344' title='bbox 3183 1975 3433 2048; x_wconf 85' lang='grc' dir='ltr'>δεύτερος</span> <span class='ocrx_word' id='word_1_345' title='bbox 3458 1976 3655 2046; x_wconf 84' lang='grc' dir='ltr'>Ἀδάμ.</span> 
     </span>
    </p>
   </div>
   <div class='ocr_carea' id='block_1_49' title="bbox 2073 2064 3669 2140">
    <p class='ocr_par' dir='ltr' id='par_1_49' title="bbox 2073 2064 3669 2140">
     <span class='ocr_line' id='line_1_49' title="bbox 2073 2064 3669 2140; baseline -0.001 -22"><span class='ocrx_word' id='word_1_346' title='bbox 2073 2065 2165 2119; x_wconf 82' lang='grc' dir='ltr'>Διὸ</span> <span class='ocrx_word' id='word_1_347' title='bbox 2207 2066 2343 2139; x_wconf 84' lang='grc' dir='ltr'>πρὸς</span> <span class='ocrx_word' id='word_1_348' title='bbox 2386 2066 2446 2119; x_wconf 83' lang='grc' dir='ltr'>τὸ</span> <span class='ocrx_word' id='word_1_349' title='bbox 2488 2066 2710 2136; x_wconf 78' lang='grc' dir='ltr'>ἄμεινον</span> <span class='ocrx_word' id='word_1_350' title='bbox 2753 2065 3101 2138; x_wconf 85' lang='grc' dir='ltr'>ἀσυγκρίτως</span> <span class='ocrx_word' id='word_1_351' title='bbox 3133 2064 3669 2140; x_wconf 62' lang='grc' dir='ltr'>ἀναστοιχειώμεθα,</span> 
     </span>
    </p>
   </div>
   <div class='ocr_carea' id='block_1_50' title="bbox 2075 2151 3667 2229">
    <p class='ocr_par' dir='ltr' id='par_1_50' title="bbox 2075 2151 3667 2229">
     <span class='ocr_line' id='line_1_50' title="bbox 2075 2151 3667 2229; baseline 0 -18"><span class='ocrx_word' id='word_1_352' title='bbox 2075 2159 2170 2211; x_wconf 76' lang='grc' dir='ltr'><strong>καὶ</strong></span> <span class='ocrx_word' id='word_1_353' title='bbox 2215 2159 2313 2228; x_wconf 85' lang='grc' dir='ltr'>τὴν</span> <span class='ocrx_word' id='word_1_354' title='bbox 2355 2159 2445 2212; x_wconf 74' lang='grc' dir='ltr'>διὰ</span> <span class='ocrx_word' id='word_1_355' title='bbox 2490 2157 2584 2211; x_wconf 84' lang='grc' dir='ltr'><strong>τοῦ</strong></span> <span class='ocrx_word' id='word_1_356' title='bbox 2638 2157 2957 2229; x_wconf 84' lang='grc' dir='ltr'>Πνεύματος</span> <span class='ocrx_word' id='word_1_357' title='bbox 3008 2158 3368 2227; x_wconf 88' lang='grc' dir='ltr'>ἀναγέννησιν</span> <span class='ocrx_word' id='word_1_358' title='bbox 3405 2151 3464 2210; x_wconf 79' lang='grc' dir='ltr'><strong>εὖ</strong></span> <span class='ocrx_word' id='word_1_359' title='bbox 3514 2155 3667 2227; x_wconf 83' lang='grc' dir='ltr'>μάλα</span> 
     </span>
    </p>
   </div>
   <div class='ocr_carea' id='block_1_51' title="bbox 2075 2247 3664 2320">
    <p class='ocr_par' dir='ltr' id='par_1_51' title="bbox 2075 2247 3664 2320">
     <span class='ocr_line' id='line_1_51' title="bbox 2075 2247 3664 2320; baseline -0.001 -17"><span class='ocrx_word' id='word_1_360' title='bbox 2075 2249 2453 2320; x_wconf 85' lang='grc' dir='ltr'>κερδαίνομεν,</span> <span class='ocrx_word' id='word_1_361' title='bbox 2479 2249 2577 2302; x_wconf 82' lang='grc' dir='ltr'><strong>οὐκ</strong></span> <span class='ocrx_word' id='word_1_362' title='bbox 2615 2248 2693 2302; x_wconf 78' lang='grc' dir='ltr'>ἔτι</span> <span class='ocrx_word' id='word_1_363' title='bbox 2722 2249 2820 2319; x_wconf 73' lang='grc' dir='ltr'><strong>τὴν</strong></span> <span class='ocrx_word' id='word_1_364' title='bbox 2855 2248 3078 2320; x_wconf 80' lang='grc' dir='ltr'>πρώτην</span> <span class='ocrx_word' id='word_1_365' title='bbox 3118 2249 3356 2319; x_wconf 78' lang='grc' dir='ltr'>ἔχοντες,</span> <span class='ocrx_word' id='word_1_366' title='bbox 3386 2248 3485 2317; x_wconf 80' lang='grc' dir='ltr'><strong>τὴν</strong></span> <span class='ocrx_word' id='word_1_367' title='bbox 3515 2247 3664 2301; x_wconf 81' lang='grc' dir='ltr'><strong>κατά</strong></span> 
     </span>
    </p>
   </div>
   <div class='ocr_carea' id='block_1_52' title="bbox 2078 2339 3672 2414">
    <p class='ocr_par' dir='ltr' id='par_1_52' title="bbox 2078 2339 3672 2414">
     <span class='ocr_line' id='line_1_52' title="bbox 2078 2339 3672 2414; baseline -0.003 -17"><span class='ocrx_word' id='word_1_368' title='bbox 2078 2343 2285 2414; x_wconf 82' lang='grc' dir='ltr'>σάρκα,</span> <span class='ocrx_word' id='word_1_369' title='bbox 2316 2342 2460 2413; x_wconf 76' lang='grc' dir='ltr'>φημὶ</span> <span class='ocrx_word' id='word_1_370' title='bbox 2480 2382 2495 2407; x_wconf 92' lang='grc'><strong>,</strong></span> <span class='ocrx_word' id='word_1_371' title='bbox 2534 2343 2631 2412; x_wconf 78' lang='grc' dir='ltr'><strong>τὴν</strong></span> <span class='ocrx_word' id='word_1_372' title='bbox 2664 2344 2744 2406; x_wconf 79' lang='grc' dir='ltr'>εἰς</span> <span class='ocrx_word' id='word_1_373' title='bbox 2782 2341 2988 2413; x_wconf 84' lang='grc' dir='ltr'>φθοράν</span> <span class='ocrx_word' id='word_1_374' title='bbox 3029 2359 3110 2407; x_wconf 89' lang='grc' dir='ltr'><strong>τε,</strong></span> <span class='ocrx_word' id='word_1_375' title='bbox 3155 2342 3249 2396; x_wconf 75' lang='grc' dir='ltr'><strong>καὶ</strong></span> <span class='ocrx_word' id='word_1_376' title='bbox 3278 2341 3548 2413; x_wconf 77' lang='grc' dir='ltr'>ἁμαρτίαν</span> <span class='ocrx_word' id='word_1_377' title='bbox 3579 2339 3672 2412; x_wconf 32' lang='grc' dir='ltr'>(τὸν</span> 
     </span>
    </p>
   </div>
   <div class='ocr_carea' id='block_1_53' title="bbox 2076 2432 3658 2509">
    <p class='ocr_par' dir='ltr' id='par_1_53' title="bbox 2076 2432 3658 2509">
     <span class='ocr_line' id='line_1_53' title="bbox 2076 2432 3658 2509; baseline -0.004 -19"><span class='ocrx_word' id='word_1_378' title='bbox 2076 2437 2184 2509; x_wconf 82' lang='grc' dir='ltr'>γὰρ</span> <span class='ocrx_word' id='word_1_379' title='bbox 2215 2435 2466 2507; x_wconf 87' lang='grc' dir='ltr'>φρόνημα</span> <span class='ocrx_word' id='word_1_380' title='bbox 2492 2435 2591 2505; x_wconf 82' lang='grc' dir='ltr'>τῆς</span> <span class='ocrx_word' id='word_1_381' title='bbox 2630 2434 2831 2507; x_wconf 78' lang='grc' dir='ltr'>σαρκὸς</span> <span class='ocrx_word' id='word_1_382' title='bbox 2868 2435 3132 2500; x_wconf 87' lang='grc' dir='ltr'>θάνατος,</span> <span class='ocrx_word' id='word_1_383' title='bbox 3162 2432 3306 2487; x_wconf 80' lang='grc' dir='ltr'>κατὰ</span> <span class='ocrx_word' id='word_1_384' title='bbox 3342 2434 3403 2486; x_wconf 84' lang='grc' dir='ltr'><strong>τὸ</strong></span> <span class='ocrx_word' id='word_1_385' title='bbox 3439 2432 3658 2501; x_wconf 74' lang='grc' dir='ltr'>γένος),</span> 
     </span>
    </p>
   </div>
   <div class='ocr_carea' id='block_1_54' title="bbox 2077 2525 3660 2599">
    <p class='ocr_par' dir='ltr' id='par_1_54' title="bbox 2077 2525 3660 2599">
     <span class='ocr_line' id='line_1_54' title="bbox 2077 2525 3660 2599; baseline -0.001 -18"><span class='ocrx_word' id='word_1_386' title='bbox 2077 2529 2215 2582; x_wconf 87' lang='grc' dir='ltr'><strong>ἀλλά</strong></span> <span class='ocrx_word' id='word_1_387' title='bbox 2261 2528 2359 2599; x_wconf 83' lang='grc' dir='ltr'>τὴν</span> <span class='ocrx_word' id='word_1_388' title='bbox 2400 2527 2606 2581; x_wconf 84' lang='grc' dir='ltr'>ἄνωθεν</span> <span class='ocrx_word' id='word_1_389' title='bbox 2638 2526 2922 2596; x_wconf 80' lang='grc' dir='ltr'>δευτέραν,</span> <span class='ocrx_word' id='word_1_390' title='bbox 2955 2527 3054 2597; x_wconf 84' lang='grc' dir='ltr'>τὴν</span> <span class='ocrx_word' id='word_1_391' title='bbox 3093 2528 3157 2579; x_wconf 82' lang='grc' dir='ltr'><strong>ἐκ</strong></span> <span class='ocrx_word' id='word_1_392' title='bbox 3189 2526 3325 2580; x_wconf 81' lang='grc' dir='ltr'>Θεοῦ</span> <span class='ocrx_word' id='word_1_393' title='bbox 3356 2525 3445 2579; x_wconf 80' lang='grc' dir='ltr'>διὰ</span> <span class='ocrx_word' id='word_1_394' title='bbox 3490 2525 3660 2579; x_wconf 72' lang='lat' dir='ltr'><strong>Ilvati-</strong></span> 
     </span>
    </p>
   </div>
   <div class='ocr_carea' id='block_1_55' title="bbox 2081 2616 3666 2691">
    <p class='ocr_par' dir='ltr' id='par_1_55' title="bbox 2081 2616 3666 2691">
     <span class='ocr_line' id='line_1_55' title="bbox 2081 2616 3666 2691; baseline -0.002 -19"><span class='ocrx_word' id='word_1_395' title='bbox 2081 2637 2269 2691; x_wconf 83' lang='grc' dir='ltr'>ματος,</span> <span class='ocrx_word' id='word_1_396' title='bbox 2299 2620 2455 2690; x_wconf 78' lang='grc' dir='ltr'>εἴπερ</span> <span class='ocrx_word' id='word_1_397' title='bbox 2480 2618 2627 2671; x_wconf 73' lang='grc' dir='ltr'>ἐστὶν</span> <span class='ocrx_word' id='word_1_398' title='bbox 2648 2617 2866 2690; x_wconf 84' lang='grc' dir='ltr'>ἀληθὲς,</span> <span class='ocrx_word' id='word_1_399' title='bbox 2902 2636 2920 2669; x_wconf 76' lang='grc' dir='ltr'><strong>ι</strong></span> <span class='ocrx_word' id='word_1_400' title='bbox 2951 2618 3022 2672; x_wconf 66' lang='grc' dir='ltr'><strong>Οἲι</strong></span> <span class='ocrx_word' id='word_1_401' title='bbox 3042 2616 3140 2670; x_wconf 80' lang='grc' dir='ltr'><strong>οὐκ</strong></span> <span class='ocrx_word' id='word_1_402' title='bbox 3160 2616 3219 2683; x_wconf 77' lang='grc' dir='ltr'><strong>ἐξ</strong></span> <span class='ocrx_word' id='word_1_403' title='bbox 3246 2616 3513 2686; x_wconf 80' lang='grc' dir='ltr'>αἱμάτων,</span> <span class='ocrx_word' id='word_1_404' title='bbox 3542 2616 3666 2669; x_wconf 72' lang='grc' dir='ltr'>οὐδὲ</span> 
     </span>
    </p>
   </div>
   <div class='ocr_carea' id='block_1_56' title="bbox 2077 2710 3657 2793">
    <p class='ocr_par' dir='ltr' id='par_1_56' title="bbox 2077 2710 3657 2793">
     <span class='ocr_line' id='line_1_56' title="bbox 2077 2710 3657 2793; baseline -0.001 -28"><span class='ocrx_word' id='word_1_405' title='bbox 2077 2714 2142 2765; x_wconf 86' lang='grc' dir='ltr'>ὲκ</span> <span class='ocrx_word' id='word_1_406' title='bbox 2171 2711 2475 2781; x_wconf 82' lang='grc' dir='ltr'>θελήματος</span> <span class='ocrx_word' id='word_1_407' title='bbox 2517 2712 2716 2783; x_wconf 80' lang='grc' dir='ltr'>σαρκὸς</span> <span class='ocrx_word' id='word_1_408' title='bbox 2736 2751 2751 2775; x_wconf 96' lang='grc'><strong>,</strong></span> <span class='ocrx_word' id='word_1_409' title='bbox 2794 2711 2910 2765; x_wconf 76' lang='grc' dir='ltr'>ἀλλ’</span> <span class='ocrx_word' id='word_1_410' title='bbox 2955 2713 3020 2765; x_wconf 79' lang='grc' dir='ltr'>ὲκ</span> <span class='ocrx_word' id='word_1_411' title='bbox 3048 2711 3182 2765; x_wconf 87' lang='grc' dir='ltr'><strong>Θεοῦ</strong></span> <span class='ocrx_word' id='word_1_412' title='bbox 3216 2710 3605 2793; x_wconf 74' lang='grc' dir='ltr'>ἐγεννήθησαν.</span> <span class='ocrx_word' id='word_1_413' title='bbox 3638 2729 3657 2763; x_wconf 77' lang='grc' dir='ltr'><strong>ι</strong></span> 
     </span>
    </p>
   </div>
   <div class='ocr_carea' id='block_1_57' title="bbox 2081 2800 3667 2875">
    <p class='ocr_par' dir='ltr' id='par_1_57' title="bbox 2081 2800 3667 2875">
     <span class='ocr_line' id='line_1_57' title="bbox 2081 2800 3667 2875; baseline -0.001 -17"><span class='ocrx_word' id='word_1_414' title='bbox 2081 2805 2230 2858; x_wconf 87' lang='grc' dir='ltr'>Ἔδει</span> <span class='ocrx_word' id='word_1_415' title='bbox 2260 2800 2354 2857; x_wconf 70' lang='grc' dir='ltr'>οὖν</span> <span class='ocrx_word' id='word_1_416' title='bbox 2382 2804 2508 2867; x_wconf 79' lang='grc' dir='ltr'>τοὺς</span> <span class='ocrx_word' id='word_1_417' title='bbox 2538 2806 2596 2857; x_wconf 71' lang='grc' dir='ltr'>ὲν</span> <span class='ocrx_word' id='word_1_418' title='bbox 2629 2804 2839 2867; x_wconf 86' lang='grc' dir='ltr'>τέκνοις</span> <span class='ocrx_word' id='word_1_419' title='bbox 2864 2803 3001 2857; x_wconf 80' lang='grc' dir='ltr'>Θεοῦ</span> <span class='ocrx_word' id='word_1_420' title='bbox 3032 2803 3400 2874; x_wconf 81' lang='grc' dir='ltr'>τεταγμένους</span> <span class='ocrx_word' id='word_1_421' title='bbox 3436 2803 3537 2875; x_wconf 82' lang='grc' dir='ltr'><strong>τὴν</strong></span> <span class='ocrx_word' id='word_1_422' title='bbox 3569 2800 3667 2857; x_wconf 80' lang='grc' dir='ltr'><strong>τοῦ</strong></span> 
     </span>
    </p>
   </div>
   <div class='ocr_carea' id='block_1_58' title="bbox 2077 2893 3665 2965">
    <p class='ocr_par' dir='ltr' id='par_1_58' title="bbox 2077 2893 3665 2965">
     <span class='ocr_line' id='line_1_58' title="bbox 2077 2893 3665 2965; baseline -0.002 -18"><span class='ocrx_word' id='word_1_423' title='bbox 2077 2894 2235 2963; x_wconf 80' lang='grc' dir='ltr'>ἁγίου</span> <span class='ocrx_word' id='word_1_424' title='bbox 2274 2894 2591 2963; x_wconf 86' lang='grc' dir='ltr'>Πνεύματος</span> <span class='ocrx_word' id='word_1_425' title='bbox 2639 2893 3084 2965; x_wconf 64' lang='grc' dir='ltr'>ωταπλουτῆσαι</span> <span class='ocrx_word' id='word_1_426' title='bbox 3129 2893 3313 2965; x_wconf 82' lang='grc' dir='ltr'>χάριν.</span> <span class='ocrx_word' id='word_1_427' title='bbox 3360 2893 3665 2965; x_wconf 84' lang='grc' dir='ltr'>Ἐνήργησε</span> 
     </span>
    </p>
   </div>
   <div class='ocr_carea' id='block_1_59' title="bbox 2077 2984 3665 3057">
    <p class='ocr_par' dir='ltr' id='par_1_59' title="bbox 2077 2984 3665 3057">
     <span class='ocr_line' id='line_1_59' title="bbox 2077 2984 3665 3057; baseline -0.002 -17"><span class='ocrx_word' id='word_1_428' title='bbox 2077 2986 2135 3040; x_wconf 86' lang='grc' dir='ltr'>δὲ</span> <span class='ocrx_word' id='word_1_429' title='bbox 2177 2986 2274 3040; x_wconf 76' lang='grc' dir='ltr'>καὶ</span> <span class='ocrx_word' id='word_1_430' title='bbox 2317 2984 2479 3039; x_wconf 81' lang='grc' dir='ltr'>τοῦτο</span> <span class='ocrx_word' id='word_1_431' title='bbox 2510 2986 2744 3057; x_wconf 79' lang='grc' dir='ltr'>Χριστὸς</span> <span class='ocrx_word' id='word_1_432' title='bbox 2790 2988 2871 3050; x_wconf 80' lang='grc' dir='ltr'><strong>εἰς</strong></span> <span class='ocrx_word' id='word_1_433' title='bbox 2918 2987 3087 3056; x_wconf 83' lang='grc' dir='ltr'>ἡμᾶς.</span> <span class='ocrx_word' id='word_1_434' title='bbox 3124 2987 3218 3039; x_wconf 76' lang='grc' dir='ltr'><strong>καὶ</strong></span> <span class='ocrx_word' id='word_1_435' title='bbox 3248 2985 3422 3053; x_wconf 88' lang='grc' dir='ltr'>λέγων</span> <span class='ocrx_word' id='word_1_436' title='bbox 3458 2984 3665 3038; x_wconf 64' lang='grc' dir='ltr'>πιστῶς</span> 
     </span>
    </p>
   </div>
   <div class='ocr_carea' id='block_1_60' title="bbox 398 3074 1981 3150">
    <p class='ocr_par' dir='ltr' id='par_1_60' title="bbox 398 3074 1978 3146">
     <span class='ocr_line' id='line_1_60' title="bbox 398 3074 1978 3146; baseline 0.007 -22"><span class='ocrx_word' id='word_1_437' title='bbox 398 3074 663 3139; x_wconf 79' lang='lat' dir='ltr'><strong>Operatus</strong></span> <span class='ocrx_word' id='word_1_438' title='bbox 695 3082 781 3127; x_wconf 90' lang='lat' dir='ltr'><strong>est</strong></span> <span class='ocrx_word' id='word_1_439' title='bbox 818 3084 999 3128; x_wconf 86' lang='lat' dir='ltr'><strong>autem</strong></span> <span class='ocrx_word' id='word_1_440' title='bbox 1032 3085 1083 3129; x_wconf 91' lang='lat' dir='ltr'><strong>et</strong></span> <span class='ocrx_word' id='word_1_441' title='bbox 1123 3077 1224 3130; x_wconf 91' lang='lat' dir='ltr'><strong>hoc</strong></span> <span class='ocrx_word' id='word_1_442' title='bbox 1268 3074 1323 3129; x_wconf 93' lang='lat' dir='ltr'><strong>in</strong></span> <span class='ocrx_word' id='word_1_443' title='bbox 1388 3076 1545 3131; x_wconf 91' lang='lat' dir='ltr'><strong>nobis</strong></span> <span class='ocrx_word' id='word_1_444' title='bbox 1566 3076 1835 3146; x_wconf 88' lang='lat' dir='ltr'><strong>Christus,</strong></span> <span class='ocrx_word' id='word_1_445' title='bbox 1891 3080 1978 3135; x_wconf 88' lang='lat' dir='ltr'><strong>cui</strong></span> 
     </span>
    </p>
   </div>
   <div class='ocr_carea' id='block_1_61' title="bbox 2083 3074 3664 3150">
    <p class='ocr_par' dir='ltr' id='par_1_61' title="bbox 2083 3075 3664 3150">
     <span class='ocr_line' id='line_1_61' title="bbox 2083 3075 3664 3150; baseline -0.001 -19"><span class='ocrx_word' id='word_1_446' title='bbox 2083 3095 2233 3131; x_wconf 84' lang='grc' dir='ltr'>σεται</span> <span class='ocrx_word' id='word_1_447' title='bbox 2264 3078 2469 3149; x_wconf 81' lang='grc' dir='ltr'>Πέτρος</span> <span class='ocrx_word' id='word_1_448' title='bbox 2495 3093 2509 3106; x_wconf 89' lang='grc'><strong>·</strong></span> <span class='ocrx_word' id='word_1_449' title='bbox 2547 3096 2567 3129; x_wconf 86' lang='grc'><strong>‹</strong></span> <span class='ocrx_word' id='word_1_450' title='bbox 2595 3078 2673 3149; x_wconf 82' lang='grc' dir='ltr'><strong>Τῇ</strong></span> <span class='ocrx_word' id='word_1_451' title='bbox 2706 3077 2859 3148; x_wconf 80' lang='grc' dir='ltr'>δεξιᾷ</span> <span class='ocrx_word' id='word_1_452' title='bbox 2884 3075 2979 3131; x_wconf 77' lang='grc' dir='ltr'><strong>οὖν</strong></span> <span class='ocrx_word' id='word_1_453' title='bbox 3016 3077 3111 3131; x_wconf 79' lang='grc' dir='ltr'><strong>τοῦ</strong></span> <span class='ocrx_word' id='word_1_454' title='bbox 3143 3076 3356 3150; x_wconf 82' lang='grc' dir='ltr'>Πατρὸς</span> <span class='ocrx_word' id='word_1_455' title='bbox 3406 3076 3664 3147; x_wconf 72' lang='grc' dir='ltr'>ὑψωθεὶς,</span> 
     </span>
    </p>
   </div>
   <div class='ocr_carea' id='block_1_62' title="bbox 400 3148 1981 3237">
    <p class='ocr_par' dir='ltr' id='par_1_62' title="bbox 400 3163 1980 3237">
     <span class='ocr_line' id='line_1_62' title="bbox 400 3163 1980 3237; baseline 0.005 -20"><span class='ocrx_word' id='word_1_456' title='bbox 400 3164 558 3217; x_wconf 86' lang='lat' dir='ltr'><strong>ﬁdem</strong></span> <span class='ocrx_word' id='word_1_457' title='bbox 592 3163 753 3219; x_wconf 83' lang='lat' dir='ltr'><strong>faciet</strong></span> <span class='ocrx_word' id='word_1_458' title='bbox 779 3163 975 3221; x_wconf 84' lang='lat' dir='ltr'><strong>Petrus</strong></span> <span class='ocrx_word' id='word_1_459' title='bbox 1006 3183 1021 3220; x_wconf 91' lang='lat'><strong>:</strong></span> <span class='ocrx_word' id='word_1_460' title='bbox 1058 3184 1077 3219; x_wconf 77' lang='grc' dir='ltr'><strong>ι</strong></span> <span class='ocrx_word' id='word_1_461' title='bbox 1113 3166 1345 3221; x_wconf 81' lang='lat' dir='ltr'><strong>Dextera</strong></span> <span class='ocrx_word' id='word_1_462' title='bbox 1378 3166 1545 3237; x_wconf 83' lang='lat' dir='ltr'><strong>igitur</strong></span> <span class='ocrx_word' id='word_1_463' title='bbox 1567 3168 1748 3224; x_wconf 88' lang='lat' dir='ltr'><strong>Patris</strong></span> <span class='ocrx_word' id='word_1_464' title='bbox 1772 3169 1980 3225; x_wconf 83' lang='lat' dir='ltr'><strong>exalta-</strong></span> 
     </span>
    </p>
   </div>
   <div class='ocr_carea' id='block_1_63' title="bbox 2083 3148 3685 3237">
    <p class='ocr_par' dir='ltr' id='par_1_63' title="bbox 2083 3148 3685 3237">
     <span class='ocr_line' id='line_1_63' title="bbox 2083 3148 3685 3237; baseline 0.001 -19"><span class='ocrx_word' id='word_1_465' title='bbox 2083 3166 2183 3237; x_wconf 86' lang='grc' dir='ltr'>τήν</span> <span class='ocrx_word' id='word_1_466' title='bbox 2214 3182 2274 3217; x_wconf 89' lang='grc' dir='ltr'><strong>τε</strong></span> <span class='ocrx_word' id='word_1_467' title='bbox 2308 3164 2641 3234; x_wconf 76' lang='grc' dir='ltr'>ἐπαγγελίαν</span> <span class='ocrx_word' id='word_1_468' title='bbox 2666 3148 2763 3217; x_wconf 86' lang='grc' dir='ltr'><strong>τοῦ</strong></span> <span class='ocrx_word' id='word_1_469' title='bbox 2801 3166 3117 3236; x_wconf 85' lang='grc' dir='ltr'>Πνεύματος</span> <span class='ocrx_word' id='word_1_470' title='bbox 3157 3148 3274 3218; x_wconf 37' lang='grc' dir='ltr'>τοῦ-</span> <span class='ocrx_word' id='word_1_471' title='bbox 3299 3166 3455 3234; x_wconf 82' lang='grc' dir='ltr'>ἁγίου</span> <span class='ocrx_word' id='word_1_472' title='bbox 3488 3164 3685 3219; x_wconf 79' lang='grc' dir='ltr'>λαϐὼν.</span> 
     </span>
    </p>
   </div>
   <div class='ocr_carea' id='block_1_64' title="bbox 405 3254 1984 3332">
    <p class='ocr_par' dir='ltr' id='par_1_64' title="bbox 405 3254 1984 3332">
     <span class='ocr_line' id='line_1_64' title="bbox 405 3254 1984 3332; baseline 0.008 -27"><span class='ocrx_word' id='word_1_473' title='bbox 405 3264 543 3319; x_wconf 65' lang='lat' dir='ltr'><strong>tus,»</strong></span> <span class='ocrx_word' id='word_1_474' title='bbox 572 3254 767 3323; x_wconf 90' lang='lat' dir='ltr'><strong>inquit,</strong></span> <span class='ocrx_word' id='word_1_475' title='bbox 800 3272 819 3305; x_wconf 77' lang='grc' dir='ltr'><strong>ι</strong></span> <span class='ocrx_word' id='word_1_476' title='bbox 852 3257 1277 3323; x_wconf 81' lang='lat' dir='ltr'><strong>etpromissione</strong></span> <span class='ocrx_word' id='word_1_477' title='bbox 1300 3257 1538 3329; x_wconf 89' lang='lat' dir='ltr'><strong>Spiritus</strong></span> <span class='ocrx_word' id='word_1_478' title='bbox 1563 3260 1735 3315; x_wconf 89' lang='lat' dir='ltr'><strong>sancti</strong></span> <span class='ocrx_word' id='word_1_479' title='bbox 1762 3270 1984 3332; x_wconf 86' lang='lat' dir='ltr'><strong>accepta</strong></span> 
     </span>
    </p>
   </div>
   <div class='ocr_carea' id='block_1_65' title="bbox 399 3346 1983 3419">
    <p class='ocr_par' dir='ltr' id='par_1_65' title="bbox 399 3346 1983 3419">
     <span class='ocr_line' id='line_1_65' title="bbox 399 3346 1983 3419; baseline 0.006 -21"><span class='ocrx_word' id='word_1_480' title='bbox 399 3361 430 3398; x_wconf 86' lang='lat' dir='ltr'><strong>a</strong></span> <span class='ocrx_word' id='word_1_481' title='bbox 465 3347 642 3409; x_wconf 85' lang='lat' dir='ltr'><strong>Patre,</strong></span> <span class='ocrx_word' id='word_1_482' title='bbox 673 3346 864 3400; x_wconf 82' lang='lat' dir='ltr'><strong>eﬁ&#39;udit</strong></span> <span class='ocrx_word' id='word_1_483' title='bbox 911 3347 1075 3411; x_wconf 86' lang='lat' dir='ltr'><strong>hunc,</strong></span> <span class='ocrx_word' id='word_1_484' title='bbox 1106 3364 1266 3419; x_wconf 90' lang='lat' dir='ltr'><strong>quem</strong></span> <span class='ocrx_word' id='word_1_485' title='bbox 1299 3365 1395 3405; x_wconf 90' lang='lat' dir='ltr'><strong>vos</strong></span> <span class='ocrx_word' id='word_1_486' title='bbox 1460 3351 1661 3407; x_wconf 90' lang='lat' dir='ltr'><strong>videtis</strong></span> <span class='ocrx_word' id='word_1_487' title='bbox 1707 3362 1763 3407; x_wconf 91' lang='lat' dir='ltr'><strong>et</strong></span> <span class='ocrx_word' id='word_1_488' title='bbox 1825 3352 1983 3408; x_wconf 88' lang='lat' dir='ltr'><strong>audi-</strong></span> 
     </span>
    </p>
   </div>
   <div class='ocr_carea' id='block_1_66' title="bbox 403 3437 1985 3513">
    <p class='ocr_par' dir='ltr' id='par_1_66' title="bbox 403 3437 1985 3513">
     <span class='ocr_line' id='line_1_66' title="bbox 403 3437 1985 3513; baseline 0.006 -25"><span class='ocrx_word' id='word_1_489' title='bbox 403 3438 471 3491; x_wconf 87' lang='lat' dir='ltr'><strong>tis</strong></span> <span class='ocrx_word' id='word_1_490' title='bbox 499 3438 565 3493; x_wconf 84' lang='grc'>³⁸.</span> <span class='ocrx_word' id='word_1_491' title='bbox 605 3455 623 3490; x_wconf 84' lang='grc'><strong>›</strong></span> <span class='ocrx_word' id='word_1_492' title='bbox 651 3437 871 3507; x_wconf 86' lang='lat' dir='ltr'><strong>Accepit</strong></span> <span class='ocrx_word' id='word_1_493' title='bbox 898 3441 1113 3508; x_wconf 89' lang='lat' dir='ltr'><strong>quidem</strong></span> <span class='ocrx_word' id='word_1_494' title='bbox 1150 3458 1176 3494; x_wconf 88' lang='lat' dir='ltr'><strong>a</strong></span> <span class='ocrx_word' id='word_1_495' title='bbox 1212 3440 1375 3497; x_wconf 86' lang='lat' dir='ltr'><strong>Patre</strong></span> <span class='ocrx_word' id='word_1_496' title='bbox 1404 3442 1691 3512; x_wconf 87' lang='lat' dir='ltr'><strong>Spiritum,</strong></span> <span class='ocrx_word' id='word_1_497' title='bbox 1727 3443 1821 3513; x_wconf 88' lang='lat' dir='ltr'><strong>qui</strong></span> <span class='ocrx_word' id='word_1_498' title='bbox 1843 3443 1985 3500; x_wconf 70' lang='lat' dir='ltr'><strong>ineat</strong></span> 
     </span>
    </p>
   </div>
   <div class='ocr_carea' id='block_1_67' title="bbox 403 3530 1982 3604">
    <p class='ocr_par' dir='ltr' id='par_1_67' title="bbox 403 3530 1982 3604">
     <span class='ocr_line' id='line_1_67' title="bbox 403 3530 1982 3604; baseline 0.004 -19"><span class='ocrx_word' id='word_1_499' title='bbox 403 3530 480 3585; x_wconf 89' lang='lat' dir='ltr'><strong>illi</strong></span> <span class='ocrx_word' id='word_1_500' title='bbox 510 3531 858 3589; x_wconf 86' lang='lat' dir='ltr'><strong>naturaliter:</strong></span> <span class='ocrx_word' id='word_1_501' title='bbox 896 3551 915 3584; x_wconf 85' lang='grc'><strong>‹</strong></span> <span class='ocrx_word' id='word_1_502' title='bbox 949 3532 1147 3588; x_wconf 78' lang='lat' dir='ltr'><strong>Eﬁ‘udit</strong></span> <span class='ocrx_word' id='word_1_503' title='bbox 1178 3543 1359 3590; x_wconf 90' lang='lat' dir='ltr'><strong>autem</strong></span> <span class='ocrx_word' id='word_1_504' title='bbox 1382 3535 1436 3590; x_wconf 91' lang='lat' dir='ltr'><strong>in</strong></span> <span class='ocrx_word' id='word_1_505' title='bbox 1471 3550 1572 3592; x_wconf 87' lang='lat' dir='ltr'><strong>nos</strong></span> <span class='ocrx_word' id='word_1_506' title='bbox 1601 3536 1817 3593; x_wconf 86' lang='lat' dir='ltr'><strong>abunde</strong></span> <span class='ocrx_word' id='word_1_507' title='bbox 1846 3536 1913 3604; x_wconf 82' lang='grc'>³⁸,</span> <span class='ocrx_word' id='word_1_508' title='bbox 1960 3555 1982 3591; x_wconf 72' lang='grc' dir='ltr'><strong>ι</strong></span> 
     </span>
    </p>
   </div>
   <div class='ocr_carea' id='block_1_68' title="bbox 401 3626 1987 3694">
    <p class='ocr_par' dir='ltr' id='par_1_68' title="bbox 401 3626 1987 3694">
     <span class='ocr_line' id='line_1_68' title="bbox 401 3626 1987 3694; baseline 0.006 -19"><span class='ocrx_word' id='word_1_509' title='bbox 401 3626 527 3691; x_wconf 81' lang='lat' dir='ltr'><strong>quia</strong></span> <span class='ocrx_word' id='word_1_510' title='bbox 555 3626 693 3679; x_wconf 85' lang='lat' dir='ltr'><strong>Deus</strong></span> <span class='ocrx_word' id='word_1_511' title='bbox 730 3626 1024 3681; x_wconf 85' lang='lat' dir='ltr'><strong>secundum</strong></span> <span class='ocrx_word' id='word_1_512' title='bbox 1065 3635 1311 3680; x_wconf 87' lang='lat' dir='ltr'><strong>naturam</strong></span> <span class='ocrx_word' id='word_1_513' title='bbox 1365 3635 1470 3694; x_wconf 90' lang='lat' dir='ltr'><strong>est,</strong></span> <span class='ocrx_word' id='word_1_514' title='bbox 1511 3636 1568 3682; x_wconf 83' lang='lat' dir='ltr'><strong>et</strong></span> <span class='ocrx_word' id='word_1_515' title='bbox 1616 3642 1748 3683; x_wconf 90' lang='lat' dir='ltr'><strong>caro</strong></span> <span class='ocrx_word' id='word_1_516' title='bbox 1811 3628 1987 3685; x_wconf 82' lang='lat' dir='ltr'><strong>factus</strong></span> 
     </span>
    </p>
   </div>
   <div class='ocr_carea' id='block_1_69' title="bbox 401 3716 1990 3790">
    <p class='ocr_par' dir='ltr' id='par_1_69' title="bbox 401 3716 1990 3790">
     <span class='ocr_line' id='line_1_69' title="bbox 401 3716 1990 3790; baseline 0.003 -19"><span class='ocrx_word' id='word_1_517' title='bbox 401 3728 506 3771; x_wconf 84' lang='lat' dir='ltr'><strong>est.</strong></span> <span class='ocrx_word' id='word_1_518' title='bbox 543 3716 741 3772; x_wconf 81' lang='lat' dir='ltr'><strong>Eﬁ&#39;udit</strong></span> <span class='ocrx_word' id='word_1_519' title='bbox 766 3732 928 3787; x_wconf 91' lang='lat' dir='ltr'><strong>porro</strong></span> <span class='ocrx_word' id='word_1_520' title='bbox 946 3732 1111 3787; x_wconf 88' lang='lat' dir='ltr'><strong>super</strong></span> <span class='ocrx_word' id='word_1_521' title='bbox 1137 3732 1352 3773; x_wconf 91' lang='lat' dir='ltr'><strong>omnem</strong></span> <span class='ocrx_word' id='word_1_522' title='bbox 1376 3733 1592 3774; x_wconf 91' lang='lat' dir='ltr'><strong>carnem</strong></span> <span class='ocrx_word' id='word_1_523' title='bbox 1616 3735 1633 3786; x_wconf 73' lang='grc' dir='ltr'><strong>ς</strong></span> <span class='ocrx_word' id='word_1_524' title='bbox 1665 3720 1851 3790; x_wconf 90' lang='lat' dir='ltr'><strong>utique</strong></span> <span class='ocrx_word' id='word_1_525' title='bbox 1881 3735 1990 3777; x_wconf 81' lang='lat' dir='ltr'><strong>non</strong></span> 
     </span>
    </p>
   </div>
   <div class='ocr_carea' id='block_1_70' title="bbox 404 3810 1987 3880">
    <p class='ocr_par' dir='ltr' id='par_1_70' title="bbox 404 3810 1987 3880">
     <span class='ocr_line' id='line_1_70' title="bbox 404 3810 1987 3880; baseline 0.003 -17"><span class='ocrx_word' id='word_1_526' title='bbox 404 3810 575 3865; x_wconf 85' lang='lat' dir='ltr'><strong>solum</strong></span> <span class='ocrx_word' id='word_1_527' title='bbox 622 3825 787 3879; x_wconf 90' lang='lat' dir='ltr'><strong>super</strong></span> <span class='ocrx_word' id='word_1_528' title='bbox 814 3825 908 3865; x_wconf 85' lang='lat' dir='ltr'><strong>eos</strong></span> <span class='ocrx_word' id='word_1_529' title='bbox 942 3811 1032 3880; x_wconf 87' lang='lat' dir='ltr'><strong>qui</strong></span> <span class='ocrx_word' id='word_1_530' title='bbox 1058 3827 1128 3865; x_wconf 82' lang='lat' dir='ltr'><strong>ex</strong></span> <span class='ocrx_word' id='word_1_531' title='bbox 1170 3812 1588 3868; x_wconf 88' lang='lat' dir='ltr'><strong>circumcisione</strong></span> <span class='ocrx_word' id='word_1_532' title='bbox 1612 3812 1987 3880; x_wconf 88' lang='lat' dir='ltr'><strong>crediderunt,</strong></span> 
     </span>
    </p>
   </div>
   <div class='ocr_carea' id='block_1_71' title="bbox 403 3902 1988 3974">
    <p class='ocr_par' dir='ltr' id='par_1_71' title="bbox 403 3902 1988 3974">
     <span class='ocr_line' id='line_1_71' title="bbox 403 3902 1988 3974; baseline 0.003 -19"><span class='ocrx_word' id='word_1_533' title='bbox 403 3903 498 3957; x_wconf 78' lang='lat' dir='ltr'><strong>sed</strong></span> <span class='ocrx_word' id='word_1_534' title='bbox 530 3918 695 3972; x_wconf 87' lang='lat' dir='ltr'><strong>super</strong></span> <span class='ocrx_word' id='word_1_535' title='bbox 718 3918 911 3957; x_wconf 92' lang='lat' dir='ltr'><strong>omnes</strong></span> <span class='ocrx_word' id='word_1_536' title='bbox 944 3902 1264 3972; x_wconf 87' lang='lat' dir='ltr'><strong>simpliciter</strong></span> <span class='ocrx_word' id='word_1_537' title='bbox 1285 3918 1383 3974; x_wconf 91' lang='lat' dir='ltr'><strong>per</strong></span> <span class='ocrx_word' id='word_1_538' title='bbox 1409 3904 1566 3959; x_wconf 89' lang='lat' dir='ltr'><strong>ﬁdem</strong></span> <span class='ocrx_word' id='word_1_539' title='bbox 1610 3914 1860 3971; x_wconf 85' lang='lat' dir='ltr'><strong>vocatos,</strong></span> <span class='ocrx_word' id='word_1_540' title='bbox 1892 3918 1988 3960; x_wconf 88' lang='lat' dir='ltr'><strong>seu</strong></span> 
     </span>
    </p>
   </div>
   <div class='ocr_carea' id='block_1_72' title="bbox 405 3995 1988 4066">
    <p class='ocr_par' dir='ltr' id='par_1_72' title="bbox 405 3995 1988 4066">
     <span class='ocr_line' id='line_1_72' title="bbox 405 3995 1988 4066; baseline 0.003 -19"><span class='ocrx_word' id='word_1_541' title='bbox 405 4010 622 4062; x_wconf 86' lang='lat' dir='ltr'><strong>parvos,</strong></span> <span class='ocrx_word' id='word_1_542' title='bbox 655 4011 748 4050; x_wconf 87' lang='lat' dir='ltr'><strong>seu</strong></span> <span class='ocrx_word' id='word_1_543' title='bbox 774 4010 1021 4066; x_wconf 79' lang='lat' dir='ltr'><strong>magnos,</strong></span> <span class='ocrx_word' id='word_1_544' title='bbox 1054 4010 1247 4050; x_wconf 86' lang='lat' dir='ltr'><strong>servos</strong></span> <span class='ocrx_word' id='word_1_545' title='bbox 1269 4006 1324 4050; x_wconf 91' lang='lat' dir='ltr'><strong>et</strong></span> <span class='ocrx_word' id='word_1_546' title='bbox 1354 3995 1578 4057; x_wconf 88' lang='lat' dir='ltr'><strong>liberos,</strong></span> <span class='ocrx_word' id='word_1_547' title='bbox 1632 3997 1898 4052; x_wconf 88' lang='lat' dir='ltr'><strong>barbaros</strong></span> <span class='ocrx_word' id='word_1_548' title='bbox 1930 4006 1988 4052; x_wconf 89' lang='lat' dir='ltr'><strong>et</strong></span> 
     </span>
    </p>
   </div>
   <div class='ocr_carea' id='block_1_73' title="bbox 407 4087 1989 4159">
    <p class='ocr_par' dir='ltr' id='par_1_73' title="bbox 407 4087 1989 4159">
     <span class='ocr_line' id='line_1_73' title="bbox 407 4087 1989 4159; baseline 0.003 -18"><span class='ocrx_word' id='word_1_549' title='bbox 407 4089 663 4156; x_wconf 83' lang='lat' dir='ltr'><strong>Scythas.</strong></span> <span class='ocrx_word' id='word_1_550' title='bbox 698 4087 981 4159; x_wconf 85' lang='lat' dir='ltr'><strong>Proposita</strong></span> <span class='ocrx_word' id='word_1_551' title='bbox 1010 4097 1093 4143; x_wconf 92' lang='lat' dir='ltr'><strong>est</strong></span> <span class='ocrx_word' id='word_1_552' title='bbox 1124 4089 1269 4142; x_wconf 91' lang='lat' dir='ltr'><strong>enim</strong></span> <span class='ocrx_word' id='word_1_553' title='bbox 1299 4089 1468 4159; x_wconf 78' lang='lat' dir='ltr'><strong>gratia</strong></span> <span class='ocrx_word' id='word_1_554' title='bbox 1500 4089 1694 4145; x_wconf 89' lang='lat' dir='ltr'><strong>salutis</strong></span> <span class='ocrx_word' id='word_1_555' title='bbox 1727 4090 1781 4145; x_wconf 91' lang='lat' dir='ltr'><strong>in</strong></span> <span class='ocrx_word' id='word_1_556' title='bbox 1826 4089 1989 4145; x_wconf 86' lang='lat' dir='ltr'><strong>Chri-</strong></span> 
     </span>
    </p>
   </div>
   <div class='ocr_carea' id='block_1_74' title="bbox 407 4179 1993 4252">
    <p class='ocr_par' dir='ltr' id='par_1_74' title="bbox 407 4179 1993 4252">
     <span class='ocr_line' id='line_1_74' title="bbox 407 4179 1993 4252; baseline 0.003 -19"><span class='ocrx_word' id='word_1_557' title='bbox 407 4189 491 4233; x_wconf 91' lang='lat' dir='ltr'><strong>sto</strong></span> <span class='ocrx_word' id='word_1_558' title='bbox 516 4180 680 4250; x_wconf 78' lang='lat'><strong>229</strong></span> <span class='ocrx_word' id='word_1_559' title='bbox 730 4180 1047 4235; x_wconf 79' lang='lat' dir='ltr'><strong>mortalibus</strong></span> <span class='ocrx_word' id='word_1_560' title='bbox 1090 4179 1385 4245; x_wconf 85' lang='lat' dir='ltr'><strong>universis,</strong></span> <span class='ocrx_word' id='word_1_561' title='bbox 1418 4183 1509 4249; x_wconf 92' lang='lat' dir='ltr'><strong>qui</strong></span> <span class='ocrx_word' id='word_1_562' title='bbox 1570 4200 1587 4233; x_wconf 77' lang='grc' dir='ltr'><strong>ι</strong></span> <span class='ocrx_word' id='word_1_563' title='bbox 1643 4192 1698 4237; x_wconf 90' lang='lat' dir='ltr'><strong>et</strong></span> <span class='ocrx_word' id='word_1_564' title='bbox 1744 4183 1861 4252; x_wconf 92' lang='lat' dir='ltr'><strong>ipse</strong></span> <span class='ocrx_word' id='word_1_565' title='bbox 1907 4192 1993 4238; x_wconf 92' lang='lat' dir='ltr'><strong>est</strong></span> 
     </span>
    </p>
   </div>
   <div class='ocr_carea' id='block_1_75' title="bbox 407 4272 1990 4345">
    <p class='ocr_par' dir='ltr' id='par_1_75' title="bbox 407 4272 1990 4345">
     <span class='ocr_line' id='line_1_75' title="bbox 407 4272 1990 4345; baseline 0.004 -21"><span class='ocrx_word' id='word_1_566' title='bbox 407 4272 746 4338; x_wconf 77' lang='lat' dir='ltr'><strong>exspectatio</strong></span> <span class='ocrx_word' id='word_1_567' title='bbox 791 4274 1035 4343; x_wconf 74' lang='lat' dir='ltr'><strong>gentium</strong></span> <span class='ocrx_word' id='word_1_568' title='bbox 1063 4273 1130 4326; x_wconf 82' lang='grc'>³⁷.</span> <span class='ocrx_word' id='word_1_569' title='bbox 1177 4292 1196 4326; x_wconf 77' lang='grc' dir='ltr'><strong>ι</strong></span> <span class='ocrx_word' id='word_1_570' title='bbox 1225 4273 1380 4340; x_wconf 84' lang='lat' dir='ltr'><strong>Quod</strong></span> <span class='ocrx_word' id='word_1_571' title='bbox 1434 4274 1482 4328; x_wconf 86' lang='lat' dir='ltr'><strong>si</strong></span> <span class='ocrx_word' id='word_1_572' title='bbox 1536 4275 1754 4343; x_wconf 89' lang='lat' dir='ltr'><strong>quidam</strong></span> <span class='ocrx_word' id='word_1_573' title='bbox 1807 4275 1990 4345; x_wconf 74' lang='lat' dir='ltr'><strong>lingua</strong></span> 
     </span>
    </p>
   </div>
   <div class='ocr_carea' id='block_1_76' title="bbox 364 4364 1991 4431">
    <p class='ocr_par' dir='ltr' id='par_1_76' title="bbox 364 4364 1991 4431">
     <span class='ocr_line' id='line_1_76' title="bbox 364 4364 1991 4431; baseline 0.002 -14"><span class='ocrx_word' id='word_1_574' title='bbox 364 4398 367 4401; x_wconf 96' lang='lat'><strong><em>-</em></strong></span> <span class='ocrx_word' id='word_1_575' title='bbox 407 4364 710 4431; x_wconf 82' lang='lat' dir='ltr'><strong>petulantes</strong></span> <span class='ocrx_word' id='word_1_576' title='bbox 762 4375 816 4419; x_wconf 91' lang='lat' dir='ltr'><strong>et</strong></span> <span class='ocrx_word' id='word_1_577' title='bbox 852 4366 1149 4420; x_wconf 86' lang='lat' dir='ltr'><strong>delirantes</strong></span> <span class='ocrx_word' id='word_1_578' title='bbox 1199 4364 1383 4419; x_wconf 85' lang='lat' dir='ltr'><strong>dicant</strong></span> <span class='ocrx_word' id='word_1_579' title='bbox 1436 4378 1655 4420; x_wconf 91' lang='lat' dir='ltr'><strong>carnem</strong></span> <span class='ocrx_word' id='word_1_580' title='bbox 1691 4365 1795 4420; x_wconf 90' lang='lat' dir='ltr'><strong>dici</strong></span> <span class='ocrx_word' id='word_1_581' title='bbox 1826 4367 1991 4421; x_wconf 89' lang='lat' dir='ltr'><strong>etiam</strong></span> 
     </span>
    </p>
   </div>
   <div class='ocr_carea' id='block_1_77' title="bbox 2084 3256 3669 3331">
    <p class='ocr_par' dir='ltr' id='par_1_77' title="bbox 2084 3256 3669 3331">
     <span class='ocr_line' id='line_1_77' title="bbox 2084 3256 3669 3331; baseline -0.001 -19"><span class='ocrx_word' id='word_1_582' title='bbox 2084 3258 2239 3331; x_wconf 75' lang='grc' dir='ltr'>παρὰ</span> <span class='ocrx_word' id='word_1_583' title='bbox 2276 3258 2369 3313; x_wconf 87' lang='grc' dir='ltr'><strong>τοῦ</strong></span> <span class='ocrx_word' id='word_1_584' title='bbox 2404 3258 2649 3330; x_wconf 78' lang='grc' dir='ltr'>Πατρὸς,</span> <span class='ocrx_word' id='word_1_585' title='bbox 2687 3258 2871 3329; x_wconf 81' lang='grc' dir='ltr'>ἐξέχεε</span> <span class='ocrx_word' id='word_1_586' title='bbox 2926 3258 3085 3311; x_wconf 87' lang='grc' dir='ltr'>τοῦτο</span> <span class='ocrx_word' id='word_1_587' title='bbox 3129 3256 3157 3310; x_wconf 85' lang='grc' dir='ltr'><strong>ὃ</strong></span> <span class='ocrx_word' id='word_1_588' title='bbox 3204 3258 3362 3326; x_wconf 80' lang='grc' dir='ltr'>ὑμεῖς</span> <span class='ocrx_word' id='word_1_589' title='bbox 3412 3258 3669 3329; x_wconf 79' lang='grc' dir='ltr'>βλέπετε,</span> 
     </span>
    </p>
   </div>
   <div class='ocr_carea' id='block_1_78' title="bbox 2086 3348 3675 3421">
    <p class='ocr_par' dir='ltr' id='par_1_78' title="bbox 2086 3348 3675 3421">
     <span class='ocr_line' id='line_1_78' title="bbox 2086 3348 3675 3421; baseline -0.001 -15"><span class='ocrx_word' id='word_1_590' title='bbox 2086 3353 2179 3406; x_wconf 77' lang='grc' dir='ltr'>καὶ</span> <span class='ocrx_word' id='word_1_591' title='bbox 2208 3352 2456 3406; x_wconf 84' lang='grc' dir='ltr'>ἀκούετε.</span> <span class='ocrx_word' id='word_1_592' title='bbox 2483 3370 2501 3403; x_wconf 75' lang='grc' dir='ltr'><strong>ι</strong></span> <span class='ocrx_word' id='word_1_593' title='bbox 2532 3351 2755 3421; x_wconf 85' lang='grc' dir='ltr'>Δέχεται</span> <span class='ocrx_word' id='word_1_594' title='bbox 2788 3349 2886 3419; x_wconf 79' lang='grc' dir='ltr'><strong>μὲν</strong></span> <span class='ocrx_word' id='word_1_595' title='bbox 2932 3349 3039 3421; x_wconf 83' lang='grc' dir='ltr'><strong>γάρ</strong></span> <span class='ocrx_word' id='word_1_596' title='bbox 3071 3349 3146 3413; x_wconf 83' lang='grc' dir='ltr'><strong>ὡς</strong></span> <span class='ocrx_word' id='word_1_597' title='bbox 3186 3348 3472 3420; x_wconf 75' lang='grc' dir='ltr'>ἄνθρωπος</span> <span class='ocrx_word' id='word_1_598' title='bbox 3518 3350 3675 3421; x_wconf 85' lang='grc' dir='ltr'><strong>παρά</strong></span> 
     </span>
    </p>
   </div>
   <div class='ocr_carea' id='block_1_79' title="bbox 2086 3439 3674 3514">
    <p class='ocr_par' dir='ltr' id='par_1_79' title="bbox 2086 3439 3674 3514">
     <span class='ocr_line' id='line_1_79' title="bbox 2086 3439 3674 3514; baseline -0.002 -17"><span class='ocrx_word' id='word_1_599' title='bbox 2086 3442 2179 3497; x_wconf 85' lang='grc' dir='ltr'><strong>τοῦ</strong></span> <span class='ocrx_word' id='word_1_600' title='bbox 2205 3442 2417 3514; x_wconf 84' lang='grc' dir='ltr'>Πατρὸς</span> <span class='ocrx_word' id='word_1_601' title='bbox 2441 3441 2501 3495; x_wconf 83' lang='grc' dir='ltr'><strong>τὸ</strong></span> <span class='ocrx_word' id='word_1_602' title='bbox 2529 3441 2647 3494; x_wconf 80' lang='grc' dir='ltr'>ἐνὸν</span> <span class='ocrx_word' id='word_1_603' title='bbox 2677 3439 2826 3510; x_wconf 79' lang='grc' dir='ltr'>αὐτῷ</span> <span class='ocrx_word' id='word_1_604' title='bbox 2856 3440 3099 3509; x_wconf 86' lang='grc' dir='ltr'>φυσικῶς</span> <span class='ocrx_word' id='word_1_605' title='bbox 3117 3456 3132 3471; x_wconf 79' lang='grc' dir='ltr'><strong><em>ο</em></strong></span> <span class='ocrx_word' id='word_1_606' title='bbox 3170 3458 3187 3489; x_wconf 79' lang='grc' dir='ltr'><strong>ι</strong></span> <span class='ocrx_word' id='word_1_607' title='bbox 3220 3440 3403 3510; x_wconf 85' lang='grc' dir='ltr'>Ἐκχεῖ</span> <span class='ocrx_word' id='word_1_608' title='bbox 3429 3440 3487 3494; x_wconf 79' lang='grc' dir='ltr'>δὲ</span> <span class='ocrx_word' id='word_1_609' title='bbox 3516 3441 3674 3494; x_wconf 75' lang='grc' dir='ltr'>πλουο</span> 
     </span>
    </p>
   </div>
   <div class='ocr_carea' id='block_1_80' title="bbox 2090 3530 3674 3604">
    <p class='ocr_par' dir='ltr' id='par_1_80' title="bbox 2090 3530 3674 3604">
     <span class='ocr_line' id='line_1_80' title="bbox 2090 3530 3674 3604; baseline -0.003 -16"><span class='ocrx_word' id='word_1_610' title='bbox 2090 3534 2221 3597; x_wconf 85' lang='grc' dir='ltr'>σίως</span> <span class='ocrx_word' id='word_1_611' title='bbox 2256 3534 2339 3597; x_wconf 86' lang='grc' dir='ltr'>εἰς</span> <span class='ocrx_word' id='word_1_612' title='bbox 2369 3534 2536 3604; x_wconf 79' lang='grc' dir='ltr'>ἡμᾶς,</span> <span class='ocrx_word' id='word_1_613' title='bbox 2568 3553 2585 3584; x_wconf 74' lang='grc' dir='ltr'><strong>ι</strong></span> <span class='ocrx_word' id='word_1_614' title='bbox 2623 3533 2704 3586; x_wconf 81' lang='grc' dir='ltr'>ὅτι</span> <span class='ocrx_word' id='word_1_615' title='bbox 2744 3531 2877 3596; x_wconf 82' lang='grc' dir='ltr'>Θεὸς</span> <span class='ocrx_word' id='word_1_616' title='bbox 2908 3532 3052 3586; x_wconf 84' lang='grc' dir='ltr'>κατὰ</span> <span class='ocrx_word' id='word_1_617' title='bbox 3077 3530 3238 3600; x_wconf 82' lang='grc' dir='ltr'>φύσιν</span> <span class='ocrx_word' id='word_1_618' title='bbox 3268 3532 3404 3596; x_wconf 74' lang='grc' dir='ltr'>ἐστὶ,</span> <span class='ocrx_word' id='word_1_619' title='bbox 3441 3532 3537 3586; x_wconf 75' lang='grc' dir='ltr'><strong>καὶ</strong></span> <span class='ocrx_word' id='word_1_620' title='bbox 3579 3531 3674 3600; x_wconf 82' lang='grc' dir='ltr'><strong>γέ⁹</strong></span> 
     </span>
    </p>
   </div>
   <div class='ocr_carea' id='block_1_81' title="bbox 2087 3623 3674 3696">
    <p class='ocr_par' dir='ltr' id='par_1_81' title="bbox 2087 3623 3674 3696">
     <span class='ocr_line' id='line_1_81' title="bbox 2087 3623 3674 3696; baseline -0.001 -17"><span class='ocrx_word' id='word_1_621' title='bbox 2087 3643 2209 3694; x_wconf 89' lang='grc' dir='ltr'>γονε</span> <span class='ocrx_word' id='word_1_622' title='bbox 2235 3624 2389 3695; x_wconf 83' lang='grc' dir='ltr'>σάρξ.</span> <span class='ocrx_word' id='word_1_623' title='bbox 2428 3626 2612 3696; x_wconf 84' lang='grc' dir='ltr'>Ἐκχεῖ</span> <span class='ocrx_word' id='word_1_624' title='bbox 2628 3625 2687 3679; x_wconf 81' lang='grc' dir='ltr'>δὲ</span> <span class='ocrx_word' id='word_1_625' title='bbox 2713 3625 2809 3678; x_wconf 78' lang='grc' dir='ltr'><strong>καὶ</strong></span> <span class='ocrx_word' id='word_1_626' title='bbox 2830 3625 2920 3676; x_wconf 75' lang='grc' dir='ltr'>ἐπὶ</span> <span class='ocrx_word' id='word_1_627' title='bbox 2945 3626 3125 3678; x_wconf 85' lang='grc' dir='ltr'>πᾶσαν</span> <span class='ocrx_word' id='word_1_628' title='bbox 3158 3626 3355 3696; x_wconf 81' lang='grc' dir='ltr'>σάρκα.</span> <span class='ocrx_word' id='word_1_629' title='bbox 3382 3624 3492 3677; x_wconf 83' lang='grc' dir='ltr'><strong>Καὶ</strong></span> <span class='ocrx_word' id='word_1_630' title='bbox 3516 3623 3674 3678; x_wconf 83' lang='grc' dir='ltr'>τοῦτο</span> 
     </span>
    </p>
   </div>
   <div class='ocr_carea' id='block_1_82' title="bbox 2087 3714 3673 3789">
    <p class='ocr_par' dir='ltr' id='par_1_82' title="bbox 2087 3714 3673 3789">
     <span class='ocr_line' id='line_1_82' title="bbox 2087 3714 3673 3789; baseline -0.001 -18"><span class='ocrx_word' id='word_1_631' title='bbox 2087 3717 2266 3789; x_wconf 83' lang='grc' dir='ltr'>δῆλον,</span> <span class='ocrx_word' id='word_1_632' title='bbox 2295 3716 2370 3779; x_wconf 85' lang='grc' dir='ltr'>ὼς</span> <span class='ocrx_word' id='word_1_633' title='bbox 2399 3717 2500 3769; x_wconf 78' lang='grc' dir='ltr'><strong>οὑκ</strong></span> <span class='ocrx_word' id='word_1_634' title='bbox 2533 3716 2626 3769; x_wconf 70' lang='grc' dir='ltr'><strong>ἐπὶ</strong></span> <span class='ocrx_word' id='word_1_635' title='bbox 2659 3715 2855 3786; x_wconf 86' lang='grc' dir='ltr'>μόνους</span> <span class='ocrx_word' id='word_1_636' title='bbox 2902 3715 3030 3779; x_wconf 80' lang='grc' dir='ltr'>τοὺς</span> <span class='ocrx_word' id='word_1_637' title='bbox 3069 3715 3135 3768; x_wconf 81' lang='grc' dir='ltr'>ὲκ</span> <span class='ocrx_word' id='word_1_638' title='bbox 3178 3715 3514 3786; x_wconf 82' lang='grc' dir='ltr'>περιτομῆς,</span> <span class='ocrx_word' id='word_1_639' title='bbox 3555 3714 3673 3769; x_wconf 80' lang='grc' dir='ltr'>ἀλλ’</span> 
     </span>
    </p>
   </div>
   <div class='ocr_carea' id='block_1_83' title="bbox 2089 3805 3670 3879">
    <p class='ocr_par' dir='ltr' id='par_1_83' title="bbox 2089 3805 3670 3879">
     <span class='ocr_line' id='line_1_83' title="bbox 2089 3805 3670 3879; baseline -0.004 -13"><span class='ocrx_word' id='word_1_640' title='bbox 2089 3812 2173 3879; x_wconf 75' lang='grc' dir='ltr'><strong>ἐφ’</strong></span> <span class='ocrx_word' id='word_1_641' title='bbox 2204 3812 2448 3873; x_wconf 66' lang='grc' dir='ltr'>ἅπαντας</span> <span class='ocrx_word' id='word_1_642' title='bbox 2484 3808 2671 3872; x_wconf 81' lang='grc' dir='ltr'>ἁπλῶς</span> <span class='ocrx_word' id='word_1_643' title='bbox 2709 3809 2836 3871; x_wconf 77' lang='grc' dir='ltr'>τοὺς</span> <span class='ocrx_word' id='word_1_644' title='bbox 2872 3806 2960 3861; x_wconf 81' lang='grc' dir='ltr'><strong>διὰ</strong></span> <span class='ocrx_word' id='word_1_645' title='bbox 3005 3806 3240 3869; x_wconf 83' lang='grc' dir='ltr'>πίστεως</span> <span class='ocrx_word' id='word_1_646' title='bbox 3284 3805 3670 3877; x_wconf 83' lang='grc' dir='ltr'>καλουμένους,</span> 
     </span>
    </p>
   </div>
   <div class='ocr_carea' id='block_1_84' title="bbox 2089 3897 3673 3972">
    <p class='ocr_par' dir='ltr' id='par_1_84' title="bbox 2089 3897 3673 3972">
     <span class='ocr_line' id='line_1_84' title="bbox 2089 3897 3673 3972; baseline -0.003 -16"><span class='ocrx_word' id='word_1_647' title='bbox 2089 3903 2193 3956; x_wconf 80' lang='grc' dir='ltr'><strong>κᾶν</strong></span> <span class='ocrx_word' id='word_1_648' title='bbox 2233 3901 2342 3954; x_wconf 80' lang='grc' dir='ltr'>εἴτε</span> <span class='ocrx_word' id='word_1_649' title='bbox 2376 3899 2563 3972; x_wconf 75' lang='grc' dir='ltr'>μικροὶ</span> <span class='ocrx_word' id='word_1_650' title='bbox 2591 3901 2685 3955; x_wconf 76' lang='grc' dir='ltr'><strong>καὶ</strong></span> <span class='ocrx_word' id='word_1_651' title='bbox 2731 3898 2983 3969; x_wconf 85' lang='grc' dir='ltr'>μεγάλοι,</span> <span class='ocrx_word' id='word_1_652' title='bbox 3030 3897 3206 3952; x_wconf 78' lang='grc' dir='ltr'>δοῦλοι</span> <span class='ocrx_word' id='word_1_653' title='bbox 3239 3900 3333 3954; x_wconf 77' lang='grc' dir='ltr'><strong>καὶ</strong></span> <span class='ocrx_word' id='word_1_654' title='bbox 3374 3899 3673 3971; x_wconf 80' lang='grc' dir='ltr'>ἐλεύθεροι,</span> 
     </span>
    </p>
   </div>
   <div class='ocr_carea' id='block_1_85' title="bbox 2098 3991 3676 4067">
    <p class='ocr_par' dir='ltr' id='par_1_85' title="bbox 2098 3991 3676 4067">
     <span class='ocr_line' id='line_1_85' title="bbox 2098 3991 3676 4067; baseline -0.004 -16"><span class='ocrx_word' id='word_1_655' title='bbox 2098 3993 2364 4067; x_wconf 83' lang='grc' dir='ltr'>βάρόαροί</span> <span class='ocrx_word' id='word_1_656' title='bbox 2410 4010 2470 4046; x_wconf 91' lang='grc' dir='ltr'><strong>τε</strong></span> <span class='ocrx_word' id='word_1_657' title='bbox 2522 3993 2618 4047; x_wconf 76' lang='grc' dir='ltr'><strong>καὶ</strong></span> <span class='ocrx_word' id='word_1_658' title='bbox 2672 3992 2897 4046; x_wconf 84' lang='grc' dir='ltr'>Σκύθαι.</span> <span class='ocrx_word' id='word_1_659' title='bbox 2949 3991 3241 4063; x_wconf 88' lang='grc' dir='ltr'>Πρόκειται</span> <span class='ocrx_word' id='word_1_660' title='bbox 3297 3991 3407 4065; x_wconf 80' lang='grc' dir='ltr'>γὰρ</span> <span class='ocrx_word' id='word_1_661' title='bbox 3465 3992 3565 4061; x_wconf 83' lang='grc' dir='ltr'><strong>τῆς</strong></span> <span class='ocrx_word' id='word_1_662' title='bbox 3616 3995 3676 4045; x_wconf 83' lang='grc' dir='ltr'><strong>ἐν</strong></span> 
     </span>
    </p>
   </div>
   <div class='ocr_carea' id='block_1_86' title="bbox 2090 4084 3681 4161">
    <p class='ocr_par' dir='ltr' id='par_1_86' title="bbox 2090 4084 3681 4161">
     <span class='ocr_line' id='line_1_86' title="bbox 2090 4084 3681 4161; baseline -0.003 -19"><span class='ocrx_word' id='word_1_663' title='bbox 2090 4087 2313 4161; x_wconf 81' lang='grc' dir='ltr'>Χριστῷ</span> <span class='ocrx_word' id='word_1_664' title='bbox 2356 4085 2687 4158; x_wconf 86' lang='grc' dir='ltr'>σωτηρίαςὴ</span> <span class='ocrx_word' id='word_1_665' title='bbox 2727 4085 2886 4156; x_wconf 89' lang='grc' dir='ltr'>χάρις</span> <span class='ocrx_word' id='word_1_666' title='bbox 2925 4087 3039 4148; x_wconf 86' lang='grc' dir='ltr'>τοῖς</span> <span class='ocrx_word' id='word_1_667' title='bbox 3078 4084 3182 4139; x_wconf 77' lang='grc' dir='ltr'><strong>ἀνὰ</strong></span> <span class='ocrx_word' id='word_1_668' title='bbox 3218 4087 3398 4139; x_wconf 87' lang='grc' dir='ltr'>πᾶσαν</span> <span class='ocrx_word' id='word_1_669' title='bbox 3441 4084 3540 4155; x_wconf 80' lang='grc' dir='ltr'>τὴν</span> <span class='ocrx_word' id='word_1_670' title='bbox 3582 4086 3681 4138; x_wconf 58' lang='grc' dir='ltr'>ὑπ’</span> 
     </span>
    </p>
   </div>
   <div class='ocr_carea' id='block_1_87' title="bbox 2090 4176 3675 4252">
    <p class='ocr_par' dir='ltr' id='par_1_87' title="bbox 2090 4176 3675 4252">
     <span class='ocr_line' id='line_1_87' title="bbox 2090 4176 3675 4252; baseline -0.001 -19"><span class='ocrx_word' id='word_1_671' title='bbox 2090 4180 2340 4252; x_wconf 84' lang='grc' dir='ltr'>οὐρανὸν,</span> <span class='ocrx_word' id='word_1_672' title='bbox 2369 4180 2451 4233; x_wconf 85' lang='grc' dir='ltr'>ὃτι</span> <span class='ocrx_word' id='word_1_673' title='bbox 2484 4196 2502 4228; x_wconf 75' lang='grc' dir='ltr'><strong>ι</strong></span> <span class='ocrx_word' id='word_1_674' title='bbox 2531 4177 2642 4231; x_wconf 80' lang='grc' dir='ltr'>Καὶ</span> <span class='ocrx_word' id='word_1_675' title='bbox 2675 4177 2839 4241; x_wconf 82' lang='grc' dir='ltr'>αὑτός</span> <span class='ocrx_word' id='word_1_676' title='bbox 2868 4178 2985 4230; x_wconf 77' lang='grc' dir='ltr'>ἐστι</span> <span class='ocrx_word' id='word_1_677' title='bbox 3014 4176 3313 4248; x_wconf 88' lang='grc' dir='ltr'>προσδοκία</span> <span class='ocrx_word' id='word_1_678' title='bbox 3340 4177 3531 4235; x_wconf 80' lang='grc' dir='ltr'>ἐθνῶν.</span> <span class='ocrx_word' id='word_1_679' title='bbox 3557 4197 3575 4229; x_wconf 76' lang='grc' dir='ltr'><strong>ι</strong></span> <span class='ocrx_word' id='word_1_680' title='bbox 3609 4180 3675 4231; x_wconf 84' lang='grc' dir='ltr'><strong>Εἰ</strong></span> 
     </span>
    </p>
   </div>
   <div class='ocr_carea' id='block_1_88' title="bbox 2091 4268 3676 4344">
    <p class='ocr_par' dir='ltr' id='par_1_88' title="bbox 2091 4268 3676 4344">
     <span class='ocr_line' id='line_1_88' title="bbox 2091 4268 3676 4344; baseline -0.001 -19"><span class='ocrx_word' id='word_1_681' title='bbox 2091 4272 2146 4325; x_wconf 87' lang='grc' dir='ltr'>δὲ</span> <span class='ocrx_word' id='word_1_682' title='bbox 2172 4272 2235 4344; x_wconf 83' lang='grc' dir='ltr'>δὴ</span> <span class='ocrx_word' id='word_1_683' title='bbox 2261 4269 2470 4339; x_wconf 88' lang='grc' dir='ltr'>λέγοιέν</span> <span class='ocrx_word' id='word_1_684' title='bbox 2496 4286 2641 4333; x_wconf 91' lang='grc' dir='ltr'>τινες</span> <span class='ocrx_word' id='word_1_685' title='bbox 2667 4268 3188 4342; x_wconf 86' lang='grc' dir='ltr'>ἀθυροστομοῦντες,</span> <span class='ocrx_word' id='word_1_686' title='bbox 3217 4271 3395 4341; x_wconf 87' lang='grc' dir='ltr'>σάρκα</span> <span class='ocrx_word' id='word_1_687' title='bbox 3421 4270 3676 4339; x_wconf 86' lang='grc' dir='ltr'>λέγεσθαι</span> 
     </span>
    </p>
   </div>
   <div class='ocr_carea' id='block_1_89' title="bbox 2094 4360 3673 4434">
    <p class='ocr_par' dir='ltr' id='par_1_89' title="bbox 2094 4360 3673 4434">
     <span class='ocr_line' id='line_1_89' title="bbox 2094 4360 3673 4434; baseline -0.001 -18"><span class='ocrx_word' id='word_1_688' title='bbox 2094 4363 2189 4417; x_wconf 72' lang='grc' dir='ltr'><strong>καὶ</strong></span> <span class='ocrx_word' id='word_1_689' title='bbox 2219 4363 2287 4416; x_wconf 80' lang='grc' dir='ltr'><strong>τά</strong></span> <span class='ocrx_word' id='word_1_690' title='bbox 2326 4361 2521 4434; x_wconf 78' lang='grc' dir='ltr'>κτήνη,</span> <span class='ocrx_word' id='word_1_691' title='bbox 2552 4360 3026 4433; x_wconf 80' lang='grc' dir='ltr'>παραληροῦντες,</span> <span class='ocrx_word' id='word_1_692' title='bbox 3054 4362 3156 4434; x_wconf 71' lang='grc' dir='ltr'><strong>ἤδη</strong></span> <span class='ocrx_word' id='word_1_693' title='bbox 3194 4379 3312 4425; x_wconf 82' lang='grc' dir='ltr'><strong>πως</strong></span> <span class='ocrx_word' id='word_1_694' title='bbox 3347 4362 3673 4427; x_wconf 86' lang='grc' dir='ltr'>ἀκουόντων,</span> 
     </span>
    </p>
   </div>
   <div class='ocr_carea' id='block_1_90' title="bbox 400 4451 1981 4548">
    <p class='ocr_par' dir='ltr' id='par_1_90' title="bbox 400 4454 1981 4525">
     <span class='ocr_line' id='line_1_90' title="bbox 400 4454 1981 4525; baseline 0.003 -20"><span class='ocrx_word' id='word_1_695' title='bbox 400 4454 666 4523; x_wconf 80' lang='lat' dir='ltr'><strong>jutncnta,</strong></span> <span class='ocrx_word' id='word_1_696' title='bbox 696 4455 919 4508; x_wconf 90' lang='lat' dir='ltr'><strong>audiant</strong></span> <span class='ocrx_word' id='word_1_697' title='bbox 953 4454 1227 4524; x_wconf 69' lang='lat' dir='ltr'><strong>pr0phetm</strong></span> <span class='ocrx_word' id='word_1_698' title='bbox 1258 4454 1422 4523; x_wconf 89' lang='lat' dir='ltr'><strong>hujus</strong></span> <span class='ocrx_word' id='word_1_699' title='bbox 1443 4468 1665 4525; x_wconf 87' lang='lat' dir='ltr'><strong>scopum</strong></span> <span class='ocrx_word' id='word_1_700' title='bbox 1726 4459 1792 4510; x_wconf 90' lang='lat' dir='ltr'><strong>ad</strong></span> <span class='ocrx_word' id='word_1_701' title='bbox 1823 4471 1981 4524; x_wconf 82' lang='lat' dir='ltr'><strong>genus</strong></span> 
     </span>
    </p>
   </div>
   <div class='ocr_carea' id='block_1_91' title="bbox 2083 4451 3678 4548">
    <p class='ocr_par' dir='ltr' id='par_1_91' title="bbox 2095 4451 3678 4525">
     <span class='ocr_line' id='line_1_91' title="bbox 2095 4451 3678 4525; baseline -0.002 -18"><span class='ocrx_word' id='word_1_702' title='bbox 2095 4455 2178 4507; x_wconf 82' lang='grc' dir='ltr'><strong>ὅτι</strong></span> <span class='ocrx_word' id='word_1_703' title='bbox 2207 4453 2307 4522; x_wconf 82' lang='grc' dir='ltr'>τῆς</span> <span class='ocrx_word' id='word_1_704' title='bbox 2330 4451 2665 4525; x_wconf 85' lang='grc' dir='ltr'>προφητείας</span> <span class='ocrx_word' id='word_1_705' title='bbox 2691 4453 2721 4505; x_wconf 81' lang='grc' dir='ltr'><strong>ὁ</strong></span> <span class='ocrx_word' id='word_1_706' title='bbox 2751 4452 2951 4515; x_wconf 85' lang='grc' dir='ltr'>σκοπὸς</span> <span class='ocrx_word' id='word_1_707' title='bbox 2984 4453 3123 4505; x_wconf 84' lang='grc' dir='ltr'>κατὰ</span> <span class='ocrx_word' id='word_1_708' title='bbox 3153 4452 3313 4521; x_wconf 91' lang='grc' dir='ltr'>μόνου</span> <span class='ocrx_word' id='word_1_709' title='bbox 3347 4453 3678 4508; x_wconf 81' lang='grc' dir='ltr'>συντείνεται</span> 
     </span>
    </p>
   </div>
   <div class='ocr_carea' id='block_1_92' title="bbox 407 4544 1981 4617">
    <p class='ocr_par' dir='ltr' id='par_1_92' title="bbox 407 4546 1981 4616">
     <span class='ocr_line' id='line_1_92' title="bbox 407 4546 1981 4616; baseline 0.003 -17"><span class='ocrx_word' id='word_1_710' title='bbox 407 4550 669 4600; x_wconf 79' lang='lat' dir='ltr'><strong>duntaxat</strong></span> <span class='ocrx_word' id='word_1_711' title='bbox 696 4547 989 4600; x_wconf 87' lang='lat' dir='ltr'><strong>humanum</strong></span> <span class='ocrx_word' id='word_1_712' title='bbox 1019 4546 1332 4616; x_wconf 87' lang='lat' dir='ltr'><strong>pertinere:</strong></span> <span class='ocrx_word' id='word_1_713' title='bbox 1364 4566 1383 4599; x_wconf 86' lang='grc'><strong><em>‹</em></strong></span> <span class='ocrx_word' id='word_1_714' title='bbox 1419 4546 1530 4602; x_wconf 86' lang='lat' dir='ltr'><strong>Nec</strong></span> <span class='ocrx_word' id='word_1_715' title='bbox 1563 4549 1629 4602; x_wconf 91' lang='lat' dir='ltr'><strong>de</strong></span> <span class='ocrx_word' id='word_1_716' title='bbox 1663 4549 1834 4603; x_wconf 90' lang='lat' dir='ltr'><strong>bobus</strong></span> <span class='ocrx_word' id='word_1_717' title='bbox 1863 4564 1981 4603; x_wconf 84' lang='lat' dir='ltr'><strong>cura</strong></span> 
     </span>
    </p>
   </div>
   <div class='ocr_carea' id='block_1_93' title="bbox 2083 4544 3680 4617">
    <p class='ocr_par' dir='ltr' id='par_1_93' title="bbox 2096 4544 3680 4617">
     <span class='ocr_line' id='line_1_93' title="bbox 2096 4544 3680 4617; baseline -0.002 -17"><span class='ocrx_word' id='word_1_718' title='bbox 2096 4547 2189 4600; x_wconf 87' lang='grc' dir='ltr'><strong>τοῦ</strong></span> <span class='ocrx_word' id='word_1_719' title='bbox 2227 4544 2566 4617; x_wconf 83' lang='grc' dir='ltr'>ἀνθρωπείου</span> <span class='ocrx_word' id='word_1_720' title='bbox 2603 4544 2813 4612; x_wconf 88' lang='grc' dir='ltr'>γένους,</span> <span class='ocrx_word' id='word_1_721' title='bbox 2840 4545 2935 4597; x_wconf 73' lang='grc' dir='ltr'><strong>καὶ</strong></span> <span class='ocrx_word' id='word_1_722' title='bbox 2966 4544 3088 4614; x_wconf 83' lang='grc' dir='ltr'>οὐχὶ</span> <span class='ocrx_word' id='word_1_723' title='bbox 3113 4544 3218 4597; x_wconf 83' lang='grc' dir='ltr'>τῶν</span> <span class='ocrx_word' id='word_1_724' title='bbox 3251 4544 3389 4613; x_wconf 83' lang='grc' dir='ltr'>βοῶν</span> <span class='ocrx_word' id='word_1_725' title='bbox 3420 4544 3571 4615; x_wconf 88' lang='grc' dir='ltr'>μέλει</span> <span class='ocrx_word' id='word_1_726' title='bbox 3602 4544 3680 4615; x_wconf 90' lang='grc' dir='ltr'><strong>τῷ</strong></span> 
     </span>
    </p>
   </div>
   <div class='ocr_carea' id='block_1_94' title="bbox 406 4638 1995 4710">
    <p class='ocr_par' dir='ltr' id='par_1_94' title="bbox 406 4638 1995 4710">
     <span class='ocr_line' id='line_1_94' title="bbox 406 4638 1995 4710; baseline 0.003 -19"><span class='ocrx_word' id='word_1_727' title='bbox 406 4646 490 4692; x_wconf 90' lang='lat' dir='ltr'><strong>est</strong></span> <span class='ocrx_word' id='word_1_728' title='bbox 512 4638 621 4692; x_wconf 88' lang='lat' dir='ltr'><strong>Deo</strong></span> <span class='ocrx_word' id='word_1_729' title='bbox 649 4638 715 4704; x_wconf 80' lang='grc'><strong>³⁸,</strong></span> <span class='ocrx_word' id='word_1_730' title='bbox 754 4657 773 4691; x_wconf 74' lang='grc' dir='ltr'><strong>ι</strong></span> <span class='ocrx_word' id='word_1_731' title='bbox 796 4641 939 4706; x_wconf 88' lang='lat' dir='ltr'><strong>quod</strong></span> <span class='ocrx_word' id='word_1_732' title='bbox 966 4640 1184 4708; x_wconf 89' lang='lat' dir='ltr'><strong>sapiens</strong></span> <span class='ocrx_word' id='word_1_733' title='bbox 1225 4638 1430 4695; x_wconf 92' lang='lat' dir='ltr'><strong>Paulus</strong></span> <span class='ocrx_word' id='word_1_734' title='bbox 1492 4641 1591 4697; x_wconf 91' lang='lat' dir='ltr'><strong>ait.</strong></span> <span class='ocrx_word' id='word_1_735' title='bbox 1642 4639 1995 4710; x_wconf 77' lang='lat' dir='ltr'><strong>Pr0phetatu-</strong></span> 
     </span>
    </p>
   </div>
   <div class='ocr_carea' id='block_1_95' title="bbox 409 4732 1990 4805">
    <p class='ocr_par' dir='ltr' id='par_1_95' title="bbox 409 4732 1990 4805">
     <span class='ocr_line' id='line_1_95' title="bbox 409 4732 1990 4805; baseline 0.004 -20"><span class='ocrx_word' id='word_1_736' title='bbox 409 4746 502 4785; x_wconf 90' lang='lat' dir='ltr'><strong>ros</strong></span> <span class='ocrx_word' id='word_1_737' title='bbox 533 4740 713 4785; x_wconf 89' lang='lat' dir='ltr'><strong>autem</strong></span> <span class='ocrx_word' id='word_1_738' title='bbox 749 4732 881 4786; x_wconf 90' lang='lat' dir='ltr'><strong>dicit</strong></span> <span class='ocrx_word' id='word_1_739' title='bbox 914 4732 1052 4788; x_wconf 88' lang='lat' dir='ltr'><strong>ﬁlios</strong></span> <span class='ocrx_word' id='word_1_740' title='bbox 1095 4742 1152 4788; x_wconf 91' lang='lat' dir='ltr'><strong>et</strong></span> <span class='ocrx_word' id='word_1_741' title='bbox 1193 4734 1354 4796; x_wconf 89' lang='lat' dir='ltr'><strong>ﬁlias,</strong></span> <span class='ocrx_word' id='word_1_742' title='bbox 1383 4735 1571 4802; x_wconf 69' lang='lat' dir='ltr'><strong>gratiae</strong></span> <span class='ocrx_word' id='word_1_743' title='bbox 1605 4735 1990 4805; x_wconf 85' lang='lat' dir='ltr'><strong>plenitudinem</strong></span> 
     </span>
    </p>
   </div>
   <div class='ocr_carea' id='block_1_96' title="bbox 408 4821 1991 4894">
    <p class='ocr_par' dir='ltr' id='par_1_96' title="bbox 408 4821 1991 4894">
     <span class='ocr_line' id='line_1_96' title="bbox 408 4821 1991 4894; baseline 0.006 -21"><span class='ocrx_word' id='word_1_744' title='bbox 408 4821 462 4874; x_wconf 92' lang='lat' dir='ltr'><strong>in</strong></span> <span class='ocrx_word' id='word_1_745' title='bbox 494 4823 613 4888; x_wconf 91' lang='lat' dir='ltr'><strong>hoc,</strong></span> <span class='ocrx_word' id='word_1_746' title='bbox 637 4831 693 4877; x_wconf 92' lang='lat' dir='ltr'><strong>et</strong></span> <span class='ocrx_word' id='word_1_747' title='bbox 724 4823 966 4878; x_wconf 91' lang='lat' dir='ltr'><strong>omnium</strong></span> <span class='ocrx_word' id='word_1_748' title='bbox 1003 4823 1054 4877; x_wconf 93' lang='lat' dir='ltr'><strong>in</strong></span> <span class='ocrx_word' id='word_1_749' title='bbox 1094 4838 1160 4880; x_wconf 92' lang='lat' dir='ltr'><strong>eo</strong></span> <span class='ocrx_word' id='word_1_750' title='bbox 1201 4823 1561 4894; x_wconf 67' lang='lat' dir='ltr'><strong>aequalitatem</strong></span> <span class='ocrx_word' id='word_1_751' title='bbox 1622 4824 1991 4881; x_wconf 89' lang='lat' dir='ltr'><strong>subindicans.</strong></span> 
     </span>
    </p>
   </div>
   <div class='ocr_carea' id='block_1_97' title="bbox 408 4914 1988 4987">
    <p class='ocr_par' dir='ltr' id='par_1_97' title="bbox 408 4914 1988 4987">
     <span class='ocr_line' id='line_1_97' title="bbox 408 4914 1988 4987; baseline 0.003 -20"><span class='ocrx_word' id='word_1_752' title='bbox 408 4914 519 4968; x_wconf 87' lang='lat' dir='ltr'><strong>Nec</strong></span> <span class='ocrx_word' id='word_1_753' title='bbox 541 4914 684 4969; x_wconf 91' lang='lat' dir='ltr'><strong>enim</strong></span> <span class='ocrx_word' id='word_1_754' title='bbox 719 4924 1042 4984; x_wconf 87' lang='lat' dir='ltr'><strong>aspernatur</strong></span> <span class='ocrx_word' id='word_1_755' title='bbox 1071 4916 1213 4972; x_wconf 90' lang='lat' dir='ltr'><strong>Deus</strong></span> <span class='ocrx_word' id='word_1_756' title='bbox 1236 4914 1496 4970; x_wconf 91' lang='lat' dir='ltr'><strong>muliebre</strong></span> <span class='ocrx_word' id='word_1_757' title='bbox 1524 4930 1718 4984; x_wconf 75' lang='lat' dir='ltr'><strong>genus,</strong></span> <span class='ocrx_word' id='word_1_758' title='bbox 1752 4917 1820 4981; x_wconf 90' lang='lat' dir='ltr'><strong>si,</strong></span> <span class='ocrx_word' id='word_1_759' title='bbox 1863 4931 1988 4987; x_wconf 63' lang='lat' dir='ltr'><strong>quae</strong></span> 
     </span>
    </p>
   </div>
   <div class='ocr_carea' id='block_1_98' title="bbox 409 5006 1987 5078">
    <p class='ocr_par' dir='ltr' id='par_1_98' title="bbox 409 5006 1987 5078">
     <span class='ocr_line' id='line_1_98' title="bbox 409 5006 1987 5078; baseline 0.003 -19"><span class='ocrx_word' id='word_1_760' title='bbox 409 5006 509 5074; x_wconf 88' lang='lat' dir='ltr'><strong>ipsi</strong></span> <span class='ocrx_word' id='word_1_761' title='bbox 544 5006 779 5076; x_wconf 90' lang='lat' dir='ltr'><strong>placent,</strong></span> <span class='ocrx_word' id='word_1_762' title='bbox 811 5016 1060 5077; x_wconf 90' lang='lat' dir='ltr'><strong>prompte</strong></span> <span class='ocrx_word' id='word_1_763' title='bbox 1086 5007 1469 5078; x_wconf 84' lang='lat' dir='ltr'><strong>praestiteritet</strong></span> <span class='ocrx_word' id='word_1_764' title='bbox 1499 5022 1692 5077; x_wconf 88' lang='lat' dir='ltr'><strong>sapere</strong></span> <span class='ocrx_word' id='word_1_765' title='bbox 1732 5007 1987 5064; x_wconf 87' lang='lat' dir='ltr'><strong>voluerit.</strong></span> 
     </span>
    </p>
   </div>
   <div class='ocr_carea' id='block_1_99' title="bbox 410 5099 1989 5171">
    <p class='ocr_par' dir='ltr' id='par_1_99' title="bbox 410 5099 1989 5171">
     <span class='ocr_line' id='line_1_99' title="bbox 410 5099 1989 5171; baseline 0.003 -19"><span class='ocrx_word' id='word_1_766' title='bbox 410 5099 521 5154; x_wconf 87' lang='lat' dir='ltr'><strong>Nec</strong></span> <span class='ocrx_word' id='word_1_767' title='bbox 585 5100 1059 5165; x_wconf 87' lang='lat' dir='ltr'><strong>irremuneratum,</strong></span> <span class='ocrx_word' id='word_1_768' title='bbox 1116 5107 1210 5152; x_wconf 92' lang='lat' dir='ltr'><strong>aut</strong></span> <span class='ocrx_word' id='word_1_769' title='bbox 1259 5099 1712 5155; x_wconf 89' lang='lat' dir='ltr'><strong>sanctiﬁcationis</strong></span> <span class='ocrx_word' id='word_1_770' title='bbox 1792 5115 1989 5171; x_wconf 78' lang='lat' dir='ltr'><strong>expers</strong></span> 
     </span>
    </p>
   </div>
   <div class='ocr_carea' id='block_1_100' title="bbox 407 5192 1995 5263">
    <p class='ocr_par' dir='ltr' id='par_1_100' title="bbox 407 5192 1995 5263">
     <span class='ocr_line' id='line_1_100' title="bbox 407 5192 1995 5263; baseline 0.001 -15"><span class='ocrx_word' id='word_1_771' title='bbox 407 5195 535 5254; x_wconf 68' lang='lat' dir='ltr'><strong>erit.</strong></span> <span class='ocrx_word' id='word_1_772' title='bbox 574 5195 621 5249; x_wconf 88' lang='lat' dir='ltr'><strong>si</strong></span> <span class='ocrx_word' id='word_1_773' title='bbox 653 5207 752 5263; x_wconf 87' lang='lat' dir='ltr'><strong>per</strong></span> <span class='ocrx_word' id='word_1_774' title='bbox 780 5193 941 5249; x_wconf 90' lang='lat' dir='ltr'><strong>ﬁdem</strong></span> <span class='ocrx_word' id='word_1_775' title='bbox 962 5201 1016 5249; x_wconf 92' lang='lat' dir='ltr'><strong>et</strong></span> <span class='ocrx_word' id='word_1_776' title='bbox 1042 5208 1269 5263; x_wconf 83' lang='lat' dir='ltr'><strong>operum</strong></span> <span class='ocrx_word' id='word_1_777' title='bbox 1304 5192 1602 5247; x_wconf 86' lang='lat' dir='ltr'><strong>bonitatem</strong></span> <span class='ocrx_word' id='word_1_778' title='bbox 1635 5193 1884 5249; x_wconf 91' lang='lat' dir='ltr'><strong>alicunde</strong></span> <span class='ocrx_word' id='word_1_779' title='bbox 1910 5195 1995 5249; x_wconf 88' lang='lat' dir='ltr'><strong>in-</strong></span> 
     </span>
    </p>
   </div>
   <div class='ocr_carea' id='block_1_101' title="bbox 410 5284 2025 5354">
    <p class='ocr_par' dir='ltr' id='par_1_101' title="bbox 410 5284 2025 5354">
     <span class='ocr_line' id='line_1_101' title="bbox 410 5284 2025 5354; baseline 0.001 -17"><span class='ocrx_word' id='word_1_780' title='bbox 410 5286 688 5341; x_wconf 75' lang='lat' dir='ltr'><strong>rtaruerit.</strong></span> <span class='ocrx_word' id='word_1_781' title='bbox 730 5284 864 5341; x_wconf 83' lang='lat' dir='ltr'><strong>Nam</strong></span> <span class='ocrx_word' id='word_1_782' title='bbox 901 5296 957 5340; x_wconf 91' lang='lat' dir='ltr'><strong>et</strong></span> <span class='ocrx_word' id='word_1_783' title='bbox 1002 5286 1177 5354; x_wconf 89' lang='lat' dir='ltr'><strong>ipsum</strong></span> <span class='ocrx_word' id='word_1_784' title='bbox 1221 5284 1396 5353; x_wconf 69' lang='lat' dir='ltr'><strong>gratia</strong></span> <span class='ocrx_word' id='word_1_785' title='bbox 1430 5295 1485 5338; x_wconf 91' lang='lat' dir='ltr'><strong>et</strong></span> <span class='ocrx_word' id='word_1_786' title='bbox 1522 5286 1870 5341; x_wconf 81' lang='lat' dir='ltr'><strong>miseratione</strong></span> <span class='ocrx_word' id='word_1_787' title='bbox 1914 5287 2025 5340; x_wconf 77' lang='lat' dir='ltr'><strong>di-‘</strong></span> 
     </span>
    </p>
   </div>
   <div class='ocr_carea' id='block_1_102' title="bbox 410 5378 1996 5451">
    <p class='ocr_par' dir='ltr' id='par_1_102' title="bbox 410 5378 1996 5451">
     <span class='ocr_line' id='line_1_102' title="bbox 410 5378 1996 5451; baseline 0.001 -21"><span class='ocrx_word' id='word_1_788' title='bbox 410 5390 630 5444; x_wconf 68' lang='lat' dir='ltr'><strong>gnatum</strong></span> <span class='ocrx_word' id='word_1_789' title='bbox 650 5388 752 5443; x_wconf 89' lang='lat' dir='ltr'><strong>est,</strong></span> <span class='ocrx_word' id='word_1_790' title='bbox 774 5389 830 5436; x_wconf 89' lang='lat' dir='ltr'><strong>et</strong></span> <span class='ocrx_word' id='word_1_791' title='bbox 852 5379 1049 5451; x_wconf 82' lang='lat' dir='ltr'><strong>pignus</strong></span> <span class='ocrx_word' id='word_1_792' title='bbox 1082 5379 1319 5447; x_wconf 90' lang='lat' dir='ltr'><strong>Spiritus</strong></span> <span class='ocrx_word' id='word_1_793' title='bbox 1349 5396 1377 5431; x_wconf 89' lang='lat' dir='ltr'><strong>a</strong></span> <span class='ocrx_word' id='word_1_794' title='bbox 1407 5379 1517 5434; x_wconf 89' lang='lat' dir='ltr'><strong>Deo</strong></span> <span class='ocrx_word' id='word_1_795' title='bbox 1534 5379 1824 5449; x_wconf 87' lang='lat' dir='ltr'><strong>accepit.et</strong></span> <span class='ocrx_word' id='word_1_796' title='bbox 1853 5379 1905 5431; x_wconf 91' lang='lat' dir='ltr'><strong>in</strong></span> <span class='ocrx_word' id='word_1_797' title='bbox 1932 5378 1996 5432; x_wconf 86' lang='lat' dir='ltr'><strong>ﬁ-</strong></span> 
     </span>
    </p>
   </div>
   <div class='ocr_carea' id='block_1_103' title="bbox 412 5470 1992 5541">
    <p class='ocr_par' dir='ltr' id='par_1_103' title="bbox 412 5470 1992 5541">
     <span class='ocr_line' id='line_1_103' title="bbox 412 5470 1992 5541; baseline 0.001 -19"><span class='ocrx_word' id='word_1_798' title='bbox 412 5470 498 5523; x_wconf 87' lang='lat' dir='ltr'><strong>liis</strong></span> <span class='ocrx_word' id='word_1_799' title='bbox 528 5470 596 5525; x_wconf 89' lang='lat' dir='ltr'><strong>ab</strong></span> <span class='ocrx_word' id='word_1_800' title='bbox 622 5485 688 5527; x_wconf 89' lang='lat' dir='ltr'><strong>eo</strong></span> <span class='ocrx_word' id='word_1_801' title='bbox 714 5480 1013 5541; x_wconf 90' lang='lat' dir='ltr'><strong>reputatur.</strong></span> <span class='ocrx_word' id='word_1_802' title='bbox 1050 5471 1306 5526; x_wconf 84' lang='lat' dir='ltr'><strong>Seniores</strong></span> <span class='ocrx_word' id='word_1_803' title='bbox 1332 5471 1541 5526; x_wconf 88' lang='lat' dir='ltr'><strong>somnia</strong></span> <span class='ocrx_word' id='word_1_804' title='bbox 1601 5471 1992 5535; x_wconf 86' lang='lat' dir='ltr'><strong>somniaturos,</strong></span> 
     </span>
    </p>
   </div>
   <div class='ocr_carea' id='block_1_104' title="bbox 486 5669 1981 5741">
    <p class='ocr_par' dir='ltr' id='par_1_104' title="bbox 486 5670 1977 5736">
     <span class='ocr_line' id='line_1_104' title="bbox 486 5670 1977 5736; baseline -0.001 -8"><span class='ocrx_word' id='word_1_805' title='bbox 486 5673 531 5703; x_wconf 81' lang='grc'><strong>³⁰</strong></span> <span class='ocrx_word' id='word_1_806' title='bbox 572 5673 762 5728; x_wconf 78' lang='lat' dir='ltr'><strong>Matth.</strong></span> <span class='ocrx_word' id='word_1_807' title='bbox 803 5689 882 5736; x_wconf 87' lang='lat' dir='ltr'><strong>Ill,</strong></span> <span class='ocrx_word' id='word_1_808' title='bbox 924 5672 1010 5725; x_wconf 77' lang='grc'><strong>16.</strong></span> <span class='ocrx_word' id='word_1_809' title='bbox 1091 5672 1131 5703; x_wconf 84' lang='grc'><strong>³¹</strong></span> <span class='ocrx_word' id='word_1_810' title='bbox 1166 5671 1201 5725; x_wconf 94' lang='lat' dir='ltr'><strong>Il</strong></span> <span class='ocrx_word' id='word_1_811' title='bbox 1241 5672 1367 5727; x_wconf 86' lang='lat' dir='ltr'><strong>Cor.</strong></span> <span class='ocrx_word' id='word_1_812' title='bbox 1409 5687 1530 5736; x_wconf 82' lang='lat' dir='ltr'>VIII,</span> <span class='ocrx_word' id='word_1_813' title='bbox 1574 5671 1626 5733; x_wconf 84' lang='lat'><strong>8,</strong></span> <span class='ocrx_word' id='word_1_814' title='bbox 1653 5672 1708 5724; x_wconf 86' lang='lat'><strong>9.</strong></span> <span class='ocrx_word' id='word_1_815' title='bbox 1786 5672 1829 5704; x_wconf 81' lang='lat'><strong>&quot;</strong></span> <span class='ocrx_word' id='word_1_816' title='bbox 1863 5670 1977 5727; x_wconf 79' lang='lat' dir='ltr'><strong>Joat</strong></span> 
     </span>
    </p>
   </div>
   <div class='ocr_carea' id='block_1_105' title="bbox 2083 5669 3196 5741">
    <p class='ocr_par' dir='ltr' id='par_1_105' title="bbox 2083 5669 3196 5741">
     <span class='ocr_line' id='line_1_105' title="bbox 2083 5669 3196 5741; baseline -0.006 -11"><span class='ocrx_word' id='word_1_817' title='bbox 2083 5722 2090 5741; x_wconf 81' lang='lat'><strong>,</strong></span> <span class='ocrx_word' id='word_1_818' title='bbox 2122 5673 2210 5730; x_wconf 71' lang='lat'><strong>&#39;52.</strong></span> <span class='ocrx_word' id='word_1_819' title='bbox 2291 5674 2334 5707; x_wconf 87' lang='grc'>³³</span> <span class='ocrx_word' id='word_1_820' title='bbox 2353 5672 2510 5731; x_wconf 78' lang='lat' dir='ltr'><strong>Rom.</strong></span> <span class='ocrx_word' id='word_1_821' title='bbox 2538 5688 2658 5741; x_wconf 87' lang='lat' dir='ltr'><strong>vttt,</strong></span> <span class='ocrx_word' id='word_1_822' title='bbox 2680 5671 2731 5727; x_wconf 88' lang='lat'><strong>6.</strong></span> <span class='ocrx_word' id='word_1_823' title='bbox 2810 5670 3020 5727; x_wconf 54' lang='lat' dir='ltr'><strong>3hloan.</strong></span> <span class='ocrx_word' id='word_1_824' title='bbox 3042 5685 3081 5739; x_wconf 81' lang='grc' dir='ltr'><strong>ι,</strong></span> <span class='ocrx_word' id='word_1_825' title='bbox 3112 5669 3196 5726; x_wconf 77' lang='grc'><strong>15.</strong></span> 
     </span>
    </p>
   </div>
   <div class='ocr_carea' id='block_1_106' title="bbox 421 5742 1962 5809">
    <p class='ocr_par' dir='ltr' id='par_1_106' title="bbox 421 5742 1962 5809">
     <span class='ocr_line' id='line_1_106' title="bbox 421 5742 1962 5809; baseline 0.002 -10"><span class='ocrx_word' id='word_1_826' title='bbox 421 5744 466 5775; x_wconf 75' lang='grc'><strong>³⁸</strong></span> <span class='ocrx_word' id='word_1_827' title='bbox 520 5746 631 5809; x_wconf 46' lang='lat' dir='ltr'><strong>fit.</strong></span> <span class='ocrx_word' id='word_1_828' title='bbox 659 5761 741 5809; x_wconf 87' lang='lat' dir='ltr'><strong>tu,</strong></span> <span class='ocrx_word' id='word_1_829' title='bbox 782 5746 836 5799; x_wconf 83' lang='lat'><strong>6.</strong></span> <span class='ocrx_word' id='word_1_830' title='bbox 915 5743 957 5775; x_wconf 87' lang='grc'><strong>³⁷</strong></span> <span class='ocrx_word' id='word_1_831' title='bbox 999 5742 1134 5799; x_wconf 86' lang='lat' dir='ltr'><strong>ch.</strong></span> <span class='ocrx_word' id='word_1_832' title='bbox 1168 5758 1318 5808; x_wconf 75' lang='lat' dir='ltr'><strong>xm,</strong></span> <span class='ocrx_word' id='word_1_833' title='bbox 1362 5742 1447 5805; x_wconf 77' lang='grc'><strong>10,</strong></span> <span class='ocrx_word' id='word_1_834' title='bbox 1527 5743 1570 5775; x_wconf 83' lang='grc'><strong>³⁸</strong></span> <span class='ocrx_word' id='word_1_835' title='bbox 1600 5743 1619 5797; x_wconf 85' lang='grc' dir='ltr'><strong>ι</strong></span> <span class='ocrx_word' id='word_1_836' title='bbox 1648 5742 1773 5798; x_wconf 83' lang='lat' dir='ltr'><strong>Cor.</strong></span> <span class='ocrx_word' id='word_1_837' title='bbox 1809 5743 1962 5808; x_wconf 78' lang='lat' dir='ltr'><strong>tx,9.</strong></span> 
     </span>
    </p>
   </div>
   <div class='ocr_carea' id='block_1_107' title="bbox 2089 4634 3681 4708">
    <p class='ocr_par' dir='ltr' id='par_1_107' title="bbox 2089 4634 3681 4708">
     <span class='ocr_line' id='line_1_107' title="bbox 2089 4634 3681 4708; baseline -0.003 -16"><span class='ocrx_word' id='word_1_838' title='bbox 2089 4638 2229 4708; x_wconf 81' lang='grc' dir='ltr'>Θεῷ,</span> <span class='ocrx_word' id='word_1_839' title='bbox 2257 4635 2442 4701; x_wconf 85' lang='grc' dir='ltr'>καθὼς</span> <span class='ocrx_word' id='word_1_840' title='bbox 2472 4636 2568 4690; x_wconf 79' lang='grc' dir='ltr'><strong>καὶ</strong></span> <span class='ocrx_word' id='word_1_841' title='bbox 2600 4635 2630 4689; x_wconf 84' lang='grc' dir='ltr'><strong>ὁ</strong></span> <span class='ocrx_word' id='word_1_842' title='bbox 2663 4637 2826 4705; x_wconf 78' lang='grc' dir='ltr'>σοφὸς</span> <span class='ocrx_word' id='word_1_843' title='bbox 2854 4634 2957 4706; x_wconf 84' lang='grc' dir='ltr'><strong>ἔφη</strong></span> <span class='ocrx_word' id='word_1_844' title='bbox 2994 4634 3220 4698; x_wconf 86' lang='grc' dir='ltr'>Παῦλος.</span> <span class='ocrx_word' id='word_1_845' title='bbox 3272 4634 3681 4706; x_wconf 76' lang='grc' dir='ltr'>Προφητεύσειν</span> 
     </span>
    </p>
   </div>
   <div class='ocr_carea' id='block_1_108' title="bbox 2088 4726 3683 4801">
    <p class='ocr_par' dir='ltr' id='par_1_108' title="bbox 2088 4726 3683 4801">
     <span class='ocr_line' id='line_1_108' title="bbox 2088 4726 3683 4801; baseline -0.003 -17"><span class='ocrx_word' id='word_1_846' title='bbox 2088 4730 2149 4784; x_wconf 83' lang='grc' dir='ltr'><strong>δέ</strong></span> <span class='ocrx_word' id='word_1_847' title='bbox 2215 4746 2380 4801; x_wconf 80' lang='grc' dir='ltr'>φησιν</span> <span class='ocrx_word' id='word_1_848' title='bbox 2418 4728 2571 4791; x_wconf 81' lang='grc' dir='ltr'>υἱοὺς</span> <span class='ocrx_word' id='word_1_849' title='bbox 2602 4727 2699 4781; x_wconf 78' lang='grc' dir='ltr'>καὶ</span> <span class='ocrx_word' id='word_1_850' title='bbox 2739 4726 3061 4799; x_wconf 85' lang='grc' dir='ltr'>θυγατέρας,</span> <span class='ocrx_word' id='word_1_851' title='bbox 3092 4726 3154 4779; x_wconf 84' lang='grc' dir='ltr'><strong>τὸ</strong></span> <span class='ocrx_word' id='word_1_852' title='bbox 3184 4726 3282 4798; x_wconf 80' lang='grc' dir='ltr'>τῆς</span> <span class='ocrx_word' id='word_1_853' title='bbox 3312 4727 3533 4798; x_wconf 79' lang='grc' dir='ltr'>χάριτος</span> <span class='ocrx_word' id='word_1_854' title='bbox 3575 4728 3683 4799; x_wconf 82' lang='grc' dir='ltr'>ἁμ-</span> 
     </span>
    </p>
   </div>
   <div class='ocr_carea' id='block_1_109' title="bbox 2093 4816 3680 4890">
    <p class='ocr_par' dir='ltr' id='par_1_109' title="bbox 2093 4816 3680 4890">
     <span class='ocr_line' id='line_1_109' title="bbox 2093 4816 3680 4890; baseline 0 -19"><span class='ocrx_word' id='word_1_855' title='bbox 2093 4819 2323 4889; x_wconf 81' lang='grc' dir='ltr'>φιλαφὲς</span> <span class='ocrx_word' id='word_1_856' title='bbox 2347 4818 2435 4872; x_wconf 85' lang='grc' dir='ltr'><strong>διά</strong></span> <span class='ocrx_word' id='word_1_857' title='bbox 2463 4816 2622 4872; x_wconf 79' lang='grc' dir='ltr'>τοῦτο</span> <span class='ocrx_word' id='word_1_858' title='bbox 2648 4817 2952 4890; x_wconf 70' lang='grc' dir='ltr'>ὑποδηλιῖΝ,</span> <span class='ocrx_word' id='word_1_859' title='bbox 2980 4817 3076 4871; x_wconf 73' lang='grc' dir='ltr'><strong>καὶ</strong></span> <span class='ocrx_word' id='word_1_860' title='bbox 3105 4817 3167 4871; x_wconf 76' lang='grc' dir='ltr'>τὸ</span> <span class='ocrx_word' id='word_1_861' title='bbox 3192 4819 3287 4871; x_wconf 69' lang='grc' dir='ltr'>ἐπὶ</span> <span class='ocrx_word' id='word_1_862' title='bbox 3312 4818 3520 4882; x_wconf 81' lang='grc' dir='ltr'>πάντας</span> <span class='ocrx_word' id='word_1_863' title='bbox 3544 4817 3680 4871; x_wconf 74' lang='grc' dir='ltr'>ἴσον.</span> 
     </span>
    </p>
   </div>
   <div class='ocr_carea' id='block_1_110' title="bbox 2092 4909 3680 4985">
    <p class='ocr_par' dir='ltr' id='par_1_110' title="bbox 2092 4909 3680 4985">
     <span class='ocr_line' id='line_1_110' title="bbox 2092 4909 3680 4985; baseline -0.003 -18"><span class='ocrx_word' id='word_1_864' title='bbox 2092 4913 2192 4985; x_wconf 74' lang='grc' dir='ltr'><strong>Εἴη</strong></span> <span class='ocrx_word' id='word_1_865' title='bbox 2242 4912 2353 4984; x_wconf 80' lang='grc' dir='ltr'><strong>γάρ</strong></span> <span class='ocrx_word' id='word_1_866' title='bbox 2381 4912 2449 4966; x_wconf 83' lang='grc' dir='ltr'><strong>ἂν</strong></span> <span class='ocrx_word' id='word_1_867' title='bbox 2482 4912 2583 4965; x_wconf 84' lang='grc' dir='ltr'>οὐκ</span> <span class='ocrx_word' id='word_1_868' title='bbox 2635 4910 2940 4982; x_wconf 79' lang='grc' dir='ltr'>ἀπόϐλητον</span> <span class='ocrx_word' id='word_1_869' title='bbox 2973 4910 3125 4982; x_wconf 87' lang='grc' dir='ltr'><strong>παρά</strong></span> <span class='ocrx_word' id='word_1_870' title='bbox 3154 4910 3232 4981; x_wconf 88' lang='grc' dir='ltr'><strong>τῷ</strong></span> <span class='ocrx_word' id='word_1_871' title='bbox 3275 4909 3394 4979; x_wconf 85' lang='grc' dir='ltr'><strong>Θεῷ</strong></span> <span class='ocrx_word' id='word_1_872' title='bbox 3433 4910 3494 4964; x_wconf 84' lang='grc' dir='ltr'><strong>τὸ</strong></span> <span class='ocrx_word' id='word_1_873' title='bbox 3544 4909 3680 4979; x_wconf 87' lang='grc' dir='ltr'>θῆλυ</span> 
     </span>
    </p>
   </div>
   <div class='ocr_carea' id='block_1_111' title="bbox 2090 5001 3682 5075">
    <p class='ocr_par' dir='ltr' id='par_1_111' title="bbox 2090 5001 3682 5075">
     <span class='ocr_line' id='line_1_111' title="bbox 2090 5001 3682 5075; baseline -0.002 -18"><span class='ocrx_word' id='word_1_874' title='bbox 2090 5004 2267 5073; x_wconf 84' lang='grc' dir='ltr'>γένος,</span> <span class='ocrx_word' id='word_1_875' title='bbox 2300 5005 2349 5057; x_wconf 85' lang='grc' dir='ltr'><strong>εί</strong></span> <span class='ocrx_word' id='word_1_876' title='bbox 2375 5002 2444 5057; x_wconf 82' lang='grc' dir='ltr'>τὰ</span> <span class='ocrx_word' id='word_1_877' title='bbox 2476 5002 2624 5074; x_wconf 80' lang='grc' dir='ltr'>αὐτῷ</span> <span class='ocrx_word' id='word_1_878' title='bbox 2650 5002 2909 5057; x_wconf 83' lang='grc' dir='ltr'>δοκοῦντα</span> <span class='ocrx_word' id='word_1_879' title='bbox 2939 5002 3087 5075; x_wconf 84' lang='grc' dir='ltr'>δρῴη</span> <span class='ocrx_word' id='word_1_880' title='bbox 3133 5020 3192 5055; x_wconf 90' lang='grc' dir='ltr'><strong>τε</strong></span> <span class='ocrx_word' id='word_1_881' title='bbox 3238 5001 3554 5075; x_wconf 84' lang='grc' dir='ltr'>προθύμως,</span> <span class='ocrx_word' id='word_1_882' title='bbox 3584 5001 3682 5054; x_wconf 72' lang='grc' dir='ltr'>καὶ</span> 
     </span>
    </p>
   </div>
   <div class='ocr_carea' id='block_1_112' title="bbox 2097 5091 3680 5166">
    <p class='ocr_par' dir='ltr' id='par_1_112' title="bbox 2097 5091 3680 5166">
     <span class='ocr_line' id='line_1_112' title="bbox 2097 5091 3680 5166; baseline -0.001 -18"><span class='ocrx_word' id='word_1_883' title='bbox 2097 5096 2205 5165; x_wconf 83' lang='grc' dir='ltr'><strong>μὴν</strong></span> <span class='ocrx_word' id='word_1_884' title='bbox 2248 5096 2344 5150; x_wconf 73' lang='grc' dir='ltr'><strong>καὶ</strong></span> <span class='ocrx_word' id='word_1_885' title='bbox 2404 5095 2578 5148; x_wconf 72' lang='grc' dir='ltr'>ἕλοιτο</span> <span class='ocrx_word' id='word_1_886' title='bbox 2639 5097 2877 5166; x_wconf 84' lang='grc' dir='ltr'>φρονεῖν.</span> <span class='ocrx_word' id='word_1_887' title='bbox 2923 5094 3062 5147; x_wconf 73' lang='grc' dir='ltr'>Οὔτε</span> <span class='ocrx_word' id='word_1_888' title='bbox 3117 5094 3225 5165; x_wconf 82' lang='grc' dir='ltr'><strong>μὴν</strong></span> <span class='ocrx_word' id='word_1_889' title='bbox 3281 5092 3603 5164; x_wconf 82' lang='grc' dir='ltr'>ἀγέραστον,</span> <span class='ocrx_word' id='word_1_890' title='bbox 3643 5091 3680 5162; x_wconf 83' lang='grc' dir='ltr'>ἢ</span> 
     </span>
    </p>
   </div>
   <div class='ocr_carea' id='block_1_113' title="bbox 2088 5185 3683 5259">
    <p class='ocr_par' dir='ltr' id='par_1_113' title="bbox 2088 5185 3683 5259">
     <span class='ocr_line' id='line_1_113' title="bbox 2088 5185 3683 5259; baseline -0.003 -17"><span class='ocrx_word' id='word_1_891' title='bbox 2088 5188 2357 5259; x_wconf 84' lang='grc' dir='ltr'>ἀμέτοχον</span> <span class='ocrx_word' id='word_1_892' title='bbox 2396 5186 2691 5259; x_wconf 82' lang='grc' dir='ltr'>ἀγιασμοῦ.</span> <span class='ocrx_word' id='word_1_893' title='bbox 2733 5189 2782 5240; x_wconf 87' lang='grc' dir='ltr'>εἰ</span> <span class='ocrx_word' id='word_1_894' title='bbox 2825 5186 2916 5240; x_wconf 82' lang='grc' dir='ltr'><strong>διά</strong></span> <span class='ocrx_word' id='word_1_895' title='bbox 2948 5204 3008 5241; x_wconf 88' lang='grc' dir='ltr'><strong>τε</strong></span> <span class='ocrx_word' id='word_1_896' title='bbox 3057 5187 3313 5249; x_wconf 85' lang='grc' dir='ltr'>πίστεως,</span> <span class='ocrx_word' id='word_1_897' title='bbox 3351 5186 3443 5239; x_wconf 77' lang='grc' dir='ltr'><strong>καὶ</strong></span> <span class='ocrx_word' id='word_1_898' title='bbox 3482 5185 3583 5255; x_wconf 85' lang='grc' dir='ltr'>τῆς</span> <span class='ocrx_word' id='word_1_899' title='bbox 3623 5185 3683 5237; x_wconf 78' lang='grc' dir='ltr'>ἒν</span> 
     </span>
    </p>
   </div>
   <div class='ocr_carea' id='block_1_114' title="bbox 2091 5274 3683 5352">
    <p class='ocr_par' dir='ltr' id='par_1_114' title="bbox 2091 5274 3683 5352">
     <span class='ocr_line' id='line_1_114' title="bbox 2091 5274 3683 5352; baseline -0.002 -20"><span class='ocrx_word' id='word_1_900' title='bbox 2091 5279 2274 5352; x_wconf 78' lang='grc' dir='ltr'>ἔργοις</span> <span class='ocrx_word' id='word_1_901' title='bbox 2313 5281 2616 5343; x_wconf 81' lang='grc' dir='ltr'>ἐπιεικείας</span> <span class='ocrx_word' id='word_1_902' title='bbox 2657 5276 2978 5350; x_wconf 81' lang='grc' dir='ltr'>εὐδοκιμοῦν</span> <span class='ocrx_word' id='word_1_903' title='bbox 3007 5279 3160 5332; x_wconf 76' lang='grc' dir='ltr'>ἔσται</span> <span class='ocrx_word' id='word_1_904' title='bbox 3200 5277 3384 5332; x_wconf 86' lang='grc' dir='ltr'>ποθέν.</span> <span class='ocrx_word' id='word_1_905' title='bbox 3428 5274 3683 5341; x_wconf 82' lang='grc' dir='ltr'>Ἥξίωται</span> 
     </span>
    </p>
   </div>
   <div class='ocr_carea' id='block_1_115' title="bbox 2092 5365 3681 5444">
    <p class='ocr_par' dir='ltr' id='par_1_115' title="bbox 2092 5365 3681 5444">
     <span class='ocr_line' id='line_1_115' title="bbox 2092 5365 3681 5444; baseline -0.006 -17"><span class='ocrx_word' id='word_1_906' title='bbox 2092 5374 2201 5444; x_wconf 81' lang='grc' dir='ltr'>γὰρ</span> <span class='ocrx_word' id='word_1_907' title='bbox 2237 5373 2332 5426; x_wconf 73' lang='grc' dir='ltr'><strong>καὶ</strong></span> <span class='ocrx_word' id='word_1_908' title='bbox 2377 5370 2510 5426; x_wconf 82' lang='grc' dir='ltr'>αὐτὸ</span> <span class='ocrx_word' id='word_1_909' title='bbox 2556 5370 2779 5441; x_wconf 86' lang='grc' dir='ltr'>χάριτός</span> <span class='ocrx_word' id='word_1_910' title='bbox 2815 5387 2910 5434; x_wconf 83' lang='grc' dir='ltr'>τε.</span> <span class='ocrx_word' id='word_1_911' title='bbox 2958 5370 3055 5425; x_wconf 69' lang='grc' dir='ltr'><strong>καὶ</strong></span> <span class='ocrx_word' id='word_1_912' title='bbox 3108 5368 3416 5439; x_wconf 77' lang='grc' dir='ltr'>οἰκτιρμοῦ,</span> <span class='ocrx_word' id='word_1_913' title='bbox 3465 5365 3681 5420; x_wconf 75' lang='grc' dir='ltr'>καὶτὸν</span> 
     </span>
    </p>
   </div>
   <div class='ocr_carea' id='block_1_116' title="bbox 2092 5456 3685 5537">
    <p class='ocr_par' dir='ltr' id='par_1_116' title="bbox 2092 5456 3685 5537">
     <span class='ocr_line' id='line_1_116' title="bbox 2092 5456 3685 5537; baseline -0.006 -19"><span class='ocrx_word' id='word_1_914' title='bbox 2092 5463 2390 5537; x_wconf 78' lang='grc' dir='ltr'>ἁρῤαὕῶνα</span> <span class='ocrx_word' id='word_1_915' title='bbox 2431 5462 2528 5518; x_wconf 85' lang='grc' dir='ltr'><strong>τοῦ</strong></span> <span class='ocrx_word' id='word_1_916' title='bbox 2580 5461 2897 5534; x_wconf 80' lang='grc' dir='ltr'>Πνεύματος</span> <span class='ocrx_word' id='word_1_917' title='bbox 2945 5461 3160 5533; x_wconf 86' lang='grc' dir='ltr'>δέχεται</span> <span class='ocrx_word' id='word_1_918' title='bbox 3202 5458 3354 5530; x_wconf 85' lang='grc' dir='ltr'><strong>παρά</strong></span> <span class='ocrx_word' id='word_1_919' title='bbox 3392 5457 3548 5511; x_wconf 84' lang='grc' dir='ltr'>θεοῦ.</span> <span class='ocrx_word' id='word_1_920' title='bbox 3580 5456 3685 5509; x_wconf 88' lang='grc' dir='ltr'><strong>Λε-</strong></span> 
     </span>
    </p>
   </div>
   <div class='ocr_carea' id='block_1_117' title="bbox 3272 5663 3675 5732">
    <p class='ocr_par' dir='ltr' id='par_1_117' title="bbox 3272 5663 3675 5732">
     <span class='ocr_line' id='line_1_117' title="bbox 3272 5663 3675 5732; baseline 0.002 -8"><span class='ocrx_word' id='word_1_921' title='bbox 3272 5670 3315 5701; x_wconf 72' lang='lat'><strong>”</strong></span> <span class='ocrx_word' id='word_1_922' title='bbox 3350 5669 3468 5725; x_wconf 67' lang='lat' dir='ltr'><strong>Att.</strong></span> <span class='ocrx_word' id='word_1_923' title='bbox 3491 5682 3551 5732; x_wconf 82' lang='lat' dir='ltr'><strong>tl,</strong></span> <span class='ocrx_word' id='word_1_924' title='bbox 3587 5663 3675 5725; x_wconf 71' lang='lat'><strong>&#39;53.</strong></span> 
     </span>
    </p>
   </div>
  </div>
