4132 6370
456 284 555 347 581

1342 290 1891 352 COMMENTARIUS
1928 295 2005 351 IN
2033 295 2300 355 JOELEM
2342 296 2788 354 PROPHETAM.

3602 291 3711 351 382

456 402 697 471 λόγισται
722 400 777 455 δὲ
802 403 895 457 καὶ
920 401 979 457 ὲν
1008 403 1237 471 τέκνοις.
1266 408 1676 484 Πρεσϐυτέρους
1703 413 1800 485 μὲν
1829 409 1921 468 οῦν
1949 417 2024 468 έν-

2128 418 2354 484 juvenes
2392 418 2629 471 visiones
2656 416 2867 470 visuros
2890 411 3039 467 dicit.
3071 409 3307 475 Senilem
3339 415 3548 464 mtatem
3611 420 3710 475 8p-

456 492 665 555 υπνίοις
704 492 867 562 φησὶν
895 493 1437 567 ἐνυπνιασθήσεσθαι,
1473 500 1700 570 ὄψεσθαι
1732 502 1789 556 δὲ
1817 503 2036 575 ὁράσεις

454 586 583 647 τοὺς
626 584 961 649 νεανίσκους,
995 587 1363 662 πρεσϐυτικὴν
1396 592 1614 661 ἡλικίαν
1657 594 1854 664 λέγων,
1901 596 2036 650 καθ-

455 675 645 748 ώσπερ
686 672 922 749 ὲγῷμαι,
964 680 1061 752 τὴν
1102 683 1345 754 ποιότητι
1385 686 1486 754 τῆς
1529 686 1733 757 ἀρετῆς
1768 687 2036 759 προύχου-

457 767 555 820 σάν
585 785 666 834 τε,
698 772 793 823 καὶ
838 766 1261 845 ὑπερκειμένην,
1296 777 1388 840 καὶ
1418 772 1531 830 οἷον
1562 778 1833 851 λαμπροῖς
1868 798 2037 834 πεπο-

452 859 727 932 λιωμένην
765 864 1173 935 κατορθώμασι,
1200 868 1301 921 καὶ
1326 870 1588 940 φρονήσει
1622 874 1688 941 τῇ
1726 871 2032 945 τελεωτάτη

455 951 883 1023 διαπρέπουσαν,
935 957 1029 1009 καὶ
1074 956 1555 1032 τεθαυμασμένην,
1611 962 1792 1026 ὁποῖός
1842 981 1926 1028 τις
1967 961 2033 1034 ἦν

455 1044 551 1096 καὶ
591 1045 824 1109 Παῦλος,
860 1047 919 1110 ὃς
949 1048 1201 1103 τεθέαται
1231 1050 1350 1104 καθ’
1378 1051 1546 1116 ῦπνον
1583 1053 1755 1126 ἄνδρα
1773 1055 1892 1109 τινὰ
1926 1057 2034 1110 τῶν

455 1134 520 1186 ὲκ
551 1135 895 1201 Μακεδόνων,
918 1137 1343 1210 ὲκλιπαροῦντα,
1365 1143 1459 1195 καὶ
1487 1142 1713 1213 λέγοντα
1733 1162 1747 1176 ·
1786 1163 1807 1198 ι
1834 1146 2032 1211 Διαϐὰς

454 1225 536 1288 είς
566 1226 904 1292 Μακεδονίαν
933 1228 1207 1300 βοήθησον.
1236 1233 1387 1303 ήμῖν.
1416 1252 1434 1286 ι
1474 1234 1722 1300 ’Δνανίας
1748 1237 1806 1291 δὲ
1834 1238 1943 1293 τῶν
1975 1240 2034 1292 ὲν

452 1315 636 1372 πίστει
680 1318 1151 1392 δεδοκιμασμένων
1188 1326 1379 1397 ὅρασιν
1417 1328 1505 1381 ἐπ’
1530 1328 1680 1400 αὐτῷ
1713 1330 1912 1401 Παύλῳ
1945 1350 2034 1385 τε·

454 1406 662 1463 θέαται.
688 1410 908 1484 Ἐπειδὴ
950 1414 1058 1485 γὰρ
1094 1411 1227 1486 ἧκεν
1256 1418 1336 1481 είς
1367 1421 1678 1489 Δαμασκὸν,
1711 1422 1858 1494 αὑτῷ
1891 1424 2035 1477 κατὰ

450 1499 551 1570 τὴν
599 1501 717 1556 ὁδὸν
773 1503 1028 1574 ὀφθέντος
1082 1508 1352 1578 Χριστοῦ,
1399 1506 1517 1564 εἶτα
1580 1515 1644 1583 τῇ
1695 1513 1789 1566 τοῦ
1856 1515 2033 1584 φωτὸς

452 1592 704 1665 ἀστραπῇ
749 1594 847 1666 τὴν
877 1597 998 1665 ὄψιν
1040 1600 1317 1671 ἠδίκηται,
1343 1602 1740 1675 τεθεράπευται
1772 1605 1861 1659 διὰ
1891 1607 2031 1675 Χρι-

453 1685 601 1741 στοῦ.
647 1686 961 1757 Γέγραπται
1000 1689 1059 1743 δὲ
1106 1690 1279 1755 οὕτως
1322 1693 1520 1747 πάλιν·
1554 1713 1573 1747 ι
1604 1691 1713 1749 ’Ἦν
1754 1696 1813 1749 δέ
1853 1714 1939 1761 τις
1972 1700 2032 1752 ὲν

450 1777 729 1849 Δαμασκῷ
764 1780 1010 1852 μαθητὴς
1047 1781 1271 1853 ὀνόματι
1300 1784 1569 1849 Ἀνανίας.
1597 1786 1707 1841 Καὶ
1745 1781 1867 1840 εἷπε
1896 1788 2031 1859 πρὸς

450 1868 613 1927 αὐτὸν
642 1871 671 1922 ὁ
703 1869 905 1941 Κύριος
943 1873 1001 1925 ὲν
1028 1873 1296 1945 ὁράματι·
1329 1876 1567 1940 ἀναστὰς
1602 1878 1897 1949 πορεύθητι
1940 1880 2031 1933 ἐπὶ

448 1955 546 2029 τὴν
596 1959 796 2029 ῥύμην,
843 1961 943 2032 τὴν
981 1962 1320 2035 καλουμένην
1358 1964 1525 2036 Εύθῆ,
1577 1966 1670 2019 καὶ
1711 1965 1943 2038 ζήτησον
1972 1971 2029 2024 ὲν

447 2047 594 2117 οἰκίᾳ
626 2048 798 2102 Ἰούδα
825 2050 997 2104 Σαοὺλ
1023 2052 1267 2123 ὀνόματι,
1295 2053 1533 2125 Ταρσέα.
1560 2074 1579 2107 ι
1607 2046 1851 2118 Ἀκούεις
1882 2057 2031 2117 ὅπως

446 2139 505 2206 ἐν
535 2140 774 2212 ὁράματι
824 2143 1085 2215 λελάληκε
1138 2145 1273 2216 πρὸς
1304 2145 1587 2211 Ἀνανίανς
1620 2143 1727 2201 ’Ἦν
1769 2148 1877 2218 γάρ
1926 2166 2028 2203 που

445 2231 585 2301 τάχα
612 2234 711 2304 τὴν
747 2235 929 2289 πίστιν
967 2238 1232 2308 ἀνδρεῖος,
1266 2238 1358 2290 καὶ
1387 2239 1603 2301 νεανίας
1645 2240 1744 2309 τὴν
1771 2239 1908 2305 ἓξιν,
1938 2240 2030 2292 καὶ⁹

446 2323 762 2394 σφριγῶσαν
795 2326 933 2395 ἔχων
963 2328 1041 2390 εἰς
1074 2326 1134 2379 τὸ
1174 2327 1378 2395 ἀγαθὸν
1414 2327 1512 2397 τὴν
1542 2328 1786 2398 γνώμην,
1822 2328 2028 2399 ἄθραυ-

404 2435 415 2446 ο
448 2430 571 2477 στος
606 2417 686 2477 εἰς
724 2416 883 2487 ἀκὴν,
922 2417 1078 2487 δῆλον
1111 2418 1167 2475 δὲ
1199 2418 1281 2471 ὅτι
1311 2417 1409 2489 τὴν
1446 2420 1840 2489 πνευματικήν.
1889 2418 2026 2471 Καθ’

445 2503 610 2559 ὕπνον
651 2506 709 2559 δὲ
741 2508 936 2578 Παύλῳ
968 2508 1067 2572 τὰς
1097 2507 1249 2572 λιτάς
1287 2509 1460 2561 ἐδόκει
1499 2510 1825 2581 προσφέρειν
1853 2512 1879 2563 ὁ
1908 2511 2025 2569 Μα-

442 2596 633 2660 κεδὼν,
674 2593 742 2669 ἦν
769 2599 879 2670 γὰρ
920 2600 1015 2669 τὴν
1064 2600 1235 2669 φρένα
1260 2600 1597 2671 πρεσϐύτης,
1641 2600 1731 2653 τὸν
1764 2601 1886 2654 νοῦν
1921 2619 2025 2672 γη-

444 2688 618 2757 ραιὸς,
648 2691 742 2744 καὶ
771 2690 870 2760 τῆς
906 2690 1110 2745 ἄνωθεν
1145 2692 1336 2760 σοφίας
1375 2691 1645 2763 ἔμπλεως.
1678 2691 2027 2763 Προσεφώνει

440 2777 499 2831 δέ
530 2798 629 2832 που
678 2782 774 2835 καὶ
817 2784 845 2835 ὁ
886 2768 1057 2852 σοφὸς
1102 2782 1358 2854 Ἰωάννης
1402 2786 1514 2847 τοῖς
1555 2784 1914 2855 ἡγιασμένοις
1964 2787 2023 2838 ἐν

439 2867 661 2940 Χριστῷ
690 2870 779 2923 διὰ
830 2870 1064 2935 πίστεως
1090 2890 1104 2902 ο
1149 2892 1167 2923 ι
1201 2873 1405 2942 Γράφω
1435 2872 1586 2942 ὑμῖν,
1636 2873 1903 2944 πατέρες,
1942 2875 2022 2928 ὅτι

438 2958 712 3027 ἐγνώκατε
742 2960 833 3014 τὸν
858 2962 951 3014 ἀπ’
978 2963 1171 3033 ἀρχῆς.
1214 2962 1415 3034 Γράφω
1439 2962 1588 3032 ὑμῖν,
1624 2964 1916 3025 νεανίσκοι,
1941 2966 2022 3019 ὅτι

441 3050 649 3119 ἰσχυροί
681 3052 823 3116 ἐστε,
868 3052 963 3104 καὶ
991 3052 1310 3122 νενικήκατε
1342 3051 1433 3103 τὸν
1473 3052 1723 3121 πονηρόν.
1756 3072 1774 3102 ι
1816 3054 2021 3121 Ἐπαγ-

2137 511 2297 580 pellat
2330 510 2411 581 (ut
2437 509 2565 564 mihi
2627 508 2845 579 quidem
2898 501 3095 575 placet)
3141 499 3356 555 virtutis
3402 498 3708 569 pra-stantia

2135 602 2551 669 prominentem,
2576 611 2628 654 et
2660 611 2997 668 progressam
3027 595 3079 649 in
3111 609 3173 648 ea
3211 592 3445 662 longius,
3472 598 3527 643 et
3554 588 3709 659 quasi

2135 691 2435 747 illustribus
2461 690 2619 746 factis
2651 705 2865 754 cauam,
2900 697 2953 741 et
2976 684 3376 740 absolutissima
3424 680 3708 749 prudentia

2134 784 2389 839 eximiam
2408 794 2460 838 et
2485 782 2856 837 admirandam
2889 795 2903 830 :
2938 778 3115 849 qualis
3139 785 3257 831 erat
3285 772 3501 837 Paulus,
3533 771 3622 840 qui
3656 771 3708 824 in

2134 872 2341 928 somnis
2375 872 2509 926 vidit
2540 872 2712 924 virum
2746 867 3096 923 Macedonem
3152 874 3397 919 orantem
3434 876 3497 916 ac
3528 861 3710 914 dicen-

2137 972 2245 1019 tem
2294 963 2441 1017 sibi:
2507 980 2525 1013 ι
2560 960 2853 1015 Transiens
2940 957 2993 1011 in
3072 954 3463 1019 Macedoniam,
3517 950 3707 1020 adjuva

2135 1070 2233 1110 nos
2263 1056 2327 1109 ³⁹,
2360 1073 2378 1105 ι
2407 1053 2644 1107 Ananias
2674 1060 2849 1103 autem
2882 1049 2933 1102 in
2965 1047 3067 1101 [ide
3108 1047 3386 1115 probatus,
3448 1042 3708 1098 visionem

2134 1160 2295 1215 super
2318 1146 2432 1213 ipso
2458 1142 2625 1198 Paulo
2646 1141 2801 1203 vidit,
2840 1155 2960 1194 cum
2992 1138 3311 1191 Damascum
3335 1136 3424 1189 ille
3469 1135 3634 1200 venit,
3656 1142 3714 1193 et.

2132 1236 2384 1291 Christus
2415 1235 2463 1290 ei
2492 1237 2543 1288 in
2571 1234 2655 1288 via
2680 1232 2949 1303 apparuit,
2990 1246 3051 1285 ac
3092 1230 3298 1300 fulgore
3331 1229 3551 1282 luminis
3585 1228 3711 1281 visu-

2132 1327 2384 1397 privavit,
2417 1326 2503 1380 ubi
2536 1341 2629 1395 per
2688 1324 2967 1378 Christum
3013 1331 3235 1377 curatus
3292 1331 3395 1375 est.
3434 1321 3707 1388 Scriptum

2133 1428 2216 1473 est
2242 1419 2327 1473 his
2359 1418 2544 1471 verbis
2584 1434 2597 1469 :
2636 1434 2654 1467 ι
2684 1414 2813 1468 Erat
2839 1424 3017 1467 autem
3046 1413 3263 1482 quidam
3288 1409 3579 1479 discipulus
3608 1407 3710 1462 Da-

2134 1507 2323 1571 masci,
2360 1506 2577 1561 nomine
2603 1505 2860 1559 Ananias.
2891 1503 2955 1557 Et
2986 1503 3120 1557 dixit
3148 1502 3213 1555 ad
3285 1501 3433 1557 ilium
3489 1501 3540 1553 in
3589 1500 3707 1552 visu

2133 1597 2392 1652 Dominus
2422 1615 2436 1650 :
2470 1595 2659 1665 Surge,
2680 1604 2734 1648 et
2762 1595 2899 1653 vade
2928 1596 2978 1647 in
3007 1594 3185 1647 vicum
3224 1592 3325 1667 qui
3372 1591 3570 1645 dicitur
3602 1588 3710 1643 Re—

2134 1699 2271 1751 ctus,
2297 1698 2350 1742 et
2379 1702 2561 1758 quare
2587 1688 2639 1743 in
2669 1689 2829 1747 domo
2850 1686 2999 1740 Judze
3040 1683 3261 1738 Saulnm
3314 1685 3531 1737 neruine
3570 1681 3709 1734 Tar-

2061 1774 2103 1828 B
2132 1794 2343 1834 senscm
2375 1777 2441 1831 ".
2482 1796 2501 1829 ι
2540 1776 2707 1831 Audis
2758 1782 2817 1828 ut
2862 1774 2983 1828 visu
3063 1774 3369 1841 alloquatur
3417 1767 3705 1823 Ananiam.

2133 1869 2282 1934 Erat,
2322 1878 2377 1923 ut
2407 1877 2558 1937 puto,
2593 1866 2695 1920 ﬁde
2719 1865 2893 1931 fortis,
2944 1865 3130 1923 habitu
3187 1872 3469 1924 strenuus,
3529 1859 3711 1912 animo

2133 1963 2197 2015 ad
2232 1962 2483 2015 virtutem
2520 1959 2767 2025 incitato,
2786 1955 3051 2028 spirituali
3106 1954 3304 2010 robore
3339 1951 3622 2006 infractus.
3648 1945 3708 2001 In

2132 2052 2335 2107 sumnis
2367 2060 2544 2103 autem
2579 2049 2796 2109 Macedo
2859 2046 3082 2101 Paulum
3142 2058 3335 2119 rogare
3380 2042 3704 2103 videbatur;

2128 2151 2247 2193 erat
2273 2141 2414 2195 enim
2441 2140 2638 2194 Paulus
2667 2148 2846 2193 mente
2868 2152 3053 2201 senex,
3087 2135 3267 2189 animo
3293 2132 3611 2201 grandmvus
3655 2140 3709 2183 et

2129 2234 2333 2295 cwlesti
2368 2232 2628 2301 sapientia
2678 2233 2887 2301 plenus.
2921 2228 3219 2299 Compellat
3240 2239 3370 2279 vero
3406 2234 3461 2278 et
3494 2224 3711 2292 sapiens

2126 2324 2362 2380 Joannes
2387 2325 2755 2380 sanetilicalos
2785 2324 2837 2378 in
2871 2322 3091 2377 Christo
3146 2335 3241 2389 per
3275 2318 3457 2382 ﬁdem,
3493 2317 3546 2370 in
3594 2316 3707 2369 haec

2127 2421 2290 2472 verba
2329 2436 2343 2471 :
2378 2436 2397 2469 ι
2427 2416 2619 2472 Scribo
2651 2417 2820 2480 vobis,
2857 2425 3062 2485 patres,
3102 2413 3359 2483 quoniam
3376 2405 3708 2479 cognovistis

2127 2526 2247 2563 eum
2281 2509 2370 2577 qui
2400 2510 2467 2563 ab
2494 2509 2649 2562 initio
2672 2517 2773 2562 est.
2824 2505 3019 2561 Scriho
3054 2505 3229 2568 vobis,
3261 2504 3515 2574 juvenes,
3573 2514 3709 2569 quo-

2126 2602 2268 2654 niam
2303 2600 2468 2654 fortes
2496 2599 2651 2663 estis,
2680 2608 2735 2652 et
2757 2598 2965 2652 vicistis
2988 2596 3281 2666 malignum
3304 2591 3713 2648 “.iPollicetur

2127 2692 2305 2760 itaque
2326 2690 2585 2759 Spiritum
2614 2699 2861 2744 sanctum
2899 2689 2953 2743 in
3005 2689 3306 2742 servientes
3366 2683 3470 2739 sibi
3504 2681 3709 2737 effusu-

2126 2797 2262 2836 rum.
2297 2782 2361 2835 Et
2389 2780 2478 2850 qui
2510 2790 2634 2835 sunt
2663 2781 2751 2834 isti
2790 2779 3004 2834 tandem
3027 2780 3051 2833 ?
3074 2779 3238 2848 23o
3268 2778 3348 2830 An
3383 2776 3457 2830 illi
3484 2786 3708 2845 prorsus

2123 2872 2213 2943 qui
2236 2871 2471 2927 oraculis
2531 2871 2858 2941 evangelicis
2909 2870 3176 2925 cervicem
3225 2868 3406 2923 cordis
3475 2864 3708 2921 submit-

2125 2976 2264 3030 tunt,
2320 2981 2348 3018 a
2402 2964 2548 3019 cultu
2604 2966 2660 3018 in
2720 2966 2886 3035 ligura
2927 2964 3288 3027 discedentes,
3317 2972 3370 3017 et
3426 2976 3453 3014 a
3503 2958 3706 3013 Graeca!

2124 3057 2525 3127 superstitionis
2570 3057 2889 3127 deceptione
2939 3057 3299 3120 dosistentes,
3359 3064 3415 3107 nt
3472 3051 3694 3122 quidam

434 3142 688 3211 γέλλεται
714 3144 777 3215 δὴ
808 3140 899 3198 οὖν
930 3145 1027 3216 τὴν
1060 3144 1217 3215 χύσιν
1255 3143 1348 3197 τοῦ
1391 3144 1707 3215 Πνεύματος
1756 3149 1867 3210 τοῖς
1903 3147 2023 3200 δου-
2049 3115 2095 3174 C
2127 3115 2204 3200 ait
2222 3147 2246 3201 ?

434 3232 675 3288 λεύουσιν
703 3237 869 3306 αὐτῷ.
897 3237 1049 3301 Τίνες
1074 3236 1118 3290 δ’
1144 3236 1210 3289 ἂν
1231 3239 1278 3289 οί
1308 3236 1499 3290 τοιοίδε
1531 3236 1724 3305 πάλιν;
1758 3237 1791 3308 ἢ
1821 3240 2017 3291 ἐκεῖνοι
2058 3240 2273 3303 πάντως
2324 3240 2374 3293 οἳ
2429 3242 2545 3304 τοῖς
2573 3239 2946 3308 εὐαγγελικοῖς
2977 3237 3342 3309 θεσπίσμασιν
3371 3234 3709 3304 ύποφέρουσι

433 3327 525 3382 τὸν
554 3328 754 3398 αὐχένα
779 3329 876 3399 τῆς
905 3329 1162 3395 διανοίας,
1192 3329 1291 3399 τῆς
1345 3330 1443 3401 μὲν
1501 3332 1558 3383 ὲν
1599 3330 1756 3400 τύπῳ
1788 3331 2047 3402 λατρείας
2078 3332 2566 3404 ἀποφοιτήσαντες,
2600 3334 2918 3406 Ἑλληνικῆς
2950 3331 3005 3385 δὲ
3033 3332 3250 3403 ἀπάτης
3305 3325 3703 3398 ἀποπεπαυμέ-

432 3434 536 3478 νοι,
564 3417 703 3471 κατὰ
725 3417 816 3471 τὸν
841 3418 1096 3486 λέγοντας

506 3506 613 3563 Καὶ
650 3508 822 3563 δώσω
858 3508 1070 3578 τέρατα
1103 3509 1168 3563 ὲν
1202 3509 1282 3578 τῷ
1322 3509 1556 3579 οὐρανῷ
1588 3512 1729 3576 ἅνω,
1762 3512 1861 3567 καὶ
1894 3526 2010 3580 ση-

426 3600 565 3670 μεῖα
588 3600 688 3653 ἐπὶ
711 3601 822 3669 τῆς
848 3600 961 3671 γῆς
992 3601 1169 3665 κάτω,
1197 3598 1358 3672 αἷμα,
1382 3603 1480 3657 καὶ
1515 3603 1655 3670 πῦρ,
1679 3603 1777 3656 καὶ
1797 3605 2013 3674 ἀτμίδα

432 3691 689 3763 καπνοῦ.
725 3692 779 3743 '0
818 3691 992 3759 ἣλιος
1031 3692 1596 3761 μεταστραφήσεται
1639 3680 1729 3758 εἰς(
1773 3696 2013 3759 σκότος,

432 3780 529 3853 καὶ
559 3781 597 3847 ἠ
630 3780 861 3848 σελήνη
894 3783 981 3846 είς
1019 3776 1182 3849 αἷμα,
1221 3780 1364 3851 πρὶν
1400 3782 1600 3837 ἐλθεῖν
1642 3781 1758 3850 τὴν
1789 3783 2016 3852 ἡμέραν

433 3871 653 3939 Κυρίου
681 3871 796 3938 τὴν
820 3874 1092 3941 μεγάλην
1122 3872 1219 3924 καὶ
1252 3873 1537 3943 ἐπιφανῆ.

498 3963 640 4030 AC?"
688 3964 811 4016 Ἐπὶ
866 3966 984 4033 ταῖς
1036 3963 1370 4026 δυσσεϐείαις
1419 3964 1527 4018 τῶν
1562 3964 1851 4029 Ἰουδαίων,
1893 3967 2013 4030 ταῖς

431 4056 511 4134 είς
564 4055 803 4127 Χριστὸν
845 4056 1260 4127 γεγενημέναις,
1290 4057 1386 4114 καὶ
1419 4058 1556 4132 αὐτὴ
1590 4058 1699 4111 τῶν
1734 4060 2015 4129 στοιχείων

429 4149 830 4221 δεδυσφόρηκεν
862 4150 896 4219 ἡ
945 4149 1124 4218 φύσις.
1183 4150 1615 4222 Κατωλοφύρετο
1655 4149 1711 4203 δὲ
1749 4150 1936 4222 ὥσπερ
1981 4152 2015 4221 ή

431 4241 626 4309 κτίσις,
651 4240 1085 4313 καθυϐρισμένον
1109 4243 1290 4313 ὁρῶσα
1314 4244 1405 4296 τὸν
1435 4243 1716 4307 κτίσαντα,
1745 4245 1839 4297 καὶ
1862 4247 1890 4297 ὁ
1917 4244 2016 4314 μὲν

433 4331 579 4396 θεῖος
613 4333 758 4397 ναὸς,
792 4332 868 4397 ὡς
895 4337 1006 4397 τοῖς
1040 4334 1330 4393 πενθοῦσιν
1360 4335 1643 4406 ἀσχάλλων
1672 4338 1730 4389 ὲν
1770 4335 1887 4404 ἴσῳ.
1917 4352 2015 4388 πε·-

431 4427 810 4501 ριερρήγνυτο.
837 4428 1147 4499 Γέγραπται
1186 4430 1315 4501 γάρ,
1345 4429 1427 4482 ὃτι
1463 4447 1481 4480 ι
1513 4429 1585 4482 Τὸ
1617 4428 1711 4482 τοῦ
1744 4428 1875 4483 ναοῦ
1909 4446 2010 4482 κα·
2047 4465 2090 4519 D

426 4518 753 4588 ταπέτασμα
776 4518 884 4571 ἀπὸ
916 4519 1119 4573 ἄνωθεν
1143 4520 1245 4583 ἕως
1270 4521 1420 4575 κάτω
1446 4519 1689 4591 ἐσχίσθη.
1717 4538 1737 4572 s
1778 4520 1837 4573 Ὀ
1865 4520 2014 4591 ἥλιος

426 4610 483 4664 δὲ
515 4610 576 4664 τὸ
604 4612 804 4665 οἰκεῖον
836 4610 1113 4687 ἀνακόψας
1152 4610 1309 4675 σέλας
1340 4613 1440 4664 οὐκ
1483 4611 1634 4683 ἠξίου
1677 4611 1888 4679 φαίνειν
1931 4611 2011 4663 ἔτι

425 4704 538 4766 τοῖς
558 4702 651 4756 ἐπὶ
676 4703 772 4773 τῆς
801 4702 923 4774 γῆς.
953 4703 1155 4755 Ἐποίει
1180 4702 1288 4773 γὰρ
1324 4702 1512 4765 σκότος
1541 4702 1650 4755 ἀπὸ
1676 4702 1824 4770 ὥρας
1849 4701 2012 4772 ἕκτης

425 4792 530 4855 ἓως
573 4793 820 4862 ὲννάτης,
864 4792 1137 4863 ἐσχίζοντο
1174 4793 1232 4846 δὲ
1260 4793 1354 4851 καὶ
1392 4793 1608 4864 πέτραι,
1644 4793 1784 4863 τάχα
1814 4792 1872 4846 δέ
1905 4810 2009 4846 που

426 4885 522 4955 καὶ
559 4885 689 4955 περὶ
718 4887 810 4939 τὸν
846 4887 945 4957 τῆς
980 4887 1206 4957 σελήνης
1243 4885 1442 4940 κύκλον
1491 4886 1789 4958 ἐπράττετό
1822 4904 1874 4939 τι
1901 4885 2012 4941 τῶν

426 4974 732 5046 ἀσυνήθων,
756 4976 831 5040 ὡς
851 4976 1025 5029 δοκεῖν
1050 4979 1130 5040 εἰς
1152 4971 1291 5047 αἷμα
1320 4976 1793 5048 μεταπεποιῆσθαι
1817 4975 2011 5047 αὑτήν.

424 5067 717 5143 Σεσίγηται
757 5069 856 5139 μὲν
887 5064 982 5123 οὖν
1015 5070 1076 5123 τὸ
1120 5070 1324 5123 τοιόνδε
1365 5072 1477 5133 τοῖς
1516 5071 1696 5138 ἁγίοις
1733 5069 2014 5139 εὐαγγελι-

425 5165 597 5223 σταϊς.
633 5160 953 5232 Ἀξιόχρεώς
977 5178 1041 5231 γε
1070 5162 1175 5234 μὴν
1200 5164 1233 5233 ή
1258 5164 1440 5227 πίστις
1460 5164 1526 5217 ἐκ
1550 5163 1904 5234 προφητείας,
1929 5164 2011 5217 ὅτι

427 5253 526 5323 μὲν
570 5256 683 5317 τοῖς
731 5254 826 5307 τοῦ
897 5256 1245 5326 Δημιουργοῦ
1325 5256 1589 5326 νεύμασιν
1632 5257 1733 5309 ούκ
1780 5259 1837 5309 ἐν
1876 5255 2009 5326 ἡλίῳ

425 5344 585 5416 μόνον
633 5345 704 5398 τὰ
746 5349 946 5418 σημεῖα
989 5348 1233 5417 γέγονεν,
1284 5348 1399 5403 ἀλλ’
1439 5344 1551 5403 οἷον
1607 5348 1702 5418 ὅλη
1751 5349 1886 5419 πρὸς
1945 5346 2007 5400 τὸ

421 5436 673 5499 ἀκαλλὲς,
705 5437 801 5490 καὶ
821 5439 1086 5509 ἀσύνηθες
1111 5439 1248 5510 αὐτὴ
1278 5441 1735 5513 μετακεχώρηκεν
1763 5443 1795 5512 ή
1822 5440 2003 5511 φύσις,

430 5526 590 5593 σαφὲς
628 5526 694 5580 ἂν
724 5528 930 5597 γένοιτο
961 5529 1094 5583 Θεοῦ
1131 5530 1379 5600 λέγοντος
1408 5532 1494 5585 διὰ
1529 5533 1710 5603 φωνῆς
1745 5532 2001 5585 Ἡσαΐου*

495 5709 541 5763 ³³
577 5709 695 5784 Apt.
726 5726 837 5777 xvr,
872 5712 925 5767 9.

1002 5711 1046 5742 κο
1085 5711 1204 5777 Act.
1242 5727 1314 5772 Ix.
1362 5712 1447 5779 ιθ,
1490 5714 1575 5769 ll.
1656 5713 1739 5767 Η.ι
1768 5711 1925 5776 toan.
1965 5714 2138 5784 11.15.-

2192 3507 2360 3561 V'zns.
2390 3508 2478 3572 '50,
2518 3508 2608 3563 3i.
2654 3507 2722 3562 Et
2765 3508 2901 3562 dabo
2930 3508 3171 3577 prodigia
3215 3510 3270 3561 in
3304 3509 3429 3563 ctzlo
3460 3527 3695 3577 sursum,

2118 3608 2166 3651 et
2217 3607 2460 3665 portenta
2509 3614 2663 3666 super
2710 3609 2905 3653 terram
2963 3601 3225 3663 deorsum,
3270 3602 3598 3669 sanguinem,
3652 3615 3703 3658 et

2119 3691 2311 3757 ignem,
2343 3701 2393 3744 et
2433 3707 2672 3759 vaporem
2721 3691 2876 3761 fumi.
2939 3690 3036 3746 Sol
3094 3703 3422 3745 convertatur
3458 3696 3512 3748 in
3563 3705 3703 3751 tene-

2119 3781 2263 3843 bras,
2306 3793 2351 3833 ει
2394 3780 2521 3833 luna
2565 3783 2618 3834 in
2666 3782 2997 3851 sanguinem,
3047 3792 3327 3850 antequam
3378 3785 3550 3837 veniat
3590 3789 3702 3841 dies

2119 3869 2331 3923 Domini
2367 3889 2585 3941 magnus
2622 3884 2669 3927 et
2694 3875 2935 3927 illustris.

2194 3961 2437 4018 XXXVI.
2467 3965 2513 4017 A
2539 3964 2739 4019 Judaais
2767 3965 2930 4029 impie
2980 3968 3033 4021 in
3079 3967 3354 4022 Christum
3398 3968 3699 4039 designata,

2118 4057 2230 4127 ipsa
2268 4072 2482 4126 quoque
2531 4056 2921 4111 elementorum
2970 4066 3162 4112 natura
3211 4058 3422 4129 indigne
3457 4059 3601 4121 tulit,
3644 4068 3699 4112 et

2117 4160 2366 4204 creatura
2402 4158 2507 4203 tam
2537 4148 2926 4204 contumeliose
2957 4149 3200 4204 habitum
3234 4151 3449 4205 intuens
3474 4150 3699 4204 Creato-

2115 4258 2256 4304 rem,
2298 4244 2696 4315 quodammodo
2755 4242 2912 4310 luxit,
2944 4257 3007 4297 ac
3049 4243 3286 4297 divinum
3325 4243 3576 4311 templum
3618 4242 3698 4312 (ut

2118 4348 2272 4401 atque
2303 4349 2425 4387 cum
2474 4334 2580 4387 illis
2628 4332 2815 4388 dolens
2857 4348 2921 4388 ac
2972 4332 3249 4402 moestum)
3283 4332 3553 4403 diruptum
3588 4343 3691 4389 est.

2121 4427 2390 4497 Scriptum
2435 4429 2631 4499 quippe
2684 4436 2900 4484 exstat:
2936 4446 2954 4478 ι
2989 4427 3055 4481 Et
3103 4427 3275 4480 velum
3322 4427 3501 4498 templi
3551 4430 3691 4482 scis—

2124 4536 2241 4575 sum
2288 4531 2371 4576 est
2405 4537 2434 4575 a
2478 4537 2692 4577 summo
2728 4537 2897 4590 usque
2941 4520 3276 4584 deorsum",
3314 4537 3332 4570 ι
3376 4529 3429 4574 et
3479 4520 3557 4574 sol
3603 4536 3693 4574 re-

2119 4625 2305 4679 presso
2356 4611 2642 4681 splendore
2693 4626 2812 4677 suo,
2868 4610 3186 4664 mortalibus
3231 4610 3413 4664 lucere
3464 4610 3694 4682 amplius

2123 4701 2308 4764 noluit.
2341 4701 2592 4756 tenebras
2622 4703 2764 4755 enim
2800 4702 2960 4755 rebus
2983 4699 3050 4753 ab
3079 4700 3208 4754 hora
3243 4710 3390 4755 sexta
3431 4716 3600 4770 usque
3625 4701 3695 4761 ad

2116 4809 2312 4853 nonam
2347 4791 2574 4849 induxit.
2623 4792 2820 4847 Scissa:
2857 4801 2982 4846 sunt
3032 4792 3158 4847 item
3204 4801 3391 4863 petras.
3420 4791 3691 4847 Fortassis

2110 4885 2276 4939 etiam
2326 4893 2381 4937 et
2427 4884 2574 4938 circa
2622 4883 2765 4938 lunae
2821 4884 3007 4939 orbem
3068 4882 3386 4938 inusitatum
3436 4884 3691 4953 quiddam

2111 4973 2327 5037 accidit,
2358 4984 2419 5027 ut
2454 4988 2715 5029 conversa
2762 4974 2815 5028 in
2864 4974 3180 5045 sanguinem
3214 4975 3515 5030 videretur.
3553 4974 3691 5030 'l‘ale

2109 5063 2365 5132 quiddam
2399 5064 2563 5135 igitur
2589 5064 2728 5119 sacri
2763 5066 3109 5134 evangelista:
3137 5066 3459 5121 omiserunt.
3494 5064 3688 5121 Verum

2110 5171 2174 5215 ex
2200 5156 2479 5226 prophetia
2514 5158 2646 5213 satis
2678 5158 2739 5212 tit
2768 5158 3047 5223 credibile,
3082 5169 3210 5213 nutu
3250 5158 3554 5213 Conditoris
3584 5175 3690 5213 non

2108 5250 2267 5303 modo
2316 5250 2368 5303 in
2424 5249 2536 5305 sole
2586 5251 2741 5321 signa
2798 5250 2964 5315 facta,
3031 5250 3127 5305 sed
3174 5250 3329 5320 quasi
3378 5250 3687 5304 universam

2109 5358 2287 5397 rerum
2322 5355 2569 5397 naturam
2616 5345 3013 5399 deformitatem
3062 5354 3118 5398 et
3155 5345 3360 5398 vultum
3401 5344 3686 5413 quemdam

2107 5437 2476 5491 inconsuetum
2516 5436 2775 5491 induisse.
2806 5436 2918 5491 Hoc
2946 5436 3191 5506 liquebit,
3224 5436 3331 5491 Deo
3364 5451 3462 5505 per
3490 5435 3684 5491 Isaiam

2105 5529 2186 5584 sic
2238 5529 2529 5597 loquente:
2568 5546 2587 5579 ι
2616 5528 2835 5583 lnduam
2886 5528 3082 5584 cmlum
3132 5527 3391 5596 tenebris,
3441 5537 3496 5586 et
3528 5529 3685 5600 quasi

2215 5715 2258 5746 λ’
2298 5712 2488 5777 Matth.
2520 5726 2688 5777 xxvzt,
2726 5711 2817 5767 51.
