4132 6370
408 337 514 398 583

1397 333 1458 390 S.
1498 327 1774 390 CYRILLI
1813 323 2278 384 ALEXANDRINI
2319 324 2639 382 ARCHIEP.

3561 323 3670 382 384

406 459 638 516 cllicium
665 474 858 532 ponam
893 456 1285 528 aperimeutum
1317 454 1436 523 ejus
1460 453 1528 509 “.
1560 471 1581 506 ι
1616 451 1748 507 Cum
1781 451 1976 505 cmlum

2095 470 2106 502 ι
2132 451 2242 503 Kal.
2263 447 2471 503 ἰνδύσω
2489 447 2582 500 τὸν
2601 445 2828 517 οὐρανὸν
2851 445 3058 509 σκότος,
3087 443 3182 498 καὶ
3201 442 3351 516 θήσω
3368 441 3444 508 ὡς
3465 443 3672 498 σάκκον

406 553 669 616 nominat,
713 553 891 606 omnia
935 564 1056 616 quae
1111 548 1167 602 in
1225 545 1365 602 cmlo
1416 553 1564 610 sunt,
1622 543 1763 598 velut
1806 542 1981 597 cilicio

407 643 646 699 tenebris
667 653 852 714 operta
885 643 1035 706 dicit,
1066 639 1326 711 lugentia,
1357 648 1411 692 et
1438 637 1694 699 dolentia,
1719 645 1772 689 et
1797 635 1980 690 habitu

408 737 499 790 illo
537 737 689 806 quasi
725 734 1005 805 ejulautia.
1037 733 1202 804 Signa
1253 732 1416 800 igitur
1449 729 1499 783 iu
1540 729 1679 783 coelo
1707 728 1820 783 haec
1863 742 1983 781 esse

405 826 657 880 dixerim.
695 824 752 878 ln
812 834 956 878 terra
1003 833 1184 876 autem
1230 817 1473 888 sanguis.
1522 817 1662 885 ignis
1712 825 1766 871 et
1815 828 1984 884 vapor

407 920 537 974 fumi
579 919 987 989 signiﬁcaverit,
1027 917 1238 985 opinor,
1267 913 1575 969 Judaeorum
1621 911 1980 976 calamitates,

404 1009 601 1078 quibus
624 1023 716 1064 eos
751 1008 946 1062 bellum
981 1004 1381 1060 atrocissimum
1423 1018 1452 1057 a
1487 999 1745 1056 Romanis
1777 1000 1981 1055 illatum

405 1098 730 1162 cumulavit;
767 1097 1028 1166 sanguine
1061 1095 1204 1151 enim
1245 1103 1356 1148 tota
1388 1108 1576 1148 eorum
1612 1093 1763 1162 regio
1797 1105 1984 1145 mana-

405 1188 502 1242 vit.
538 1187 734 1243 Debuit
768 1189 932 1242 etiam
972 1203 1093 1242 cum
1131 1185 1354 1241 urbibus
1394 1185 1568 1254 ipsum
1600 1182 1738 1236 fama
1773 1181 1985 1236 celebre

409 1279 662 1350 templum
695 1281 1059 1352 conﬂagrare,
1090 1278 1300 1334 fumare
1328 1280 1518 1332 domus
1545 1290 1611 1330 ex
1643 1274 1893 1330 incendio
1929 1279 1985 1328 et

407 1372 565 1428 dirui.
597 1372 867 1428 Eventura
905 1383 1085 1427 autem
1116 1369 1424 1440 huiusmodi
1453 1368 1656 1424 Judzeis
1686 1377 1811 1422 ante
1842 1365 1982 1420 diem

410 1479 660 1534 maguum
695 1475 750 1520 et
783 1464 1150 1529 manifestum,
1204 1478 1311 1534 qua
1348 1459 1606 1516 omnibus
1653 1465 1986 1529 proponetur

409 1557 652 1612 divinum
699 1558 898 1613 Christi
943 1554 1203 1619 tribunal,
1234 1553 1416 1610 dantis
1445 1552 1640 1621 cuique
1685 1547 1984 1604 secundum

409 1664 569 1715 opera
612 1663 708 1703 sua
731 1647 798 1713 “,
827 1648 1063 1703 ostendit
1101 1661 1224 1701 cum
1273 1645 1446 1700 dicit:
1477 1661 1496 1696 ι
1523 1642 1846 1712 Priusquam
1891 1654 1980 1694 ve-

411 1742 520 1792 niat
553 1741 666 1794 dies
698 1739 908 1794 Domini
948 1754 1177 1810 magnus
1205 1747 1260 1794 et
1284 1737 1602 1793 manifestus
1625 1735 1724 1788 ".i
1763 1734 1842 1788 Ad
1871 1732 1986 1787 haec

2081 541 2142 595 τὸ
2177 539 2520 612 περιϐόλαιον
2544 537 2729 591 αὑτοῦ.
2755 556 2772 589 ι
2804 535 3047 608 Οὐρανὸν
3076 535 3134 589 δὲ
3153 535 3280 589 ὅταν
3311 533 3465 605 λέγῃ,
3495 535 3670 589 πάντα

2083 634 2216 704 φησὶ
2248 632 2315 686 τὰ
2345 633 2401 684 ὲν
2433 629 2650 701 οὐρανῷ
2677 622 2788 682 οἷον
2821 628 3010 699 σάκκῳ
3040 626 3120 698 τῷ
3148 626 3330 680 σκότει
3365 627 3672 697 καταμεριὲ-

2085 741 2194 786 σαι,
2227 723 2555 786 πενθοῦντα,
2583 722 2679 776 καὶ
2715 719 3004 788 ἀλγοῦντα,
3050 718 3146 772 καὶ
3171 716 3360 789 ὥσπερ
3387 717 3672 789 διακεκραα

2081 815 2218 884 γότα
2244 813 2321 884 τῷ
2353 815 2611 884 σχήματι.
2653 811 2865 882 Σημεῖα
2910 811 3008 881 μὲν
3039 805 3134 863 οῦν
3163 809 3221 861 ὲν
3263 805 3474 879 ούρανῷ
3515 810 3671 861 ταυτὶ

2084 905 2268 976 φαίην.
2300 904 2381 958 Τὰ
2408 904 2464 957 δὲ
2495 903 2576 967 είς
2606 903 2711 974 γῆν
2741 896 2883 972 αἷμά
2917 918 2976 954 τε
3002 901 3098 954 καὶ
3137 899 3269 972 πῦρ,
3311 901 3406 952 καὶ
3441 898 3605 969 ἀτμὶς
3638 900 3671 968 ἡ

2083 991 2294 1049 καπνοῦ
2355 991 2809 1062 καταδηλὼσειεν,
2860 985 3051 1061 οἶμαι,
3100 987 3202 1053 τὰς
3245 987 3354 1041 τῶν
3405 987 3676 1041 Ἰουδαίων

2087 1083 2391 1155 συμφοράς,
2424 1082 2491 1146 ἃς
2526 1084 2555 1137 ὁ
2591 1081 2943 1153 παγχάλεπος
2971 1079 3156 1142 αὐτοῖς
3198 1077 3430 1147 πόλεμος
3468 1074 3677 1131 ὲπεσώ-

2087 1191 2296 1246 ρευσεν,
2326 1175 2354 1226 ό
2381 1175 2480 1244 τῆς
2506 1170 2596 1225 διὰ
2631 1170 2740 1224 τῶν
2783 1167 3072 1240 Ῥωμαίων
3107 1168 3310 1238 χειρός.
3336 1167 3538 1237 Αίματι
3565 1165 3677 1234 γὰρ

2084 1269 2118 1337 ή
2147 1266 2297 1318 πᾶσα
2349 1265 2448 1334 μὲν
2491 1262 2672 1316 αὐτῶν
2719 1262 3108 1332 κατερραίνετο
3149 1257 3322 1330 χώρα.
3351 1257 3585 1328 Ἔμελλε
3615 1255 3676 1309 δὲ

2083 1355 2218 1429 ὁμοῦ
2257 1358 2378 1419 ταῖς
2424 1355 2611 1407 πόλεσι
2658 1353 2753 1407 καὶ
2797 1352 2960 1415 αὐτὸς
3002 1354 3031 1406 ό
3071 1350 3353 1420 διαϐόητος
3399 1347 3681 1418 καταπίμ-

2085 1446 2327 1518 πρασθαι
2346 1445 2503 1509 νεὼς,
2526 1440 2665 1497 οἶκοί
2689 1460 2749 1496 τε
2777 1439 3141 1506 καπνίξεσθαι
3167 1437 3673 1508 κατασεσεισμένοι.

2087 1537 2211 1594 Ὀτι
2248 1538 2304 1592 δὲ
2335 1538 2430 1592 καὶ
2466 1537 2572 1607 πρὸ
2625 1535 2722 1606 τῆς
2761 1534 2978 1607 ἡμέρας
3023 1534 3122 1605 τῆς
3154 1531 3396 1604 μεγάλης
3435 1529 3530 1582 καὶ
3559 1531 3672 1582 ὲπι-

2086 1628 2310 1700 φανοῦς,
2341 1627 2462 1681 καθ’
2508 1628 2574 1698 ἢν
2609 1626 2782 1681 άπασι
2824 1625 3180 1696 προκείσεται
3213 1622 3274 1675 τὸ
3307 1621 3447 1675 θεῖον
3498 1620 3675 1690 βῆμα,

2086 1719 2324 1794 Χριστοῦ
2367 1719 2601 1782 διδόντος
2649 1718 2867 1787 ἑκάστῳ
2905 1715 3046 1770 κατὰ
3087 1715 3154 1769 τὰ
3200 1714 3336 1786 ἔργα
3382 1711 3567 1776 αὑτοῦ,
3609 1712 3680 1764 τὰ

409 1826 700 1880 notandum
753 1827 925 1894 ipsum
980 1825 1312 1880 Salvatorem
1369 1835 1612 1880 nostrum
1678 1824 1984 1892 interroga-

2095 1814 2262 1871 τοιάδε
2289 1814 2402 1877 τοῖς
2444 1810 2717 1873 Ἰουδαίοις
2757 1809 3132 1880 συμϐήσεται,
3169 1807 3570 1877 διαμεμήνυκεν
3599 1803 3679 1855 εί·-

411 1927 520 1970 tum
545 1933 573 1970 a
599 1919 800 1972 sanctis
825 1917 1082 1987 apostolis
1117 1917 1183 1971 de
1210 1917 1676 1972 consummatione
1702 1915 1858 1986 23],
1883 1929 1983 1969 saa-

409 2009 513 2063 culi
565 2019 620 2064 et
647 2013 928 2066 eversione
953 2010 1473 2083 Hierosolymorum,
1500 2010 1781 2064 miscuisse
1807 2008 1981 2078 signa,

408 2111 468 2155 ut
497 2103 762 2159 incertum
807 2104 879 2159 ita
911 2104 1114 2162 faceret
1141 2104 1390 2170 forsitan,
1425 2117 1546 2172 quae
1581 2101 1798 2171 quando
1825 2114 1988 2154 even-

410 2202 526 2249 tura
553 2193 748 2250 forent.

2089 1907 2205 1961 πών
2233 1922 2248 1937 ·
2286 1923 2305 1956 r
2334 1905 2472 1976 Πρὶν
2519 1901 2695 1956 ἐλθεῖν
2742 1902 2842 1970 τὴν
2884 1899 3097 1971 ἡμέραν
3141 1899 3244 1968 τὴν
3299 1894 3539 1967 μεγάλην
3587 1892 3681 1946 καὶ

2087 1997 2380 2068 ἐπιφανῆ.)
2409 1993 2752 2066 Σημειωτέον
2775 1993 2832 2046 δὲ
2863 1992 3000 2064 πρὸς
3027 1989 3260 2056 τούτοις,
3278 1992 3362 2044 ὅτι
3391 1990 3484 2042 καὶ
3516 1987 3682 2050 αὐτὸς

2088 2091 2117 2144 ὁ
2145 2088 2348 2160 Κύριος
2373 2086 2530 2157 ἡμῶν
2557 2083 2908 2154 ἐρωτώμενος
2936 2081 3090 2153 παρὰ
3117 2081 3226 2135 τῶν
3253 2081 3424 2150 ἁγίων
3450 2079 3680 2132 amom-

2092 2185 2199 2236 λων
2226 2181 2295 2234 τὰ
2329 2179 2458 2251 περὶ
2487 2179 2586 2250 τῆς
2615 2177 2928 2240 συντελείας
2955 2176 3049 2229 τοῦ
3081 2176 3298 2240 αἰῶνος,
3326 2175 3419 2229 καὶ
3449 2175 3520 2228 τὰ
3551 2175 3681 2245 περὶ

407 2285 506 2356 τῆς
539 2286 648 2340 τῶν
694 2287 1082 2360 Ἰεροσολύμων
1149 2288 1565 2362 καταστροφῆς,
1614 2283 1766 2359 ἔμιξε
1809 2282 1876 2336 τὰ
1925 2279 2147 2352 σημεῖα,
2202 2275 2277 2340 ὡς
2317 2274 2458 2344 τάχα
2501 2290 2602 2325 που
2647 2272 2740 2324 καὶ
2804 2268 3114 2338 ἀγνοεῖσθαι
3157 2267 3363 2334 λοιπὸν,
3446 2269 3573 2320 ποῖα
3616 2265 3684 2336 δὴ

409 2377 540 2432 πότε
571 2379 932 2450 συμϐήσεται.

484 2473 652 2527 Vens.
695 2473 785 2529 32.
832 2470 900 2527 Et
938 2473 1038 2528 erit
1066 2489 1085 2528 :
1121 2473 1306 2530 Omnis
1333 2473 1628 2542 quicunque
1677 2465 1991 2524 invocarerit

410 2581 598 2618 nonum
636 2563 870 2628 Domini,
913 2567 1088 2619 salvus
1113 2567 1245 2627 erit;
1283 2566 1406 2634 quia
1446 2565 1502 2616 in
1533 2572 1707 2616 monte
1754 2559 1906 2624 Sion,
1945 2569 1994 2612 et

410 2656 464 2708 iu
507 2653 805 2709 Jerusalem
839 2655 940 2710 erit
988 2658 1245 2717 salvatus,
1283 2657 1418 2709 sicut
1453 2653 1588 2707 dixit
1617 2653 1907 2716 Dominus;
1947 2661 1994 2706 et

409 2749 828 2818 euangelizante:
861 2763 990 2818 quos
1016 2747 1268 2802 Dominus
1294 2749 1515 2802 vocavit.

483 2921 744 2978 XXXVII.
791 2923 1022 2979 Omnino
1059 2924 1223 2994 igitur
1251 2933 1305 2979 et
1341 2923 1499 2994 plane
1531 2930 1754 2993 propter
1774 2919 1988 2976 Judaeu-

411 3027 532 3066 ru-m
575 3012 782 3066 nefaria
817 3012 1055 3067 facinora
1106 3013 1158 3067 iu
1210 3012 1349 3068 coelo
1388 3022 1442 3067 et
1473 3012 1526 3067 in
1559 3021 1702 3067 terra
1733 3011 1887 3082 signa
1934 3021 1990 3065 et

413 3107 659 3177 prodigia
691 3105 806 3161 fore
840 3108 942 3163 ait.
979 3106 1344 3163 Nihilominus
1377 3108 1542 3162 etiam
1593 3105 1676 3162 sic
1723 3105 1853 3176 ipsis
1897 3106 1990 3160 Dei

414 3197 833 3268 placabilitatem
888 3211 1011 3254 esse
1058 3198 1417 3269 propositam,
1469 3198 1699 3253 salutem
1744 3197 1993 3252 videlicet

413 3304 512 3358 per
545 3288 725 3352 fidem,
764 3288 818 3342 in
857 3287 1074 3344 Christo
1095 3288 1562 3358 iustiﬁcationem,
1591 3288 1788 3361 pignus
1820 3287 1994 3358 Spiri-

419 3391 526 3442 tus,
563 3378 1069 3443 sanctiﬁcationem,
1107 3393 1257 3449 spem
1296 3377 1444 3450 regni
1476 3377 1759 3444 caelorum,
1801 3378 1992 3433 remit-

417 3481 566 3528 tente
626 3470 734 3527 Deo
785 3480 843 3526 et
891 3470 1242 3527 obliviscente
1301 3472 1354 3526 in
1411 3471 1688 3527 Christum
1737 3471 1807 3527 ab
1863 3470 1994 3540 ipsis

416 3560 710 3616 commissa
764 3561 993 3616 scelera.
1041 3559 1237 3616 Petrus
1289 3561 1476 3631 itaque
1517 3571 1741 3617 accusat
1793 3562 1997 3618 acriter

415 3651 724 3707 Jmlzeorum
760 3651 1035 3722 populum,
1089 3662 1277 3723 aperte
1328 3653 1663 3718 exclamans,
1714 3655 1998 3709 universo-

421 3757 539 3795 rum
568 3740 904 3796 Salvatorem
949 3756 1013 3796 ac
1043 3741 1457 3812 Redemptorem
1501 3757 1598 3797 eos
1623 3742 1907 3808 occidisse,
1941 3743 1994 3796 in

421 3834 568 3904 ligno
601 3832 1015 3902 suspendentes,
1048 3843 1102 3887 et
1134 3846 1360 3903 negasse
1389 3831 1650 3888 Sanctum
1684 3841 1738 3888 et
1759 3832 1995 3898 iustum,

419 3935 476 3980 et
502 3924 727 3994 petiisse
759 3923 1083 3979 homicidam
1114 3923 1303 3979 donari
1333 3923 1436 3980 sibi
1455 3913 1607 3979 “'".
1627 3926 1884 3996 Adjungit
1914 3926 1999 3981 his

421 4017 617 4070 deinde
647 4031 663 4070 :
697 4033 716 4068 ‹
753 4014 820 4069 Ει
862 4029 1007 4069 nunc
1036 4016 1172 4081 scio,
1210 4012 1431 4084 l'ratres,
1455 4017 1582 4086 quia
1621 4031 1715 4086 per
1745 4018 2002 4087 ignoran-

425 4107 552 4161 tiam
598 4106 828 4171 fecistis,
860 4105 1002 4162 sicut
1026 4113 1082 4162 et
1122 4107 1396 4177 principes
1427 4105 1616 4162 vestri.
1651 4105 1999 4162 Poenitemini

423 4199 614 4269 igitur,
644 4207 699 4251 et
731 4197 1195 4261 convertimini“,
1218 4208 1272 4253 et
1299 4199 1605 4268 baptizetur
1630 4198 2003 4267 unusquisque

424 4300 663 4344 vestrum
711 4289 766 4342 in
797 4287 1016 4342 nomine
1048 4288 1259 4343 Domini
1292 4286 1441 4353 Jesu,
1471 4297 1526 4343 et
1558 4288 1836 4357 accipietis
1880 4303 2004 4359 gra-

427 4379 556 4432 tiam
590 4379 827 4449 Spiritus
852 4379 1050 4433 sancti.
1083 4378 1252 4434 Vobis
1280 4381 1424 4434 enim
1455 4387 1539 4434 est
1565 4380 1933 4450 repromissio,
1949 4388 2004 4436 et

429 4470 554 4525 tiliis
598 4471 878 4526 vestris".
909 4491 929 4524 ι
979 4472 1267 4539 Quocirca.
1310 4475 1581 4542 quamvis,
1627 4471 1825 4544 inquit,
1860 4474 2000 4530 facta

427 4562 538 4616 sint
567 4562 719 4631 signa
750 4572 805 4617 et
847 4563 1112 4633 prodigia,
1147 4564 1448 4620 salvabitur
1485 4574 1662 4620 tamen
1697 4566 2006 4636 quicunque

429 4650 715 4705 Dominmn
758 4667 824 4707 ac
864 4653 990 4708 caeli
1041 4662 1307 4723 terraaque
1339 4661 1612 4723 potentem
1649 4655 2000 4711 iuvocaverit.

431 4739 668 4796 Verbum
727 4757 856 4798 vero
913 4743 1107 4799 salutis
1162 4745 1216 4798 in
1264 4745 1376 4814 ipsa
1437 4745 1830 4816 Hierosolyma,
1887 4762 2007 4817 quae

429 4835 604 4906 prima
653 4835 856 4891 occidit
904 4833 1213 4902 Dominum,
1255 4839 1672 4908 promulgatum,
1707 4848 1763 4894 et
1806 4841 1878 4894 ita
1913 4856 2009 4910 per

429 4939 622 4981 omnes
664 4935 850 4996 gentes
882 4927 1262 4984 circumlatum
1312 4929 1376 4983 iri
1414 4945 1508 4997 per
1543 4940 1762 4985 sanctos
1789 4943 2009 5001 aposto-

433 5017 538 5085 los,
584 5018 732 5074 clare
781 5019 1012 5090 perspici
1063 5035 1130 5075 ex
1183 5019 1287 5075 hoc
1333 5020 1606 5091 prophetae
1652 5022 1868 5092 possit:
1905 5042 1924 5075 ι
1952 5022 2008 5079 In

433 5119 618 5166 monte
644 5109 774 5166 Sion
799 5119 854 5165 et
881 5112 935 5166 in
956 5110 1263 5167 Jerusalem
1289 5112 1396 5166 erit
1421 5111 1676 5178 salvatus,
1708 5121 1763 5168 et
1790 5128 2007 5168 annun-

436 5200 636 5258 tiantes
688 5215 826 5271 quos
873 5201 1132 5258 Dominus
1172 5203 1403 5258 vocavit.
1435 5220 1454 5253 ι
1493 5201 1625 5257 Nam
1679 5213 1738 5258 ut
1775 5219 1806 5258 a
1842 5203 2010 5260 Paulo

434 5293 640 5348 dictum
688 5302 814 5349 est:
848 5309 870 5345 ι
899 5292 1068 5348 Nemo
1096 5293 1266 5349 sumit
1305 5293 1408 5349 sibi
1449 5294 1736 5361 honorem,
1786 5296 1882 5351 sed
1919 5297 2011 5366 qui

438 5392 660 5438 vocatur
700 5397 731 5437 a
777 5381 885 5439 Deo
906 5382 974 5436 '°.
1007 5401 1026 5435 ι
1065 5383 1252 5440 Vocati
1287 5394 1414 5440 sunt
1460 5385 1623 5454 igitur
1649 5401 1771 5441 cum
1804 5386 2013 5442 delectu

435 5489 506 5528 ex
553 5476 808 5532 omnibus
864 5476 1008 5532 beati
1065 5475 1349 5547 discipuli,
1412 5491 1512 5533 nec
1559 5488 1750 5550 sponte
1804 5493 1899 5534 sua
1947 5479 2014 5534 ad

517 5672 561 5744 ‘_'_
588 5672 687 5727 '83-
721 5689 775 5735 ι.
807 5673 864 5728 3.
939 5674 984 5710 “
1009 5676 1203 5734 Matth.
1237 5678 1466 5744 “1,57.
1544 5677 1588 5710 ⁸⁵
1613 5677 1733 5734 Act.
1769 5693 1828 5743 ιι,
1855 5676 1925 5731 20

451 5741 492 5771 "“
524 5740 684 5798 llebr,
723 5760 790 5810 ν,
824 5744 881 5798 4.
1334 5740 1347 5757 ”

2162 2452 2270 2508 Καὶ
2316 2450 2526 2505 ἔσται’
2565 2448 2689 2513 Πᾶς
2718 2447 2786 2514 ὃς
2819 2447 2898 2502 ἂν
2927 2446 3358 2509 ἐπικαλέσηται
3398 2447 3464 2502 τὸ
3495 2448 3684 2518 ὄνομα

2088 2545 2331 2613 Κυρίου,
2359 2541 2697 2608 σωθήσεται
2722 2557 2735 2570 ·
2761 2540 2851 2593 ὅτι
2885 2539 2955 2593 ἐν
2999 2538 3078 2605 τῷ
3121 2538 3244 2608 ὄρει
3283 2539 3453 2604 Σιὼν,
3485 2539 3585 2594 καὶ
3612 2540 3688 2594 ἐν

2099 2633 2499 2706 Ἰερουσαλὴμ
2517 2633 2690 2688 ἔσται
2721 2633 3190 2703 ἀνασωζόμενος,
3218 2634 3422 2688 καθότι
3454 2631 3625 2689 εἶπεν
3648 2638 3686 2691 ὁ

2091 2731 2328 2798 Κύριος,
2365 2727 2462 2780 καὶ
2503 2722 3019 2796 εὐαγγελιζόμενοι
3058 2724 3164 2791 οὓς
3197 2726 3229 2779 ὁ
3257 2726 3475 2794 Κύριος
3496 2740 3685 2796 προσ.

2093 2820 2400 2887 κέκληται.

2163 2913 2285 2966 ΛΖ’.
2331 2910 2591 2965 Ἐσεσθαι
2629 2910 2727 2982 μὲν
2773 2902 2869 2963 οῦν
2919 2907 3098 2978 πάντη
3124 2925 3183 2961 τε
3215 2907 3309 2962 καλ⁵
3337 2908 3557 2972 πάντως
3591 2909 3686 2963 ἐπὶ

2093 3007 2212 3070 ταῖς
2255 3003 2364 3058 τῶν
2398 3003 2666 3058 Ἰουδαίων
2714 3001 3082 3074 άνοσιεργίαις
3120 3003 3177 3054 ὲν
3217 3001 3451 3074 οὐρανῷ,
3483 3001 3579 3056 καὶ
3611 3004 3684 3074 γῇ

2093 3098 2162 3151 τὰ
2191 3097 2393 3168 σημεῖά
2431 3113 2586 3168 φησι,
2620 3095 2715 3150 καὶ
2745 3096 2816 3150 τά
2847 3095 3071 3166 τέρατα.
3116 3095 3447 3166 Προκεῖσθαί
3479 3111 3541 3163 γε
3579 3094 3688 3167 μὴν

2095 3190 2190 3245 καὶ
2240 3188 2412 3254 οὕτως
2461 3190 2646 3253 αὐτοῖς
2693 3188 2764 3242 τὰ
2808 3187 2868 3253 ἐξ
2921 3187 3259 3259 ἡμερότητος
3284 3186 3442 3252 Θεοῦ,
3471 3189 3572 3258 τὴν
3598 3188 3688 3243 διὰ

2095 3283 2332 3347 πίστεως
2374 3281 2618 3352 δηλονότι
2654 3280 2952 3351 σωτηρίαν,
2979 3279 3078 3350 τὴν
3123 3279 3182 3332 ὲν
3211 3279 3434 3350 Χριστῷ
3463 3279 3688 3334 δικαίω-

2098 3392 2203 3436 σιν,
2231 3374 2321 3428 τὸν
2349 3373 2649 3447 ἀρραϐῶνα
2675 3372 2770 3426 τοῦ
2794 3372 2936 3426 Πνεύ
2945 3387 3134 3442 ματος,
3157 3370 3249 3424 τὸν
3273 3371 3566 3443 ἁγιασμόν,
3588 3373 3690 3442 τὴν

2095 3465 2288 3520 ἐλπίδα
2337 3466 2439 3536 τῆς
2493 3465 2603 3518 τῶν
2649 3465 2895 3536 οὐρανῶν
2946 3461 3241 3533 βασιλείας,
3293 3463 3688 3534 άμνησικάκως

2097 3557 2281 3622 αὐτοῖς
2308 3555 2526 3620 ἀνέντος
2553 3556 2688 3610 Θεοῦ
2720 3557 2814 3610 καὶ
2856 3555 2927 3610 τὰ
2973 3558 3054 3620 είς
3077 3555 3312 3626 Χριστὸν
3342 3555 3509 3627 ὲγκλή
3521 3571 3685 3626 ματα.

2097 3650 2302 3722 Πέτρος
2334 3649 2465 3719 γοῦν
2502 3651 2802 3722 κατῃτιᾶτο
2847 3649 2946 3720 μὲν
2995 3651 3201 3722 σφόδρα
3253 3650 3380 3710 τοὺς
3425 3648 3534 3702 τῶν
3557 3648 3690 3703 Ἰου-

2095 3741 2260 3796 δαίων
2303 3740 2528 3812 δήμους,
2559 3740 2858 3813 διαρρήδην
2887 3741 3301 3814 άνακεκραγὼς,
3339 3743 3414 3806 ὡς
3451 3742 3690 3796 άπεκτόυ

2097 3850 2220 3888 νασι
2253 3831 2764 3906 μὲν-κρεμάσαντες
2802 3834 2895 3887 ἐπὶ
2938 3833 3097 3900 ξύλου
3127 3832 3218 3886 τὸν
3246 3832 3355 3886 τῶν
3391 3833 3528 3886 ὅλων
3572 3835 3690 3886 Σω-

2096 3925 2243 3998 τῆρα
2270 3925 2364 3979 καὶ
2402 3925 2719 3997 Λυτρωτὴν,
2751 3925 2846 3978 καὶ
2877 3926 3186 3996 ἠρνήσαντο
3239 3924 3336 3996 μὲν
3375 3924 3467 3979 τὸν
3513 3923 3690 3991 ἅγιον,

2099 4017 2194 4071 καὶ
2247 4016 2474 4082 δίκαιον,
2515 4015 2788 4088 ἐζήτησαν
2827 4015 2886 4070 δὲ
2929 4017 3099 4087 ἄνδρα
3146 4016 3313 4085 φονέα
3363 4016 3692 4087 χαρισθῆναι,

2100 4110 2306 4172 αὐτοῖς.
2341 4109 2662 4180 Προσετίθει
2711 4109 2766 4164 δὲ
2811 4108 3021 4172 τούτοις
3043 4127 3056 4140 '
3114 4127 3133 4160 ε
3163 4109 3274 4163 Καὶ
3299 4107 3415 4172 νῦν,
3448 4108 3688 4178 ἀδελφοὶ,

2100 4197 2215 4256 οἶδα
2265 4203 2349 4256 ὅτι
2381 4200 2526 4255 κατὰ
2551 4200 2775 4270 ἄγνοιαν
2806 4195 3080 4273 ἐπράξατε
3122 4200 3311 4274 ὥσπερ
3361 4201 3456 4255 καὶ
3504 4203 3553 4255 οἱ
3594 4202 3692 4274 ἆρ-

2101 4311 2288 4364 χοντες
2349 4292 2524 4363 ὑμῶν.
2578 4293 2963 4364 Μετανοήσατε
3011 4288 3104 4347 οῦν
3132 4333 3147 4355 .
3197 4293 3293 4346 καὶ
3339 4293 3693 4364 βαπτισθήτω

2105 4385 2334 4448 ἕκαστος
2365 4384 2521 4455 ὑμῶν
2553 4385 2632 4445 είς
2674 4383 2736 4436 τὸ
2767 4383 2938 4453 ὄνομα
2981 4382 3074 4436 τοῦ
3126 4383 3332 4454 Κυρίου
3364 4381 3561 4453 Ἰησοῦ,
3598 4383 3692 4437 καὶ

2107 4475 2342 4548 λήψεσθε
2375 4473 2474 4547 τὴν
2501 4474 2707 4544 δωρεὰν
2739 4475 2832 4528 τοῦ
2855 4475 3012 4543 ἁγίου
3043 4472 3358 4544 Πνεύματος
3377 4489 3392 4504 ο
3429 4473 3557 4544 ὑμῖν
3583 4473 3696 4545 γάρ

2110 4569 2247 4622 εἰσιν
2282 4568 2336 4621 αἱ
2377 4565 2718 4635 ἐπαγγελίαι,
2754 4567 2848 4619 καὶ
2887 4568 3000 4629 τοῖς
3044 4565 3253 4628 τέκνοις
3286 4564 3458 4634 ὑμῶν.
3485 4583 3504 4616 ι
3553 4565 3694 4618 Ούκ-

2110 4661 2205 4714 οῦν
2235 4659 2339 4714 κᾶν
2372 4661 2421 4713 εἰ
2445 4658 2675 4726 γένοιτο,
2711 4658 2864 4728 φησι,
2901 4659 3122 4728 σημεῖα,
3144 4657 3238 4711 καὶ
3267 4656 3490 4727 τέρατα,
3521 4655 3692 4727 σωθή-

2113 4770 2267 4807 σεται
2299 4753 2406 4815 πᾶς
2437 4749 2494 4814 ὃς
2528 4750 2595 4804 ἂν
2631 4748 3023 4820 ἐπικαλέσηται
3046 4749 3311 4820 δεσπότην
3343 4749 3433 4803 τὸν
3462 4746 3691 4820 ούρανοῦ

2111 4863 2174 4900 τε
2200 4845 2294 4899 καὶ
2321 4844 2425 4915 γῆς
2457 4843 2812 4913 Κύριον.⁶ὐτι
2844 4843 2900 4896 δὲ
2929 4841 3150 4913 ἔμελλεν
3178 4843 3208 4896 ό
3239 4841 3411 4910 Λόγος
3447 4841 3549 4910 τῆς
3589 4857 3694 4894 σω-

2113 4935 2308 5006 τηρίας
2355 4936 2414 4987 ὲν
2460 4934 2598 5004 αὐτῇ
2648 4931 2741 4986 καὶ
2771 4931 2962 5005 πρώτῃ
2987 4932 3385 5005 λαληθήσεσθαι
3409 4935 3474 5004 τῇ
3507 4949 3693 5004 κυριο-

2117 5026 2290 5096 κτόνῳ
2325 5023 2699 5097 Ἰερουσαλὴμ,
2738 5022 3249 5096 περιενεχθήσεσθαι
3297 5023 3353 5076 δὲ
3405 5021 3550 5076 οῦτω
3599 5019 3694 5075 καὶ

2104 5117 2185 5179 είς
2211 5115 2387 5169 πάντα
2415 5114 2486 5169 τὰ
2508 5115 2636 5186 ἔθνη
2673 5113 2760 5167 διὰ
2801 5115 2908 5168 τῶν
2945 5113 3115 5183 ἁγίων
3163 5111 3496 5177 ἀποστόλων,
3526 5111 3693 5180 σαφὲς

2107 5209 2174 5264 ἂν
2220 5209 2450 5277 γένοιτο,
2478 5207 2572 5261 τοῦ
2628 5209 2913 5278 Προφήτου
2956 5206 3236 5276 λέγοντος·
3289 5224 3307 5258 ι
3329 5205 3420 5258 Ἐν
3459 5204 3537 5274 τῷ
3576 5203 3693 5274 ὄρει

2109 5299 2271 5368 Σιὼν,
2307 5301 2399 5354 καὶ
2440 5303 2497 5355 ὲν
2541 5298 2898 5372 Ἰερουσαλὴμ
2940 5297 3092 5352 ἔσται
3129 5295 3564 5367 άνασωζόμενος,
3599 5293 3693 5348 καὶ⁹

2111 5389 2586 5460 εὐαγγελιζόμενοι
2614 5430 2627 5453 ,
2669 5387 2764 5450 οὒς
2817 5388 3020 5457 Κύριος
3071 5385 3516 5457 προσκέκληκεν·
3549 5404 3567 5436 ι
3615 5384 3692 5447 ὡς

2113 5481 2222 5551 γὰρ
2249 5480 2458 5545 Παῦλος
2493 5481 2716 5553 γράφει,
2758 5498 2775 5531 ι
2804 5478 2914 5549 Οὐχ
2959 5477 3150 5531 ἑαυτοῦ
3183 5493 3265 5542 τις
3300 5476 3567 5548 λαμϐάνει
3594 5473 3692 5545 τὴν

2072 5676 2258 5732 “'Act.
2292 5694 2374 5742 ιιι,
2399 5677 2482 5742 15,
2513 5675 2594 5732 Η.
2670 5676 2714 5706 ³⁸
2743 5673 2897 5742 lbid.,
2937 5673 3018 5741 17,
3048 5675 3131 5731 l9.
3211 5676 3252 5708 δ’
3277 5676 3396 5731 Act.
3423 5692 3483 5742 tl,
3513 5674 3686 5730 58-59.
