4132 6370
546 359 651 414 385

1430 360 1984 417 COMMENTARIUS
2028 362 2091 417 IN
2128 362 2392 419 JOELEM
2434 364 2883 421 PROPIIETAM.

3696 373 3800 426 386

546 475 731 546 τιμὴν,
773 476 889 530 ἀλλ’
911 478 940 531 ὀ
965 476 1294 549 καλούμενος
1329 478 1433 533 ὑπὸ
1464 479 1559 532 τοῦ
1582 479 1741 534 Θεοῦ.
1769 499 1788 531 ι
1819 480 2119 551 Κέκληνται

2230 484 2585 551 apostolatum
2630 493 3016 539 accesserunt:
3066 485 3203 540 sicut
3236 484 3464 541 stolidus
3494 483 3800 540 Pharisaeus

544 568 725 620 τοίνυν
772 567 1074 637 ἀπολέγδην
1122 570 1188 621 ἐκ
1239 568 1457 623 πάντων
1484 571 1535 622 oi
1567 570 1826 641 μακάριοι
1858 571 2119 642 μαθηταὶ,

545 659 640 711 καὶ
670 659 771 712 οὐκ
799 658 1085 730 αὐτόμολοι
1108 659 1384 731 παρῆλθον
1415 662 1495 724 είς
1522 660 1847 732 ἀποστολὴν,
1870 662 2122 733 καθάπερ

544 751 575 806 ὀ
598 753 945 823 ἀπόπληκτος
981 756 1273 825 Φαρισαῖος
1322 755 1553 820 ἐκεῖνος,
1584 755 1750 826 ἤγουν
1796 755 2037 827 νομικὸς,
2064 756 2123 820 ὀς

545 846 659 907 τοῖς
677 844 777 913 τῆς
805 844 1105 917 μαθητείας
1123 846 1437 917 αὐχήμασιν
1458 846 1648 901 ἑαυτὸν
1666 846 1846 912 ἐνιεὶς,
1866 847 2121 918 προσέθει

548 933 724 1002 λέγων
744 950 759 965 ⁸
785 953 803 985 ι
833 934 1028 1005 Κύριε,
1072 934 1423 1005 ἀκολουθήσω
1447 953 1529 989 σοι
1557 937 1691 990 ὅπου
1716 936 1812 991 ἐὰν
1832 937 2069 1007 ἀπέρχῃ.
2101 955 2120 987 ι

548 1024 816 1099 Ταύτητω
845 1026 938 1078 καὶ
959 1027 986 1078 ὀ
1002 1025 1192 1098 Σωτὴρ
1210 1025 1649 1096 παρενοχλοῦντά
1663 1045 1721 1080 τε
1742 1028 1886 1096 είκῆ,
1906 1028 1999 1080 καὶ
2020 1026 2129 1079 τῶν

546 1116 915 1186 εὐαγγελικῶν
944 1117 1390 1187 ἐπιτηδευμάτων
1436 1119 1545 1173 οὐδ’
1573 1120 1696 1172 ὅσον
1743 1120 1915 1171 εἰπεῖν
1961 1119 2129 1188 ἐγγὺς

546 1205 827 1273 γεγονότα,
867 1206 1173 1276 παρωθεῖτο
1216 1207 1389 1275 λέγων
1411 1224 1425 1238 ·
1485 1226 1504 1258 ‹
1533 1209 1600 1260 Αἰ
1638 1205 1943 1272 ἀλώπεκες,
1977 1226 1995 1258 ι
2036 1209 2130 1261 καὶ

547 1297 615 1350 τὰ
644 1297 790 1367 ἐξῆς.
820 1298 944 1360 Τοῖς
970 1313 1031 1365 γε
1062 1298 1170 1369 μὴν
1199 1297 1515 1368 ἐπιτηδείως
1543 1297 1756 1369 ἔχουσιν
1784 1298 1863 1360 είς
1892 1298 2125 1350 ἀποστο-

547 1386 646 1458 λήν
684 1387 951 1455 ἐπεφώνει
977 1386 1171 1456 λέγων’
1203 1406 1222 1440 t
1249 1388 1411 1441 Δεῦτε
1435 1387 1612 1441 ὀπίσω
1637 1404 1762 1459 μου,
1795 1388 1892 1440 καὶ
1916 1389 2126 1457 ποιήσω

548 1480 692 1550 ὑμᾶς
718 1479 971 1548 γενέσθαι
1004 1480 1176 1545 ἁλιεῖς
1207 1480 1528 1551 ἀνθρώπων.
1560 1499 1580 1532 ι
1614 1480 1901 1549 Ματθαῖὸνί
1925 1496 1989 1547 γε
2020 1478 2126 1550 μὴν

545 1570 607 1636 ἐξ
634 1571 811 1626 αὐτῶν
839 1572 1086 1643 ἀνίστησι
1112 1572 1220 1626 τῶν
1244 1575 1344 1644 τῆς
1373 1570 1688 1639 πλεονεξίας
1723 1574 2122 1647 ἐργαστηρίων,

2228 575 2339 639 ille,
2380 577 2493 629 sive
2535 576 2896 645 legisperitus,
2932 576 3025 646 qui
3060 590 3119 631 se
3153 576 3473 647 discipulum
3516 591 3637 632 esse
3663 576 3801 630 velle

2228 664 2485 733 gloriatus
2519 681 2533 719 :
2572 681 2592 715 ι
2623 662 2839 735 Sequar
2872 676 2945 729 te,
2998 684 3017 718 ι
3051 665 3243 735 inquit,
3281 684 3301 717 ‹
3341 680 3664 735 quocunque
3692 665 3803 719 ive-

2228 756 2303 811 ris
2322 756 2389 808 ³¹.
2423 775 2443 809 ι
2478 755 2655 823 Quare
2685 764 2740 810 et
2767 756 3015 811 Salvator
3056 756 3257 812 frustra
3296 757 3697 819 obturbantem,
3746 765 3802 810 et

2228 864 2258 903 a
2287 848 2478 903 studiis
2505 847 2830 920 evangelicis
2857 849 3277 904 remotissimum
3305 850 3537 918 repellit,
3568 849 3759 904 dicens
3783 865 3797 902 :

2231 955 2249 989 ι
2289 936 2505 1006 Vulpes,
2542 955 2560 987 ι
2588 946 2693 991 etc.
2722 937 2944 1003 Contra,
2970 940 3035 992 ad
3059 938 3425 1007 apostolatum
3455 939 3663 993 idoneis
3689 937 3761 992 ait
3784 956 3797 990 :

2226 1027 2385 1098 232
2419 1046 2437 1081 ι
2471 1028 2663 1084 Venite
2696 1038 2818 1097 post
2853 1044 2959 1092 me,
2992 1040 3041 1083 et
3072 1028 3267 1085 faciam
3316 1045 3415 1085 vos
3459 1031 3574 1085 fieri
3622 1030 3796 1100 pisctu.

2229 1130 2370 1172 tores
2421 1117 2700 1173 hominum
2725 1121 2792 1174 ".
2832 1138 2852 1172 ι
2916 1119 3226 1174 Matthzeum
3289 1123 3505 1190 quidem
3557 1122 3625 1177 ab
3685 1121 3800 1190 ipsa

2226 1211 2467 1265 avaritiae
2524 1210 2734 1265 oliicina
2782 1213 3021 1275 excitat,
3072 1214 3222 1281 sequi
3270 1212 3553 1283 jubens".
3610 1212 3799 1267 Vocati

2229 1312 2353 1354 sunt
2383 1310 2586 1367 autem,
2612 1301 2885 1358 voluntate
2914 1303 3075 1369 illius,
3122 1314 3178 1357 ut
3202 1314 3320 1360 erat
3352 1315 3799 1371 consentaneum,

2226 1390 2585 1461 potentissimi
2638 1389 2807 1446 futuri
2871 1394 2936 1446 ad
2986 1393 3364 1448 strenuissime
3415 1393 3800 1464 perliciendum

2227 1482 2370 1551 quod
2420 1482 2496 1538 illi
2551 1482 2823 1550 placeret:
2870 1484 3083 1539 tametsi
3125 1485 3425 1555 iniquitatis
3466 1495 3707 1556 repertor
3747 1497 3801 1540 et

2227 1585 2427 1641 parens
2453 1571 2781 1639 proditorem
2814 1587 2880 1626 ex
2909 1588 2974 1626 eo
3003 1573 3228 1643 collegio
3252 1563 3447 1642 rapuit.

546 1664 859 1719 ἀκολουθεῖν
886 1666 1220 1721 ἐπιτάττωνσ
1274 1666 1709 1739 προσκέκληνται
1738 1667 1816 1731 δέ,
1845 1668 1965 1721 κατ’
2020 1667 2153 1721 ίδίαν
2191 1665 2464 1736 βούλησιν,
2493 1664 2680 1736 ὥσπερ
2739 1660 2808 1736 ἦν
2852 1664 3016 1731 είκός,
3051 1665 3271 1720 ἔσεσθαι
3312 1664 3672 1720 δυνατώτατοι
3724 1664 3802 1728 είς

544 1773 611 1825 γε
644 1756 705 1810 τὸ
728 1757 1116 1827 ἀποπεραίνειν
1140 1756 1416 1824 δύνασθαι,
1457 1759 1551 1812 καὶ
1587 1758 1730 1830 μάλα
1757 1757 2021 1812 νεανικῶς
2049 1757 2112 1811 τὸ
2139 1756 2289 1827 αὐτῷ
2322 1755 2533 1823 δοκοῦν,
2567 1757 2615 1809 εί
2682 1757 2775 1810 καὶ
2805 1758 3021 1829 ῆρπασε
3054 1756 3147 1812 τὸν
3194 1755 3458 1830 προδότην
3480 1758 3509 1811 ὀ
3529 1757 3629 1827 τῆς
3663 1757 3791 1809 ἀνο-

548 1845 679 1916 μίας
712 1845 958 1918 εὑρετὴς,
989 1845 1084 1901 καὶ
1118 1847 1321 1919 πατήρ.

1154 1977 1406 2031 ΚΕΦΑΛ.
1438 1978 1515 2033 Γ’.

618 2092 738 2145 Ὀτι
770 2091 896 2145 ἰδοὺ
934 2090 1049 2161 ἐγὼ
1082 2092 1151 2145 ἐν
1178 2092 1310 2159 ταῖς
1354 2094 1596 2163 ἡμέραις
1627 2094 1903 2159 ὂκείναις,
1930 2090 2027 2146 καί
2053 2091 2125 2145 ἐν

546 2181 626 2246 τῷ
654 2181 835 2251 καιρῷ
860 2184 1087 2250 ἐκείνῳ,
1119 2183 1265 2236 ὅταν
1306 2184 1649 2253 ἐπιστρέψω
1686 2185 1801 2253 τὴν
1828 2186 2124 2254 αἰχμαλω-

545 2276 691 2327 σίαν
718 2275 931 2340 Ἰούδα,
962 2276 1062 2331 καὶ
1089 2277 1505 2347 Ἰερουσαλὴμ,
1538 2279 1635 2332 καί
1665 2278 1909 2342 συνάξω
1928 2276 2124 2330 πάντα

545 2366 617 2417 τὰ
644 2364 809 2430 ἔθνη,
847 2364 942 2418 καὶ
987 2365 1221 2430 κατάξω
1251 2367 1405 2422 αὐτὰ
1435 2371 1521 2433 είς
1551 2369 1666 2436 τὴν
1710 2368 1965 2423 κοιλάδα
2004 2369 2123 2423 Ἰω-

544 2456 764 2523 σαφὰτ,
784 2455 883 2509 καὶ
902 2455 1357 2525 διακριθήσομαι
1381 2460 1533 2525 πρὸς
1554 2456 1778 2523 αὐτοὺς
1799 2456 1943 2521 ἐκεῖ,
1970 2455 2123 2526 ὑπὲρ

543 2547 649 2599 τοῦ
674 2547 826 2601 λαοῦ
846 2550 988 2616 μου,
1015 2547 1112 2601 καί
1136 2546 1247 2616 τῆς
1273 2550 1677 2617 κληρονομίας
1698 2567 1819 2619 μου
1849 2548 2117 2618 Ἰσραὴλ,

544 2638 601 2691 οἳ
623 2638 1043 2707 διεσπάρησαν
1082 2642 1151 2695 ὲν
1180 2641 1305 2706 τοῖς
1334 2641 1558 2705 ἔθνεσι,
1589 2641 1686 2695 καὶ
1722 2642 1838 2709 τὴν
1866 2640 1983 2711 γῆν
2001 2659 2121 2711 μου

544 2731 1005 2797 κατεδκείλαντο,
1035 2734 1134 2786 καί
1157 2733 1257 2787 ἐπὶ
1286 2734 1394 2787 τὸν
1418 2734 1575 2788 λαόν
1590 2752 1705 2803 μου
1731 2733 1953 2788 ἔϐαλον
1967 2733 2118 2802 κλή-

534 2842 705 2891 ροιις,
730 2826 827 2879 καὶ
879 2825 1109 2879 ἔδωκαν
1156 2826 1231 2880 τὰ
1272 2826 1556 2895 παιδάρια
1594 2828 1863 2895 πόρναις,
1899 2827 1999 2880 καὶ
2050 2826 2121 2881 τὰ

543 2914 798 2982 κοράσια
829 2914 1105 2969 ἐπώλουν
1134 2916 1265 2970 ἀντὶ
1293 2918 1399 2970 τοῦ
1427 2917 1617 2981 οἴνου,
1648 2919 1749 2971 καὶ
1780 2918 1976 2973 ἔπιον.

614 3031 743 3084 AH’.
786 3031 881 3084 Ἐκ
904 3031 1001 3101 τῆς
1017 3029 1252 3102 Ῥοϐοὰμ
1276 3029 1551 3099 βασιλείας
1573 3031 1990 3103 ἀπορῤαγεισῶν
2010 3031 2121 3086 τῶν

541 3122 672 3175 δέκα
716 3121 918 3189 φυλῶν,
970 3122 1063 3175 καὶ
1090 3123 1434 3193 διῃρημένων
1480 3120 1647 3192 αὐτῷ,
1672 3123 1767 3175 καὶ
1790 3122 1991 3185 παντὸς
2020 3123 2117 3176 τοῦ

543 3213 759 3285 Ἰσραὴλ
780 3213 859 3276 εἴς
881 3230 941 3265 τε
973 3213 1062 3265 τὸν
1085 3214 1343 3283 Ἐφραῖμ,
1363 3213 1562 3266 καὶτὸν
1589 3211 1837 3273 Ἰούδα,οἱ
1860 3214 2120 3284 μακάριοι

2768 2024 2771 2027 λ
2865 1975 3020 2033 CAP.
3060 1976 3144 2033 III.

2304 2088 2463 2142 Vens.
2510 2088 2627 2143 1-5.
2671 2088 2808 2154 Quia
2853 2106 2969 2144 ecce
3004 2107 3097 2159 ego
3147 2093 3202 2144 in
3250 2092 3431 2145 diebus
3474 2093 3601 2156 illis,
3650 2105 3699 2149 et
3748 2096 3801 2150 in

2228 2186 2456 2245 tempore
2507 2178 2619 2247 illo,
2658 2180 2867 2248 quando
2913 2189 3213 2234 convenero
3256 2185 3608 2251 captivitatem
3655 2186 3801 2242 Juda

2225 2279 2277 2324 et
2309 2269 2641 2336 Jerusalem;
2682 2284 2728 2325 et
2759 2272 3085 2341 congregabo
3114 2289 3290 2327 omnes
3324 2287 3520 2344 gentes,
3558 2287 3608 2330 et
3634 2280 3804 2332 dedu-

2226 2375 2343 2414 cam
2368 2377 2455 2413 eas
2480 2363 2534 2414 in
2560 2361 2747 2414 vallem
2775 2360 3059 2432 Iosophat,
3082 2374 3131 2417 et
3162 2368 3461 2433 disceptabo
3494 2384 3614 2421 cum
3635 2371 3708 2423 eis
3731 2372 3801 2422 ibi

2227 2468 2321 2520 pro
2351 2452 2545 2520 popqu
2570 2469 2705 2515 meo,
2734 2463 2782 2506 et
2815 2453 3123 2508 Ittcredilate
3157 2473 3271 2510 utea
3308 2457 3501 2523 Israel,
3531 2477 3659 2528 quos
3689 2462 3804 2515 dis-

2225 2555 2495 2611 perurunt
2533 2545 2589 2598 in
2627 2546 2883 2614 gentibus,
2923 2557 2971 2598 et
3001 2558 3194 2600 terram
3230 2565 3396 2602 meam
3420 2551 3730 2615 diriserunt,
3753 2566 3800 2607 et

2226 2651 2383 2702 super
2409 2636 2656 2703 populum
2687 2652 2859 2689 meum
2888 2637 3139 2691 miserunt
3181 2651 3367 2707 sortes,
3397 2650 3447 2695 et
3487 2658 3674 2709 pueros
3705 2646 3802 2697 de.

2225 2726 2418 2781 derunt
2463 2728 2844 2791 meretricibus,
2883 2738 2931 2782 et
2969 2729 3174 2796 puellas
3216 2731 3502 2786 vendebant
3541 2750 3637 2804 pro
3662 2738 3798 2800 vino,

2225 2828 2274 2873 et
2303 2818 2562 2872 bibebant.

2298 3019 2584 3077 XXXVIII.
2634 3021 2681 3076 Α
2712 3037 2879 3093 regno
2917 3021 3159 3078 Roboam
3194 3024 3397 3080 avulsis
3429 3030 3801 3098 separatisque

2226 3112 2411 3166 decem
2446 3112 2714 3176 tribubus,
2750 3123 2803 3166 et
2833 3113 3082 3167 universo
3122 3113 3321 3169 lsraele
3369 3115 3423 3169 in
3456 3116 3714 3185 Ephraim
3746 3132 3801 3174 et

2225 3198 2360 3255 Iuda
2408 3201 2668 3267 diviso“,
2703 3202 2847 3257 beati
2899 3204 3171 3273 prophetat
3221 3207 3567 3261 exstiterunt.
3606 3206 3798 3264 Locuti

542 3308 796 3375 γεγόνασι
810 3307 1104 3378 προφῆται.
1118 3306 1459 3375 Λελαλήκασι
1474 3306 1530 3359 δὲ
1552 3306 1618 3359 τὰ
1636 3307 1763 3377 παρ’
1786 3307 2009 3375 ἀμφοῖν,
2021 3304 2119 3374 τῆς

2224 3303 2351 3348 sunt
2400 3303 2579 3348 autem
2643 3307 2765 3362 qua
2822 3294 2889 3349 ad
2949 3303 3209 3365 utrosque
3265 3296 3638 3365 pertinerent,
3684 3307 3797 3355 tom

541 3399 668 3470 ὅλης
687 3398 871 3461 αὐτοῖς
905 3397 1241 3470 προφητείας
1263 3397 1695 3468 παρατεινούσης
1727 3399 1887 3468 μέχρι
1914 3395 2123 3467 καιρῶν

540 3491 639 3561 τῆς
671 3490 1064 3562 αἰχμαλωσίας.
1107 3491 1263 3544 Μετά
1300 3489 1357 3542 δέ
1400 3507 1465 3558 γε
1508 3490 1607 3560 τὴν
1638 3493 1695 3542 ἐν
1729 3488 2124 3560 Ἱεροσολύμοις

544 3582 750 3636 ἐκεῖθεν
780 3580 1147 3653 ὑποστροφὴν,
1179 3583 1274 3634 καὶ
1307 3581 1406 3648 τὴν
1437 3580 1813 3651 γεγενημένην
1833 3581 1974 3633 κατὰ
1998 3597 2123 3633 και-

545 3675 670 3745 ροὺς
719 3674 995 3737 ἐπάνοδον,
1030 3674 1442 3744 προεφήτευσαν
1475 3673 1568 3726 ἐπὶ
1611 3673 1702 3725 τὸν
1740 3670 1957 3743 Ἰσραὴλ
1993 3671 2122 3740 Ἀγ-

541 3766 693 3832 γαῖός
738 3783 799 3819 τε
846 3767 941 3819 καὶ
989 3766 1284 3835 Ζαχαρίας,
1314 3764 1407 3817 καὶ
1442 3764 1541 3834 μέν
1573 3781 1654 3816 τοι
1685 3763 1780 3817 καὶ
1814 3762 2117 3835 Μαλαχίας.

539 3859 789 3913 Φαίνεται
816 3858 871 3912 δὲ
901 3858 994 3912 καὶ
1020 3860 1048 3912 ό
1074 3858 1311 3927 Ἔσδρας
1334 3857 1488 3925 ὀλίγα
1518 3856 1652 3910 ἄττα
1680 3855 1786 3909 τῶν
1808 3857 1928 3909 κατ’
1946 3857 2121 3909 ἐκεῖνο

539 3950 767 4020 καιρῶν,
805 3949 899 4003 καὶ
928 3950 985 4005 ἐν
1008 3950 1122 4013 τοῖς
1154 3948 1319 4002 αὐτοῦ
1352 3949 1565 4019 χρόνοις
1586 3946 1968 4017 γεγενημένων
1988 3964 2122 4017 προ-

540 4042 862 4114 αγορεύσας.
897 4042 1184 4113 Μέμνηται
1212 4040 1391 4095 τοίνυν
1430 4040 1537 4095 τῶν
1562 4038 1942 4109 προκειμένων
1970 4040 1998 4091 ὀ
2029 4038 2119 4091 λό-

538 4150 632 4201 γος
664 4133 991 4204 πράγματος
1026 4133 1126 4185 οὐκ
1172 4132 1231 4185 ἐν
1280 4134 1494 4202 καιροῖς
1538 4129 1836 4202 προφητῶν
1870 4128 1979 4183 τῶν
2016 4129 2119 4200 ἀρ-

537 4222 706 4292 χαίων
754 4222 1145 4293 γεγενημένου,
1190 4221 1304 4275 ἀλλ’
1350 4222 1435 4274 ὃτι
1482 4221 1548 4293 δὴ
1595 4219 1746 4290 μόλις
1788 4219 1973 4291 Κύρου
2026 4220 2119 4272 τὸν

552 4313 763 4386 Ἰσραὴλ
792 4315 1012 4377 ἀνέντος
1038 4313 1413 4384 ὑπενόστησαν
1443 4313 1523 4377 εἰς
1566 4312 1667 4383 τὴν
1691 4311 1970 4365 Ἰουδαίαν.
2005 4310 2118 4365 Καὶ

536 4402 589 4455 τί
617 4403 678 4456 τὸ
710 4402 897 4473 χρῆμα
930 4403 991 4454 τὸ
1016 4401 1392 4465 ἀξιάκουστον,
1422 4402 1474 4455 τί
1512 4400 1569 4454 δὲ
1602 4400 1667 4471 δὴ
1694 4400 1949 4469 γενέσθαι
1976 4417 2118 4471 συμ-

538 4494 790 4564 ϐέϐηκεν,
824 4492 1056 4565 ἐροῦμεν
1092 4495 1167 4557 ώς
1200 4494 1299 4559 ἔνι,
1321 4494 1420 4566 τὴν
1446 4492 1540 4546 τοῦ
1560 4492 1765 4563 Ἔσδρα
1796 4493 2118 4564 συγγραφὴν

539 4584 858 4656 κομίζοντες
882 4585 960 4649 εἰς
989 4586 1281 4652 ἀπόδειξιν.
1323 4585 1532 4639 Οὐκοῦν
1578 4584 1875 4655 ἐπειδήπερ
1908 4584 1988 4647 είς
2017 4585 2117 4655 τὴν

551 4674 809 4728 Ἰουδαίαν
833 4674 1131 4744 ἐπανῆλθον
1157 4678 1301 4748 ἄρτι,
1333 4677 1425 4730 καὶ
1452 4675 1697 4748 δασμῶν,
1727 4675 1821 4728 καὶ
1862 4675 1971 4728 τῶν
2012 4677 2116 4746 τῆς

536 4768 776 4831 δουλείας
809 4769 1246 4833 ἀναπνεύσαντες
1280 4770 1456 4824 πόνων
1495 4770 1545 4821 οἱ
1583 4767 1644 4833 ἐξ
1665 4767 1901 4838 Ἰσραὴλ,
1933 4768 2025 4821 ἐπὶ
2055 4770 2116 4822 τὸ

540 4859 780 4929 ῥᾴθυμον
827 4859 1145 4927 ἐτράποντο,
1178 4859 1272 4911 καὶ
1298 4854 1438 4930 ἦσαν
1467 4858 1568 4913 οὐκ
1595 4857 1858 4926 ἀσφαλεῖς
1889 4857 1996 4912 τῶν
2025 4858 2114 4913 διὰ

536 4951 778 5014 Μωσέως
822 4950 1262 5021 τεθεσπισμένων
1311 4951 1679 5022 ἐπιτηδευταὶ,
1711 4950 1803 5003 καὶ
1846 4950 2106 5018 φύλακες.

549 5043 975 5112 Ἀποφάσκοντος
1008 5043 1115 5114 γὰρ
1143 5043 1234 5096 τοῦ
1262 5043 1449 5114 νόμου,
1483 5042 1680 5115 χρῆναί
1701 5059 1851 5107 τινας
1875 5046 1995 5105 ταῖς
2020 5042 2114 5096 θυ-

534 5133 769 5204 γατράσι
818 5130 926 5184 τῶν
977 5130 1288 5200 ἀλλοφύλων
1339 5131 1869 5200 συγκατευνάζεσθαι
1898 5170 1913 5194 ,
1959 5132 2114 5200 ὀλίγα

536 5222 919 5293 φροντίσαντες
954 5223 1063 5277 τών
1103 5222 1285 5276 θεόθεν
1317 5223 1500 5285 αὐτοῖς
1541 5221 2112 5293 κεχρησμῳδημένων,

532 5313 840 5384 ἀλλοτρίαις
854 5312 1100 5381 γυναιξὶν
1128 5315 1223 5366 ἐπε
1232 5314 1507 5384 μίσγοντο.
1526 5313 1637 5366 Καὶ
1662 5312 1797 5385 πρὸς
1816 5311 1974 5365 τοῦτο
1996 5312 2116 5366 λίαν

531 5403 950 5477 δεδυσφορηκὼς
973 5404 1229 5476 Ἔσδρας,
1254 5407 1686 5478 περιερῤήγνυτο
1715 5404 1813 5475 μὲν
1832 5404 1932 5474 τὴν
1954 5404 2118 5474 ἐσθῆ-

531 5513 618 5560 τα,
654 5494 1073 5566 κατωλοφύρετο
1103 5496 1161 5548 δέ
1191 5496 1315 5559 τοὺς
1344 5497 1403 5564 ἐξ
1423 5496 1662 5567 Ἰσραὴλ,
1695 5494 1791 5549 καὶ
1824 5494 1934 5549 τῶν
1958 5494 2113 5548 ἀλλο-

531 5588 715 5659 φύλων
760 5586 1037 5655 γυναικῶν
1081 5588 1517 5644 ἀπαλλάττεσθαι
1566 5586 1886 5658 παρεκάλει.
1936 5588 2003 5641 Οί
2059 5587 2112 5641 δὲ

608 5707 649 5737 ⁵³
692 5702 883 5757 Matth.
927 5715 1056 5768 vttl,
1100 5704 1186 5759 i9.
1297 5705 1342 5736 "
1378 5704 1567 5759 Matth.
1611 5719 1683 5769 tv,
1730 5702 1815 5757 19.

530 5776 578 5811 ⁸⁸
614 5775 813 5833 iEsdr.
857 5788 911 5837 ς,
937 5771 1023 5827 ll.

1924 5700 1969 5734 ³³
2008 5701 2199 5757 Matth.
2242 5716 2295 5754 Ix
2337 5739 2351 5764 ,
2383 5699 2416 5754 9

2222 3400 2409 3439 eorum
2458 3385 2736 3454 prophetia
2786 3399 2845 3440 se
2876 3387 3203 3441 extendente
3232 3402 3404 3455 usque
3448 3390 3516 3443 ad
3555 3398 3797 3459 tempora

2223 3475 2568 3545 captivitatis.
2595 3475 2720 3531 Post
2743 3476 3106 3531 reversionem
3130 3476 3322 3531 deinde
3348 3477 3798 3551 Hierosolymam,

2222 3576 2278 3620 et.
2310 3576 2621 3633 susceptum
2668 3566 2893 3620 deﬁnito
2929 3577 3171 3635 tempore
3202 3568 3454 3631 reditum,
3492 3572 3795 3641 propheta-

2222 3667 2351 3713 runt
2386 3662 2452 3713 ad
2480 3657 2643 3713 Israel
2686 3659 2938 3727 Aggzeus,
2964 3667 3017 3712 et
3049 3658 3363 3724 Zacharias,
3398 3661 3798 3734 Malachiasque

2222 3750 2494 3805 similiter.
2528 3748 2752 3803 Videtur
2781 3749 2908 3802 item
2945 3746 3147 3803 Esdras
3182 3765 3354 3819 pauca
3390 3754 3634 3820 quaedam
3670 3756 3795 3821 illis,

2222 3849 2385 3910 atque
2427 3840 2565 3893 adeo
2619 3838 2733 3892 suis
2784 3838 3119 3908 temporibus
3163 3840 3400 3909 gerenda
3450 3844 3793 3911 praedixisse.

2222 3931 2465 3986 Meminit
2496 3945 2627 3999 ergo
2656 3931 2962 3999 propositus
3003 3946 3185 3986 sermo
3224 3933 3300 3987 rei
3346 3948 3468 4003 qua;
3506 3950 3611 3989 non
3636 3946 3795 3993 actate

2218 4033 2463 4080 veterum
2517 4023 2900 4091 prophetarum
2946 4024 3196 4090 contigit,
3246 4026 3343 4080 sed
3394 4028 3611 4095 quando
3653 4028 3797 4099 Cyro

2221 4114 2436 4167 tandem
2484 4111 2811 4177 dimittente,
2853 4111 2906 4166 in
2940 4110 3177 4167 Iuda-am
3207 4114 3464 4170 Israelita!
3496 4117 3794 4175 redierunt.

2220 4205 2296 4259 De
2319 4218 2379 4259 re
2404 4202 2497 4258 illa
2519 4204 2704 4258 auditu
2733 4203 2917 4273 digna,
2943 4212 2998 4258 et
3020 4205 3150 4275 quid
3173 4204 3372 4260 l‘actmu
3401 4207 3493 4270 sit,
3526 4211 3794 4277 dicemus,

2218 4296 2361 4365 quod
2398 4297 2532 4352 satis
2567 4296 2691 4359 erit,
2724 4304 2781 4350 et
2818 4311 2885 4351 ex
2915 4297 3142 4351 historia
3170 4298 3240 4352 ab
3275 4298 3444 4352 Esdra
3475 4303 3793 4372 conscripta

2220 4389 2586 4442 narrationem
2637 4397 2903 4458 petemus.
2962 4387 3149 4456 Itaque
3192 4391 3419 4444 reduces
3458 4407 3487 4445 e
3533 4394 3795 4449 servitute

2219 4494 2391 4548 nuper
2426 4480 2479 4533 in
2508 4479 2745 4534 Judaaam
2781 4478 3057 4544 Israelitaa,
3083 4481 3419 4552 vectigalium
3457 4498 3520 4537 ac
3552 4487 3790 4540 servitu-

2223 4570 2291 4624 tis
2321 4570 2578 4625 oneribus
2609 4570 2978 4639 molestiisque
3007 4572 3238 4636 liberati,
3276 4573 3497 4630 desidia:
3525 4592 3585 4633 se
3616 4580 3788 4633 tradi-

2222 4664 2435 4727 derunt,
2476 4676 2575 4716 nec
2620 4660 2730 4730 jam
2779 4676 2875 4730 per
2919 4661 3135 4733 Moysen
3175 4665 3381 4720 sancite
3427 4667 3615 4724 sedulo
3660 4684 3792 4725 con-

2219 4760 2532 4822 stanterque
2558 4753 2811 4807 colebant
2840 4762 2894 4807 et
2922 4757 3338 4810 conservabant.
3373 4757 3508 4812 Cum
3530 4761 3674 4814 enim
3706 4761 3791 4817 lex

2220 4853 2423 4899 vetaret
2438 4844 2859 4913 alienigenarum
2877 4843 3036 4915 233
3055 4845 3192 4900 tilias
3206 4848 3407 4903 ducere
3427 4888 3443 4914 ,
3462 4850 3534 4902 illi
3550 4851 3791 4909 divinum

2216 4938 2488 4993 oraculum
2546 4937 2949 5006 posthabentes,
3000 4953 3125 4991 cum
3170 4940 3431 4995 uxoribus
3474 4942 3792 5013 alienigenis

2223 5029 2671 5085 consuescebant.
2729 5026 2782 5081 Id
2822 5029 3104 5096 mgerrime
3153 5028 3333 5085 ferens
3381 5030 3603 5097 Esdras,
3642 5046 3792 5090 veste

2220 5123 2493 5177 conscissa
2525 5119 2802 5176 Israelitas
2837 5120 3142 5189 lugebat",
3167 5130 3222 5175 et
3255 5132 3315 5176 ut
3356 5125 3425 5177 ab
3470 5123 3791 5195 alienigenis

2218 5221 2603 5280 separarentur
2640 5210 2964 5264 obsecrabat
2984 5209 3051 5264 ⁸⁸.
3098 5210 3251 5276 Quod
3298 5210 3408 5266 illis
3439 5222 3523 5268 est
3567 5228 3791 5283 persua-

2214 5319 2360 5368 sum,
2394 5302 2735 5364 tituentibus,
2765 5302 2951 5365 credo,
3002 5302 3137 5355 iram
3175 5302 3413 5357 divinam
3450 5312 3505 5358 et
3549 5305 3788 5360 futuram

2213 5396 2601 5461 calamitatem,
2670 5395 2772 5448 nisi
2827 5395 3090 5447 honorem
3143 5392 3245 5465 legi
3296 5395 3594 5463 haberent,
3659 5413 3783 5452 cum

2211 5488 2510 5558 praesertim
2558 5484 2891 5556 experientia
2945 5484 3211 5554 majorum
3255 5483 3337 5539 eis
3374 5501 3474 5556 pro
3527 5488 3785 5559 magistra

2212 5588 2375 5636 esset.
2403 5578 2695 5648 Postquam
2718 5576 2997 5645 repudiata
3032 5575 3469 5633 muliercularum
3500 5579 3789 5635 multitudo

2560 5698 2608 5729 "
2647 5693 2711 5749 Ill
2754 5694 2889 5767 Reg.
2922 5710 2999 5762 st,
3035 5693 3126 5749 3|.
3268 5694 3315 5727 "
3353 5693 3373 5750 I
3416 5696 3571 5753 Esdr.
3613 5715 3688 5765 ts,
3728 5699 3785 5765 3,
