4132 6370
385 412 484 471 387

1380 409 1443 467 s.
1485 394 1764 465 cmeLt
1805 402 2277 461 ALEXANDRINI
2316 387 2637 460 meum».

3537 383 3642 446 388

388 534 760 604 Hierosolyma
811 535 1084 602 discessit,
1151 541 1266 588 tum
1319 531 1562 586 finitimae
1609 543 1796 600 gentes
1859 544 1966 583 non

2073 527 2226 580 τοῦτο
2257 527 2389 596 δρᾷν
2421 524 2788 602 ἀνεπείθοντο,
2817 509 3047 585 δεδιότες
3075 517 3217 589 τάχα
3242 533 3344 571 που
3370 511 3440 567 τά
3473 511 3532 578 ἐξ
3559 511 3646 608 ὀρθ

388 627 663 682 immerito
715 627 1055 680 exacerbata}
1097 634 1259 686 sunt,
1314 632 1370 678 et
1424 623 1553 692 ipsa:
1592 635 1805 692 quoque
1857 635 1962 674 non

387 715 649 768 mediocri
705 711 912 768 alfectte
962 712 1182 781 injuria.
1232 712 1297 766 Et
1352 711 1480 765 illud
1529 711 1745 779 insuper
1781 709 1964 763 secum

388 806 619 860 fortasse
667 805 1000 874 cogitabam.
1063 803 1330 870 Quoniam
1381 803 1525 858 enim
1583 786 1967 872 Hierosolyma:

389 912 575 951 muros
623 895 883 951 Israelita:
923 896 1320 960 instaurabant,
1357 905 1412 948 et
1441 895 1679 949 divinum
1710 895 1965 962 templum

390 984 720 1040 reaediﬁcnre
758 985 1094 1048 nitebantur,
1122 985 1337 1040 invidia:
1369 984 1488 1039 telis
1525 985 1718 1048 saucii,
1747 993 1800 1039 et
1844 984 1966 1038 irati

388 1076 594 1140 hostes,
627 1091 762 1145 opus
821 1075 1083 1144 impedire
1137 1075 1591 1145 aggrediebantur
1611 1075 1679 1139 ⁸⁷,
1726 1073 1878 1140 illud,
1909 1085 1967 1128 ut

391 1175 474 1220 est
522 1166 841 1232 verisimile,
894 1168 1093 1221 animis
1137 1168 1433 1234 volventes,
1481 1167 1524 1221 si
1563 1165 1729 1222 Israel
1781 1168 1966 1236 pristi—

392 1271 518 1310 nam
555 1258 852 1324 potentiam
887 1268 1258 1326 recuperaret,
1304 1259 1572 1328 urbesque
1609 1259 1781 1313 muris
1820 1274 1969 1313 com-

393 1347 630 1401 munitas
678 1347 1004 1416 possideret,
1060 1357 1114 1401 et
1149 1349 1528 1403 universorum
1575 1351 1738 1404 Deum
1785 1351 1970 1406 defen-

394 1452 578 1490 sorem
637 1435 894 1504 haberet,
958 1439 1047 1508 qui
1110 1440 1162 1492 in
1215 1440 1450 1510 templo,
1511 1450 1573 1496 ut
1637 1443 1966 1511 antiquitus,

394 1515 700 1587 coleretur,
761 1528 972 1578 rursum
1031 1526 1471 1593 dominaturum,
1520 1537 1577 1583 et
1619 1529 1739 1599 ejus
1784 1531 1969 1600 jugum

395 1613 652 1667 omnibus
688 1611 1087 1669 intolerandutu
1138 1616 1275 1684 fore,
1307 1628 1361 1672 et
1403 1620 1599 1676 vicinis
1631 1621 1829 1676 tributa
1865 1623 1969 1676 int-

397 1705 724 1773 positurum,
783 1719 877 1760 eos
919 1707 969 1759 in
1011 1707 1325 1764 servitutem
1373 1711 1740 1777 redacturum,
1784 1729 1972 1769 eorum

398 1793 546 1864 agris
593 1794 810 1862 penitus
857 1795 1187 1862 devastatis,
1233 1799 1278 1854 si
1325 1801 1416 1869 qui
1481 1801 1671 1868 velint,
1726 1803 1972 1871 quamvis

2066 617 2169 686 γῆς
2210 603 2303 668 καὶ
2345 615 2454 668 τῶν
2484 600 2758 684 ἐσομένων
2793 612 2996 674 αὐτοῖς,
3027 609 3075 662 εί
3117 607 3191 680 μὴ
3226 601 3430 658 ἕλοιντο
3474 599 3643 669 τιμᾷν

2063 709 2155 762 τὸν
2185 709 2368 779 νόμον,
2394 708 2503 760 τῶν
2534 705 2940 779 προγεγονότων
2987 702 3085 772 τὴν
3130 700 3326 769 πεῖραν
3366 690 3645 746 ἐποιοῦντο

2065 791 2635 866 διδάσκὰ).ον.Ἐπειδὴ
2678 790 3040 862 ἀπεϐἐϐλητο,
3077 789 3175 843 καὶ
3222 783 3493 854 ἀπεφοίτα
3534 779 3645 833 τῶν

2079 877 2465 960 Ἱεροσολύμων
2494 889 2528 960 ἡ
2552 886 2662 940 τῶν
2691 883 3002 954 ἀλλοφύλων
3025 881 3262 950 γυναίων
3285 875 3514 948 πληθὺς,
3534 871 3648 924 λοι-

2068 980 2167 1033 πδν
2198 965 2511 1048 ἀναγκαίως
2543 976 3027 1049 κατεπικραίνοντο
3052 973 3186 1045 πρὸς
3213 968 3382 1041 όργάς
3407 966 3456 1020 οἱ
3487 960 3647 1035 περί-

2067 1087 2206 1123 οικοι
2231 1068 2341 1122 τῶν
2365 1059 2553 1132 ἐθνῶν,
2590 1069 2685 1122 ἅτε
2717 1067 2781 1132 δὴ
2813 1065 2906 1119 καί
2946 1064 3034 1118 διά
3074 1061 3277 1116 τούτων
3315 1058 3374 1111 ού
3412 1053 3649 1127 μετρίως

2068 1149 2466 1231 ἐξυϐρισμένοι.
2499 1159 2607 1211 Καὶ
2653 1158 2786 1227 πρός
2833 1173 2896 1225 γε
2949 1155 3013 1225 δὴ
3050 1153 3223 1222 τούτῳ
3271 1147 3491 1204 κάκεῖνό
3541 1145 3645 1197 που

2069 1253 2207 1321 τάχα
2235 1249 2593 1319 διελογίζοντο
2621 1248 2762 1301 κατά
2789 1249 2924 1317 σφᾶς
2948 1246 3164 1309 αύτούς.
3182 1241 3398 1312 Ἐπειδὴ
3417 1240 3527 1310 γὰρ
3548 1238 3647 1309 τὴν

2081 1343 2434 1414 Ἰερουσαλὴμ
2474 1339 2802 1411 ἀνετείχιζον
2837 1341 2956 1410 μὲν,
2986 1336 3312 1400 ἐσπούδαζον
3343 1332 3401 1386 δὲ
3429 1333 3524 1385 καὶ
3551 1329 3649 1384 αύ-

2070 1434 2159 1486 τὸν
2187 1433 2276 1486 τὸν
2317 1433 2460 1486 θεῖον
2507 1421 2741 1503 ἐγείρειν
2770 1430 2917 1492 ναόν,
2946 1432 3060 1492 τοῖς
3089 1425 3180 1480 τοῦ
3214 1425 3409 1494 φθόνου
3439 1421 3648 1492 βέλεσιν
3674 1452 3679 1456 -

2070 1522 2383 1578 ἀνεκαίοντο
2428 1522 2562 1594 πρὸς
2608 1521 2796 1592 ὀργὰς,
2827 1519 2922 1573 καὶ
2961 1514 3277 1571 διακωλύειν
3308 1510 3646 1582 ἐπεχείρουν,

2071 1616 2247 1668 ἐκεῖνο
2267 1613 2553 1684 διενθυμού
2563 1629 2735 1684 μενοι,
2755 1610 2896 1665 κατά
2917 1627 2981 1678 γε
3001 1609 3060 1662 τὸ
3081 1607 3248 1671 εἰκὸς,
3274 1605 3347 1669 ὼς
3370 1605 3418 1656 εἰ
3441 1602 3650 1671 γένοιτο

2072 1705 2234 1760 πάλιν
2262 1709 2289 1760 ό
2316 1705 2532 1777 Ἰσραὴλ
2565 1707 2622 1758 ἐν
2647 1700 2985 1765 δυναστείαις
3023 1701 3144 1762 ταῖς
3185 1695 3396 1770 πρώην,
3428 1694 3523 1748 καί⁵
3563 1697 3651 1778 τε-

2072 1796 2420 1868 τειχισμένας
2469 1797 2565 1867 μὲν
2591 1795 2703 1866 ἔχοι
2749 1794 2848 1859 τὰς
2878 1794 3079 1858 πόλεις,
3105 1789 3451 1860 ἐπαμύνοντα
3475 1786 3532 1840 δέ
3559 1785 3650 1838 τὸν

397 1883 559 1954 longo
591 1894 711 1952 post
748 1894 987 1954 tempore
1017 1896 1225 1942 tantum
1255 1904 1351 1946 eos
1393 1901 1579 1946 contra
1609 1892 1825 1947 intueri.
1863 1893 1971 1948 Hac

2074 1887 2182 1940 τῶν
2208 1888 2343 1942 ὅλων
2376 1886 2526 1952 Θεὸν,
2557 1886 2651 1940 ἆτε
2677 1885 2740 1954 δὴ
2770 1888 2884 1949 τοῖς
2907 1885 3152 1956 ἀρχαίοις
3175 1880 3319 1934 ἔθεσι
3350 1878 3650 1950 θεραπευό-

396 1975 465 2029 de
499 1990 661 2028 eausa
709 1976 1081 2031 subornarunt
1111 1980 1395 2049 quosdam,
1439 1982 1528 2050 qui
1561 1996 1654 2036 eos
1701 1997 1800 2038 nec
1836 1992 1973 2039 tem-

399 2067 508 2136 plo,
541 2083 640 2120 nec
669 2066 938 2124 manibus
963 2071 1236 2126 struendis
1267 2087 1484 2126 manum
1516 2073 1803 2129 admovere
1827 2084 1978 2145 pate-

399 2170 610 2216 rentur.
645 2162 780 2218 Cunt
829 2165 1026 2218 frustra
1078 2163 1409 2228 laborarent,
1458 2165 1564 2219 Deo
1611 2165 1972 2222 lsraelitarum

398 2251 579 2306 studia
645 2266 1023 2324 prosperante,
1072 2255 1243 2308 armis
1290 2255 1488 2311 deinde
1541 2258 1830 2326 correptis,
1878 2273 1976 2314 eos

401 2343 714 2410 opprimere
758 2345 1065 2400 voluerunt.
1099 2343 1320 2411 Verum,
1348 2345 1637 2414 adiuvante
1673 2348 1802 2415 Deo,
1847 2349 1974 2405 victi

400 2434 470 2488 ab
504 2435 634 2504 ipsis
679 2435 1054 2505 interfectique
1085 2447 1230 2491 sunt.
1257 2438 1337 2491 Ad
1369 2439 1470 2492 hoc
1503 2447 1684 2494 autem
1723 2441 1975 2512 praelium

403 2524 456 2577 in
489 2524 682 2579 vallem
705 2524 966 2596 Josapbat
993 2528 1283 2583 multitudo
1301 2543 1421 2583 sese
1438 2531 1680 2602 collegit,
1703 2531 1797 2601 qui
1823 2531 1978 2588 locus

400 2630 506 2670 non
537 2615 719 2670 multis
749 2615 817 2670 ab
841 2616 1213 2688 Hierosolyma
1249 2619 1444 2673 stadiis
1480 2635 1670 2675 versus
1704 2622 1972 2676 orientem

399 2708 588 2761 distat.
652 2707 822 2762 Aiunt
873 2709 1074 2764 nudum
1116 2718 1172 2762 et
1209 2711 1530 2778 equitationi
1591 2722 1777 2781 aptmn
1829 2728 1974 2767 esse.

399 2796 670 2852 Caeterum
723 2801 1058 2870 potentiores
1104 2801 1366 2868 quosdam
1419 2801 1673 2856 lsraelitis
1735 2803 1973 2856 divinum

401 2891 662 2960 templum
708 2893 1116 2947 exstruentibus
1167 2893 1450 2956 invidisse,
1500 2901 1556 2946 et
1613 2893 1744 2948 nihil
1796 2905 1976 2949 tamen

399 2982 718 3054 profecisse,
757 2984 971 3038 docebit
1012 2985 1200 3039 beatus
1223 2985 1425 3040 Esdras
1445 2985 1517 3038 ita
1545 2987 1794 3041 set-ibetts
1822 3005 1837 3041 :
1870 3006 1888 3039 ι
1918 2985 1974 3040 In

399 3073 721 3127 Artaxerxis
752 3079 932 3127 autem
963 3073 1105 3140 regis
1137 3072 1425 3128 Persarum
1460 3075 1810 3144 temporibus,
1838 3077 1978 3131 scri-

398 3173 627 3234 pserunt
660 3166 708 3218 ei
741 3165 806 3219 de
844 3165 927 3219 his
959 3166 1051 3234 qui
1087 3165 1402 3220 habitabant
1429 3166 1484 3219 in
1513 3165 1696 3220 Judzea
1731 3177 1785 3220 et
1821 3165 1977 3222 Jeru-

2075 1997 2234 2051 μενον
2277 1980 2336 2032 ἐν
2383 1977 2516 2049 ναῷ,
2554 1978 2715 2031 πάλιν
2761 1975 3192 2047 κατακρατήσει,
3239 1972 3336 2025 καὶ
3379 1969 3650 2040 ἀφόρητος

2072 2073 2226 2127 ἔσται
2277 2073 2388 2134 τοῖς
2437 2069 2774 2142 ἁπανταχοῦ,
2827 2071 2922 2124 καὶ
2965 2068 3204 2140 δασμοὺς
3249 2064 3499 2118 ἐπιϐαλεῖ
3541 2062 3652 2116 τῶν

2071 2165 2286 2236 ὁμόρων
2318 2167 2448 2233 τισὶ,
2482 2166 2574 2220 καὶ
2600 2165 2895 2221 ἁλώσονται
2927 2163 3163 2227 πάντως,
3198 2161 3466 2234 καταδῃου
3476 2159 3652 2228 μένων

2072 2259 2253 2321 αὐτοῖς
2288 2258 2396 2311 τῶν
2433 2259 2647 2330 χωρῶν,
2679 2261 2729 2312 εἰ
2765 2257 2828 2328 δή
2857 2273 3002 2320 τινες
3032 2256 3237 2309 ἕλοιντο
3262 2253 3365 2307 κᾶν
3401 2253 3530 2321 γοῦν
3553 2249 3653 2320 ὀψὲ

2073 2347 2391 2417 ἀντιϐλέψαι
2441 2348 2619 2418 μόνον.
2673 2346 2888 2417 Ταύτης
2933 2345 3096 2398 ἓνεκα
3141 2344 3243 2414 τῆς
3283 2341 3460 2406 αἰτίας
3506 2357 3653 2408 παρ-

2073 2439 2369 2503 εσκεύαζον
2421 2439 2519 2510 μέν
2571 2456 2723 2504 τινας
2769 2438 3055 2509 ἀπείργειν
3101 2436 3297 2498 αὐτοὺς
3329 2434 3440 2497 τῶν
3471 2451 3531 2486 τε
3562 2433 3652 2485 ἐπ’

2073 2531 2222 2603 αύτῷ
2267 2532 2345 2603 τῷ
2377 2531 2510 2603 ναῷ,
2543 2532 2636 2585 καὶ
2682 2534 2794 2595 τοῖς
2841 2530 3044 2600 τείχεσι
3094 2525 3648 2600 παρεσκευασμένων.

2085 2622 2303 2694 Ἐπειδὴ
2333 2623 2391 2677 δέ
2423 2623 2606 2685 αὐτοῖς
2647 2621 2902 2692 ἀνόνητος
2929 2617 2995 2692 ἦν
3023 2623 3055 2692 ἡ
3085 2619 3313 2689 σπουδὴ,
3346 2617 3483 2672 Θεοῦ
3522 2634 3654 2670 κατ-

2074 2715 2386 2784 ευρύνοντος
2419 2717 2532 2778 τοῖς
2564 2715 2622 2781 ἐξ
2644 2713 2861 2785 Ἰσραὴλ
2903 2713 3002 2783 τὴν
3052 2712 3161 2765 τῶν
3210 2709 3652 2780 ἐπιτηδευμάτων

2073 2807 2211 2869 ὁδὸν,
2244 2808 2541 2872 ὡπλίζοντο
2585 2807 2790 2870 λοιπὸν,
2817 2806 2911 2859 καὶ
2945 2802 3406 2874 καταστρατεύειν
3439 2800 3650 2873 ἤθελον.

2089 2897 2226 2950 Ἀλλ’
2261 2898 2500 2969 ἣλωσαν,
2528 2899 2623 2952 καὶ
2671 2896 2995 2950 πεπτώκασι
3048 2895 3418 2965 ἐπαμύνοντος
3469 2893 3653 2953 αὐτοῖς

2074 2988 2231 3040 Θεοῦ.
2260 2988 2456 3056 Γέγονε
2507 2988 2564 3042 δέ
2607 2987 2716 3040 τῶν
2760 2989 2839 3050 εἰς
2881 2985 3040 3039 τοῦτο
3085 2982 3573 3056 συναγηγερμένων
3618 2983 3652 3051 ή

2077 3079 2318 3150 ἀθροισις
2366 3082 2423 3132 ἐν
2460 3081 2525 3150 τῇ
2558 3079 2761 3132 κοιλάδι
2785 3077 3074 3146 Ἰωσαφὰτ,
3109 3076 3285 3148 χῶρος
3316 3076 3373 3129 δέ
3400 3070 3552 3138 οὗτος
3591 3074 3651 3126 ού

2079 3169 2293 3233 πολλοῖς
2341 3171 2576 3232 σταδίοις
2617 3170 2837 3241 ἀπέχων
2882 3173 2981 3240 τῆς
3019 3167 3393 3240 Ἰερουσαλὴμ,
3441 3170 3499 3221 ἐν
3540 3169 3653 3230 τοῖς

399 3257 590 3322 salem,
635 3235 934 3321 balsamus,
971 3267 1025 3312 et
1068 3255 1432 3320 Mithridates,
1484 3267 1538 3312 et
1584 3257 1874 3320 Sabellius.
1918 3269 1971 3313 et

2073 3260 2210 3332 πρὸς
2235 3260 2318 3330 ἠῶ
2349 3261 2558 3332 μέρεσι.
2578 3235 2760 3314 Ψιλὸν*
2776 3257 2832 3313 δέ
2857 3235 2996 3314 εἷναί
3033 3235 3184 3328 φασι,
3203 3260 3296 3312 καὶ
3315 3235 3652 3328 ⁷ίπεῖιςιξλατον.

399 3340 702 3412 Reatimus,
743 3358 797 3403 et
834 3343 1193 3414 Bélthetmus,
1238 3358 1293 3402 et
1335 3347 1726 3404 Geentethtnus
1771 3349 1970 3413 scriba,

399 3449 454 3493 et
485 3438 674 3510 reliqui
716 3438 833 3506 ejus
860 3439 1066 3494 ordinis
1097 3440 1151 3494 in
1189 3439 1436 3494 Samaria
1483 3439 1804 3509 ueterisque
1841 3440 1974 3497 locis

401 3531 710 3586 habitantes
733 3530 814 3597 ⁸⁸,
844 3549 866 3584 ι
923 3532 977 3586 in
1033 3533 1173 3587 hanc
1242 3535 1566 3586 sententiam
1611 3551 1626 3588 :
1676 3531 1972 3588 Jerusalem

403 3623 519 3678 fore
541 3611 818 3678 civitatem
858 3623 1357 3693 inexpugnabilem,
1390 3622 1557 3695 234
1589 3639 1689 3680 nec
1733 3625 1841 3680 ulla
1881 3641 1973 3680 ra-

404 3716 552 3771 tione
591 3715 715 3772 aliis
741 3717 960 3788 regibus
990 3717 1323 3783 subiectam;
1373 3718 1467 3772 sed
1498 3717 1846 3773 rebellantem
1876 3734 1975 3773 au-

400 3809 714 3875 dacissime,
746 3818 828 3874 et,
879 3809 926 3864 si
981 3809 1264 3880 antiquum
1311 3818 1514 3865 statum
1545 3824 1611 3865 ac
1653 3809 1972 3879 digritatem

403 3900 652 3970 recipiat,
681 3898 1108 3972 Babyloniorum
1153 3900 1511 3971 principibus,
1553 3900 1649 3970 qui
1689 3910 1805 3956 tum
1851 3900 1975 3956 fuc-

399 3993 534 4054 rint.
582 4009 841 4049 curarum
901 3991 1101 4048 ﬂuctus
1147 3993 1534 4048 excitaturam.
1581 3993 1653 4048 At
1697 3994 1842 4049 enim
1888 3993 1976 4048 his

399 4083 621 4155 scriptis
679 4084 810 4140 nihil
870 4085 1095 4142 omnino
1157 4085 1434 4140 consecuti
1494 4094 1646 4142 sunt.
1695 4083 1977 4154 Rogabant

398 4189 563 4246 porro
606 4176 826 4244 quidam
879 4190 912 4230 e
955 4174 1226 4241 Samaria,
1275 4185 1337 4232 ut
1382 4175 1512 4245 ipsis
1559 4191 1682 4231 cum
1731 4175 1816 4232 bis
1881 4177 1973 4246 qui

405 4266 678 4337 Babylone
719 4277 1065 4331 revenerant,
1109 4267 1359 4323 laborare
1387 4277 1442 4322 et
1461 4266 1729 4323 aedificare
1761 4268 1972 4323 liceret.

402 4358 690 4426 ltepulsam
728 4357 986 4412 tulerunt.
1019 4357 1380 4423 Quamobrem
1417 4359 1543 4412 dum
1574 4359 1831 4414 adversus
1857 4359 1976 4414 illo-

401 4463 520 4504 rum
550 4459 737 4518 postea
767 4449 1199 4526 machinationes
1221 4464 1280 4504 se
1312 4457 1528 4504 tuentur
1559 4449 1838 4515 Israelita,
1864 4466 1972 4506 non

399 4554 590 4608 parum
630 4548 755 4593 sunt
784 4539 1088 4609 defatigati.

2079 3351 2199 3405 Ὅτι
2241 3351 2297 3404 δὲ
2343 3351 2728 3422 διεφθονήκασι
2784 3349 2882 3420 μέν
2933 3366 3077 3412 τινες
3120 3348 3228 3402 τῶν
3272 3348 3656 3418 δυνατωτέρων

2073 3445 2185 3506 τοῖς
2223 3441 2284 3506 ἐξ
2315 3441 2530 3514 Ἰσραὴλ
2563 3443 2653 3495 τὸν
2697 3442 2840 3495 θεῖον
2871 3442 3144 3512 ἐγείρουσι
3175 3440 3324 3505 ναὸν,
3352 3439 3568 3512 ὤνησαν
3598 3440 3654 3492 δὲ

2073 3531 2245 3599 οὐδὲν,
2286 3532 2486 3597 διδάξει
2536 3531 2708 3601 λέγων
2756 3535 2784 3585 ὁ
2829 3533 3094 3602 μακάριος
3124 3531 3358 3602 Ἔσδρας
3383 3549 3398 3562 ο
3431 3550 3448 3581 ι
3472 3532 3559 3584 Ἐν
3596 3531 3655 3584 δὶ

2072 3624 2184 3686 τοίς
2211 3617 2303 3674 ἐπὶ
2326 3621 2684 3694 Ἀρταξέρξου
2734 3622 2825 3676 τοῦ
2866 3616 3091 3692 Περσῶν
3126 3620 3386 3692 βασιλέως
3421 3620 3652 3692 χρόνοις,

2072 3715 2426 3784 κατέγραψαν
2465 3715 2608 3768 κατὰ
2649 3713 2758 3767 τῶν
2789 3713 3183 3768 κατοικούντων
3212 3715 3271 3766 ἐν
3299 3717 3366 3785 τῇ
3397 3707 3652 3784 Ἰουδαίᾳ,

2073 3807 2168 3860 καὶ
2210 3808 2268 3861 ἐν
2303 3807 2654 3878 Ἰερουσαλὴμ
2704 3807 2968 3879 Βήλεμος,
3011 3799 3106 3860 καλ⁸
3154 3798 3511 3877 Μιθριδάτης,
3557 3807 3653 3860 καὶ

2072 3897 2378 3963 Σαϐέλλιος,
2413 3899 2508 3953 καί
2541 3899 2816 3968 Ῥάθιμος,
2851 3899 2946 3952 καὶ
2993 3897 3313 3970 Βέλτεθμος,
3360 3901 3453 3952 καὶ
3495 3890 3654 3952 Γεένο

2071 3989 2269 4062 τεθμος
2296 3992 2326 4045 ό
2357 3992 2739 4061 γραμματεὺς,
2772 3990 2868 4044 καὶ
2895 3991 2944 4043 οί
2969 3989 3146 4043 λοιποὶ
3189 3993 3238 4044 οί
3289 3987 3496 4054 τούτοις
3531 4007 3656 4043 συν-

2071 4083 2418 4153 τασσόμενοι,
2453 4081 2729 4145 οἰκοῦντες
2765 4082 2824 4135 δέ
2866 4083 2923 4136 ἐν
2953 4075 3256 4155 Σαμαρείᾳ,
3294 4082 3526 4146 καὶτοῖς
3556 4083 3653 4136 ἆλ-

2071 4173 2184 4240 λοις
2211 4175 2418 4236 τόποις.
2442 4193 2460 4226 ι
2485 4169 2594 4226 Ἦν
2625 4173 2680 4227 δὲ
2711 4175 2810 4244 τῆς
2845 4174 3066 4246 γραφῆς
3094 4167 3270 4228 τοιάδε
3307 4192 3392 4237 τις
3421 4176 3454 4245 ἡ
3493 4173 3652 4227 δύνα-

2077 4284 2190 4338 μις,
2220 4266 2296 4330 ὡς
2341 4267 2426 4337 εἴη
2479 4265 2577 4337 μὲν
2623 4266 2777 4328 πόλις
2823 4265 3126 4337 ἄθραυστον
3175 4265 3376 4337 ἔχουσα
3425 4265 3654 4336 δύναμιν

2085 4357 2460 4430 Ἰερουσαλὴμ,
2493 4358 2702 4427 ἥκουσα
2753 4356 2812 4411 δέ
2853 4357 3102 4428 οὐδαμῶς
3145 4360 3256 4421 τοῖς
3303 4358 3410 4410 τῶν
3455 4359 3654 4428 ἐτέρων

2073 4449 2265 4523 χωρῶν
2305 4449 2641 4520 βασιλεῦσιν·
2676 4451 3104 4522 ἀντεγειρομένη
3139 4450 3196 4505 δὲ
3225 4445 3423 4522 μᾶλλον
3451 4452 3657 4524 σφόδρα

2073 4541 2356 4606 νεανικῶς,
2390 4542 2455 4596 ἶν’
2483 4544 2531 4596 εἰ
2579 4542 2789 4612 γένοιτο
2836 4543 2998 4598 πάλιν
3031 4544 3395 4613 ύπονοστῆσαι
3427 4543 3560 4614 πρὸς
3594 4543 3656 4597 τὸ

397 4631 646 4700 ἀρχαῖον,
680 4630 777 4683 καὶ
804 4630 986 4693 αὐτοῖς
1015 4629 1264 4684 σαλεύσει
1295 4629 1577 4703 φροντίδας
1603 4633 1716 4695 τοῖς
1746 4631 1846 4700 τῆς
1895 4630 2216 4696 Βαϐυλῶνος
2277 4632 2419 4686 κατά
2472 4634 2698 4702 καιροὺς
2736 4629 3230 4705 ἡγουμένοις.Ἀλλ’
3295 4634 3509 4706 ὤνησαν
3554 4635 3654 4706 μὲν

397 4723 466 4774 τά
503 4721 680 4774 τοιάδε
724 4722 1064 4792 γεγραφότες
1101 4723 1376 4788 παντελῶς
1423 4722 1594 4778 οὐδέν.
1627 4722 1977 4794 Παρεκάλουν
2015 4724 2073 4777 δέ
2103 4741 2246 4788 τινες
2293 4725 2403 4778 τῶν
2449 4727 2506 4778 ἐν
2555 4718 2860 4797 Σαμαρείᾳ,
2921 4725 3030 4779 τῶν
3061 4727 3126 4779 ἐκ
3160 4724 3479 4791 Βαϐυλῶνος
3527 4744 3655 4797 μετα

397 4813 744 4868 οικισθέντων
772 4813 1199 4885 συνεργάζεσθαί
1225 4832 1308 4880 τε,
1335 4815 1430 4868 καὶ
1487 4815 1889 4885 συνοικοδομεῖν
1945 4815 2151 4879 αὐτοῖς.
2181 4816 2246 4870 Οί
2275 4815 2334 4869 δὲ
2371 4816 2471 4871 οὐκ
2502 4816 2713 4888 ἤθελον,
2748 4817 2842 4870 καὶ
2885 4816 3087 4889 ταύτης
3115 4817 3277 4870 ἕνεκα
3308 4818 3404 4888 τῆς
3473 4816 3654 4883 αἰτίας

398 4907 743 4978 κεκμήκασιν
790 4906 850 4958 οὐ
903 4906 1173 4977 μετρίως,
1222 4909 1343 4970 ταῖς
1393 4907 1616 4961 ἐκείνων
1663 4906 1978 4970 ἐπιϐουλαῖς
2012 4907 2421 4975 ἀντεξάγοντες.

470 4999 567 5052 Εει
613 5013 779 5066 porro
823 4999 966 5067 apud
1005 4997 1233 5052 Esdram
1283 4998 1338 5052 in
1393 4999 1537 5053 hunc
1573 4999 1790 5053 modum
1819 5015 1833 5052 :
1862 5015 1881 5050 ι
1915 4998 1971 5052 Et

2153 4999 2471 5071 Γέγραπται
2524 4998 2581 5052 δὲ
2647 4997 2820 5062 οὕτως
2894 4999 2952 5053 ἐν
3026 4996 3105 5068 τῷ
3169 4998 3376 5070 Ἔσδρᾳ
3454 4997 3650 5053 πάλιν⁶

397 5090 688 5145 audierunt
752 5089 1075 5144 tribulantes
1113 5087 1308 5145 Judam
1365 5100 1423 5144 et
1469 5088 1776 5160 Benjamin,
1829 5091 1972 5158 quod

399 5180 496 5236 lilii
529 5179 1024 5252 transmigrationis
1050 5181 1322 5235 aediﬁcant
1350 5181 1572 5236 domum
1603 5183 1830 5236 Domino
1859 5182 1971 5236 Deo

401 5272 587 5327 Israel.
630 5272 696 5326 Et
717 5280 1069 5328 accesserunt
1098 5271 1164 5326 ad
1194 5271 1582 5328 Zorobabelem
1617 5282 1671 5327 et
1700 5274 1971 5344 principes

400 5365 754 5428 familiarum,
784 5373 840 5420 et
863 5364 1119 5419 dixerunt
1140 5365 1222 5420 eis
1247 5382 1263 5418 :
1288 5362 1646 5420 JEdiﬂcentus
1671 5365 1967 5429 vobiscum,

395 5457 523 5525 quia
572 5456 715 5510 sicut
755 5470 851 5510 vos
894 5457 1191 5526 qutcrimus
1233 5456 1399 5511 Deum
1451 5466 1710 5520 vestrum,
1761 5464 1818 5510 et
1865 5456 1965 5526 ipsi

399 5561 498 5598 nos
528 5547 902 5601 sacrilicamus
931 5561 965 5601 a
1008 5547 1201 5602 diebus
1237 5547 1555 5611 Asaradam,
1600 5547 1741 5614 regis
1770 5547 1961 5611 Assur,

396 5636 487 5704 qui
524 5637 674 5691 duxit
697 5651 798 5692 nos
832 5637 960 5692 huc.
993 5628 1291 5693 Zorobabel
1321 5645 1502 5692 autem
1529 5653 1650 5692 eum
1679 5637 1968 5692 comitibus

2080 5105 2099 5140 ι
2133 5089 2243 5144 Καὶ
2284 5090 2525 5160 ἥκουσαν
2576 5093 2624 5143 οἱ
2656 5089 2929 5154 θλίϐοντες
2975 5088 3196 5151 Ἰούδαν,
3226 5090 3320 5141 καὶ
3373 5088 3650 5158 Βενιαμὶν,

2073 5179 2156 5234 ὅτι
2213 5182 2262 5234 οί
2308 5180 2415 5234 υἱοὶ
2465 5179 2566 5251 τῆς
2624 5180 2880 5244 ἀποικίας
2935 5179 3307 5248 οίκοδομοῦσιν
3369 5174 3515 5232 οἷκον
3573 5178 3652 5249 τῷ

2073 5271 2262 5342 Κυρίῳ
2305 5271 2424 5342 Θεῷ
2445 5271 2690 5345 Ἰσραήλ⁹
2727 5271 2822 5325 καὶ
2866 5273 3100 5343 ἤγγισαν
3149 5265 3286 5341 πρὸς
3330 5268 3649 5341 Ζοροϐάϐελ,

2077 5362 2174 5415 καὶ
2203 5363 2339 5434 πρὸς
2368 5365 2493 5426 τοὺς
2517 5364 2784 5435 ἄρχοντας
2810 5362 2917 5415 τῶν
2943 5362 3204 5434 πατριῶν,
3238 5357 3332 5414 καὶ
3371 5354 3524 5412 εἷπον
3551 5355 3652 5410 αύ-

2069 5457 2180 5518 τοῖς
2200 5474 2212 5487 ο
2244 5456 2698 5527 Οἰκοδομήσωμεν
2725 5453 2844 5527 μεθ’
2879 5455 3051 5526 ὑμῶν,
3081 5455 3162 5508 ὅτι
3201 5454 3276 5516 ὡς
3307 5449 3464 5522 ὑμεῖς
3493 5451 3654 5519 ἐκζη-

2070 5549 2272 5620 τοῦμεν
2301 5548 2393 5602 τὸν
2422 5548 2554 5603 Θεὸν
2585 5548 2756 5619 ὑμῶν,
2790 5549 2885 5601 καὶ
2928 5547 3077 5617 αύτῷ
3119 5548 3279 5617 ἡμεῖς
3325 5541 3653 5611 θυσιάζομεν

2073 5637 2182 5692 ἀπὸ
2231 5638 2452 5710 ἡμερῶν
2476 5637 2781 5710 Ἀσαραδὰν
2831 5638 3096 5710 βασιλέως
3117 5635 3350 5706 Ἀσσοὺρ
3375 5632 3470 5687 τοῦ
3500 5627 3650 5698 ἐνέγ-

464 5815 512 5850 ⁸³
549 5813 589 5869 ll
625 5814 778 5870 Esdr.
821 5830 901 5881 ιιι,
937 5816 1135 5888 passim
1167 5833 1180 5882 ;
1225 5815 1266 5868 ιι
1300 5813 1454 5869 Es-lr.
1493 5829 1563 5880 tv,
1603 5814 1682 5869 l7.
1760 5814 1805 5845 "
1836 5807 2082 5884 lll_Esdr.
2119 5829 2176 5880 ιι,
2219 5812 2304 5868 Ιϐ.
