4132 6370
445 384 551 443 589
1330 388 1879 447 COMMENTARIUS
1920 389 1986 446 IN
2026 386 2291 445 JOELEM
2329 383 2771 445 ΡιιοΡΗΕΤΑΜ.
3607 384 3716 449 390

444 522 641 569 καντος
688 507 838 577 ἡμᾶς
884 499 1008 562 ὦδε.
1032 508 1103 563 ’οί
1147 508 1204 563 δέ
1239 513 1369 583 περὶ
1395 512 1487 565 τὸν
1518 513 1825 584 Ζοροϐάϐελ
1859 507 2031 566 εἶπονο

2140 512 2253 565 suis
2294 511 2614 581 respondit:
2648 508 2766 565 Non
2795 509 2950 567 vobis
2980 521 3034 565 et
3077 510 3254 576 nobis,
3291 520 3345 565 ut
3384 509 3718 566 aediﬁcemus

444 594 561 664 Οὐχ
602 596 732 666 ὑμῖν
759 598 857 651 καὶ
906 601 1040 670 ἡμῖν
1088 600 1183 654 τοῦ
1218 602 1570 674 οἰκοδομῆσαι
1598 600 1747 659 οἶκον
1794 605 1873 676 τῷ
1917 604 2035 676 Θεῷ

2138 607 2357 655 donnnn
2390 602 2499 656 Deo
2530 613 2739 667 nostro,
2772 603 3025 671 quoniam
3053 616 3155 658 nos
3190 602 3289 675 ipsi
3331 602 3719 672 idipsummdi-

442 688 625 758 ἡμῶν,
659 690 740 744 ὅτι
785 694 947 762 ἡμεῖς
989 694 1144 747 αὐτοὶ
1185 694 1279 747 ἐπὶ
1325 695 1386 748 τὸ
1432 697 1565 750 αὐτὸ
1608 698 2035 769 οἰκοδομήσομεν

2138 695 2421 750 ficabimus
2462 695 2692 751 Domino
2737 696 2848 752 Deo
2890 706 3097 764 nostro,
3139 698 3279 752 sicut
3323 698 3581 768 praecepit
3624 714 3722 751 no-

445 780 639 851 Κυρίῳ
686 782 768 854 τῷ
808 784 927 854 Θεῷ
975 787 1152 856 ἡμῶν,
1186 788 1261 850 ώς
1294 789 1597 842 ἐνετείλατο
1625 792 1756 860 ἡμῖν
1795 789 1977 861 Κῦρος
2007 791 2035 842 ὁ

2136 788 2221 843 bis
2266 787 2440 857 Cyrus
2480 804 2571 843 rex
2634 788 2946 843 Persarum.
3003 790 3070 844 Et
3114 790 3214 844 fuit
3254 790 3485 860 populus
3564 802 3721 845 terrte

449 871 703 942 βασιλεὺς
734 876 977 947 Περσῶν.
1011 880 1122 932 Καὶ
1150 875 1219 951 ἦν
1245 882 1273 933 ὁ
1301 880 1429 943 λαὸς
1449 880 1551 950 τῆς
1582 881 1685 952 γῆς
1705 881 1914 934 ἐκλύων
1937 880 2035 945 τὰς

2136 879 2437 934 dissolvens
2481 895 2675 935 manus
2700 879 2859 943 Iuda,
2894 890 2947 935 et
2975 881 3341 950 impediebant
3386 882 3514 951 ipsis
3546 881 3720 935 aedili-

447 966 636 1035 χέῖρας
683 966 777 1019 τοῦ
824 967 954 1020 λαοῦ
978 968 1170 1031 Ἰούδα,
1206 970 1300 1023 καὶ
1346 969 1654 1034 ἐνεπόδιζον
1699 971 1894 1035 αὐτοὺς
1940 969 2033 1024 τοῦ

2136 970 2430 1037 cationem,
2461 978 2515 1024 et
2557 970 2938 1025 conducebant
2964 973 3233 1026 adversus
3272 985 3367 1025 eos
3410 971 3723 1027 consiliato-

446 1055 770 1126 οἰκοδομεῖν,
801 1060 896 1111 καὶ
928 1058 1281 1131 μισθούμενοι
1325 1061 1413 1114 ἐπ’
1439 1061 1657 1126 αὐτοὺς,
1687 1062 2036 1115 ἐϐουλεύοντο

445 1148 543 1201 τοῦ
585 1149 934 1203 διασκεδάσαι
985 1150 1182 1223 βουλὴν
1224 1151 1425 1206 αὐτῶν.
1458 1171 1476 1204 ι
1510 1153 1651 1205 Ἀλλ’
1677 1152 2034 1206 ἐπεϐούλευον

450 1241 572 1311 μέν,
616 1243 899 1313 ἄπρακτος
930 1243 987 1296 δέ
1024 1243 1119 1297 καὶ
1152 1243 1418 1317 τούτοιςή
1452 1245 1793 1318 ἐπιχείρησις
1816 1241 2034 1317 ἧν.”Οτι

446 1334 503 1388 δὲ
531 1335 631 1406 τῆς
662 1334 921 1406 λαθραίου
951 1334 1136 1388 λοιπὸν
1168 1336 1465 1408 ἀτονούσης
1496 1338 1791 1409 ἐπιϐουλῆς
1818 1338 1909 1391 τὸν
1935 1355 2032 1391 πο-

446 1424 614 1495 λέμου
646 1427 809 1497 νόμον
836 1427 1005 1497 ᾔεσαν
1034 1430 1451 1500 στρατευόμενοι
1475 1432 1673 1494 πάντες
1696 1433 1742 1484 οἱ
1769 1431 2034 1503 περίοικοι

448 1518 559 1570 τῶν
606 1517 794 1579 ἐθνῶν,
840 1519 1058 1588 ἦλωσάν
1100 1535 1183 1580 τε,
1220 1523 1314 1574 καὶ
1365 1521 1708 1587 πεπτώκασι,
1738 1522 2033 1575 κάντεῦθεν

450 1610 517 1662 ἂν
545 1610 754 1681 μάθοις.
780 1612 989 1682 Γράφει
1018 1612 1123 1684 γάρ
1150 1606 1252 1668 ὧδε
1284 1614 1443 1668 πάλιν
1477 1616 1535 1668 ἐν
1569 1613 1647 1686 τῷ
1679 1615 1916 1687 δευτέρῳ
1953 1615 2034 1685 βι-

447 1702 583 1774 ϐλίῳ
604 1722 618 1736 ο
657 1723 675 1755 ι
712 1706 821 1759 Καὶ
856 1706 1071 1773 ἐγένετο
1100 1707 1176 1770 ώς
1203 1707 1401 1779 ἤκουσε
1431 1707 1769 1772 Σαναϐαλὰτ,
1801 1710 1892 1761 καὶ
1917 1710 2033 1762 Τω-

2137 1077 2245 1128 res,
2298 1074 2359 1117 ut
2406 1064 2751 1116 destruerent
2789 1063 3075 1117 consilium
3125 1078 3314 1117 eorum
3338 1064 3406 1115 ⁵⁹.
3436 1081 3455 1114 ι
3493 1062 3597 1117 Sed
3636 1081 3723 1118 eo-

2135 1172 2255 1210 rum
2292 1155 2500 1210 insidia:
2538 1167 2591 1208 et
2641 1154 2949 1209 molitiones
2991 1156 3058 1209 ad
3103 1157 3330 1210 nihilum
3381 1157 3716 1212 reciderunt.

2140 1246 2236 1302 Ubi
2272 1249 2610 1317 postmodum
2642 1248 2860 1302 omissis
2898 1246 3180 1302 fraudibus
3211 1248 3561 1303 clandestinis
3585 1289 3601 1312 ,
3634 1249 3721 1302 vi-

2136 1340 2272 1393 cina:
2332 1351 2519 1408 gentes
2568 1355 2760 1395 omnes
2829 1340 2879 1392 iu
2940 1350 3181 1408 apertam
3236 1341 3342 1394 vim
3393 1358 3459 1396 ac
3520 1343 3718 1397 bellum

2134 1442 2448 1498 eruperunt,
2483 1448 2634 1485 caesae
2667 1432 2967 1501 fugataeque
2994 1440 3142 1485 sunt.
3170 1431 3321 1498 Quod
3362 1433 3482 1488 inde
3521 1449 3723 1503 cogito.

2136 1540 2278 1578 scas.
2343 1523 2551 1578 Rursus
2604 1524 2748 1578 enim
2812 1525 2949 1579 libro
2996 1526 3235 1579 secundo
3289 1525 3369 1579 sic
3418 1535 3503 1579 est
3544 1543 3559 1578 ι
3601 1545 3618 1577 ι
3655 1526 3723 1579 Ει

2137 1615 2338 1670 factum
2382 1625 2486 1680 est,
2526 1631 2648 1669 cum
2694 1617 2935 1671 audisset
2977 1617 3299 1681 Sanahalat,
3337 1616 3628 1683 etTohias,
3666 1631 3723 1673 et

2136 1706 2365 1769 Arabes,
2411 1715 2466 1758 et
2499 1706 2785 1771 Amanitze,
2827 1709 2969 1776 quod
3004 1708 3248 1762 ascendit
3287 1720 3507 1778 germen
3551 1711 3723 1764 muris

446 1793 592 1861 ϐίας,
618 1795 713 1849 καὶ
756 1798 805 1849 οἱ
832 1798 1090 1868 Ἄραϐες,
1123 1800 1215 1851 καὶ
1245 1801 1294 1852 οἱ
1320 1800 1647 1872 Ἀμμανῖται
1675 1801 1755 1854 ὅτι
1790 1801 1961 1871 ἀνέϐη
1994 1804 2028 1871 ἡ

2138 1796 2466 1863 Jerusalem,
2499 1798 2757 1869 quoniam
2802 1798 3147 1867 incmperunt
3179 1801 3466 1857 cicatrices
3499 1804 3719 1868 obduci,

447 1888 558 1960 φυὴ
604 1892 719 1953 τοῖς
751 1890 984 1961 τείχεσιν
1024 1891 1398 1963 Ἰερουσαλὴμ,
1433 1893 1527 1945 καὶ
1571 1894 1653 1946 ὃτι
1699 1893 1935 1965 ἤρξαντο
1979 1895 2035 1946 αί

2139 1898 2193 1944 et
2233 1889 2519 1944 molestum
2571 1891 2651 1945 eis
2697 1890 2872 1945 visum
2922 1888 3025 1945 fuit
3071 1890 3245 1947 valde.
3299 1892 3366 1949 Et
3404 1899 3719 1966 congregati

438 1980 746 2050 ’διασφαγαὶ
774 1981 1242 2053 ἀναιρράσσεσθαι,
1269 1984 1362 2036 καὶ
1393 1984 1628 2055 πονηρὸν
1657 1985 1839 2048 αὐτοῖς
1862 1985 2037 2057 ἐφάνη

450 2071 678 2143 σφόδρα.
706 2073 817 2126 Καὶ
861 2074 1205 2145 συνήχθησαν
1246 2076 1453 2139 πάντες
1486 2077 1577 2128 ἐπὶ
1625 2077 1685 2129 τὸ
1731 2076 1861 2130 αὐτὸ
1891 2078 2038 2142 ἐξελ-

449 2163 581 2229 θεῖν,
625 2165 721 2219 καὶ
766 2166 1186 2237 παρατάξασθαι
1234 2171 1291 2222 ἐν
1324 2168 1699 2241 Ἰερουσαλήμ.
1751 2170 1857 2222 Καὶ
1902 2170 2039 2241 πρὸς

447 2257 653 2329 Κύριον
699 2258 792 2313 τὸν
838 2259 968 2312 Θεὸν
1010 2260 1191 2331 ἡμῶν,
1241 2263 1396 2333 φησὶ,
1444 2262 1893 2333 προσηυξάμεθα,
1943 2263 2037 2315 καὶ

2139 1989 2261 2035 sunt
2291 1995 2479 2035 omnes
2510 1982 2560 2034 in
2592 1998 2781 2046 unum,
2813 1992 2870 2036 ut
2897 1983 3169 2047 venirent,
3196 1993 3251 2039 et
3285 1996 3634 2054 percnterent
3667 1989 3721 2043 in

2137 2070 2463 2139 Jerusalem,
2527 2083 2581 2128 et
2635 2073 2880 2129 facerent
2921 2076 3298 2146 direptionem.
3340 2076 3408 2134 Et
3446 2081 3724 2137 oravimus

2139 2166 2205 2219 ad
2252 2167 2417 2219 Deum
2470 2175 2742 2230 nostrum,
2787 2168 2983 2236 inquit,
3038 2177 3094 2221 et
3137 2171 3429 2225 statuimus
3472 2176 3723 2229 custodes

2139 2272 2304 2327 super
2355 2271 2449 2311 eos
2501 2257 2587 2311 die
2622 2273 2685 2312 ac
2736 2267 2895 2311 nocte
2948 2258 3142 2312 al'acie
3197 2276 3407 2316 eorum.
3468 2262 3533 2316 Et
3583 2264 3723 2318 dixit

448 2350 759 2421 ἐστήσαμεν
803 2352 1162 2423 προφύλακας
1203 2356 1290 2408 ἐπ’
1322 2356 1539 2421 αὐτοὺς,
1580 2356 1796 2427 ἡμέρας
1825 2356 1916 2410 καὶ
1947 2374 2035 2409 νυ·

2136 2348 2303 2425 Ιιιιιίειιι
2328 2367 2342 2403 :
2372 2349 2616 2405 Contrita
2653 2359 2736 2404 est
2766 2350 3029 2405 fortitudo
3064 2351 3409 2407 inimicorum
3444 2365 3498 2408 et
3535 2358 3724 2412 multi-

446 2439 576 2504 κτδς
601 2441 708 2493 ἀπὸ
734 2440 1027 2511 προσώπου
1062 2443 1261 2498 αὐτῶν.
1296 2446 1405 2498 Καὶ
1447 2442 1600 2499 εἶπεν
1633 2446 1867 2510 Ἰούδας·
1901 2449 2037 2500 Συν-

447 2531 637 2603 ετρίϐη
670 2534 701 2605 ή
741 2534 894 2604 ἰσχὺς
922 2516 1031 2589 τών
1061 2536 1291 2608 ἐχθρῶν,
1327 2539 1422 2591 καὶ
1448 2538 1604 2608 ὄχλος
1638 2539 1821 2603 πολύς.
1857 2557 1875 2589 ›
1930 2540 2038 2593 Καὶ

450 2624 732 2694 σεσίγηται
765 2626 863 2696 μὲν
892 2628 951 2679 ἐν
977 2627 1186 2691 τούτοις
1224 2630 1323 2698 τῆς
1347 2629 1594 2693 κοιλάδος
1622 2631 1655 2701 ἠ
1690 2630 1901 2702 μνήμη.
1935 2631 2037 2683 Φέ-

452 2731 532 2787 ρει
560 2715 617 2768 es
646 2715 803 2769 τοῦτο
837 2717 1001 2772 πάλιν
1030 2722 1110 2783 εἰς
1144 2722 1292 2791 ἡμᾶς
1311 2725 1338 2775 ό
1358 2723 1457 2792 τῆς
1478 2719 1828 2794 παραδόσεως
1856 2723 2032 2791 λόγος.

459 2806 781 2879 Ἀξιόχρεως
823 2810 880 2862 δὲ
925 2814 1004 2875 είς
1059 2813 1245 2867 πίστιν
1296 2815 1329 2885 ἠ
1378 2816 1683 2885 προφητεία
1736 2815 1827 2869 καὶ
1876 2818 2039 2871 αὑτὸν

446 2892 579 2969 ἡμῖν
602 2898 693 2953 τὸν
716 2898 809 2953 τοῦ
832 2901 1069 2974 πολέμου
1099 2906 1276 2977 χῶρον
1310 2907 1773 2978 κατονομὰζουσα.
1795 2909 2039 2980 Ταυτησὶ

445 2992 549 3061 τῆς
594 2992 833 3064 ἱστορίας
894 2997 1208 3068 μεμνῆσθαί
1254 3016 1471 3071 φαμεν,
1524 3001 1771 3066 συνάξειν
1812 3003 2038 3071 λέγοντα

2141 2445 2270 2499 tudo
2299 2460 2490 2515 magna
2512 2444 2579 2500 ‘°.
2614 2464 2632 2496 ›
2662 2444 2717 2497 In
2742 2444 2828 2498 his
2857 2444 2999 2498 nulla
3025 2446 3230 2499 mentio
3260 2447 3414 2502 vallis
3439 2448 3719 2518 Josaphat.

2139 2534 2253 2591 Hoc
2306 2544 2486 2590 autem
2536 2538 2602 2590 ad
2651 2551 2751 2589 nos
2813 2535 3104 2591 traditione
3161 2540 3424 2607 pervenit.
3485 2539 3721 2595 Meretur

2139 2644 2355 2698 quoque
2406 2628 2563 2684 tidem
2617 2629 2923 2698 prophetia,
2983 2630 3155 2701 ipsum
3221 2630 3378 2687 nobis
3440 2632 3725 2689 conﬂictus

2140 2721 2315 2775 locum
2356 2721 2667 2777 nominans.
2703 2718 2771 2775 Et
2795 2720 2955 2790 hujus
2980 2722 3225 2777 historia:
3250 2724 3564 2780 meminisse
3600 2738 3726 2795 pru-

2139 2816 2359 2884 phetam
2391 2814 2646 2878 dicimus,
2684 2815 2812 2870 dum
2851 2815 3178 2871 vaticinatur
3224 2817 3391 2872 Deam
3422 2834 3723 2890 congrega-

2143 2918 2325 2962 turum
2355 2908 2407 2962 in
2441 2906 2637 2961 vallem
2677 2905 2936 2977 Josaphat
2967 2923 3157 2963 omnes
3190 2919 3415 2978 gentes:
3444 2922 3550 2966 non
3587 2911 3726 2965 invi-

2140 3007 2223 3052 tas
2262 2999 2381 3052 sine
2416 2996 2583 3052 dubio
2623 2997 3001 3067 congregabit,
3035 2999 3128 3052 sed
3156 3013 3221 3052 eo
3258 2998 3500 3053 volentes
3529 3016 3729 3056 conve-

447 3085 626 3141 πάντα
652 3084 720 3139 τά
757 3086 885 3158 ἔθνη
912 3090 990 3152 εἰς
1027 3090 1126 3161 τὴν
1159 3092 1381 3146 κοιλάδα
1412 3094 1505 3147 τοῦ
1530 3095 1821 3165 Ἰωσαφάτ.
1869 3095 2035 3167 Δῆλον

2141 3092 2258 3145 nire
2291 3106 2397 3144 non
2427 3087 2765 3157 prohibebit,
2804 3099 2865 3143 ut
2900 3104 3020 3143 cum
3054 3089 3160 3144 illis
3190 3090 3453 3159 disceptet
3477 3091 3638 3163 235
3661 3092 3728 3148 de

446 3168 503 3228 δὲ
536 3175 617 3228 ὅτι
645 3178 744 3230 οὐκ
766 3177 971 3231 ἄκοντα
1002 3178 1141 3245 ἄξει,
1170 3181 1285 3235 ἀλλ’
1312 3184 1395 3236 ὅτι
1427 3182 1724 3255 βουλόμενα
1768 3186 1941 3239 ἐλθεῖν
1974 3186 2035 3239 οὐ

2143 3182 2306 3237 Israel
2353 3190 2408 3234 et
2452 3180 2772 3235 haereditate
2807 3196 2925 3248 sua,
2959 3196 3123 3250 quam
3155 3182 3462 3248 diviserint,
3499 3184 3727 3255 Babylo-

448 3265 703 3320 κωλύσει.
749 3270 1206 3343 Διακριθήσεσθαι
1254 3274 1311 3328 δέ
1360 3276 1495 3347 πρὸς
1545 3277 1719 3331 ταῦτα
1769 3281 1897 3350 περὶ
1941 3278 2035 3331 τοῦ

2146 3275 2358 3329 niorum
2395 3273 2653 3343 reliquias
2697 3272 3041 3341 diripieules,
3076 3277 3263 3335 credo,
3298 3286 3351 3329 et
3394 3279 3729 3344 temporibus

460 3350 696 3432 Ἰσραὴλ,
733 3360 827 3413 καὶ
859 3362 958 3433 τῆς
990 3364 1185 3418 ἑαυτοῦ
1228 3364 1616 3439 κληρονομίας,
1652 3370 1722 3440 ἢν
1768 3371 2035 3424 καταδιεί-

2145 3366 2359 3419 miseris
2417 3378 2511 3418 eos
2572 3362 2920 3426 adorientes,
2980 3372 3033 3417 et
3090 3380 3286 3433 pueros
3350 3369 3729 3424 meretricibus

446 3449 608 3505 λαντο
655 3454 1050 3527 διαρπάζοντές
1101 3475 1204 3512 που
1255 3459 1397 3529 τάχα
1428 3461 1497 3514 τά
1543 3462 1651 3515 τῶν
1681 3462 2035 3518 Βαϐυλωνίων

2140 3457 2429 3519 donantes,
2468 3463 2761 3522 partesque
2796 3453 3045 3522 corporis
3088 3456 3427 3509 verecundas
3454 3459 3727 3514 inusitatis

448 3537 695 3612 λείψανα,
732 3548 827 3599 καὶ
873 3549 931 3601 ἐν
960 3547 1138 3620 καιρῷ
1167 3548 1267 3618 τῆς
1292 3549 1668 3622 ταλαιπωρίας
1702 3552 2035 3607 συνεπιτιθέ-

2137 3547 2341 3616 stupris
2388 3545 2744 3615 ohjicientes,
2787 3553 2841 3597 et
2886 3555 3140 3615 tanquam
3192 3551 3449 3604 nundinis
3491 3551 3724 3606 aliorum

451 3653 637 3707 μενοι,
673 3640 767 3693 καὶ
812 3642 1041 3711 πόρναις
1093 3642 1194 3714 μὲν
1236 3643 1306 3697 τά
1354 3644 1615 3714 παιδάρια
1666 3647 2035 3718 χαριζόμενοι,

2138 3638 2349 3694 libidini
2383 3636 2704 3701 vendentes,
2747 3636 2980 3706 indeque
3018 3636 3073 3692 in
3103 3638 3291 3709 epulas
3328 3650 3383 3696 et
3425 3642 3727 3700 ebrietates

449 3732 740 3802 προθέντες
779 3733 835 3787 δὲ
880 3733 951 3787 τὰ
992 3733 1155 3804 κόρια
1191 3736 1328 3805 πρὸς
1360 3735 1606 3808 ἀσυνήθη
1641 3738 1915 3808 πορνείαν,
1946 3739 2035 3793 καὶ

2138 3741 2416 3801 sumptum
2444 3727 2780 3796 colligentes.

447 3820 559 3876 οἷον
633 3825 1104 3898 ἐκκαπηλεύοντες
1179 3829 1300 3891 ταῖς
1361 3827 1565 3899 ἐτέρων
1632 3830 1955 3899 ἀσελγίαις,
2032 3827 2153 3886 εἶτα
2209 3826 2335 3889 τοὺς
2395 3821 2646 3877 ἐντεῦθεν
2712 3820 2940 3893 μισθοὺς
2987 3822 3067 3886 εἰς
3112 3822 3319 3896 τροφὰς
3385 3824 3479 3879 καὶ
3551 3824 3725 3898 μέθας

449 3914 817 3987 συλλέγοντες.

517 4002 697 4080 Φαμὲν
744 4010 801 4063 δέ
844 4028 896 4065 τι
917 4011 1025 4065 ’καὶ
1063 4012 1147 4081 ἐφ’
1178 4010 1335 4084 ἡμῶν
1366 4013 1607 4066 τοιοῦτον
1637 4014 1910 4083 γενέσθαι,
1942 4015 2035 4088 τὴν

2208 4000 2327 4058 Non
2368 3998 2634 4055 dissimile
2662 3994 2920 4070 quiddam
2956 4009 3012 4055 et
3042 4000 3095 4055 in
3130 4000 3287 4059 nobis
3328 4000 3531 4063 factum
3567 4004 3719 4067 alIir-

447 4094 535 4155 διά
554 4102 791 4173 Χριστοῦ
812 4102 1079 4174 λύτρωσιν
1104 4104 1499 4175 ἐννενοηκότες.
1520 4104 1783 4169 Ἑξείλετο
1810 4106 1909 4177 μὲν
1931 4107 2035 4176 γὰρ

2137 4109 2289 4152 mare
2318 4103 2635 4165 possdmus,
2670 4106 2795 4147 cum
2842 4093 3273 4164 redemptionem
3321 4093 3524 4156 Christi
3578 4107 3726 4176 cogi-

448 4187 595 4264 ἡμᾶς
623 4194 1004 4265 αἰχμαλώτους
1031 4195 1213 4262 ὄντας,
1246 4198 1340 4251 καὶ
1370 4198 1476 4250 ὑπὸ
1496 4197 1748 4269 τυράννῳ
1772 4198 2035 4269 πράττον-

2137 4198 2334 4243 tamus.
2360 4185 2614 4255 Captivos
2643 4184 2787 4238 enim
2823 4199 2944 4250 nos,
3005 4195 3060 4241 et
3085 4195 3346 4259 tyranno,
3384 4191 3716 4263 importuno,

446 4302 565 4350 τας,
582 4286 785 4358 πικρῷ,
808 4281 970 4358 φημὶ,
1004 4287 1067 4359 δὴ
1092 4284 1169 4359 τῷ
1196 4290 1430 4361 Σατανᾷ,
1459 4289 1757 4361 ἀνεκόμισε
1774 4289 1831 4343 δέ
1848 4290 2035 4363 ὥσπερ

2136 4281 2386 4351 inquam,
2416 4277 2634 4333 Satanae
2656 4276 2900 4333 subditos
2928 4278 3149 4350 eripuit,
3170 4291 3223 4336 et
3250 4284 3406 4353 quasi
3436 4286 3487 4339 in
3522 4298 3720 4343 terrain

449 4379 527 4439 si;
573 4372 677 4448 γῆν
718 4370 901 4445 ἁγίαν,
932 4372 1013 4443 εἰς
1057 4379 1333 4434 πολιτείαν
1380 4379 1765 4452 εὐαγγελικὴν,
1792 4382 1873 4445 είς
1919 4380 2032 4445 ἕξιν

2138 4381 2383 4427 sanctam
2412 4369 2649 4435 reduxit,
2687 4369 2754 4424 ad
2786 4370 2953 4424 "vitam
3005 4374 3397 4444 evangelieam,
3441 4373 3507 4432 ad
3563 4375 3723 4438 habi-

449 4469 885 4541 εὐμαθεστάτην,
915 4472 995 4534 είς
1026 4471 1182 4524 πόλιν
1224 4470 1636 4545 τετειχισμένην
1684 4472 1787 4544 τὴν
1833 4472 2031 4544 νοητὴν

2139 4471 2251 4514 tum
2282 4469 2337 4515 et
2368 4475 2567 4525 mores,
2609 4474 2840 4529 quorum
2884 4457 3141 4518 facillima
3196 4477 3281 4521 est
3330 4470 3564 4539 cognitic
3592 4510 3607 4537 ,
3654 4475 3719 4527 ad

462 4559 853 4632 Ἰερουσαλὴμ,
896 4561 1017 4632 ἥτις
1080 4564 1228 4615 ἐστὶν
1278 4563 1580 4635 Ἐκκλησία
1628 4562 1764 4617 Θεοῦ
1813 4563 2035 4630 ζῶντος,

2140 4554 2329 4607 urbem
2366 4567 2526 4606 muro
2552 4552 2822 4615 cinctam,
2865 4569 3057 4608 novam
3091 4552 3393 4613 Jerusalem
3416 4601 3432 4623 ,
3484 4578 3604 4631 quae
3637 4577 3721 4620 est

456 4671 475 4704 ι
499 4652 909 4724 Οἰκοδομεῖσθαι
939 4656 1384 4725 παρασκευάσας,
1407 4655 1482 4719 ὡς
1510 4650 1692 4720 λίθους
1720 4656 1932 4727 τιμίους
1957 4657 2035 4720 εἰς

2136 4644 2382 4700 Ecclesia
2415 4646 2519 4701 Dei
2548 4647 2781 4703 viventis
2811 4687 2827 4713 ,
2876 4661 3032 4719 aptos
3090 4653 3321 4709 reddens
3371 4666 3429 4710 ut
3464 4666 3720 4729 tanquam

448 4740 574 4797 ναὸν
621 4740 799 4812 ἅγιον,
831 4746 913 4809 είς
959 4747 1380 4819 κατοικητήριον
1427 4746 1563 4801 Θεοῦ
1594 4742 1652 4801 ἐν
1684 4745 1977 4819 πνεύματι.
2009 4765 2031 4802 ι

2136 4735 2340 4805 lapides
2376 4737 2601 4807 pretiosi
2650 4735 2694 4769 “
2800 4739 3313 4809 Superaedtlicentur
3362 4746 3414 4801 in
3461 4752 3720 4818 templum

461 4835 623 4890 Ἀλλά
668 4840 780 4902 τοῖς
829 4839 893 4892 ἐκ
946 4837 1244 4909 βασκανίας
1292 4840 1474 4905 πόνοις
1516 4841 1551 4912 ή
1593 4840 1704 4894 τῶν
1744 4834 2035 4912 δαιμονίων

450 4928 753 4999 ἀνεφλέχθη
796 4928 987 4982 ἀνοσία
1030 4928 1259 5003 πληθὺς,
1294 4928 1389 4987 καὶ
1423 4931 1605 5003 μέντοι
1657 4930 1793 5002 πρὸς
1822 4932 2034 4996 τούτοις

447 5022 498 5075 οι
529 5023 642 5085 τοῖς
668 5021 899 5093 δόγμασι
931 5023 1029 5093 τῆς
1066 5023 1323 5095 ἀληθείας
1361 5024 1681 5095 μαχόμενοι,
1713 5020 1897 5078 πολλοὶ
1932 5024 2032 5095 μὲν

447 5110 547 5173 τὰς
578 5110 720 5164 κατά
756 5110 866 5165 τῶν
915 5111 1085 5180 ἁγίων
1132 5112 1354 5181 ἐφόδους
1385 5112 1729 5185 πεποίηνται,
1766 5108 2033 5184 ἠδίκησαν

447 5199 503 5255 δέ
552 5201 709 5255 οὐδὲν
759 5202 1189 5273 προασπίζοντος
1225 5200 1383 5269 Θεοῦ,
1425 5201 1935 5277 παραθαρσύνοντος
1976 5203 2033 5257 δὲ

446 5292 709 5365 Χριστοῦ,
743 5296 837 5348 καὶ
881 5294 1153 5364 λέγοντος,
1189 5288 1368 5366 θλίψιν
1417 5296 1566 5364 ἕξετε
1608 5298 1666 5349 ἐν
1706 5295 1782 5367 τῷ
1821 5296 2031 5367 κόσμῳ,

446 5382 585 5440 ἀλλὰ
624 5403 643 5437 ι
671 5386 957 5457 Θαρσεῖτε,
982 5386 1096 5457 ἐγὼ
1125 5389 1388 5460 νενίκηκα
1418 5390 1507 5443 τὸν
1537 5390 1761 5461 κόσμον.
1794 5409 1812 5441 ι
1836 5387 2035 5452 Ὕθλος

451 5477 551 5547 μὲν
595 5479 749 5551 παρά
791 5483 905 5544 τοῖς
933 5481 1211 5545 Ἰουδαίοις
1258 5482 1479 5554 σαθρὸς,
1508 5484 1603 5536 καὶ
1649 5481 1923 5554 γραώδης,
1958 5481 2035 5545 ώς

448 5568 599 5625 ἔσται
647 5571 791 5626 κατὰ
837 5574 1063 5644 καιροὺς
1111 5575 1169 5628 ἐν
1221 5576 1286 5647 τῇ
1341 5574 1545 5629 κοιλάδι
1577 5574 1670 5628 τοῦ
1694 5574 1963 5643 Ἰωσαφάτ
1999 5575 2033 5644 ἡ

448 5661 601 5735 παρὰ
628 5661 765 5717 Θεοῦ
808 5665 949 5720 κατὰ
990 5665 1207 5721 πάντων
1241 5664 1445 5738 κρίσις,
1477 5667 1615 5739 μετά
1642 5666 1703 5720 τὸ
1737 5656 2034 5721 ἀναϐιῶναι

2134 4839 2405 4895 sanctum,
2438 4829 2492 4884 in
2528 4829 2903 4885 habitaculum
2936 4831 3051 4896 Dei,
3091 4834 3145 4887 in
3180 4834 3389 4905 Spiritu
3415 4838 3482 4894 “.
3533 4858 3553 4891 ι
3611 4844 3720 4897 Sed

2136 4920 2353 4976 invidia:
2384 4921 2659 4975 doloribus
2685 4922 2917 4980 nefanda
2946 4925 3251 4982 daemonum
3288 4930 3445 4985 tttrba
3473 4933 3716 4998 incensa.

2137 5020 2301 5083 atque
2326 5011 2549 5083 insuper
2595 5015 2910 5085 dogmatum
2951 5018 3197 5074 veritatis
3241 5021 3546 5079 adversarii
3591 5041 3714 5080 cre-

2138 5106 2264 5161 bras
2296 5105 2350 5160 in
2381 5115 2600 5162 sanctos
2638 5108 2978 5165 incursiones
3014 5110 3303 5180 fecerunt;
3356 5115 3491 5170 nihil
3529 5127 3710 5175 tamen

2139 5197 2209 5252 iis
2248 5207 2575 5265 nocuerunt,
2600 5197 2712 5255 Deo
2754 5211 3079 5272 protegente
3118 5212 3174 5260 et
3206 5205 3427 5263 Christo
3456 5209 3713 5268 ﬁduciam

2132 5286 2417 5355 afferente,
2458 5290 2565 5346 illis
2610 5292 2835 5348 verbis:
2872 5312 2892 5347 ι
2950 5294 3239 5364 Coniidite,
3268 5301 3403 5370 quia
3463 5317 3564 5373 ego
3605 5306 3709 5359 vici

2134 5384 2394 5438 mundum
2441 5376 2507 5440 ".
2550 5402 2569 5437 ι
2632 5376 2849 5441 Frivola
2892 5397 2947 5443 et
2992 5389 3157 5444 anilia
3211 5402 3340 5447 sunt
3385 5409 3506 5462 qua:
3569 5399 3710 5467 apud

2134 5474 2357 5532 Judaaos
2386 5477 2850 5534 circumferuntur
2878 5519 2895 5544 ,
2946 5481 3076 5537 olim
3123 5483 3177 5538 in
3232 5484 3370 5540 valle
3405 5485 3666 5557 Josaphat
3694 5528 3711 5553 ,

2133 5571 2222 5623 ubi
2263 5571 2459 5626 mortui
2494 5571 2545 5625 in
2583 5572 2751 5626 vitam
2804 5574 3090 5640 redierint,
3142 5576 3308 5632 Deum
3357 5580 3425 5634 de
3455 5585 3718 5639 omnibus

2128 5660 2393 5730 judicium
2426 5663 2775 5733 habiturum,
2835 5676 2890 5721 et
2913 5676 3184 5739 quotquot
3229 5671 3331 5727 sub
3372 5672 3513 5728 ctelo
3555 5684 3712 5744 sunt,

528 5839 573 5873 "’
605 5841 623 5895 Ι
654 5839 810 5895 Esdr.
852 5858 926 5909 tv,
962 5842 1069 5899 1-5.
1146 5844 1189 5875 ⁸ο
1216 5843 1257 5899 ll
1293 5843 1445 5898 Esdt'.
1478 5859 1547 5909 ιν,
1579 5842 1625 5895 7-
1650 5842 1729 5897 10.
1809 5844 1848 5876 ⁶¹
1888 5840 2035 5899 chlt

2136 5860 2166 5914 ι,
2201 5845 2253 5901 5.
2331 5845 2375 5878 ⁶¹
2410 5846 2609 5919 Ephes.
2644 5864 2701 5915 ιι,
2733 5846 2823 5917 21,
2852 5849 2942 5908 22.
3020 5853 3065 5885 ⁸³
3099 5851 3255 5911 Joan.
3291 5869 3407 5924 ιιι,
3463 5854 3553 5911 55.
