4132 6370
442 365 544 424 39!

1427 360 1488 417 S.
1530 353 1804 414 CYRILLI
1845 346 2314 407 ALEXANDBINI
2352 343 2675 402 ARCHIEP.

3599 344 3704 400 592

451 490 519 544 de
565 484 650 542 his
686 497 807 554 qua
841 481 1127 536 adversum
1169 483 1315 552 ipsos
1345 477 1807 552 perpetraverint,
1846 474 2012 530 ratio-

2131 467 2238 531 τοὺς
2286 464 2533 537 νεκρούς.
2563 464 2779 519 Οῐονται
2822 462 2879 519 δὲ
2928 463 3010 519 ὅτι
3059 463 3172 518 τῶν
3203 464 3284 528 είς
3313 463 3508 530 αὐτοὺς
3541 465 3705 524 ἕνεκα

440 593 566 637 nem
604 575 909 631 reddituros
938 572 1005 628 “.
1037 572 1167 638 Quae
1210 572 1464 643 cogitatio
1511 571 1626 627 fieri
1671 567 1856 638 nequit
1887 567 2017 635 quin

443 668 672 726 ridicula
705 667 794 732 sit,
824 664 1257 736 quandoquidem
1291 663 1552 719 divinitus
1575 651 1834 731 inspirata
1870 656 2021 712 Scri-

445 774 603 836 ptura
663 758 1004 832 prophetiam
1060 756 1382 827 completam
1408 772 1530 814 esse
1555 755 1706 819 dicit,
1739 763 1795 808 et
1840 765 2018 822 pugna

439 850 730 908 commissa
755 850 808 903 in
836 847 972 903 valle
998 845 1285 918 Josaphat,
1323 861 1354 902 a
1386 845 1584 900 vicinis
1615 843 1867 915 gentibus
1898 853 2017 910 pte-

445 957 545 1000 nas
579 951 816 998 exactas.
850 937 1132 994 lrruerunt
1160 938 1331 1002 enim,
1385 946 1443 991 ut
1469 936 1605 1000 disi,
1650 935 1704 990 in
1761 930 2019 1004 reliquias

445 1035 682 1099 lsraelis,
731 1033 981 1103 quamvis
1003 1029 1196 1100 iactati
1229 1029 1488 1085 aerumnis
1529 1028 1686 1098 longe
1726 1023 2014 1097 plurimis;

445 1125 754 1196 Babyloniis
798 1121 1064 1179 siouidem
1097 1123 1149 1176 in
1185 1121 1507 1178 servitutem
1555 1118 1788 1174 traditus
1814 1117 2017 1174 fuerat.

515 1387 682 1443 Vsus.
722 1385 845 1443 4-6.
884 1382 1188 1455 thuidem
1219 1382 1344 1454 quid
1375 1382 1504 1436 mihi
1525 1390 1574 1437 et
1611 1381 1775 1447 vobis,
1823 1380 2018 1452 Tyrus,

443 1492 492 1535 et
518 1478 705 1544 Sidon,
725 1489 774 1532 et
796 1477 963 1532 omnis
989 1475 1220 1532 Galittea
1258 1475 1681 1544 alienigenarum
1704 1474 1731 1528 2
1760 1471 2020 1544 Nunquid

447 1571 837 1626 retributionem
866 1585 952 1622 vos
975 1568 1264 1622 retribuitis
1287 1565 1442 1631 mihi,
1469 1576 1561 1620 aut
1601 1565 1740 1645 iram
1766 1565 1820 1619 in
1861 1565 2021 1620 corde

447 1664 678 1718 retinetis
704 1661 874 1715 mihi?
917 1658 1176 1714 Velociter
1193 1667 1241 1712 et
1263 1658 1367 1712 cito
1390 1656 1605 1711 reddam
1626 1655 2020 1711 retributionem

446 1767 672 1811 uestram
711 1754 768 1806 in
834 1753 1009 1819 capita
1059 1760 1252 1806 uestra.
1305 1746 1412 1802 Pro
1458 1765 1519 1802 eo
1562 1747 1704 1818 quod
1743 1757 2018 1818 argentum

445 1864 620 1902 meum
650 1854 700 1902 et
731 1861 922 1899 aurum
949 1859 1121 1898 meum
1151 1841 1370 1904 tulistis,
1395 1851 1443 1894 et
1467 1839 1630 1895 electa
1653 1856 1788 1902 mea,
1813 1849 1862 1893 et
1885 1838 2020 1892 bona
2053 1823 2096 1878 Β

445 1940 700 1994 intulistis
727 1937 784 1992 in
803 1935 996 2003 templa
1036 1943 1228 1989 vestra.
1257 1931 1428 1986 Filios
1456 1929 1624 1993 Juda,
1664 1939 1714 1983 et
1755 1929 1895 1998 ﬁlios
1937 1929 2024 1984 Je-

449 2030 678 2086 rusalem
701 2027 1010 2084 uendidistis
1047 2026 1173 2092 ﬁliis
1205 2023 1368 2096 236
1408 2020 1734 2087 Graecorum,
1761 2029 1818 2074 ut
1863 2019 2023 2085 εἰὶσε-

451 2123 580 2178 retis
617 2137 705 2176 eos
733 2135 798 2176 ea:
824 2119 1021 2187 ﬁnibus
1055 2118 1187 2170 suis.

522 2295 764 2352 XXXIX.
816 2295 1020 2351 Omnes
1055 2294 1238 2364 itaque
1283 2300 1475 2363 gentes
1525 2299 1712 2346 contra
1767 2285 2023 2344 lsraelem

447 2390 763 2462 congregati
794 2398 939 2453 sunt,
971 2386 1239 2450 Moabitae,
1275 2383 1493 2440 Idumaei
1524 2392 1578 2439 et
1600 2380 1860 2444 Jebusati,
1895 2378 2027 2434 Am-

453 2485 670 2540 tnonitzn
698 2489 754 2536 et
782 2479 1022 2550 reliquae.
1049 2476 1218 2548 Hujus
1255 2476 1471 2532 consilii
1507 2483 1563 2530 et
1585 2472 1848 2527 facinoris
1869 2479 2022 2525 ante-

449 2575 710 2644 signanos
771 2571 935 2626 fuisse
987 2585 1109 2625 reor
1155 2570 1544 2634 Datnascenos,
1581 2563 1797 2636 Tyrios,
1844 2571 1899 2614 et
1932 2560 2027 2630 qui

453 2664 868 2735 appellabantur
905 2661 1223 2725 Philistiim,
1252 2669 1306 2713 et
1331 2671 1505 2726 usque
1555 2657 1621 2709 ad
1657 2656 1827 2725 ipsam
1861 2651 2026 2717 Geth,

455 2772 574 2826 quae
603 2753 1028 2824 alienigenarum
1090 2753 1310 2807 dicitur.
1349 2747 1616 2816 Quocirca
1673 2748 1752 2803 sic
1781 2760 1876 2801 eos
1901 2744 2027 2797 uni-

455 2860 736 2900 versorum
770 2844 913 2899 Deus
932 2843 1128 2898 affatur
1163 2858 1178 2896 z
1215 2859 1234 2894 ι
1293 2840 1432 2908 Quid
1477 2837 1610 2893 mihi
1640 2847 1696 2892 et
1718 2835 1892 2901 vobis,
1921 2833 2030 2905 Ty—

457 2955 571 3005 rus,
605 2947 658 2994 et
684 2937 876 3000 Sidon,
903 2945 958 2990 et
1001 2933 1180 2990 omnis
1207 2931 1433 2988 Galilaa
1481 2929 1908 2998 alienigenarum
1936 2925 1961 2979 ?
2003 2942 2024 2978 ι

453 3031 605 3098 Quas
638 3031 788 3084 enim
839 3026 1158 3083 occasiones
1204 3023 1460 3088 feritatis,
1505 3020 1697 3090 inquit,
1743 3019 2028 3084 habentes,

453 3137 696 3179 :erumna
747 3133 994 3190 pressum
1050 3116 1333 3179 lsraeletn,
1390 3125 1446 3169 et
1483 3129 1512 3167 a
1563 3109 1874 3180 Babyloniis
1921 3124 2025 3163 non

457 3214 772 3284 vulgaribus
805 3209 1160 3266 incommodis
1193 3216 1476 3262 oneratum
1529 3205 1795 3260 scelerate
1842 3203 2027 3272 oppri-

460 3308 626 3370 tnitis,
656 3316 712 3360 et
735 3305 932 3359 acerbe
973 3301 1050 3357 illi
1088 3299 1437 3364 insultantes,
1486 3306 1543 3352 et
1591 3310 1678 3350 me
1732 3294 1871 3348 forte
1910 3292 2034 3348 irri-

457 3399 650 3454 dentes
689 3395 1126 3467 qnodsmmodo,
1151 3393 1240 3462 qui
1269 3405 1394 3445 eum
1442 3387 1664 3444 servavi
1709 3397 1765 3441 et
1794 3385 2030 3452 defendi,

460 3506 526 3545 ac
553 3487 765 3558 probris
797 3501 900 3539 non
923 3484 1235 3538 dubitantes
1265 3481 1528 3539 lacerare,
1554 3477 1664 3530 into
1687 3491 1818 3530 vero
1854 3474 2029 3543 reipsa

464 3579 673 3634 afficere
692 3593 713 3632 ι
747 3575 923 3643 Quare
951 3573 1101 3629 brevi
1136 3572 1395 3626 ultionem
1445 3567 1743 3638 recipietis,
1771 3575 1824 3621 et
1855 3565 2033 3620 veniet

463 3673 614 3726 vobis
653 3671 704 3724 in
731 3677 892 3738 caput
933 3675 1172 3720 vestrum
1202 3680 1222 3731 ;
1272 3675 1461 3733 poenas
1491 3659 1636 3714 enim
1669 3657 1801 3712 mihi
1842 3656 2029 3712 vobis—

463 3761 586 3818 cum
628 3763 683 3817 in
716 3759 857 3815 valle
887 3756 1154 3827 Josaphat
1187 3755 1556 3825 disceptaturo
1598 3749 1867 3820 pendetis.
1921 3746 2035 3803 Ac-

458 3860 618 3908 cusat
651 3860 829 3904 autem
868 3863 980 3910 eos,
1015 3855 1073 3900 ut
1107 3845 1196 3915 qui
1252 3842 1425 3898 electa
1475 3840 1657 3911 templi
1688 3839 2032 3909 diripuerint,

460 3949 522 3992 et
551 3951 714 3991 aurea
733 3949 862 3990 vasa
890 3933 1253 4003 compilarint,
1280 3942 1446 4001 atque
1468 3931 1535 3985 ad
1556 3943 1778 3985 suorum
1809 3929 2034 3983 deorum

460 4031 726 4083 honorem
763 4025 1154 4082 dedieaverint.
1181 4022 1582 4077 lntolerandum
1635 4036 1820 4092 porro,
1869 4029 1924 4076 et
1953 4020 2038 4074 di-

463 4137 587 4176 rum
636 4117 906 4188 negOtium
931 4156 946 4182 ,
1003 4125 1058 4171 et
1099 4115 1241 4186 quod
1275 4116 1408 4170 satis
1453 4115 1524 4168 sit
1549 4113 1614 4169 ad
1658 4112 2034 4168 oﬂ‘endendum

461 4213 656 4278 Deum,
694 4209 849 4279 cujus
876 4209 966 4264 illa
1001 4224 1100 4263 vox
1127 4225 1146 4263 :
1181 4227 1200 4260 ι
1238 4207 1480 4262 Gloriam
1510 4221 1685 4261 meam
1729 4206 1886 4261 alteri
1923 4221 2034 4260 non

466 4305 626 4367 dabo,
675 4317 850 4372 neque
899 4300 1112 4355 laudem
1173 4313 1347 4353 meam
1389 4297 1548 4356 idolis
1569 4298 1637 4352 “.
1665 4316 1688 4350 ο
1721 4296 1859 4364 Quid
1887 4297 2034 4352 enim

460 4397 609 4450 aliud
637 4394 799 4450 fuerit
829 4393 1194 4447 sacrosanctis
1215 4392 1584 4444 anathematls
1603 4390 1868 4446 idolorum
1907 4388 2031 4444 fana

2119 558 2422 628 γεγονότων
2467 558 2752 612 άποτιοῢσι
2779 557 2992 627 λόγους,
3019 558 3068 612 oi
3099 556 3237 611 κατὰ
3270 559 3450 611 πᾶσαν
3478 558 3576 629 τὴν
3611 559 3704 612 ὐπ’

2119 648 2370 722 οὐρανόν.
2389 649 2704 720 Ἀμοιρήσει
2726 647 2771 701 δ’
2801 648 2866 702 ἂν
2894 647 3144 719 οὐδαμῶς
3165 647 3258 701 τοῦ
3287 646 3548 716 γελᾶσθαι
3573 648 3706 720 πρέ-

2119 757 2245 794 πειν
2269 739 2331 794 τὸ
2356 739 2647 811 ἐνθύμημα
2682 741 2887 804 αὐτοῖς,
2922 741 3024 808 τῆς
3071 739 3430 793 θεοπνεύστου
3477 739 3704 810 Γραφῆς

2118 833 2188 887 τά
2228 833 2326 903 τῆς
2370 833 2707 904 προφητείας
2735 832 3143 904 ὲκπεπεράνθαι
3174 831 3462 903 λεγούσης,
3495 833 3587 886 καὶ
3619 833 3704 888 ὅτι

2119 924 2274 987 δίκας
2307 923 2594 994 ὲξῂτηνται
2641 925 2791 996 παρὰ
2833 924 2970 979 Θεοῦ
3002 923 3069 977 τὰ
3101 925 3351 996 περίοικα
3375 924 3486 979 τῶν
3509 923 3702 988 ἐθνῶν,

2119 1016 2213 1069 τοῦ
2265 1015 2502 1086 πολέμου
2543 1016 2830 1085 γεγονότος
2857 1018 2917 1072 ἐν
2953 1019 3019 1088 τῇ
3059 1016 3263 1072 κοιλάδι
3293 1015 3386 1070 τοῦ
3411 1017 3701 1085 Ἰωσαφάτ.

2134 1108 2511 1180 Ἐπέθρωσκεν
2529 1109 2658 1180 γὰρ,
2676 1109 2751 1172 ὡς
2763 1109 2919 1179 ἔφην,
2939 1111 3052 1172 τοῖς
3067 1109 3337 1178 λειψάνοις
3353 1109 3445 1165 τοῦ
3467 1107 3701 1180 Ἰσραὴλ,

2120 1202 2296 1257 καίτοι
2339 1201 2597 1271 πλείστην
2642 1201 2774 1271 ὅσην
2821 1199 3150 1264 ἀνατλάντος
3195 1198 3590 1267 ταλαιπωρίαν,
3615 1199 3702 1252 δέ·

2120 1293 2302 1348 δονται
2332 1293 2440 1366 γὰρ
2467 1294 2580 1356 τοῖς
2607 1291 2998 1356 Βαϐυλωνίοις.

2189 1385 2302 1439 Kal
2327 1403 2395 1452 τε
2427 1384 2484 1438 τι
2510 1385 2640 1454 ἐμοὶ
2681 1383 2782 1438 καὶ
2808 1383 2970 1453 ὑμῖν,
2998 1384 3199 1456 Τύρος,
3233 1383 3329 1438 καὶ
3364 1383 3572 1447 Σιδὼν,
3605 1385 3704 1437 καὶ

2119 1477 2290 1534 πᾶσα
2355 1478 2654 1532 Γαλιλαία
2717 1476 3128 1547 ἀλλοφύλων;
3181 1476 3268 1546 μὴ
3322 1478 3707 1546 ἀνταπόδομα

2118 1571 2288 1640 ὑμεῖς
2316 1567 2748 1624 ἀνταποδιδοτέ
2780 1587 2905 1640 μοι,
2935 1567 2975 1638 ἢ
3005 1568 3471 1639 praemunita;
3502 1569 3707 1634 Ὁξέως

2121 1663 2220 1719 καὶ
2250 1661 2475 1732 ταχέως
2497 1659 2905 1717 ἀνταποδώσω
2929 1660 2994 1714 τὸ
3019 1660 3407 1731 ἀνταπόδομα
3430 1659 3598 1731 ὑμῶν
3617 1663 3706 1726 εἰς

2122 1753 2390 1823 κεφαλὰς
2434 1752 2783 1826 ὐμῶν.Ἆνᾷ’
2813 1747 2901 1806 ὧν
2927 1751 2995 1806 τὸ
3025 1753 3310 1822 ἀργύριόν
3334 1770 3476 1822 μου,
3507 1752 3604 1806 καὶ
3637 1753 3705 1806 τὸ

2123 1846 2382 1917 χρυσίον
2412 1862 2534 1915 μου
2578 1843 2840 1912 ἐλάϐετε,
2880 1845 2981 1900 καὶ
3011 1847 3085 1899 τὰ
3111 1843 3398 1900 ἐπίλεκτά
3431 1861 3570 1913 μου,
3605 1843 3705 1898 καὶ

2122 1940 2195 1992 τὰ
2221 1936 2378 1991 καλὰ
2405 1935 2780 2007 είσενέγκατε
2818 1940 2906 2002 εις
2934 1937 3078 2004 τοὺς
3105 1936 3292 2002 ναοὺς
3323 1936 3507 2005 ὑμῶν.
3555 1935 3701 2003 Τοὺς

2122 2028 2291 2095 υἱοὺς
2324 2027 2530 2093 Ἰούδα,
2559 2027 2658 2081 καὶ
2688 2027 2830 2094 τοὺς
2858 2027 3029 2095 υἱοὺς
3059 2026 3446 2096 Ἰερουσαλὴμ
3487 2024 3704 2080 ἀπέδο-

2119 2124 2235 2174 σθε
2261 2118 2385 2186 τοῖς
2411 2118 2562 2185 υίοῖς
2594 2117 2714 2173 τῶν
2757 2119 3087 2188 Ἑλλήνων,
3116 2118 3276 2186 ὅπως
3307 2117 3575 2187 ὲξώσητε
3602 2119 3708 2172 ait-

2125 2210 2266 2278 τοὺς
2289 2211 2358 2264 ἐκ
2391 2210 2509 2264 τῶν
2535 2211 2716 2279 ὁρίων
2746 2209 2966 2266 αὐτῶν.

2194 2302 2317 2360 ΔΘ’.
2359 2302 2548 2366 Ἔθνος
2591 2303 2690 2372 μὲν
2734 2298 2828 2357 οὖν
2865 2302 3010 2357 ἅπαν
3040 2300 3184 2356 κατὰ
3214 2300 3310 2356 τοῦ
3332 2299 3549 2372 Ἰσραὴλ
3579 2316 3708 2355 συν-

2125 2399 2428 2470 αγήγερται
2449 2435 2463 2460 ,
2489 2395 2796 2459 Μωαϐῖται,
2813 2395 3121 2466 Ἰδουμαῖοι,
3141 2395 3304 2449 Ἰεϐου
3313 2397 3473 2458 σαῖοι,
3491 2394 3710 2466 Ἀμμαο

2123 2494 2288 2554 visat,
2317 2488 2415 2544 καὶ
2441 2489 2489 2542 οἱ
2517 2488 2714 2545 λοιποί.
2753 2487 3037 2558 Κατάρξαι
3067 2487 3144 2550 δὲ,
3166 2483 3341 2556 οἶμαι,
3369 2485 3586 2557 βουλῆς,
3613 2484 3710 2538 καὶ

2126 2579 2540 2653 ἐγχειρημάτων
2586 2579 3002 2650 Δαμασκηνοὺς,
3029 2578 3125 2632 καὶ
3153 2577 3409 2649 Τυρίους.
3441 2575 3539 2629 καὶ
3585 2574 3711 2636 τοὺς

2127 2672 2496 2742 καλουμένους
2526 2669 2852 2740 Φιλιστιεὶμ,
2878 2669 2971 2723 καὶ
3001 2669 3194 2740 μέχρις
3219 2667 3388 2737 αὐτῆς
3435 2667 3540 2737 τῆς
3581 2666 3706 2730 Γὲτ,

2125 2763 2247 2835 ἥτις
2292 2763 2536 2816 καλεῖται
2585 2762 2681 2820 καὶ
2734 2759 3067 2830 ἀλλοφύλων.
3103 2761 3390 2830 Τοιγάρτοι
3435 2758 3530 2812 καὶ
3576 2757 3713 2830 πρὸς

2127 2854 2324 2917 αὐτοὺς
2370 2856 2399 2908 ό
2446 2853 2554 2907 τῶν
2611 2853 2749 2907 ὅλων
2785 2851 2948 2916 Θεός·
2987 2870 3006 2904 ι
3039 2851 3148 2907 Καὶ
3192 2851 3244 2903 τί
3281 2849 3405 2921 ἐμοὶ
3449 2851 3540 2902 καὶ
3584 2849 3712 2920 ὑμῖν

2128 2944 2322 3018 Τύρος,
2347 2945 2443 2999 καὶ
2471 2943 2659 3010 Σιδὼν,
2692 2945 2785 2998 καὶ
2823 2945 2974 2998 πάσα
3000 2942 3260 2999 Γαλιλαία
3296 2940 3641 3009 άλλοφύλων;
3686 2957 3706 2991 s

2134 3035 2301 3100 Ποίας
2330 3036 2461 3108 γὰρ,
2494 3037 2648 3106 φησὶ,
2674 3035 2773 3100 τὰς
2807 3035 3058 3106 ἀφορμὰς
3085 3034 3184 3105 τῆς
3215 3033 3539 3104 ἀγριότητος
3562 3031 3714 3102 ἔχον-ν

2132 3143 2245 3191 τες,
2277 3125 2704 3198 ταλαιποροῦντα
2742 3125 2833 3180 τὸν
2861 3124 3100 3195 Ἰσραὴλ,
3135 3125 3230 3180 καὶ
3258 3126 3380 3186 ταῖς
3427 3124 3492 3175 ὲκ
3536 3121 3714 3177 Βαϐυ-

2132 3218 2340 3272 λωνίων
2362 3219 2668 3290 συμφοραῖς
2694 3218 2754 3270 οὐ
2781 3216 3018 3288 μετρίως
3040 3215 3456 3286 κατηχθημένον
3486 3213 3715 3277 ἀνοσίως

2133 3309 2530 3381 ὲπιφορτίζετε,
2567 3307 2779 3379 πικρῶς
2807 3305 3200 3370 ἐπιϐαίνοντες,
3234 3305 3328 3358 καὶ
3352 3299 3462 3380 οἷον
3488 3303 3592 3375 ἐμὲ
3620 3319 3714 3372 γε-

2134 3400 2334 3461 λῶντες
2374 3400 2466 3454 τὸν
2505 3398 2747 3464 σώζοντα
2777 3399 2922 3470 τάχα
2953 3415 3078 3462 που,
3106 3397 3202 3453 καὶ
3230 3397 3590 3468 ἀμυνόμενον,
3621 3395 3718 3452 καὶ

2134 3491 2202 3549 τὰ
2233 3491 2444 3563 ἐχθρῶν
2472 3493 2553 3554 είς
2582 3491 2683 3561 ἐμὲ
2723 3489 3033 3560 τολμῶντες
3075 3488 3274 3558 λέγειν,
3313 3487 3512 3558 μᾶλλον
3540 3487 3585 3541 δ’
3614 3487 3714 3560 ἤδη

2135 3582 2232 3637 καὶ
2257 3581 2487 3654 δράσαις
2520 3580 2634 3633 Οὐκ
2660 3574 2753 3633 οὖν
2783 3581 2862 3643 είς
2889 3577 3107 3650 μακρὰν
3136 3577 3481 3651 ἀπολήψεσθε
3502 3577 3563 3630 τὸ
3588 3577 3717 3630 άντ-

2133 3672 2400 3744 απόδομα.
2459 3671 2617 3738 Ἥξει
2665 3671 2724 3724 δὲ
2767 3671 2898 3742 ὑμῖν
2946 3671 3026 3733 είς
3069 3668 3345 3740 κεφαλήν·
3396 3668 3553 3730 δίκας
3607 3666 3715 3738 γὰρ

2135 3765 2407 3818 άποτιεῖτε
2437 3763 2560 3834 ἐμοὶ
2588 3762 2665 3834 τῷ
2693 3760 3166 3834 διακριθησομένῳ
3196 3759 3334 3831 πρὸς
3360 3759 3504 3829 ὑμᾶς
3547 3757 3605 3811 ὲν
3647 3759 3713 3826 τῇ

2133 3855 2342 3910 κοιλάδι
2371 3854 2467 3909 τοῦ
2490 3855 2779 3923 Ἰωσαφάτ.
2802 3873 2821 3906 ι
2843 3854 3096 3922 Ἐγκαλετ
3112 3852 3170 3907 δὲ
3192 3852 3376 3914 αὐτοῖς
3403 3851 3479 3914 ὡς
3493 3850 3718 3921 διηρπαν

2136 3946 2257 4000 κόσι
2294 3944 2394 4016 μὲν
2421 3944 2491 3998 τὰ
2513 3944 2772 3998 ἐπίλεκτα
2808 3943 2902 3997 τοῦ
2948 3943 3100 4011 ναοῦ,
3128 3943 3223 3998 καὶ
3246 3941 3316 3997 τὰ
3339 3943 3514 4014 χρυσᾶ
3547 3939 3715 4010 σκεύη

2138 4035 2479 4107 σεσυληκόσι,
2511 4036 2605 4089 καὶ
2650 4038 2772 4099 ταῖς
2818 4035 2928 4088 τῶν
2972 4034 3117 4088 ίδίων
3149 4033 3300 4087 Θεῶν
3339 4031 3714 4088 άνατεθεικόσι

2135 4130 2341 4200 τιμαῖς.
2359 4126 2655 4198 ’Δφόρητον
2691 4126 2748 4178 δὲ
2788 4126 2850 4179 τὸ
2883 4125 3092 4198 χρῆμα,
3129 4124 3222 4178 καὶ
3249 4123 3463 4196 πικρὸν,
3498 4125 3592 4177 καὶ
3617 4123 3717 4176 οὐκ

2135 4216 2408 4279 άνικάνως
2440 4214 2563 4292 ἔχον
2592 4214 2674 4278 είς
2697 4230 2760 4285 γε
2781 4213 2845 4267 τὸ
2871 4212 3131 4273 δύνασθαι
3155 4211 3540 4283 καταλυπῆσαι
3560 4211 3713 4268 Θεόν,

2141 4313 2283 4381 Ἔφη
2313 4309 2444 4381 γὰρ,
2468 4309 2551 4380 ὅτι
2589 4325 2609 4360 ι
2636 4308 2746 4378 Τὴν
2777 4306 2936 4374 δόξαν
2979 4322 3079 4377 μου
3108 4304 3280 4376 ἑτέρῳ
3304 4305 3365 4358 οὗ
3397 4303 3573 4368 δώσω,
3595 4303 3715 4360 οὐδὲ

2135 4402 2235 4466 τὰς
2257 4401 2456 4473 ἀρετάς
2482 4418 2582 4472 μου
2612 4403 2724 4464 τοῖς
2748 4399 3028 4468 γλυπτοῖς.
3060 4415 3080 4449 ι
3109 4397 3175 4450 Τί
3201 4396 3310 4466 γὰρ
3337 4395 3524 4467 ἕτερον
3544 4394 3611 4448 ἂν
3632 4395 3718 4464 εἴη

459 4485 829 4540 commorare
855 4525 870 4551 ι
925 4497 1087 4575 quain
1113 4573 1122 4575 μ
1150 4480 1536 4575 Ρῗοβεξηοάιηη
1588 4479 1926 4575 Ρτος¹³¹¹¹³¹⁸θ
1969 4493 2033 4534 ac
2066 4521 2109 4575 Β
2136 4494 2197 4550 τὸ
2222 4496 2336 4558 τοῖς
2370 4492 2536 4557 θείοις
2565 4491 2883 4562 ἀναθήμασι
2909 4490 3036 4554 τοὺς
3059 4489 3164 4542 τῶν
3187 4487 3422 4541 εἰδώλων
3444 4485 3719 4540 κατακαλ-

463 4578 671 4641 dicere,
707 4571 1079 4630 universitatis
1111 4571 1269 4640 huius
1307 4570 1476 4626 Deum
1508 4572 1774 4626 secundas
1810 4580 2026 4634 tenere,

469 4670 554 4722 illa
587 4676 764 4722 autem
804 4667 1025 4736 primas,
1059 4673 1114 4717 et
1152 4663 1382 4717 salutem
1409 4661 1540 4717 dare
1565 4677 1753 4731 posse,
1780 4675 1810 4715 a
1833 4662 2036 4732 quibus

461 4757 803 4814 adorentur?
834 4755 944 4812 Nec
976 4753 1174 4810 suﬂcit
1217 4753 1394 4818 vobis,
1445 4753 1640 4823 inquit,
1682 4753 1749 4807 ad
1785 4752 2036 4822 impieta-

469 4862 575 4904 tem
604 4890 619 4913 ,
656 4846 855 4902 divinis
911 4847 1152 4900 donariis
1202 4845 1465 4914 spoliasse
1513 4843 1772 4913 templum
1829 4859 2034 4909 meum,

468 4944 688 5011 insuper
718 4940 858 4994 tilios
891 4938 1027 4993 Jnda
1060 4949 1116 4994 et
1179 4938 1318 4992 tilios
1361 4935 1668 4994 Jerusalem
1713 4936 2035 4992 vendidistis

459 5033 774 5089 .Grmcorum
818 5030 964 5085 filiis.
993 5029 1222 5086 Factum
1265 5030 1411 5083 istud
1433 5029 1729 5083 verisimile
1783 5036 1921 5094 est,
1975 5036 2036 5082 ut

467 5125 634 5195 aliqui
664 5138 855 5195 nempe
882 5137 949 5178 ex
979 5119 1143 5176 Israel
1179 5122 1231 5173 in
1285 5129 1456 5174 terras
1494 5120 1734 5189 gentium
1780 5120 2037 5189 deporta-

463 5229 673 5284 rentur,
703 5215 1008 5272 ementibus
1031 5224 1087 5268 et
1117 5212 1512 5267 abducentibus
1557 5221 1654 5266 aut
1687 5209 1873 5282 Tyriis
1920 5210 2035 5266 for-

463 5321 633 5377 tasse,
661 5319 754 5364 aut
784 5309 906 5362 aliis
933 5313 1295 5361 mercaturam
1333 5303 1679 5371 facientibus,
1715 5311 1772 5359 et
1805 5303 2034 5374 quaestui

459 5400 829 5472 comparando
855 5397 1068 5455 deditis.
1108 5399 1113 5405 ’

542 5767 798 5822 “ll‘ctr.
855 5781 928 5831 tr,
966 5765 1020 5820 5.
1096 5761 1271 5818 "lsa.
1313 5758 1514 5828 sut,8.

2144 4585 2322 4640 λύνειν
2348 4585 2531 4650 ναοὺς,
2557 4583 2590 4654 ἢ
2623 4582 2909 4654 μονονουχὶ
2933 4579 3382 4652 διακεκραγέναι,
3403 4580 3498 4634 καὶ
3516 4578 3717 4646 λέγειν,

2140 4676 2218 4740 ὡς
2247 4676 2332 4746 ειη
2363 4674 2462 4746 μὲν
2499 4676 2529 4730 ὁ
2571 4673 2680 4730 τῶν
2721 4675 2858 4728 ὅλων
2883 4671 3016 4737 Θεὸς
3049 4673 3108 4729 ὲν
3132 4671 3426 4746 δευτέροις,
3459 4669 3529 4724 τὰ
3573 4670 3629 4723 δὲ
3662 4671 3720 4723 ὲν

2143 4767 2322 4836 λόγοις
2345 4767 2440 4822 τοῦ
2470 4765 2819 4840 προῦχοντος,
2843 4767 2936 4820 καὶ
2961 4763 3154 4830 σώζειν
3179 4763 3388 4826 είδότας
3408 4763 3533 4826 τοὺς
3560 4761 3720 4825 ἰδίους

2145 4861 2550 4932 προσκυνητάς;
2573 4860 2682 4915 Καὶ
2706 4859 2807 4912 οὐκ
2827 4859 3068 4931 ἀπόχρη,
3092 4857 3255 4932 φημὶ,
3279 4856 3358 4919 είς
3381 4854 3718 4918 δυσσέϐειαν,

2146 4954 2273 5023 ὑμῖν
2315 4952 2377 5007 τὸ
2409 4953 2516 5006 τῶν
2541 4952 2700 5010 θείων
2731 4951 3096 5022 ἀναθημάτων
3141 4949 3234 5004 τὸν
3279 4949 3410 5020 ἐμὸν
3438 4947 3718 5018 γυμνῶσαι

2145 5041 2300 5107 νεὼν,
2334 5042 2468 5100 ἀλλὰ
2495 5042 2603 5112 γάρ
2629 5043 2724 5094 καὶ
2750 5043 2876 5104 τοὺς
2904 5042 3054 5104 υἱοὺς
3079 5039 3269 5102 Ἰούδα,
3303 5039 3399 5092 καὶ
3421 5039 3546 5102 τοὺς
3573 5038 3722 5102 υίοὺς

2151 5129 2509 5203 Ἰερουσαλὴμ
2537 5131 2803 5184 ἀπέδοσθε
2831 5133 2946 5194 τοῖς
2985 5131 3120 5193 υἱοῖς
3154 5127 3263 5182 τῶν
3301 5126 3586 5198 Ἑλλήνων.
3626 5126 3723 5178 Γε-

2142 5223 2328 5279 νέσθαι
2358 5221 2416 5275 δέ
2448 5240 2502 5276 τι
2536 5222 2777 5276 τοιοῦτον
2817 5223 2986 5285 εἰκὸς,
3007 5221 3088 5284 ὡς
3137 5223 3195 5275 ἐν
3233 5223 3352 5284 ταῖς
3384 5220 3590 5292 χώραις
3613 5219 3722 5273 τῶν

2142 5313 2311 5371 ἐθνῶν
2334 5329 2486 5377 τινας
2517 5314 2955 5385 άποκομισθῆναι
2988 5312 3098 5366 τῶν
3125 5312 3184 5378 ἐξ
3205 5311 3443 5384 Ἰσραὴλ,
3470 5312 3725 5383 άπεμπου

2145 5404 2380 5457 λούντων
2427 5406 2623 5469 αὐτοὺς
2655 5404 2688 5476 ἦ
2719 5404 2934 5475 Τυρίων
2967 5403 3148 5479 τυχὸν,
3174 5403 3212 5474 ἡ
3257 5405 3349 5456 καὶ⁵
3387 5403 3608 5475 ἑτέρων,
3642 5397 3725 5464 οἷς

2148 5494 2386 5565 ἐμπορία
2425 5495 2488 5549 τὸ
2535 5495 2984 5568 σπουδαζόμενον,
3013 5495 3106 5551 καὶ
3152 5494 3488 5571 φιλοκερδεῖν
3517 5493 3576 5548 τὸ
3604 5495 3726 5551 ἔπιε

2147 5585 2410 5660 τήδευμα.
