4132 6370
350 354 461 417 395

349 565 464 619 τῶν
508 564 739 618 ἀνοσίων
774 565 1170 636 προεστηκόσιν
1218 565 1501 635 αἱρέσεων,
1536 566 1584 617 οἳ
1625 566 1753 629 τους
1787 566 1939 628 υἱοὺς

354 658 455 726 τῆς
484 657 811 727 Ἐκκλησὶας
851 656 1133 726 μονονουχὶ
1156 655 1549 724 διαρπάζοντες
1578 659 1643 726 τῇ
1682 656 1792 707 τῶν
1825 654 1941 707 Ἐλ-

356 749 533 820 λήνων
578 746 967 802 καταπωλοῦσι
999 748 1181 818 σοφίᾳ,
1207 747 1293 800 ἵνα
1323 748 1678 802 πολυπλόκων
1722 748 1942 801 ἐννοιῶν

356 842 861 911 ἀναπιμπλάμενοι,
906 840 1094 908 πικροὶ
1142 839 1404 907 γένωνται
1448 839 1699 909 ζητηταὶ,
1745 840 1943 909 μᾶλλον

357 933 415 986 δὲ
447 933 693 995 ἀπειθεῖς
732 949 792 985 τε
845 934 939 985 καὶ
968 932 1258 1004 ἀλιτήριοι,
1288 933 1379 985 καὶ
1417 933 1486 985 τά
1531 932 1665 1003 ὀρθά
1698 932 1945 1003 διαστρέ-

360 1042 572 1093 φοντες,
606 1024 783 1077 καίτοι
827 1024 943 1077 δέον
980 1024 1125 1094 ἁπλῇ
1167 1024 1453 1079 διαϐιῶναι
1485 1026 1707 1096 φράσει,
1736 1025 1829 1078 καὶ
1858 1024 1946 1077 τὸν

360 1114 742 1185 ἀκαπήλευτον
779 1114 935 1181 λόγον
982 1114 1081 1182 τῆς
1125 1112 1379 1183 ἀληθείας
1433 1113 1839 1185 μελετᾷν.”Εξω
1882 1115 1945 1185 δὴ

360 1201 454 1259 οὖν
482 1206 589 1258 τῶν
618 1205 762 1258 ἰδίων
792 1206 954 1276 ὁρίων
984 1205 1236 1273 γενέσθαι
1276 1206 1401 1269 τοὺς
1431 1206 1818 1278 ἠπατημένους
1846 1224 1949 1261 πα-

365 1301 983 1373 ρασκευάζουσιν.”οροι
1012 1301 1067 1354 δὲ
1097 1300 1285 1373 ῶσπερ
1314 1302 1408 1356 καὶ
1438 1301 1590 1373 χώρα
1612 1303 1721 1356 τῶν
1744 1304 1950 1359 τέκνων

360 1393 815 1463 τῆςἘκκλησίας
858 1393 960 1463 τῆς
994 1393 1253 1462 ἀληθείας
1294 1396 1327 1463 ἡ
1373 1395 1598 1462 γνῶσις,
1631 1396 1723 1449 καὶ
1768 1396 1829 1448 τὸ
1870 1399 1950 1461 εἰς

365 1486 474 1539 πᾶν
520 1486 698 1538 ὁτιοῦν
743 1484 851 1538 τῶν
891 1486 1134 1556 ἀκριϐῶς
1169 1486 1553 1557 ἐξητασμένων
1577 1489 1658 1551 είς
1684 1486 1952 1559 ὀρθότητα

364 1576 634 1639 νενευκός.
669 1576 897 1646 Λέγοιτο
948 1576 992 1629 δ’
1018 1575 1084 1629 ἂν
1131 1578 1357 1641 εἰκότως
1402 1580 1578 1649 χρυσᾶ
1628 1579 1819 1651 σκεύη,
1860 1580 1954 1632 καὶ

365 1667 603 1738 ἀργυρᾶ,
645 1667 737 1721 καὶ
772 1667 1033 1720 ὲπίλεκτα
1066 1666 1225 1729 Θεοῦ,
1260 1670 1355 1722 καὶ
1401 1669 1545 1723 κατά
1575 1670 1637 1723 τὸ
1673 1670 1871 1742 ἀληθὲς
1902 1672 1954 1724 οἱ

368 1758 550 1811 πίστει
607 1759 1090 1830 κατηγλαῖσμένοι,
1121 1761 1217 1813 καὶ
1255 1764 1369 1825 τοῖς
1413 1763 1471 1829 ἐξ
1520 1762 1696 1834 ἔργων
1729 1764 1954 1832 ἀγαθοῖς

367 1849 649 1920 αὐχήμασι
687 1852 1120 1922 κεχρυσωμένοι,
1153 1853 1248 1905 καὶ
1283 1854 1362 1921 τῷ
1392 1853 1494 1924 τῆς
1524 1854 1805 1917 εὐσεϐείας
1832 1855 1949 1909 δια-

369 1942 673 2005 στίλϐοντες
704 1943 908 1997 κάλλει.
926 1942 1067 1995 Ἀλλ’
1092 1946 1139 1997 εἰ
1169 1944 1378 2012 γένοιτό
1406 1964 1528 1999 τινα
1551 1946 1660 2000 τῶν
1685 1940 1787 2001 ὧδε
1812 1948 1955 2020 λαμ-

369 2034 525 2104 πρῶν
550 2038 663 2097 τοῖς
696 2035 795 2106 τῆς
841 2037 1057 2106 ἀπάτης
1104 2036 1308 2090 ἀλῶναι
1356 2037 1593 2109 βρόχοις,
1629 2040 1953 2093 ἀκούσονται

368 2127 587 2189 πάντως
612 2128 661 2179 οἱ
693 2126 793 2195 τῆς
836 2128 1052 2199 ἀπάτης
1091 2128 1331 2199 εὑρεταὶ,
1372 2150 1390 2181 ι
1423 2132 1495 2183 Τὸ
1529 2132 1792 2202 ἀργύριόν
1826 2151 1951 2203 μου,

370 2219 467 2271 καὶ
507 2218 568 2270 τὸ
601 2218 824 2289 χρυσίον
876 2236 976 2288 μου
1020 2219 1263 2285 ἐλάϐετε,
1297 2223 1393 2276 καὶ
1440 2222 1509 2276 τά
1546 2224 1810 2277 ἐπίλεκτά
1851 2244 1953 2297 μου

372 2310 729 2381 εἰσηνέγκατε
780 2312 859 2374 είς
910 2311 1039 2374 τοὺς
1084 2312 1249 2376 ναοὺς
1300 2313 1472 2384 ὑμῶν.
1512 2315 1848 2387 »Ἔγκλημα
1897 2317 1955 2371 δὲ

371 2401 529 2454 τοῦτο
548 2402 719 2455 δεινόν
744 2419 804 2454 τε
846 2403 939 2455 καὶ
960 2402 1020 2456 δυ
1030 2403 1375 2472 σδιάφυκτον.
1394 2405 1448 2457 ’Δ
1460 2408 1826 2477 μαρτάνοντες
1849 2409 1958 2480 γὰρ

373 2495 455 2556 εἰς
481 2495 608 2557 τοὺς
638 2494 902 2560 ἀδελφοὺς
931 2495 1109 2564 ήμῶν,
1144 2496 1281 2567 ὑπὲρ
1301 2489 1374 2549 ὧν
1404 2498 1636 2568 Χριστὸς
1666 2500 1957 2568 ἀπέθανεν,

373 2584 537 2637 αὐτὸν
570 2584 815 2639 ἀδικοῦσι
844 2586 1100 2656 Χριστὸν,
1133 2578 1177 2654 ᾧ
1208 2588 1379 2660 πάντη
1407 2606 1465 2641 τε
1493 2590 1587 2643 καὶ
1624 2592 1837 2655 πάντως
1862 2592 1960 2656 τὰς

374 2676 484 2730 τῶν
510 2677 589 2740 εἰς
616 2676 777 2731 αὑτὸν
812 2678 1177 2750 πεπλημμελη
1187 2682 1361 2751 μένων
1385 2682 1538 2745 δίκας
1567 2683 1901 2735 ἀποτιοῦσιν.

451 2768 557 2821 Καὶ
593 2768 720 2822 ἰδοὺ
745 2768 860 2839 ἐγὼ
891 2770 1165 2839 ἐξεγεῲω
1193 2772 1414 2839 αὐτοὺς
1435 2774 1503 2827 ἐκ
1524 2774 1630 2827 τοῦ
1658 2776 1866 2836 τόπου,
1887 2769 1961 2830 οὗ

377 2857 678 2913 ἀπέδοσθε
712 2860 933 2925 αὐτοὺς
954 2861 1107 2914 ἐκεῖ·
1138 2863 1233 2915 καὶ
1267 2862 1671 2917 ἀνταποδώσω
1701 2865 1961 2918 ἀνταπό-

378 2949 531 3020 δομα
558 2950 726 3019 ὑμῶν
763 2954 851 3018 εὶς
896 2954 1164 3022 κεφαλὰς
1199 2954 1388 3023 ὑμῶν.
1431 2956 1543 3008 Καὶ
1581 2955 1966 3026 ἀποδώσομαι

379 3042 523 3109 τοὺς
575 3043 741 3109 υἱοὺς
786 3043 974 3113 ὑμῶν,
1007 3045 1107 3099 καὶ
1152 3047 1257 3111 τὰς
1296 3047 1624 3115 θυγατέρας
1666 3046 1831 3116 ὑμῶν
1879 3051 1966 3114 εἰς

1236 354 1786 413 COMMENTARIUS
1822 354 1889 411 ΙΝ
1928 351 2193 411 JOELEM
2230 351 2672 407 PROPHETAM.

426 473 634 545 Πρέπει
662 473 706 526 δ’
733 472 797 526 ἂν
828 474 857 527 ὁ
883 472 1061 543 λόγος,
1087 472 1161 534 ῶς
1190 473 1253 540 γέ
1290 491 1380 543 μοι
1405 474 1676 543 φαίνεται,
1700 476 1795 527 καὶ
1821 475 1933 535 τοῖς
1965 477 2009 532 Α

3512 353 3618 410 394

2110 470 2208 524 llic
2233 484 2432 532 sermo,
2474 469 2517 522 si
2546 478 2691 520 recte
2751 466 3065 531 ratiocinor,
3100 467 3267 522 etiam
3336 467 3388 522 in
3430 470 3622 526 nefan-

2042 564 2232 616 darum
2264 563 2529 615 haeresum
2560 558 2816 629 prmsidcs
2841 558 3131 628 quadrabit
3163 599 3178 623 ,
3221 560 3313 630 qui
3360 560 3622 616 Ecclesia:

2044 653 2187 708 lilios
2221 663 2427 707 tantum
2463 666 2565 705 non
2599 652 2934 719 abripientes
2958 690 2975 715 ,
3014 650 3216 705 Graecae
3262 651 3621 722 philosophiae

2043 745 2302 808 vendunt,
2350 752 2407 797 ut
2443 744 2715 811 impeditis
2752 744 3125 810 intelligentiis
3154 744 3367 813 repleti,
3401 746 3624 802 molesti

2044 840 2431 908 disputatores,
2458 837 2543 891 vel
2566 838 2745 906 potius
2774 837 3034 892 increduli
3062 844 3115 891 et
3143 838 3466 911 pestilentes
3495 854 3629 893 eva-

2047 930 2194 994 dant,
2233 940 2376 985 recta
2409 938 2805 1000 pervertentes,
2838 945 2962 985 cum
2994 933 3289 986 secundum
3322 933 3626 1001 simplicem

2047 1023 2376 1077 locutionem
2435 1026 2645 1095 vivere,
2702 1036 2758 1079 et
2812 1040 3123 1080 sermonem
3180 1026 3426 1081 veritatis
3479 1027 3629 1080 nulla

2049 1114 2238 1170 fraude
2296 1124 2610 1185 corruptum
2667 1116 2915 1170 meditari
2977 1117 3357 1194 oporteat._E
3431 1118 3631 1172 finibus

2052 1206 2218 1276 igitur
2249 1215 2306 1259 ut
2332 1207 2620 1274 ejiciantur
2646 1208 2713 1262 ab
2742 1208 2872 1277 ipsis
2913 1210 3163 1278 decepti,
3204 1210 3254 1263 in
3289 1225 3452 1265 causa
3480 1221 3629 1267 sunt.

2051 1295 2212 1366 237
2252 1297 2404 1351 Finis
2436 1313 2585 1363 vero,
2625 1300 2766 1353 sicut
2794 1311 2849 1354 et
2881 1301 3029 1371 regio
3064 1302 3296 1355 tiliorum
3329 1300 3589 1359 Ecclesiae
3613 1342 3629 1366 .

2051 1389 2289 1457 cognitio
2322 1390 2569 1444 veritatis
2617 1400 2722 1456 est,
2771 1400 2826 1444 et
2855 1392 3001 1460 quod
3048 1393 3113 1445 ad
3165 1407 3325 1446 omne
3367 1394 3631 1462 quidquid

2053 1490 2305 1536 accurate
2360 1484 2426 1536 ad
2484 1484 2864 1538 rectitudinetn
2904 1484 3242 1552 exploratum
3284 1496 3401 1549 est,
3435 1487 3633 1557 vergit.

2053 1572 2132 1625 Ac
2162 1573 2355 1627 merito
2404 1588 2556 1640 sane,
2602 1584 2659 1628 et
2683 1590 2812 1629 vere
2852 1589 2981 1629 vasa
3015 1590 3200 1640 aurea,
3246 1585 3301 1631 et
3349 1588 3633 1647 argentea,

2055 1671 2107 1717 et
2142 1663 2313 1718 electa
2344 1664 2436 1718 Dei
2464 1665 2645 1719 vocari
2670 1675 2900 1735 possunt
2928 1665 3033 1719 fide
3063 1666 3336 1730 exornati,
3383 1675 3438 1720 et
3508 1682 3639 1735 ope-

2056 1772 2177 1809 rum
2211 1757 2381 1823 gloria
2418 1758 2652 1811 inaurati
2699 1774 2765 1812 ac
2795 1757 3014 1828 pietatis
3065 1757 3352 1825 splendore
3397 1760 3635 1814 corusci.

2059 1847 2219 1914 Quod
2248 1850 2292 1903 si
2336 1850 2625 1918 contigerit
2655 1850 2960 1919 quempiam
3001 1850 3195 1903 horum
3228 1849 3301 1903 ita
3331 1848 3536 1904 clarum
3575 1864 3640 1904 ac

2060 1941 2290 1995 nitidum
2320 1938 2545 1994 fallacia:
2582 1940 2790 2009 laqueis
2815 1940 3041 2006 irretiri,
3085 1942 3313 1995 audient
3343 1941 3503 2009 plane
3538 1942 3639 1996 fal-

2061 2033 2323 2087 laciarum
2350 2032 2659 2087 inventores
2690 2048 2703 2084 :
2744 2050 2764 2084 ι
2797 2032 3095 2101 Argentum
3122 2047 3302 2086 meum
3339 2041 3394 2087 et
3443 2047 3636 2086 aurum

2061 2139 2239 2178 meum
2270 2124 2486 2187 tulistis,
2536 2135 2590 2178 et
2622 2123 2798 2179 electa
2840 2140 2959 2179 mea
3011 2124 3276 2179 intulistis
3315 2124 3366 2177 in
3413 2123 3640 2178 delubra

2060 2223 2263 2266 vestra.
2309 2232 2327 2264 ι
2368 2213 2585 2269 Crimen
2622 2214 2761 2269 istud
2792 2214 3053 2271 horribile
3078 2224 3181 2280 est,
3217 2224 3272 2270 et
3306 2214 3632 2284 supplicium

2063 2302 2360 2356 difficulter
2408 2302 2647 2373 effugiet.
2693 2303 2996 2360 Peccantes
3054 2321 3288 2375 namque
3337 2306 3394 2359 in
3444 2304 3641 2359 fratres

2066 2404 2279 2449 nostros
2312 2435 2327 2461 ,
2359 2411 2457 2465 pro
2498 2396 2694 2466 quibus
2749 2398 3004 2453 Christus
3050 2410 3297 2452 mortuus
3342 2410 3427 2453 est
3460 2398 3530 2465 ⁸⁸,
3579 2399 3634 2452 iu

2064 2484 2341 2539 Christum
2387 2486 2561 2555 ipsum
2619 2497 2747 2542 sunt
2791 2488 3041 2557 iniuriosi
3073 2529 3089 2553 ,
3147 2490 3234 2543 cui
3280 2490 3540 2553 omnino,
3584 2499 3638 2544 et

2065 2578 2305 2632 omnium
2350 2594 2469 2647 quae
2513 2579 2567 2634 in
2608 2594 2731 2633 eum
2776 2582 3151 2648 peccaverint,
3195 2596 3386 2652 pmuas
3434 2581 3643 2650 persol-

2066 2680 2217 2723 νεηι.

2144 2761 2305 2815 Vens.
2340 2761 2391 2825 7,
2433 2760 2485 2815 8.
2523 2761 2656 2815 Ecce
2681 2779 2774 2831 ego
2796 2764 2991 2816 suscita
3015 2779 3101 2817 eos
3128 2762 3351 2825 deloco.
3392 2762 3481 2816 ubi
3520 2777 3646 2817 ven-

2069 2853 2281 2908 didisti:
2302 2872 2388 2908 eos
2414 2855 2525 2908 illic
2547 2872 2567 2919 ;
2599 2866 2644 2908 et
2672 2856 2887 2910 reddam
2909 2856 3301 2911 retributionem
3329 2869 3550 2913 vestram
3592 2858 3643 2914 5'!

2072 2948 2249 3013 capita
2276 2957 2466 3001 vestra.
2514 2946 2583 3000 Et
2622 2950 2847 3001 vendam
2898 2949 3037 3016 ﬁlios
3067 2962 3262 3003 vestros
3302 2960 3352 3003 et
3394 2950 3536 3019 ﬁlias
3571 2967 3648 3005 οε-

2071 3049 2210 3093 εινιε
2237 3041 2294 3092 in
2326 3057 2513 3094 manus
2537 3041 2774 3110 ﬁliorum
2800 3042 2966 3106 Juda,
2986 3052 3034 3095 et
3065 3042 3434 3097 venundabunt
3471 3060 3559 3097 eos
3592 3045 3652 3098 in

382 3136 584 3205 χεῖρας
624 3135 771 3189 υἱῶν
810 3137 1015 3200 Ἰούδα,
1048 3137 1145 3191 καί
1189 3138 1605 3193 ἀποδώσονται
1632 3140 1853 3207 αὐτοὺς
1880 3143 1966 3205 εἰς

2073 3132 2448 3200 captivitatem,
2480 3133 2536 3186 in
2566 3142 2765 3203 gentem
2787 3149 2901 3204 qua:
2937 3133 3142 3202 procul,
3174 3136 3424 3206 quoniam
3461 3134 3651 3190 Domi-

381 3228 801 3297 αὶχμιιλωσίαν
835 3231 923 3295 είς
952 3229 1129 3297 ἔθνος
1164 3232 1403 3301 μακρὰν
1439 3233 1689 3303 ἀπέχον,
1735 3233 1823 3287 ὅτι
1856 3236 1972 3289 Κύ-
2001 3226 2024 3298 ξ
2074 3244 2171 3280 ηαδ
2194 3226 2396 3280 loculus
2418 3238 2516 3282 ϐδῑο

378 3336 511 3388 ριος
535 3318 867 3387 ἐλάλησεν.

456 3414 548 3467 Μ’.
575 3414 869 3484 Ἀπρακτα
903 3414 1000 3484 μὲν
1026 3413 1093 3468 τὰ
1116 3414 1329 3485 Τυρίωι
1346 3414 1562 3469 ἔσεσθαι
1581 3419 1969 3489 μηχανήματα,

387 3506 483 3559 καὶ
523 3504 591 3558 τὰ
629 3507 693 3558 ὲκ
742 3504 842 3575 τῆς
886 3506 1216 3577 δυστροπίας
1273 3508 1553 3578 εὐρέματα
1596 3511 1736 3564 κατά
1778 3512 1886 3564 τῶν
1914 3511 1973 3577 ἐξ

402 3594 658 3666 Ἰσραὴλ,
719 3596 1091 3666 ἐναργέστατά
1131 3614 1317 3668 φησιν,
1378 3599 1436 3662 ἐξ
1497 3600 1855 3672 ἀντιστρόφου
1917 3602 1975 3655 δὲ

390 3685 583 3756 ῶσπερ
628 3685 880 3753 γενέσθαι
913 3690 1026 3750 τοῖς
1053 3689 1341 3760 ἠδικηκόσι
1376 3689 1473 3759 τὴν
1525 3691 1829 3761 συμφορὰν,
1881 3692 1975 3745 καὶ

388 3776 504 3837 τοῖς
531 3774 665 3837 ἴσοις
691 3774 953 3829 ἐναλῶναι
981 3780 1189 3841 κακοῖς,
1235 3780 1516 3849 μονονουχὶ
1543 3780 1847 3852 πιπτούσης
1894 3784 1976 3845 εἱς

392 3865 634 3935 κεφαλὰς
667 3866 774 3918 τῶν
800 3866 990 3920 ἀνόσια
1018 3867 1564 3939 πεπλημμεληκότων
1594 3875 1691 3941 τῆς
1727 3872 1977 3926 ἰσοστάθ-

396 3973 499 4028 μου
541 3956 717 4027 δίκης.
766 3958 978 4029 ’Ὠσπερ
1026 3958 1135 4031 γὰρ
1181 3959 1334 4017 αὐτοὶ
1384 3961 1444 4013 τὸ
1500 3962 1559 4026 ἐξ
1605 3963 1771 4015 ’Ῑοωα
1820 3965 1977 4032 γένος

395 4044 561 4116 εἶλον,
594 4047 713 4103 εἶτα
746 4053 860 4114 τοῖς
894 4051 1346 4121 ἀνδραποδισταῖς
1365 4052 1679 4116 δεδώκασιν,
1706 4055 1976 4124 ἀποκομί-

396 4142 509 4206 ζειν
552 4143 797 4206 εἰπόντες
851 4144 931 4206 είς
984 4142 1137 4207 ἔθνος
1187 4144 1425 4216 μακράν,
1483 4146 1625 4200 οὕτω
1668 4146 1737 4199 τὰ
1799 4146 1979 4199 αὐτῶν

396 4232 994 4303 ἀπεμπολησθήσεσθαι
1041 4234 1209 4289 τέκνα
1246 4237 1401 4303 φησὶ,
1442 4238 1532 4291 διὰ
1574 4239 1754 4309 χειρὸς
1790 4238 1977 4293 Ἰούδα.

401 4326 509 4377 Καὶ
547 4327 628 4379 ὅτι
684 4325 902 4389 πάντως
952 4326 1129 4379 τοιάδε
1183 4328 1543 4401 συμϐήσεται,
1606 4330 1982 4401 προσεμπεδοῖ

400 4416 593 4485 λέγων,
673 4435 691 4467 ι
726 4416 875 4470 ”Οτι’
913 4417 1116 4487 Κύριος
1169 4418 1450 4489 ἐλάλησεν.
1484 4438 1502 4472 ι
1576 4421 1861 4491 Ἀνήνυτον
1923 4422 1981 4473 δὲ

2144 3407 2257 3461 XL.
2291 3407 2553 3479 Tyrornm
2582 3406 3013 3462 machinationes
3035 3414 3088 3461 et
3132 3422 3389 3477 perversa
3431 3408 3652 3465 inventa

2074 3513 2263 3555 contra
2301 3498 2466 3554 lsrael
2498 3499 2674 3552 inania
2726 3497 2860 3565 fore,
2909 3512 3168 3567 perquam
3209 3499 3447 3555 dilucide
3492 3500 3647 3555 affir-

2076 3600 2207 3655 mat,
2241 3600 2296 3645 et
2326 3591 2391 3644 iis
2429 3590 2521 3659 qui
2570 3590 2843 3653 laeserunt,
2880 3590 3032 3656 quasi
3060 3604 3127 3643 ex
3159 3589 3391 3644 adverso
3428 3590 3653 3646 calami-

2078 3692 2240 3736 tatem
2270 3682 2656 3736 remetiendam
2685 3721 2699 3745 ,
2737 3682 3069 3749 paribusque
3108 3683 3264 3737 malis
3295 3683 3462 3751 probe
3495 3684 3653 3755 invo-

2080 3774 2247 3828 lutum
2305 3775 2406 3836 iri,
2462 3785 2666 3827 tantum
2710 3790 2813 3827 non
2866 3774 3027 3828 simili
3060 3788 3219 3841 paena
3279 3777 3554 3831 recidente
3599 3780 3653 3833 in

2078 3867 2256 3935 capita
2290 3880 2516 3930 eorum,
2570 3865 2659 3934 qui
2735 3866 2897 3934 impie
2946 3867 3310 3935 deliquerunt.
3375 3869 3655 3935 Quomodo

2081 3972 2316 4025 namque
2348 3958 2447 4028 ipsi
2482 3973 2651 4027 genus
2681 3956 2821 4012 .lnda
2853 3958 3134 4027 captivum
3162 3958 3431 4027 fecerunt,
3459 3962 3658 4017 deinde

2081 4066 2177 4118 pro
2215 4048 2502 4118 mancipiis
2542 4051 2840 4116 venditum,
2875 4052 2941 4105 ad
2984 4061 3223 4107 remotas
3259 4064 3451 4121 gentes
3488 4055 3659 4109 abdu-

2080 4142 2307 4195 cendum
2340 4143 2648 4195 dederunt:
2688 4144 2767 4197 sic
2827 4158 3015 4197 eorum
3065 4143 3268 4199 liberos
3314 4160 3412 4214 per
3468 4163 3659 4201 manus

2080 4231 2219 4288 Juda
2253 4233 2475 4287 venales
2517 4232 2729 4288 futuros
2768 4244 3020 4300 testatur,
3065 4244 3120 4287 et
3148 4236 3215 4288 ad
3252 4251 3483 4307 unguem
3516 4239 3657 4292 idem

2084 4341 2339 4394 passuros
2364 4326 2686 4391 testificaris,
2736 4327 2834 4390 ait,
2890 4345 2908 4377 ι
2947 4326 3082 4393 Quia
3140 4326 3400 4382 Dominus
3447 4329 3659 4383 locutus

2083 4429 2185 4472 est.
2225 4438 2243 4469 ‹
2283 4417 2425 4471 Nihil
2458 4428 2640 4474 autem
2670 4421 2911 4473 omnium
2958 4434 3080 4489 quae
3126 4419 3269 4474 Deus
3300 4420 3559 4489 loquitur,
3593 4423 3660 4475 ad

403 4510 619 4572 πάντως
648 4509 799 4561 οὐδὲν
830 4508 859 4561 ὃ
892 4508 1187 4576 φθέγγεται
1220 4510 1370 4573 Θεὸς.
1403 4510 1511 4563 Καὶ
1539 4510 1669 4579 γοῦν
1713 4509 1814 4581 ἔφη
1851 4511 1966 4581 Χρι-

2088 4526 2200 4563 rem
2231 4526 2335 4563 non
2368 4510 2666 4565 confertur.
2694 4509 2879 4578 Itaque
2906 4510 3156 4566 Christus
3189 4512 3399 4580 inquit:
3426 4532 3443 4564 ι
3484 4512 3658 4568 Verba

405 4600 547 4664 στός·
585 4620 602 4650 ι
633 4601 697 4652 Οί
737 4600 883 4669 λόγοι
923 4616 1024 4669 μου
1055 4601 1117 4653 οὐ
1147 4600 1221 4672 μὴ
1255 4602 1585 4673 παρέλθωσι.
1618 4622 1635 4654 ι
1682 4602 1793 4656 Καὶ
1830 4601 1986 4655 ταυτὶ

408 4693 507 4763 μὲν
532 4692 836 4763 ίστορικῶς.

477 4786 541 4837 Εἰ
567 4785 624 4837 δὲ
647 4785 711 4855 δή
732 4801 815 4847 τις
835 4784 1006 4837 ἕλοιτο
1044 4782 1356 4853 περιαθρεῖν
1400 4783 1468 4837 τά
1498 4784 1862 4854 πνευματικὰ,
1890 4784 1985 4837 καὶ

406 4873 514 4928 τῶν
544 4875 948 4946 κεκρυμμένων
985 4874 1438 4945 ἀναπίμπλασθαι
1469 4874 1777 4943 νοημάτων,
1810 4876 1985 4945 ἐννοή-

411 4983 491 5019 σει
525 4966 706 5030 πάλιν,
731 4968 811 5019 ὅτι
846 4966 940 5019 καὶ
966 4967 1233 5036 Ἑλλήνων
1260 4967 1445 5029 παῖδες
1471 4968 1519 5019 oi
1552 4970 1671 5030 ταῖς
1701 4968 1983 5038 δοκησισο-

334 5078 341 5087 ·
412 5058 563 5124 φίαις
606 5058 1049 5130 ὲξωφρυωμένοι,
1102 5063 1195 5114 καὶ
1236 5061 1342 5131 μὴν
1375 5061 1467 5115 καὶ
1507 5064 1771 5134 αἱρετικοὶ
1818 5064 1982 5119 πολυ-

412 5148 632 5211 πλόκοις
668 5152 885 5221 ἀπάτης
915 5153 1188 5223 εὑρήμασι
1213 5153 1273 5205 τὺ
1300 5154 1475 5207 δοκεῖν
1511 5155 1564 5206 τί
1591 5172 1771 5223 σφισιν
1801 5156 1984 5220 αὐτοῖς

411 5241 796 5310 ἀπονέμοντες,
820 5244 1153 5313 ἀποφέρουσι
1178 5246 1285 5298 τῶν
1314 5247 1580 5300 ἀπλουστέ
1590 5265 1696 5318 ρων
1722 5248 1872 5313 τινάς
1890 5250 1989 5319 τῆς

412 5332 579 5403 ὀρθῆς
611 5351 670 5386 τε
701 5337 796 5387 καὶ
828 5336 1131 5406 ἀμωμήτου
1162 5338 1418 5403 πίστεως,
1448 5336 1515 5412 ἧς
1546 5340 1613 5393 ἂν
1639 5339 1808 5411 ἔχοιεν
1836 5342 1989 5413 παρὰ

415 5422 571 5490 Θεοῦ,
603 5424 698 5477 καὶ
729 5428 843 5488 τοῖς
884 5426 1097 5496 βρόχοις
1121 5428 1219 5497 τῆς
1250 5428 1465 5498 ἀπάτης
1502 5430 1770 5493 ἐνδέοντες
1805 5448 1993 5499 μονον-

413 5516 564 5585 ουχὶ,
594 5516 689 5569 καὶ
733 5519 791 5570 ὲν
820 5517 1163 5587 δορυκτήτων
1209 5519 1374 5590 μοίρᾳ
1406 5520 1676 5585 λαϐόντες,
1722 5522 1993 5591 ἀποκομί-

416 5604 567 5669 ζουσι
597 5608 705 5661 τῶν
734 5610 832 5679 τῆς
862 5610 1118 5680 ἀληθείας
1140 5611 1282 5680 ὅρων
1314 5612 1388 5675 ῶς
1419 5614 1693 5667 ἀποτάτω.
1738 5615 1875 5667 ⁹Λλλ⁹
1900 5616 1990 5683 ὅγε

514 5787 536 5816 ⁸
568 5784 583 5838 1
610 5787 732 5841 Cor.
764 5802 879 5849 vui,
914 5786 1001 5840 ll.
1075 5789 1118 5822 ⁸⁷
1150 5786 1337 5841 Matth.
1383 5803 1533 5853 χειν,
1568 5791 1659 5845 23.

735 5882 1004 5943 I’ATROL.
1050 5885 1166 5943 Gn.
1219 5886 1419 5945 LXXI.

2090 4618 2209 4657 mea
2256 4618 2360 4657 non
2418 4603 2717 4658 interibunt
2761 4603 2827 4659 θ’.

2088 4694 2223 4750 rice.

2159 4786 2312 4854 Quod
2330 4787 2372 4840 si
2389 4785 2472 4839 cui
2492 4786 2665 4856 placet
2683 4787 2961 4843 considera
2971 4802 3029 4843 re
3046 4787 3369 4856 spiritualia,
3390 4798 3443 4843 et
3462 4789 3661 4844 abditis

2088 4877 2460 4945 itttelligentiis
2506 4895 2566 4933 se
2623 4878 2862 4948 explere,
2910 4880 3174 4948 cogitabit
3215 4883 3379 4935 etiam
3416 4880 3659 4945 Graecos,

2090 4969 2224 5023 falsa
2264 4970 2517 5041 Opinione
2550 4972 2830 5039 sapientia:
2871 4972 3216 5041 supercilium
3254 4972 3506 5027 tollentes
3531 5012 3545 5036 ,
3595 4989 3659 5027 ac

2091 5073 2355 5132 praeterea
2410 5064 2732 5127 hmrcticos,
2787 5065 2855 5119 ob
2901 5064 3142 5119 involuta
3200 5063 3534 5119 fallaciarum
3576 5066 3664 5117 in-

2092 5166 2252 5209 venta
2306 5156 2679 5210 existimantes
2732 5170 2789 5210 se
2832 5172 2953 5213 esse
3004 5156 3231 5225 aliquid,
3274 5156 3662 5225 simpliciorum

2094 5248 2355 5315 quosdam
2417 5264 2446 5300 a
2486 5256 2635 5301 recta
2666 5257 2721 5302 et
2772 5248 3042 5317 inculpata
3094 5250 3217 5311 fide,
3270 5262 3433 5316 quam
3488 5261 3516 5298 a
3558 5246 3666 5301 Deo

2097 5340 2301 5393 habere
2360 5342 2588 5410 possint,
2645 5349 2933 5405 avertere,
2991 5350 3043 5396 et
3088 5342 3405 5409 impostura:
3462 5339 3667 5407 laqueis

2097 5430 2358 5497 irretitos,
2396 5435 2780 5502 propemodum
2816 5448 3097 5489 servorum
3142 5433 3307 5504 238
3356 5433 3496 5495 loco,
3530 5448 3667 5501 quos

2097 5525 2265 5579 armis
2308 5528 2573 5595 ceperint,
2616 5542 2646 5581 a
2686 5528 2882 5583 finibus
2926 5528 3176 5582 veritatis
3221 5527 3469 5596 abripere
3506 5540 3667 5595 quam

2099 5616 2430 5684 longissime.
2462 5617 2729 5674 Cancrum
2762 5620 3139 5675 universorum
3164 5619 3307 5673 Deus
3340 5630 3528 5672 eorum
3569 5614 3671 5669 im-

2887 4624 2906 4657 ›
2972 4606 3035 4658 Ει
3065 4606 3178 4659 haec
3227 4606 3445 4675 quidem
3486 4607 3656 4661 histo-

3253 5890 3323 5951 13
