4132 6370
462 329 568 389 595

1463 324 1522 379 S.
1565 319 1838 378 CYlllLLl
1876 314 2350 372 ALEXANDRINI
2390 312 2708 369 ARCHIEP.

3625 314 3729 372 επ

463 448 789 519 probitatem
842 445 1136 516 infringit,
1181 453 1236 501 et
1287 444 1543 514 deceptos
1577 441 1796 511 quidem
1852 438 2052 493 liberos

2169 435 2260 488 τῶν
2315 434 2451 488 ὅλων
2513 432 2646 496 Θεὸς
2700 432 2979 502 ἄπρακτον
3049 429 3227 484 αὐτῶν
3281 430 3572 499 ἀποφαίνει
3635 430 3734 502 τὴν

463 541 767 605 dimittens,
795 539 933 594 filios
964 551 1255 608 pravorum
1313 535 1598 590 doctorum
1634 535 1701 588 ad
1733 533 1925 587 Jutlam
1958 533 2051 586 ad-

463 633 631 688 ducit.
669 631 772 687 Per
819 631 918 686 hos
956 629 1308 684 nihilominus
1348 627 1577 695 intelligi
1622 628 1836 696 possint
1880 627 2047 683 divini

463 724 736 792 discipuli,
772 733 826 778 et
853 731 1119 794 quotquot
1147 721 1350 776 Christi
1379 720 1698 790 mysterium
1726 719 2045 790 loquuntur,

463 815 668 884 quique
689 815 756 868 ab
781 814 996 868 illorum
1026 813 1312 868 fraudibus
1349 813 1644 878 liberatos,
1697 813 1763 866 ad
1813 811 2041 881 pracla-

466 920 584 959 rum
614 913 668 960 et
692 906 980 960 amabilem
1004 905 1121 973 ejus
1157 906 1476 959 servitutem
1524 904 1812 968 reducunt,
1859 912 1913 956 et
1943 919 2048 957 non

468 1008 626 1050 secus
657 1004 821 1064 atque
848 995 1093 1064 captivos
1124 995 1370 1064 rapiunt,
1404 997 1470 1047 ad
1499 1010 1654 1048 suum
1685 1009 1778 1048 eos
1805 993 2050 1048 habitum

469 1088 908 1157 sententiamque
937 1086 1330 1141 transferentes
1350 1129 1364 1154 ,
1389 1102 1509 1156 qua:
1533 1087 1599 1140 ab
1627 1087 1842 1142 illorum
1867 1087 2052 1142 multis

469 1179 708 1235 millibus
721 1179 909 1236 distat.
929 1180 1180 1252 Magnum
1199 1181 1398 1250 quippe
1415 1180 1756 1236 intervallum
1775 1182 1916 1236 inter
1933 1197 2053 1236 sau-

469 1281 682 1327 ctorum
715 1283 770 1327 et
800 1274 1022 1327 istorum
1044 1272 1346 1326 doctrinam
1376 1260 1641 1327 cernitur.
1661 1273 1868 1327 Dicitur
1887 1273 2050 1327 eti-am

469 1365 723 1420 Christus
737 1381 801 1420 ex
820 1365 1009 1420 Grmca
1024 1366 1411 1436 superstitione
1434 1365 1499 1418 ad
1517 1365 1886 1433 cognitionem
1910 1365 2050 1434 ejus,

471 1457 564 1526 qui
617 1466 810 1510 natura
851 1467 937 1512 est
971 1457 1135 1522 Deus,
1181 1471 1474 1510 conversos
1519 1465 1578 1509 ut
1627 1457 1872 1526 captivos
1911 1457 2054 1510 acci-

473 1563 624 1619 pere.
669 1547 762 1602 Sic
799 1549 944 1602 enim
987 1548 1197 1602 David:
1233 1566 1250 1598 ι
1287 1547 1600 1602 Ascendens
1642 1548 1694 1600 in
1731 1547 1922 1614 altum,
1957 1563 2052 1602 ca-

474 1638 676 1708 ptivam
732 1638 883 1692 duxit
937 1638 1340 1710 captivitatem,
1404 1636 1553 1690 dedit
1617 1638 1757 1692 dona
1816 1639 2054 1692 homini-

473 1730 575 1784 bus
600 1729 666 1781 ⁸⁸.
707 1748 726 1781 ›

546 1909 711 1963 Vsus.
753 1908 905 1963 9-12.
945 1905 1245 1963 Prwdicate
1283 1909 1395 1962 [nec
1446 1910 1499 1962 in
1546 1908 1822 1977 qentibus,
1855 1912 2055 1964 sancti-

477 2002 632 2071 ﬁcate
657 2001 877 2066 bellum,
912 2002 1164 2056 suscitate
1198 2011 1516 2070 pugnatores
1539 2043 1554 2067 ,
1585 2001 1841 2068 accedite,
1873 2013 1920 2057 et
1971 2021 2059 2057 as-

478 2093 699 2159 cendite,
726 2109 901 2146 omnes
925 2093 1025 2147 viri
1053 2092 1351 2146 bellatores.
1373 2091 1644 2148 Conridite
1675 2107 1857 2149 aratra
1888 2107 2059 2150 vestra

477 2187 532 2238 in
566 2184 771 2254 gladios
801 2192 848 2236 et
905 2183 1069 2253 falces
1126 2195 1321 2237 vestras
1347 2185 1400 2237 in
1440 2185 1672 2240 lanceas.
1729 2185 1853 2241 Non
1904 2188 2061 2256 fortis

479 2277 678 2332 dicat:
714 2273 873 2329 Valeo
919 2291 1035 2345 ego.
1080 2272 1507 2345 Congregamini,
1543 2287 1589 2328 et
1637 2279 1833 2330 intrate
1882 2295 2059 2332 omnes

479 2377 652 2435 gentes
679 2382 772 2436 per
810 2367 1113 2432 circuitum,
1160 2377 1208 2421 et
1262 2369 1655 2438 congregamini
1697 2367 1847 2431 illuc,
1907 2386 2058 2421 man-

479 2465 657 2511 sttetus
683 2457 752 2511 sit
785 2467 1071 2527 pugnator.
1109 2456 1472 2528 Consurgunt,
1497 2468 1543 2512 et
1568 2464 1855 2512 ascendant
1887 2473 2062 2529 gentes

479 2551 534 2602 in
581 2548 766 2603 vallem
825 2548 1112 2619 Josapltat,
1157 2551 1286 2620 quia
1343 2551 1414 2605 ibi
1481 2551 1667 2606 sedebo
1715 2561 1771 2604 ut
1825 2551 2064 2620 judicent

483 2655 659 2693 omnes
693 2649 870 2710 gentes
895 2640 949 2693 in
967 2640 1218 2695 circuitu.

557 2900 694 2957 XLI.
753 2902 1130 2957 Comminatus
1195 2905 1469 2972 gentibus,
1528 2922 1782 2973 passurus
1864 2910 2062 2964 malum

487 2992 631 3062 quod
655 2990 778 3045 aliis
817 2989 1111 3054 fecerant,
1161 3002 1217 3045 et
1251 2992 1453 3045 scelera
1505 3008 1598 3044 sua
1659 3009 1758 3063 pro
1799 2994 2062 3066 dignitate

489 3081 743 3146 luituras,
776 3080 887 3152 jam
919 3080 1222 3136 orationem
1254 3081 1319 3133 ad
1345 3083 1578 3136 cultores
1612 3097 1743 3137 suos
1767 3086 2037 3138 convertit

489 3188 626 3244 quos
651 3173 876 3229 minime
902 3173 1119 3228 timidos
1137 3183 1191 3228 et
1208 3172 1560 3238 eﬂ'emiuatos,
1590 3176 1717 3245 quin
1746 3176 1926 3247 potius
1949 3179 2065 3232 aui-

492 3281 673 3320 mosos
704 3281 768 3320 ac
801 3272 1051 3320 strenuos
1107 3279 1232 3320 esse
1280 3265 1531 3320 hortatur
1557 3306 1573 3330 ,
1638 3277 1694 3322 et
1720 3279 1929 3323 tantum
1963 3286 2068 3324 non

492 3357 754 3413 adhibere
797 3356 1128 3428 praeconium
1159 3397 1173 3421 ,
1237 3360 1380 3426 quod
1422 3356 1488 3410 ab
1520 3359 1776 3413 omnibus
1810 3361 2070 3415 exaudia-

494 3458 599 3514 tur,
629 3458 685 3502 et
719 3449 786 3503 ad
821 3463 1054 3519 pugnam
1087 3457 1274 3518 gentes
1306 3449 1501 3503 dehinc
1540 3449 1816 3520 colligere,
1865 3466 2070 3521 easque

495 3542 867 3607 inflammare,
918 3552 978 3596 ut
1039 3541 1145 3597 huc
1204 3542 1428 3610 gradum
1477 3543 1802 3610 accelerent,
1861 3545 2071 3600 tametsi

496 3633 728 3690 fortasse
789 3634 952 3687 vitam
1001 3634 1238 3700 quietam
1288 3643 1343 3687 et
1399 3650 1428 3686 a
1489 3633 1630 3688 bello
1686 3635 2072 3690 abhorrentem

495 3739 654 3795 agere
707 3725 916 3779 malint.
995 3723 1110 3778 Hoc
1173 3733 1470 3780 autemest
1523 3727 1749 3782 reddere
1797 3728 2075 3782 audentis-

496 3817 683 3882 simos,
731 3827 786 3871 et
830 3816 1180 3886 persuadere,
1239 3817 1314 3869 uti
1350 3816 1648 3884 confidant,
1695 3819 1812 3888 ipso
1863 3820 2074 3888 'pr0pu-

497 3916 720 3974 guaute,
758 3907 994 3961 hostium
1027 3921 1146 3961 sese
1176 3908 1466 3977 potitnros.
1508 3908 1691 3978 Itaque
1717 3947 1732 3972 ,
1796 3928 1814 3960 ο
1856 3909 1910 3962 in
1953 3924 2079 3979 gen-

499 3994 644 4048 tibus
679 3994 794 4048 htec
825 3994 1116 4064 praedicate
1144 4033 1161 4060 ,
1215 3997 1414 4064 inquit,
1450 4007 1505 4051 et
1561 3997 1898 4054 sanctificate
1957 3999 2076 4054 bel-

498 4081 631 4136 lum.
672 4101 692 4134 ι
725 4081 844 4137 Jam
871 4083 996 4148 hoc,
1035 4101 1054 4135 ι
1115 4086 1470 4150 sanctilicate,
1511 4105 1531 4136 ι
1568 4101 1782 4142 rursum
1817 4089 1951 4142 nihil
1991 4097 2077 4144 est

501 4174 646 4229 aliud
686 4189 874 4244 quam,
906 4175 1038 4229 mihi
1064 4175 1212 4230 velut
1240 4187 1591 4242 consecrate;
1627 4193 1724 4248 ego
1765 4181 1912 4233 enim
1961 4179 2075 4235 bel-

503 4266 624 4322 labo
676 4274 732 4320 et
773 4267 839 4320 ad
885 4265 1112 4336 gloriam
1156 4283 1332 4322 meam
1364 4284 1455 4323 res
1499 4279 1711 4338 agetur.
1743 4269 2078 4326 Occumbent

501 4359 669 4423 enim,
699 4359 791 4427 qui
847 4359 1108 4414 honorem
1162 4375 1338 4415 meum
1374 4361 1532 4429 lignis
1561 4375 1615 4415 et
1668 4363 1934 4432 lapidibus
1981 4365 2080 4419 tri-

2048 3127 2063 3152 ’
2095 3127 2138 3184 C

2150 524 2507 595 κακουργίαν,
2541 523 2636 576 καὶ
2671 522 2852 592 ἀνίησι
2894 521 2993 590 μὲν
3023 521 3148 584 τοὺς
3175 519 3580 590 ἠπατημένους,
3607 521 3736 582 τοὺς

2149 617 2206 670 δὲ
2239 616 2345 670 τῶν
2379 615 2774 686 ἀπατησάντων
2808 613 2949 665 κατά
2991 611 3227 683 μάθησιν
3273 608 3423 676 υἱοὺς
3469 613 3735 684 προσάγει
3779 621 3784 628 “

2151 712 2264 773 τοῖς
2295 710 2354 773 ἑξ
2390 707 2580 764 Ἰούδα.
2623 705 2883 777 Νοηθεῖεν
2922 705 2964 758 δ’
2992 705 3058 758 ἂν
3082 699 3226 758 οὗτοι
3257 704 3418 759 πάλιν
3455 707 3504 758 οί
3542 705 3738 758 θεσπέ-

2155 814 2260 850 σιοι
2289 797 2549 867 μαθηταὶ,
2582 796 2676 849 καὶ
2697 795 2809 848 ὅσοι
2833 793 2892 846 τὺ
2916 793 3151 864 Χριστοῦ
3171 793 3390 848 λαλοῦσι
3420 797 3735 866 μυστήριον,

2151 894 2199 944 οἱ
2229 891 2285 943 δὲ
2317 893 2416 962 τῆς
2441 891 2665 943 ἐκείνων
2693 888 2903 958 πλάνης
2943 887 3394 954 ἀπαλλάττοντες,
3441 889 3521 950 είς
3569 887 3738 956 καλήν

2152 1001 2213 1036 τε
2271 984 2362 1036 καὶ
2403 982 2723 1054 ἀξιέραστον
2777 981 3114 1050 ἀποφέρουσι
3162 978 3426 1042 δουλείαν,
3485 978 3584 1049 τὴν
3637 979 3740 1030 ὑπὸ

2153 1072 2372 1144 Χριστῷ
2412 1071 2676 1143 δηλονότι,
2721 1072 2816 1123 καὶ
2854 1065 2965 1123 οἷον
2996 1069 3376 1140 αἰχμαλώτους
3406 1070 3736 1140 ἁρπάζουσι,

2158 1162 2541 1234 μετατιθέντες
2575 1164 2655 1224 εἰς
2700 1160 2797 1232 τὴν
2846 1158 3054 1214 ἑαυτῶν
3092 1159 3206 1226 ἕξιν
3254 1177 3312 1212 τε
3355 1161 3448 1212 καὶ
3490 1157 3736 1229 γνώμην,

2157 1259 2280 1327 ἥτις
2321 1257 2546 1309 ἐκείνων
2572 1256 2717 1308 ἐστὶν
2750 1255 3024 1308 ἀποτάτω.
3072 1253 3213 1306 Πολὺ
3264 1253 3375 1324 γάρ
3427 1252 3487 1305 τὸ
3537 1251 3739 1322 μεταξὺ

2153 1348 2252 1418 τῆς
2299 1347 2522 1418 γνώμης
2562 1365 2619 1400 τε
2673 1346 2781 1399 τῶν
2819 1347 3008 1414 ἁγίων,
3063 1346 3157 1399 καὶ
3198 1346 3297 1415 τῆς
3335 1344 3442 1397 τῶν
3485 1343 3740 1397 τοιούτων

2157 1441 2372 1510 ὁρᾶται.
2406 1441 2636 1506 Λέγεται
2670 1439 2725 1492 δὲ
2755 1439 2848 1492 καὶ
2873 1439 2900 1490 6
2927 1438 3161 1504 Χριστὸς
3182 1437 3307 1499 τοὺς
3339 1437 3400 1488 ἐκ
3428 1437 3526 1504 τῆς
3565 1435 3743 1501 Ἐλλη-

2155 1529 2312 1598 νικῆς
2365 1530 2581 1600 ἀπάτης
2628 1532 2706 1592 εἰς
2752 1529 3048 1597 ἐπίγνωσιν
3075 1527 3170 1580 τοῦ
3207 1527 3348 1580 κατὰ
3398 1527 3559 1596 φύσιν
3605 1525 3739 1578 Θεοῦ

2159 1619 2658 1688 μετενηνεγμένους
2684 1620 2760 1682 ὡς
2800 1617 3176 1689 αἰχμαλώτους
3207 1618 3366 1670 ἑλεῖν.
3401 1618 3543 1688 Ἔφη
3577 1617 3684 1686 γὰρ
3712 1617 3741 1667 6

2158 1710 2340 1773 Aa6‘t6,
2375 1729 2392 1760 ι
2437 1710 2671 1772 Ἀναϐὰς
2695 1712 2774 1772 εἰς
2804 1708 2957 1778 ὕψος,
3003 1709 3425 1780 ᾐχμαλώτευσεν
3461 1707 3738 1778 αἰχμαλω-

2086 1783 2131 1842 B
2163 1803 2304 1868 σίαν,
2339 1801 2540 1854 δέδωκε
2572 1801 2780 1871 δόματα
2810 1804 2921 1864 τοῖς
2952 1800 3280 1872 ἀνθρώποις.
3309 1820 3327 1852 ›

2231 1895 2542 1963 Κηρύξατε
2563 1892 2747 1946 ταῦτα
2769 1893 2839 1946 ἐν
2875 1893 2998 1957 τοῖς
3027 1893 3269 1948 ἔθνεσιν
3288 1910 3300 1922 ·
3325 1891 3611 1962 ἁγιάσατε
3631 1893 3739 1946 πό-

2160 1989 2366 2053 λεμον,
2421 1983 2755 2053 effers/pate
2792 1982 2932 2048 τοὺς
2976 1981 3272 2051 μαχητὰς,
3313 1981 3742 2051 προσαγάγετε,

2162 2078 2259 2130 καὶ
2280 2077 2630 2130 ἀναϐαίνετε
2649 2074 2872 2140 πάντες
2893 2073 3108 2142 ἄνδρες
3127 2073 3504 2142 πολεμισταί.
3523 2074 3745 2142 Συγκό-

2162 2173 2317 2238 ψατε
2345 2169 2416 2222 τὰ
2454 2168 2673 2235 ἄροτρα
2705 2167 2869 2236 ὑμῶν
2897 2169 2982 2231 εἰς
3010 2165 3326 2234 ῥομφαίας,
3364 2165 3461 2218 καὶ
3506 2164 3576 2218 τὰ
3612 2163 3743 2231 δρέ-

2163 2278 2323 2314 πανα
2348 2260 2512 2329 ὑμῶν
2533 2262 2621 2325 εἰς
2646 2257 3068 2327 σειρομάστας.
3087 2257 3141 2308 Ὁ
3171 2256 3469 2320 ἀδύνατος
3499 2255 3741 2326 λεγέτω·

2175 2355 2384 2421 Ἰσχύω
2435 2353 2568 2423 ἐγώ.
2633 2349 3135 2418 Συναθροίζεσθε,
3181 2350 3275 2403 καὶ
3325 2351 3747 2418 εἰσποιεύεσθε

2163 2439 2360 2494 πάντα
2399 2442 2471 2494 τὰ
2505 2442 2648 2508 ἔθνη
2707 2442 3023 2505 κυκλόθεν,
3065 2441 3162 2492 καὶ
3209 2439 3556 2508 συνάχθητε
3599 2439 3745 2505 ἐκεῖ,

2164 2533 2358 2600 πραῢς
2398 2533 2554 2586 ἔστω
2601 2531 2995 2602 πολεμιστής.
3058 2530 3612 2599 Ἐξεγειρέσθωσιιν,
3647 2531 3746 2584 καὶ

2165 2623 2653 2678 ἀναϐαινέτωσίιν
2675 2624 2747 2678 τὰ
2780 2624 2923 2692 ἔθνη
2951 2627 3038 2690 εἰς
3081 2623 3195 2693 τὴν
3234 2624 3485 2678 κοιλάδα
3542 2625 3749 2678 Ἰωσα-

2165 2715 2304 2786 φὰτ,
2332 2716 2420 2768 ὅτι
2456 2715 2584 2769 ἐκεῖ
2611 2714 2791 2770 καθιῶ
2819 2716 2924 2769 τοῦ
2951 2715 3247 2783 διακρῖναι
3271 2715 3466 2770 πάντα
3499 2715 3570 2768 τὰ
3603 2716 3747 2782 ἔθνη

2167 2810 2482 2863 κυκλόθεν.

2237 2902 2372 2954 MA'.
2433 2900 2760 2969 Ἀπειλήσας
2792 2902 2904 2969 τοῖς
2947 2899 3125 2953 ἔθνεσι
3163 2900 3262 2963 τὰς
3294 2900 3353 2964 ἑξ
3391 2900 3750 2971 ἀντιστρόφου

2171 2992 2476 3062 συμφορὰς,
2531 2991 2627 3043 καὶ
2676 2989 2784 3043 τῶν
2830 2990 3059 3043 ἀνοσίων
3123 2991 3298 3062 ἔργων
3356 2990 3588 3060 ἰσοπαλῆ
3644 2991 3750 3060 τὴν

2168 3084 2341 3154 δίκην,
2369 3081 2658 3151 καθίστησι
2680 3081 2770 3135 τὸν
2801 3080 2958 3150 λόγον
2987 3082 3080 3135 ἐπὶ
3104 3082 3232 3146 τοὺς
3263 3081 3422 3144 ἰδίους
3449 3082 3547 3152 ἤδη
3581 3097 3755 3152 προσ-

2172 3174 2429 3245 κυνητάς,
2474 3173 2566 3236 οὒς
2606 3175 2806 3244 ἥκιστα
2863 3174 2962 3244 μὲν
3015 3172 3244 3237 δειλοὺς,
3297 3174 3392 3227 καὶ
3438 3172 3754 3243 ἀνάνδρους,

2171 3262 2309 3320 εἶναι
2358 3266 2413 3318 δὲ
2459 3263 2660 3336 μᾶλλον
2707 3263 2920 3317 κελεύει
2973 3265 3276 3327 νεανικοὺς,
3328 3264 3422 3315 καὶ
3470 3270 3756 3335 μονονουχθο

2171 3356 2476 3428 διαπρυσίῳ
2507 3355 2810 3427 κεχρῆσθαι
2855 3355 3192 3426 κηρύγματι,
3246 3354 3526 3423 συλλέγειν
3552 3371 3611 3407 τε
3651 3353 3753 3424 ἤδη

2173 3449 2311 3519 πρὸς
2346 3448 2525 3519 μάχην
2553 3447 2621 3500 τὰ
2650 3447 2798 3517 ἔθνη,
2846 3449 2940 3501 καὶ
2969 3447 3231 3500 ἀνάπτειν
3279 3447 3591 3516 ἐπείγεσθαι
3620 3445 3756 3516 πρὸς

2172 3540 2331 3593 τοῦτο
2375 3540 2537 3604 αὐτὰ,
2584 3538 2688 3593 κᾶν
2716 3541 2763 3591 εἰ
2801 3539 3004 3594 ἑλοιντο
3039 3539 3200 3609 τυχὸν
3243 3537 3340 3608 τὴν
3379 3538 3648 3610 ὴρεμαίαν
3695 3553 3754 3590 -ετ

2174 3634 2268 3687 καὶ
2297 3633 2636 3704 ἀφιλόμαχον
2662 3632 2878 3686 ἑλέσθαι
2910 3634 3078 3704 ζωήν.
3111 3634 3282 3687 Τοῦτο
3301 3634 3358 3688 δὲ
3401 3631 3469 3705 ἧν
3499 3632 3752 3702 εὐτολμο-

2173 3725 2371 3790 τάτους
2401 3725 2812 3793 ἀποψαίνοντος,
2850 3725 2944 3778 καὶ
2979 3725 3064 3777 ἐπ’
3097 3726 3246 3796 αὑτῷ
3276 3726 3496 3799 θαρρεῖν
3529 3725 3750 3779 ἀναπεί-

2177 3817 2381 3881 θοντος.
2409 3819 2491 3870 ὅτι
2517 3818 2610 3870 καὶ
2639 3816 2747 3869 τῶν
2782 3815 2990 3888 ἐχθρῶν
3036 3817 3292 3887 ἀμείνους
3334 3819 3546 3871 ἔσονται
3590 3816 3758 3870 αὐτοῦ

2177 3909 2633 3982 προασπίζοντος.
2669 3927 2688 3959 ι
2720 3909 2907 3962 Ταῦτα
2932 3908 2996 3979 δὴ
3026 3905 3119 3963 οὖν
3148 3911 3204 3965 ἑν
3230 3912 3342 3973 τοῖς
3383 3909 3558 3962 ἔθνεσι
3588 3909 3758 3979 κηρύσ-

2180 4001 2325 4066 ξατε,
2352 4002 2505 4072 φησί,
2532 4004 2624 4054 καὶ
2651 4002 2912 4069 ἁγιάσατε
2939 4001 3194 4072 πόλεμον.
3211 4021 3228 4054 ι
3249 4002 3359 4056 Καὶ
3374 4003 3433 4055 τὸ
3459 4001 3760 4072 "Ag-(derata

2179 4093 2338 4147 πάλιν
2367 4093 2534 4158 ἐστὶν,
2577 4093 2730 4164 Ἐμοὶ⁸
2759 4091 3134 4163 καθιερώσατε
3157 4093 3358 4164 τρόπον
3399 4092 3538 4156 τινὰ,
3566 4093 3762 4161 ἔσομαι

2179 4185 2291 4254 γὰρ
2325 4184 2354 4236 6
2391 4183 2638 4254 μαχητὴς
2683 4182 2816 4251 ἑγὼ,
2863 4184 2958 4237 καὶ
3005 4185 3085 4246 εἰς
3122 4183 3261 4253 ἐμὴν
3302 4180 3458 4246 δόξαν
3503 4181 3653 4234 ἔσται
3699 4180 3762 4232 τὸ

2180 4277 2478 4347 δρώμενον.
2517 4275 2879 4348 Τεθνήξονται
2917 4277 3026 4348 γάρ
3071 4279 3119 4330 οἱ
3159 4277 3256 4348 τὴν
3291 4276 3429 4347 ἐμὴν
3470 4276 3627 4341 δόξαν
3661 4275 3760 4326 ἀν·-

2180 4368 2415 4437 ἀψαντες
2433 4367 2611 4434 ξύλοις
2638 4386 2699 4422 τε
2725 4370 2821 4423 καὶ
2851 4369 3038 4434 λίθοις.
3054 4369 3236 4422 "At-tat;
3262 4370 3319 4423 δὲ
3347 4369 3408 4421 τὸ
3437 4367 3761 4436 ἀγιάζεσθαι

504 4447 755 4502 buerunt.
821 4447 994 4505 Omne
1031 4459 1209 4505 autem
1263 4452 1405 4519 quod
1469 4453 1798 4506 sztnctilicari
1855 4454 2065 4522 dicitur1

2185 4460 2500 4532 λεγόμενον,
2521 4462 2601 4524 εἰς
2632 4461 2788 4529 δόξαν
2811 4463 2901 4516 ἀεὶ
2935 4462 3267 4532 προσάγεται
3295 4462 3450 4516 Θεοῦ.
3482 4461 3580 4514 Διά
3607 4461 3765 4514 τοῦτό

503 4553 719 4608 semper
747 4555 870 4594 cum
911 4541 1089 4595 divina
1141 4542 1312 4611 gloria
1370 4542 1536 4613 239
1583 4545 1926 4611 conjunctum
1975 4556 2080 4603 est.

502 4626 626 4681 Ideo
665 4629 740 4681 ait
772 4645 787 4684 :
824 4646 844 4679 ι
877 4627 1223 4684 Sanctiﬁcate
1252 4631 1474 4698 bellum,
1506 4633 1764 4688 suscitate
1812 4647 2080 4706 pugnato-

506 4731 614 4770 res.
653 4734 672 4768 ι
705 4716 772 4770 Et
798 4717 978 4772 adhuc
1021 4719 1318 4790 subiungit,
1383 4741 1401 4773 ι
1441 4723 1718 4787 Accedite,
1758 4739 1948 4780 omnes
1979 4728 2080 4783 viri

505 4801 825 4860 bellatores.
865 4823 886 4858 ι
914 4804 1090 4861 Ponat
1114 4808 1348 4879 agricola
1377 4825 1536 4865 curas
1597 4822 1651 4864 et
1681 4815 1918 4868 studium
1975 4818 2081 4872 sibi

504 4893 916 4962 charissimum;
979 4911 1046 4950 ex
1095 4907 1278 4952 aratro
1311 4899 1699 4970 rltomphazam,
1749 4913 1804 4958 et
1857 4921 1891 4961 e
1941 4905 2081 4964 falce

505 4983 748 5038 lanceam
805 4984 909 5039 sibi
963 4983 1235 5052 fabricet;
1268 5003 1374 5042 non
1427 4987 1574 5043 enim
1620 4999 1822 5046 terram
1863 4995 2076 5050 colendi

502 5085 716 5145 tempus
745 5085 852 5144 est,
876 5078 970 5132 sed
998 5077 1109 5133 Deo
1140 5089 1454 5149 contempto
1490 5083 1651 5136 dandi
1683 5099 1890 5153 prunas.
1926 5087 2081 5154 Quod

503 5169 548 5224 si
603 5169 725 5238 quis
780 5169 1029 5224 infirmus
1081 5169 1286 5238 fuerit,
1340 5185 1409 5226 ne
1456 5173 1882 5230 imbecillitatem
1937 5193 2073 5247 prae-

505 5269 695 5326 texat;
742 5261 1037 5317 mentiatur
1091 5263 1289 5332 potius,
1337 5263 1384 5319 si
1435 5265 1614 5332 lubet,
1668 5278 1724 5323 et
1778 5269 1883 5325 sibi
1930 5271 2075 5328 vires

502 5366 608 5406 non
643 5351 831 5407 deesse
860 5363 1124 5410 autumet.
1177 5355 1334 5412 Absit
1383 5356 1528 5412 enim
1562 5369 1620 5413 ut
1648 5361 1716 5416 ab
1772 5362 1858 5418 his
1906 5367 2074 5421 armis

503 5457 563 5496 se
589 5454 863 5499 removeat
893 5445 909 5500 !
939 5445 1351 5518 Congregamini
1387 5449 1568 5522 igitur,
1602 5469 1813 5520 omnes,
1875 5457 2072 5528 inquit,

504 5531 831 5618 qui'circum
860 5532 1102 5592 Iudaeam
1126 5539 1406 5609 habitatis,
1435 5552 1490 5600 et
1528 5545 1674 5602 mitis
1703 5561 1920 5619 quoque
1960 5565 2066 5620 pu-

578 5711 628 5747 θ’
652 5713 795 5771 Psal.
834 5730 1005 5785 vau,
1036 5717 1120 5775 l9.

2185 4567 2350 4622 φησιν
2401 4570 2420 4604 ‹
2462 4551 2753 4620 Ἂγιάσατε
2785 4552 3041 4623 πόλεμον,
3085 4551 3396 4622 ἑξεγείρατε
3423 4553 3548 4636 τοὺς
3583 4570 3761 4622 μαχη-

2182 4646 2300 4708 τάς.
2322 4663 2340 4696 ι
2376 4645 2486 4698 Καὶ
2505 4645 2567 4715 δὴ
2589 4644 2685 4698 καὶ
2715 4647 2994 4714 ἑπιφωνεῖ,
3022 4645 3115 4698 καί
3135 4662 3288 4714 φησι,
3333 4664 3348 4696 ι
3379 4645 3760 4715 Προσαγάγετε

2184 4735 2386 4800 πάντες
2417 4736 2607 4808 ἄνδρες
2635 4736 2975 4807 πολεμισταί.
3007 4756 3025 4788 ι
3055 4737 3428 4808 Καταληγρέτω
3455 4736 3552 4806 μὲν
3590 4737 3619 4788 6
3663 4752 3763 4806 γηο

2185 4826 2346 4889 πόνος
2370 4824 2477 4878 τῶν
2508 4826 2656 4897 αὐτῷ
2676 4827 3006 4894 φιλαιτάτων
3032 4827 3349 4897 φροντίδων,
3377 4827 3472 4880 καὶ
3498 4824 3762 4879 σπουδασ-

2188 4915 2393 4986 μάτων.
2433 4917 2902 4987 Μεταχαλκευέτω
2928 4917 2985 4971 δὲ
3015 4918 3076 4971 τὸ
3124 4918 3221 4989 μὲν
3262 4917 3492 4989 ἄροτρον
3518 4919 3596 4980 είς
3622 4919 3756 4987 ῥομ-

2187 5005 2372 5074 φαίαν,
2406 5006 2505 5077 τὴν
2545 5007 2601 5060 δὲ
2639 5007 2912 5078 δρεπάνην
2952 5009 3032 5070 εἰς
3079 5008 3462 5078 σειρομάστας.
3521 5008 3594 5059 Οὐ
3649 5008 3760 5076 γάρ

2188 5097 2307 5148 ἑστι
2333 5097 2428 5149 τοῦ
2459 5101 2715 5167 γηπονείν
2759 5100 2788 5152 6
2821 5099 3033 5170 καιρὸς,
3075 5099 3209 5153 ἀλλά
3247 5099 3340 5152 τοῦ
3371 5099 3568 5153 διδόναι
3605 5098 3761 5162 δίκας

2185 5187 2544 5260 ὴτιμασμένῳ
2562 5188 2698 5258 Θεῷ.
2726 5189 2787 5242 Ei
2807 5190 2863 5242 δὲ
2883 5191 2944 5260 δή
2963 5207 3046 5253 τις
3067 5192 3150 5261 εἴη
3184 5192 3276 5244 καὶ
3296 5191 3572 5254 ἀδύνατος,
3605 5192 3758 5259 φησι,

2189 5275 2264 5345 μὴ
2296 5277 2495 5347 σκῆψιν
2522 5279 2690 5348 ἑχέτω
2719 5279 2777 5331 τὸ
2794 5281 3041 5346 ἀναλκὲς,
3074 5281 3352 5350 ψευδέσθω
3375 5282 3430 5334 δὲ
3453 5284 3546 5335 καὶ
3578 5281 3761 5348 αὐτὸς,

2186 5369 2236 5419 εί
2255 5365 2525 5437 βούλεται,
2560 5371 2652 5423 καὶ
2682 5370 2890 5437 λεγέτω
2916 5373 2976 5424 τὸ
3003 5373 3280 5428 δύνασθαι.
3315 5373 3406 5444 Μὴ
3427 5373 3534 5446 γάρ
3567 5373 3630 5444 δὴ
3656 5373 3769 5426 τῶν

2183 5459 2363 5514 ὃπλων
2403 5463 2520 5532 ἤτω
2558 5465 2796 5536 μακράν.
2833 5465 3225 5537 Συναγείρεσθε
3266 5466 3330 5538 δὴ
3369 5462 3460 5520 οὖν
3504 5467 3764 5529 ἅπαντες,

2183 5555 2367 5626 φησὶν,
2406 5558 2455 5610 οἱ
2493 5557 2678 5629 κύκλῳ
2713 5559 2810 5630 τῆς
2852 5559 3133 5627 Ἰουδαίας,
3186 5561 3280 5615 καὶ
3323 5561 3353 5613 6
3394 5559 3579 5630 πραῦς
3612 5559 3771 5612 ἔσται
