4132 6370
433 368 542 428 397

1318 371 1870 430 COMMENTARIUS
1910 370 1975 424 IN
2016 370 2276 426 JOELEM
2316 371 2757 428 PRUPHETMI.

3571 382 3678 436 598

435 481 704 553 μαχητὴς,
749 482 1015 547 τουτέστι,
1063 484 1160 536 καὶ
1211 482 1265 536 εί
1291 501 1374 548 τις
1412 485 1518 538 τῶν
1570 485 1856 554 άοργήτων
1896 483 1980 551 εῐη

2109 497 2227 550 sua:
2253 499 2312 537 se
2341 486 2560 547 credat,
2597 488 2698 540 hoc
2719 495 2841 550 est,
2912 488 3014 541 etsi
3064 489 3328 560 quispiam
3373 492 3532 550 irasci
3577 512 3676 551 ne-

431 571 572 622 εστω
602 571 700 624 καὶ
730 566 884 635 οὗτος
915 575 1184 644 μαχητής.
1218 574 1444 644 Ὅμοιον
1475 575 1550 637 ὡς
1575 577 1623 628 εί
1654 575 1820 643 λέγει,
1849 575 2000 628 ουδε-

427 659 516 724 νὸς
541 661 603 714 τὺ
629 661 849 732 σύμπαν
889 663 1371 734 ὑπολελειμμένου·
1408 667 1530 720 Κᾶν
1559 669 1606 719 εί
1639 667 1873 736 γηπόνος
1917 684 2002 730 τις

426 755 534 824 εἴη,
585 755 689 809 κᾶν
734 759 783 809 εί
823 756 992 820 δειλός
1049 773 1106 809 τε
1149 757 1243 809 καὶ
1284 759 1544 829 ἄνανδρος
1595 753 1785 829 (οὗτος
1823 757 1932 826 γὰρ
1973 760 2002 810 6

425 845 762 916 ἀδύνατος),
781 847 882 900 κᾶν
909 849 957 900 εἰ
977 850 1169 918 πρᾷος,
1196 849 1290 901 καὶ
1321 848 2002 920 ἀφιλοπόλεμος,παροιθη-

424 937 604 1005 γέσθω
633 941 771 1008 πρὸς
802 938 1002 1010 μάχην.
1032 941 1450 1010 Παραιτήσομαι
1481 941 1590 1010 γὰρ
1616 941 1822 994 οὐδένα.
1875 945 2002 994 Δια-

424 1028 598 1097 κρινῶ
629 1029 687 1082 δὲ
734 1030 982 1096 ἅπαντας
1009 1033 1067 1086 ἐν
1100 1036 1165 1104 τῇ
1204 1034 1410 1088 κοιλάδι
1448 1034 1542 1087 τοῦ
1588 1035 1877 1103 Ἰωσαφάτ.
1927 1035 2002 1088 Τὸ

421 1118 756 1192 δὲΔιακρινῶ
782 1125 1054 1195 σημαίνει,
1081 1127 1161 1179 ὅτι
1187 1127 1393 1197 Κριτὴς
1417 1127 1610 1196 ἔσομαι
1632 1128 2001 1193 δυνατὸς,ποι-

423 1213 539 1274 ναῖς
599 1229 659 1266 τε
701 1215 797 1267 καὶ
839 1215 1019 1280 δίκαις
1063 1218 1227 1280 ἐνιεὶς
1277 1221 1404 1281 τοὺς
1448 1219 1857 1289 διαρπάσαντας
1902 1219 1999 1290 μὲν

421 1305 525 1373 γῆν
570 1303 666 1376 τὴν
696 1306 856 1378 ἐμὴν,
912 1307 1101 1380 κλήρῳ
1133 1309 1190 1362 δὲ
1222 1309 1578 1380 διαλαχόντας
1613 1311 1706 1363 τὸν
1761 1309 1995 1382 Ἰσραὴλ,

421 1394 515 1447 καὶ
570 1395 796 1467 πόρναις
848 1398 948 1468 μὲν
1007 1400 1302 1465 δεδωκότας
1359 1401 1428 1455 τὰ
1480 1402 1763 1473 παιδάρια,
1829 1420 1999 1456 κατα-

420 1488 774 1558 πεπρακότας
833 1491 890 1544 δὲ
919 1489 989 1544 τὰ
1034 1493 1282 1563 κοράσια,
1327 1493 1422 1547 καὶ
1456 1493 1531 1558 ὡς
1571 1489 1713 1548 οἶνον
1743 1498 2000 1548 ἐκπεπω-

420 1579 606 1645 κὸτας.

504 1673 866 1746 Ἐπιφωνήσει
895 1675 938 1728 δ’
976 1676 1042 1730 ἂν
1079 1677 1147 1730 τὰ
1183 1676 1362 1731 τοιάδε
1392 1678 1554 1732 πάλιν
1581 1681 1695 1741 τοῖς
1727 1681 1824 1749 τῆς
1870 1681 1993 1733 Ἐκ·

418 1762 648 1834 κλησίας
694 1765 906 1837 ἐχθροῖς
948 1769 976 1820 6
1009 1767 1233 1837 Κύριος,
1287 1769 1334 1820 οἳ
1369 1767 1474 1821 κᾶν
1520 1769 1863 1839 παμπληθεῖ,
1898 1772 1994 1824 καὶ

2107 573 2263 637 sciat,
2307 575 2652 632 nihilominus
2693 579 2832 632 idem
2865 593 3014 632 arma
3045 582 3322 650 corripiat.
3353 584 3583 642 Perinde
3615 605 3678 643 ac

2105 663 2149 716 si
2173 664 2336 731 dicat,
2362 666 2511 720 nullo
2536 682 2757 735 prorsus
2795 670 2984 725 relicw
3019 687 3034 725 :
3068 671 3194 727 Sive
3227 689 3362 744 opus
3412 681 3675 732 rusticum

2106 751 2268 806 iaciat
2297 758 2439 822 quis,
2501 758 2614 811 sive
2656 759 2876 814 timidus
2911 771 2964 814 et
3014 762 3246 818 imbellis
3283 766 3351 836 (is
3397 770 3539 822 enim
3596 782 3680 824 est

2105 844 2410 916 ἀδύνατος),
2435 849 2549 902 sive
2575 853 2841 906 mansueti
2870 854 3068 922 ingenii
3094 866 3148 908 et
3175 872 3203 909 a
3233 857 3424 911 bellico
3449 864 3674 928 strepitu

2104 937 2333 1006 alienus,
2376 941 2440 994 ad
2477 956 2710 1012 pugnam
2738 954 2910 999 semel
2949 959 3178 1002 exacuat
3212 987 3225 1012 ,
3274 951 3477 1004 nullum
3515 969 3675 1005 recu-

2101 1025 2253 1080 sabo.
2285 1025 2547 1084 Judicabo
2573 1046 2762 1087 omnes
2793 1035 2846 1088 in
2868 1036 3005 1090 valle
3031 1035 3290 1108 Josapbat
3320 1059 3333 1094 :
3364 1045 3506 1111 quod
3545 1060 3671 1097 ver-

2103 1115 2230 1170 bum
2261 1119 2547 1188 signiﬁcat,
2585 1121 2747 1190 iudex
2780 1141 2874 1181 ero
2900 1138 3122 1198 potens,
3181 1134 3360 1200 pomis
3391 1143 3445 1189 et
3472 1135 3678 1205 suppli-

2101 1207 2202 1262 ciis
2236 1224 2601 1280 prosequens,
2637 1216 2725 1284 qui
2767 1217 3067 1274 diviserunt
3101 1230 3304 1277 terram
3354 1240 3526 1280 meam
3553 1265 3568 1290 ,
3623 1237 3678 1281 et

2101 1309 2248 1352 sorte
2288 1300 2682 1360 distribuerunt
2715 1308 2916 1374 Israel,
2977 1312 3425 1384 tradideruntque
3471 1333 3668 1386 pueros

2102 1393 2496 1459 meretricibus,
2539 1406 2593 1450 et
2621 1399 2825 1466 puellas
2853 1403 3232 1471 vendiderunt,
3281 1416 3443 1474 atque
3495 1420 3551 1462 ιιι
3594 1411 3674 1464 vi-

2101 1495 2228 1535 num
2259 1483 2530 1540 biberunt.

2171 1661 2320 1717 Talia
2358 1681 2568 1720 rursum
2600 1668 2853 1725 Ecclesia:
2891 1673 3137 1729 hostibus
3188 1679 3446 1733 Dominus
3491 1682 3672 1737 accla-

2101 1756 2331 1808 maverit
2369 1772 2382 1807 :
2423 1759 2513 1827 qui
2564 1774 2871 1830 quanquam
2911 1765 3042 1818 totis
3074 1769 3246 1837 copiis
3289 1779 3344 1824 et
3387 1775 3534 1826 omni
3581 1791 3672 1830 ro-

417 1853 513 1927 ὃλῃ
541 1855 766 1927 δυνάμει
803 1844 1204 1928 χρώμενοίτῶν
1235 1859 1403 1928 ἁγίων
1428 1861 1982 1931 καταστρατεύονται,

2091 1844 2220 1900 bore
2249 1857 2467 1902 sanctos
2506 1855 2888 1921 oppugnarint,
2923 1859 3115 1911 cadent
3158 1860 3399 1927 profecto
3445 1879 3657 1930 Omnes,

417 1946 708 2000 πεσοῦνται
731 1948 795 2018 δὴ
825 1949 1022 2012 πάντες
1046 1949 1208 2004 αὑτοῦ
1239 1950 1687 2020 προασπίζοντος,
1708 1951 1994 2016 κάκείνους

419 2039 520 2109 μὲν
555 2041 1043 2112 καταστρέφοντος,
1091 2041 1520 2110 ἁνατειχίζοντος
1561 2042 1616 2095 δὲ
1654 2043 1783 2106 τοὺς
1831 2043 1994 2106 ἰδίους

416 2128 800 2200 προσκυνητὰς
824 2130 1028 2195 πίστει,
1056 2131 1153 2183 καλ⁴
1182 2131 1378 2197 ἐλπίδι,
1403 2135 1497 2186 καὶ
1533 2133 1744 2206 ἀγάπῃ,
1779 2135 1874 2188 καὶ
1895 2135 1993 2206 τῆς

417 2219 552 2284 ιδίας
577 2221 914 2292 ἡμερότητος
941 2222 1185 2290 ἀγαθοῖς.

496 2311 993 2375 Ἐξαποστείλατε
1019 2313 1304 2382 δρέπανα,
1330 2314 1419 2369 ὅτι
1444 2319 1825 2385 παρέστηκεν
1853 2336 1992 2387 τρυ-

413 2401 614 2470 γητὸς,
665 2406 1111 2474 εῖσπορεύεσθε,
1163 2407 1435 2472 πατεῖτε,
1482 2401 1630 2464 διότι
1672 2411 1911 2479 πλήρης
1953 2412 1991 2479 ἡ

412 2496 632 2560 ληνός·
673 2497 1016 2564 ὺπερχεῗται
1049 2498 1122 2553 τὰ
1154 2499 1478 2568 ὑπολήνια,
1519 2501 1607 2554 ὅτι
1642 2503 1991 2570 ἐπληθύνθη

409 2583 486 2637 τὰ
523 2587 677 2639 κακὰ
705 2589 924 2643 αὐτῶν.
949 2585 1126 2658 ἿΙχοι
1147 2590 1545 2660 ἠκούσθησαν
1563 2593 1633 2646 ἐν
1660 2593 1735 2662 τῇ
1761 2594 1992 2648 κοιλάδι

411 2675 524 2742 τῆς
550 2677 744 2747 δίκης,
778 2679 867 2734 ὅτι
892 2681 1072 2750 ἐγγὺς
1112 2683 1150 2751 ἡ
1176 2683 1366 2752 ἡμέρα
1403 2685 1624 2752 Κυρίου
1659 2686 1728 2738 ἐν
1762 2686 1835 2754 τῇ
1867 2705 1990 2740 κοι-

411 2769 550 2823 λάδι
581 2769 689 2838 τῆς
713 2770 905 2839 δίκης.
948 2773 1000 2824 '0
1036 2772 1210 2840 ἥλιος
1235 2774 1334 2827 καὶ
1362 2776 1400 2842 ἢ
1429 2775 1662 2843 σελήνη
1687 2779 1990 2832 συσκοτά-

411 2876 654 2924 cavo-tr,
700 2863 799 2916 καί
838 2864 911 2916 τὰ
952 2863 1146 2931 ἄστρα
1187 2863 1488 2919 δύσουσιν
1530 2867 1596 2920 τὸ
1634 2868 1853 2938 φέγγος
1883 2873 1992 2924 αὐ-

413 2952 547 3007 τῶν.
584 2953 636 3005 Ὁ
667 2954 736 3008 δὲ
775 2957 988 3024 Κύριος
1004 2957 1074 3010 ἐκ
1101 2956 1254 3011 Σιὼν
1273 2959 1757 3028 ἀνακεκράξεται,
1803 2964 1898 3016 καὶ
1922 2965 1992 3029 ἐξ

425 3045 808 3116 Ἰερουσαλὴμ
838 3047 1017 3102 δώσει
1053 3049 1264 3119 φωνὴν
1306 3051 1512 3116 αὑτοῦ,
1546 3053 1643 3107 καί
1671 3055 1992 3123 σεισθήσε-

413 3155 506 3191 ται
533 3141 567 3192 ό
587 3139 864 3206 οὐρανὸς,
896 3140 993 3194 καὶ
1021 3142 1060 3209 ἡ
1082 3140 1180 3211 τῆ.

482 3229 615 3283 MB'.
654 3231 732 3282 Tdt
765 3231 864 3298 μὲν
908 3233 1178 3303 πρόσοικα
1207 3233 1315 3287 τῶν
1363 3234 1533 3288 ἐθνῶν
1573 3239 1673 3307 τῆς
1724 3237 1984 3302 Ἰουδαίας

411 3321 514 3391 γῆς
541 3321 785 3389 ’Ἄραϐάς
825 3340 885 3375 τε
932 3325 1073 3394 φημὶ
1117 3325 1209 3379 καὶ
1261 3326 1515 3397 Τυρίους,
1545 3327 1852 3394 Γετθαίους,
1892 3332 1986 3384 καὶ

410 3412 732 3482 Φιλιστιεὶμ,
766 3414 1080 3480 Μωαϐίτας,
1115 3415 1211 3469 κα¹ι⁹
1250 3417 1602 3487 Ἰδουμαίους,
1623 3418 1980 3489 Ἀμμανίτας,

411 3505 506 3557 καὶ
541 3505 931 3574 Γεργεσαίους,
961 3507 1125 3560 οἱονεὶ
1155 3507 1416 3577 σάλπιγγι
1452 3511 1822 3580 κεχρημένους
1863 3531 1980 3566 συν-

411 3596 652 3667 αγείρειν
695 3597 977 3650 ἐκέλευσεν
1016 3600 1095 3662 είς
1136 3600 1234 3669 τὴν
1284 3599 1505 3654 κοιλάδα
1543 3601 1980 3674 τοῦ,ἰωσαφὰτ,

407 3685 482 3747 ὡς
505 3686 704 3740 αὐτίκα
727 3687 789 3756 δὴ
824 3688 968 3756 μάλα
992 3689 1432 3760 τεθνηξομένους,
1467 3692 1560 3745 καὶ
1594 3693 1797 3764 πικρὰς
1825 3695 1985 3764 ὑφέξ-

409 3791 565 3838 οντας
595 3775 674 3844 τῷ
703 3777 938 3846 κρίνοντι
973 3777 1148 3841 δίκας.
1184 3779 1500 3851 Παραθήγει
1530 3781 1587 3834 δὲ
1622 3785 1736 3836 νυνὶ
1765 3785 1891 3848 τοὺς
1922 3787 1983 3849 ἐξ

421 3865 634 3938 Ἰσραὴλ
664 3868 743 3930 εἰς
765 3868 972 3938 ἄμαχόν
1001 3886 1123 3922 τινα
1147 3869 1474 3940 προθυμίαν,
1520 3872 1616 3924 καὶ
1655 3873 1981 3943 δυσάντητον

408 3954 598 4026 ἀλκὴν,
628 3957 720 4009 καὶ
747 3957 810 4028 δὴ
855 3959 1348 4030 συναγηγερμένοις
1386 3960 1747 4032 ἐπιθρώσκειν
1793 3963 1980 4035 ὥσπερ

407 4046 798 4114 διακελεύεται,
835 4051 946 4103 δεῖν
977 4051 1033 4104 δὲ
1075 4051 1314 4122 πολέμου
1337 4051 1556 4123 δείμασι
1598 4057 1978 4125 κατεπτοημέ-

407 4155 552 4205 νους,
582 4139 704 4194 οὕτε
737 4142 842 4214 μὴν
875 4145 954 4205 εἰς
987 4143 1167 4214 μάχην
1218 4144 1395 4208 ίόντας
1438 4145 1594 4210 ὅλως,
1644 4147 1976 4218 ἡγουμένους

405 4229 462 4284 δὲ
497 4233 694 4302 μᾶλλον
722 4234 784 4286 τὸ
817 4236 1000 4305 χρῆμα
1041 4235 1275 4307 τρυφὴν,
1327 4237 1422 4289 καὶ
1464 4238 1522 4288 ἐν
1569 4237 1807 4309 θυμηδίᾳ
1847 4241 1978 4293 αὐτὸ

406 4326 878 4395 καταγράφοντας,
926 4329 1018 4380 καὶ
1059 4328 1366 4400 γεγηθότας
1415 4332 1472 4382 ἐν
1509 4333 1608 4400 ἴσῳ
1639 4335 1750 4394 τοῖς
1785 4333 1882 4397 τὰς
1918 4335 1977 4398 ἐξ

404 4416 662 4485 ἀμπέλων
712 4419 1016 4490 εὐκαρπίας
1063 4421 1397 4490 συλλέγουσι.
1448 4423 1717 4495 Ταύτῃτοί
1773 4443 1972 4497 φησιν·

411 4527 428 4558 ι
452 4507 895 4573 Ἐξαποστείλατε
924 4512 1182 4583 δρέπανα,
1209 4514 1288 4565 ὅτι
1318 4515 1627 4586 παρέστηκε
1650 4518 1918 4587 τρυγητὺς
1955 4537 1970 4567 ι
2011 4545 2056 4602 ο

406 4598 486 4667 (τὸ
504 4601 970 4664 ἐξαποστείλατε
989 4604 1178 4671 τιθεὶς,
1209 4607 1330 4658 ἀντὶ
1356 4606 1472 4668 τοῦ,
1503 4607 1864 4677 ἐκπέμψατε),
1885 4612 1980 4662 καὶ

405 4692 700 4758 ἐκτείνατε,
735 4695 984 4767 καθάπερ
1010 4697 1202 4766 ἀμέλει
1237 4699 1332 4750 καὶ
1360 4700 1408 4751 oi
1454 4700 1660 4770 τρυγᾷν
1703 4700 1975 4765 εἰωθότες.

403 4784 691 4840 Κείσονται
719 4787 827 4860 γὰρ
859 4789 1066 4859 ἕτοιμοι
1094 4789 1231 4860 πρὸς
1258 4791 1560 4861 ἀναίρεσιν,
1589 4793 1874 4862 εὐτρεπεῖς
1900 4797 1978 4857 εἰς

402 4879 738 4949 κατατομήν.
799 4879 1220 4952 Ἀποκειρέσθω,
1267 4883 1454 4952 φησιν,
1496 4883 1525 4935 6
1569 4883 1847 4954 πολέμιος,
1901 4885 1976 4948 ὡς

402 4965 461 5032 ἐξ
482 4966 726 5037 ἀμπέλου
761 4968 972 5041 βότρυςο
1018 4971 1294 5025 πατείσθω
1346 4973 1402 5025 δὲ
1440 4973 1629 5047 ὥσπερ
1673 4978 1730 5028 ἐν
1773 4976 1972 5047 ληνοῖς,

402 5057 642 5127 σωρηδὸν
685 5059 789 5112 ὑπὸ
831 5060 997 5122 πόδας
1031 5059 1301 5130 κείμενος.
1342 5081 1360 5112 ι
1411 5064 1808 5136 Εξσπορεύεσθε
1840 5069 1969 5137 γὰρ,

400 5149 555 5216 φησὶ,
610 5153 850 5214 πατεῖτε,
891 5151 1025 5204 διότι
1073 5152 1288 5224 πλήρης
1335 5155 1367 5224 ἠ
1417 5155 1596 5226 ληνὸς,
1624 5176 1641 5206 ι
1704 5159 1968 5221 τουτέστι,

401 5243 831 5313 συγκεκόμισται
862 5245 998 5315 πρὸς
1037 5244 1257 5314 ὄλεθρον
1304 5247 1412 5299 τῶν
1451 5247 1620 5301 ἐθνῶν
1659 5250 1691 5318 ἠ
1743 5249 1970 5320 πληθὺς,

398 5329 547 5385 οὐδὲν
571 5331 630 5384 τὸ
659 5333 984 5387 κωλύονὺπὸ
1015 5335 1180 5398 πόδας
1210 5331 1348 5390 εἶναι
1385 5338 1510 5400 τοὺς
1538 5337 1685 5402 σούς,
1719 5357 1738 5390 ι
1768 5340 1968 5412 ’Υπερ-

397 5422 572 5491 χεῖται
614 5421 681 5476 τὰ
709 5425 996 5496 ὑπολήνια.
1023 5444 1043 5478 ι
1097 5427 1328 5496 Σημεῖον
1379 5428 1436 5482 δέ
1489 5429 1576 5484 διὰ
1615 5429 1820 5484 τούτων
1857 5427 1970 5486 οἷον

397 5512 709 5582 ἀμφιλαφές
749 5516 859 5568 τῶν
889 5517 967 5581 είς
1001 5518 1386 5589 καταπάτησιν
1423 5524 1964 5593 συγκεκομισμένων.

410 5600 499 5656 Ἐν
527 5603 633 5674 γάρ
665 5622 744 5658 τοι
775 5609 894 5669 ταῖς
919 5606 1029 5661 τῶν
1062 5606 1302 5679 βοτρύων
1330 5610 1634 5678 ἀφθονίαις,
1671 5615 1763 5666 καὶ
1798 5615 1968 5680 αὑτὰς

393 5694 426 5744 6
450 5688 590 5758 tivo;
629 5695 888 5760 πολλάκις
927 5697 1214 5768 ὑπεραίρει
1257 5699 1355 5762 τὰς
1386 5699 1597 5771 ληνοὺς.
1645 5703 1718 5756 Τὸ
1764 5704 1967 5775 πλῆθος

396 5783 460 5856 δὴ
481 5781 571 5839 οὖν
590 5785 694 5840 τῶν
716 5787 819 5840 im”
843 5787 1004 5851 πόδας
1032 5789 1293 5857 κειμένων
1316 5789 1480 5859 δηλοῖ,
1507 5791 1701 5860 λέγων,
1725 5811 1742 5844 ι
1766 5794 1965 5866 ’Υπερ-

2097 1934 2218 2002 ipso
2239 1947 2553 2009 protegente
2594 1952 2649 1996 et
2672 1942 2794 1998 illos
2825 1946 3040 2013 quidem
3067 1961 3368 2018 everteute,
3404 1971 3529 2010 suos
3565 1974 3666 2012 au-

2097 2034 2203 2080 tem
2231 2029 2463 2086 cultores
2494 2031 2616 2099 lide,
2642 2050 2756 2104 spe,
2791 2038 3055 2094 cbaritate
3084 2051 3139 2096 et.
3168 2041 3519 2114 benignitatis
3545 2064 3660 2104 sua:

2097 2120 2435 2185 muneribus,
2477 2140 2749 2180 murorum
2781 2129 2970 2196 instar,
2998 2134 3413 2194 corroborante.

2169 2293 2330 2348 Vens.
2363 2297 2551 2352 13—16.
2579 2298 2821 2356 Emittite
2847 2303 3030 2371 falces,
3071 2310 3320 2377 quoniam
3359 2312 3510 2365 adest
3549 2316 3662 2367 uin-

2095 2386 2548 2452 demia;introite
2580 2434 2595 2458 ,
2647 2396 2874 2459 calcate,
2927 2401 3052 2467 quia
3109 2402 3316 2466 plenum
3377 2404 3654 2468 torcular;

2095 2481 2390 2532 redundant
2432 2483 2744 2545 toreularia,
2791 2487 2916 2554 quia
2954 2489 3309 2556 multiplicata
3353 2505 3475 2547 sunt
3518 2500 3666 2550 mala

2093 2582 2292 2622 eorum.
2345 2568 2561 2625 Sonitus
2603 2575 2776 2628 auditi
2818 2588 2939 2631 sunt
2982 2580 3037 2633 in
3071 2580 3206 2634 valle
3252 2583 3445 2650 judicii
3475 2627 3491 2651 ,
3539 2589 3665 2653 quis

2086 2656 2246 2724 juxta
2285 2671 2359 2713 est
2402 2662 2512 2715 dies
2567 2663 2780 2719 Domini
2817 2670 2871 2720 in
2906 2671 3039 2724 valle
3059 2671 3273 2740 judicii.
3328 2673 3422 2729 Sol
3457 2687 3502 2729 et
3537 2678 3664 2732 luna

2094 2750 2594 2819 obtenebrabuntur,
2617 2767 2663 2810 et
2691 2760 2856 2814 stella:
2874 2762 3106 2816 occidere
3128 2763 3319 2832 facient
3337 2767 3662 2833 splendorem

2093 2856 2266 2896 suum.
2298 2841 2368 2896 Et
2399 2845 2650 2902 Dominus
2687 2851 2750 2903 de
2776 2850 2904 2906 Sion
2943 2853 3191 2909 clatttabit
3219 2896 3234 2920 ,
3291 2868 3340 2911 et
3371 2857 3664 2914 Jerusalem

2092 2929 2237 2982 dabit
2260 2948 2430 2987 uocem
2453 2951 2626 3003 suam,
2662 2950 2707 2992 et
2735 2941 3024 2997 movebitur
3064 2949 3248 3000 castum
3285 2957 3335 3001 et
3362 2957 3522 3004 terra.

2166 3232 2323 3287 XLII.
2354 3234 2638 3293 Finitimos
2665 3239 2862 3294 Judaeae
2881 3243 3128 3312 populos,
3159 3245 3389 3315 Arabas,
3416 3250 3658 3322 inquam,

2091 3332 2145 3378 et
2173 3323 2386 3394 Tyrios,
2421 3325 2674 3385 Getbaaos
2712 3341 2766 3386 et
2815 3333 3129 3402 Philistiim,
3175 3336 3435 3395 Moabitas
3470 3353 3526 3396 et
3547 3341 3662 3398 lia-

2090 3419 2636 3481 maeos,Ammonitas
2663 3433 2718 3478 et
2763 3424 3078 3495 Gergesteos
3119 3430 3270 3486 velut
3320 3433 3461 3487 tuba:
3503 3435 3652 3491 (τίειν

2091 3508 2312 3575 goribus
2361 3511 2414 3564 in
2445 3513 2636 3567 vallem
2685 3513 2947 3587 Josapbat
2997 3535 3329 3590 congregare
3355 3525 3517 3595 jussit
3544 3568 3561 3593 ,
3603 3539 3662 3584 ut

2089 3601 2484 3669 quamprimum
2541 3607 2831 3662 morituros
2893 3609 3056 3682 240
3110 3621 3165 3667 et
3225 3617 3451 3670 acerbas
3492 3619 3658 3688 judici

2089 3705 2277 3759 poenas
2307 3695 2696 3762 persoluturos.
2731 3699 2884 3756 Nunc
2911 3703 3185 3760 lsraelitas
3209 3707 3276 3760 ad
3314 3709 3654 3769 alacritatem

2088 3781 2379 3848 quamdam
2436 3784 2907 3858 inexpugnabilem
2971 3793 3335 3866 invictamque
3383 3799 3656 3857 fortitudi-

2089 3886 2210 3924 nem
2239 3876 2558 3941 exsuscitat,
2605 3878 2846 3950 adeoque
2882 3882 2934 3937 in
3000 3897 3357 3957 congregatos
3399 3893 3610 3951 insilire
3637 3939 3654 3964 ,

2087 3967 2242 4032 quasi
2266 3966 2440 4034 jubet,
2472 3980 2524 4023 et
2550 3971 2648 4035 ait,
2679 3987 2770 4026 eos
2797 3989 2958 4044 quam
2983 3979 3215 4034 maxime
3259 3984 3527 4042 audentes
3582 3991 3657 4043 vi-

2086 4055 2198 4108 deri
2223 4066 2498 4126 oportere,
2530 4060 2819 4132 virilesque
2856 4079 2920 4119 ac
2963 4076 3252 4135 strenuos,
3313 4075 3477 4128 etiam
3532 4077 3654 4133 belli

2089 4150 2389 4204 terroribus
2448 4163 2846 4221 consternatos,
2874 4168 2928 4212 et
2956 4175 3191 4230 pugnam
3219 4179 3512 4223 conserere
3543 4170 3656 4224 for-

2084 4241 2352 4296 midantes
2382 4285 2396 4307 ,
2453 4246 2580 4312 quin
2613 4249 2792 4315 potius
2830 4249 2882 4302 id
2932 4251 3133 4308 habere
3190 4270 3290 4324 pro
3339 4259 3546 4316 deliciis
3601 4275 3657 4318 et

2084 4333 2282 4389 ducere
2311 4335 2622 4405 voluptati,
2670 4355 2768 4394 nec
2822 4343 2982 4396 aliter
3025 4345 3301 4414 gaudere,
3343 4365 3509 4418 quam
3560 4358 3650 4423 qui

2085 4425 2306 4479 uberem
2355 4428 2685 4483 vindemiam
2727 4431 2954 4488 faciunt.
3000 4435 3270 4507 Proinde,
3329 4461 3348 4493 ι
3384 4444 3647 4515 Emittite,

2084 4515 2276 4584 inquit,
2305 4517 2486 4584 falces,
2510 4523 2762 4590 quoniam
2793 4525 2944 4579 adest
2973 4529 3294 4586 vindemia.»
3317 4534 3682 4600 ‘EEaaoctel—~

2083 4605 2212 4659 λατε
2242 4610 2420 4676 posuit
2450 4625 2546 4678 pro
2588 4613 2932 4683 ἐκπέμψατε,
2979 4619 3209 4675 emittite
3250 4633 3306 4678 et.
3350 4632 3647 4695 cxtendite,

2081 4697 2338 4752 nimirum
2396 4711 2450 4754 ut
2492 4702 2888 4761 vindemiantes
2920 4723 3337 4770 consueverunt.
3384 4717 3650 4776 Jacebunt

2078 4795 2221 4847 enim
2245 4797 2417 4864 parati
2453 4806 2509 4849 ut
2544 4799 2961 4871 interﬁciantur,
2986 4806 3161 4874 parati
3184 4817 3243 4863 ut
3272 4822 3641 4876 amputentur.

2076 4885 2461 4952 Abscindatur,
2487 4889 2703 4957 inquit,
2754 4893 2945 4960 hostis,
3002 4906 3126 4950 uta
3177 4899 3286 4952 vite
3339 4900 3550 4966 botrus,
3593 4914 3648 4956 et

2077 4975 2304 5042 pedibus
2352 4977 2626 5045 subiectus
2656 5019 2672 5045 ,
2733 4981 2872 5034 sicut
2914 4982 2966 5035 in
3043 4985 3299 5038 torculari
3353 4987 3644 5040 acervatim

2075 5065 2443 5120 conculcetur.
2479 5067 2565 5120 Ait
2588 5069 2732 5122 enim
2758 5109 2773 5133 ,
2823 5067 2850 5122 ἰ
2898 5070 3144 5136 Introite,
3175 5082 3230 5128 et
3260 5074 3486 5137 calcate,
3519 5076 3643 5142 quia

2076 5156 2290 5226 plenum
2313 5168 2392 5213 est
2429 5159 2687 5225 torcular,
2736 5178 2753 5211 ι
2787 5160 2888 5216 hoc
2926 5173 3047 5228 est,
3100 5174 3437 5232 comportata
3470 5167 3642 5218 estad

2074 5249 2499 5304 internecionem
2545 5252 2832 5308 multitudo
2883 5257 3123 5323 gentium
3157 5297 3173 5321 ,
3231 5256 3367 5310 nihil
3413 5256 3640 5320 obstat,

2073 5339 2367 5408 quominus
2414 5341 2778 5410 subiiciantur
2799 5343 3026 5412 pedibus
3078 5346 3203 5400 tuis.
3263 5363 3282 5397 ι
3314 5344 3642 5400 Redundant

2074 5431 2386 5484 toreularia.
2423 5452 2441 5484 ι
2503 5432 2732 5503 Signum
2788 5433 3090 5501 perfectum
3159 5435 3451 5490 calcandos
3517 5450 3641 5491 esse

2073 5533 2461 5592 comportatos.
2493 5525 2704 5580 Etenim
2754 5525 2809 5579 in
2842 5541 3070 5579 uvarum
3103 5527 3433 5581 abundantia
3474 5528 3639 5582 etiam

2073 5613 2186 5681 ipsa
2237 5613 2525 5667 toreularia
2574 5613 2760 5668 vinum
2792 5629 2934 5682 sazpe
2976 5615 3208 5669 excedit.
3255 5615 3638 5686 Frequentiam

2071 5704 2238 5774 igitur
2287 5705 2388 5759 sub
2437 5705 2664 5776 pedibus
2711 5703 3011 5773 iacentium
3055 5707 3160 5762 boc
3191 5709 3358 5762 verbo
3415 5707 3640 5763 demon-

2071 5807 2227 5865 strat,
2262 5817 2281 5851 ι
2325 5799 2650 5856 Redundant
2715 5798 3025 5855 toreularia.
3069 5820 3088 5855 ι
3121 5799 3378 5873 Sequitur
3411 5818 3426 5855 :
3470 5820 3489 5854 ι
3525 5801 3625 5857 So-
