4132 6370
426 345 531 401 399

1417 333 1480 386 S.
1529 329 1804 387 CYltlLLl
1842 330 2314 388 ALEXANDRINI
2353 331 2670 387 ARCHIEP.

3595 335 3703 393 me

429 461 575 514 uitus
617 454 784 512 auditi
813 461 938 510 sunt
970 451 1027 508 in
1050 449 1191 506 valle
1216 448 1428 521 judicii.
1477 469 1495 502 ι
1530 448 1596 503 Et
1635 448 1893 518 quidnam
1931 449 2008 502 is-

2116 453 2286 521 χεῖται
2320 451 2388 505 τά
2421 449 2703 521 ύπολήνια.
2735 470 2751 501 ι
2811 471 2828 501 ι
2853 447 3016 520 Ἤχοι
3057 449 3331 521 ἐξήχησαν
3379 453 3436 504 ἐν
3477 454 3544 524 τῇ
3582 470 3701 507 κοι-

429 551 527 607 tud
553 547 680 606 est?
707 545 902 603 Solent
943 542 1114 599 sancti
1146 541 1423 612 propheta:
1455 548 1713 595 eventura
1758 555 2010 608 praenun-

431 644 610 706 tiare,
662 649 716 693 et
768 652 1159 706 nonnunquam
1219 649 1400 690 rerum
1461 633 1700 701 ipsarum
1753 632 2013 701 imagines

429 733 613 788 animo
648 731 960 799 concipere,
995 737 1055 783 ut
1075 727 1190 795 jam
1227 736 1340 781 tum
1376 733 1431 779 et
1458 725 1644 777 videre
1676 723 1776 778 sibi
1805 723 2010 790 futura,

429 833 484 880 et
522 838 681 878 voces
713 821 861 892 ipsas
886 820 1076 874 audire
1101 820 1408 873 videantur.
1446 814 1514 869 Et
1549 815 1675 885 quia
1703 827 1896 868 omnes
1941 815 2011 868 ad

428 931 593 968 unum
625 911 938 982 perditurus
977 919 1097 964 erat
1128 921 1451 978 progressus
1497 907 1562 959 ad
1606 903 2012 959 dimicationem

432 1005 951 1067 Nabuchodonosor,
973 1002 1039 1056 ad
1064 1000 1239 1070 ipsum
1260 998 1461 1054 {indum
1484 996 1608 1052 belli
1639 994 2012 1065 spectaculum

432 1099 611 1153 animo
657 1105 711 1152 et
762 1095 1084 1166 cogitatione
1134 1092 1396 1162 abreptus
1474 1100 1560 1144 est
1607 1086 1873 1142 Jeremias
1905 1103 1920 1152 ;
1953 1096 2012 1141 et

433 1199 642 1244 tantum
672 1202 778 1242 non
823 1185 953 1256 ipsis
1007 1183 1178 1238 oculis
1223 1180 1650 1237 innumerabiles
1702 1179 2012 1234 occisorum

431 1287 678 1332 catervas
712 1271 1130 1343 contemplatus,
1157 1271 1382 1326 aiebat:
1426 1286 1446 1320 ι
1496 1267 1608 1322 Heu
1653 1267 1784 1322 mihi
1819 1307 1834 1332 ,
1879 1267 2010 1336 quia

433 1369 615 1424 deﬁcit
643 1368 821 1422 anima
855 1381 972 1420 mea
1000 1373 1221 1435 prepter
1262 1363 1581 1418 interfectos
1639 1361 1686 1394 ⁶⁹
1718 1362 1732 1415 ι
1771 1380 1790 1414 ι
1824 1360 2014 1416 Simile

432 1461 712 1532 quiddam,
743 1469 800 1513 ut
823 1468 976 1529 puto,
1021 1471 1144 1511 cum
1175 1467 1229 1511 et
1261 1454 1397 1510 Joeli
1448 1454 1737 1510 accidisset
1769 1463 1821 1508 et
1871 1451 2014 1508 forte

435 1550 723 1605 tumultum
760 1549 1010 1604 bellicum
1053 1549 1277 1602 auribus
1303 1545 1630 1615 accepisset,
1664 1543 1784 1597 ideo
1816 1544 1957 1596 dixit
1994 1555 2011 1592 :

329 1659 344 1675 ·
440 1661 460 1695 ι
501 1642 723 1698 Sonitus
753 1641 919 1695 auditi
951 1647 1080 1695 sunt
1117 1639 1171 1693 in
1215 1637 1353 1692 valle
1391 1635 1602 1707 judicii.
1646 1653 1668 1688 ›
1715 1635 1781 1690 Et
1815 1633 2012 1690 vallem

435 1736 651 1806 quidem
690 1733 882 1804 judicii
935 1733 1167 1804 appellat
1221 1729 1538 1786 certaminis
1601 1729 1801 1793 locum,
1857 1728 2013 1798 quasi

441 1844 547 1882 non
603 1827 766 1882 aliam
814 1827 883 1881 ob
940 1812 1162 1881 causam
1207 1825 1456 1895 gentibus
1503 1837 1569 1877 eo
1621 1822 1962 1893 congregatis
1993 1864 2008 1890 ,

439 1935 603 1988 quam
640 1928 696 1974 ut
723 1921 962 1990 graviter
994 1917 1336 1988 punirentur.
1373 1933 1393 1966 ι
1437 1915 1660 1970 Sonitus
1695 1925 1876 1968 autem
1911 1927 2014 1966 au-

439 2016 601 2078 ditos,
638 2032 657 2066 ι
693 2024 785 2068 aut
822 2011 1190 2083 oppeteutium
1220 2009 1453 2080 gemitus
1476 2047 1492 2074 ,
1545 2015 1642 2063 aut
1677 2007 2011 2062 vincentium

441 2107 714 2161 laetisonas
741 2120 902 2160 voces
929 2107 1034 2161 hoc
1063 2105 1184 2160 loco
1215 2101 1478 2157 nominat.
1514 2099 1628 2156 Mos
1661 2099 1807 2155 enim
1847 2108 1932 2154 est
1959 2097 2019 2152 in

440 2199 558 2254 acie
585 2199 905 2255 cadentibus
945 2197 1176 2270 gemitus
1199 2194 1429 2251 fundere
1457 2237 1472 2260 ,
1523 2204 1579 2249 et
1609 2195 1811 2263 potitos
1840 2190 2015 2245 victo-

439 2289 546 2354 ria,
575 2288 885 2360 jacentibus
922 2286 1368 2360 (necimmerito)
1403 2284 1683 2355 gloriando
1731 2281 2015 2338 insultare.

441 2379 625 2435 Solem
659 2394 822 2449 porro
848 2389 904 2434 et
940 2378 1122 2432 lunam
1156 2376 1568 2432 obtenebratum
1596 2373 1662 2427 iri
1698 2374 1796 2438 ait,
1844 2372 2021 2440 ipsas-

441 2486 545 2541 que
583 2471 769 2526 stellas
793 2470 996 2525 lumine
1031 2469 1341 2532 carituras;
1375 2481 1480 2520 non
1511 2465 1657 2536 quod
1711 2465 1812 2518 hoc
1841 2463 2017 2532 ipsum

447 2573 576 2617 tunc
615 2577 836 2631 passura
866 2561 977 2616 sint
1011 2560 1275 2615 elementa
1310 2559 1417 2613 ullo
1467 2557 1649 2618 modo,
1705 2555 1798 2609 sed
1835 2553 2020 2623 praelio

451 2653 611 2726 ³4],
653 2654 804 2721 quasi
839 2652 1093 2708 tenebras
1129 2649 1459 2715 oﬂ'nndente,
1493 2659 1548 2701 et
1598 2657 1856 2716 tanquam
1887 2644 2020 2699 cali-

443 2748 622 2818 ginem
683 2761 873 2801 eorum
931 2745 1022 2812 qui
1063 2744 1350 2804 vincuntur
1411 2742 1586 2797 oculis
1642 2746 2017 2811 prmtexente;

445 2851 662 2906 semper
723 2837 868 2892 enim
911 2845 1088 2889 terror
1132 2833 1329 2888 mortis
1369 2833 1626 2886 tenebras
1683 2829 1918 2897 ingerit,
1965 2834 2022 2879 et

443 2930 754 3002 improvisae
787 2926 1118 2984 calamitatis
1147 2924 1458 2995 magnitudo
1490 2931 1728 2976 mentem
1775 2920 2018 2982 hebetat,

443 3021 776 3094 perindeque
810 3028 868 3072 ut
916 3017 1082 3073 solem
1131 3014 1500 3069 immensitate
1553 3011 2019 3083 perturbationum

2114 544 2234 597 λάδι
2263 544 2362 614 τῆς
2389 543 2563 614 δίκης.
2597 563 2615 593 ι
2669 543 2779 598 Καὶ
2810 543 2861 596 τί
2883 542 2947 615 δὴ
2980 543 3140 596 τοῦτό
3165 545 3350 609 ἐστιν;
3385 544 3546 609 ’Ἐθος
3589 549 3701 609 τοῖς

2113 635 2290 704 ἁγίοις
2311 636 2620 706 προφήταις
2645 635 2713 689 τὰ
2735 635 2968 706 ἐσόμενα
2998 635 3493 706 προαπαγγέλλειν,
3524 637 3619 690 καὶ
3643 638 3701 690 ἐν

2114 729 2306 791 αὑταῖς
2339 727 2451 780 ἔσθ’
2481 728 2570 780 ὅτε
2602 726 2848 797 γίνεσθαι
2892 730 3011 792 ταῖς
3055 727 3166 780 τῶν
3202 728 3454 799 πράξεων
3495 746 3702 796 φαντα-

2116 819 2282 883 σίαις,
2312 819 2454 872 ὥστε
2499 819 2594 871 καὶ
2647 819 2780 890 ὁρᾷν
2831 818 2933 889 ήδη
2973 818 3150 872 δοκεῖν
3194 819 3264 872 τά
3315 818 3567 890 δρώμενα
3605 821 3701 872 καὶ

2114 911 2418 984 ἀκροᾶσθαι
2450 911 2666 980 φωνῶν.
2714 911 2824 964 Καὶ
2869 911 2954 965 ὅτι
2983 910 3192 974 πάντας
3231 911 3402 982 άρδην
3447 909 3702 964 ἀπολέσει

2115 1005 2474 1076 κεκινημένος
2501 1005 2584 1066 εἰς
2622 1002 2804 1074 μάχην
2852 1004 2881 1056 6
2929 1002 3427 1075 Ναϐουχοδονόσορ,
3480 1004 3576 1056 καὶ
3621 1003 3703 1066 είς

2115 1098 2283 1170 αὐτὴν
2332 1096 2426 1151 τοῦ
2485 1096 2726 1166 πολέμου
2788 1095 2886 1166 τὴν
2940 1096 3165 1166 ἀπρεπῆ
3217 1095 3347 1149 θέαν
3407 1092 3706 1166 εἱρπάξετο

2117 1191 2401 1262 μονονουχὶ
2431 1189 2524 1242 καὶ
2543 1187 2756 1259 πληθὺν
2777 1187 3086 1260 ἀμέτρητον
3113 1187 3439 1257 τεθεαμένος
3469 1187 3700 1258 νεκρῶν,

2116 1284 2373 1352 ἔφασκεν,
2411 1302 2429 1332 ι
2455 1280 2612 1351 Οῖμοι
2638 1280 2770 1348 ἐγὼ,
2811 1282 2896 1333 ὅτι
2934 1279 3173 1333 ἐκλείπει
3215 1283 3248 1351 ἡ
3291 1279 3436 1351 ψυχή
3475 1296 3576 1349 μου
3613 1277 3708 1332 ἐπὶ

2114 1376 2226 1435 τοῖς
2260 1371 2648 1446 ἀνῃρημένοις.
2683 1391 2702 1422 ι
2753 1370 3008 1424 Τοιοῦτόν
3053 1389 3126 1437 τι,
3175 1371 3426 1442 καθάπερ
3467 1363 3702 1440 ἐγῷμαι,

2115 1465 2212 1519 καὶ
2255 1464 2409 1536 Ἰωὴλ
2447 1463 2756 1528 πεπονθὼς,
2787 1463 2926 1532 τάχα
2981 1480 3085 1516 που
3120 1463 3211 1516 τὸν
3257 1465 3314 1516 ἐν
3373 1463 3447 1533 τῷ
3484 1462 3707 1533 πολέμῳ

2120 1556 2351 1628 θόρυϐον
2397 1557 2477 1619 είς
2502 1553 2596 1618 οῦς
2631 1555 2866 1625 ἐδέχετο,
2888 1557 3141 1626 ταύτῃτοί
3168 1574 3354 1625 φησιν,
3389 1575 3405 1606 ι
3431 1551 3598 1626 Ἦχοι
3621 1555 3708 1619 ἐξ·

2116 1649 2332 1718 ήχησαν
2361 1647 2418 1699 ἐν
2447 1649 2514 1718 τῇ
2545 1647 2750 1700 κοιλάδι
2781 1648 2881 1717 τῆς
2918 1648 3094 1717 δίκης.
3135 1667 3152 1699 ι
3186 1650 3294 1702 Καὶ
3346 1649 3566 1702 κοιλάδα
3609 1649 3707 1719 μὲν

2114 1738 2270 1811 δίκης
2307 1737 2560 1808 ὀνομάζει
2602 1737 2696 1790 τοῦ
2738 1738 2974 1808 πολέμου
3011 1739 3102 1790 τὸν
3129 1738 3329 1809 χῶρον,
3372 1739 3447 1802 ὡς
3489 1740 3591 1792 οὐκ
3619 1736 3705 1806 ἐφ’

2115 1833 2286 1904 ἑτέρῳ
2314 1829 2422 1884 τινὶ
2447 1829 2556 1882 τῶν
2583 1828 2753 1881 ἐθνῶν
2784 1829 2870 1881 ἐπ’
2915 1829 3066 1898 αὐτῷ
3115 1831 3492 1900 συνηγμένων,
3527 1829 3559 1900 ἢ
3609 1830 3697 1882 ἵνα

2115 1923 2321 1996 πικρὰς
2346 1922 2603 1978 ὲκτίσωσι
2627 1920 2803 1984 δίκας.
2856 1938 2877 1972 α
2920 1920 3279 1992 Ἐξηχοῦντας
3308 1922 3365 1974 δὲ
3386 1922 3571 1992 ἤχους,
3602 1941 3620 1973 ι
3669 1921 3703 1990 ἢ

2116 2015 2214 2078 τὰς
2239 2016 2351 2069 τῶν
2387 2015 2697 2068 πιπτόντων
2727 2011 2990 2081 ὀλολυγάς
3024 2011 3212 2067 ἐνθάδε
3244 2013 3441 2084 φησιν,
3490 2013 3524 2084 ἢ
3577 2013 3710 2076 τοὺς

2117 2107 2226 2163 τῶν
2259 2105 2534 2161 νικώντων
2574 2104 2944 2174 ἀλαλαγμούς.
2983 2105 3276 2175 Συμϐαίνει
3309 2107 3418 2176 γὰρ
3449 2108 3508 2159 ἐν
3549 2105 3707 2158 πολέο

2121 2216 2246 2269 μοις
2284 2197 2639 2252 καταστένειν
2682 2196 2780 2267 μὲν
2807 2196 2932 2258 τοὺς
2955 2205 3281 2259 πίπτοντας,
3303 2196 3707 2265 ἐπαγάλλεσθαι

2119 2290 2178 2344 δὲ
2220 2292 2332 2353 τοῖς
2370 2289 2644 2359 κειμένοις
2684 2289 2814 2351 τοὺς
2863 2286 3302 2358 κεκρατηκότας,
3344 2289 3438 2341 καὶ
3467 2284 3524 2341 εὖ
3562 2287 3713 2357 μάλα.

2119 2381 2544 2452 ἐπικαυχᾶσθαι.
2570 2380 2759 2434 ’Ἥλιον
2775 2380 2854 2444 δὲ,
2874 2380 2968 2432 καὶ
2999 2380 3228 2451 σελήνην
3252 2379 3704 2451 σκοτισθήσεσθαξ

2120 2492 2277 2546 φησι,
2308 2475 2403 2528 καὶ
2440 2473 2640 2536 αὐτοὺς
2672 2473 2728 2526 δὲ
2755 2473 3018 2542 ἀφεγγεῖς
3048 2471 3266 2526 ἔσεσθαι
3287 2473 3414 2534 τοὺς
3446 2470 3706 2541 ἀστέρας,

2119 2569 2216 2622 καὶ
2248 2567 2370 2638 οὐχὶ
2402 2565 2468 2636 δὴ
2498 2565 2716 2628 πάντως
2754 2566 2831 2628 ὡς
2868 2563 3028 2617 τοῦτο
3063 2563 3199 2617 αὐτὸ
3224 2563 3566 2632 πεισομένων
3599 2563 3711 2616 τῶν

2121 2657 2403 2729 στοιχείων
2440 2656 2788 2726 τοτηνικάδε,
2833 2655 2948 2709 ἀλλ’
2993 2655 3070 2718 ὡς
3119 2655 3309 2718 σκότος
3353 2652 3714 2725 ἐμποιοῦντος

2118 2751 2217 2805 τοῦ
2249 2749 2512 2818 πολέμου,
2562 2748 2657 2800 καὶ
2702 2745 2811 2800 οἷον
2843 2746 3014 2817 ἀχλὺν
3043 2749 3161 2810 ταῖς
3212 2747 3322 2800 τῶν
3377 2745 3711 2816 ἡττωμένων

2120 2843 2355 2904 ἐνιέντος
2393 2840 2568 2911 ὄψεσι.
2601 2839 2800 2902 Σκότος
2829 2840 2939 2911 γάρ
2961 2839 3048 2893 ἀεὶ
3062 2839 3156 2893 τοῦ
3178 2839 3410 2892 θανάτου
3439 2839 3500 2892 τὸ
3525 2839 3713 2908 δεῖμα,

2122 2935 2216 2990 καὶ
2245 2932 2588 3002 ἀπαμϐλύνει
2634 2931 2726 2984 τὸν
2764 2931 2890 2984 νοῦν
2938 2933 3222 3002 συμφορᾶς
3255 2931 3521 3002 ἀδοκήτου
3551 2930 3714 3002 μέγε..

2122 3026 2236 3090 θος,
2267 3026 2362 3078 καὶ
2395 3023 2584 3093 ὥσπερ
2612 3023 2763 3094 ἥλιον
2796 3023 3187 3092 καταμελαίνει
3217 3023 3314 3095 τὴν
3343 3023 3573 3093 καρδίαν
3596 3025 3711 3084 τοῖς

445 3112 786 3170 obscuritate
814 3108 1008 3163 inlicit.
1057 3105 1334 3161 Clamasse
1380 3115 1560 3158 autem
1597 3103 1886 3157 Dominum
1932 3101 2017 3156 di-

2126 3117 2264 3187 ὑπὲρ
2289 3116 2485 3187 μέτρον
2512 3115 2621 3168 τῶν
2655 3113 2866 3170 παθῶν.
2914 3114 3296 3186 Κεκράξεσθαι
3344 3114 3401 3168 δέ
3435 3132 3570 3184 φησι
3619 3113 3712 3168 τὸν

447 3205 540 3268 cit,
575 3213 634 3256 ut
666 3208 986 3272 praesentem
1021 3237 1038 3262 ,
1073 3206 1128 3252 et
1177 3213 1282 3250 una
1321 3196 1642 3251 militantem
1683 3233 1699 3260 ,
1750 3205 1913 3263 atque
1962 3193 2015 3246 in

451 3309 656 3350 rnorem
697 3292 850 3347 ducis
901 3289 1179 3345 lsraelitas
1229 3288 1280 3342 in
1346 3288 1690 3343 adversarios
1739 3287 2016 3341 incitasse.

457 3384 513 3440 ιιι
569 3384 757 3454 primis
806 3395 936 3436 vero
983 3381 1036 3434 in
1085 3380 1484 3435 resurrectione
1525 3378 1748 3434 humani
1803 3377 2020 3448 generis

445 3475 724 3529 Christum
780 3471 928 3527 velut
975 3485 1043 3526 ex
1079 3469 1208 3524 Sion
1257 3469 1614 3524 clamatur-um
1666 3469 1848 3522 dicere
1889 3483 2022 3520 cun-

446 3565 615 3620 venit.
665 3562 797 3620 Nam
826 3603 843 3630 ,
879 3570 937 3616 ut
985 3561 1187 3616 Paulus
1234 3562 1311 3615 ait
1364 3578 1380 3616 :
1421 3579 1442 3612 ι
1496 3559 1614 3630 lpse
1656 3559 1918 3614 Dominus
1968 3559 2020 3612 in

446 3658 627 3729 jussu,
655 3657 798 3712 etin
849 3668 981 3710 voce
1031 3653 1370 3722 archangeli,
1421 3661 1475 3707 et
1522 3653 1575 3708 in
1618 3653 1742 3706 tuba
1797 3651 1885 3706 Dei
1926 3651 2022 3704 de-

455 3752 678 3807 scendet
708 3749 775 3805 de
797 3747 958 3814 cmlo,
988 3755 1042 3802 et
1071 3746 1272 3802 mortui
1327 3745 1422 3814 qui
1477 3745 1529 3799 in
1581 3744 1800 3800 Christo
1853 3755 2021 3807 sunt,

449 3849 736 3910 resurgent
789 3839 1107 3911 incorrupti.
1142 3838 1210 3897 "'.
1275 3856 1295 3890 ι
1343 3837 1456 3893 Hoc
1529 3845 1585 3893 et
1657 3837 1744 3892 lex
1824 3835 2024 3907 Moysis

448 3932 815 3990 adumbravit.
850 3931 1022 3988 Jussit
1047 3932 1194 3986 enim
1220 3929 1274 3984 in
1311 3929 1595 4005 neomenia
1648 3930 1774 3983 tuba
1820 3943 2022 3983 canere

448 4025 813 4082 lsraelitas".
890 4024 957 4078 Et
1027 4023 1314 4079 neomenia
1362 4022 1580 4092 quidem
1637 4021 1807 4090 ﬁgura
1854 4019 2024 4074 futuri

451 4137 517 4176 ac
565 4119 688 4173 novi
733 4116 917 4174 saeculi
975 4115 1258 4171 evidenter
1325 4121 1508 4184 potest
1557 4112 1808 4181 intelligi.
1871 4111 2023 4166 Tuba

450 4221 635 4266 autem
701 4210 856 4266 vocis
907 4207 1253 4279 penetrantis
1281 4205 1465 4260 omnia
1497 4243 1517 4270 ,
1561 4203 1897 4274 archangeli,
1943 4204 2024 4258 in-

449 4319 634 4376 quam,
658 4317 819 4374 quem
853 4301 997 4358 Deus
1043 4299 1222 4354 mittet
1275 4312 1398 4352 cum
1452 4298 1601 4361 tuba,
1654 4311 1775 4366 qua:
1819 4296 2024 4366 ingenti

448 4395 662 4450 sonitus
685 4391 939 4447 claritate
1001 4388 1407 4442 universitatem
1464 4395 1800 4440 mortuorum
1849 4386 1900 4440 in
1947 4387 2026 4441 vi-

2128 3208 2354 3278 Κύριον,
2388 3207 2463 3269 ὡς
2491 3205 2719 3258 συνόντα
2743 3223 2803 3258 τε
2855 3206 2950 3260 καὶ
2981 3206 3402 3270 συνασπίζοντα,
3433 3207 3524 3260 καὶ
3549 3223 3710 3276 στρα-

2127 3297 2298 3368 τηγοῦ
2364 3297 2520 3366 δίκην
2568 3298 2683 3359 τοῖς
2722 3297 2986 3360 ἐναντίοις
3042 3297 3406 3367 ἐποτρύνοντα
3465 3297 3592 3359 τοὺς
3650 3296 3714 3362 ἐξ

2140 3388 2378 3460 Ἰσραήλ.
2426 3387 2632 3456 Πρέποι
2673 3387 2722 3440 δ’
2748 3386 2814 3440 ἂν
2850 3388 3083 3458 μάλιστα
3115 3388 3194 3458 τῷ
3232 3389 3330 3458 τῆς
3357 3388 3712 3451 ἀναστάσεως

2131 3479 2306 3550 καιρῷ
2331 3479 2391 3532 τὸ
2419 3479 2585 3549 φάναι
2603 3478 2694 3531 τὸν
2723 3478 2948 3548 Κύριον,
2975 3477 3052 3542 ὡς
3080 3479 3144 3530 ἐκ
3174 3478 3312 3532 Σιὼν
3336 3479 3711 3550 ἀνακεκράξε-

2128 3586 2240 3625 ται.
2275 3569 2396 3622 Ὅτι
2427 3566 2605 3631 καθώς
2637 3584 2770 3638 φησι
2815 3566 3050 3631 Παῦλος,
3100 3584 3121 3617 ο
3142 3567 3316 3631 Αὐτὸς
3346 3570 3374 3621 6
3419 3567 3622 3638 Κύριος
3653 3569 3718 3622 ἐν

2131 3641 2482 3728 κελεύσματί,
2506 3659 2600 3711 καὶ
2620 3660 2677 3711 ἐν
2700 3659 2850 3728 φωνῇ
2875 3657 3238 3728 ἀρχαγγέλου,
3263 3657 3354 3710 καὶ
3372 3658 3430 3710 ἐν
3451 3658 3714 3726 σάλπιγγι

2131 3749 2264 3802 Θεοῦ
2314 3749 2682 3820 καταϐήσεται
2730 3752 2825 3805 ἀπ’
2868 3749 3127 3823 οὐρανοῦ,
3185 3749 3280 3802 καὶ
3323 3750 3373 3803 οἱ
3420 3751 3604 3820 νεκροὶ
3653 3751 3717 3804 ὲν

2131 3836 2352 3909 Χριστῷ
2377 3839 2764 3910 ἐγερθήσονται
2793 3839 3084 3912 ἄφθαρτοι.
3111 3857 3130 3889 ι
3173 3838 3344 3892 Τοῦτο
3389 3841 3484 3894 καὶ
3515 3841 3716 3894 6M1»-

2134 3929 2271 3992 σέως
2303 3929 2465 3999 νόμος
2495 3929 2893 3999 προανετύπου.
2934 3930 3185 3984 Ἐκέλευε
3210 3931 3319 4003 γάρ
3359 3933 3417 3984 ἐν
3451 3932 3715 4004 νεομηνία

2134 4019 2416 4083 σαλπίζειν
2449 4020 2574 4084 τοὺς
2606 4021 2665 4084 ἐξ
2702 4022 2941 4093 Ἰσραήλ.
2988 4021 3098 4075 Καὶ
3133 4023 3393 4092 νεομηνία
3421 4023 3520 4093 μὲν
3544 4024 3715 4088 τύπος

2133 4111 2201 4165 ἂν
2227 4115 2418 4174 νοοῖτο,
2470 4113 2565 4166 καὶ
2597 4113 2744 4182 μάλα
2786 4114 2985 4185 σαφὴς,
3035 4113 3232 4175 αἰῶνος
3263 4113 3358 4167 τοῦ
3401 4115 3711 4184 μέλλοντος,

2133 4205 2228 4258 καὶ
2266 4205 2386 4258 νέου
2417 4206 2560 4260 κατὰ
2594 4205 2683 4258 τὸν
2714 4205 2952 4276 πρῶτον.
2997 4205 3062 4258 Ἠ
3108 4206 3165 4260 δέ
3207 4223 3270 4275 γε
3319 4206 3574 4273 σάλπιγξ,
3615 4207 3716 4278 τῆς

2131 4296 2457 4368 διαπρυσίας
2501 4295 2686 4366 φωνῆς
2724 4296 2825 4366 τῆς
2870 4295 2966 4349 τοῦ
3013 4297 3377 4368 ἀρχαγγέλου,
3425 4298 3523 4367 τῆς
3564 4301 3716 4368 παρά

2132 4387 2269 4440 Θεοῦ
2321 4387 2640 4456 σάλπιγγος,
2683 4386 2718 4458 ἥ
2765 4387 2972 4450 πάντας
3019 4389 3200 4460 ἐγερεῖ
3247 4389 3373 4452 τοὺς
3412 4389 3473 4441 ἐν
3522 4391 3588 4459 τῇ
3641 4391 3712 4460 ﬁl

452 4497 562 4540 tam
593 4483 889 4539 revocabit.
928 4480 1197 4535 Prazterca
1227 4479 1342 4548 ipse
1394 4477 1654 4531 Dominus
1701 4477 2018 4531 miraculum

2133 4478 2440 4548 κειμένους,
2497 4477 2733 4542 ἐξαίσιόν
2783 4496 2871 4545 τι,
2943 4479 3040 4534 καὶ
3112 4478 3418 4550 φωνητικὸν
3483 4480 3714 4550 ἡχοῦσα.

453 4578 509 4631 in
568 4573 835 4630 Lazarum
887 4570 1098 4637 edens,
1141 4569 1208 4623 ad
1260 4577 1670 4623 monumentum
1702 4569 1888 4631 venit,
1933 4578 2023 4634 et,

452 4673 512 4722 ut
541 4673 729 4720 narrat
750 4661 1107 4734 evangelista,
1131 4674 1264 4716 voce
1298 4674 1493 4731 magna
1523 4659 1777 4714 clamavit
1809 4679 1822 4715 :
1859 4679 1878 4712 ι
1926 4659 2027 4714 La-

455 4771 612 4822 zare,
645 4756 770 4811 veni
801 4756 948 4810 foras
981 4757 1048 4810 τ’.
1095 4773 1115 4807 ι
1151 4755 1471 4823 Quanquam
1499 4754 1610 4824 ipse
1657 4769 1753 4824 per
1791 4755 2028 4824 prOpbe-

455 4859 564 4903 tam
609 4847 800 4904 dicat:
851 4865 870 4898 ι
908 4845 1024 4902 Non
1065 4846 1378 4908 contendet,
1426 4861 1525 4900 nec
1577 4846 1870 4912 clamabit,
1930 4863 2028 4902 nec

455 4939 710 4996 audietur
750 4937 887 4994 foris
929 4953 1036 4992 vox
1083 4937 1201 5006 ejus
1229 4936 1299 4992 ".
1346 4955 1364 4989 ι
1401 4937 1628 5006 Signum
1675 4939 1836 5007 igitur
1864 4953 2028 5006 pene-

453 5033 665 5090 trabilis
691 5032 852 5098 tubae,
902 5039 957 5088 et
1005 5031 1216 5086 sonitus
1249 5031 1366 5100 ejus
1409 5045 1581 5100 usque
1637 5031 1702 5083 ad
1751 5041 2028 5086 extremos

454 5137 725 5180 terrarum
761 5121 902 5179 ﬁnes
927 5162 944 5190 ,
1001 5120 1258 5190 inquam,
1307 5131 1362 5176 et
1416 5122 1482 5175 de
1513 5120 1680 5183 caelo,
1743 5132 1847 5185 est,
1884 5123 2026 5190 quod

451 5217 706 5272 Salvator
747 5215 856 5269 alta
878 5227 1015 5270 voce
1038 5211 1310 5269 Lazarum
1349 5212 1418 5267 ab
1458 5213 1651 5268 inferis
1673 5213 1952 5268 excitavit.

527 5478 691 5534 Vens.
737 5479 828 5534 17.
858 5480 926 5534 At
960 5477 1221 5534 Dominus
1243 5487 1421 5548 parcet
1449 5478 1641 5548 popqu
1670 5495 1788 5545 suo,
1819 5490 1865 5533 et
1901 5497 2029 5534 con-

455 5571 669 5640 fortabit
720 5573 858 5642 (ilio:
892 5570 1085 5638 Israel,
1140 5580 1192 5627 et
1222 5572 1419 5635 scietis,
1457 5573 1582 5641 quia
1625 5589 1718 5642 ego
1768 5573 2022 5629 Dominus

527 5749 570 5782 θ’
599 5747 796 5806 Jcrem.
832 5767 907 5823 tv,
944 5751 1032 5806 5L
1111 5751 1156 5784 τ’
1194 5751 1428 5806 lTbess.
1473 5767 1544 5814 ιν,
1579 5752 1661 5805 lii.

2144 4571 2338 4624 ’ἰστέον
2385 4569 2440 4622 δὲ.
2478 4571 2560 4623 ὃτι
2601 4571 2693 4622 καὶ
2728 4570 2893 4635 αὐτὸς
2934 4573 2962 4624 6
3003 4570 3207 4640 Κύριος
3241 4570 3301 4624 τὺ
3349 4571 3440 4624 ἐπὶ
3479 4571 3717 4644 Λαζάρῳ

2133 4663 2318 4734 θαῦμα
2352 4663 2600 4735 πληρῶν,
2645 4663 2876 4732 ἀφίκετο
2939 4663 3040 4735 μὲν
3093 4665 3174 4728 εἰς
3209 4665 3271 4717 τὸ
3311 4668 3593 4734 μνημεῖον,
3639 4664 3715 4726 ὼς

2129 4753 2191 4808 δέ
2226 4771 2389 4826 φησιν
2447 4755 2476 4807 6
2526 4755 2940 4827 εὐαγγελιστὴς,
2990 4759 3140 4827 φωνῇ
3189 4757 3402 4830 μεγάλῃ
3447 4757 3713 4826 ἐφώνησε,

2137 4846 2424 4917 (Λάζαρε,
2454 4846 2616 4917 δεῦρο
2661 4846 2784 4914 ἔξω,
2820 4866 2838 4897 ι
2907 4845 3082 4901 καίτοι
3126 4847 3377 4916 λέγοντος
3414 4849 3578 4902 αὑτοῦ
3629 4847 3718 4902 διὰ

2130 4935 2227 4990 τοῦ
2269 4939 2573 5009 προφήτου,
2624 4958 2642 4989 ι
2668 4939 2782 4993 Ούκ
2816 4939 3010 5011 ἐρίσει,
3063 4939 3184 4993 οὐδὲ
3222 4941 3545 5010 κραυγάσει,
3594 4941 3716 4993 ούδέ

2127 5029 2527 5100 ἀκουσθήσεται
2555 5027 2659 5094 ἔξω
2686 5030 2719 5099 ή
2751 5029 2902 5100 φωνὴ
2937 5029 3123 5083 αὐτοῦ.
3155 5049 3172 5082 ι
3213 5031 3448 5101 Σημεῖον
3486 5027 3578 5084 οὖν
3609 5031 3718 5101 ἀρα

2127 5120 2227 5188 τῆς
2253 5118 2580 5190 διαπρυσίας
2611 5119 2930 5188 σάλπιγγος,
2977 5121 3072 5175 καὶ
3100 5124 3198 5191 τῆς
3231 5122 3324 5174 ἀπ’
3365 5121 3537 5190 αὐτῆς
3576 5122 3717 5191 ἠχῆς

2128 5211 2231 5281 τῆς
2284 5213 2371 5265 ἐπ’
2412 5211 2684 5282 ἐσχάτοις,
2731 5214 2893 5284 φημὶ,
2945 5214 3040 5267 καὶ
3078 5213 3137 5277 ἐξ
3174 5213 3407 5284 ούρανοῦ
3451 5214 3512 5265 τὸ
3551 5214 3719 5283 μεγά-

2130 5301 2198 5372 λῃ
2225 5302 2315 5355 τὸν
2348 5303 2580 5376 Σωτῆρα
2627 5305 2936 5374 χρήσασθαι
2994 5308 3168 5376 φωνῇ,
3222 5305 3568 5359 διανιστάντα
3625 5304 3718 5356 τὸν

2127 5394 2245 5458 Ad;
2249 5412 2279 5447 α
2288 5411 2397 5465 ρον.

2210 5486 2274 5540 '0
2319 5487 2387 5540 δὲ
2429 5489 2647 5556 Κύριος
2690 5489 2961 5556 φείσεται
3003 5489 3110 5543 τοῦ
3155 5489 3309 5542 λαοῦ
3357 5487 3574 5550 αὐτοῦ,
3619 5486 3717 5540 καὶ

2133 5578 2445 5648 ἐνισχύσει
2472 5579 2600 5647 τοῖς
2629 5581 2783 5648 υἱοῖς
2816 5581 3082 5650 Ἰσραήλ.
3124 5581 3233 5635 Καὶ
3261 5582 3588 5651 γνώσεσθε,
3631 5579 3715 5632 ὅτι

1741 5754 1781 5784 ⁷¹
1823 5753 1958 5810 Psal.
1997 5771 2157 5820 Lxxx,
2209 5755 2261 5810 4.
2297 5758 2377 5829 ζ⁷²
2403 5756 2560 5814 Joan.
2601 5775 2675 5826 xl,
2712 5759 2799 5813 45.
2882 5761 2925 5790 ⁷³
2955 5759 3224 5820 lsa.~xt.u,
3259 5756 3315 5810 ἑ.
