4132 6370
426 407 527 465 ιοι

1313 414 1866 471 COMMENTAIHUS
1905 413 1969 467 IN
2009 411 2275 468 JOELEM
2319 405 2757 467 ΡΒΟΡΙΙΕΤΑΜ.

3574 400 3683 456 402

426 522 544 592 ἐγὼ
571 525 784 591 Κύριος
823 528 856 580 δ
904 527 1048 594 Θεὸς
1074 528 1273 599 ὑμῶν,
1308 531 1706 600 κατασκηνῶν
1744 532 1815 585 ἐν
1849 531 1999 586 Σιὼν

2112 528 2250 583 Deus
2278 537 2466 591 vester,
2498 527 2744 580 habitans
2784 527 2838 580 in
2870 524 3000 580 Sion
3031 531 3204 578 monte
3238 531 3420 576 sancto
3453 537 3587 584 meo,
3629 530 3680 574 et

429 611 551 681 ὄρει
580 614 726 683 ἀτίῳ
758 634 895 685 μου.
928 619 1038 672 Kal
1078 619 1686 691 ἔσται”ιερουσαλὴμ
1719 623 1878 692 ἁγία,
1905 624 2004 676 καὶ

425 705 780 775 ἀλλογενεῒς
802 710 875 762 οὐ
903 709 1315 768 διελεύσονται
1352 714 1426 767 δι’
1452 713 1642 782 αὐτῆς
1664 713 1770 766 ἔτι.

499 793 630 849 MI".
659 796 787 849 Ὅτε
824 799 892 850 τά
919 800 1240 872 ἐγκλήματα
1283 801 1384 872 τῆς
1423 802 1760 866 ἀποστασίας
1799 805 1910 867 τοῖς
1944 803 2004 869 ἐξ

440 882 658 954 ’Ἰσραὴλ
690 887 1086 958 ἐπεγράφοντο,
1131 893 1228 946 καὶ
1270 894 1535 964 δαμάλεσι
1589 894 1688 964 μὲν
1732 895 2003 965 προσεκύ-

428 990 552 1026 νουν
573 979 694 1037 ταῖς
727 982 977 1048 χρυσαῖς,
1005 980 1241 1050 ἔφασκον
1269 983 1326 1036 δὲ
1359 984 1609 1048 ἀνοσίως,
1627 977 1789 1037 Οὗτοι
1815 985 1864 1038 οἱ
1891 985 2003 1037 Θεοί

433 1083 527 1119 σου
565 1069 803 1140 Ἰσραὴλ,
824 1073 1045 1137 οἵτινες
1076 1075 1352 1144 ἀνήγαγόν
1386 1093 1444 1128 σε
1473 1079 1536 1129 ἐκ
1567 1077 1669 1146 γῆς
1698 1079 1999 1144 Αἰγύπτου,

430 1157 550 1210 τότε
578 1161 669 1213 καὶ
699 1160 943 1226 ἀσθενεῖς
963 1205 976 1228 ,
1009 1165 1104 1217 καὶ
1133 1165 1418 1230 εὐάλωτοι,
1452 1169 1545 1219 καὶ
1575 1171 1688 1230 τοῖς
1724 1168 2003 1239 πολεμίοις

429 1249 752 1322 ὲτοιμοτάτη
820 1253 1141 1324 προύκειντο
1210 1256 1374 1328 θήρα.
1439 1257 1707 1331 Ταύτῃτοι
1769 1259 1865 1312 καὶ
1923 1261 2004 1322 εἰς

430 1342 810 1412 αἰχμαλωσίαν
842 1347 1169 1416 ἐπέμποντο.
1209 1349 1427 1420 Ἐπειδὴ
1474 1349 1529 1403 δὲ
1579 1351 1870 1420 ἡλέηνται,
1911 1352 2002 1404 καὶ

429 1433 528 1503 τὴν
569 1433 780 1486 ἑαυτῶν
819 1439 1200 1508 κατῳκήκασι,
1230 1439 1502 1510 χαλῶντος
1525 1439 1663 1493 Θεοῦ
1689 1442 1788 1505 τὰς
1810 1442 1999 1512 ὀργὰς,

429 1525 632 1595 ἄμαχοι
680 1527 887 1592 λοιπὸν,
933 1531 1026 1582 καὶ
1078 1530 1536 1600 ἀνανταγώνιστοι
1584 1533 1839 1601 γεγόνασι
1890 1537 2002 1598 τοῖς

428 1617 663 1686 ἐχθροῖς,
708 1619 946 1689 ἀμογητὶ
989 1623 1388 1692 κεκρατήκασι,
1429 1623 1607 1674 καίτοι
1639 1624 1856 1678 πάντων
1894 1625 2003 1678 τῶν

428 1707 598 1761 ἐθνῶν
632 1711 1062 1782 συνειλεγμένων
1099 1714 1180 1776 είς
1225 1713 1426 1784 μάχην.
1473 1711 1780 1768 Γνὼσεσθαι
1804 1716 1872 1788 δὴ
1910 1714 2002 1772 οὖν

428 1799 594 1867 φησὶν
623 1800 820 1864 αὐτοὺς
843 1802 949 1854 ἀπό
965 1819 1027 1870 γε
1048 1801 1140 1854 τοῦ
1168 1803 1490 1874 κατισχύσαι
1513 1803 1621 1856 τῶν
1635 1803 1703 1856 δι’
1730 1806 1998 1870 ἐναντίας,

2104 619 2203 673 erit
2243 617 2544 672 Jerusalem
2567 633 2774 683 sancta,
2811 627 2858 671 et
2893 615 3204 684 alienigena:
3233 629 3336 667 non
3377 610 3681 666 transibunt

2099 727 2194 779 per
2214 726 2329 763 eam
2353 709 2601 777 αηψίίιιε.

2178 799 2358 854 XLlll.
2393 799 2623 866 Quando
2659 799 2890 854 crimina
2929 799 3159 853 desertae
3194 807 3408 866 patrum
3455 796 3679 866 religio-

2118 894 2205 948 nis
2265 893 2686 947 intendebantur
2729 891 3008 954 lsraelitis,
3048 901 3103 946 et
3135 891 3332 944 vitulos
3379 889 3680 944 adorabunt

2104 999 2323 1049 aureos,
2375 982 2582 1036 nefarie
2632 981 3044 1036 acclamantes:
3100 998 3119 1032 ι
3163 979 3226 1034 lli
3267 973 3394 1033 sunt
3445 979 3517 1032 dii
3577 978 3679 1040 tui,

2103 1074 2290 1138 Israel,
2320 1077 2410 1144 qui
2437 1075 2740 1128 eduxerunt.
2781 1086 2832 1128 te
2865 1076 2930 1127 de
2967 1084 3106 1126 terra
3142 1072 3359 1142 Egypti
3389 1071 3460 1137 ",
3497 1087 3515 1122 ι
3549 1078 3678 1122 tunc

2103 1167 2302 1222 inlirmi
2338 1176 2513 1232 erant,
2546 1176 2601 1221 et
2635 1169 2733 1220 levi
2771 1167 2984 1234 negotio
3005 1165 3455 1234 subjugabautur,
3490 1174 3678 1216 erant-

2105 1273 2211 1328 que
2240 1258 2494 1312 hostibus
2520 1257 2716 1326 prtedte
2745 1257 3190 1325 expeditissima.
3221 1255 3344 1309 ldeo
3389 1264 3445 1308 et
3491 1256 3541 1308 in
3583 1269 3678 1309 ca-

2103 1349 2402 1420 ptivitatem
2452 1349 2876 1403 abducebantur.
2925 1347 2992 1400 At
3043 1356 3326 1417 postquam
3372 1346 3680 1400 misericor-

2104 1440 2248 1495 diam
2302 1439 2504 1508 adepti,
2557 1439 2832 1509 regionem
2880 1453 3030 1492 suam
3086 1438 3421 1504 postliminio
3470 1438 3680 1490 habita-

2105 1542 2251 1596 runt,
2295 1532 2538 1586 Deoiras
2568 1531 2892 1598 deponente,
2923 1532 2988 1584 de
3030 1540 3229 1584 caetero
3261 1530 3444 1584 invicti
3489 1541 3542 1584 ct
3585 1530 3673 1582 in-

2105 1626 2442 1694 superabiles
2485 1624 2736 1679 hostibus
2767 1623 3003 1686 fuerunt,
3036 1623 3280 1693 citraque
3327 1624 3565 1678 laborem
3596 1624 3679 1674 vi-

2105 1725 2318 1780 cerunt,
2367 1716 2467 1770 etsi
2499 1731 2689 1770 on‘ines
2734 1727 2921 1785 gentes
2948 1715 3233 1767 adversum
3278 1731 3371 1767 eos
3412 1712 3573 1785 242
3624 1713 3675 1766 in

2105 1806 2347 1876 praelium
2395 1807 2626 1862 coirent.
2688 1807 2760 1860 Ex
2829 1821 2894 1858 eo
2935 1806 3097 1873 igitur
3165 1805 3307 1875 quod
3354 1805 3680 1858 adversariis

425 1890 510 1942 ὅτι
535 1891 629 1942 καὶ
660 1892 719 1944 ἐν
745 1893 928 1957 αὐτοῖς
960 1896 1096 1959 ἐστι,
1132 1895 1227 1947 καὶ
1265 1894 1678 1950 ὲπαναπαύεται
1711 1897 1894 1950 λοιπὸν
1932 1901 1998 1968 τῇ

2108 1900 2493 1970 prwvalebunt,
2543 1902 2858 1971 cognituros
2900 1899 3051 1961 dicit,
3082 1914 3201 1951 eum
3247 1908 3301 1952 et
3346 1899 3486 1952 inter
3536 1899 3680 1966 ipsos

429 1979 566 2034 Σιὼν
597 1981 672 2047 ὡς
715 1984 849 2056 ἁγίᾳ
882 1986 1054 2042 πόλει.
1095 1989 1366 2062 Ταύτῃτοί
1430 2008 1593 2063 φησιν
1634 1992 1716 2044 ὅτι
1755 1991 2002 2061 φείσεται

430 2071 531 2141 μὲν
570 2073 678 2126 τῶν
730 2075 874 2129 ίδίων
915 2077 1080 2143 λαῶν,
1128 2082 1224 2134 καὶ
1257 2081 1670 2148 ἀλκιμωτάτους
1712 2085 2000 2152 ἀποφανεῖ,

429 2163 773 2234 μαθήσεσθαι
815 2168 872 2220 δὲ
916 2170 1132 2235 αὐτοὺς,
1164 2172 1244 2225 ὅτι
1275 2173 1392 2242 μετ’
1434 2173 1615 2227 αὐτῶν
1639 2177 1808 2228 ἐστιν.
1839 2176 1999 2228 Ἐσε-

429 2253 553 2307 σθαι
598 2255 655 2308 δέ
697 2273 831 2327 φησι
858 2258 956 2330 τὴν
997 2260 1350 2335 Ἰερουσαλὴμ
1391 2264 1576 2333 ἁγίαν,
1624 2265 1724 2337 τὴν
1769 2266 2002 2335 ἀρχαίαν

427 2347 646 2411 πάντως
674 2348 862 2405 ἀθεῒαν
893 2350 1290 2419 ἀποϐαλοῦσαν,
1320 2355 1420 2408 οὐκ
1453 2355 1532 2409 ἔτι
1555 2355 2000 2426 ψευδομαντείας,

426 2441 522 2493 καὶ
573 2442 826 2513 γοητείας
887 2446 1015 2513 παρ’
1062 2445 1198 2518 αὐτῇ
1251 2446 1601 2520 τιμωμένης,
1650 2449 1708 2500 ἐν
1753 2447 1902 2516 νόμῳ
1945 2447 2003 2500 δὲ

429 2529 629 2600 μᾶλλον
661 2533 970 2604 κρατούσης
1014 2534 1194 2607 ζωῆς,
1235 2536 1329 2589 καὶ
1361 2538 1599 2608 ἀρίστων
1641 2538 2005 2608 ἐπιτηδευμά-

425 2637 533 2673 των
560 2623 760 2693 σπουδῇ
793 2625 1092 2693 γεγονότοιν
1126 2627 1327 2690 αὐτοῖς.
1347 2628 1605 2700 Ἐχούσης
1629 2629 1686 2682 δὲ
1721 2627 1881 2692 οὕτω,
1909 2627 2003 2680 καὶ

424 2711 616 2783 διαζῇν
639 2715 945 2788 ᾑρημένης,
974 2717 1167 2771 οὐδένα
1198 2719 1332 2790 φησὶ
1367 2719 1475 2773 τῶν
1506 2719 1714 2790 ἐχθρῶν
1740 2720 1806 2771 δι’
1833 2721 2003 2789 αὐτῆς

426 2805 877 2876 παρελεύσεσθαι,
905 2802 1017 2861 οἷον
1048 2811 1148 2862 οὐκ
1186 2809 1652 2878 εύκαταγώνιστος
1677 2809 1829 2861 ἕσται
1861 2810 2001 2862 τισιν

425 2899 547 2951 οὐδὲ
597 2901 655 2952 ἐν
706 2901 928 2971 παρόδῳ
974 2906 1090 2967 τοῖς
1146 2903 1422 2956 ἐθέλουσιν
1478 2901 1869 2973 ἁρπαζομένη,
1926 2902 2004 2964 ὡς

427 2991 712 3065 πρότερον,
763 2994 962 3064 μᾶλλον
1005 2995 1061 3049 δὲ
1106 2995 1370 3065 ἀσφαλὴς,
1418 2995 1512 3048 καὶ
1553 2997 1675 3057 ταῖς
1708 2995 1836 3066 παρ’
1869 2992 2003 3066 ἐμοῦ

425 3083 707 3153 δυνάμεσι,
742 3087 838 3138 καὶ
861 3087 1201 3157 ἐπικουρίαις
1233 3083 1292 3139 εὖ
1328 3084 1472 3156 μάλα
1497 3086 1894 3156 τετειχισμένη.

511 3175 731 3248 Ἀληθὲς
757 3177 815 3230 δὲ
847 3179 906 3231 τὸ
935 3179 1124 3249 χρῆμα
1155 3178 1258 3230 κᾶν
1287 3179 1336 3230 εί
1368 3179 1454 3231 ἐπ’
1490 3177 1664 3247 αὐτῆς
1691 3179 1863 3229 νοοῖτο
1902 3176 2002 3246 τῆς

2110 2006 2256 2056 esse,
2303 1999 2359 2045 et
2411 1993 2461 2046 in
2509 2003 2781 2059 posterum
2835 2007 2994 2060 super
3039 2001 3222 2046 sancta
3272 1991 3491 2044 civitate
3537 1989 3666 2042 Sion

2103 2084 2436 2152 quieturum.
2473 2083 2607 2136 llinc
2644 2082 2876 2138 amrmat
2933 2099 3220 2154 parsurum
3251 2082 3447 2151 populo
3475 2097 3594 2144 suo,
3624 2093 3681 2134 et

2105 2175 2518 2229 strenuissimos
2567 2175 2940 2241 redditurum,
2989 2189 3037 2230 et
3093 2185 3504 2245 perspecturos,
3553 2189 3676 2228 eum

2106 2282 2227 2321 cum
2294 2267 2428 2332 ipsis
2477 2281 2635 2334 esse;
2683 2266 2799 2322 {ore
2840 2277 3022 2322 autem
3072 2266 3368 2321 Jerusalem
3413 2275 3684 2330 sanctam,

2105 2359 2388 2426 repudiato
2421 2373 2644 2428 prorsus
2668 2359 2937 2414 atheismo
2963 2359 3150 2420 veteri,
3189 2357 3338 2412 falsis
3369 2357 3676 2427 praedictio-

2106 2452 2266 2505 nibus
2292 2461 2346 2505 et
2397 2451 2854 2504 iucmitationilms
2898 2451 3188 2520 despectis,
3239 2451 3290 2502 in
3337 2452 3453 2519 lege
3501 2460 3686 2502 autem.

2108 2544 2232 2596 vitze
2269 2554 2540 2610 potentem
2589 2555 2643 2596 et
2694 2544 3060 2595 institutorum
3100 2542 3427 2610 optimorum
3466 2540 3676 2594 studio-

2105 2649 2236 2689 sam.
2295 2634 2425 2687 Cum
2479 2634 2560 2688 sic
2613 2649 2669 2688 se
2719 2635 2989 2698 habuerit,
3022 2644 3078 2688 et
3128 2634 3200 2686 ita
3249 2633 3410 2686 vitam
3459 2632 3685 2702 exigere

2106 2729 2471 2790 constituerit,
2525 2728 2728 2780 milium
2775 2729 2981 2781 hostem
3018 2745 3112 2797 per
3150 2743 3269 2781 eam
3299 2726 3676 2788 transiturum,

2106 2815 2158 2872 id
2188 2828 2293 2881 est,
2321 2833 2348 2870 a
2382 2817 2598 2870 nemine
2629 2817 2786 2870 facile
2816 2820 3231 2887 expugnabitur.
3261 2833 3359 2870 nec
3391 2817 3442 2869 in
3496 2825 3674 2869 trans-

2107 2909 2183 2963 itu
2223 2927 2250 2961 a
2286 2910 2590 2964 volentibus
2627 2918 2684 2962 ut
2723 2921 2882 2962 antea
2932 2911 3170 2979 rapietur
3196 2950 3212 2973 ,
3255 2909 3385 2977 quin
3423 2917 3533 2961 tuta
3573 2907 3680 2960 erit

2105 3002 2276 3071 copiis
2327 3001 2649 3071 auxiliisque
2697 3002 2826 3056 uicis
2876 3012 2934 3055 ut
2998 3016 3150 3055 muro
3194 3001 3396 3069 optime
3444 3001 3688 3052 circum--

2107 3102 2278 3162 septa.

2177 3181 2322 3235 Istud
2357 3197 2520 3249 porro
2544 3182 2708 3235 etiam
2738 3183 2804 3236 de
2827 3181 3027 3236 Christi
3066 3180 3309 3235 Ecclesia
3343 3194 3529 3232 verum
3567 3189 3670 3233 est.

437 3267 766 3340 Ἐκκλησίας
788 3269 1046 3340 Χριστοῦ.
1096 3269 1335 3340 Κήδεται
1363 3270 1474 3342 γὰρ
1516 3269 1622 3324 τῶν
1658 3270 1800 3323 ἰδίων
1828 3286 1996 3340 προσ-

2107 3270 2340 3325 Suornm
2377 3272 2519 3324 enim
2560 3272 2828 3325 cultorum
2874 3287 3061 3326 curam
3102 3272 3274 3339 gerit.
3326 3278 3380 3324 et
3433 3268 3685 3322 hostibus

428 3359 695 3430 κυνητῶν,
725 3360 820 3413 καὶ
846 3360 950 3413 τῶν
975 3360 1250 3431 πολεμίων
1292 3362 1554 3432 ἀμείνους
1599 3360 1872 3424 ἀποτελεῖ,
1913 3361 2006 3414 εὐ-

431 3450 659 3513 σθενεῖς,
683 3451 776 3501 καὶ
807 3449 1240 3519 ἀλκιμωτάτους,
1276 3451 1582 3519 εὐρωστίας
1609 3452 1878 3521 γέμοντας
1907 3452 2007 3521 τῆς

430 3543 828 3611 πνευματικῆς,
888 3541 1094 3605 εἰδότας
1125 3560 1184 3594 τε
1228 3544 1325 3595 καὶ
1375 3544 1809 3606 πεπιστευκότας
1854 3545 1933 3597 ὃτι
1977 3546 2007 3597 ὁ

428 3631 561 3694 Θεὸς
590 3633 646 3684 ἐν
677 3633 858 3694 αὐτοῖς
884 3631 972 3684 διὰ
999 3633 1092 3685 τοῦ
1124 3633 1460 3703 Πνεύματος.
1493 3654 1512 3686 ‹
1539 3636 1799 3688 Κατοικεῖ
1819 3635 1926 3705 γὰρ
1950 3638 2007 3689 ὲν

427 3727 547 3787 ταῖς
579 3724 824 3793 καρδίαις
855 3725 1010 3796 ἡμῶν
1039 3725 1126 3779 διὰ
1171 3727 1268 3797 τῆς
1297 3728 1553 3790 πίστεως.
1596 3747 1614 3779 ι
1644 3727 1752 3779 Καὶ
1787 3728 1815 3779 ὀ
1848 3727 2010 3796 εὐαγ-

427 3816 684 3888 γελιστὴς
709 3817 962 3888 Ἰωάννης
986 3820 1170 3888 φησιν,
1195 3839 1212 3870 ι
1238 3821 1330 3872 Ἐκ
1358 3819 1546 3873 τούτου
1568 3819 1910 3888 γινώσκομεν
1927 3819 2007 3872 ὅτι

430 3908 488 3957 ὲν
517 3909 651 3976 ἡμῖν
673 3909 840 3970 ἐστιν,
873 3909 936 3960 ὲκ
956 3909 1048 3961 τοῦ
1086 3909 1424 3980 Πνεύματος,
1467 3906 1527 3964 οὗ
1555 3911 1754 3963 ἔδωκεν
1790 3911 1945 3980 ἡμῖν.
1983 3929 2002 3961 ι

443 3997 600 4065 Ἀγία
650 3999 706 4052 δὲ
736 3998 877 4052 κατὰ
914 3999 975 4051 τὸ
1018 3999 1216 4070 ἀληθὲς
1250 4003 1281 4070 ἡ
1327 4007 1489 4072 νοητή
1529 4019 1630 4054 που
1661 4002 1881 4066 πάντως
1920 4001 2011 4053 Ἰεο

431 4090 752 4161 ρουσαλὴμ,
787 4093 1094 4154 τουτέστιν,
1134 4095 1167 4163 ἡ
1208 4094 1540 4164 Ἐκκλησία,
1580 4095 1648 4148 τὰ
1691 4094 1798 4148 τῶν
1838 4094 2008 4163 ἁγίων

427 4180 702 4250 τάγματα.
744 4183 818 4234 Οὐ
843 4182 952 4254 γάρ
977 4186 1092 4237 ἐστι
1125 4185 1358 4256 πάροδος
1389 4186 1709 4254 ἀλλογενῶν.
1756 4206 1774 4237 ‹
1810 4189 1872 4240 Οί
1899 4187 2008 4258 γὰρ

429 4270 524 4323 τοῦ
551 4271 788 4342 Χριστοῦ
817 4273 916 4344 τὴν
954 4275 1132 4345 σάρκα
1159 4275 1534 4348 ἐσταύρωσαν.
1572 4297 1588 4327 ι
1621 4276 1816 4347 Μέμνη
1827 4294 1922 4347 μαι
1950 4277 2007 4328 δὲ

429 4363 681 4432 λέγοντος
711 4366 804 4418 καί
846 4383 992 4428 τινος
1025 4368 1132 4420 τῶν
1178 4367 1389 4438 σοφῶν,
1422 4388 1441 4419 ‹
1487 4368 1612 4421 Ἐὰν
1647 4368 1868 4438 Πνεῦμα
1910 4368 2004 4420 τοῦ

431 4456 833 4522 ἐξουσιάζοντος
860 4459 1033 4530 ἀναϐῇ
1066 4461 1159 4514 ἐπὶ
1186 4461 1276 4530 σὲ,
1297 4461 1460 4514 τόπον
1497 4479 1591 4514 σου
1627 4463 1700 4534 μὴ
1729 4463 1892 4532 ἀφῇς,
1925 4462 2007 4514 ὅτι

435 4548 568 4622 ἴαμα
597 4553 937 4606 καταπαύσει
965 4555 1239 4625 ἁμαρτίας
1278 4555 1538 4624 μεγάλας.
1577 4574 1594 4606 ι
1629 4554 1870 4626 Ἀσφαλῆ
1901 4555 2006 4624 γὰρ

2107 3365 2417 3432 superiores
2450 3363 2598 3426 facit,
2635 3365 2908 3428 robustos,
2949 3362 3376 3423 strenuissimos,
3412 3359 3676 3429 spirituali

2106 3455 2426 3510 fortitudine
2473 3455 2678 3524 plenos,
2725 3470 2846 3507 cum
2896 3455 3070 3507 sciant
3113 3462 3167 3506 et
3205 3453 3464 3514 credant,
3515 3451 3678 3504 Deum

2107 3563 2205 3617 per
2235 3548 2495 3616 Spiritum
2527 3549 2576 3599 in
2606 3547 2736 3616 ipsis
2756 3561 2910 3613 esse;
2952 3563 2969 3596 ι
3011 3544 3215 3598 habitat
3239 3543 3382 3596 enim
3414 3543 3466 3596 in
3499 3539 3680 3595 cordi-

2111 3639 2214 3693 bus
2246 3640 2452 3694 nostris
2488 3654 2583 3708 per
2618 3641 2773 3692 [idem
2803 3638 2872 3690 ".
2909 3656 2928 3688 ι
2963 3637 3030 3690 Et
3077 3644 3133 3689 ut
3168 3633 3404 3688 Joannes
3447 3646 3682 3698 evange-

2109 3731 2234 3786 lista
2269 3731 2462 3786 scribit.
2493 3748 2508 3784 :
2547 3748 2567 3781 ι
2607 3730 2662 3784 In
2694 3729 2797 3783 hoc
2824 3729 3228 3796 cognoscimus,
3265 3725 3389 3793 quia
3433 3725 3483 3777 in
3525 3724 3686 3778 nobis

2107 3831 2210 3884 est,
2238 3823 2361 3891 quia
2402 3821 2469 3876 de
2514 3818 2722 3889 Spiritu
2778 3835 2876 3874 suo
2926 3818 3075 3872 dedit
3122 3818 3276 3871 nobis
3307 3817 3375 3868 ".
3419 3834 3437 3866 ι
3486 3814 3683 3868 Sancta

2110 3925 2288 3967 autem
2323 3922 2404 3968 est
2450 3928 2638 3967 revera
2681 3910 3064 3966 intellectualis
3109 3908 3436 3970 Jerusalem,
3491 3907 3541 3961 id
3578 3914 3685 3970 est,

2111 4003 2371 4069 Ecclesia,
2399 4013 2710 4056 sanctorum
2738 4001 2976 4056 ordines.
3004 3997 3118 4052 Non
3147 3999 3290 4053 enim
3312 4007 3394 4051 est
3426 3997 3693 4050 transitus.

2109 4110 2205 4166 per
2250 4109 2369 4148 eam
2426 4093 2764 4162 alienigenis.
2802 4110 2824 4143 ‹
2874 4091 2979 4157 Qui
3026 4104 3257 4158 namque
3297 4099 3423 4142 sunt
3458 4088 3692 4150 Christi,

2106 4199 2327 4241 carnem
2362 4199 2516 4239 suam
2559 4183 3015 4237 crucifixerunt'"
3048 4199 3061 4235 :
3103 4200 3120 4232 ι
3163 4180 3321 4235 Venit
3358 4181 3410 4232 in
3448 4187 3685 4232 mentem

2109 4278 2370 4346 sapientis
2410 4275 2692 4346 cujusdam
2722 4273 2966 4340 eﬂ‘atum,
2995 4272 3351 4342 praecipientis
3376 4288 3391 4324 :
3420 4290 3438 4323 ι
3479 4270 3535 4325 Si
3564 4271 3686 4337 Spi-

2109 4371 2243 4424 ritus
2273 4379 2595 4438 potestatem
2622 4366 2873 4421 habentis
2889 4365 3197 4419 ascenderit
3221 4379 3381 4432 super
3403 4374 3474 4426 te,
3508 4363 3686 4416 locum

2108 4469 2260 4514 tuum
2289 4457 2659 4521 nedimiseris,
2682 4456 2805 4524 quia
2826 4454 3034 4508 curatio
3053 4453 3447 4507 facietcessare
3467 4461 3686 4520 peccata

2113 4567 2307 4620 magna
2336 4551 2404 4602 ⁷⁸.
2436 4569 2454 4602 ι
2504 4549 2700 4602 Τιιιιιιιι
2729 4548 2924 4617 quippe
2963 4546 3201 4600 retinent
3233 4561 3349 4609 cor,
3393 4560 3498 4600 non
3540 4543 3685 4614 pedi-

431 4644 614 4714 ἔχουσι
665 4645 762 4717 τὴν
820 4647 1082 4718 καρδίαν,
1136 4648 1194 4699 οὐ
1241 4647 1502 4717 βάσιμον,
1546 4647 1654 4700 οὐδ’
1708 4647 2004 4717 ἱππήλατον

2116 4645 2280 4708 tibus,
2313 4659 2419 4697 non
2453 4642 2728 4710 equitibus
2755 4641 3021 4709 pervium,
3060 4649 3118 4692 ut
3151 4641 3218 4692 ab
3251 4639 3544 4693 immundis
3577 4638 3658 4705 spi

430 4741 542 4799 τοῖς
576 4737 907 4809 ἀκαθάρτοις
937 4738 1209 4808 πνεύμασι
1239 4738 1658 4807 σεσαλευμένην
1692 4738 1913 4810 ἑδραίαν
1951 4739 2008 4790 δὲ

434 4827 655 4897 μᾶλλον,
705 4829 800 4881 καὶ
846 4830 958 4889 τοῖς
1007 4829 1106 4899 τῆς
1155 4825 1412 4896 ἀληθείας
1455 4826 1719 4896 δόγμασιν
1762 4821 1819 4878 εὖ
1864 4824 2009 4894 μάλα

433 4935 500 4969 πε
508 4936 578 4970 πυ
585 4935 700 4989 ργω
707 4917 890 4988 μένην.

503 5011 612 5064 Καὶ
657 5010 827 5064 ἔσται
858 5010 930 5063 ἐν
975 5008 1048 5076 τῇ
1079 5008 1271 5079 ἡμέρᾳ
1315 5009 1516 5077 ἐκείνῃ
1543 5026 1556 5039 ·
1597 5005 2007 5070 ἁποσταλιίξει

431 5102 506 5155 τὰ
552 5101 656 5170 ὅρη
719 5103 1098 5171 γλυκασμὸν,
1149 5102 1247 5155 καὶ
1300 5103 1357 5155 οἱ
1409 5099 1626 5166 ,ϐουνοί
1667 5099 2006 5168 ῥυήσονται

435 5195 611 5259 γάλα,
662 5196 762 5248 καὶ
810 5194 1000 5249 πᾶσαι
1041 5197 1099 5248 ιιι
1147 5193 1394 5263 ἀφέσεις
1430 5190 1624 5246 Ἰούδα
1669 5190 2006 5259 ῥυήσονται

432 5284 642 5349 ὕδατα,
677 5285 777 5338 καὶ
819 5285 981 5354 πηγὴ
1011 5285 1080 5348 ἐξ
1110 5286 1280 5338 οἴκου
1326 5283 1550 5351 Κυρίου
1599 5279 2010 5345 ἐξελεύσεται,

434 5375 533 5428 καὶ
561 5376 752 5430 zona?
775 5377 882 5430 τὸν
909 5375 1272 5446 χειμάρῤουν
1308 5374 1428 5428 τῶν
1459 5373 1766 5442 σχοινίων.

504 5467 634 5522 MA'.
671 5469 1134 5540 Ἀναδειμαμένης
1169 5468 1329 5536 ἁγίας
1357 5467 1459 5536 τῆς
1496 5463 1872 5538 Ἰερουσαλὴμ,
1914 5465 2009 5517 καὶ

433 5562 534 5613 οὐκ
584 5561 750 5630 οὔσης
798 5561 878 5614 ἔτι
927 5560 1098 5631 βατῆς
1143 5561 1255 5623 τοῖς
1306 5557 1650 5627 ἀλλογενέσι,
1707 5557 1797 5611 διά
1843 5575 1903 5609 τε
1953 5557 2012 5610 τὸ

436 5653 857 5706 κατασκτπνῶσαι
889 5654 946 5705 ἐν
977 5653 1113 5723 αὐτῇ
1147 5652 1238 5705 τὸν
1261 5651 1372 5704 τῶν
1401 5650 1538 5705 ὅλων
1566 5650 1791 5720 Κύριον,
1814 5650 2005 5718 φείσα-

503 5826 550 5859 τδ
581 5827 752 5882 Exod.
787 5842 959 5893 xxx”,
994 5826 1045 5882 ιι.
1121 5826 1168 5856 ⁷⁵
1203 5825 1396 5894 Ενιιυδ-
1422 5843 1479 5893 ιι,
1512 5825 1593 5877 17-

1674 5826 1716 5854 ⁷³
1757 5823 1960 5881 lJoan.
2004 5840 2075 5890 tv,

2114 4733 2311 4787 ritibus
2341 4735 2640 4802 agitatum;
2677 4732 2772 4784 sed
2817 4729 3010 4783 stabile
3052 4730 3230 4798 potius
3261 4737 3316 4783 et
3345 4729 3696 4799 dogmatibus

2113 4828 2358 4882 veritatis
2391 4825 2550 4896 quasi
2585 4825 2825 4879 turribus
2864 4823 3100 4895 perbene
3127 4824 3542 4878 connnunitum.

2188 5003 2348 5058 Vens.
2384 5001 2469 5056 18.
2515 4994 2581 5053 Et
2628 5000 2726 5054 erit
2774 5000 2829 5052 in
2873 4999 2957 5052 die
2996 4997 3127 5052 illa:
3171 5007 3371 5051 montes
3416 4996 3688 5051 stillabant

2113 5095 2474 5158 dulcedinem,
2510 5101 2559 5145 et
2592 5091 2749 5144 colles
2789 5091 2953 5166 ﬂuent
2977 5089 3134 5153 lacte,
3170 5099 3215 5142 et
3238 5105 3414 5142 omnes
3444 5088 3688 5141 emissio-

2117 5203 2204 5240 nes
2225 5184 2374 5238 Juda
2403 5185 2564 5255 ﬂuent
2592 5184 2770 5253 aquis,
2796 5193 2841 5236 et
2872 5181 2993 5251 fons
3019 5182 3082 5234 de
3109 5182 3263 5233 domo
3297 5179 3513 5234 Domini
3544 5195 3688 5249 egre-

2114 5277 2308 5342 dietur,
2347 5285 2395 5328 et
2428 5275 2672 5344 irrigabit
2713 5282 2993 5327 torrentem
3026 5271 3404 5342 (anicularum.

2192 5453 2373 5510 XLIV.
2409 5455 2713 5511 Instaurata
2748 5462 2934 5508 sancta
2961 5450 3286 5518 Jerusalem,
3318 5463 3419 5504 nec
3458 5446 3688 5518 amplius

2116 5547 2436 5617 alienigenis
2467 5547 2674 5618 pervia,
2719 5547 2860 5615 quod
2908 5560 3026 5598 eam
3062 5541 3260 5597 incolat
3309 5541 3685 5595 universorum

2118 5641 2398 5708 Dominus,
2439 5639 2560 5692 data
2602 5638 2754 5692 venia
2792 5636 2988 5706 p0pulo
3014 5634 3175 5700 Juda,
3212 5646 3388 5702 eoque
3427 5629 3684 5687 corrobo-

2149 5822 2232 5877 15.
2310 5820 2352 5850 ⁷⁷
2383 5819 2562 5877 Galat.
2587 5819 2743 5886 v,“2£.
2821 5818 2865 5852 ⁷⁸
2896 5817 3076 5873 Eccle.
3115 5834 3168 5882 χ,
3202 5815 3255 5869 4.
