4132 6370
423 339 528 395 599

1416 327 1478 381 S.
1527 322 1802 380 CYlllLLl
1841 323 2311 381 ALEXANDRINI
2349 325 2668 382 ARClllEP.

3592 330 3701 387 ΝΟ

425 455 572 508 nitus
613 448 781 505 auditi
811 455 936 504 sunt
968 445 1024 501 in
1047 443 1189 500 valle
1214 441 1427 514 iudicii.
1475 463 1494 495 ι
1528 441 1595 497 Ει
1633 442 1891 512 quidnam
1929 443 2005 497 is-

2120 447 2282 514 ίεῖται
2317 445 2385 499 τὰ
2418 445 2700 516 ῦπολήνια.
2732 465 2749 496 ι
2807 465 2826 496 ι
2850 441 3014 514 Ἷίχοι
3053 444 3328 515 ὲξήχησαν
3375 447 3432 498 ἐν
3473 449 3540 519 τῇ
3579 465 3699 502 κοι-

426 544 524 600 tud
549 541 676 599 est?
704 539 899 596 Solent
941 536 1112 593 sancti
1143 535 1422 606 prophetae
1453 543 1712 588 eventura
1755 549 2008 602 praenun-

428 637 606 698 tiare,
659 641 713 686 et
765 645 1157 700 nonnunquam
1218 642 1399 683 rerum
1460 626 1698 695 ipsarum
1750 625 2010 695 imagines

426 727 610 781 animo
645 723 958 793 concipere,
992 720 1188 788 utjam
1225 730 1337 774 tum
1373 727 1428 772 et
1456 719 1642 771 videre
1674 717 1774 770 sibi
1803 716 2006 784 futura,

425 826 481 872 et
519 831 678 870 voces
709 815 858 885 ipsas
883 813 1074 868 audire
1099 813 1406 866 videantur.
1444 807 1512 862 Et
1547 808 1673 878 quia
1700 821 1893 861 omnes
1937 807 2008 860 ad

425 923 590 961 unum
623 904 936 976 perditurus
975 912 1094 958 erat
1125 914 1448 972 progressus
1493 899 1559 952 ad
1604 897 2009 952 dimicationem

429 997 948 1060 Nabuchodonosor,
971 995 1036 1048 ad
1061 993 1236 1064 ipsum
1257 991 1458 1047 fmdum
1482 989 1606 1044 belli
1637 988 2009 1058 spectaculum

429 1093 608 1146 animo
654 1098 708 1146 et
759 1089 1081 1159 cogitatione
1131 1085 1393 1155 abreptus
1471 1092 1557 1139 est
1605 1079 1870 1136 Jeremias
1903 1097 1918 1146 ;
1951 1089 2010 1134 et

430 1193 640 1238 tantum
669 1195 776 1235 non
819 1179 950 1250 ipsis
1003 1177 1174 1232 oculis
1221 1173 1648 1230 innumerabiles
1699 1173 2008 1228 occisorum

429 1280 676 1326 catervas
709 1265 1126 1337 contemplatus,
1154 1265 1334 1319 aiebat
1365 1281 1380 1318 ;
1423 1280 1444 1314 ι
1493 1261 1605 1317 Heu
1651 1261 1782 1316 mihi
1817 1301 1832 1326 ,
1876 1260 2006 1330 quia

430 1363 612 1418 deficit
640 1361 818 1416 anima
852 1375 969 1413 mea
996 1368 1218 1428 propter
1259 1357 1578 1412 interfectos
1636 1355 1683 1388 ⁶⁰
1715 1356 1729 1409 i
1768 1374 1787 1408 ι
1821 1353 2010 1410 Simile

429 1455 709 1525 quiddam,
739 1463 796 1506 ut
819 1461 973 1523 puto,
1018 1465 1141 1505 cum
1171 1460 1226 1505 et
1258 1447 1393 1504 ιοριί
1445 1448 1734 1504 accidisset
1766 1457 1818 1502 et
1868 1445 2010 1501 forte

432 1544 720 1598 tumultum
757 1543 1006 1597 bellicum
1050 1542 1274 1596 auribus
1299 1539 1626 1609 accepisset,
1661 1537 1781 1591 ideo
1813 1537 1954 1589 dixit
1991 1549 2008 1584 :

325 1652 340 1668 ο
437 1655 457 1688 ι
497 1635 720 1690 Sonitus
750 1634 916 1688 auditi
947 1641 1076 1688 sunt
1113 1633 1168 1686 in
1211 1631 1349 1686 valle
1387 1629 1598 1700 iudicii.
1643 1647 1664 1681 ι
1711 1629 1778 1683 Ει
1811 1627 2010 1685 vallem

432 1729 647 1800 quidem
687 1727 878 1797 judicii
931 1727 1164 1797 appellat
1218 1723 1535 1779 certaminis
1597 1722 1797 1786 locum,
1854 1722 2010 1791 quasi

438 1837 544 1874 non
599 1821 762 1874 aliam
811 1820 879 1874 ob
936 1805 1158 1874 causam
1203 1818 1453 1888 gentibus
1500 1830 1566 1870 eo
1617 1815 1958 1887 congregatis
1989 1857 2005 1883 ,

435 1927 600 1981 quam
636 1921 692 1967 ut
719 1914 958 1982 graviter
991 1910 1333 1981 punirentur.
1370 1926 1390 1960 ι
1433 1908 1656 1964 Sonitus
1691 1919 1872 1962 autem
1907 1920 2010 1960 au-

436 2009 597 2070 ditos,
634 2024 653 2058 ι
689 2016 781 2059 aut
818 2004 1186 2075 oppetentium
1217 2002 1449 2074 gemitus
1472 2041 1488 2066 ,
1541 2008 1638 2057 aut
1673 2001 2006 2056 vincentium

437 2099 710 2153 laetisonas
737 2112 898 2152 voces
926 2099 1030 2154 hoc
1059 2097 1180 2152 loco
1211 2095 1474 2150 nominat.
1511 2093 1624 2149 Mos
1658 2093 1802 2148 enim
1843 2101 1928 2147 est
1955 2091 2015 2146 in

436 2191 554 2246 acie
582 2190 902 2247 cadentibus
941 2190 1173 2262 gemitus
1195 2187 1426 2244 [undere
1454 2230 1468 2253 ,
1521 2197 1576 2242 et
1605 2187 1806 2255 potitos
1836 2183 2010 2238 victo-

436 2281 542 2346 ria,
571 2280 882 2352 iacentibus
919 2280 1043 2352 (nec
1064 2279 1365 2349 immerito)
1400 2277 1680 2348 gloriando
1728 2274 2012 2330 insultare.

438 2371 621 2427 Solem
656 2386 819 2441 porro
845 2380 900 2426 et
937 2371 1119 2425 lunam
1153 2369 1565 2425 obtenebratum
1593 2365 1658 2420 iri
1695 2366 1793 2431 ait,
1841 2365 2017 2433 ipsas-

438 2478 541 2533 que
579 2463 766 2518 stellas
790 2463 993 2517 lumine
1028 2461 1338 2526 carituras;
1373 2474 1478 2513 non
1507 2458 1654 2529 quod
1707 2458 1809 2511 hoc
1838 2456 2014 2525 ipsum

443 2566 572 2610 tunc
611 2569 833 2624 passura
863 2555 974 2609 sint
1008 2553 1272 2608 elementa
1307 2551 1414 2606 ullo
1465 2550 1646 2612 modo,
1702 2547 1795 2602 sed
1832 2546 2017 2617 praelio

448 2646 607 2719 241
649 2648 802 2714 quasi
837 2645 1090 2701 tenebras
1126 2643 1456 2709 oﬂ‘undente,
1490 2651 1545 2695 et
1594 2651 1852 2710 tanquam
1884 2637 2018 2693 cali-

439 2741 619 2810 ginem
680 2753 870 2794 eorum
928 2738 1019 2806 qui
1060 2737 1348 2795 vincuntur
1408 2735 1583 2790 oculis
1639 2739 2014 2804 prwtexente;

441 2844 659 2900 semper
720 2829 865 2885 enim
907 2839 1084 2882 terror
1128 2825 1326 2880 mortis
1367 2826 1624 2880 tenebras
1680 2822 1914 2891 ingerit,
1962 2828 2019 2873 et

440 2923 750 2995 improvisa:
783 2919 1114 2977 calamitatis
1143 2917 1455 2988 magnitudo
1487 2925 1724 2970 mentem
1772 2914 2015 2976 hebetat,

439 3015 772 3087 perindeque
806 3021 864 3065 ut
912 3009 1079 3066 solem
1128 3007 1496 3062 immensitate
1549 3004 2015 3076 perturbationum

2111 537 2230 591 λάδι
2259 538 2358 608 τῆς
2385 537 2561 609 δίκης.
2594 557 2612 588 ι
2666 537 2776 592 Kal
2807 537 2858 590 τί
2880 537 2944 609 δὴ
2978 537 3137 591 τοῦτὸ
3163 540 3346 603 ἐστιν;
3381 539 3543 603 Ἐθος
3585 544 3698 604 τοῖς

2109 629 2286 698 ἁγίοις
2307 631 2617 700 προφήταις
2642 629 2710 683 τὰ
2732 630 2966 701 ἐσόμενα
2995 629 3489 701 προαπαγγέλλειν,
3521 632 3615 684 καὶ
3639 633 3698 685 ἐν

2111 722 2303 786 αὐταῖς
2336 721 2448 774 ἔσθ’
2478 723 2567 774 ὅτε
2600 720 2846 791 γίνεσθαι
2889 724 3008 786 ταῖς
3053 721 3163 774 τῶν
3199 723 3451 793 πράξεων
3491 740 3698 791 φαντα-

2113 813 2278 877 σίαις,
2309 813 2452 866 ὥστε
2497 813 2592 866 καὶ
2644 814 2777 884 ὀρᾷν
2827 812 2930 884 ήδη
2971 813 3147 866 δοκεῖν
3191 813 3260 866 τὰ
3312 812 3564 884 δρώμενα
3602 815 3697 867 καὶ

2111 905 2415 978 ἀκροᾶσθαι
2447 906 2663 974 φωνῶν.
2711 905 2822 958 Καὶ
2867 905 2951 959 ὅτι
2980 905 3190 968 πάντας
3228 904 3398 976 ἄρδην
3443 904 3699 958 ἀπολέσει

2112 999 2471 1069 κεκινημένος
2499 1000 2580 1061 είς
2619 997 2802 1068 μάχην
2849 999 2878 1050 ὁ
2927 996 3424 1069 Ναϐουχοδονόσορ,
3477 998 3573 1051 καὶ
3619 998 3700 1061 είς

2112 1092 2280 1164 αὐτὴν
2329 1090 2424 1144 τοῦ
2481 1091 2724 1160 πολέμου
2785 1089 2883 1161 τὴν
2937 1090 3162 1161 ἀπρεπῆ
3213 1089 3344 1143 θέαν
3404 1086 3705 1160 είρπάξετο

2115 1184 2398 1256 μονονουχὶ
2429 1184 2521 1237 καὶ
2540 1181 2753 1254 πληθὺν
2773 1182 3083 1254 ἀμέτρητον
3109 1181 3435 1252 τεθεαμένος
3467 1181 3698 1252 νεκρῶν,

2112 1277 2370 1347 ἔφασκεν,
2409 1296 2426 1327 ι
2452 1275 2609 1346 Οἵμοι
2635 1273 2767 1342 ἐγὼ,
2807 1275 2892 1327 ὅτι
2931 1274 3170 1328 ἐκλείπει
3211 1277 3244 1345 ἡ
3287 1274 3433 1346 ψυχή
3473 1291 3574 1344 μου
3610 1271 3705 1326 ἐπὶ

2111 1370 2223 1430 τοῖς
2258 1365 2644 1440 ἀνῃρημένοις.
2679 1385 2698 1416 ι
2751 1364 3004 1418 Τοιοῦτόν
3049 1383 3122 1432 τι,
3171 1365 3423 1436 καθάπερ
3463 1357 3700 1435 ἐγῷμαι,

2112 1459 2209 1513 xal
2252 1458 2406 1530 Ἰωήλ
2444 1456 2753 1522 πεπονθὼς,
2783 1458 2922 1527 τάχα
2978 1474 3081 1510 που
3116 1457 3207 1510 τὸν
3253 1459 3311 1510 ὲν
3370 1457 3444 1527 τῷ
3481 1457 3704 1528 πολέμῳ

2117 1550 2348 1622 θόρυϐον
2395 1551 2474 1613 εις
2499 1547 2592 1612 οὖς
2627 1549 2864 1618 ἐδέχετο,
2885 1550 3137 1620 ταύτῃτοί
3164 1568 3352 1619 φησιν,
3386 1569 3403 1601 ι
3428 1545 3594 1620 Ἧχοι
3617 1549 3706 1613 ἐξ-

2113 1642 2328 1712 ήχησαν
2357 1641 2416 1693 ἐν
2444 1643 2511 1711 τῇ
2542 1641 2747 1694 κοιλάδι
2778 1642 2876 1711 τῆς
2915 1641 3091 1711 δίκης.
3131 1661 3149 1693 ι
3182 1643 3292 1695 Kal
3343 1643 3564 1696 κοιλάδα
3605 1643 3704 1713 μὲν

2111 1731 2266 1804 δίκης
2303 1731 2557 1801 ὀνομάζει
2598 1730 2692 1784 τοῦ
2734 1731 2971 1802 πολέμου
3007 1733 3098 1784 τὸν
3125 1731 3326 1803 χῶρον,
3369 1732 3444 1796 ὡς
3486 1734 3588 1786 οὐκ
3616 1731 3702 1800 ἐφ’

2111 1826 2283 1896 ἑτέρῳ
2311 1822 2418 1878 τινὶ
2443 1823 2552 1876 τῶν
2580 1822 2750 1876 ἐθνῶν
2780 1823 2866 1875 ἐπ’
2911 1822 3062 1893 αὐτῷ
3111 1825 3488 1894 συνηγμένων,
3523 1823 3556 1895 ἢ
3605 1824 3694 1876 ἵνα

2112 1915 2317 1988 πικρὰς
2343 1916 2599 1971 ἐκτίσωσι
2623 1915 2800 1978 δίκας.
2853 1932 2871 1966 ι
2916 1915 3276 1986 Ἐξηχοῦντας
3304 1916 3361 1969 δέ
3383 1917 3568 1986 ήχους,
3599 1935 3617 1968 ι
3667 1916 3700 1984 ἢ

2113 2009 2211 2072 τὰς
2236 2009 2348 2062 τῶν
2383 2009 2693 2062 πιπτόντων
2723 2006 2986 2075 ὀλολυγάς
3021 2006 3207 2062 ἐνθάδε
3241 2009 3437 2078 φησὶν,
3487 2008 3520 2079 ἢ
3573 2007 3706 2071 τοὺς

2113 2101 2222 2157 τῶν
2255 2098 2530 2155 νικώντων
2571 2098 2941 2169 άλαλαγμούς.
2980 2099 3273 2169 Συμϐαίνει
3305 2101 3413 2171 γὰρ
3445 2103 3502 2154 ἐν
3544 2100 3704 2153 πολέ-

2117 2209 2243 2262 μοις
2280 2191 2636 2245 καταστένειν
2678 2190 2776 2261 μέν
2803 2191 2929 2251 τοὺς
2952 2199 3277 2254 πίπτοντας.
3300 2191 3703 2259 ὲπαγάλλεσθαι

2115 2283 2175 2337 δὲ
2215 2286 2329 2347 τοῖς
2366 2283 2640 2354 κειμένοις
2681 2283 2810 2344 τοὺς
2860 2280 3298 2352 κεκρατηκότας,
3341 2283 3434 2335 καὶ
3462 2279 3520 2335 εὖ
3558 2282 3710 2352 μάλα.

2116 2375 2541 2446 ἐπικαυχᾶσθαι.
2567 2374 2756 2428 ’Ἥλιον
2772 2373 2851 2436 δὲ,
2871 2374 2966 2426 καὶ
2995 2373 3225 2444 σελήνην
3249 2373 3702 2444 σκοτισθήσεσθαε

2117 2487 2273 2540 φησι,
2304 2469 2400 2522 καὶ
2437 2467 2636 2530 αὐτοὺς
2669 2466 2725 2520 δέ
2751 2467 3015 2536 ἀφεγγεῖς
3045 2465 3264 2520 ἔσεσθαι
3284 2467 3410 2528 τοὺς
3443 2464 3702 2535 ἀστέρας,

2116 2562 2213 2616 καὶ⁸
2244 2561 2366 2631 οὐχὶ
2398 2559 2464 2630 δὴ
2494 2558 2712 2621 πάντως
2751 2559 2827 2622 ὼς
2865 2557 3026 2611 τοῦτο
3061 2557 3196 2610 αὐτὸ
3220 2557 3562 2627 πεισομένων
3595 2557 3707 2609 τῶν

2118 2651 2400 2723 στοιχείων
2437 2650 2784 2720 τοτηνικάδε,
2829 2649 2945 2703 ἀλλ’
2991 2649 3067 2712 ὡς
3116 2648 3308 2712 σκότος
3350 2646 3710 2719 ἐμποιοῦντος

2115 2745 2213 2799 τοῦ
2246 2743 2508 2812 πολέμου,
2559 2741 2654 2794 καὶ
2699 2739 2808 2794 οἷον
2839 2740 3010 2810 ἀχλὺν
3040 2742 3158 2804 ταῖς
3209 2741 3318 2793 τῶν
3374 2739 3708 2811 ἡττωμένων

2116 2837 2351 2898 ἐνιέντος
2389 2834 2565 2904 ὄψεσι.
2598 2833 2797 2896 Σκότος
2827 2834 2936 2905 γὰρ
2957 2833 3046 2887 del
3059 2833 3153 2887 τοῦ
3176 2833 3407 2888 θανάτου
3437 2833 3497 2886 τὸ
3521 2833 3710 2902 δεῖμα,

2118 2928 2212 2983 καὶ
2240 2925 2584 2996 ἀπαμϐλύνει
2630 2926 2722 2978 τὸν
2761 2925 2886 2979 νοῦν
2935 2928 3220 2996 συμφορᾶς
3253 2926 3518 2996 ἀδοκήτου
3547 2925 3711 2996 μέγε-

2119 3020 2232 3083 θος,
2263 3019 2358 3071 καὶ
2391 3017 2581 3087 ὥσπερ
2609 3017 2760 3087 ἥλιον
2792 3017 3184 3087 καταμελαίνει
3214 3018 3312 3089 τὴν
3341 3017 3569 3087 καρδίαν
3593 3019 3708 3078 τοῖς

442 3105 782 3163 obscuritate
810 3101 1005 3156 inlicit.
1053 3097 1330 3154 Clamasse
1377 3109 1556 3151 autem
1594 3097 1882 3150 Dominum
1928 3095 2013 3149 di-

2122 3111 2260 3180 ὑπὲρ
2285 3110 2480 3181 μέτρον
2509 3108 2616 3161 τῶν
2651 3107 2862 3164 παθῶν.
2910 3109 3293 3180 Κεκράξεσθαι
3340 3109 3396 3161 δέ
3431 3125 3565 3178 φησι
3615 3107 3709 3162 τὸν

442 3199 536 3261 cit,
571 3205 630 3249 ut
662 3201 982 3265 prmsentem
1017 3231 1034 3256 ,
1070 3199 1125 3246 et
1174 3207 1278 3244 una
1317 3189 1639 3244 militantem
1680 3227 1696 3252 ,
1747 3198 1909 3256 atque
1959 3187 2011 3239 in

445 3302 653 3342 morem
693 3285 846 3340 ducis
897 3283 1176 3338 lsraelitas
1225 3281 1277 3334 in
1343 3281 1687 3336 adversarios
1736 3279 2012 3334 incitasse.

453 3377 509 3433 ln
565 3377 754 3447 primis
802 3389 932 3430 vero
979 3374 1033 3428 in
1081 3373 1480 3428 resurrectione
1521 3371 1744 3427 humani
1800 3370 2016 3441 generis

442 3468 720 3522 Christum
777 3464 924 3520 velut
971 3478 1041 3519 ex
1076 3462 1205 3518 Sion
1254 3462 1611 3516 clamaturum
1663 3462 1845 3515 dicere
1886 3475 2018 3514 cun-

443 3557 612 3613 venit.
661 3555 794 3612 Nam
823 3596 840 3623 ,
875 3563 934 3610 ut
981 3554 1184 3609 Paulus
1231 3555 1308 3608 ait
1360 3571 1376 3608 :
1418 3571 1438 3604 ι
1493 3552 1611 3622 lpse
1653 3552 1915 3607 Dominus
1965 3552 2017 3604 in

442 3651 624 3721 jussu,
653 3648 795 3704 etin
846 3661 978 3702 voce
1027 3645 1366 3715 archangeli,
1417 3654 1472 3700 et
1519 3645 1572 3700 in
1615 3646 1739 3699 tuba
1793 3644 1882 3698 Dei
1922 3643 2018 3696 de-

451 3744 675 3799 scendet
705 3742 772 3798 de
794 3740 955 3808 coelo,
985 3749 1039 3794 et
1067 3738 1269 3795 mortui
1325 3738 1420 3806 qui
1474 3738 1527 3792 in
1579 3737 1796 3792 Christo
1850 3749 2017 3799 sunt,

445 3842 733 3902 resurgent
787 3832 1104 3903 incorrupti.
1139 3831 1207 3889 τ’.
1271 3848 1292 3884 ι
1341 3829 1454 3885 Hoc
1525 3837 1582 3885 et
1655 3829 1742 3884 lex
1820 3827 2021 3900 Moysis

444 3925 812 3984 adumbravit.
847 3923 1018 3979 Jnssit
1045 3925 1191 3979 enim
1217 3922 1270 3976 in
1308 3922 1592 3998 neomenia
1645 3923 1770 3976 tuba
1817 3936 2019 3976 canere

444 4019 718 4075 lsraelitas
739 4019 810 4071 ".
887 4017 954 4071 Et
1024 4015 1310 4071 neomenia
1359 4014 1577 4084 quidem
1635 4013 1803 4082 ﬁgura
1851 4011 2020 4067 futuri

447 4130 514 4170 ac
562 4112 685 4168 n0vi
729 4109 914 4167 saeculi
971 4107 1255 4164 evidenter
1321 4114 1504 4177 potest
1555 4104 1804 4173 intelligi.
1868 4103 2020 4158 Tuba

446 4215 632 4260 autem
697 4203 852 4259 vocis
904 4199 1249 4272 pen-etrantis
1278 4198 1463 4253 omnia
1494 4235 1514 4262 ,
1558 4195 1894 4266 archangeli,
1940 4196 2022 4250 in-

446 4311 632 4368 ςυειιι,
655 4311 816 4367 quem
850 4295 993 4350 Deus
1039 4292 1218 4346 mittet
1271 4305 1394 4345 cum
1448 4289 1598 4353 tuba,
1651 4303 1772 4358 quae
1816 4288 2021 4357 ingenti

445 4388 658 4442 sonitus
683 4384 936 4439 claritate
997 4381 1404 4436 universitatem
1461 4387 1796 4433 mortuorum
1845 4378 1897 4432 in
1945 4379 2023 4433 vi-

2124 3202 2350 3272 Κύριον,
2383 3200 2458 3263 ὡς
2487 3199 2716 3252 συνόντα
2740 3217 2800 3252 τε
2851 3200 2947 3254 καὶ
2977 3200 3398 3264 συνασπίζοντα,
3429 3200 3519 3253 καὶ
3545 3217 3708 3270 στρα-

2123 3290 2293 3360 τηγοῦ
2360 3290 2516 3360 δίκην
2564 3291 2679 3353 τοῖς
2719 3291 2981 3354 ἐναντίοις
3039 3290 3402 3361 ἐποτρύνοντα
3460 3291 3588 3353 τοὺς
3647 3291 3711 3356 ἐξ

2137 3381 2374 3453 Ἰσραήλ.
2421 3380 2629 3449 Πρέποι
2670 3380 2718 3433 δ’
2744 3380 2811 3434 ἂν
2847 3382 3080 3452 μάλιστα
3111 3381 3190 3450 τῷ
3228 3382 3326 3452 τῆς
3354 3381 3710 3445 ἀναστάσεως

2126 3472 2303 3543 καιρῷ
2327 3472 2387 3526 τὸ
2415 3471 2690 3542 φάναιτὸν
2720 3471 2944 3542 Κύριον,
2971 3471 3048 3535 ὡς
3076 3472 3140 3524 ἐκ
3170 3471 3309 3524 Σιὼν
3332 3473 3708 3544 ἀνακεκράξε-

2125 3579 2236 3618 ται,
2271 3562 2392 3614 ’Ότι
2423 3559 2602 3624 καθώς
2633 3577 2766 3630 φησι
2811 3559 3046 3624 Παῦλος,
3097 3577 3117 3610 ι
3138 3560 3312 3624 Αὐτὸς
3343 3562 3371 3614 ὁ
3416 3560 3618 3632 Κύριος
3651 3563 3714 3615 ἐν

2127 3634 2478 3721 κελεύσματί,
2503 3651 2597 3704 καὶ
2617 3653 2673 3704 ἐν
2696 3651 2847 3721 φωνῇ
2873 3649 3234 3721 ἀρχαγγέλου,
3259 3650 3351 3703 καὶ
3369 3651 3428 3703 ἐν
3449 3651 3710 3719 σάλπιγγι

2127 3741 2261 3795 Θεοῦ
2310 3741 2679 3812 καταϐήσεται
2727 3745 2822 3798 ἀπ’
2866 3742 3123 3816 οὐρανοῦ,
3181 3742 3276 3795 καὶ
3320 3743 3370 3796 oi
3418 3743 3600 3812 νεκροὶ
3650 3744 3714 3796 ἐν

2127 3829 2349 3902 Χριστῷ
2373 3831 2763 3903 ἐγερθήσονται
2791 3832 3081 3904 ἄφθαρτοι.
3107 3850 3127 3882 ι
3169 3831 3341 3885 Τοῦτο
3386 3833 3481 3887 καὶ
3512 3835 3541 3886 ὁ
3569 3834 3712 3886 ’Μω-

2129 3921 2267 3985 σέως
2300 3922 2462 3992 νόμος
2492 3922 2890 3992 προανετύπου.
2931 3923 3182 3977 Ἐκέλευε
3207 3923 3315 3995 γὰρ
3355 3925 3414 3976 ἐν
3449 3925 3712 3996 νεομηνία

2130 4012 2413 4076 σαλπίζειν
2446 4013 2572 4077 τοὺς
2603 4015 2662 4077 ἐξ
2699 4015 2938 4086 Ἰσραήλ.
2983 4014 3094 4068 Kal
3129 4015 3389 4084 νεομηνία
3417 4016 3517 4086 μὲν
3541 4016 3712 4081 τύπος

2129 4104 2196 4158 ἂν
2223 4109 2415 4168 νοοῖτο,
2467 4107 2562 4159 καὶ
2594 4106 2741 4175 μάλα
2783 4107 2982 4178 σαφὴς,
3031 4105 3227 4167 αἰῶνος
3258 4105 3354 4159 τοῦ
3397 4108 3708 4176 μέλλοντος,

2129 4199 2224 4251 καὶ
2262 4199 2382 4251 νέου
2414 4199 2557 4253 κατά
2591 4198 2680 4251 τὸν
2711 4198 2948 4269 πρῶτον.
2992 4198 3058 4251 Ἦ
3103 4199 3160 4252 δέ
3202 4214 3266 4267 γε
3313 4198 3570 4266 σάλπιγξ,
3611 4200 3712 4271 τῆς

2128 4289 2455 4360 διαπρυσίας
2498 4289 2683 4358 φωνῆς
2721 4289 2822 4359 τῆς
2866 4288 2962 4342 τοῦ
3008 4291 3372 4361 ἀρχαγγέλου,
3421 4291 3518 4360 τῆς
3560 4293 3713 4361 παρά

2129 4379 2264 4432 Θεοῦ
2318 4380 2637 4448 σάλπιγγος,
2679 4379 2714 4450 ἢ
2761 4380 2968 4442 πάντας
3014 4382 3194 4452 ἐγερεῖ
3242 4381 3368 4444 τοὺς
3408 4381 3468 4434 ἐν
3517 4383 3584 4452 τῇ
3637 4383 3709 4453 γῇ

449 4490 558 4533 tam
590 4475 886 4530 revocabit.
925 4473 1193 4528 Praeterea
1223 4471 1339 4541 ipse
1391 4469 1650 4523 Dominus
1697 4469 2014 4523 miraculum

2129 4470 2437 4539 κειμένους,
2494 4469 2729 4534 ἐξαίσιόν
2780 4487 2868 4536 τι,
2940 4471 3036 4524 καὶ
3107 4471 3414 4542 φωνητικὸν
3479 4472 3710 4542 ἡχοῦσα.

449 4570 506 4624 in
565 4566 832 4622 Lazarum
884 4563 1094 4630 edens,
1137 4561 1204 4616 ad
1256 4570 1666 4616 monumentum
1699 4561 1884 4624 venit,
1929 4570 2020 4626 et,

448 4666 510 4714 ut
537 4665 726 4713 narrat
747 4655 1103 4726 evangelista,
1128 4667 1261 4709 voce
1295 4667 1490 4724 magna
1519 4651 1774 4706 clamavit
1805 4670 1820 4707 :
1855 4671 1878 4703 ι-
1922 4651 2023 4706 La-

453 4764 608 4816 zare,
642 4749 766 4804 veni
798 4749 945 4803 l'oras
978 4750 1044 4804 τ’.
1092 4766 1112 4800 ι
1148 4748 1468 4816 Quanquam
1496 4746 1607 4817 ipse
1654 4761 1750 4817 per
1789 4747 2024 4817 prephe-

453 4853 560 4896 tam
605 4841 796 4897 dicat:
848 4857 872 4891 ιΔ
905 4837 1021 4894 Non
1062 4840 1374 4901 contendet,
1423 4854 1522 4893 nec
1575 4839 1866 4905 clamabit,
1927 4855 2026 4895 nec

452 4933 706 4989 audietur
746 4930 884 4986 foris
926 4945 1032 4985 vox
1079 4930 1198 5000 ejus
1226 4929 1296 4984 ’³.
1343 4949 1361 4982 ι
1399 4930 1624 4999 Signum
1671 4931 1833 5000 igitur
1861 4946 2024 4999 pene-

450 5026 662 5082 trabilis
687 5025 849 5090 tubas,
899 5032 953 5080 et
1002 5023 1212 5079 sonitus
1246 5024 1363 5092 ejus
1406 5037 1578 5092 usque
1633 5023 1699 5076 ad
1748 5033 2025 5079 extremos

451 5130 722 5173 terrarum
758 5113 898 5171 ﬁnes
923 5154 941 5182 ,
998 5113 1256 5182 inquam,
1305 5123 1359 5166 et
1413 5114 1479 5167 de
1510 5113 1676 5176 caelo,
1740 5125 1844 5176 est,
1880 5115 2023 5183 quod

449 5210 704 5264 Salvator
745 5207 854 5261 alta
875 5219 1012 5262 voce
1036 5203 1307 5260 Lazarum
1347 5203 1415 5258 ab
1455 5205 1648 5260 inferis
1669 5206 1948 5260 excitavit.

524 5471 688 5526 Vens.
735 5472 824 5527 i7.
855 5472 923 5526 At
957 5470 1219 5525 Dominus
1240 5479 1418 5539 parcet
1447 5470 1638 5540 populo
1667 5487 1786 5536 suo,
1817 5482 1862 5524 et
1898 5489 2026 5526 con-

453 5562 666 5632 fortabit
718 5565 856 5634 ﬁlios
889 5563 1083 5630 Israel,
1137 5571 1188 5618 et
1220 5564 1416 5628 scietis,
1454 5564 1579 5633 quia
1622 5580 1714 5634 ego
1765 5564 2019 5620 Dominus

2140 4563 2335 4616 ἰστέον
2382 4561 2436 4614 δὲ
2475 4563 2556 4615 ὅτι
2598 4562 2690 4614 καὶ
2725 4561 2889 4626 αὐτὸς
2930 4564 2958 4616 ὁ
2999 4563 3202 4632 Κύριος
3236 4563 3296 4616 τὸ
3344 4563 3436 4617 ἐπὶ
3475 4564 3714 4636 Λαζάρῳ

2129 4654 2315 4726 θαῦμα
2348 4655 2596 4726 πληρῶνν
2641 4653 2872 4724 ἀφίκετο
2935 4655 3036 4725 μὲν
3089 4657 3170 4720 εἰς
3205 4658 3266 4709 τὸ
3307 4661 3589 4728 μνημεῖον,
3635 4657 3712 4719 ὡς

2125 4746 2187 4800 δέ
2222 4763 2386 4818 φησιν
2444 4747 2472 4798 ὁ
2522 4747 2936 4818 εὐαγγελιστὴς,
2987 4751 3137 4819 φωνῇ
3185 4749 3398 4822 μεγάλῃ
3443 4749 3710 4818 ἐφώνησε,

2133 4855 2154 4890 ι
2178 4839 2421 4909 Λάζαρε,
2451 4837 2612 4908 δεῦρο
2656 4837 2780 4905 ἔξω,
2816 4857 2835 4888 ι
2903 4837 3079 4893 καίτοι
3123 4840 3372 4908 λέγοντος
3409 4841 3574 4894 αὐτοῦ
3624 4840 3714 4894 διά

2126 4928 2223 4983 τοῦ
2265 4931 2569 5001 προφήτου,
2620 4949 2638 4980 ι
2664 4931 2778 4984 Οὺκ
2812 4931 3007 5003 ἐρίσει,
3061 4931 3181 4985 οὐδὲ
3219 4934 3541 5003 κραυγάσει,
3589 4934 3711 4986 ούδέ

2123 5021 2523 5093 ἀκουσθήσεται
2551 5019 2655 5085 ἔξω
2682 5022 2715 5091 ἡ
2747 5021 2898 5092 φωνὴ
2933 5021 3120 5075 αὑτοῦ.
3151 5041 3170 5074 ι
3211 5023 3443 5093 Σημείον
3482 5019 3574 5077 οὖν
3604 5023 3714 5094 ἄρα

2123 5112 2222 5181 τῆς
2249 5111 2576 5182 διαπρυσίας
2607 5112 2927 5180 σάλπιγγος,
2973 5113 3070 5167 καὶ
3097 5116 3195 5183 τῆς
3228 5115 3322 5167 ἀπ’
3361 5114 3533 5184 αὐτῆς
3573 5115 3713 5184 ήχῆς

2125 5204 2226 5274 τῆς
2279 5205 2367 5258 ἐπ’
2408 5204 2681 5275 ἐσχάτοις,
2727 5207 2889 5275 φημὶ,
2941 5206 3036 5258 καὶ
3074 5205 3134 5269 ἐξ
3171 5205 3404 5276 ούρανοῦ
3448 5206 3508 5258 τὸ
3547 5207 3716 5276 μεγά-

2126 5294 2194 5365 λῃ
2221 5295 2312 5348 τὸν
2344 5296 2576 5368 Σωτῆρα
2623 5297 2934 5367 χρήσασθαι
2991 5300 3166 5369 φωνῇ,
3219 5298 3564 5352 διανιστάντα
3621 5297 3714 5350 τὸν

2123 5387 2276 5450 Λάζα
2285 5403 2392 5457 ρον.

2207 5479 2270 5532 '0
2315 5479 2383 5532 δὲ
2424 5481 2643 5548 Κύριος
2686 5481 2957 5549 φείσεται
2999 5481 3107 5536 τοῦ
3152 5481 3307 5534 λαοῦ
3355 5480 3572 5544 αὑτοῦ,
3615 5479 3714 5534 καὶ

2130 5569 2441 5640 ἐνισχύσει
2468 5572 2596 5639 τοῖς
2624 5574 2779 5640 υἱοῖς
2812 5573 3080 5643 Ἰσραήλ.
3121 5573 3230 5628 Καὶ
3259 5575 3585 5643 γνώσεσθε,
3627 5573 3712 5625 ὅτι

525 5741 567 5773 ⁶⁹
596 5739 793 5798 Jerem.
829 5759 904 5814 tv,
941 5744 1028 5798 51.
1108 5745 1152 5777 τ’
1190 5745 1425 5799 lThess.
1469 5759 1540 5809 tv,
1575 5745 1657 5797 15.
1738 5746 1778 5776 ⁷¹
1819 5745 1956 5801 Psal.
1994 5762 2014 5799 t

2120 5763 2154 5811 ι,
2205 5747 2258 5802 4.
2292 5750 2373 5821 ζ⁷²
2399 5748 2556 5805 Joan.
2597 5767 2672 5819 xl,
2709 5751 2795 5806 45.
2878 5753 2921 5783 ⁷³
2951 5752 3068 5808 Ιεῖιμ
3092 5766 3220 5814 xw,
3256 5749 3313 5802 2.
