4132 6370
431 401 532 460 τοι

1317 408 1870 466 COMMENTARIUS
1910 408 1973 461 IN
2014 405 2280 462 JOELEM
2323 400 2762 461 ΡΒΟΡΗΕΤΑΜ.

3578 394 3686 450 402

431 516 548 586 ἐγὼ
575 519 788 585 Κύριος
827 523 861 573 ὁ
909 522 1052 588 Θεὸς
1079 523 1277 594 ὑμῶν,
1311 525 1711 595 κατασκηνῶν
1749 527 1819 579 ἐν
1855 525 2003 580 Σιὼν

2116 523 2254 578 Deus
2283 531 2470 586 vester,
2502 521 2748 574 habitans
2788 521 2842 574 in
2875 518 3004 574 Sion
3035 526 3208 572 monte
3243 526 3424 570 sancto
3457 531 3592 578 meo,
3633 524 3684 568 et

433 606 556 676 ὄρει
583 609 731 678 ἁγίῳ
761 628 899 680 μου.
932 614 1043 667 Καὶ
1083 614 1259 668 ἔσται
1297 616 1691 686 Ἰερουσαλὴμ
1723 617 1882 687 ἁγία,
1909 619 2008 671 καὶ

429 699 784 768 ὼζλογενεῒς
807 705 880 757 οὐ
908 704 1319 762 διελεύσονται
1356 709 1430 761 δι’
1456 708 1646 776 αὐτῆς
1669 707 1774 761 ἔτι.

503 788 634 843 MI".
663 790 792 843 Ὅτε
828 793 897 845 τὰ
923 795 1244 867 ἐγκλήματα
1288 796 1388 867 τῆς
1427 797 1764 860 ἀποστασίας
1804 799 1915 861 τοῖς
1948 797 2008 864 ἐξ

445 877 662 949 Ἰσραὴλ
695 882 1090 953 ἐπεγράφοντο,
1136 889 1233 940 καὶ
1275 888 1540 958 δαμάλεσι
1594 889 1692 960 μὲν
1737 889 2008 959 προσεκύ-

433 985 556 1021 νουν
578 974 700 1032 ταῖς
731 977 982 1043 χρυσαῖς,
1009 975 1246 1044 ἔφασκον
1273 977 1330 1030 δέ
1363 979 1613 1041 ἀνοσίως,
1632 971 1794 1032 Οὗτοι
1820 980 1869 1032 oi
1895 978 2008 1032 θεοί

437 1079 532 1114 σου
570 1063 808 1135 Ἰσραὴλ,
829 1067 1050 1131 οἵτινες
1080 1070 1357 1139 ἀνήγαγόν
1391 1087 1448 1122 σε
1477 1073 1540 1124 ἐκ
1572 1072 1674 1141 γῆς
1701 1073 2004 1139 Αἰγύπτου,

434 1152 555 1204 τότε
581 1155 673 1207 καὶ
703 1155 948 1220 ἀσθενεῖς
967 1200 980 1223 ,
1013 1160 1108 1212 καὶ¹
1138 1160 1423 1224 εὐάλωτοι,
1456 1163 1549 1214 καὶ
1580 1165 1693 1224 τοῖς
1730 1163 2008 1234 πολεμίοις

434 1243 756 1317 ἐτοιμοτάτη
824 1247 1145 1318 προῦκειντο
1215 1250 1378 1322 θήρα.
1444 1252 1712 1325 Ταύτῃτοι
1773 1253 1870 1307 καὶ
1928 1255 2008 1316 είς

435 1337 814 1406 αἰχμαλωσίαν
847 1341 1174 1410 ἐπέμποντο.
1214 1343 1432 1415 Ἐπειδὴ
1478 1344 1534 1397 δέ
1583 1345 1874 1414 ἠλέηνται,
1915 1346 2007 1398 καὶ

433 1427 533 1497 τὴν
574 1428 784 1482 ἑαυτῶν
824 1434 1204 1502 κατῳκήκασι,
1235 1434 1507 1504 χαλῶντος
1531 1434 1667 1487 Θεοῦ
1694 1437 1792 1498 τὰς
1815 1436 2004 1506 ὀργάς,

433 1519 637 1590 ἄμαχοι
685 1521 891 1587 λοιπὸν,
937 1525 1031 1577 καὶ
1083 1525 1541 1594 ἀνανταγώνιστοι
1589 1528 1844 1595 γεγόνασι
1895 1531 2007 1592 τοῖς

433 1611 668 1681 ἐχθροῖς,
713 1613 951 1684 ἀμογητὶ
994 1617 1392 1687 κεκρατήκασι,
1435 1617 1612 1669 καίτοι
1644 1619 1861 1671 πάντων
1899 1620 2008 1672 τῶν

433 1701 604 1755 ἐθνῶν
637 1705 1066 1777 συνειλεγμένων
1104 1709 1185 1770 είς
1229 1708 1432 1778 μάχην.
1478 1705 1877 1782 Γνώσεσθαιδὴ
1915 1708 2007 1765 οῦν

433 1794 598 1862 φησὶν
627 1795 824 1860 αὐτοὺς
847 1796 954 1848 ἀπό
970 1813 1031 1864 γε
1052 1796 1145 1849 τοῦ
1172 1797 1495 1868 κατισχύσαι
1515 1797 1625 1850 τῶν
1639 1798 1708 1851 δι’
1735 1801 2004 1864 ἐναντίας,

2108 613 2207 668 erit
2247 611 2548 666 Jerusalem
2572 627 2778 677 saneta,
2815 622 2862 664 et
2897 609 3208 679 alienigena:
3237 624 3340 660 non
3380 604 3686 660 transibunt

2104 721 2198 773 per
2218 721 2333 757 eam
2358 703 2605 771 annilius.

2182 793 2362 848 XLlll.
2397 793 2628 860 Quando
2664 793 2894 848 crimina
2933 794 3164 847 desertae
3199 801 3412 860 patrum
3458 790 3684 860 religio-

2122 888 2209 942 nis
2270 887 2691 941 intendebantur
2733 885 3012 948 lst'aelitis,
3053 895 3107 940 et
3139 885 3336 938 vitulos
3383 883 3684 938 adorabant

2108 993 2328 1043 aureos,
2379 976 2587 1030 nefarie
2637 975 3048 1030 acclamantes:
3105 993 3124 1026 ι
3167 974 3231 1028 lli
3272 968 3398 1027 sunt
3449 973 3521 1026 dii
3582 972 3690 1034 tui,

2107 1069 2294 1132 lsrael,
2325 1071 2414 1138 qui
2441 1069 2745 1122 eduxerunt
2785 1080 2836 1123 te
2870 1069 2934 1121 de
2971 1079 3111 1120 terra
3147 1066 3363 1136 Egypti
3393 1065 3464 1131 ",
3501 1081 3520 1116 ι
3553 1073 3682 1116 tunc

2107 1162 2307 1216 iulirmi
2343 1171 2517 1227 erant,
2551 1171 2606 1215 et
2639 1163 2737 1215 levi
2775 1161 2989 1229 negotio
3009 1159 3459 1228 subjugabantur,
3494 1167 3683 1210 erant-

2109 1268 2215 1322 que
2245 1252 2498 1306 hostibus
2525 1252 2720 1320 praedre
2749 1251 3195 1319 expeditissimae.
3225 1249 3349 1303 Ideo
3393 1258 3449 1302 et
3495 1250 3546 1302 in
3587 1262 3681 1303 ca-

2107 1343 2407 1414 ptivitatem
2457 1343 2881 1397 abducehautur.
2929 1341 2997 1395 At
3047 1350 3330 1411 postquam
3377 1340 3685 1394 misericor-

2108 1435 2252 1488 diam
2307 1433 2509 1503 adepti,
2562 1434 2838 1504 regionem
2885 1447 3035 1486 suam
3091 1432 3425 1498 postliminio
3475 1432 3684 1485 habita-

2110 1536 2256 1591 runt,
2300 1525 2410 1580 Deo
2435 1527 2543 1579 iras
2572 1525 2897 1592 deponente,
2927 1525 2993 1578 de
3035 1534 3233 1578 caetero
3265 1525 3448 1577 invicti
3493 1534 3546 1577 et
3590 1524 3678 1576 iu-

2109 1619 2446 1688 superabiles
2490 1619 2740 1673 hostibus
2771 1617 3008 1680 fuerunt,
3041 1617 3284 1686 citraque
3332 1618 3569 1671 laborem
3601 1618 3683 1669 vi-

2109 1719 2323 1774 cerunt,
2371 1710 2472 1764 etsi
2504 1725 2694 1764 omnes
2739 1720 2925 1779 gentes
2952 1709 3238 1761 adversum
3283 1725 3375 1761 eos
3417 1706 3578 1779 242
3629 1707 3680 1760 in

2110 1801 2352 1870 praelium
2400 1801 2631 1855 coirent.
2693 1801 2764 1854 Ex
2834 1816 2898 1852 eo
2940 1799 3102 1867 igitur
3169 1799 3312 1869 quod
3359 1799 3684 1852 adversariis

431 1884 514 1937 ὅτι
540 1885 633 1937 καὶ
665 1886 723 1938 ἐν
750 1887 932 1951 αὐτοῖς
964 1890 1102 1953 ἐστι,
1137 1889 1232 1941 καὶ
1270 1888 1682 1944 ἐπαναπαύεται
1715 1891 1899 1944 λοιπὸν
1937 1895 2003 1963 τῇ

2113 1895 2498 1964 ρτωνιιιοὺυιη,
2547 1895 2862 1965 cognituros
2905 1892 3055 1955 dicit,
3086 1908 3206 1946 eum
3251 1902 3306 1946 et
3351 1893 3491 1945 inter
3541 1893 3684 1960 ipsos

434 1974 570 2029 Σιὼν
602 1976 676 2042 ὼς
718 1979 852 2050 ἁγίᾳ
887 1980 1059 2036 πόλει.
1100 1983 1371 2056 Ταύτῃτοί
1434 2002 1598 2057 φησιν
1638 1986 1720 2038 δτι
1759 1986 2007 2054 φείσεται

435 2067 536 2136 μὲν
574 2067 683 2120 τῶν
735 2069 878 2123 [δίων
919 2071 1085 2136 λαῶν,
1133 2076 1229 2128 καὶ
1262 2075 1675 2142 ἀλκιμωτάτους
1717 2079 2004 2146 ἀποφανεῖ,

434 2157 777 2229 μαθήσεσθαι
819 2162 876 2214 δὲ
920 2163 1137 2229 αὐτοὺς,
1170 2166 1250 2219 ὅτι
1280 2167 1397 2236 μετ’
1440 2168 1620 2222 αὐτῶν
1645 2171 1814 2222 ἐστιν.
1843 2171 2004 2221 Ἐσε-

433 2247 558 2301 σθαι
602 2250 660 2302 δέ
702 2268 835 2321 φησι
862 2252 960 2324 τὴν
1002 2255 1355 2329 Ἰερουσαλὴμ
1397 2258 1582 2328 ἁγίαν,
1629 2259 1728 2331 τὴν
1774 2260 2008 2330 ἀρχαίαν

433 2341 650 2406 πάντως
678 2343 866 2400 ἀθεῒαν
897 2345 1296 2414 ἀποϐαλοῦσαν,
1325 2349 1426 2403 οὐκ
1458 2350 1537 2403 ἔτι
1559 2350 2005 2421 ψευδομάντείας,

430 2435 526 2487 καὶ
577 2436 830 2508 γοητείας
890 2441 1020 2508 παρ’
1067 2440 1204 2512 αὐτῇ
1256 2441 1606 2514 τιμωμένης,
1656 2443 1713 2494 ἐν
1759 2441 1906 2511 νόμῳ
1950 2442 2007 2494 δέ

433 2524 633 2595 μᾶλλον
666 2527 974 2598 κρατούσης
1018 2529 1163 2601 ζωῆς
1185 2569 1199 2593 ,
1240 2531 1336 2584 καὶ
1366 2532 1604 2602 ἀρίστων
1647 2533 2009 2601 ἐπιτηδευμά-

431 2631 538 2667 των
565 2617 764 2688 σπουδῇ
797 2619 1098 2689 γεγονότων
1131 2621 1333 2684 αύτοῖς.
1353 2622 1610 2694 Ἐχούσης
1635 2623 1692 2676 δὲ
1726 2621 1886 2686 οὕτω,
1914 2622 2009 2674 καὶ

428 2706 621 2778 διαζῆν
643 2709 950 2782 ᾑρημένης,
979 2711 1172 2766 οὐδένα
1203 2713 1339 2784 φησὶ
1372 2713 1480 2767 τῶν
1512 2713 1719 2784 ἐχθρῶν
1746 2713 1812 2766 δι’
1837 2714 2008 2782 αὐτῆς

430 2799 882 2870 παρελεύσεσθαι,
909 2797 1022 2856 οἷον
1053 2805 1153 2857 οὐκ
1191 2803 1658 2872 εὐκαταγώνιστος
1682 2803 1834 2856 ἔσται
1865 2803 2007 2856 τισὶν

429 2893 552 2946 οὺδέ
602 2895 660 2946 ἐν
711 2895 932 2966 παρόδῳ
978 2900 1094 2961 τοῖς
1151 2898 1428 2951 ἐθέλουσιν
1483 2895 1873 2968 ἁρπαζομένη,
1931 2896 2010 2958 ὡς

431 2985 716 3060 πρότερον,
767 2988 966 3058 μᾶλλον
1009 2989 1065 3043 δὲ
1111 2989 1376 3059 ἀσφαλὴς.
1423 2990 1518 3043 καὶ
1559 2992 1680 3052 ταῖς
1713 2989 1841 3060 παρ’
1873 2987 2007 3060 ἐμοῦ

430 3077 712 3148 δυνάμεσι,
747 3081 842 3133 καὶ
865 3081 1206 3151 ἐπικουρίαις
1239 3077 1298 3134 εὖ
1334 3080 1478 3151 μάλα
1502 3080 1898 3151 τετειχισμένη.

517 3170 736 3242 Ἀληθές
762 3171 819 3224 δέ
850 3173 910 3225 τὸ
940 3173 1129 3244 χρῆμα
1161 3173 1264 3226 κᾶν
1294 3175 1343 3225 εί
1373 3174 1460 3226 ἐπ’
1496 3172 1668 3242 αὐτῆς
1696 3174 1868 3224 νοοῖτο
1907 3171 2007 3240 τῆς

2115 2001 2260 2050 esse,
2308 1993 2364 2039 et
2416 1987 2466 2039 in
2514 1997 2786 2052 posterum
2839 2001 3000 2055 super
3044 1997 3226 2040 sancta
3277 1986 3496 2038 civitate
3542 1983 3670 2036 Sion

2108 2079 2440 2146 quieturum.
2478 2077 2612 2130 lline
2649 2077 2880 2132 atlirmat
2937 2093 3225 2148 parsurum
3257 2076 3452 2146 populo
3480 2091 3598 2138 suo,
3629 2087 3686 2128 et

2110 2169 2524 2223 strenuissimos
2572 2170 2944 2235 redditurum,
2994 2182 3043 2224 et
3097 2179 3509 2239 perspecturos,
3557 2183 3681 2222 eum

2110 2276 2232 2316 cum
2299 2261 2433 2327 ipsis
2482 2275 2640 2327 esse;
2689 2260 2804 2316 fore
2844 2272 3027 2316 autem
3077 2260 3373 2315 Jerusalem
3419 2269 3693 2324 sanctam,

2110 2353 2392 2420 repudiato
2425 2367 2648 2422 prorsus
2673 2353 2942 2408 atheismo
2968 2353 3155 2414 veteri,
3194 2351 3343 2406 falsis
3373 2352 3682 2421 praedictio-

2111 2447 2271 2499 nibus
2297 2455 2350 2499 et
2402 2445 2859 2499 incantationibus
2903 2446 3193 2513 despectis,
3244 2445 3294 2496 in
3342 2445 3458 2513 lege
3505 2454 3692 2496 autem

2113 2539 2237 2590 vitae
2273 2548 2546 2604 potentem
2594 2549 2648 2590 et
2699 2538 3065 2590 institutorum
3105 2536 3431 2604 optimorum
3471 2535 3682 2588 studio-

2110 2644 2241 2684 sam.
2299 2628 2430 2682 Cum
2484 2628 2564 2683 sic
2618 2644 2674 2682 se
2724 2629 2994 2694 habuerit,
3027 2638 3083 2681 et
3133 2629 3206 2680 ita
3255 2627 3415 2680 vitam
3465 2626 3690 2696 exigere

2111 2723 2476 2784 constituerit,
2531 2722 2734 2774 nullutu
2781 2723 2986 2776 hostem
3023 2739 3117 2791 per
3155 2737 3274 2775 eam
3304 2720 3680 2782 transiturum,

2110 2809 2163 2865 id
2193 2821 2298 2874 est,
2327 2827 2353 2864 a
2387 2812 2603 2865 nemine
2634 2812 2791 2865 facile
2821 2814 3236 2881 expugnabitur.
3266 2827 3364 2864 nec.
3396 2811 3448 2863 in
3501 2819 3679 2863 trans-

2112 2903 2189 2958 itu
2229 2921 2255 2954 a
2291 2904 2596 2958 volentibus
2631 2912 2689 2957 ut
2728 2915 2886 2957 antea
2937 2905 3176 2972 rapietur
3201 2944 3216 2967 ,
3260 2903 3390 2971 quin
3428 2911 3538 2956 tuta
3579 2901 3686 2954 erit.

2110 2995 2281 3065 copiis
2331 2995 2654 3065 auxiliisque
2702 2996 2832 3050 meis
2881 3006 2938 3049 ut
3003 3011 3155 3049 muro
3199 2995 3400 3064 optime
3449 2995 3694 3046 circum--

2112 3096 2283 3156 septa.

2182 3176 2327 3230 Istud
2363 3191 2525 3244 porro
2550 3177 2713 3229 etiam
2743 3177 2809 3231 de
2833 3175 3032 3230 Christi
3071 3174 3314 3230 Ecclesia
3348 3188 3534 3226 verum
3571 3183 3676 3227 est.

443 3262 770 3334 Ἐκκλησίας
791 3264 1051 3334 Χριστοῦ.
1101 3264 1341 3335 Κήδεται
1368 3264 1479 3336 γὰρ
1521 3264 1628 3318 τῶν
1662 3264 1805 3317 ἰδίων
1833 3281 2001 3335 προσ-

2112 3264 2346 3320 Suorum
2382 3266 2524 3319 enim
2565 3266 2832 3319 cultorum
2879 3281 3066 3320 curam
3107 3265 3279 3334 gerit.
3331 3272 3384 3318 et
3437 3262 3690 3316 hostibus

433 3354 700 3424 κυνητῶν,
729 3354 956 3407 καὶτῶν
980 3355 1256 3426 πολεμίων
1298 3357 1559 3426 ἀμείνους
1603 3355 1876 3419 ἀποτελεῖ,
1918 3357 2011 3408 εὐ-

436 3444 664 3508 σθενεῖς,
687 3445 781 3496 καὶ
811 3444 1246 3514 ἀλκιμωτάτους,
1281 3445 1587 3514 εὑρωστίας
1613 3447 1883 3515 γέμοντας
1912 3447 2012 3516 τῆς

435 3537 833 3606 πνευματικῆς,
893 3536 1100 3600 εἰδότας
1130 3555 1190 3589 τε
1234 3539 1330 3590 καὶ
1380 3538 1813 3601 πεπιστευκότας
1859 3541 1938 3592 δτι
1983 3540 2012 3592 ό

433 3626 566 3689 Θεὸς
595 3628 652 3679 ἐν
681 3628 863 3689 αὐτοῖς
889 3627 977 3680 διὰ
1004 3628 1098 3680 τοῦ
1129 3628 1465 3698 Πνεύματος.
1499 3649 1516 3680 ι
1543 3631 1804 3682 Κατοικεῐ
1824 3630 1932 3700 γὰρ
1955 3633 2012 3684 ἐν

432 3722 553 3782 ταῖς
583 3719 829 3788 καρδίαις
859 3720 1016 3791 ἡμῶν
1044 3720 1132 3774 διὰ
1177 3722 1274 3792 τῆς
1303 3722 1558 3785 πίστεως.
1601 3741 1619 3774 ι
1649 3722 1757 3774 Καὶ
1792 3722 1820 3774 ὁ
1853 3722 2015 3790 εὐαγ-

433 3811 689 3883 γελιστης
714 3813 966 3883 Ἰωάννης
991 3815 1175 3883 φησὶν,
1201 3834 1217 3866 ι
1244 3816 1336 3867 Ἐκ
1363 3813 1552 3867 τούτου
1573 3813 1915 3884 γινώσκομεν
1933 3814 2012 3866 δτι

435 3903 494 3952 ἐν
523 3903 656 3971 ἡμῖν
679 3904 846 3966 ἐστιν,
878 3905 942 3955 ἐκ
961 3903 1052 3956 τοῦ
1091 3904 1429 3975 Πνεύματος,
1472 3901 1532 3959 οὗ
1560 3905 1759 3958 ἔδωκεν
1795 3905 1950 3974 ἡμῖν.
1989 3923 2007 3956 ι

449 3993 606 4060 Ἀγία
655 3994 712 4046 δέ
741 3993 883 4047 κατὰ
919 3994 980 4046 τὸ
1023 3994 1222 4065 ἀληθὲς
1255 3997 1287 4065 ἡ
1332 4001 1494 4067 νοητή
1535 4014 1636 4049 που
1666 3997 1886 4060 πάντως
1925 3995 2016 4048 Ὶεο

435 4085 758 4157 ρουσαλὴμ,
793 4088 1099 4150 τουτέστιν,
1139 4089 1172 4158 ἡ
1213 4088 1545 4158 Ἐκκλησία,
1585 4089 1653 4143 τα
1696 4089 1803 4142 τῶν
1843 4089 2013 4158 ἁγίων

433 4175 706 4245 τάγματα.
749 4177 823 4230 Οὐ
849 4177 956 4248 γάρ
982 4181 1098 4231 ἐστι
1130 4180 1363 4250 πάροδος
1393 4180 1714 4250 ἀλλογενῶν.
1761 4201 1780 4232 ι
1815 4184 1876 4235 Οἱ
1905 4181 2013 4252 γὰρ

434 4265 529 4318 τοῦ
555 4266 792 4337 Χριστοῦ
822 4269 922 4338 τὴν
959 4270 1137 4340 σάρκα
1165 4271 1539 4343 ἐσταύρωσαν.
1577 4291 1593 4321 ι
1627 4271 1928 4342 Μέμνημαι
1956 4271 2012 4323 δὲ

433 4357 686 4426 λέγοντος
716 4361 809 4412 καί
852 4378 997 4423 τινος
1030 4363 1136 4415 τῶν
1183 4362 1394 4432 σοφῶν,
1428 4383 1446 4414 ‹
1492 4363 1618 4416 Ἐὰν
1652 4363 1874 4434 Πνεῦμα
1916 4363 2010 4415 τοῦ

436 4451 838 4517 ἐξουσιάζοντος
865 4455 1038 4525 ἀναϐῇ
1071 4455 1164 4508 ἐπὶ
1191 4456 1284 4524 σὲ,
1303 4455 1466 4509 τόπον
1502 4474 1596 4508 σου
1632 4457 1705 4528 μὴ
1734 4457 1898 4526 ἀφῇς,
1931 4457 2012 4508 ὃτι

2113 3359 2422 3426 superiores
2455 3357 2603 3420 facit,
2641 3359 2914 3422 robustos,
2953 3357 3381 3418 strenuissimos,
3417 3353 3681 3424 spirituali

2112 3449 2431 3504 fortitudine
2478 3449 2684 3518 plenos,
2730 3464 2850 3501 cum
2901 3449 3075 3501 sciant
3118 3456 3172 3500 et
3210 3447 3468 3508 credant,
3520 3445 3683 3498 Deum

2113 3557 2210 3612 per
2240 3542 2500 3610 Spiritum
2531 3543 2581 3594 in
2611 3542 2742 3611 ipsis
2761 3555 2915 3608 esse;
2957 3558 2974 3590 ι
3016 3539 3221 3593 habitat
3244 3538 3387 3591 enim
3419 3537 3471 3590 in
3504 3534 3685 3590 cordi-

2117 3633 2220 3687 bus
2252 3634 2458 3687 nostris
2493 3649 2588 3703 per
2623 3635 2778 3687 fidem
2807 3633 2878 3684 ⁷⁵.
2915 3650 2933 3682 ι
2968 3632 3036 3685 Et
3081 3638 3138 3683 ut
3173 3627 3409 3682 Joannes
3452 3640 3688 3692 evange—

2115 3725 2240 3780 lista
2275 3724 2468 3780 scribit.
2499 3742 2512 3778 :
2553 3743 2572 3776 σ
2613 3725 2668 3778 In
2699 3724 2802 3777 hoc
2829 3723 3233 3791 cognoscimus,
3271 3720 3394 3788 quia
3439 3719 3488 3771 in
3531 3719 3691 3773 nobis

2113 3825 2216 3879 est,
2243 3816 2366 3885 quia
2407 3815 2475 3869 de
2519 3813 2727 3884 Spiritu
2783 3830 2882 3869 suo
2931 3813 3080 3866 dedit
3127 3813 3281 3865 nobis
3313 3811 3380 3862 "°.
3424 3829 3443 3861 ι
3491 3809 3688 3862 Sancta

2115 3919 2293 3961 autem
2329 3916 2409 3962 est
2457 3922 2644 3961 revera
2688 3905 3069 3960 intellectualis
3115 3902 3441 3965 Ierusalem,
3497 3901 3546 3956 id
3583 3908 3690 3964 est,

2116 3997 2376 4062 Ecclesia,
2405 4007 2716 4050 sanctorum
2743 3995 2982 4050 ordines.
3009 3993 3124 4046 Non
3153 3993 3296 4047 enim
3317 4002 3399 4045 est
3432 3991 3694 4044 transitus

2114 4105 2210 4160 per
2255 4103 2374 4142 eam
2432 4087 2770 4157 alienigenis.
2808 4105 2829 4138 ι
2880 4085 2985 4152 Qui
3031 4099 3262 4153 namque
3302 4093 3428 4136 sunt
3463 4082 3696 4144 Christi,

2111 4193 2332 4235 carnem
2368 4194 2521 4233 suam
2565 4178 2953 4232 crncilixernnt
2976 4177 3020 4206 ""
3053 4193 3067 4230 :
3109 4195 3126 4227 ι
3167 4174 3326 4229 Venit
3363 4175 3416 4226 in
3453 4182 3690 4226 mentem

2115 4272 2375 4341 sapientis
2417 4270 2698 4341 cujusdam
2727 4268 2971 4334 effatum,
3001 4266 3356 4336 praecipientis
3381 4282 3396 4318 :
3425 4284 3444 4317 ι
3484 4264 3540 4319 Si
3569 4266 3691 4332 Spi-

2115 4365 2249 4419 ritus
2278 4373 2600 4433 potestatem
2628 4360 2878 4416 habentis
2895 4359 3202 4413 ascenderit
3227 4373 3387 4426 super
3407 4368 3479 4420 te,
3514 4357 3692 4410 locum

2113 4463 2265 4508 tuum
2295 4452 2665 4515 nedimiseris,
2688 4450 2810 4519 quia
2831 4448 3039 4502 curatio
3059 4447 3219 4501 faciet
3234 4461 3452 4501 cessare
3472 4455 3694 4515 peccata

439 4543 574 4617 ἴαμα
602 4547 942 4601 καταπαύσει
970 4550 1244 4620 ἁμαρτίας
1283 4550 1544 4619 μεγάλας.
1582 4569 1599 4600 ι
1634 4549 1875 4620 Ἀσφαλῆ
1906 4550 2009 4618 γὰρ

2119 4561 2313 4614 magna
2341 4546 2410 4597 ’⁸.
2443 4564 2461 4596 ι
2510 4543 2704 4597 Tutum
2733 4543 2929 4612 quippe
2968 4540 3207 4595 retinent
3238 4555 3354 4603 cor,
3399 4554 3504 4594 non
3545 4538 3690 4608 pedi-

437 4639 618 4708 ἕχουσι
670 4641 768 4711 τὴν
825 4641 1087 4712 καρδίαν,
1141 4643 1198 4694 οὐ
1246 4642 1507 4712 βάσιμον,
1551 4641 1659 4694 οὐδ’
1714 4642 2009 4712 ἱππήλατον

2121 4639 2286 4702 tibus,
2319 4653 2424 4692 non
2459 4637 2734 4706 equitibus
2761 4635 3026 4704 pervium,
3065 4643 3123 4686 ut
3156 4634 3223 4686 ab
3257 4633 3550 4687 immundis
3583 4633 3664 4699 spi

435 4735 547 4794 τοῖς
581 4732 912 4804 ἀκαθάρτοις
943 4733 1215 4803 πνεύμασι
1245 4733 1664 4803 σεσαλευμένην
1697 4732 1919 4804 ἑδραίαν
1957 4732 2014 4784 δέ

439 4822 660 4892 μᾶλλον,
710 4823 805 4876 καὶ
851 4825 964 4884 τοῖς
1013 4824 1112 4893 τῆς
1160 4821 1417 4891 ἀληθείας
1459 4821 1724 4891 δόγμασιν
1767 4815 1825 4872 εὖ
1870 4819 2014 4889 μάλα

438 4930 583 4965 πεπυ
589 4930 705 4984 ργω
712 4912 896 4982 μένην.

507 5005 617 5058 Kal
663 5005 832 5058 ἔσται
863 5005 934 5058 ἐν
980 5003 1054 5070 τῇ
1085 5003 1277 5074 ἡμέρᾳ
1321 5004 1561 5072 ἐκείνῃ·
1603 5000 2013 5064 ἀποστανίάξει

436 5097 510 5150 τὰ
557 5096 661 5165 ὄρη
725 5098 1103 5167 γλυκασμὸν,
1156 5097 1253 5149 καὶ
1306 5099 1362 5150 οἱ
1413 5095 1631 5161 ,ϐουνοί
1673 5094 2012 5162 ρυήσονται

439 5189 616 5254 τάλα,
668 5191 768 5244 καὶ
815 5189 1005 5244 πᾶσαι
1046 5192 1106 5243 αἱ
1152 5187 1399 5257 ἀφέσεις
1435 5185 1630 5240 Ἰούδα
1675 5185 2011 5253 ῥυήσοντιιι

437 5279 648 5344 ὕδατα,
684 5279 782 5333 καὶ
825 5279 986 5348 πηγὴ
1017 5279 1086 5343 ἐξ
1116 5280 1285 5332 οἴκου
1333 5277 1555 5345 Κυρίου
1605 5274 2016 5340 ἐξελεύσεται,

439 5371 538 5424 καὶ
566 5371 759 5424 ποτιεῖ
781 5372 888 5424 τὸν
915 5369 1278 5440 χειμάῤῥουν
1314 5368 1433 5422 τῶν
1464 5368 1772 5436 σχοινίων.

509 5463 639 5517 MA'.
677 5463 1140 5534 Ἀναδειμαμένης
1176 5462 1335 5530 ἀγίας
1363 5461 1464 5530 τῆς
1501 5458 1878 5532 Ἰερουσαλὴμ,
1920 5459 2014 5512 καὶ

438 5557 538 5608 οὐκ
589 5556 756 5624 οὔσης
804 5555 884 5608 ἔτι
934 5555 1105 5626 βατῆς
1150 5556 1261 5617 τοῖς
1312 5553 1655 5622 ἀλλογενέσι,
1713 5551 1803 5606 διά
1849 5569 1908 5604 τε
1959 5552 2017 5604 τὸ

441 5647 863 5701 κατασκττνῶσαι
894 5648 952 5698 ἐν
983 5648 1119 5718 αὐτῇ
1154 5646 1244 5699 τὸν
1267 5646 1378 5698 τῶν
1406 5644 1543 5699 ὅλων
1571 5645 1797 5714 Κύριον,
1819 5645 2011 5712 φείσα-

508 5821 556 5854 rs
588 5821 757 5877 εκοά,
793 5837 965 5888 xxx”,
1000 5821 1052 5877 ιι.
1128 5820 1174 5850 ⁷⁵
1209 5819 1401 5888 Ephcs.
1428 5837 1484 5888 ll,
1518 5819 1599 5872 l7.

1680 5821 1722 5850 ⁷⁵
1763 5817 1966 5874 lJoau.
2010 5834 2081 5885 tv,

2119 4728 2317 4782 ritibus
2347 4730 2645 4796 agitatum;
2683 4726 2777 4779 sed
2822 4723 3016 4777 stabile
3057 4725 3236 4793 potius
3266 4731 3321 4777 et
3350 4723 3697 4793 dogmatibus

2119 4822 2364 4876 veritatis
2397 4820 2556 4890 quasi
2591 4820 2830 4873 turribus
2870 4817 3105 4888 perbene
3133 4818 3547 4872 communitum.

2194 4997 2354 5053 Vsus.
2391 4997 2476 5051 18.
2520 4989 2586 5048 Et
2634 4995 2732 5048 erit
2779 4995 2834 5047 in
2879 4994 2962 5047 die
3001 4991 3132 5046 illa:
3177 5001 3376 5044 montes
3421 4990 3694 5044 stillabant

2119 5090 2480 5152 dulcedinem,
2516 5095 2564 5140 et
2597 5085 2755 5139 colles
2794 5086 2958 5161 ﬂuent
2983 5083 3140 5148 lacte,
3175 5094 3220 5136 et
3244 5099 3420 5136 omnes
3449 5082 3693 5135 emissio-

2122 5197 2210 5234 nes
2231 5179 2380 5232 Juda
2409 5180 2570 5249 ﬂuent
2598 5179 2777 5247 aquis,
2802 5189 2847 5230 et
2878 5176 2998 5246 fons
3024 5177 3088 5228 de
3114 5176 3268 5227 domo
3303 5173 3518 5228 Domini
3549 5189 3693 5243 egre-

2120 5271 2314 5336 dietur,
2353 5279 2401 5323 et
2435 5269 2678 5338 irrigabit
2718 5276 2998 5321 torrentem
3031 5265 3409 5336 (anicularum.

2198 5445 2379 5504 XLIV.
2415 5449 2720 5504 lnstaurata
2754 5456 2939 5502 sancta
2966 5445 3291 5512 Jerusalem,
3323 5457 3424 5498 nec
3463 5440 3693 5512 amplius

2122 5541 2442 5612 alienigenis
2473 5542 2680 5611 pervia,
2724 5540 2866 5609 quod
2913 5554 3031 5593 eam
3067 5535 3267 5591 incolat
3313 5537 3690 5589 universorum

2124 5635 2404 5702 Dominus,
2446 5633 2566 5687 data
2608 5632 2760 5686 venia
2797 5631 2994 5700 populo
3020 5628 3180 5694 Juda,
3218 5641 3394 5696 eoque
3432 5624 3690 5681 corrobo-

2155 5817 2238 5872 13.
2316 5815 2358 5845 ⁷⁷
2389 5813 2566 5870 Galat.
2593 5829 2641 5880 ν,
2662 5813 2748 5867 Ἡ.
2827 5813 2871 5845 ⁷⁸
2902 5811 3082 5866 Eccle.
3120 5827 3174 5877 κ,
3207 5809 3261 5863 ι.
