4132 6370
441 363 546 418 ιοδ

1427 358 1485 413 S.
1525 358 1803 413 CYBILLI
1841 357 2305 415 ALEXANDIUNI
2343 362 2662 419 ARCHIEP.

3578 361 3685 420 ιοι

445 491 587 544 rato,
617 486 672 533 et
700 475 980 547 superiore
1003 475 1328 529 adversariis
1363 476 1575 542 effecto,
1607 490 1735 535 tunc
1762 480 2012 533 nimirum

2133 483 2243 537 ῖθαί
2278 503 2337 539 τε
2381 487 2473 539 τοῦ
2509 488 2639 540 ίδίου
2672 486 2824 550 λαοῦ,
2858 487 2949 540 καὶ
2993 488 3317 557 κατισχύσαι
3365 485 3463 558 μὲν
3498 487 3680 552 αὑτὸν,

449 582 660 628 montes
708 589 728 623 ι
767 570 1049 625 stillabuut
1101 567 1262 639 243
1303 568 1686 637 dulcedinem,
1748 583 1801 626 et
1851 572 2014 627 colles

445 666 612 721 fluent
654 664 814 727 lacte,
860 670 916 716 et
957 659 1280 715 emissiones
1330 659 1465 716 Juda
1501 682 1519 712 ι
1565 664 1817 718 fluentum
1853 680 2013 719 suum

451 758 674 813 dabunt.
713 753 1045 808 Emissioues
1074 753 1180 806 dici
1211 753 1403 820 opinor
1444 753 1672 809 fontium
1712 756 2014 810 emanatio-

451 867 571 914 nes,
627 855 718 900 aut
759 847 849 913 qui
882 844 1081 910 alioqui
1123 845 1304 898 vocari
1354 845 1561 911 possint
1607 861 1869 914 aquarum
1913 847 2015 900 du-

453 953 592 996 ctus.
627 937 884 992 Montium
929 935 1142 1001 quidem
1185 935 1404 988 nomine
1451 935 1696 1004 accipere
1741 936 1888 1002 licet,
1926 936 2016 1005 qui

451 1032 668 1086 virtutis
691 1028 901 1084 culmen
932 1027 1383 1091 conscenderunt,
1418 1036 1474 1080 et
1500 1025 1750 1080 laudibus
1779 1027 1900 1081 vitae
1928 1042 2017 1081 se-

450 1121 687 1176 cundum
717 1119 970 1172 virtutem
1007 1124 1141 1170 acta:
1173 1115 1295 1169 aliis
1321 1119 2019 1187 antestantes,conspicues

450 1223 504 1265 et
535 1212 773 1265 illustres
809 1230 822 1264 :
853 1209 1042 1279 quales
1067 1217 1224 1264 erant
1262 1209 1510 1275 discipuli
1545 1208 1770 1275 Christi,
1820 1220 1874 1264 et
1909 1227 2018 1279 pra:

451 1302 662 1356 czeteris
691 1301 952 1367 Baptista,
985 1302 1051 1353 de
1080 1315 1190 1369 quo
1216 1308 1298 1352 est
1333 1298 1460 1352 illud
1481 1298 1780 1354 Salvatoris
1805 1319 1818 1354 :
1854 1320 1872 1352 ι
1904 1299 2018 1354 Non

454 1393 692 1445 surrexit
735 1391 905 1457 major
937 1390 1139 1444 Joanne
1171 1391 1238 1442 τ’.
1287 1409 1306 1441 ι
1342 1389 1682 1444 Excellentes
1715 1390 1879 1456 igitur
1907 1392 2018 1460 isti,

453 1495 508 1536 et
552 1483 807 1536 omnibus
843 1483 1131 1541 notissimi,
1165 1481 1369 1535 stillant
1404 1481 1760 1547 dulcedinem,
1805 1491 1858 1537 et
1896 1493 2019 1537 tan-

455 1589 615 1642 quam
649 1573 806 1626 melle
832 1573 964 1625 illita
997 1573 1061 1625 de
1085 1571 1303 1626 Christo
1337 1572 1498 1625 verba
1534 1571 1752 1636 facient,
1781 1582 1838 1626 ut
1872 1575 2020 1643 quis-

456 1664 579 1733 quis
637 1663 871 1718 audierit
919 1662 1117 1716 eximia
1181 1661 1425 1730 perfusus
1467 1661 1652 1716 ltelitia
1708 1664 2018 1719 exclamet:

461 1775 479 1808 ι
500 1755 670 1823 Quam
694 1756 866 1810 dulcia
891 1753 1133 1808 faucibus
1161 1753 1294 1807 meis
1320 1753 1530 1822 eloquia
1552 1756 1730 1810 tua”!
1759 1776 1778 1807 ι
1809 1756 1873 1811 Ει
1904 1773 2022 1829 quae

2115 574 2393 644 ἀποφῆναι
2417 577 2473 628 δὲ
2498 577 2590 629 καὶ
2622 576 2732 630 τῶν
2761 577 3167 648 ἀνθεστηκότων
3199 578 3426 647 ἀμείνω,
3459 576 3581 630 τότε
3617 577 3683 648 δὴ

2113 663 2182 717 τὰ
2215 665 2316 735 μὲν
2342 667 2442 737 ὅρη
2478 685 2496 717 ι
2527 666 2884 730 Σταλάξονται
2920 667 3262 737 γλυκασμὸν,
3301 668 3587 736 ρυήσονται
3626 667 3684 720 δὲ

2117 757 2211 807 καὶ
2236 757 2283 808 oi
2323 755 2502 825 βουνοὶ
2531 758 2589 810 τὸ
2618 757 2781 826 γάλα,
2801 759 2895 810 καὶ
2919 759 2976 810 αἱ
3005 756 3098 810 τοῦ
3136 757 3305 810 Ἰούδα
3330 757 3553 826 ἀφέσεις
3577 776 3595 807 ι
3624 757 3686 809 τὸ

2117 846 2314 898 οἰκεῖον
2344 845 2638 900 ἐκδώσουσι
2670 848 2837 918 νάμα.
2883 847 3131 917 Ἀφέσεις
3161 847 3218 900 δὲ
3255 842 3407 916 οἶμαι
3434 846 3686 912 λέγεσθαι

2117 936 2216 1000 τάς
2261 937 2370 991 τῶν
2409 939 2602 1009 πηγῶν
2639 940 2930 1011 ἐκδρομὰς,
2983 940 3016 1009 ἢ
3065 938 3186 992 καθ’
3237 939 3421 1008 ἕτερον
3461 938 3684 1008 τρόπον,

2117 1027 2278 1096 οἵπερ
2303 1026 2369 1080 ἂν
2395 1025 2532 1081 εἶναι
2562 1028 2806 1095 λέγοιντο
2833 1028 2940 1081 τῶν
2972 1027 3177 1081 ὑδάτων
3205 1029 3402 1098 ὀχετοί.
3443 1028 3548 1080 Καὶ
3585 1027 3686 1098 ὅρη

2123 1117 2222 1187 μὲν
2250 1116 2491 1187 νοηθεῖεν
2525 1119 2590 1171 ἀν
2619 1119 2668 1170 οἱ
2710 1117 2846 1187 πρὸς
2875 1117 3008 1187 ὕψος
3047 1119 3247 1189 ἀρετῆς
3293 1118 3520 1188 ἠρμένοι
3540 1158 3555 1181 ,
3594 1118 3689 1170 καὶ

2120 1212 2233 1270 τοῖς
2272 1209 2551 1281 αὐχήμασι
2594 1210 2695 1279 τῆς
2743 1209 2800 1276 ἐξ
2849 1211 3050 1279 ἀρετῆς
3087 1209 3231 1277 ζωῆς
3269 1210 3327 1262 τὸ
3362 1209 3467 1261 τῶν
3512 1208 3688 1262 ἄλλων

2121 1298 2523 1369 ὑπερφέροντες
2551 1299 2768 1370 μέτρον,
2799 1301 2848 1352 οἱ
2883 1300 3186 1370 περίοπτοι,
3221 1300 3314 1352 καὶ
3350 1300 3687 1369 περιφανεῖς,

2121 1389 2295 1440 ὁποῖοι
2322 1384 2464 1457 ἦσαν
2496 1389 2545 1440 οἱ
2581 1389 2842 1457 μαθηταὶ,
2875 1390 2969 1442 καὶ
2993 1390 3162 1458 πρόγε
3187 1389 3294 1440 τῶν
3327 1387 3499 1441 ἄλλων
3525 1389 3554 1439 6
3585 1387 3690 1438 Βα-

2122 1480 2353 1548 πτιστὴς
2377 1519 2391 1539 ,
2431 1481 2558 1550 περὶ
2591 1475 2652 1534 οὗ
2689 1483 2716 1533 ὁ
2749 1481 2936 1550 Σωτήρ
2973 1497 3156 1549 φησιν,
3215 1499 3231 1529 ι
3267 1481 3380 1532 Οὑκ
3420 1479 3690 1550 ἐγείρεται

2128 1568 2329 1638 μείζων
2367 1567 2636 1622 Ἰωάννου.
2678 1587 2695 1617 ι
2741 1563 2898 1621 Οῦτοι
2943 1567 3006 1636 δὴ
3053 1563 3143 1619 οῦν
3185 1568 3234 1618 οἱ
3288 1565 3544 1636 μεγάλοι,
3597 1566 3692 1616 καὶ

2123 1659 2536 1731 γνωριμώτατοι
2581 1659 2903 1721 σταλάζουσι
2933 1658 3281 1727 γλυκασμδν,
3325 1658 3417 1709 καὶ
3453 1651 3564 1708 οἷον
3600 1654 3694 1726 μέ-

2123 1750 2230 1803 λιτι
2257 1750 2644 1821 καταχρίοντες
2668 1750 2758 1803 τὸν
2786 1751 2914 1818 περὶ
2960 1751 3052 1804 τοῦ
3090 1751 3341 1821 Σωτῆρος
3381 1748 3694 1817 ποιήσονται

458 1857 784 1916 sequuntur.
811 1845 1090 1915 Nunquam
1119 1844 1258 1900 enim
1284 1859 1386 1897 non
1412 1845 1582 1901 dulcis
1607 1857 1682 1903 est
1713 1862 2021 1904 sanctorum

2133 1840 2302 1907 λόγον,
2329 1839 2403 1903 ὡς
2431 1840 2538 1893 τῶν
2573 1841 2985 1910 μετεσχηκότων
3018 1840 3247 1894 ἕκαστον
3278 1841 3340 1891 ὲκ
3369 1837 3694 1909 περιχαρίας

458 1953 635 1991 sermo
657 1938 722 1991 iis
750 1937 839 2005 qui
875 1936 1224 2007 Deoiplacere
1252 1937 1492 2004 cupiunt.
1543 1939 1702 1994 Tales
1733 1941 1933 2010 itaque,
1973 1951 2026 1995 ct

458 2029 731 2096 aptissime
760 2028 997 2096 quidem,
1027 2021 1119 2094 per
1145 2037 1352 2084 montes
1391 2031 1783 2100 intelliguntur.
1849 2031 2026 2087 Colles

456 2133 575 2172 esse
593 2129 948 2175 autumamus.
966 2116 1174 2175 illorum
1193 2122 1511 2189 praestantiae
1525 2122 1738 2190 paulum
1755 2123 2024 2190 cedentes,

455 2224 512 2267 et
543 2223 664 2266 *πω
713 2211 1013 2265 rationibus
1057 2209 1340 2267 inferiores
1373 2229 1386 2266 :
1421 2213 1512 2281 qui
1549 2221 1722 2267 tamen
1759 2223 1814 2266 et
1844 2214 1940 2282 ipsi
1969 2229 2027 2269 se

457 2303 788 2368 extulerunt,
820 2313 875 2356 et
914 2316 1071 2370 supra
1105 2301 1238 2356 alios
1273 2303 1499 2357 multum
1532 2305 1796 2358 eminent.
1833 2304 1893 2358 Hi
1933 2321 2023 2358 re-

459 2408 588 2448 cens
632 2393 736 2447 ﬁde
765 2394 1099 2446 initiatorum
1140 2394 1336 2449 animis
1377 2413 1396 2446 ι
1436 2396 1777 2460 rationabile,
1810 2407 1864 2452 et
1909 2399 2027 2452 sine

459 2486 581 2541 dolo
629 2486 710 2537 lac
748 2484 791 2515 ⁸¹
839 2501 858 2534 ι
894 2482 1208 2548 infundunt,
1255 2485 1680 2555 alimentumque
1727 2488 2027 2545 infantibus

458 2577 786 2632 conveniens
831 2579 1111 2644 prtuhent;
1154 2577 1512 2646 perfecturum
1565 2579 1706 2631 enim
1747 2593 1831 2634 est
1874 2581 2026 2634 cibus

459 2670 685 2734 solidus,
713 2670 795 2722 lac
817 2679 996 2722 autem
1023 2669 1322 2725 infantibus
1355 2671 1893 2740 opporttuiissimum.
1921 2673 2029 2727 Nec

459 2777 591 2817 vero
626 2758 881 2829 quoniam
916 2759 1214 2815 infantibus
1249 2762 1333 2817 lac
1367 2762 1649 2818 infundere
1678 2774 1892 2832 norunt,
1928 2767 2028 2820 hoc

460 2853 578 2908 Solo
607 2869 796 2906 eorum
841 2853 1094 2908 virtutem
1134 2854 1656 2909 circumscribimus.
1701 2855 1836 2911 Cum
1883 2858 2025 2911 enim

461 2945 571 3000 sint
604 2944 804 3004 idonei.
838 2955 999 3014 atque
1048 2947 1181 3000 adeo
1215 2946 1452 3014 quidem,
1487 2959 1566 3007 ut,
1612 2949 1656 3001 si
1695 2949 1881 3014 velint,
1930 2950 2030 3002 im-

461 3037 650 3105 pertiri
689 3039 898 3104 possint
953 3037 1137 3091 habitu
1183 3039 1674 3093 conlirmatioribus
1713 3041 1860 3094 cibos
1901 3040 2030 3093 soli-

463 3127 665 3193 diores,
705 3143 799 3195 per
830 3129 1096 3182 dicentem
1141 3139 1370 3198 aperte:
1409 3149 1426 3181 ε
1463 3129 1770 3201 Cognosces
1820 3130 2029 3187 animas

464 3217 644 3286 gregis
692 3217 768 3271 tui
797 3218 864 3271 θ’.
903 3237 922 3269 ι
952 3217 1138 3289 Itaque
1171 3221 1334 3274 divini
1369 3220 1637 3290 discipuli,
1681 3225 2030 3292 quantumvis

465 3309 737 3362 sexcentis
781 3310 1069 3372 mandatis,
1115 3325 1144 3363 a
1185 3310 1404 3367 Christo
1433 3316 1594 3379 datis,
1627 3315 1782 3369 nobis
1822 3316 1912 3384 qui
1963 3331 2030 3370 ex

463 3401 718 3465 gentibus
751 3400 1078 3454 credidimus
1100 3417 1196 3469 pro
1225 3419 1319 3457 sua
1344 3407 1668 3461 auctoritate
1691 3407 2028 3475 prmcipiunt,

466 3492 765 3543 cavendum
797 3508 824 3544 a
853 3492 1231 3556 fornicatione,
1263 3504 1314 3546 et
1352 3494 1636 3560 suﬂ'ocato,
1661 3507 1716 3550 et
1747 3497 2030 3567 sanguine.

471 3606 490 3637 ι
525 3587 710 3640 Visum
745 3599 827 3642 est
856 3591 1020 3653 enim,
1056 3587 1323 3656 inquiunt,
1351 3587 1575 3657 Spiritui
1607 3601 1795 3644 sancto
1840 3601 1894 3646 et
1933 3609 2032 3646 no-

469 3677 571 3738 bis,
606 3679 737 3730 nihil
777 3680 1008 3746 amplius
1045 3678 1320 3746 imponere
1354 3680 1506 3734 vobis
1547 3683 1728 3736 oneris
1759 3683 1828 3736 ⁸³.
1870 3701 1889 3735 ι
1923 3685 2032 3736 Au-

465 3768 551 3824 dis
603 3784 762 3837 quam
812 3770 883 3822 sit
928 3769 1223 3826 infantibus
1261 3785 1566 3840 congruens
1601 3783 1944 3842 praeceptum,
1981 3781 2036 3826 et

466 3861 621 3928 quasi
657 3861 1040 3917 inﬁrmioribus
1093 3863 1228 3918 lacte
1265 3866 1426 3918 robur
1462 3865 1854 3932 suppeditans?
1882 3867 2034 3932 Aqua

467 3951 630 4003 etiam
674 3952 1020 4007 intellectuali
1068 3955 1444 4010 circumfluere
1488 3955 1754 4024 plantatos
1793 3958 1844 4010 in
1878 3957 2036 4011 domo

472 4042 709 4104 Domini,
743 4055 801 4098 ut
832 4044 882 4097 in
929 4045 1083 4098 atriis
1110 4045 1202 4100 Dei
1246 4048 1589 4104 elliorescant
1621 4048 1686 4111 "‘,
1735 4049 1930 4102 divinis
1964 4049 2039 4102 ir-

467 4132 628 4203 rigati
658 4133 911 4204 lymphis,
963 4142 1017 4187 et
1045 4137 1297 4204 supernis
1320 4138 1740 4206 cmlestibusque
1771 4138 2038 4193 sermoni-

469 4223 569 4276 bus
630 4225 974 4292 piuguefacli,
1037 4228 1375 4282 subostendit
1437 4245 1532 4298 per
1586 4231 1732 4297 illud,
1782 4251 1801 4283 ι
1852 4246 2038 4285 omnes

469 4313 786 4366 emissiones
825 4314 958 4369 Juda
991 4315 1158 4369 fluent
1193 4319 1368 4387 aquis.
1410 4338 1430 4370 ι
1461 4319 1874 4375 Confitebantur
1891 4322 2036 4374 enim

470 4419 502 4457 τι
541 4406 646 4459 Deo
697 4421 752 4460 se
807 4408 986 4461 vocari
1018 4409 1178 4461 etiam
1224 4410 1364 4464 beati
1407 4412 1657 4480 apostoli.
1707 4413 1809 4467 Sed
1845 4412 2034 4481 prima:

470 4496 685 4562 quidem
718 4498 1136 4567 intelligibilium
1168 4515 1431 4568 aquarum
1450 4503 1794 4562 emissiones.
1814 4505 2036 4558 omnino
2070 4517 2112 4572 ι)

472 4587 676 4641 sanctis
714 4603 743 4640 a
787 4587 894 4641 Deo
941 4605 1037 4656 per
1076 4590 1240 4662 244
1269 4592 1532 4661 Spiritum
1573 4610 1796 4650 munera
1839 4597 2073 4690 donata.

473 4676 696 4731 fuerint.
727 4677 991 4734 Secundae
1019 4692 1199 4736 autem
1232 4683 1376 4737 velut
1402 4685 1723 4741 emissiones
1756 4703 2037 4756 aquarum,

477 4765 545 4819 ab
572 4765 702 4834 ipsis
733 4766 796 4819 ad
839 4782 936 4822 nos
975 4769 1248 4837 profectus
1277 4785 1477 4838 sermo,
1518 4773 1885 4842 spiritualibus
1913 4777 2040 4829 cha-

478 4856 792 4911 rismatibus
821 4873 920 4911 nos
954 4859 1181 4927 replens.
1204 4862 1428 4918 Fontem
1448 4874 1626 4918 autem
1664 4866 1729 4920 de
1749 4866 1909 4921 domo
1941 4867 2043 4921 Do-

479 4946 606 4998 mini
655 4947 1040 5014 egredientem,
1093 4963 1251 5016 quem
1311 4967 1470 5019 porro
1518 4961 1716 5020 praeter
1765 4953 2040 5007 Christum

476 5036 941 5090 existimabimus?
967 5037 1056 5091 Sic
1089 5039 1232 5092 enim
1271 5039 1474 5095 Psaltes
1499 5056 1622 5096 eum
1648 5043 1898 5111 appellat,
1936 5043 2040 5096 Pa-

478 5139 681 5181 tremet
714 5129 876 5180 Deum
909 5129 959 5182 in
988 5129 1140 5185 caelis
1195 5131 1512 5199 alloquens:
1549 5151 1566 5181 ι
1591 5131 1852 5186 Torrente
1893 5132 2043 5186 volu-

478 5219 638 5285 piatis
690 5230 791 5275 tuae
837 5222 1048 5288 potabis
1098 5237 1225 5286 eos;
1269 5223 1390 5290 quia
1431 5223 1567 5290 apud
1597 5233 1647 5275 te
1694 5234 1775 5276 est
1810 5223 1928 5277 fons
1959 5224 2040 5276 vi-

479 5320 544 5362 ta:
573 5311 640 5363 ⁸⁸.
683 5330 700 5362 ι
737 5312 918 5380 Itaque
974 5323 1189 5367 torrens
1220 5323 1270 5364 et
1307 5313 1424 5366 fons
1458 5312 1581 5365 vitae
1611 5314 1877 5367 Christus.
1909 5313 2043 5367 Tor-

480 5401 646 5454 rentis
679 5412 852 5458 autem
882 5403 1170 5472 juncorum
1199 5405 1446 5456 meminit
1473 5404 1755 5472 propheta,
1791 5406 2044 5458 torrentis

477 5491 703 5557 alicujus
741 5493 984 5557 scilicet,
1031 5498 1114 5546 cui
1171 5495 1496 5548 adnascatur
1541 5496 1690 5563 copia
1735 5495 2041 5564 juncorum.

551 5691 595 5766 τ’
627 5689 810 5766 Matth.
848 5697 1026 5759 x:,ll.
1092 5697 1136 5726 ⁸ο
1168 5698 1303 5752 Psal.
1336 5715 1519 5766 cxvttt,
1555 5700 1675 5756 £05.

512 5760 592 5814 M.
672 5763 715 5793 “
751 5763 885 5817 Psal.
925 5782 1081 5831 sxw,
1109 5769 1163 5821 9.

1755 5700 1794 5730 ⁵²¹
1824 5700 1837 5753 Ι
1863 5701 2008 5756 ίιριτ.
2031 5720 2090 5770 ιι,
2116 5705 2168 5760 2.

2126 1931 2481 2002 ἀνακραγεῖν,
2516 1950 2534 1983 ι
2557 1931 2644 1994 Ὠς
2676 1931 2880 1999 γλυκέα
2911 1930 2989 2001 τῷ
3022 1929 3256 2002 λάρυγγί
3303 1947 3400 2000 μου
3429 1929 3498 1980 τά
3537 1927 3692 1995 λόγιά

2127 2039 2254 2088 σου;
2299 2041 2316 2073 ι
2351 2023 2446 2076 καὶ
2487 2022 2555 2076 τά
2605 2023 2748 2093 ἑξῆς.
2781 2024 2990 2087 Γλυκὺς
3035 2023 3144 2094 γάρ
3181 2022 3272 2076 ἀεὶ
3309 2021 3414 2074 τῶν
3455 2018 3627 2088 ἁγίων
3665 2020 3693 2070 6

2125 2109 2302 2179 λόγος,
2337 2113 2490 2180 παρά
2513 2130 2576 2181 γε
2601 2115 2711 2176 τοῖς
2742 2112 2995 2180 ἀγαπῶσι
3020 2112 3081 2165 τὸ
3115 2112 3426 2182 εὐαρεστεῖν
3451 2108 3528 2179 τῷ
3554 2107 3694 2176 Θεῷ.

2132 2207 2271 2277 Ὀρη
2308 2205 2407 2275 μὲν
2437 2200 2528 2257 οῦν
2562 2205 2610 2258 oi
2640 2203 2870 2256 τοιοῦτοι
2905 2204 3144 2273 νοηθεῖεν
3173 2201 3259 2265 ἀν,
3303 2201 3396 2254 καὶ
3445 2202 3588 2271 μάλα
3621 2202 3698 2254 εί-

2127 2295 2320 2357 κότως.
2373 2293 2606 2357 Βουνοὺς
2652 2292 2710 2345 δὲ
2750 2287 2886 2345 εἷναί
2928 2308 3108 2362 φαμεν
3159 2293 3286 2354 τοὺς
3331 2291 3431 2360 τῆς
3473 2289 3697 2343 ἐκείνων

2129 2387 2404 2456 ὑπεροχῆς
2443 2384 2618 2455 βραχὺ
2676 2383 2772 2454 μὲν
2821 2384 3210 2454 ἡττωμένους,
3263 2382 3356 2436 καὶ
3405 2382 3536 2436 πολὺ
3590 2382 3698 2434 τῶν

2127 2477 2300 2532 ἄλλων
2324 2476 2768 2546 ὑπερτέλλοντας.
2795 2471 2953 2529 Οὑτοι
2974 2479 3095 2539 ταῖς
3119 2475 3226 2527 τῶν
3248 2476 3370 2544 ἄρτι
3406 2491 3700 2527 πεπιστευ-

2127 2569 2300 2621 κότων
2322 2567 2521 2637 ψυχαῖς
2554 2585 2573 2618 ι
2607 2566 2668 2620 τὸ
2698 2567 2948 2632 λογικὸν,
2976 2568 3070 2620 καὶ
3117 2566 3302 2620 ἄδολον
3334 2566 3699 2637 παρεγχέουσι

2127 2661 2288 2728 γάλα,
2321 2679 2340 2711 ›
2381 2663 2734 2732 νηπιοπρεπῆ
2781 2661 3145 2732 χορηγοῦντες
3187 2663 3415 2732 τροφὴν,
3479 2661 3699 2713 τελείων

2127 2753 2237 2823 γάρ
2272 2756 2420 2806 ἐστιν
2455 2755 2486 2824 ἡ
2520 2753 2734 2822 στερεὰ,
2770 2753 2910 2822 γάλα
2947 2754 3269 2825 δὴῠνηπίοις
3316 2753 3377 2805 τὸ
3426 2752 3700 2823 πρεπωδέ-

2129 2863 2344 2899 στατον.
2372 2847 2482 2898 Καὶ
2512 2846 2572 2898 οὑ
2602 2847 2774 2917 δήπου
2811 2846 2992 2916 φαμὲν
3014 2846 3088 2909 ὡς
3132 2845 3187 2897 έν
3237 2861 3301 2913 γε
3340 2844 3416 2914 τῷ
3442 2844 3698 2897 δύνασθαι

2133 2938 2293 3006 μόνον
2335 2938 2516 3007 ἐγχεῖν
2566 2939 2679 3000 τοῖς
2724 2937 2940 3006 νηπίοις
2987 2937 3047 2989 τὸ
3093 2937 3268 3005 γάλα,
3331 2936 3430 3006 τῆς
3479 2936 3699 2988 ἐκείνων

2130 3031 2411 3100 δυνάμεως
2434 3030 2496 3082 τὸ
2527 3029 2723 3099 μέτρον
2768 3028 2914 3082 ἐστίν
2942 3047 2956 3061 ο
2992 3029 3207 3098 ἔχοντες
3251 3028 3379 3099 γὰρ,
3432 3029 3525 3081 καὶ
3556 3027 3700 3098 μάλα

2131 3119 2468 3190 ἐπιτηδείως.
2500 3121 2581 3182 εἰς
2608 3119 2688 3186 τὸ,
2716 3120 2872 3190 εἴπερ
2899 3119 3121 3182 ἕλοιντο,
3144 3119 3417 3189 διανέμειν
3441 3118 3700 3172 δύνασθαι

2132 3213 2246 3274 τοῖς
2266 3212 2364 3281 τὴν
2393 3210 2504 3275 ’έξιν
2533 3207 2918 3278 στερεωτέροις
2947 3210 3012 3262 τὰ
3036 3208 3143 3262 τῶν
3173 3209 3388 3280 τροφῶν
3410 3208 3695 3278 ἀδρότερα,

2132 3302 2220 3354 διά
2255 3319 2314 3353 τε
2361 3299 2642 3370 λέγοντος,
2680 3317 2697 3350 ι
2731 3299 2773 3352 Γ
2775 3299 2995 3363 νωστῶς
3049 3298 3330 3372 ὲπιγνώσῃ
3361 3298 3537 3368 ψυχὰς
3579 3317 3702 3351 ποι-

2136 3389 2289 3459 μνίου
2323 3405 2436 3442 σου.
2481 3409 2501 3442 ι
2539 3389 2650 3441 Καὶ
2694 3389 2823 3457 γοῦν
2853 3389 2902 3440 οἱ
2934 3388 3210 3441 θεσπέσιοι
3247 3389 3489 3458 μαθηταὶ
3528 3387 3704 3440 καίτοι

2137 3481 2337 3552 μυρίας
2374 3482 2505 3543 ὅσας
2561 3479 2778 3543 ἐντολὰς
2822 3478 3113 3543 δεδωκότος
3172 3481 3301 3551 ἡμῖν
3356 3477 3592 3549 Χριστοῦ
3645 3478 3704 3545 ἐξ

2133 3571 2302 3624 ἐθνῶν
2329 3571 2700 3634 πιστεύσασιν,
2730 3572 3088 3642 οἰκονομικῶς
3116 3572 3504 3635 ὲπιστέλλουσι,
3543 3570 3708 3639 φυλά-

2136 3663 2327 3728 ξασθαι
2352 3663 2458 3715 δεῖν
2483 3662 2590 3715 ἀπό
2619 3679 2678 3714 τε
2711 3664 2992 3733 πορνείας,
3026 3662 3122 3714 καὶ¹
3149 3663 3394 3729 πνικτοῦ,
3413 3663 3506 3716 καὶ
3535 3663 3704 3732 αἵμα-

2132 3771 2244 3816 τος.
2279 3771 2298 3804 ι
2328 3753 2516 3820 Ἔδοξε
2564 3753 2692 3824 γὰρ,
2739 3754 2932 3824 φησὶν,
2960 3753 3038 3824 τῷ
3061 3755 3201 3824 ἁγίῳ
3257 3755 3564 3826 Πνεὺματι,
3611 3755 3706 3807 καὶ

2134 3847 2289 3916 ἡμῖν,
2315 3845 2480 3915 μηδὲν
2510 3845 2672 3898 πλέον
2701 3844 3038 3898 ἐπιτίθεσθαι
3059 3846 3186 3916 ὑμῖν
3218 3845 3402 3917 βάρος.
3427 3866 3444 3897 ι
3466 3846 3707 3910 Ἀκούεις

2139 3937 2287 3999 ὅπως
2311 3935 2687 4006 νηπιοπρεπές
2719 3923 2835 3988 ἐστι
2867 3936 2930 3989 τὸ
2965 3937 3351 4008 παράγγελμα,
3383 3937 3474 3990 καὶ
3511 3931 3620 3990 οἷον
3648 3938 3708 3990 ἐν

2143 4027 2242 4097 ἴσῳ
2285 4028 2521 4095 γάλακτι
2555 4031 2666 4091 τοῖς
2706 4027 3114 4094 ἀσθενεστέροις
3144 4028 3243 4099 τὴν
3286 4029 3397 4094 ’έξιν
3443 4026 3707 4098 χορηγου-

2143 4135 2334 4189 μενον;
2357 4120 2478 4172 ’Ότι
2506 4118 2563 4171 δὲ
2592 4119 2686 4171 καὶ
2715 4119 2857 4190 ὕδωρ
2885 4118 2946 4171 τὸ
2971 4119 3157 4190 νοητὸν
3187 4119 3494 4190 ἀμφιλαφές
3515 4136 3579 4171 τε
3597 4120 3708 4182 τοῖς

2139 4215 2198 4266 ὲν
2239 4214 2372 4283 οἴκῳ
2405 4214 2612 4282 Κυρίου
2659 4215 3093 4284 πεφυτευμένοις
3116 4253 3130 4277 ,
3166 4215 3229 4266 ἵν’
3265 4217 3321 4266 ὲν
3353 4216 3472 4276 ταῖς
3521 4213 3709 4276 αὐλαῖς

2138 4303 2229 4358 τοῦ
2249 4303 2382 4356 Θεοῦ
2410 4303 2756 4374 ἐξανθήσειεν
2783 4305 2946 4366 θείοις
2975 4322 3075 4356 που
3108 4304 3458 4375 ἀρδευόμενοι
3483 4304 3708 4374 νάμασι,

2140 4397 2236 4449 καὶ
2261 4397 2318 4447 ὲν
2345 4397 2456 4457 τοῖς
2493 4395 2720 4460 ἄνωθεν,
2764 4397 2858 4448 καὶ
2893 4396 2953 4459 ἐξ
2976 4396 3204 4464 οὑρανοῦ
3234 4396 3712 4466 καταπιαινόμενοι

2139 4489 2321 4558 λόγοις
2345 4531 2358 4553 ,
2397 4490 2730 4558 ὑπεμφαίνει
2775 4489 2983 4556 λέγων,
3018 4490 3096 4540 ὅτι
3131 4507 3149 4539 ι
3185 4489 3364 4541 Πᾶσαι
3407 4489 3463 4540 αἱ
3493 4488 3713 4556 ἀφέσεις

2158 4581 2330 4634 ’Ῑουδα
2381 4581 2672 4650 ρυήσονται
2701 4578 2884 4630 ὕδατα.
2921 4596 2938 4627 ι
2981 4575 3300 4648 Ὠμολόγουν
3329 4576 3436 4648 γὰρ
3465 4593 3716 4644 παρακα-

2146 4671 2355 4724 λεῖσθαι
2384 4670 2536 4740 παρὰ
2559 4669 2693 4722 Θεοῦ
2722 4669 2816 4720 καὶ
2846 4669 2894 4720 οἱ
2925 4668 3181 4738 μακάριοι
3218 4667 3475 4737 μαθηταί.
3494 4667 3631 4719 Ἀλλ’
3659 4667 3716 4718 αι

2147 4763 2361 4832 πρῶται
2413 4764 2513 4832 μὲν
2553 4760 2663 4814 τῶν
2699 4759 2905 4830 νοητῶν
2951 4760 3156 4813 ὑδάτων
3197 4759 3419 4827 ἀφέσεις
3445 4801 3458 4822 ,
3494 4759 3717 4828 ἀφέσεις

2149 4850 2308 4909 αὗται
2338 4855 2553 4917 πάντως
2591 4854 2658 4906 ἀν
2685 4849 2794 4904 εἷεν
2827 4853 2882 4904 αί
2925 4853 3035 4914 τοῖς
3076 4851 3251 4918 ἁγίοις
3282 4851 3430 4921 παρά
3459 4850 3594 4903 Θεοῦ
3629 4849 3718 4903 διά

2149 4948 2242 5001 τοῦ
2291 4947 2602 5017 Ιινεὺματος
2644 4945 2752 4997 τῶν
2782 4943 3003 5012 ἀγαθῶν
3046 4944 3320 5014 χορηγίαι.
3369 4943 3627 5014 Δεύτεραι
3662 4941 3719 4994 δὲ

2150 5037 2341 5105 ῶσπερ
2370 5037 2592 5104 ἀφέσεις
2625 5035 2834 5087 ὑδάτων
2875 5035 2925 5085 οἱ
2968 5032 3096 5104 παρ’
3127 5032 3306 5086 αὑτῶν
3335 5034 3415 5097 εἰς
3446 5034 3594 5103 ἡμᾶς
3631 5033 3720 5084 εὑ-

2155 5129 2428 5200 ρίσκοιντο
2476 5127 2646 5194 λόγοι,
2700 5125 3034 5196 χαρίσμασιν
3085 5127 3230 5195 ἡμᾶς
3280 5125 3719 5195 ἀναπιμπλάντες

2153 5223 2560 5292 πνευματικοῖς.
2602 5220 2666 5272 Ἠ
2707 5219 2765 5272 δὲ
2794 5220 2854 5283 ὲξ
2895 5219 3043 5272 οἴκου
3075 5219 3280 5289 Κυρίου
3314 5217 3720 5290 ἐκπορευομένη

2157 5313 2308 5384 πηγὴ
2340 5313 2424 5376 τίς
2453 5311 2519 5365 ἀν
2545 5313 2629 5382 εἴη
2658 5311 2842 5375 πάλιν,
2879 5311 3016 5379 πλὴν
3037 5311 3118 5363 ὅτι
3153 5310 3419 5379 Χριστός;
3446 5309 3588 5363 οῦτω
3614 5309 3722 5381 γὰρ

2155 5405 2316 5460 αὑτὸν
2341 5406 2434 5457 καὶ
2451 5407 2480 5458 6
2499 5403 2747 5472 Μελῳδὸς
2775 5401 3023 5473 ὠνόμαζε
3053 5402 3225 5470 λέγων
3255 5401 3391 5472 πρὸς
3421 5402 3512 5455 τὸν
3534 5403 3591 5454 ὲν
3611 5404 3721 5464 τοῖς

2156 5498 2403 5566 οὐρανοῖς
2454 5496 2676 5567 Πατέρα
2736 5494 2830 5548 καὶ
2867 5494 3018 5558 Θεὸν,
3055 5513 3072 5544 ι
3102 5493 3205 5546 Τὸν
3245 5493 3578 5564 χειμάρρουν
3613 5492 3722 5562 ,τῆς

2248 5708 2291 5736 ⁸³
2325 5704 2481 5760 Prov.
2518 5720 2684 5770 xxv”,
2711 5702 2800 5759 ιδ.
2880 5699 2924 5733 ³³
2948 5700 3066 5755 Act.
3096 5715 3183 5766 xv,
3214 5700 3303 5755 28.
3383 5699 3424 5731 “
3447 5697 3587 5754 l’sal.
3613 5713 3721 5763 ιςι,
