4132 6370
419 377 529 438 405
1312 383 1866 444 COMMENTARIUS
1908 388 1975 442 IN
2013 390 2283 450 JOELEM
2319 398 2768 460 PBOPIIETAM.

387 501 394 583 ξ
420 504 636 575 τρυφῆς
663 522 758 557 σου
784 509 986 569 πστιεῖς
1003 505 1221 569 αὐτοὺς,
1238 505 1318 560 δτι
1346 509 1494 582 παρὰ
1520 510 1602 562 σο¹ι
1624 509 1774 581 πηγὴ
1799 511 1999 583 ζωῆς.»

388 602 393 677 ς
425 594 637 648 Οὐκοῦν
671 595 821 668 πηγὴ
858 597 1024 667 ζωῆς,
1054 600 1147 651 καὶ
1173 600 1508 672 χειμάρρους
1544 604 1571 654 ό
1598 603 1850 674 Χριστός.
1877 606 2009 658 Χει-

427 687 640 789 μ-αρρου
667 687 980 789 δὲ’σχοὲηιωελ
1027 691 1299 762 μέμνηται
1335 693 1434 763 μὲν
1475 695 1504 746 ὁ
1532 695 1851 767 προφήτης,
1891 715 2007 768 χει-

2114 712 2324 766 narrat,
2358 706 2576 774 quando
2605 722 2730 761 eum
2759 721 2886 760 cum
2916 707 3145 761 cohorte
3185 703 3406 759 militari
3445 702 3695 773 proditor

428 777 638 868 μεὶρρου
665 780 807 844 τινὸς
909 783 1342 852 παραπεφύκασι
1375 787 1574 855 σχοῖνοι
1622 786 1838 841 πολλαί.
1867 790 2005 844 Φασὶ

2112 792 2406 864 discipulus
2436 799 2691 868 quasivit
2718 799 2786 853 ⁸⁸.

424 867 480 919 δὲ
519 865 658 923 εἶναι
686 872 776 926 τὸν
812 873 973 926 αὐτὸν
1010 873 1088 946 τῷ
1123 877 1411 948 χειμάρρῳ
1443 878 1550 932 τῶν
1576 880 1823 950 Κέδρων,
1855 883 1993 953 πρὸς
2027 882 2090 938 ὃν
2149 886 2403 958 ὑϐρίσθαι
2442 865 2608 962 (pne-iv
2645 895 2674 946 ό
2701 889 3092 962 εὐαγγελιστὴς
3150 888 3242 944 τὸν
3296 887 3524 960 Κύριον,
3555 881 3692 956 ὁμοῦ

3584 403 3696 462 406

2113 517 2312 576 Volunt
2345 525 2594 580 eumdem
2648 540 2794 591 esse,
2819 526 2909 596 qui
2946 535 3160 580 torrens
3184 524 3513 589 Ccdrorum,
3552 524 3692 592 apud

2114 623 2275 678 quem
2308 612 2681 684 indignissime
2716 623 3008 670 tractatum
3042 613 3327 669 Dominum
3357 612 3721 701 evangelista.

425 965 492 1033 τῇ
520 963 718 1036 σπείρᾳ⁵
739 963 1028 1035 ζητοῦντος
1052 968 1214 1021 αὐτὸν
1243 969 1337 1022 τοῦ
1368 970 1626 1042 προδότου
1663 973 1930 1045 μαθητοῦ.

501 1055 654 1107 Ἔστι
697 1056 754 1108 δὲ
795 1058 895 1110 οὐκ
939 1059 1180 1131 ἀκαλλὴς
1216 1063 1244 1114 ὁ
1281 1061 1460 1129 λόγος,
1506 1065 1554 1115 εί
1599 1063 1677 1134 τῷ
1725 1067 2010 1137 χειμάρρῳ

427 1147 536 1197 τῶν
574 1146 801 1216 σχοίνων
846 1150 1258 1222 παρεικὰζομεν
1290 1154 1388 1222 τὴν
1433 1154 1784 1226 Ἐκκλησίαν,
1825 1158 1904 1220 εἰς
1944 1159 2010 1228 ἢν

423 1241 746 1295 ὲκκέκλικεν
796 1242 872 1306 ὡς
908 1246 1154 1315 ποταμὸς
1191 1247 1416 1318 εἰρήνης
1448 1250 1474 1300 ὁ
1502 1247 1705 1319 Κύριος
1730 1247 1909 1319 ἡμῶν,
1941 1249 2008 1319 ἢν

426 1333 594 1385 οἱονεί
626 1351 739 1397 πως
772 1334 861 1387 ἀεὶ
883 1338 1163 1408 παραρῤεῖ
1185 1337 1282 1402 τὰς
1309 1337 1576 1402 ἁειθαλεῖς
1603 1339 1836 1404 ποτίζων
1860 1340 2008 1412 σχοί-

427 1438 572 1487 νους,
601 1423 871 1491 τουτέστι,
913 1427 1013 1490 τὰς
1045 1427 1155 1481 τῶν
1186 1429 1356 1498 ἁγίων
1382 1430 1580 1500 ψυχας.
1613 1431 1873 1503 Φίλυδρος
1899 1432 2010 1502 γὰρ

426 1512 514 1564 ἀεί
550 1532 664 1578 πως
691 1516 828 1579 ἐστὶ,
854 1516 947 1569 καὶ
975 1517 1234 1590 ἀειθαλὴς
1283 1522 1314 1591 ὴ
1363 1525 1590 1592 σχοῖνος.
1624 1524 1686 1576 Ei
1726 1524 1782 1576 δὲ
1814 1523 1878 1595 δὴ
1917 1526 2012 1578 καὶ

424 1604 602 1674 ὁρῷτο
635 1610 1038 1680 κεντρουμένη,
1073 1611 1256 1676 καλῶς
1300 1613 1365 1666 ἂν
1415 1614 1527 1684 ἔχοι
1567 1615 1664 1669 καὶ
1703 1615 1894 1679 οὕτως.
1937 1618 2011 1670 Θύ

2184 1067 2294 1123 Nec
2329 1067 2646 1124 indecorum
2673 1068 2797 1132 erit,
2831 1067 2876 1123 si
2919 1065 3144 1122 torrenti
3171 1064 3459 1134 juncorum
3509 1061 3692 1117 Eccle-

2113 1162 2253 1216 siam
2279 1176 2682 1231 comparemus,
2713 1160 2766 1214 in
2801 1175 2961 1228 quam
2995 1159 3254 1214 Dominus
3285 1167 3470 1212 noster
3501 1163 3562 1208 ttt
3593 1152 3693 1207 llu-

2113 1253 2234 1308 vius
2258 1254 2405 1321 pacis
2433 1267 2651 1308 cursum
2686 1251 2906 1306 deﬂexit
2929 1251 2976 1282 ⁸τ
3007 1269 3021 1304 :
3058 1265 3221 1320 quam
3248 1247 3405 1318 quasi
3431 1255 3692 1316 perpetuo

2111 1343 2466 1409 circumﬂuit,
2498 1344 2691 1413 juncos
2725 1358 2938 1414 semper
2961 1343 3198 1397 virentes
3243 1340 3515 1410 irrigans;
3549 1353 3690 1396 sem-

2116 1453 2213 1507 per
2241 1436 2382 1490 enim
2412 1451 2606 1505 aquam
2646 1443 2816 1498 amat,
2858 1449 2956 1489 nec
3001 1434 3190 1487 vivere
3235 1431 3438 1486 desinit
3468 1428 3690 1497 juncus.

2121 1527 2188 1581 Et
2217 1526 2469 1596 quamvis
2505 1527 2558 1579 in
2584 1524 2861 1595 cuspidem
2891 1533 3065 1586 exeat,
3102 1521 3267 1578 etiam
3300 1521 3378 1575 sic
3417 1519 3558 1574 bene
3589 1517 3690 1572 ha-

2121 1617 2234 1672 bet.
2284 1617 2399 1672 Non
2441 1617 2583 1672 enim
2637 1631 2864 1687 prorsus
2897 1615 3123 1686 cuSpide
3168 1621 3329 1668 vacat
3375 1620 3689 1666 sanctorum

425 1699 536 1770 γὰρ
577 1700 840 1771 ἄκεντρος
884 1704 1164 1766 παντελῶς
1209 1705 1318 1758 τῶν
1361 1706 1531 1773 ἁγίων
1569 1709 1602 1776 ἡ
1657 1707 1825 1778 ἀρετή
1850 1724 1863 1738 ’
1905 1708 2007 1760 sici

2121 1710 2309 1764 virtus.
2355 1709 2494 1764 Sunt
2535 1709 2754 1778 quidem
2815 1706 3261 1770 mansuetissimi,
3317 1711 3689 1759 verumtamen

434 1790 536 1859 μὲν
578 1791 687 1861 γὰρ
733 1793 1032 1862 πραότατοι
1063 1795 1311 1866 ἐρασταὶ,
1349 1796 1486 1867 πλὴν
1520 1795 1656 1867 μετὰ
1689 1795 1877 1850 τούτου
1918 1798 2013 1852 καὶ

432 1885 694 1955 μαχηταί.

501 1977 798 2044 Αἴγυπτος
843 1981 930 2043 εἰς
966 1977 1312 2046 ἀφανισμὸν
1353 1977 1560 2041 ἔσται,
1603 1980 1701 2034 καὶ
1747 1981 1784 2050 ἡ
1830 1981 2014 2036 Ἰδου-

421 2065 566 2130 μαία
605 2069 692 2132 εἰς
729 2067 940 2121 πεδίον
977 2071 1066 2132 εἰς
1103 2068 1449 2138 ἀφανισμὸν
1479 2070 1548 2135 ἐξ
1590 2070 1835 2125 ἀδικιῶν
1863 2073 2014 2127 υίῶν

441 2152 654 2218 Ἰούδα,
683 2155 816 2209 ἀνθ’
859 2151 946 2209 ὧν
989 2155 1242 2225 ἐξέχεαν
1275 2154 1418 2228 αἷμα
1458 2159 1693 2216 δίκαιον
1723 2163 1793 2216 ἐν
1829 2162 1903 2232 τῇ
1934 2163 2013 2233 τῇ

419 2243 643 2297 αὐτῶν.
691 2245 750 2299 Ἠ
773 2244 840 2298 δὲ
879 2246 1144 2303 Ἰουδαία
1172 2249 1259 2313 εις
1285 2248 1390 2301 τὸν
1435 2250 1620 2304 αἰῶνα
1656 2251 2012 2318 κατοικηθή-

421 2353 592 2391 σεται
616 2376 630 2400 ,
677 2338 772 2391 καὶ
809 2340 1208 2410 Ἰερουσαλὴμ
1249 2342 1335 2405 εἰς
1373 2341 1582 2410 γενεὰς
1619 2341 1863 2410 γενεῶν.
1902 2343 2012 2398 Καὶ

427 2428 734 2496 ὲκζητήσω
764 2431 831 2484 τὸ
879 2426 1023 2501 αἷμα
1069 2431 1288 2494 αὐτῶν,
1340 2433 1441 2485 καὶ
1494 2435 1566 2487 οὺ
1605 2433 1694 2504 μὴ
1729 2433 2008 2498 ἀθωώσω,

424 2515 525 2568 καὶ
557 2519 768 2584 Κύριος
806 2520 1264 2586 κατασκηνώσει
1292 2521 1360 2573 ἐν
1387 2521 1559 2575 Σιών.

495 2603 626 2657 ME'.
655 2605 819 2658 Ὅσον
850 2607 947 2677 μὲν
974 2609 1099 2679 ἣκει
1134 2611 1213 2672 είς
1244 2609 1305 2661 τὸ
1339 2610 1401 2662 ὲκ
1432 2612 1531 2680 τῆς
1561 2611 1803 2682 ἱστορίας
1832 2629 2009 2684 παρα-

421 2692 772 2764 δηλούμενον,
803 2699 1050 2752 ἐκτέτικε
1103 2700 1258 2764 δίκας
1297 2703 1328 2770 ἡ
1379 2703 1672 2770 Αἴγυπτος,
1717 2704 2010 2776 ἐστέρηται

426 2784 534 2855 γὰρ
585 2787 686 2855 τῆς
741 2787 1020 2857 βασιλείας
1049 2829 1063 2852 ,
1096 2789 1396 2860 Καμϐύσου
1430 2791 1635 2860 ταύτην
1685 2791 1779 2845 τοῦ
1824 2794 2009 2865 Κύρου

425 2876 611 2938 παιδὸς
642 2877 1064 2943 καταλύσαντος,
1107 2881 1204 2932 καὶ
1242 2881 1515 2951 Ἰδουμαία
1542 2882 1598 2934 δὲ
1635 2883 1733 2952 τὴν
1769 2885 2008 2955 ἐρημίαν

424 2967 738 3037 ὑπέμεινεν,
768 2968 844 3031 ὡς
879 2969 972 3022 καὶ
1003 2970 1141 3024 αὐτὰ
1171 2975 1440 3043 μαρτυρεῖ
1468 2972 1537 3025 τὰ
1574 2973 1895 3045 πράγματα.

2114 1817 2237 1858 eum
2270 1804 2372 1858 hoc
2402 1804 2564 1858 etiam
2591 1817 2748 1857 acres
2779 1811 2834 1857 et
2864 1800 3176 1857 bellatores.

2185 1976 2347 2032 Vsus.
2391 1975 2577 2032 19-21.
2598 1975 2860 2047 [Ερυριιιε
2889 1975 2944 2029 in
2973 1974 3317 2044 perditionem
3336 1973 3455 2036 erit,
3480 1981 3530 2024 et
3555 1969 3695 2024 Idu-

2111 2089 2246 2125 ma'a
2273 2071 2327 2126 in
2355 2089 2593 2140 campum
2615 2070 2960 2125 desolationis
2986 2085 3049 2123 ea:
3066 2066 3430 2134 iniquitatibus
3453 2066 3690 2134 filiorum

2111 2161 2277 2227 Iuda,
2307 2179 2402 2233 pro
2447 2180 2506 2218 eo
2539 2165 2678 2231 quod
2707 2163 3007 2232 effuderunt
3047 2160 3354 2230 sanguinem
3380 2158 3586 2228 justum
3630 2158 3687 2211 in

2111 2266 2254 2309 terra
2283 2273 2401 2309 sua.
2435 2255 2500 2308 At
2528 2253 2722 2309 ludam
2763 2255 2816 2306 in
2854 2263 3106 2307 wternum
3138 2251 3481 2315 habitabitur,
3511 2258 3561 2304 et
3595 2247 3690 2302 Je-

2112 2347 2340 2402 rusalem
2384 2349 2439 2401 in
2487 2346 2846 2417 generationes
2885 2345 3304 2415 generationum.
3355 2341 3419 2394 Et
3461 2341 3692 2394 ulciscar

2111 2438 2417 2506 sanguinem
2457 2453 2659 2503 eorum,
2685 2447 2732 2489 et
2765 2451 2868 2489 non
2893 2433 3179 2498 mandabo,
3210 2441 3258 2486 et
3296 2430 3556 2485 Dominus
3589 2429 3689 2480 ha—

2113 2527 2293 2581 bitabit
2327 2528 2384 2582 in
2423 2526 2571 2582 Sion.

2192 2617 2352 2674 XLV.
2382 2619 2532 2686 Quod
2556 2621 2622 2675 ad
2651 2634 2869 2676 sensum
2907 2618 3222 2674 historicum
3255 2617 3469 2678 attinet,
3499 2614 3689 2684 punita

2116 2719 2204 2765 est
2240 2709 2529 2782 Egyptus,
2560 2712 2775 2778 quando
2806 2709 3102 2778 Cambyses
3125 2706 3247 2777 Cyri
3269 2705 3422 2759 ﬁlius
3462 2719 3688 2773 regnnnt

2110 2801 2344 2872 subegit.
2395 2802 2459 2855 Et
2511 2802 2738 2856 ldumtea
2781 2800 2998 2854 redacta
3060 2805 3143 2852 est
3195 2797 3252 2851 in
3314 2794 3690 2856 solitudinem,

2111 2894 2253 2962 quod
2298 2909 2384 2948 res
2418 2893 2532 2963 ipsa
2574 2893 2830 2963 loquitur.
3211 2900 3214 2903 '

495 3058 641 3128 Πλὴν
684 3061 740 3111 ἐν
781 3060 994 3124 τούτοις
1039 3063 1216 3116 ἔοικεν
1254 3065 1284 3115 ό
1330 3066 1670 3136 προφητικὸς
1713 3068 1843 3137 ἡμῖν
1883 3069 2007 3120 ὑπο-

2184 3071 2450 3127 (ζαιιετυιιι
2483 3069 2736 3125 videntur
2769 3068 3078 3138 prophetica
3133 3066 3290 3120 verba
3325 3071 3540 3134 pactum
3593 3075 3686 3116 oc-

425 3153 640 3223 φαίνειν
672 3153 829 3222 λόγος
865 3156 1257 3226 κεκρυμμένην
1285 3156 1598 3225 ὁμολογίαν,
1632 3157 1700 3227 ἢν
1727 3158 1814 3210 ὅτε
1843 3158 2004 3226 γέγο-

422 3265 514 3300 νεν
548 3247 834 3319 ἄνθρωπος
892 3248 1252 3319 πεπλήρωκεν
1293 3249 1320 3300 ὁ
1368 3249 1702 3319 Μονογενης.
1735 3249 1852 3301 Ἀεὶ
1897 3250 2007 3318 γάρ

423 3355 542 3402 πως
569 3341 601 3408 ἡ
634 3339 755 3393 θεία
783 3338 972 3410 Γραφὴ
1005 3340 1380 3410 μεμελέτηκεν
1411 3339 1695 3410 ἐξομοιοῦν
1721 3343 1832 3403 τοῖς
1861 3341 2002 3408 ἄγαν

425 3431 860 3502 εἰδωλολάτραις,
909 3432 1001 3485 καὶ
1040 3433 1117 3494 είς
1145 3431 1300 3484 τοῦτο
1332 3431 1450 3484 λίαν
1480 3433 1870 3484 ἀπονενευκὸσι
1909 3432 2008 3495 τὰς

424 3522 630 3589 ἀγέλας
662 3523 769 3576 τῶν
801 3523 1114 3592 δαιμονίων,
1158 3525 1253 3577 καὶ
1285 3523 1481 3586 αὐτοὺς
1515 3524 1572 3576 δὲ
1611 3525 1739 3586 τοὺς
1770 3523 1856 3576 ἀεὶ
1895 3527 2008 3585 τοῖς

425 3614 601 3682 ἁγίοις
667 3614 1092 3684 ἀνθεστηκότας.
1144 3615 1328 3668 Πάντα
1374 3614 1438 3683 δὴ
1498 3611 1590 3667 οὖν
1635 3613 1827 3684 ὲχθρδν
1880 3615 2010 3667 ἀπο-

431 3706 642 3760 λείσοαι
675 3709 859 3778 φησὶν,
892 3707 1207 3776 Αἰγυπτίοις
1251 3724 1311 3758 τε
1353 3707 1447 3759 καὶ
1511 3707 1832 3776 Ἰδουμαίοις
1866 3706 2007 3770 ἐξει-

429 3801 726 3870 κασμὲνον.
766 3800 1038 3870 Ἀσφαλὴς
1069 3799 1179 3870 γὰρ
1232 3801 1264 3870 ἡ
1302 3800 1594 3869 ὑπόσχεσις
1617 3797 1709 3851 τοῦ
1748 3797 2006 3869 Χριστοῦ,

426 3890 676 3958 λέγοντος
727 3890 985 3961 περὶτῆς
1023 3890 1386 3960 Ἑκκλησίας.⁶
1408 3890 1488 3942 ὃτι
1524 3907 1542 3939 ι
1578 3887 1749 3940 Πύλαι
1780 3887 1905 3958 ᾅδου
1945 3888 2006 3940 ού

427 3983 848 4053 κατισχύσουσιν
900 3982 1094 4052 αὐτῆς.
1132 4002 1149 4034 ι
1182 3983 1304 4034 Ὅτι
1334 3981 1390 4033 δὲ
1425 3981 1643 4043 πάντως
1675 3980 1898 4050 ἔμελλον
1928 3981 2006 4032 δί-

427 4095 527 4141 κας
557 4077 886 4141 ἐξαιτεῖσθαι
921 4075 1029 4128 τῶν
1069 4077 1148 4138 εἰς
1191 4072 1510 4147 ἀνθρώπους
1539 4071 2010 4142 πεπλημμελημέ-

427 4187 533 4222 νων
579 4170 640 4222 αἴ
684 4187 743 4221 τε
804 4168 1040 4239 πονηραὶ
1089 4169 1378 4236 δυνάμεις,
1429 4165 1524 4217 καὶ
1575 4164 1688 4216 ὅσοι
1734 4163 2009 4234 τολμῶσιν

423 4260 662 4326 ἐκείναις
695 4261 762 4314 τὰ
795 4260 1179 4331 παραπλήσια,
1214 4259 1246 4330 ἢ
1273 4257 1409 4327 πρὸς
1441 4255 1764 4326 Ἑλληνικὴν
1787 4256 2007 4326 ἀπάτην

426 4353 794 4424 ἀποφέροντες
835 4369 1006 4416 τινας,
1061 4351 1228 4422 ἠγουν
1270 4351 1350 4413 είς
1397 4349 1655 4418 ἀδόκιμον
1703 4349 2006 4419 καταστρέ-

427 4419 624 4513 φοντες
660 4445 804 4512 νοῦν,
846 4444 936 4498 διά
977 4461 1040 4512 γε
1086 4419 1184 4496 τοῦ
1230 4441 1502 4495 διδάσκειν
1555 4440 1877 4509 ἐπείγεσθαι
1935 4440 2004 4492 τὰ
2037 4419 2080 4474 D

424 4538 866 4610 διεστραμμένα,
917 4536 1238 4605 καθίστησιν
1265 4521 1536 4606 ξναργὲς,
1586 4534 1791 4602 ταύτης
1840 4533 2006 4586 ἕνεκα

423 4632 520 4701 τῆς
546 4631 725 4692 αἰτίας
755 4627 1220 4700 ἀφανισθήσεσθαι
1266 4627 1442 4694 λέγων
1481 4626 1609 4688 τοὺς
1632 4628 1699 4696 τῇ
1733 4623 1870 4678 Σιὼν
1909 4641 2006 4676 πε-

427 4723 840 4793 πολεμηκότας,
878 4721 992 4775 ἀνθ’
1033 4713 1106 4773 ὧν
1139 4719 1362 4788 ἐξέχεαν
1406 4714 1545 4788 αἷμα
1579 4716 1776 4780 ἀθῶαν,
1812 4715 2005 4786 ἠδικῆ-

424 4815 551 4868 κασί
578 4831 636 4866 τε
665 4815 726 4867 ού
757 4813 1007 4884 φορητῶς
1033 4813 1158 4876 τους
1183 4810 1534 4875 υίοῦςἸούδα,
1561 4809 1834 4872 τουτέστι,
1875 4809 2004 4871 τοὺς

424 4903 610 4972 ἁγίους
662 4903 1106 4974 ἐξομολογήσεως
1146 4903 1306 4965 ὄντας
1343 4901 1529 4954 τέκνα.
1572 4898 1996 4972 Διερμηνεύεται

423 4996 529 5065 γὰρ
557 4994 758 5058 Ἰούδας
794 4994 1238 5065 «ἐξομολόγησις.
1264 5012 1284 5046 ι
1326 4993 1470 5064 Ἔφη
1501 4991 1558 5046 δέ
1582 5008 1684 5044 που
1712 4991 1806 5044 καὶ
1827 4992 1855 5043 ὁ
1883 4990 2000 5044 θεό-

420 5085 626 5156 ληπτος
661 5085 823 5139 Δαδὶδ
849 5087 978 5158 περί
1005 5085 1114 5138 τῶν
1148 5085 1376 5148 ἀνοσίως
1409 5085 1788 5155 ἀνῃρημένων·
1824 5100 1842 5132 ‹
1875 5082 1999 5134 ’Ότι

422 5177 670 5248 ἐκζητῶν
701 5179 767 5230 τὰ
801 5180 1007 5248 αἵματα
1052 5177 1232 5231 αὐτῶν
1283 5176 1550 5248 ἐμνήσθη.
1585 5195 1603 5228 ι
1660 5175 1802 5247 Πρὸς
1839 5173 1896 5228 δέ
1935 5189 1998 5242 γε

421 5268 514 5320 τὸν
541 5269 784 5323 Σατανᾶν
823 5270 899 5333 ὡς
929 5273 986 5322 ἐν
1015 5271 1182 5324 εἰκόνι
1218 5271 1564 5342 γραφόμενον
1605 5271 1698 5324 τοῦ
1739 5270 1995 5340 Ἀσσοὺρ,

427 5377 448 5410 ι
465 5362 560 5411 ’ον
588 5359 790 5428 τρόπον
811 5361 1027 5431 ἱμάτιον
1053 5363 1110 5414 ὲν
1135 5361 1328 5431 αἵματι
1351 5361 1698 5432 πεφυρμένον
1726 5361 1826 5412 οὐκ
1844 5359 1996 5413 ἔσται

421 5448 686 5522 καθαρὸν,
718 5451 888 5515 οὕτως
913 5452 1034 5505 οὐδὲ
1069 5453 1131 5505 σὺ
1161 5451 1258 5522 ἔσῃ
1293 5452 1551 5526 καθαρὸς,
1593 5451 1726 5506 διότι
1759 5453 1860 5522 τὴν
1891 5451 1997 5521 γῆν

425 5557 528 5631 μου
575 5541 828 5612 ὲμίανας,
875 5545 970 5597 καὶ
1015 5545 1104 5596 τὸν
1146 5543 1274 5597 λαόν
1312 5562 1413 5614 μου
1457 5543 1764 5607 ἀπώλεσας.
1801 5543 1876 5596 Οὐ
1921 5542 1996 5612 μὴ

422 5633 614 5706 μείνῃς
646 5637 726 5698 εἰς
759 5635 850 5689 τὸν
885 5635 1058 5690 αἰῶνα
1099 5636 1306 5707 χρόνον.
1349 5657 1366 5687 ι
1409 5637 1618 5690 Οὐκοῦν
1675 5637 1994 5705 κατοικήσε-

489 5809 710 5867 “Joau.
737 5827 890 5879 xvttt,
924 5813 1007 5868 l2.
1084 5811 1128 5845 ⁸⁷
1161 5812 1259 5870 lsa.
1288 5829 1430 5879 ιλιι-ι,
1472 5813 1552 5866 1:3.

1653 5816 1693 5844 “'
1733 5813 1914 5868 Matth.
1948 5829 2055 5874 xu,
2101 5811 2180 5864 IS.

2111 3163 2315 3217 cultum
2351 3171 2548 3230 tegere,
2593 3161 2734 3228 quod
2774 3157 3091 3227 Unigenitus
3156 3156 3316 3210 homo
3365 3154 3537 3209 factus
3585 3153 3692 3206 int-

2113 3255 2300 3325 plevit.
2331 3254 2556 3321 Semper
2581 3251 2723 3305 enim
2759 3250 2936 3302 divina
2967 3248 3249 3317 Scriptura
3285 3245 3493 3316 magnis
3517 3243 3689 3298 idolo-

2113 3349 2286 3410 latris,
2326 3358 2382 3400 et
2419 3359 2483 3398 eo
2527 3343 2878 3398 vehementer
2923 3340 3223 3410 propensis,
3287 3348 3530 3392 catervas
3577 3337 3686 3389 (lm-

2112 3455 2328 3493 montnn
2399 3447 2454 3491 et
2526 3446 2838 3490 sanctorum
2907 3445 3308 3503 oppugnatores
3385 3430 3693 3485 assitnilare

2111 3531 2414 3587 consuevit.
2461 3529 2664 3584 Omnes
2712 3529 2874 3597 igitur
2904 3527 3158 3580 inimicos
3187 3525 3458 3595 perituros
3499 3523 3689 3576 vatici-

2113 3633 2275 3676 natur
2299 3618 2568 3690 «Egypliis
2607 3616 2768 3689 245
2809 3626 2860 3671 et
2890 3615 3138 3670 Idumaeis
3167 3623 3524 3682 comparatos.
3563 3613 3689 3666 Fir-

2112 3730 2195 3768 tna
2225 3723 2308 3767 est
2339 3713 2480 3766 enim
2510 3710 2709 3764 Christi
2740 3707 3028 3778 promissio
3054 3709 3118 3761 de
3145 3705 3381 3760 Ecclesia
3416 3721 3428 3758 :
3464 3722 3481 3757 ι
3513 3703 3691 3759 Porta

2111 3807 2268 3862 inferi
2299 3820 2404 3859 non
2438 3801 2803 3865 praevalebunt
2834 3802 3096 3855 adversus
3123 3813 3241 3852 eam
3275 3798 3343 3852 ⁸⁸.
3391 3816 3408 3849 ι
3447 3797 3684 3851 Omnino

2111 3908 2289 3953 autem
2322 3911 2512 3966 pinnas
2553 3903 2827 3964 sumptum
2861 3893 2924 3947 iri
2962 3892 3323 3946 admissorum
3359 3891 3409 3944 in
3442 3889 3691 3944 homines

2108 4000 2163 4045 et
2194 3992 2457 4062 malignas
2485 3997 2801 4058 potestates,
2839 3995 2894 4042 et
2939 3995 3207 4056 quotquot
3250 3985 3355 4038 illis
3391 3984 3538 4052 paria
3571 3983 3687 4036 ausi

2109 4092 2256 4144 sunt,
2287 4093 2375 4134 aut
2403 4080 2470 4135 ad
2505 4080 2816 4135 Graecorum
2867 4091 3084 4132 errores
3114 4077 3376 4145 quosdam
3417 4074 3690 4128 abducen-

2113 4180 2213 4232 tes,
2263 4178 2360 4222 aut
2407 4171 2461 4222 in
2507 4171 2792 4237 reprobum
2840 4181 3058 4222 sensum
3094 4164 3516 4236 prmcipitantes,
3559 4163 3686 4217 dum

2110 4275 2364 4331 perversa
2403 4261 2706 4314 consectari
2753 4260 2971 4324 docent,
3014 4255 3302 4310 manifeste
3332 4254 3514 4318 tradit,
3562 4268 3689 4324 pro-

2111 4363 2296 4422 pterea
2330 4352 2684 4422 disperditum
2719 4350 2786 4404 iri
2823 4349 3034 4413 dicens,
3081 4348 3171 4418 qui
3223 4346 3354 4401 Sion
3403 4360 3681 4417 oppugna-

2109 4455 2255 4511 runt,
2287 4445 2413 4513 quia
2441 4444 2760 4514 sanguinem
2798 4443 3142 4496 innocentem
3171 4439 3482 4502 effuderint,
3510 4447 3566 4493 et
3603 4437 3686 4492 in-

2111 4537 2468 4592 tolerabiliter
2518 4535 2658 4590 ﬁlios
2697 4535 2834 4589 Juda
2883 4534 3220 4594 vexaverint,
3268 4531 3370 4584 hoc
3424 4539 3528 4594 est,
3558 4543 3688 4584 san-

2108 4640 2246 4690 ctos.
2289 4627 2424 4681 ﬁlios
2455 4626 2828 4687 confessionis,
2862 4624 3104 4679 redditur
3139 4622 3283 4678 enim
3300 4619 3494 4684 ludas,
3514 4638 3534 4672 ι
3562 4636 3689 4675 con-

2110 4719 2300 4774 fessio.
2344 4737 2363 4770 ι
2399 4717 2670 4773 Caeterum
2703 4715 2900 4770 alicubi
2931 4715 3094 4770 etiam
3123 4729 3151 4768 a
3180 4713 3292 4769 Deo
3325 4711 3538 4767 aillatus
3585 4712 3684 4765 Da-

2109 4812 2196 4865 vid
2224 4811 2288 4864 de
2321 4810 2502 4880 impiis
2529 4819 2702 4864 morte
2728 4807 2920 4863 deletis
2946 4826 2960 4862 :
2996 4825 3019 4859 ι
3043 4807 3332 4874 Quoniam,
3366 4806 3566 4875 inquit,
3597 4820 3684 4859 re-

2105 4905 2326 4974 quirens
2375 4902 2693 4970 sanguinem
2732 4915 2920 4956 eorum
2960 4902 3274 4956 recordatus
3323 4908 3410 4955 est
3440 4900 3508 4952 ⁸³.
3545 4916 3564 4950 ι
3599 4897 3680 4950 Aut

2105 4997 2361 5050 Satanam
2405 5003 2609 5060 autem,
2642 5001 2700 5048 ut
2748 4994 2799 5047 in
2846 5007 3074 5062 persona
3109 4993 3278 5047 Assur
3324 4999 3677 5046 accusatum;

2109 5107 2127 5138 ι
2175 5088 2637 5155 Quemadmodum
2690 5085 3074 5140 vestimentum
3131 5084 3396 5154 sanguine
3458 5083 3681 5137 mistum

2107 5196 2215 5235 non
2244 5181 2351 5236 erit
2383 5179 2662 5243 mundum,
2692 5177 2772 5233 sic
2801 5191 2900 5232 nec
2930 5185 2984 5231 tu
3021 5177 3253 5231 mundus
3276 5175 3406 5230 eris.
3457 5175 3522 5229 Et
3552 5175 3682 5244 quia

2109 5281 2309 5326 terram
2358 5285 2532 5324 meam
2573 5268 2828 5340 polluisti,
2869 5276 2923 5323 et
2965 5267 3218 5338 pupulum
3261 5281 3438 5340 meum
3497 5266 3681 5336 perdi-

2107 5360 2258 5424 disti,
2301 5376 2408 5414 non
2463 5336 2708 5414 manebis
2762 5358 2818 5413 in
2867 5336 3256 5426 sempiternum
3306 5336 3374 5412 δ’.
3433 5375 3452 5408 ι
3496 5355 3680 5426 itaque

2107 5452 2351 5507 abituros
2381 5451 2435 5505 in
2474 5451 2702 5505 exitium
2736 5449 2916 5505 Sionis
2943 5448 3284 5503 adversarios
3313 5448 3465 5512 dicit,
3499 5456 3555 5502 et
3577 5446 3672 5502 Ju-

2107 5543 2275 5597 daeatn
2303 5542 2605 5596 habitatum
2636 5541 2701 5595 iri
2745 5542 2795 5594 in
2826 5539 3238 5608 sempiternum,
3269 5548 3324 5591 et
3371 5535 3673 5592 Jerusalem

2107 5635 2157 5688 in
2193 5635 2575 5704 generationes
2606 5633 3017 5702 generationum
3047 5648 3061 5695 ;
3093 5645 3195 5685 non
3233 5632 3376 5685 illam
3409 5641 3676 5686 vastatam

2260 5811 2301 5839 ⁸³
2335 5808 2472 5862 l’sal.
2512 5822 2586 5872 tx,
2626 5807 2705 5860 l5.
2781 5808 2825 5839 ⁹⁰
2866 5807 2967 5860 lsa.
3006 5820 3114 5868 xlv,
3149 5805 3234 5867 l9,
3264 5805 3359 5860 ‘20.
