4132 6370
437 341 544 400 407
1448 336 1508 392 S.
1547 335 1821 392 CYRILLI
1859 333 2069 389 ALEXA

2112 329 2324 389 HDRINI
2363 330 2683 386 ARCHIEP.
3595 323 3702 380 ιοε

435 465 494 510 et
533 464 780 511 exustam
827 454 1117 527 (siquidem
1174 454 1435 511 Dominus
1489 470 1554 510 ac
1615 456 1754 511 Deus
1806 463 1865 509 ut
1901 454 2067 525 ipsa;

2071 451 2245 516 ισθαι
2283 451 2382 521 μὲν
2437 451 2516 513 είς
2549 449 2772 520 ὄλεθρον
2799 450 2926 510 τοὺς
2956 449 3022 517 τῇ
3065 444 3204 499 Σιὼν
3249 444 3703 515 πεπολεμηκὸτας

437 549 662 616 veritas,
696 548 889 603 falsum
932 548 1117 602 dicere
1153 562 1260 602 non
1310 546 1533 620 potest),
1583 549 1678 603 sed
1728 562 1850 602 eam
1893 561 2015 616 quae

2119 529 2292 612 φησίέ
2335 539 2831 613 κατοικηθήσεσθαι
2877 540 2933 593 δὲ
2989 540 3090 610 τὴν
3149 535 3409 590 Ἰουδαίαν
3469 537 3547 598 είς
3613 537 3705 589 τὸν

437 649 623 695 mente
649 641 1132 709 comprehenditur
1153 640 1354 710 potius,
1384 641 1662 694 ccelestem
1688 638 2013 703 Jerusalem,

2121 633 2318 694 αἰῶνα.
2355 633 2450 689 καὶ
2487 636 2568 698 είς
2605 633 2798 702 γενεὰς
2849 631 3052 702 γενεῶν
3097 630 3200 701 τὴν
3248 627 3604 700 Ἰερουσαλὴμ
3641 627 3701 680 οὐ

438 745 729 800 supernam
763 744 818 786 et
838 730 1073 786 divinam
1102 730 1254 796 Sion,
1287 732 1580 802 gloriosam
1613 741 1668 786 et
1699 731 2016 802 przcclaram

2120 726 2218 797 τὴν
2245 725 2722 797 πεπορθουμένιην.
2740 725 2834 777 καὶ
2859 720 3355 795 ἐμπεπρησμένην,
3373 721 3532 791 εἴπερ
3555 718 3703 772 ἐστὶν

439 821 732 888 civitatem,
765 821 919 892 cuius
958 821 1179 886 artifex,
1223 831 1280 877 et
1329 820 1644 890 fabricator,
1676 833 1730 876 et
1776 820 2017 876 archite-

2123 817 2553 891 ἁναμαρτοεπὴς
2585 819 2614 870 ὁ
2645 816 2848 888 Κύριος
2890 817 2983 869 καὶ
3027 814 3160 878 Θεὸς
3189 816 3265 876 ὡς
3306 810 3567 882 ἀλήθεια,
3607 807 3703 879 τὴν

439 924 559 968 ctus
609 914 721 983 ipse
752 915 921 979 Deus,
949 914 1003 968 in
1033 929 1193 986 quam
1227 924 1282 970 et
1324 929 1426 970 nos
1460 913 1668 969 utinam
1715 929 1813 984 per
1856 911 2021 968 Chri-

2124 909 2326 978 νοητὴν
2368 906 2424 959 δὲ
2458 905 2681 976 μᾶλλον,
2710 905 2809 977 τὴν
2840 905 3166 975 ἐπουράνιον
3205 901 3566 974 Ἰερουσαλὴμ
3603 899 3703 971 τὴν

439 1017 582 1063 stum
605 1009 1018 1078 perveniamus.

2125 1001 2258 1063 ἄνω,
2285 999 2378 1053 καὶ
2410 997 2564 1050 θείαν
2588 996 2750 1062 Σιὼν,
2791 997 2889 1068 τὴν
2916 996 3114 1049 εὐκλεᾶ
3147 993 3480 1058 καλλίπολιν,
3523 988 3590 1063 ἧς
3620 1008 3705 1044 τε-

2125 1094 2338 1164 χνίτης,
2380 1093 2472 1147 καὶ
2501 1090 2830 1163 δημιουργὸς
2851 1131 2864 1152 ,
2899 1091 2995 1143 καὶ
3026 1090 3233 1142 τέκτων
3263 1089 3290 1140 ὁ
3320 1086 3452 1150 Θεὸς
3474 1127 3486 1150 ,
3519 1087 3601 1148 εἰς
3638 1087 3704 1156 ἢν

2125 1186 2220 1237 καὶ
2250 1186 2398 1254 ἡμᾶς
2423 1183 2715 1254 ἀφικέσθαι
2743 1183 2953 1253 γένοιτο
2983 1182 3072 1236 διὰ
3095 1178 3356 1251 Χριστοῦ.

479 1408 3694 1442 W

1184 1592 1414 1679 ΤΟΥ
1484 1595 1628 1678 ΕΝ
1702 1591 2068 1681 ΑΓῘΟΙΪΞ.
2141 1596 2578 1682 ΠΑΤΡΟΣ
2656 1595 2984 1683 ΗΜΩΝ

1412 1812 2741 1986 ΚΥΡΙΛΛΟΥ

793 2115 2098 2236 ΑΡΧΙΕΠΙΣΚΟΠΟΥ
2182 2110 3338 2237 ΑΛΕΞΑΝΔΡΕΙΑΣ

1582 2359 1954 2416 ΕΞΙΙΓΗΣΙΣ
2016 2360 2415 2419 ΥΠΟΜΙἮΜΑ
2427 2361 2590 2416 TIKH

918 2550 1180 2679 ΕΙΣ
1255 2546 1603 2683 ΤΟΝ
1677 2547 2626 2681 ΠΡΟΦΗΤΗΝ
2725 2546 3225 2684 ΑΜΩΣ.

1147 2963 1320 3144 S.
1459 2970 1718 3139 P.’
1797 2967 1996 3140 Ν.
2143 2966 2779 3144 CYBIL

1459 2970 1658 3139 Ρ.
1711 3012 1718 3017 '
1797 2967 1996 3140 N.
2143 2966 3022 3144 CYRILLI

1591 3285 2059 3343 ALEXANDle
2097 3286 2621 3344 ARCHIEPISCOPI

851 3507 978 3598 IN
1075 3506 1391 3597 AMOS
1482 3503 2218 3599 PBOPHETAM
2309 3505 3319 3631 COMMENTARIUS,

1701 3723 2098 3776 CONTINENS
2135 3725 2363 3774 TOJIOS
2401 3724 2488 3772 ιγ.

880 4062 1605 4156 PROCEMIUM.
2069 4058 2112 4112 Β

2069 4058 2112 4112 Β
2590 4051 3248 4140 ΠΡΟΟΙΜΙΟΝ.

531 4234 573 4290 1.
601 4233 766 4307 246
804 4236 969 4290 Amos
1013 4234 1128 4290 fuit-
1159 4235 1326 4304 opilio
1358 4237 1660 4304 pastoritiis
1697 4236 1938 4292 moribus
1983 4248 2038 4292 et

2215 4235 2296 4288 A'.
2344 4231 2524 4301 Ἀμὼς
2553 4230 2776 4300 γέγονεν
2808 4228 3030 4292 αἰπόλος
3066 4229 3226 4299 ἀνὴρ,
3252 4229 3349 4282 καὶ
3379 4230 3715 4298 ποιμενικοϊς

463 4329 728 4384 institutis
759 4328 1045 4386 educatus.
1083 4326 1231 4381 Vixit
1264 4329 1315 4381 in
1342 4327 1632 4383 solitudine
1667 4325 1888 4391 Judaeaa,
1919 4345 2039 4398 qute

2147 4326 2292 4380 ἔθεσί
2319 4342 2380 4378 τε
2410 4324 2508 4378 καὶ
2559 4324 2747 4394 νόμοις
2770 4321 3224 4394 ἐντεθραμμένος.
3243 4322 3509 4374 Ἐποιεῖτο
3530 4321 3586 4375 δέ
3620 4321 3717 4384 τὰς

461 4436 656 4476 versus
687 4429 932 4474 austrum
966 4420 1092 4485 sita,
1138 4434 1310 4489 usque
1363 4421 1430 4472 ad
1491 4420 1626 4474 fines
1671 4421 1836 4475 maris
1870 4420 2036 4475 Indici

2145 4417 2426 4489 διατριϐὰς
2465 4420 2521 4470 ἐν
2553 4418 2776 4487 ἐρήμῳ,
2820 4418 2886 4486 τῇ
2927 4415 3063 4485 πρὸς
3110 4414 3261 4468 νότον
3300 4413 3400 4485 τῆς
3451 4413 3719 4467 Ἰουδαίων

463 4512 721 4580 pertinet,
757 4520 813 4566 et
857 4511 928 4565 ad
961 4510 1236 4566 Persidem
1267 4526 1440 4580 usque
1489 4513 1805 4581 porrigitur,
1840 4515 1894 4567 in
1933 4528 2038 4582 qua

2145 4511 2349 4583 χώρας,
2375 4512 2410 4580 ἢ
2444 4508 2635 4580 μέχρις
2673 4509 2815 4578 ὅρων
2846 4505 3020 4578 διήκει
3049 4505 3323 4577 θαλάσσης
3351 4505 3450 4576 τῆς
3473 4505 3717 4573 Ἰνδικῆς,

464 4611 660 4672 gentes
708 4617 869 4669 quam
910 4602 1158 4672 plurima:
1214 4613 1486 4673 pascunt:
1527 4613 1613 4658 est
1645 4604 1787 4658 enim
1819 4617 2040 4674 propter

2146 4606 2241 4659 καὶ
2279 4607 2358 4668 είς
2397 4603 2495 4675 τὴν
2543 4601 2770 4674 Περσῶν
2819 4601 3116 4654 ἐκτείνεται
3155 4599 3282 4668 γῆν,
3326 4596 3493 4669 μυρία
3525 4597 3582 4650 δὲ
3621 4598 3720 4650 ὅσα

466 4691 900 4759 amplitudinem,
932 4692 1324 4762 irrigationem,
1372 4693 1776 4764 herbarumque
1811 4696 2040 4750 diversi-

2149 4695 2437 4767 βαρϐάρων
2479 4693 2613 4764 γένη
2669 4691 2839 4763 αὐτὴν
2875 4690 3314 4755 καταϐόσκεται,
3358 4688 3469 4758 ἔχει
3508 4687 3564 4740 δὲ
3600 4687 3719 4740 λίαν

467 4793 632 4838 tatem
661 4784 726 4838 ad
757 4784 937 4838 ovium
970 4799 1163 4855 greges
1191 4785 1412 4841 alendos
1438 4787 1842 4856 percommoda.
1869 4787 2040 4844 Natus

2146 4786 2467 4858 ἐπιτηδείως
2495 4786 2574 4848 είς
2603 4785 2664 4838 τὸ
2691 4783 2912 4854 τρέφειν
2933 4780 3192 4835 δύνασθαι
3222 4779 3321 4842 τὰς
3349 4778 3475 4831 οίῶν
3498 4777 3717 4845 ἀγέλας.

464 4885 550 4930 est
580 4875 633 4930 in
661 4876 782 4929 vico
805 4875 1044 4940 Thecua,
1080 4877 1145 4930 ad
1195 4877 1358 4932 imam
1397 4879 1764 4938 solitudinem.
1800 4879 1865 4934 Et
1902 4896 2038 4950 quo-

2150 4879 2458 4950 Ἕμὸροχος
2487 4877 2618 4948 γὰρ,
2648 4877 2744 4929 καὶ
2794 4875 3042 4936 πλατεῖα,
3079 4871 3174 4926 καὶ
3215 4870 3484 4924 πολυειδεῖ
3511 4871 3575 4939 τῇ
3615 4869 3723 4938 πόα

467 4969 612 5022 niam
642 4979 762 5023 erat
788 4969 875 5022 vir
901 4970 1075 5024 bonus
1107 4979 1160 5023 et
1181 4971 1358 5025 omnis
1381 4972 1652 5039 aequitatis
1681 4987 1890 5039 amans,
1910 4988 2036 5043 pro-

2147 4967 2586 5039 κατεστεμμένη.
2615 4962 2724 5021 Ἦν
2750 4965 2807 5018 δὲ
2857 4967 2886 5018 ὀ
2937 4962 3120 5034 ’Δμὼς
3152 4963 3214 5016 ἐκ
3257 4961 3458 5014 Θεκουὲ
3506 4958 3717 5030 κώμης,

465 5061 663 5130 phetia:
709 5060 900 5130 spiritu
957 5061 1082 5116 inde
1125 5061 1432 5115 cumulatus
1465 5105 1480 5128 ,
1541 5065 1885 5132 prophetavit
1932 5081 2036 5118 non

2147 5062 2283 5135 πρὸς
2309 5062 2493 5124 αὐτοῖς
2521 5059 2780 5131 κειμένης
2802 5059 2913 5120 τοῖς
2945 5056 3044 5126 τῆς
3071 5055 3281 5126 ἐρήμου
3314 5051 3720 5120 ποσίν.Ἐπειδὴ

465 5152 878 5225 Hierosolymis,
943 5153 1040 5208 sed
1077 5153 1217 5206 inter
1245 5167 1336 5207 eos
1370 5153 1462 5222 qui
1513 5156 1818 5223 pecuariam
1870 5154 2039 5211 facie-

2146 5156 2202 5208 δὲ
2228 5151 2296 5226 ἦν
2329 5153 2468 5225 ἀνὴρ
2495 5152 2699 5221 ἀγαθὸς
2721 5192 2735 5215 ,
2772 5151 2866 5205 καί⁸
2906 5149 3088 5220 πάσης
3128 5147 3428 5210 ἐπιεικείας
3459 5147 3717 5218 ἐργάτης,

465 5249 615 5313 haut,
650 5245 914 5316 principio
942 5244 1221 5300 hominum
1257 5260 1369 5300 sure
1392 5245 1568 5315 gentis
1603 5255 1656 5299 et
1686 5245 2039 5315 professionis

2146 5247 2208 5300 τὸ
2251 5247 2349 5317 τῆς
2392 5246 2728 5316 προφητείας
2758 5245 2919 5308 εὐθὺς
2963 5243 3320 5297 κατεπλούτει
3356 5241 3594 5312 πνεῦμα,
3629 5240 3721 5293 καὶ

464 5355 651 5394 curam
698 5352 1010 5408 capessens.
1048 5337 1253 5393 Deinde
1317 5338 1370 5390 in
1427 5337 1596 5405 ipsam
1644 5337 1834 5393 Belhel
1866 5341 2037 5396 venit.

2147 5341 2523 5412 προεφήτευεν
2556 5340 2656 5393 οὐκ
2683 5342 2740 5392 ἐν
2777 5342 2890 5402 τοῖς
2932 5337 3325 5411 Ἱεροσολύμοις
3345 5380 3358 5403 ,
3389 5336 3504 5390 ἀλλ’
3539 5338 3597 5388 ἐν
3626 5333 3721 5386 αὖ·

465 5431 601 5485 Nam
636 5431 854 5486 'l‘hecue
885 5445 988 5485 non
1023 5429 1180 5496 Juda,
1233 5429 1327 5484 sed
1359 5444 1522 5498 regno
1565 5429 1822 5498 Ephraim
1864 5433 2040 5486 conti-
2069 5421 2097 5478 ί

2087 5421 2111 5478 3
2143 5435 2256 5496 τοῖς
2286 5434 2374 5486 ἐπὶ
2411 5437 2526 5497 τοῖς
2555 5432 2852 5503 ποιμνίοις,
2887 5435 2945 5483 ἐν
2978 5433 3174 5502 ἀρχαῖς
3197 5431 3306 5484 τῶν
3345 5430 3404 5497 ἐξ
3435 5429 3622 5492 ἔθνους
3660 5443 3719 5479 τε

465 5522 722 5577 uehatur.
758 5520 835 5576 lta
862 5537 985 5578 esse
1007 5521 1152 5576 facili
1194 5520 1412 5590 negotio
1435 5522 1599 5575 etiam
1622 5537 1687 5577 ex
1724 5522 1896 5592 ipsius
1923 5539 2045 5578 ver-

2144 5521 2328 5584 αὑτοῦ,
2376 5523 2470 5576 καὶ
2523 5521 2755 5593 μελέτης
2796 5521 3054 5593 ἐχόμενος
3109 5522 3545 5592 φροντισμάτων.
3587 5516 3717 5572 Εῐτα

470 5611 554 5666 bis
591 5611 907 5681 planissime
954 5627 1268 5682 cognosces.
1308 5610 1478 5684 247
1510 5611 1857 5684 Prophetavit
1897 5618 2041 5670 enim

2144 5620 2234 5672 καὶ
2261 5621 2339 5682 είς
2371 5618 2541 5687 αὐτὴν
2578 5617 2912 5688 ἀφικόμενος
2942 5617 3042 5689 τὴν
3071 5615 3294 5687 Βαιθήλ.
3336 5618 3443 5670 Καὶ
3465 5615 3573 5686 γὰρ
3599 5609 3666 5684 ἦν
3693 5616 3719 5666 ὁ

468 5703 524 5759 in
549 5701 755 5766 Bethel,
781 5713 840 5756 ut
871 5705 1007 5772 dixi,
1032 5704 1354 5773 dissipatum
1400 5705 1464 5758 iri
1501 5720 1626 5761 aras
1663 5707 1830 5769 risus,
1864 5718 1920 5762 et
1942 5708 2042 5763 de-

2144 5709 2373 5773 Θεκουέ,
2407 5711 2505 5779 οὐχ
2533 5709 2639 5762 ὑπὸ
2662 5710 2760 5780 τὴν
2797 5709 3056 5762 Ἰουδαίαν
3088 5707 3308 5779 μᾶλλον,
3340 5707 3452 5761 ἀλλ’
3487 5707 3593 5761 ὑπὸ
3619 5705 3718 5776 τὴν

469 5793 705 5853 facturas
733 5797 1075 5853 caerimonias
1105 5795 1290 5854 lsracl.
1325 5798 1522 5866 Adjicit
1553 5799 1634 5854 his
1669 5818 1683 5852 :
1723 5819 1742 5852 ‹
1778 5798 1842 5854 Ει
1890 5803 2038 5856 exci-

2157 5801 2395 5869 Ἐφραῖμ
2439 5801 2740 5870 βασιλείαν.
2793 5801 2916 5854 Ὅτι
2953 5801 3008 5853 δὲ
3055 5799 3273 5881 ἀληθεῖς
3319 5802 3453 5867 ἡμίν
3490 5801 3540 5856 οἱ
3591 5797 3726 5872 περὶ
