4132 6370
466 297 572 354 409
1411 304 1962 361 COMMENTARIUS
2000 307 2063 360 IN

2103 305 2293 362 AMOS
2328 305 2692 363 PROPHETA
2704 307 2772 360 Μ.
3614 309 3721 367 4ιο

363 417 369 422 ·
466 394 672 447 τούτων
698 394 953 464 γεγόνασι
981 395 1148 465 λόγοι,
1177 399 1542 471 καταθρήσεις
1582 403 1810 466 ἀκονιτὶ,
1832 405 1927 456 καὶ
1948 404 1995 457 δι

2088 421 2112 468 ι
2142 404 2265 457 tabo
2285 419 2448 472 Super
2477 405 2694 456 domum
2740 400 3026 455 Jeroboam
3073 400 3308 470 gladium
3335 402 3404 453 ".
3456 419 3476 452 ι
3524 399 3720 457 Sacer-

466 487 576 541 τῶν
609 487 773 541 αὑτοῦ
808 487 1270 562 πληροφορηθήσῃ
1308 490 1500 560 λόγων.
1549 495 1896 566 Προεφήτευε
1940 496 2039 566 μὲν

2142 500 2238 552 dos
2263 509 2441 550 autem
2475 495 2661 550 Bethel
2691 495 2935 548 Amasias
2999 494 3274 562 prophetae
3302 493 3490 547 dentes
3517 497 3717 548 contri-

467 579 576 651 γὰρ
600 581 657 632 ὲν
681 578 906 649 Βαιθὴλ,
932 579 1007 644 ὡς
1034 582 1190 650 ἔφην,
1217 584 1686 656 ἀφανισθήσεσθαι
1709 586 1883 654 λέγων
1913 589 2038 652 τοὺς

2141 590 2242 653 vit,
2272 604 2432 656 quem
2467 599 2649 657 postea
2681 589 2747 640 ad
2776 585 3060 641 Jeroboam
3113 601 3294 654 regem
3334 585 3500 640 Israel
3550 587 3715 652 misit,

467 668 688 739 βωμοὺς
717 668 811 722 τοῦ
840 669 1096 738 γέλωτος,
1126 672 1585 744 ὲρημωθήσεσθαι
1613 673 1669 728 δὲ
1703 677 1916 741 καὶτὰς
1950 695 2039 730 τε-

2140 697 2262 736 cum
2311 682 2413 736 hoc
2458 681 2690 734 nuntio:
2733 699 2751 731 ‹
2792 677 3208 748 Conjurationes
3263 677 3394 732 facit
3431 688 3618 733 contra
3668 690 3719 733 te

462 757 627 821 λετὰς
650 759 744 812 τοῦ
785 761 1030 832 Ἰσραήλ·
1057 763 1152 815 καὶ
1181 762 1244 834 δὴ
1279 764 1489 828 τούτοις
1526 766 1856 834 προστιθεὶς,
1899 769 2039 822 «Καὶ

2140 774 2308 827 Amos
2357 774 2408 828 in
2458 773 2636 827 medio
2688 773 2880 826 domus
2936 770 3127 835 Israel,
3179 785 3286 824 non
3335 771 3534 840 poterit
3575 780 3716 824 terra

463 853 838 923 ἀναστήσομαι
869 853 961 905 ἐπὶ
989 853 1079 906 τὸν
1107 850 1254 907 οἷκον
1297 855 1580 927 Ἱεροϐοὰμ
1614 859 1672 909 ὲν
1703 859 1968 929 ῥομφαίᾳ.
2013 879 2032 912 ι

2139 863 2365 919 sull‘erre
2418 879 2608 919 omnes
2662 878 2941 918 sermones
2997 863 3133 930 ejus.
3211 864 3345 931 Quia
3408 865 3522 916 haec
3587 862 3719 916 dicit

476 943 534 995 Ὀ
587 944 645 996 δέ
678 961 742 1011 γε
785 945 886 1013 τῆς
937 944 1133 1016 Βαιθὴλ
1183 946 1361 1016 ἱερεὺς
1403 947 1686 1017 Ἀμασίας.
1737 945 1905 1012 Οὗτος
1942 947 2038 1002 οὖν

2139 960 2306 1011 Amos
2337 975 2350 1010 :
2387 956 2444 1010 In
2473 957 2652 1027 gladio
2686 957 2950 1010 morietur
2981 954 3292 1018 Jernboam,
3327 966 3382 1009 et
3425 954 3589 1009 Israel
3634 968 3717 1008 ca-

463 1032 716 1102 ὲπέτριξε
762 1033 839 1103 τῷ
887 1035 1142 1107 προφήτῃ
1188 1037 1312 1099 τοὺς
1355 1037 1592 1101 ὀδόντας.
1647 1035 1780 1093 Εἶτα
1830 1041 2036 1111 πέμπει

2139 1048 2316 1115 ptivus
2366 1049 2592 1102 ducetur
2633 1050 2700 1102 de
2747 1059 2890 1101 terra
2926 1064 3042 1104 sua.
3081 1049 3146 1103 Et
3195 1050 3331 1103 dixit
3369 1049 3619 1102 Atnasias
3648 1050 3716 1102 ad

463 1124 600 1194 πρὸς
634 1124 918 1195 Ἰεροϐοὰμ
958 1125 1184 1195 βασιλέα
1236 1127 1470 1200 Ἰσραὴλ,
1508 1127 1711 1197 λέγων·
1753 1149 1770 1181 ι
1801 1132 2035 1203 Συστρο-

2138 1140 2304 1192 Amos
2338 1157 2352 1193 :
2391 1136 2615 1202 Videns,
2663 1138 2820 1202 vade,
2871 1141 3093 1193 discede
3135 1153 3189 1193 tu
3243 1142 3296 1193 in
3327 1152 3523 1192 terram
3553 1139 3711 1206 Juda,

463 1216 570 1285 φὰς
594 1220 828 1270 ποιεῖται
857 1220 997 1271 κατὰ
1024 1216 1118 1271 σοῦ
1166 1218 1346 1290 Ἀμὼς
1375 1222 1432 1274 ἐν
1465 1223 1613 1294 μέσῳ
1640 1223 1775 1294 οἴκῳ
1801 1224 2034 1295 Ἰσραὴλ,

2138 1237 2193 1283 et
2223 1229 2333 1284 illic
2367 1228 2508 1295 vive,
2544 1238 2600 1282 et
2637 1228 2745 1283 illic
2792 1229 3167 1298 prophetabis;
3202 1230 3257 1283 in
3311 1228 3500 1283 Bethel
3535 1239 3714 1282 autem

461 1309 524 1362 οὐ
548 1309 623 1379 μὴ
654 1308 878 1380 δύνηται
907 1312 940 1382 ἡ
967 1310 1040 1380 γῆ
1073 1311 1393 1380 ὑπενεγκεῖν
1425 1313 1674 1379 ἅπαντας
1696 1318 1821 1379 τοὺς
1844 1317 2036 1384 λόγους

2141 1337 2245 1376 non
2304 1321 2445 1376 ultra
2495 1320 2719 1388 adjicies
2775 1322 3122 1390 prophetare,
3175 1319 3302 1388 quia
3359 1319 3716 1377 sanctiﬁcatio

462 1401 659 1454 αὑτοῦ·
691 1401 827 1456 διότι
861 1403 987 1456 τάδε
1019 1403 1167 1472 λέγει
1208 1404 1418 1475 Ἀμώς’
1449 1408 1536 1460 Ἐν
1571 1409 1818 1478 ῥομφαίᾳ
1851 1409 2036 1461 τελευ-

2139 1415 2281 1482 regis
2320 1422 2422 1478 est,
2453 1421 2507 1466 et
2537 1413 2729 1466 domus
2768 1411 2919 1481 regni
2945 1421 3048 1464 est.
3082 1410 3149 1464 Et
3191 1410 3523 1479 respondens
3549 1413 3717 1463 Alnos

460 1493 617 1563 τήσει
653 1492 956 1564 Ίεροὸοὰμ,
979 1499 1008 1549 ὁ
1044 1497 1100 1550 δὲ
1116 1498 1331 1569 Ἰσραὴλ
1363 1500 1706 1570 αἰχμάλωτος
1736 1501 2036 1572 ἀχθήσεται

2138 1506 2274 1560 dixit
2304 1504 2370 1559 ad
2399 1504 2675 1558 Amasiam
2707 1522 2721 1558 :
2754 1502 2871 1556 Non
2910 1518 3061 1557 eram
3092 1503 3360 1572 prOpheta
3387 1517 3510 1571 ego,
3542 1516 3715 1570 neque

459 1586 568 1640 ἀπὸ
599 1588 698 1656 τῆς
726 1587 828 1656 γῆς
851 1586 1037 1642 αὐτοῦ.
1064 1589 1174 1642 Καὶ
1202 1585 1355 1644 εἶπεν
1380 1591 1644 1661 Ἀμασίας
1669 1593 1804 1663 πρὸς
1831 1595 2030 1665 Ἀμώς·

2139 1595 2282 1648 ﬁlius
2312 1596 2587 1664 propheta:
2613 1610 2627 1659 ;
2659 1593 2751 1647 sed
2781 1593 2946 1661 opilio
2971 1607 3144 1658 eram,
3180 1593 3436 1646 vellicans
3461 1607 3713 1661 sycomo-

471 1676 530 1729 Ὀ
555 1677 696 1747 ὁρῶν
736 1677 921 1747 βάδιζε
951 1679 1016 1732 ἐκ
1055 1678 1238 1750 χώρας
1273 1681 1353 1743 είς
1396 1681 1500 1750 γῆν
1545 1681 1737 1749 Ἰούδα,
1778 1684 1873 1736 καὶ
1919 1685 2037 1737 ἐκεῖ

2139 1701 2260 1753 ros;
2289 1693 2342 1740 et
2382 1684 2674 1753 assumpsit
2716 1699 2801 1737 me
2832 1683 3089 1738 Dominus
3130 1685 3198 1737 ab
3227 1683 3440 1739 ovibus.
3481 1682 3548 1736 Et
3577 1683 3709 1736 dixit

460 1769 748 1833 καταϐίου,
800 1769 895 1822 καὶ
944 1773 1060 1823 ἐκεῖ
1111 1771 1532 1842 προφητεύσεις.
1581 1775 1676 1836 El;
1729 1775 1785 1828 δὲ
1833 1757 2092 1846 Βαιθὴλῖ

2080 1757 2110 1816 Β
2141 1774 2404 1829 Dominus
2427 1776 2492 1828 ad
2530 1788 2656 1828 me:
2690 1771 2842 1826 Vade
2876 1783 2930 1827 et
2958 1775 3218 1843 propheta
3266 1789 3428 1842 super
3460 1774 3712 1842 populum

462 1859 649 1913 οὐκέτι
685 1861 760 1931 μὴ
806 1859 1052 1932 προσθῇς
1083 1860 1178 1913 τοῦ
1217 1862 1630 1933 προφητεῦσαι,
1669 1864 1750 1917 ὅτι
1790 1865 2036 1936 ἁγίασμα

2139 1881 2318 1921 meum
2353 1865 2519 1922 lsrael
2542 1865 2609 1918 9'.
2649 1883 2669 1917 ι
2701 1865 3025 1934 Assumptus
3058 1874 3142 1919 est
3169 1865 3333 1934 igitur
3357 1866 3423 1918 de
3453 1865 3713 1935 gregibus

467 1951 732 2022 βασιλέως
763 1955 899 2018 ἐστὶ,
931 1953 1022 2006 καὶ
1051 1949 1199 2016 οἷκος
1225 1953 1488 2022 βασιλέως
1509 1955 1626 2007 ὲστί
1644 1973 1656 1987 ·
1683 1956 1778 2008 καὶ
1806 1956 2038 2028 ἁπεκρί-

2136 1957 2342 2022 ovium,
2378 1967 2434 2011 et
2472 1957 2817 2026 prophetavit
2859 1957 2912 2011 in
2953 1955 3160 2022 Bethel,
3215 1955 3304 2009 ubi
3352 1956 3602 2024 deposuit
3639 1955 3714 2008 vi-

465 2042 533 2112 θη
572 2042 772 2112 Ἀμὼς,
806 2044 901 2096 καὶ
939 2039 1057 2096 εἷπε
1099 2043 1236 2115 πρὸς
1273 2044 1558 2114 Ἀμασίαν,
1591 2047 1703 2098 Οὐκ
1725 2047 1873 2116 ήμην
1905 2063 2037 2118 προ-

2136 2048 2308 2102 tulum
2363 2061 2590 2102 aureum
2630 2048 2836 2118 primus
2877 2045 3188 2111 Jcroboam,
3246 2046 3387 2100 ﬁlius
3426 2045 3599 2100 Nabat
3641 2047 3710 2101 ".

461 2136 640 2206 φήτης
661 2135 792 2204 ἐγὼ,
821 2135 943 2188 οὐδὲ
974 2136 1089 2200 υἱὸς
1120 2137 1426 2208 προφήτου,
1452 2137 1567 2190 ἀλλ’
1601 2137 1824 2201 αἰπόλος
1861 2138 2032 2209 ήμην,

2136 2139 2276 2195 Puto
2307 2139 2409 2195 hoc
2442 2141 2607 2195 etiam
2641 2154 2821 2210 operae
2857 2140 3086 2208 pretium
3129 2139 3293 2200 scire,
3322 2137 3486 2191 alium
3545 2136 3715 2190 fuisse

453 2224 654 2288 κνίζων
686 2225 982 2296 συκάμινα,
1021 2225 1114 2279 καὶ
1153 2225 1380 2278 ἀνέλαϐε
1423 2226 1628 2298 Κύριος
1657 2229 1723 2281 ὲκ
1759 2228 1868 2282 τῶν
1907 2247 2031 2300 προ-

2135 2231 2326 2295 Amos,
2355 2241 2564 2301 patrem
2604 2230 2777 2286 lsaize.
2813 2230 2955 2299 Quid
2996 2239 3176 2284 autem
3227 2240 3281 2283 et
3323 2243 3486 2298 super
3515 2228 3713 2297 quibus

453 2315 654 2370 ϐάτων.
702 2317 811 2370 Καὶ
843 2312 967 2370 εἷπε
1022 2319 1226 2389 Κύριος
1262 2320 1400 2390 πρός
1433 2336 1522 2389 με,
1549 2319 1763 2385 Βάδιςε,
1817 2322 2032 2392 προφή-

2139 2330 2254 2377 ιοιο
2284 2323 2426 2378 libro
2447 2323 2807 2394 pr0phetarit,
2834 2324 2901 2377 ad
2939 2322 3279 2393 propositum
3314 2321 3581 2391 aggressi,
3613 2333 3711 2389 pro

451 2423 645 2460 τευσον
672 2406 768 2460 ἐπὶ
795 2405 886 2460 τὸν
907 2407 1035 2461 λαόν
1071 2425 1175 2478 μου
1211 2409 1301 2462 τὸν
1340 2409 1574 2480 Ἰσραήλ.
1619 2428 1637 2460 ι
1682 2409 1925 2480 Εἵληπτο
1963 2410 2027 2480 δὴ

1300 2429 1301 2444 ι
1340 2409 1574 2480 Ἰσραήλ.
1619 2428 1637 2460 ι
1682 2409 1925 2480 Εἵληπτο
1963 2410 2027 2480 δὴ
2137 2413 2391 2469 facultate
2414 2416 2932 2470 demonstrabimus.

450 2493 544 2550 οὖν
575 2498 638 2550 ἐκ
670 2497 957 2569 ποιμνίων,
997 2499 1092 2551 καὶ
1128 2501 1500 2571 προεφήτευεν
1539 2500 1599 2552 ἐν
1640 2499 1868 2571 Βαιθὴλ,
1896 2502 1955 2554 ὲν
2063 2503 2159 2556 καὶ
2222 2504 2458 2576 δάμαλιν
2511 2505 2746 2559 ἀπέθετο
2785 2508 2994 2578 χρυσῆν
3039 2507 3067 2559 ό
3103 2505 3323 2578 πρῶτος
3361 2500 3647 2574 Ἱεροϐοὰμ
3682 2503 3712 2554 ὁ

449 2590 640 2645 Ναϐὰτ
674 2591 808 2654 υἱός.
855 2592 1332 2665 Ἐπισημήνασθαι
1394 2594 1450 2647 δὲ
1497 2595 1718 2648 κάκεῖνο
1764 2591 1917 2665 οἶμαί
1955 2613 2059 2650 που
2134 2601 2423 2671 χρήσιμον,
2471 2601 2545 2665 ὼς
2590 2601 2779 2672 ἕτερος
2824 2599 2892 2670 ἦν
2944 2601 3128 2670 Ἀμὼς
3164 2602 3192 2654 ὁ
3239 2599 3460 2653 Ἦσαῖου
3500 2598 3709 2668 πατήρ.

449 2683 609 2746 Τίνες
644 2700 708 2751 γε
744 2683 852 2754 μὴν
880 2683 976 2736 καὶ
1009 2685 1101 2738 ἐπὶ
1130 2684 1274 2739 τίσιν
1336 2683 1474 2747 ὅλως
1504 2686 1554 2738 οἱ
1619 2684 1751 2758 παρ’
1789 2685 1955 2741 αὑτοῦ
2030 2690 2285 2758 γεγόνασι
2322 2690 2492 2761 λόγοι,
2517 2691 2626 2745 τῶν
2699 2693 3078 2762 προκειμένων
3124 2691 3392 2763 ἁψάμενοι
3429 2689 3714 2762 σαφηνιοῦ-

452 2794 552 2849 μεν
591 2777 666 2840 ὡς
701 2776 800 2830 ἔνι.

765 2899 1150 2986 ΤΟΜΟΣ
1224 2901 1695 2987 ΠΡΩΤΟΣ.
1719 2961 1722 2964 .

2428 2906 2836 2999 TOMUS
2920 2907 3411 2996 PRIMUS.

1058 3055 1310 3108 ΚΕΦΑΛ.
1339 3059 1418 3110 Αο.
2054 3041 2098 3097 C

1404 3095 1418 3110 .
2054 3041 2098 3097 α
2803 3055 2956 3111 CAP.
2996 3056 3036 3114 1.

517 3172 696 3239 Λόγοι
755 3169 969 3238 Ἀμὼς,
1025 3169 1083 3222 οἳ
1133 3168 1412 3239 ἐγένοντο
1458 3171 1528 3223 ἐν
1586 3170 1893 3239 Ἀκκαρεὶμ
1951 3169 2021 3223 ἐκ

2203 3169 2362 3225 Vens.
2397 3170 2451 3224 1.
2485 3169 2757 3225 Sermones
2788 3173 2969 3238 Amos,
3000 3172 3089 3242 qui
3121 3171 3249 3234 facti
3284 3179 3405 3225 sunt
3456 3187 3509 3224 ιη
3535 3171 3704 3226 Acca-

447 3261 688 3324 Θεκουὲ,
713 3259 820 3326 οὓς
849 3259 978 3313 ἴδεν
1005 3261 1158 3328 ὑπὲρ
1220 3261 1627 3331 Ἰερουσαλὴμ,
1668 3262 1738 3316 ἐν
1777 3261 2023 3332 ἡμέραις

2130 3263 2227 3314 rim
2255 3279 2319 3315 ex
2347 3261 2567 3327 Thecue,
2597 3279 2726 3332 quos
2750 3263 2878 3316 vidit
2909 3280 3064 3332 super
3078 3261 3372 3317 Jerusalem
3422 3264 3476 3317 in
3525 3264 3705 3319 diebus

459 3350 648 3411 ὀζῖου
665 3350 974 3418 ,βασιλέως
998 3352 1205 3416 Ἰούδα,
1226 3353 1324 3406 καὶ
1343 3353 1413 3406 ἑν
1429 3353 1678 3424 ἡμέραις
1711 3354 2020 3423 Ἱεροϐοὰμ,

2133 3352 2278 3406 Ozicc
2308 3355 2440 3422 regis
2458 3352 2626 3417 Juda,
2651 3365 2698 3407 et
2725 3356 2780 3407 in
2813 3355 2995 3407 diebus
3024 3353 3306 3408 Jeroboam
3327 3355 3426 3423 ﬁlii
3451 3354 3583 3410 Joas
3625 3371 3708 3410 re-

443 3442 579 3496 υιοῦ
618 3443 775 3509 Ἰωὰς
789 3443 1095 3510 ,ϐασιλέως
1115 3444 1222 3498 τοῦ
1258 3443 1524 3512 Ἰσραὴλ,
1569 3444 1686 3514 πρὸ
1725 3444 1834 3498 δύο
1872 3443 2024 3499 ἐτῶν

1725 3444 1834 3498 δύο
1872 3443 2024 3499 ἐτῶν
2126 3447 2205 3515 gis
2244 3444 2432 3510 Israel,
2469 3454 2591 3499 ante
2616 3447 2746 3499 duos
2774 3462 2939 3498 annos
2961 3455 3113 3499 terra:
3148 3454 3337 3503 motus.

444 3533 550 3587 τοῦ
581 3534 860 3603 σεισμοῦ.

515 3625 591 3680 B'.
627 3643 646 3677 ι
673 3626 839 3694 Λόγοι
903 3626 1103 3696 Ἀμὼς,
1134 3627 1184 3680 οἳ
1219 3628 1466 3695 ἐγένοντο
1497 3629 1554 3681 ἐν
1604 3628 1912 3699 Ἀκκαρεῖμ
1956 3627 2023 3682 ἐκ

2197 3623 2260 3678 ll.
2295 3643 2313 3674 ‹
2338 3622 2628 3678 Sermones
2657 3625 2843 3689 Amos,
2863 3623 2952 3690 qui
2981 3622 3106 3676 facti
3138 3633 3261 3677 sunt
3285 3623 3337 3676 in
3363 3623 3610 3676 Accarim
3637 3636 3704 3675 ex

444 3720 669 3784 Θεκουὲ,
702 3719 796 3783 οὒς
829 3715 969 3773 εἶδεν
1019 3721 1162 3790 ὑπὲρ
1202 3719 1578 3791 Ἰερουσαλήμ.
1607 3738 1624 3770 ι
1671 3712 1830 3771 Οὗτοί
1859 3735 2021 3790 φησιν

2129 3713 2365 3779 Thecue,
2400 3727 2535 3781 quos
2583 3711 2716 3765 vidit
2747 3726 2906 3780 super
2930 3709 3253 3766 Jerusalem.
3292 3729 3309 3762 ι
3338 3710 3403 3764 Hi
3432 3721 3576 3774 sunt,
3619 3711 3703 3764 in-

457 3810 636 3881 Ἀμὼς
663 3811 756 3863 τοῦ
787 3812 854 3864 ὲκ
896 3811 1099 3865 Θεκουὲ
1148 3811 1250 3881 τῆς
1284 3812 1621 3883 προφητείας
1666 3812 1717 3863 οἱ
1749 3811 1934 3880 λόγοι,
1969 3811 2019 3864 οἳ

2128 3805 2266 3872 quit,
2297 3819 2576 3859 sermones
2630 3805 2928 3875 prophetici
2977 3805 3142 3858 Amos
3207 3801 3558 3866 Thecuensis,
3609 3803 3703 3871 qui

443 3904 698 3970 γεγόνασι
727 3904 784 3956 ἐν
829 3904 1152 3974 Ἀκκαρειμ.
1206 3901 1398 3956 Ἰστέοὺ
1439 3903 1515 3963 δὲ.
1546 3903 1626 3955 ὅτι
1683 3903 1781 3974 τὴν
1810 3903 2018 3957 τοιάνδε

2126 3897 2254 3950 facti
2301 3906 2426 3951 sunt
2476 3897 2528 3951 in
2582 3898 2852 3952 Accarim.
2915 3895 3206 3952 Sciendum
3251 3903 3335 3949 est
3395 3893 3703 3962 hujusmodi

442 3992 606 4058 λέξιν,
653 3995 772 4063 ἦτοι
803 3993 865 4047 τὸ
895 4012 913 4044 ι
943 3994 1000 4048 ὲν
1031 3994 1356 4065 Ἀκκαρεὶμ,
1378 4012 1396 4045 ι
1436 3995 1536 4046 οὐκ
1569 3989 1710 4046 οἶδεν
1741 3993 1877 4056 ὅλως
1913 3994 2020 4048 τῶν

2126 4003 2332 4050 vocem,
2371 4006 2390 4039 ‹
2433 3989 2488 4042 in
2539 3989 2811 4054 Accarim,
2881 4007 2900 4040 ι
2941 3989 3008 4042 ab
3069 3987 3415 4043 Hebraeorum
3468 3985 3705 4040 editione

455 4084 718 4155 Ἐϐραίων
743 4085 777 4153 ἡ
804 4083 1033 4147 έκδοσις.
1059 4084 1235 4138 Μόνον
1258 4084 1368 4156 γὰρ
1408 4085 1665 4156 εἰρήκασι
1697 4086 1779 4149 τὸ,
1827 4104 1846 4136 ι
1869 4086 2019 4154 λόγοι

2126 4095 2350 4152 prorsus
2375 4081 2585 4148 abesse,
2628 4082 2679 4134 in
2702 4097 2805 4149 qua
2823 4090 3031 4136 tantum
3061 4088 3144 4134 est
3184 4080 3268 4133 his
3305 4076 3503 4142 verbis,
3531 4095 3550 4128 ι
3583 4091 3702 4130 ser-

455 4175 634 4246 Ἀμὼς
659 4176 724 4228 ὲκ
748 4174 971 4229 Θεκουέ.
997 4195 1016 4227 ι
1040 4175 1105 4228 Oi.’
1119 4192 1182 4244 γε
1211 4174 1318 4246 μὴν
1347 4175 1522 4246 ἕτεροι
1563 4176 1669 4228 τῶν
1693 4177 2020 4247 ὲρμηνευόν-

2127 4188 2314 4229 mones
2343 4174 2508 4228 Amos
2550 4188 2617 4227 ex
2657 4172 2897 4228 'l‘hecue.
2926 4191 2945 4224 ι
2981 4171 3433 4240 Aliiinterpretes
3457 4184 3606 4236 pro,¢
3650 4169 3701 4221 in

440 4283 549 4321 των
595 4267 716 4320 ἀντὶ
762 4266 871 4321 τῶν
903 4286 920 4319 ι
941 4269 999 4320 ὲν
1038 4268 1346 4338 Ἀκκαρεὶμ
1369 4287 1386 4320 ι
1420 4268 1726 4322 τεθείκασιν
1748 4309 1763 4333 ,
1794 4270 1864 4322 ἐν
1894 4269 2017 4335 τοῖς

2125 4266 2396 4331 Accarim,
2435 4284 2455 4318 ι
2517 4276 2832 4336 posuerunt,
2891 4266 2950 4318 ὲν
3001 4260 3460 4334 κτηνοτροφείοις,
3510 4261 3561 4313 id
3596 4270 3700 4321 est,

441 4355 1103 4428 κτηνοτροφείοις.οὖτοι
1118 4358 1295 4412 τοίνυν
1307 4362 1353 4412 οἱ
1365 4359 1510 4426 λόγοι
1526 4359 1582 4414 Ἀ
1593 4357 1708 4430 μὼς
1722 4361 1785 4412 ἐκ
1794 4359 2016 4425 Θεκουὲ,
2051 4420 2073 4430 _

2071 4421 2088 4430 λ
2127 4357 2261 4413 locis
2318 4358 2410 4412 ubi
2461 4366 2704 4411 armenta
2755 4371 2848 4410 seu
2896 4355 3146 4422 jumenta
3200 4360 3516 4421 pascuntur.
3563 4347 3703 4404 Sunt

441 4449 660 4512 οἵτινες
685 4449 974 4518 γεγόνασιν
1007 4453 1065 4502 ὲν
1098 4449 1277 4522 καιρῷ
1306 4448 1401 4503 τοῦ
1433 4451 1767 4521 ποιμαίνειν,
1805 4451 1899 4503 ἐπὶ
1923 4452 2019 4504 καὶ
2051 4420 2073 4475 Ῑ

2069 4421 2095 4475 )
2123 4449 2291 4519 igitur
2311 4450 2364 4504 hi
2392 4463 2673 4503 sermones
2711 4448 2878 4502 Amos
2911 4462 2978 4501 ex
3007 4447 3242 4511 Thecue,
3277 4459 3371 4498 seu
3416 4441 3701 4496 Thecuen-

439 4541 630 4605 αὐταῖς
653 4541 761 4596 τῶν
809 4541 1100 4612 προὸάτων
1141 4542 1350 4604 αὐλαῖς.
1395 4542 1566 4613 ’Υπὲρ
1612 4541 1669 4594 δὲ
1710 4542 1879 4613 αὐτῆς
1920 4543 2019 4614 τῆς

2117 4541 2218 4606 sis,
2241 4542 2331 4611 qui
2361 4541 2488 4594 facti
2521 4550 2668 4604 sunt,
2688 4555 2795 4609 quo
2821 4550 3061 4606 tempore
3081 4538 3255 4592 adhuc
3279 4547 3548 4604 pastorem
3580 4548 3701 4603 age-

450 4634 809 4707 Ἰερουσαλὴμ
826 4636 927 4688 οὐκ
958 4633 1188 4688 ἀκοῦσαι
1221 4635 1403 4704 μόνον,
1428 4634 1542 4689 ἀλλ’
1561 4635 1864 4706 ἑωρακέναι
1886 4637 2018 4706 φησὶ

2115 4634 2228 4700 bat,
2261 4642 2315 4687 et
2345 4633 2401 4687 in
2438 4633 2570 4701 ipsis
2614 4633 2797 4685 ovium
2833 4631 3060 4685 stabulis
3105 4630 3218 4682 sive
3274 4627 3464 4696 septis.
3525 4625 3699 4694 Super

437 4727 564 4790 τοὺς
583 4727 792 4795 λόγους.
820 4727 1065 4798 Ἐμφανῆ
1087 4727 1196 4799 γὰρ
1217 4729 1326 4790 τοῖς
1352 4728 1661 4798 προφήταις
1682 4727 2018 4798 κατέστησεν

2118 4727 2235 4795 ipsa
2271 4735 2452 4778 autem
2481 4722 2783 4778 Jerusalem
2813 4739 2917 4777 non
2977 4721 3192 4775 audisse
3225 4731 3430 4774 tantum
3486 4732 3697 4772 sermo-

437 4822 467 4873 ὁ
495 4820 628 4883 Θεὸς
661 4818 794 4890 ὁμοῦ
832 4821 950 4882 ταῖς
997 4818 1373 4889 ἀποκαλύψεσι
1431 4819 1713 4888 μονονουχὶ
1755 4819 1850 4871 καὶ
1877 4818 2016 4872 αὐτὰ

2116 4833 2233 4884 nes,
2258 4818 2352 4871 sed
2374 4814 2539 4887 248
2558 4813 2830 4869 etvidisse
2857 4829 2915 4868 se
2947 4814 3095 4866 dicit.
3153 4812 3292 4866 Deus
3343 4811 3540 4880 quippe
3571 4822 3695 4877 pro-

437 4912 681 4984 παρόντα
703 4910 773 4964 τὰ
800 4911 1120 4982 πράγματα,
1152 4909 1291 4962 ὥστε
1324 4910 1498 4963 δοκεῖν
1531 4910 1624 4962 καὶ
1654 4912 1784 4981 όρᾷν
1800 4909 1866 4962 αὐ
1888 4910 2014 4972 τοὺς

2127 4909 2302 4979 phetis
2331 4925 2434 4962 una
2478 4924 2600 4964 cum
2647 4907 3067 4962 revelationibus
3118 4921 3205 4960 res
3255 4904 3594 4966 :nanifeStas,
3644 4909 3699 4954 et

437 5000 534 5072 ήδη
566 5001 694 5071 πρὶν
715 5001 968 5068 γενέσθαι
998 5000 1124 5063 τοὺς
1141 4999 1351 5067 λόγους,
1379 4997 1706 5069 συνθεούσης
1743 4998 1884 5068 τάχα
1908 5015 2010 5051 που

2121 5010 2328 5054 tantum
2355 5015 2459 5054 non
2495 5009 2788 5070 praesentes
2811 4997 2960 5064 facit,
2993 5008 3050 5051 ut
3073 4999 3258 5051 videre
3284 4996 3385 5050 sibi
3414 4995 3697 5047 videantur

435 5092 536 5162 τῆς
565 5091 676 5146 τῶν
713 5092 1098 5163 ὲκὸησομένων
1126 5091 1275 5155 θέας,
1309 5091 1390 5155 οἷς
1421 5090 1487 5144 ἃν
1520 5090 1652 5162 λέγῃ
1685 5089 1838 5153 Θεός.
1866 5090 2012 5162 Πλὴν

2119 5106 2418 5156 sermones,
2477 5101 2765 5160 antequam
2821 5090 2971 5153 ﬁant,
3027 5097 3386 5144 concurrente
3450 5083 3695 5138 fortassis

437 5183 614 5237 ἐκεῖνο
642 5183 921 5253 ζητήσεως
953 5183 1122 5248 ἄξιον,
1155 5183 1270 5247 πῶς
1293 5183 1401 5254 γὰρ
1423 5181 1487 5236 ἄν
1512 5199 1596 5245 τις
1624 5181 1828 5253 οἰηθείη
1855 5183 2009 5250 γενέ-

2119 5192 2407 5237 eventuum
2447 5182 2751 5236 futurorum
2780 5182 2894 5233 visu
2937 5196 3058 5234 cum
3100 5181 3186 5234 his
3220 5193 3338 5247 qua:
3374 5175 3514 5229 Deus
3539 5173 3693 5226 dixe-

439 5279 562 5328 σθαι
593 5276 718 5338 τοὺς
749 5275 940 5343 λόγους
969 5277 1110 5346 ὑπέρ
1144 5293 1208 5344 γε
1258 5276 1359 5345 τῆς
1407 5274 1759 5347 Ἰερουσαλὴμ
1811 5276 1969 5345 μόνον
1994 5314 2008 5338 ,

2118 5275 2212 5330 rit.
2240 5274 2505 5330 Caeterum
2530 5274 2661 5329 illud
2684 5275 2981 5344 quaestione
2995 5275 3234 5343 dignum,
3261 5266 3530 5338 quomodo
3581 5266 3695 5318 exi-

437 5366 615 5422 καίτοι
651 5367 739 5422 διὰ
767 5368 865 5438 τῆς
897 5366 1061 5421 αὐτοῦ
1093 5367 1184 5420 τοῦ
1221 5368 1497 5438 προφήτου
1517 5367 1703 5438 φωνῆς
1725 5369 2009 5420 καταιτιᾶ-

2118 5368 2445 5423 stitnandum
2479 5367 2652 5422 factos
2710 5381 2834 5420 esse
2862 5379 3138 5420 sermones
3171 5376 3331 5431 super
3398 5356 3691 5412 Jerusalem

434 5476 526 5514 ται
555 5459 687 5523 Θεὸς
719 5460 811 5514 τόν
834 5476 895 5512 τε
938 5459 1138 5513 Ἰούδαν
1164 5461 1256 5513 καὶ
1283 5458 1374 5512 τὸν
1430 5459 1678 5530 Ἰσραήλ;
1735 5458 1879 5531 Ἐφη
1900 5460 2008 5530 γὰρ

2121 5460 2316 5524 solum,
2347 5475 2470 5513 cum
2504 5471 2684 5515 tamen
2705 5475 2839 5514 voce
2873 5457 3042 5526 ipsius
3088 5454 3362 5526 prophetae
3403 5449 3594 5504 ludam
3639 5456 3694 5500 et

438 5551 632 5616 πάλιν,
683 5553 764 5606 ὅτι
814 5569 834 5603 ι
873 5550 1012 5605 Τάδε
1044 5551 1193 5619 λέγει
1250 5550 1473 5622 Κύριοςο
1514 5552 1636 5605 Ἐπὶ
1664 5554 1784 5615 ταῖς
1831 5553 2010 5622 τρισὶν

2121 5550 2281 5609 Israel
2354 5553 2495 5610 Deus
2545 5553 2798 5610 accuset?
2857 5552 2946 5606 Ait
2979 5550 3122 5606 enim
3161 5547 3297 5605 infra
3323 5544 3491 5612 :Quia
3528 5560 3545 5595 ι
3581 5542 3693 5596 haec

496 5730 547 5768 ’τ’
580 5731 741 5787 Amos
769 5747 862 5798 vn,
907 5732 958 5787 9.
1065 5734 1110 5764 ⁹²
1145 5732 1276 5787 lhid.
1313 5731 1491 5787 lO-lS.
1569 5733 1617 5764 ⁸³
1669 5732 1729 5786 ΙΙΙ
1765 5732 1891 5809 Ιιυε.
1926 5749 2024 5800 xu,
2063 5732 2152 5795 29.
