4132 6370
512 329 612 385 HI

1499 338 1559 393 S.
1597 339 1876 397 CYRILLI
1917 343 2384 400 ALEXANDRINI
2426 347 2750 404 ARCIIIEP.

3679 359 3788 414 M2

509 443 642 500 dicit
672 441 931 502 Dominus
960 450 976 501 ξ
1004 447 1180 518 Super
1198 449 1369 506 tribus
1393 452 1688 509 sceleribus
1721 455 1953 511 ﬁliorum
2005 457 2068 513 Ju

2202 459 2474 524 ἀσεϐείαις
2501 463 2632 516 υίῶν
2689 465 2879 528 Ἰούδα,
2912 467 3004 519 καὶ
3060 468 3150 520 ἐπὶ
3207 470 3327 530 ταῖς
3368 467 3661 537 τέσσαρσιν
3685 471 3786 525 οὐκ

507 535 601 599 da,
651 545 704 590 et
753 553 915 606 super
972 548 1205 609 quatuor
1254 557 1360 596 non
1417 557 1730 601 convertam
1781 564 1876 603 eos
1919 549 1965 582 ”
1995 592 2009 616 ,
2064 570 2084 603 ι

507 635 616 680 etc.
688 625 892 684 Deinde
933 646 1144 685 rursmn
1204 649 1219 687 :
1287 652 1306 686 ι
1362 634 1486 689 Ιῐειιο
1562 638 1693 691 dicit
1774 638 2086 694 Dominus:

507 713 679 784 Super
739 719 911 774 tribus
976 722 1274 778 sceleribus
1329 725 1493 780 Israel
1522 727 1660 796 ⁹⁵·,ι
1720 742 1774 785 et
1823 747 1940 799 qua:
2005 747 2091 787 se-

505 821 743 875 quuntur
773 827 788 863 :
820 821 874 865 et
913 814 1196 869 recensitis
1217 817 1482 873 scelerum
1542 822 1846 890 generibus,
1883 825 2089 879 atrocia

505 902 896 968 comminatur,
929 912 983 958 et
1037 907 1226 961 ambos
1280 925 1440 976 quam
1496 913 1793 978 saepissime
1817 915 2086 984 obiurgat.

502 989 620 1045 Jam
657 993 821 1060 igitur
844 1011 953 1063 quo
981 1007 1137 1066 pacto
1172 1016 1332 1068 super
1354 1001 1652 1057 Jerusalem
1712 1008 2087 1062 tantummodo

501 1096 781 1136 sermones
813 1084 936 1139 facti
961 1103 1083 1142 esse
1111 1091 1334 1161 intelligi
1361 1105 1606 1161 possunt,
1658 1110 1778 1148 cum
1829 1096 1968 1150 Deus
2001 1099 2082 1151 di-

501 1183 610 1237 cat,
639 1192 657 1225 ‹
719 1174 926 1230 Mittam
971 1179 1146 1248 ignem
1201 1198 1363 1251 super
1411 1183 1603 1238 Judam
1638 1187 1706 1252 ’⁸,
1735 1206 1753 1237 ι
1795 1199 1900 1245 etc.
1929 1187 2087 1243 Nunc

495 1281 600 1334 qua
631 1268 841 1322 ratione
886 1275 1314 1338 respondendum
1371 1276 1440 1329 sit
1483 1279 1911 1335 consideremus.
1941 1282 2084 1336 Dici-

495 1371 614 1410 mus
643 1374 932 1414 consuesse
963 1370 1178 1416 sanctos
1204 1367 1496 1433 prOpItetas
1541 1369 1828 1439 aliquando
1865 1373 2079 1440 quidem

493 1450 750 1503 distincte
775 1452 906 1504 duas
933 1454 1106 1506 tribus
1142 1455 1558 1527 Hierosolymis,
1583 1461 1773 1515 .Iudam
1809 1476 1863 1518 ct
1886 1463 2082 1535 Benja-

494 1538 628 1599 min,
667 1539 828 1593 Israel
872 1558 1067 1596 vocare
1093 1561 1106 1607 ;
1135 1561 1323 1600 rursus
1347 1549 1638 1619 aliquando
1668 1553 1852 1608 decem
1883 1557 2078 1623 tribus,

489 1631 685 1696 quaein
718 1631 986 1696 Samaria,
1020 1636 1178 1690 aliter
1218 1639 1400 1703 Israel,
1433 1643 1548 1695 sive
1595 1643 1848 1713 prraim
1897 1650 2077 1702 nomi-

490 1735 642 1782 nare,
663 1719 1098 1791 frequentissime
1127 1730 1272 1780 enim
1306 1730 1664 1787 confundunt.
1725 1735 1791 1789 Et
1825 1739 2076 1806 quoniam

485 1828 678 1866 omnes
733 1818 1000 1884 sanguine
1045 1819 1258 1875 Israelis
1283 1824 1497 1878 oriundi
1522 1836 1668 1894 sunt,
1702 1829 1806 1883 hoc
1863 1832 2071 1886 nomine

2188 1831 2298 1882 Καὶ
2327 1832 2558 1901 ἐπείπερ
2588 1833 2725 1884 εἰσὶν
2756 1834 2806 1884 οἱ
2865 1832 3064 1895 πάντες
3122 1831 3181 1897 ἐξ

487 1892 612 1960 item
647 1904 927 1959 duodecim
963 1909 1133 1966 tribus
1158 1914 1448 1982 appellant.
1479 1892 1711 1984 Quodsi
1760 1921 1899 1977 forte
1920 1925 2084 1981 velint

485 2005 652 2048 totam
687 1996 838 2051 nobis
894 1999 1204 2056 Jndazorum
1273 2008 1678 2066 multitudinem
1740 2015 2078 2083 signiﬁcare,

486 2102 591 2139 non
617 2086 733 2156 jam
766 2091 996 2158 amplius
1031 2093 1288 2152 distincte
1353 2091 1571 2157 Isi'aelis
1621 2107 1944 2161 vocabulum
1982 2126 2080 2178 po-

487 2191 636 2234 nunt.
679 2181 826 2236 Facti
868 2193 996 2239 sunt
1053 2186 1218 2253 igitur
1267 2203 1550 2248 sermones
1593 2195 1759 2251 Amos
1802 2201 2080 2268 prophetae

479 2290 644 2343 super
674 2277 818 2330 omni
847 2278 1184 2334 multitudine
1216 2279 1514 2348 Judae,tnm
1573 2302 1692 2356 qum
1773 2289 2080 2361 Hierosoly-

483 2362 583 2414 mis
605 2373 773 2428 esset,
809 2373 917 2418 ttnn
957 2382 1076 2436 quae.
1098 2368 1150 2422 in
1188 2369 1458 2428 Samaria.
1493 2373 1611 2429 Jam
1663 2381 1937 2447 quomodo
1969 2383 2077 2437 sint

476 2469 642 2520 super
667 2455 796 2522 ipsis
819 2457 1103 2512 dicendum
1135 2471 1237 2516 est.
1286 2464 1490 2534 Duplex
1523 2483 1839 2536 responsum
1879 2491 2074 2543 suppe-

481 2542 638 2595 ditat.
681 2545 918 2600 Primum
942 2548 1085 2600 enim
1123 2550 1425 2608 introduxit
1468 2557 1844 2613 universorum
1907 2542 2069 2618 Deum

473 2630 782 2689 Judaeorum
842 2637 1141 2710 Syuagogze
1205 2655 1422 2710 peccata
1507 2664 2071 2732 commemorantem;

475 2738 616 2794 post,
653 2738 913 2783 eventura
935 2730 1067 2798 ipsis
1127 2740 1600 2806 prmnuntiantcm,
1659 2743 1938 2812 etadjecit
1989 2730 2072 2803 bis

473 2819 610 2871 bona
639 2834 704 2872 ex
739 2820 1070 2892 benignitate
1112 2840 1230 2892 sua,
1265 2838 1320 2882 et
1350 2828 1486 2893 Iore,
1523 2841 1578 2884 ut
1621 2833 1928 2904 largissime
1983 2854 2071 2892 vc-

473 2909 619 2961 niam
655 2923 1083 2980 consequantur,
1107 2925 1162 2968 et
1206 2919 1288 2970 ad'
1327 2921 1614 2987 pristinum
1670 2936 1869 2981 statum
1912 2945 2068 2984 renn-

473 3008 686 3051 ventur.
716 3001 856 3056 Dicit
884 3006 1028 3059 enim
1058 3023 1248 3064 rursus
1279 3011 1416 3064 idem
1437 3015 1624 3078 Amos,
1656 3027 1796 3072 utex
1833 3036 2064 3090 persona

474 3087 565 3141 Dei
603 3105 614 3139 :
653 3109 670 3140 ι
705 3092 1088 3150 Verumtamen
1120 3115 1224 3152 non
1272 3101 1323 3153 in
1351 3103 1508 3157 linem
1533 3119 1811 3162 conteram
1840 3113 2058 3168 domum

467 3176 656 3244 .Iacob,
693 3182 768 3235 ait
801 3183 1081 3242 Dominus.
1117 3189 1252 3253 Quia
1278 3207 1405 3246 ecce
1442 3209 1542 3263 ego
1578 3200 1793 3263 mando,
1845 3212 1896 3254 et
1936 3219 2063 3257 con—

468 3281 640 3324 teram
709 3275 760 3328 in
811 3279 1062 3334 omnibus
1116 3282 1366 3348 gentibus
1421 3287 1640 3341 domum
1695 3290 1878 3356 Israel,
1919 3297 2061 3350 sicut

468 3363 774 3417 concutitur
806 3366 1041 3420 triticum
1081 3371 1132 3423 in
1161 3374 1364 3436 cribro,
1396 3386 1448 3428 et
1488 3393 1592 3432 non
1643 3383 1798 3436 cadet
1833 3401 2056 3453 granum

465 3467 631 3520 super
689 3465 886 3510 terram
931 3460 997 3513 ’⁸.
1062 3481 1079 3512 ι
1129 3461 1460 3520 Prtenuntiat
1517 3482 1695 3526 autem
1749 3480 2056 3536 necessario

463 3546 625 3597 etiam
686 3547 918 3603 futuram
980 3554 1404 3624 redemptionem
1488 3577 1585 3629 per
1641 3566 1939 3636 Christum,
2005 3582 2060 3627 et

461 3638 792 3694 transituros
817 3644 881 3695 ad
910 3648 1330 3714 renovationem,
1357 3651 1521 3723 249
1553 3653 1886 3729 Dominoque
1948 3665 2047 3716 nti-

462 3737 699 3794 serante,
731 3731 1202 3802 vitamjucundam
1238 3741 1492 3798 victuros.
1530 3745 1619 3799 Ait
1665 3750 1807 3804 enim
1840 3767 2052 3807 rursum

461 3819 583 3875 sic:
647 3841 666 3872 ‹
724 3822 780 3877 1η
835 3825 922 3881 die
963 3829 1048 3884 illa
1140 3835 1416 3890 suscitabo
1467 3837 1874 3898 tabernaculum
1947 3845 2053 3900 Da-

466 3912 553 3965 vid
586 3914 653 3979 ’7,
695 3934 714 3965 ι
757 3925 863 3971 etc.

530 4181 636 4236 Sed
674 4198 974 4240 sermones
1025 4203 1190 4260 super
1217 4189 1519 4248 Jerusalem
1543 4197 1706 4251 etiam
1757 4199 1864 4254 alio
1891 4201 2050 4256 modo

457 4273 678 4342 intelligi
707 4287 852 4332 recte
876 4290 1121 4347 possunt.
1151 4282 1321 4353 Syriae
1349 4287 1491 4340 enim
1546 4297 1599 4342 et
1653 4289 1900 4346 Damasci
1961 4308 2048 4347 re-

456 4379 570 4433 ges.
601 4379 654 4419 et
683 4367 1036 4424 Iinitimarum
1091 4375 1327 4442 gentium
1372 4393 1476 4429 non
1509 4394 1690 4447 pauca:
1723 4379 2035 4438 Judaeorum

2194 554 2691 624 ἀποστραφήσομαι
2747 557 2965 621 αὐτούς,
2997 579 3014 610 ι
3051 561 3144 613 καὶ
3210 558 3388 630 Ἑξῆς.
3420 556 3551 613 Εἶτα
3579 561 3787 627 τούτοις

2194 642 2412 712 ὲφεξῆςο
2426 663 2444 694 ι
2470 644 2604 697 Τάδε
2622 645 2772 713 λέγει
2795 648 3017 719 Κύριος,
3048 650 3300 712 Ἐπὶταῖς
3316 651 3492 722 τρισὶν
3509 651 3784 714 ἀσεϐείαις

2206 731 2451 804 Ἰσραήλ,
2477 752 2495 783 ι
2524 735 2617 786 καὶ
2636 733 2780 805 ἑξῆς.
2814 736 3275 808 Προσεπενεγκὼν
3298 737 3355 790 δὲ
3383 738 3480 806 τῆς
3509 739 3785 809 ἁμαρτίας

2196 825 2322 886 τοὺς
2355 826 2612 896 τρόπους,
2647 828 2983 899 ἐπηπείλησε
3008 828 3076 881 τὰ
3107 828 3275 892 δεινὰ,
3301 830 3492 892 καὶὼς
3526 831 3783 901 πλείστην

2189 916 2321 986 ὅσην
2347 917 2466 968 κατ’
2497 918 2699 987 ἀμφοῖν
2741 921 2768 972 ὁ
2816 919 2972 987 λόγος
3011 918 3159 990 αὐτῷ
3187 919 3285 988 τὴν
3311 920 3598 990 ἐπίπληξιν
3645 921 3776 992 ἔχει.

2189 1005 2313 1068 Πῶς
2363 1003 2456 1060 οὖν
2507 1008 2646 1079 ὑπὲρ
2680 1009 2780 1078 τῆς
2815 1009 3167 1081 Ἰερουσαλὴμ
3221 1012 3548 1082 γεγενῆσθαι
3593 1011 3779 1065 λοιπὸν

2187 1098 2372 1150 νοοῖντ’
2398 1098 2462 1150 ἂν
2483 1099 2532 1150 οἱ
2561 1098 2730 1166 λόγοι,
2763 1100 2937 1153 καίτοι
2984 1100 3120 1154 Θεοῦ
3174 1100 3444 1170 λέγοντος,
3491 1121 3507 1152 ι
3549 1100 3778 1165 Ἐξαπο-

2189 1189 2358 1242 στελῶ
2385 1191 2494 1260 πῦρ
2523 1193 2614 1244 ἐπὶ
2652 1192 2870 1256 Ἰούδαν,
2908 1211 2925 1244 ›
2959 1193 3145 1246 καὶτὰ
3178 1193 3323 1263 ἑξῆς.
3351 1192 3446 1257 Τίς
3489 1189 3584 1246 οὖν
3624 1193 3777 1246 ἔσται

2184 1281 2286 1350 τῆς
2309 1281 2606 1350 ἀπολογίας
2628 1285 2655 1335 ό
2679 1283 2902 1352 τρόπος,
2932 1283 3086 1353 φέρε,
3115 1281 3561 1352 διασκεψώμεθα.
3595 1283 3776 1353 Φαμὲν

2190 1367 2285 1425 οὖν
2308 1374 2389 1426 ὅτι
2425 1374 2544 1436 ἔθος
2570 1378 2680 1438 τοῖς
2705 1375 2884 1443 ἁγίοις
2916 1375 3242 1445 προφήταις,
3262 1375 3391 1427 ποτὲ
3423 1375 3522 1445 μὲν
3540 1375 3778 1428 διεσταλ-

2192 1463 2373 1534 μένως
2433 1464 2534 1528 τὰς
2588 1465 2680 1518 δύο
2719 1465 2911 1535 φυλὰς,
2955 1465 3055 1528 τάς
3099 1467 3156 1518 ὲν
3210 1467 3322 1527 τοῖς
3362 1464 3774 1535 Ἰεροσολύμοις,

2193 1553 2392 1608 Ἰούδαν
2419 1573 2476 1608 τε
2510 1557 2604 1608 καὶ
2638 1556 2912 1627 Βενιαμὶν,
2955 1555 3169 1628 Ἰσραὴλ
3199 1554 3512 1620 ἀποκαλεῖν,
3563 1555 3692 1607 ποτὲ
3719 1555 3775 1608 δὲ

2181 1642 2249 1700 αὖ
2295 1648 2392 1710 τὰς
2419 1649 2475 1700 ἐν
2503 1650 2568 1718 τῇ
2607 1648 2887 1718 Σαμαρείᾳ
2920 1647 3052 1700 δέκα
3081 1647 3273 1716 φυλὰς,
3314 1648 3514 1718 ἑτέρως
3559 1648 3774 1718 Ἰσραὴλ

2185 1737 2496 1808 ὀνομάζειν,
2517 1741 2682 1811 ἤγουν
2713 1741 2970 1811 Ἐςρραῒμ,
2993 1740 3342 1811 ἀδιαφοροῦσι
3359 1739 3416 1792 δὲ
3434 1739 3769 1802 πλειστάκις.

3236 1831 3465 1902 αἵματος
3522 1830 3735 1902 Ἰσραὴλ
3755 1870 3770 1891 ,

2183 1919 2354 1984 οὕτως
2380 1923 2702 1993 ὀνομάζουσι
2725 1922 2828 1986 τὰς
2851 1923 2961 1988 δύο,
3000 1924 3093 1976 καὶ
3121 1924 3251 1976 δέκα
3281 1922 3472 1991 φυλάς.
3515 1922 3578 1976 Ei
3607 1923 3664 1975 δὲ
3706 1923 3770 1993 δὴ

2185 2012 2461 2083 βούλοιντο
2492 2015 2586 2067 καὶ
2614 2015 2833 2068 ἅπασαν
2881 2018 3012 2086 ἡμῖν
3070 2015 3456 2086 κατασημῆναι
3489 2015 3648 2084 τυχὸν
3671 2015 3771 2084 τὴν

2181 2104 2291 2157 τῶν
2344 2106 2616 2158 Ἰουδαίων
2642 2108 2990 2177 Συναγωγὴν,
3045 2107 3227 2159 οὐκέτι
3258 2107 3655 2176 διεσταλμένως
3692 2105 3770 2175 τῷ

2141 2201 2144 2204 ’
2180 2195 2272 2248 τοῦ
2323 2197 2538 2267 Ἰσραὴλ
2571 2197 2792 2266 ὀνόματι
2822 2200 3194 2268 κεχρημένους
3243 2198 3567 2268 εὑρήσομεν.
3599 2198 3769 2266 Γεγό-

2180 2302 2299 2339 νασι
2333 2287 2397 2358 δὴ
2425 2283 2517 2340 οὖν
2551 2288 2650 2356 τῆς
2680 2288 2772 2340 τοῦ
2799 2288 2978 2359 Ἀμὼς
3007 2289 3343 2360 προφητείας
3366 2291 3414 2342 οἱ
3440 2289 3589 2359 λόγοι
3625 2289 3767 2360 ὑπὲρ

2179 2379 2360 2449 πάσης
2388 2381 2487 2450 τῆς
2516 2381 2775 2444 Ἰουδαίας
2799 2381 3053 2451 πληθύος,
3073 2382 3172 2452 τῆς
3193 2399 3248 2434 τε
3270 2384 3325 2435 ὲν
3353 2381 3763 2453 Ἰεροσολύμοις,

2176 2472 2271 2524 καὶ
2304 2471 2402 2541 τῆς
2427 2473 2484 2525 ὲν
2504 2473 2803 2543 Σαμαρείᾳ.
2839 2474 2962 2536 Πῶς
3015 2475 3062 2526 δ’
3094 2473 3156 2526 ἂν
3206 2471 3314 2528 εἶεν
3360 2475 3499 2547 ὑπὲρ
3547 2475 3726 2528 αὐτῶν
3748 2517 3760 2535 ,

2175 2565 2352 2615 εἰπεῖν
2382 2564 2701 2630 ἀναγκαῖον.
2738 2566 2894 2618 Ἔστι
2920 2565 3099 2618 τοίνυν
3140 2567 3314 2629 διττὸς
3343 2568 3473 2637 ἡμῖν
3505 2567 3603 2636 τῆς
3631 2568 3766 2620 ἀπο-

2179 2653 2367 2722 λογίας
2406 2656 2432 2706 ό
2457 2656 2675 2723 τρόπος.
2708 2656 2929 2726 Πρῶτον
2965 2659 3060 2726 μὲν
3107 2656 3213 2725 γὰρ
3272 2657 3620 2727 είσκεκόμικε
3671 2675 3763 2710 τον

2171 2742 2280 2795 τῶν
2309 2743 2444 2796 ὅλων
2481 2743 2612 2796 Θεὸν
2638 2746 2736 2814 τῆς
2771 2745 2878 2797 τῶν
2911 2745 3179 2798 Ἰουδαίων
3215 2747 3547 2816 Συναγωγῆς
3577 2747 3760 2817 ἁμαρ-

2169 2833 2289 2896 τίας
2333 2835 2748 2904 ἀφηγούμενον,
2815 2830 2934 2887 εἶτα
2993 2834 3060 2887 τὰ
3123 2834 3356 2903 ἐσόμενα
3416 2833 3534 2886 κατ’
3595 2834 3760 2887 αὑτοῦ

2171 2923 2686 2994 προαπηγγελκότα,
2715 2923 3024 2994 προσετίθει
3057 2926 3113 2978 δὲ
3145 2924 3353 2988 τούτοις
3373 2925 3439 2978 τὰ
3461 2926 3520 2992 ἐξ
3554 2927 3758 2996 ἡμερό-

2168 3033 2334 3086 τητος
2365 3015 2567 3082 ἀγαθὰ,
2605 3017 2698 3068 καὶ
2721 3017 2802 3069 ὅτι
2833 3017 2976 3069 κατά
3013 3018 3203 3088 καιρὸν
3232 3017 3457 3087 πλείστη
3489 3035 3572 3080 τις
3598 3020 3757 3087 γενὴι

2169 3124 2322 3159 σεται
2384 3107 2565 3161 αὐτῶν
2613 3107 2801 3176 φειδὼ,
2846 3110 2939 3162 καὶ
2987 3109 3378 3179 ἁνακαινισμὸς
3434 3110 3515 3172 εἰς
3554 3109 3616 3161 τὸ
3657 3110 3754 3161 ἀπ’

2166 3199 2363 3269 ἀρχῆς.
2389 3200 2534 3269 Ἔφη
2558 3199 2665 3269 γὰρ
2687 3200 2846 3253 πάλιν
2875 3201 3036 3264 αὐτὸς
3059 3203 3087 3254 ὁ
3122 3201 3322 3271 Ἀμὼς,
3349 3201 3426 3264 ὡς
3448 3203 3512 3254 ἐκ
3543 3199 3758 3271 προσώ-

2164 3306 2266 3341 που
2293 3290 2386 3342 τοῦ
2416 3291 2550 3344 Θεοῦ
2581 3309 2593 3322 ο
2633 3311 2650 3343 ι
2690 3291 2838 3364 Πλὴν
2869 3293 2951 3345 ὃτι
2983 3293 3082 3345 οὐκ
3135 3294 3213 3354 εἰς
3261 3293 3411 3356 τέλος
3451 3292 3628 3364 ἐξαρῶ
3662 3293 3754 3345 τὸν

2160 3375 2308 3433 οἷκον
2355 3381 2572 3446 Ἰακὼϐ,
2608 3383 2755 3452 λέγει
2794 3383 3015 3454 Κύριος.
3065 3384 3208 3437 Διότι
3267 3385 3373 3437 ίδοὺ
3411 3384 3522 3452 ἐγὼ
3573 3385 3753 3437 ἐντέλ-

2161 3471 2349 3540 λομαι,
2382 3475 2477 3525 καὶ
2502 3475 2704 3545 λικμιῶ
2734 3477 2792 3528 ἐν
2821 3477 2954 3528 πᾶσι
2983 3478 3094 3538 τοῖς
3123 3474 3300 3528 ἔθνεσι
3343 3476 3432 3528 τὸν
3483 3470 3629 3528 οἷκον
3654 3476 3749 3528 τοῦ

2173 3563 2410 3635 Ἰσραὴλ,
2438 3565 2496 3617 ὃν
2527 3568 2725 3636 τρόπον
2751 3567 3009 3636 λικμᾶται
3029 3569 3086 3620 ἐν
3113 3566 3188 3636 τῷ
3220 3566 3418 3638 λικμῷ,
3457 3567 3552 3620 καὶ
3579 3568 3638 3620 οὺ
3672 3569 3748 3638 μὴ

2159 3655 2301 3727 πέσῃ
2333 3657 2764 3729 σύντριμμαὲπὶ
2806 3659 2904 3730 τὴν
2951 3659 3078 3728 γῆν.
3125 3679 3142 3710 ι
3187 3659 3643 3730 Προκαταμηνύει
3691 3661 3748 3711 δὲ

2156 3749 2474 3816 ἀναγκαίως
2498 3753 2589 3804 καὶ
2623 3751 2720 3822 τὴν
2753 3751 3023 3822 ἐσομένην
3054 3751 3324 3821 λύτρωσιν
3350 3752 3436 3805 διὰ
3464 3753 3702 3824 Χριστοῦ
3727 3794 3741 3815 ,

2155 3840 2250 3893 καὶ
2289 3841 2370 3893 ὅτι
2440 3845 2820 3913 μεταχωρήσει
2885 3842 3022 3912 πρὸς
3081 3844 3494 3913 άνακαινισμὸν,
3543 3844 3638 3897 καὶ
3685 3845 3746 3896 ὲν

2154 3933 2420 4005 εὐπαθείᾳ
2442 3934 2656 3988 ἔσονται
2682 3937 3153 4007 κατοικτείροντος
3174 3935 3329 3990 Θεοῦ.
3359 3938 3502 4008 Ἔφη
3523 3937 3582 3990 δὲ
3601 3935 3744 3991 οὕτω

2156 4026 2342 4078 πάλινο
2392 4046 2410 4076 ‹
2445 4028 2532 4080 Ἐν
2562 4029 2627 4098 τῇ
2664 4028 2846 4100 ἡμέρᾳ
2879 4029 3061 4102 ἐκείνῃ
3090 4031 3380 4100 ἀναστήσω
3405 4032 3504 4101 τὴν
3539 4029 3743 4103 σκηνὴν

2154 4117 2340 4180 Δα6“ιδ,
2381 4137 2398 4168 ι
2431 4119 2526 4172 καὶ
2553 4119 2625 4172 τὰ
2656 4119 2804 4190 ἑξῆς.

2223 4209 2431 4263 Οὐκοῦν
2465 4211 2605 4282 ὑπὲρ
2658 4211 2757 4280 τῆς
2794 4212 3151 4283 Ἰερουσαλὴμ
3199 4214 3248 4265 οἱ
3287 4213 3431 4281 λόγοι
3483 4214 3577 4268 καὶ
3617 4215 3740 4268 καθ’

2149 4302 2336 4373 ἕτερον
2365 4303 2503 4374 ὑπὲρ
2527 4304 2698 4374 αὐτῆς
2727 4307 2918 4358 νοοῖντ⁹
2942 4305 3008 4358 ἂν
3037 4305 3283 4369 εἰκότως.
3320 4305 3486 4377 Συρία
3517 4324 3578 4360 τε
3606 4308 3734 4376 γὰρ,

2150 4396 2244 4448 καὶ
2273 4395 2321 4446 οἱ
2347 4394 2642 4464 Δαμασκοῦ
2684 4395 2947 4466 βασιλεῖς,
3001 4397 3097 4449 καὶ
3152 4397 3258 4450 τῶν
3303 4399 3517 4469 ὁμόρων
3570 4399 3737 4452 ἐθνῶν

456 4457 730 4525 regionem
767 4459 1282 4525 devastarunt,alias
1311 4465 1427 4519 alia;
1479 4468 1841 4537 insurgentes,
1893 4490 2044 4528 eam-

2174 4485 2250 4539 ιύκ
2277 4485 2446 4554 ὀλίγοι
2473 4487 2570 4557 τὴν
2598 4487 2704 4540 τῶν
2735 4489 3006 4542 Ἰουδαίων
3066 4489 3250 4561 χώραν
3304 4491 3730 4562 διελυμήναντο,

453 4561 558 4615 que
585 4548 852 4618 susdeqne
887 4554 1146 4608 vertendo
1194 4558 1371 4610 bostili
1433 4575 1581 4614 more
1627 4563 2034 4633 depopulantes,

2174 4579 2334 4632 ιλλοτε
2377 4579 2527 4634 ἄλλοι
2581 4581 3098 4654 κατεξανιστάμενοι
3123 4623 3136 4647 ,
3202 4585 3298 4638 καὶ
3340 4585 3734 4655 καταδηοῦντες

459 4648 512 4693 3t
540 4653 603 4692 ex
623 4639 901 4708 impotenti
922 4643 998 4697 ira
1028 4646 1080 4699 in
1113 4658 1410 4703 extremam
1447 4652 1718 4709 miseriam
1737 4658 2036 4726 conjicien—

2174 4671 2316 4741 ιύτὴν
2338 4671 2562 4740 ἄγοντές
2590 4691 2649 4725 τε
2679 4675 2773 4727 καὶ
2797 4675 3080 4746 φέροντες,
3127 4676 3222 4728 καὶ
3262 4675 3333 4729 τά
3375 4676 3434 4742 ἐξ
3461 4676 3734 4748 ἀκρατοῦς

456 4741 558 4786 tes.
592 4733 686 4787 His
722 4735 885 4804 igitur
911 4739 1163 4794 omnibus
1204 4745 1571 4802 vastatoribus
1621 4749 1737 4818 ejus
1783 4751 2042 4820 propinata

2181 4733 2580 4835 pévrsgvopyﬁig
2617 4766 2694 4829 ὡς
2742 4733 2823 4830 είς
2870 4733 3106 4838 έσχάτην
3156 4767 3352 4832 αὐτοὺς
3409 4733 3730 4822 παθιδιέσθαι

455 4825 625 4881 Deum
661 4828 1050 4884 desolationem
1107 4834 1558 4898 comminantem.
1601 4849 1656 4893 et
1713 4840 2041 4900 nefariorum

2175 4857 2538 4927 αλαιπωρίαν.
2575 4858 2801 4921 Τούτοις
2829 4858 2892 4929 δὴ
2939 4854 3032 4912 οῦν
3075 4859 3246 4912 ἅπασι
3298 4862 3413 4923 τοῖς
3454 4861 3730 4930 πεπορθη-

453 4918 720 4974 scelermn
741 4935 926 4989 pmnas
955 4939 1073 4979 sese
1099 4937 1416 4983 exacturum
1437 4934 1837 5000 promittentem
1869 4936 2043 4991 intro-

2174 4947 2291 5000 ηόσιν
2340 4918 2512 5016 αύτὴν
2561 4918 2948 5019 είσκεκόμικεν
2990 4951 3019 5002 ὁ
3074 4951 3365 5020 προφήτης
3393 4918 3728 5005 ⁷ἀπειλοῦντα

451 5011 621 5066 duxit.
643 5012 782 5082 Ergo
809 5029 969 5082 super
991 5014 1313 5085 Jerusalem,
1333 5022 1446 5077 sive
1477 5039 1642 5091 super
1663 5040 1878 5081 omnem
1902 5027 2039 5084 Juda

2174 5035 2271 5089 ιεὸν
2306 5036 2405 5108 τὴν
2433 5011 2737 5109 ἐρήμωσιν.
2785 5011 2902 5092 ’Καὶ
2947 5011 3260 5110 δίκην1ἓιρη
3313 5011 3723 5111 ’πραχθήσεσθαι

451 5119 731 5160 sermones
756 5106 922 5162 Amos
948 5107 1073 5162 facti
1101 5122 1246 5167 sunt.
1280 5112 1336 5167 Id
1379 5116 1520 5182 quod
1551 5119 1836 5187 perspicue
1871 5137 2040 5190 appa-

2174 5126 2244 5180 ὦν
2272 5106 2500 5180 ἀνοσίων
2521 5106 2750 5199 -έγχειρη
2761 5129 2948 5197 μάτων
2978 5106 3599 5200 αὐτούςίόὺκοῦνήὺπὲρ
3624 5131 3726 5200 τῆς

450 5198 610 5262 rebit,
638 5199 682 5253 si
716 5208 954 5268 tempora
979 5205 1278 5270 pr0phetiae
1319 5208 1789 5274 perpenderimus.
1839 5213 2037 5283 Sequi-

2174 5217 2522 5288 Ιερουσαλὴμ,
2566 5198 2906 5290 ἡγουνὺπὲρ
2930 5220 3112 5291 πάσης
3142 5220 3242 5291 τῆς
3273 5221 3444 5274 Ἰούδα
3477 5198 3721 5290 συναγω-

451 5298 542 5344 tur
572 5293 715 5345 enim
745 5306 760 5345 :
787 5311 805 5344 ι
853 5293 906 5346 In
936 5295 1127 5350 diebus
1157 5297 1304 5352 Ozia:
1332 5300 1470 5367 regis
1493 5297 1652 5366 Juda,
1681 5311 1735 5357 et
1764 5304 1816 5358 in
1851 5306 2037 5363 diebus

2174 5308 2238 5376 ἧς
2266 5309 2315 5360 οἱ
2340 5307 2432 5359 τοῦ
2474 5307 2656 5378 Ἀμὼς
2687 5308 2945 5377 γεγόνασι
2976 5309 3147 5379 λόγοι.
3185 5311 3457 5382 Εἰσόμεθα
3479 5311 3534 5364 δὲ
3559 5311 3718 5366 τοῦτο

448 5379 741 5437 Jeroboam
770 5384 862 5437 ﬁlii
898 5384 1026 5441 Joas
1057 5387 1196 5458 regis
1227 5387 1415 5456 Israel,
1441 5391 1649 5448 duobus
1704 5396 1860 5451 annis
1911 5408 2037 5452 ante

2174 5401 2324 5468 αφῶς
2355 5401 2478 5463 τοὺς
2519 5401 2616 5470 τῆς
2657 5404 2996 5473 προφητείας
3043 5379 3424 5474 βασανίζοντες
3468 5405 3713 5476 χρόνους.

453 5484 608 5527 ωτι-ω
627 5488 850 5530 motum.
877 5497 894 5529 ι
921 5479 1025 5534 Sed
1049 5479 1286 5547 objiciet,
1317 5483 1528 5552 Opinor,
1566 5486 1855 5556 quispiam,
1884 5488 2023 5555 Quid

2174 5495 2326 5546 Latrat
2374 5494 2481 5565 γὰρ
2540 5493 2760 5564 ἐφεξῆς,
2812 5513 2828 5543 ι
2868 5495 2958 5547 Ἐν
3011 5497 3195 5568 ἡμέρᾳ
3249 5496 3425 5560 Ὀζίου
3471 5497 3566 5550 τοῦ
3627 5497 3717 5567 βα-

448 5563 695 5628 prodcrit
721 5564 1042 5636 lectoribus,
1085 5570 1130 5624 si
1177 5570 1391 5627 curiose
1432 5583 1489 5628 et
1543 5575 1813 5645 exquisite
1849 5593 2032 5648 regum

2174 5581 2326 5647 ιλέως
2367 5563 2559 5652 Ἰούδα,
2584 5563 2703 5638 fatal
2743 5585 2799 5638 ἐν
2833 5563 3066 5658 ἡμέραι-ς
3126 5563 3408 5656 Ἰεροὸοὰμ
3445 5587 3537 5643 τοῦ
3564 5563 3717 5651 Ἰωάς

1042 5750 1107 5781 ’ν
1148 5749 1282 5806 Ibid.
1326 5755 1376 5806 6.
1455 5756 1500 5792 ⁸⁸
1543 5754 1674 5813 Ibid.
1707 5757 1757 5813 5.
1836 5761 1883 5792 ⁹⁸
1928 5760 2091 5814 Amos
2126 5775 2199 5818 Ix.
2254 5761 2306 5818 8.
2343 5761 2394 5816 9.
2471 5761 2514 5794 "
2549 5759 2681 5816 ibld-
2719 5763 2802 5818 “-

520 5741 762 5802 “Amos
817 5764 875 5812 II,
911 5749 961 5803 εί.
1042 5750 1107 5781 ”"
1148 5749 1282 5806 Ibid.
1326 5755 1376 5806 6.
1455 5756 1500 5792 ⁸⁸
1543 5754 1674 5813 Ibid.
1707 5757 1757 5813 5.
1836 5761 1883 5792 ⁹⁸
1928 5760 2071 5814 Amo:

2174 5801 2199 5824 η,
2254 5761 2306 5824 s,
2343 5761 2394 5816 9.
