4132 6370
508 343 616 400 us
1537 353 1594 407 s.
1637 353 1913 409 CYRlLLl
1951 353 2422 410 ALEXAhDRlNl
2461 342 2778 414 Ancmrfp.
3666 359 3772 416 us

509 457 652 514 [ilius
682 456 880 528 Nabat,
916 476 1223 532 quanquam
1251 465 1488 535 nomine,
1521 471 1699 524 animo
1725 483 1778 526 et
1817 472 2079 542 impietate

2195 490 2361 542 ματα,
2390 475 2482 528 καὶ
2501 475 2608 528 τῶν
2637 476 2736 529 οὐκ
2768 475 2985 529 εἰδότων
3009 476 3099 529 τὸν
3130 474 3436 546 ἀληθῆ,κα“ι
3467 474 3775 544 φύσειΘεδν

511 547 584 602 illi
612 550 826 605 similis.

2189 563 2562 638 ἀθυροστομία
2591 568 2761 639 δεινή.
2793 566 3002 622 Οὐκοῦν
3036 568 3334 638 ἠγανάκτει
3357 565 3499 618 κατά
3531 565 3638 617 τῶν
3670 565 3769 618 ἀλ·-

510 643 776 712 Λοφύλων,
801 648 896 700 καὶ
931 648 1131 719 σφόδρα
1162 649 1403 716 εἰκότως,
1436 654 1463 706 ὁ
1485 653 1661 707 πάντα
1699 655 1895 726 ἰσχύων
1928 656 2082 722 Θεὸς,
2123 657 2205 712 ὅτι
2264 661 2357 714 καὶ
2390 661 2668 729 νικῶντες,
2737 663 2811 727 ὡς
2841 662 2999 734 ἔφην,
3044 661 3133 714 τὸν
3185 658 3419 730 Ἰσραὴλ,
3468 659 3580 721 τοῖς
3620 657 3771 721 ἰδίοις

507 734 650 798 θεοῖς
675 738 912 808 ἀνῆπτον
962 741 1029 793 τά
1074 745 1427 814 χαριστήρια,
1464 747 1557 798 καί
1587 746 1878 817 ληροῦντες
1915 751 2083 821 ᾤοντο
2120 754 2216 808 καὶ
2277 755 2442 809 αὑτοῦ
2477 758 2748 828 κρατῆσαι
2791 757 2947 819 Θεοῦ,
2979 755 3261 828 προϊόντος
3302 753 3358 806 δὲ
3431 751 3524 806 τοῦ
3577 750 3771 822 καιροῦ

511 829 649 897 μετὰ
681 832 780 901 τήν
809 830 901 883 τοῦ
953 832 1158 903 Ἀχαὰδ
1214 833 1522 904 βασιλείαν,
1585 842 1678 893 καὶ
1725 843 1926 914 ἐτέρων
1962 846 2124 901 τινῶν
2192 847 2278 902 διὰ
2321 847 2510 918 μέσον,
2559 851 2654 903 καὶ
2694 849 2950 919 καθεξῆς,
2983 847 3359 902 ἀναδείκνυται
3398 845 3650 916 βασιλεὺς
3679 845 3770 898 ἐπὶ

508 922 846 1017 τὸν-Ἰσραὴλ
881 927 938 976 ἐν
959 928 1026 996 τῇ
1062 927 1345 1002 Σαμαρείᾳ
1384 932 1713 1004 Ὶεροδοὰμό
1750 939 1843 990 τοῦ
1896 940 2081 1008 ’1ωὰς,
2121 943 2310 1016 ἕτερος
2370 946 2524 1017 παρά
2596 945 2688 999 τὸν
2737 944 2976 1016 πρῶτον,
3021 943 3080 1007 ὃς
3123 939 3192 1014 ἦν
3223 941 3317 996 τοῦ
3376 941 3590 1006 Ναὸἀτ,
3630 941 3769 1011 πλὴν

503 1013 792 1084 ὁμώνυμος
839 1017 1050 1089 ἐκείνῳ,
1091 1019 1188 1072 καὶ
1235 1023 1590 1094 ὁμογνώμων,
1621 1029 1714 1080 καὶ
1770 1029 2052 1104 δυσσεϐὴς.

579 1106 685 1159 Sed
714 1107 830 1175 ejus
871 1110 1202 1178 temporibus
1236 1112 1397 1180 Deus,
1433 1119 1518 1171 cui
1545 1120 1738 1190 volupe
1790 1130 1873 1175 est
1929 1125 2085 1177 mise-

508 1201 636 1263 reri,
673 1200 920 1255 lsraelem
974 1203 1308 1258 intoleranda
1393 1208 1680 1266 aﬂlictioue
1745 1212 2081 1270 laborantem

508 1292 819 1352 miseratus,
851 1309 973 1347 eum
1003 1311 1239 1349 aerumna
1265 1297 1456 1354 levavit
1513 1319 1608 1372 per
1657 1305 1967 1373 Jeroboam,
2001 1319 2080 1362 ta-

509 1384 665 1436 metsi
714 1384 1019 1453 improbum
1072 1398 1129 1440 et
1179 1397 1640 1459 transgressorem
1689 1398 1868 1451 nimis.
1933 1400 2082 1454 Adeo

507 1475 650 1528 enim
683 1479 888 1534 viribus
938 1482 1256 1552 alienigenis
1315 1487 1761 1554 antecellueruut,
1816 1500 1873 1544 ut
1919 1491 2083 1546 urbes

507 1584 722 1638 quoque
744 1583 1146 1629 autecessurum
1179 1591 1363 1646 regum
1393 1579 1727 1647 temporibus
1754 1593 1964 1651 ereptas
1999 1599 2080 1636 rc-

507 1674 832 1730 cuperarent
861 1668 1217 1736 potestatique
1245 1685 1354 1722 suae
1380 1671 1735 1737 subiicerent,
1776 1681 1829 1725 et
1869 1675 2083 1728 vincere

2203 1123 2340 1176 Ἀλλ’
2399 1125 2457 1177 ἐν
2497 1127 2608 1187 τοῖς
2656 1122 2868 1195 χρόνοις
2916 1123 3018 1192 τῆς
3074 1120 3237 1176 αὐτοῦ
3293 1119 3569 1191 βασιλείας
3623 1121 3772 1190 ἠλέει

2190 1212 2377 1267 λοιπὸν
2424 1215 2451 1266 ὁ
2517 1213 2909 1284 φιλοικτίρμων
2951 1211 3082 1274 Θεὸς
3121 1211 3374 1282 ἀφορήτῳ
3423 1208 3770 1282 ταλαιπωρίᾳ

2192 1305 2605 1376 κατηχθημὲνον
2647 1305 2738 1358 τὸν
2767 1303 3004 1375 Ἰσραὴλ,
3044 1302 3340 1373 ἠλευθέρου
3366 1319 3425 1354 τε
3452 1301 3560 1354 τῶν
3594 1302 3769 1355 πόνων

2191 1397 2280 1450 διὰ
2308 1397 2490 1468 χειρὸς
2527 1396 2834 1468 Ἰεροὸοάμ,
2862 1397 3036 1448 καίτοι
3065 1395 3300 1466 πονηροῦ
3332 1395 3427 1447 καὶ
3461 1393 3767 1446 ἀποπάτου

2187 1488 2309 1542 λίαν
2338 1490 2692 1562 ὑπάρχοντος.
2726 1488 3166 1558 Κατηνδρίσαντο
3211 1487 3320 1555 γὰρ
3355 1485 3500 1538 οὕτω
3541 1485 3648 1537 τῶν
3677 1483 3770 1537 ἀλ-

2189 1579 2453 1650 λοφύλων,
2485 1580 2561 1643 ὼς
2590 1581 2685 1634 καὶ
2723 1580 2906 1643 πόλεις
2930 1580 3058 1650 παρ’
3083 1578 3306 1631 ἐκείνων
3339 1566 3769 1646 ἀπεσπασμένοις

2191 1676 2248 1726 ἐν
2276 1675 2486 1744 καιροῖς
2535 1671 2799 1743 βασιλέων
2837 1672 2944 1724 τῶν
2988 1671 3395 1742 παρῳχηκότων
3433 1667 3768 1738 ἀνακομίσα-

509 1753 635 1807 οΙίιιι
677 1754 886 1819 solitos,
918 1757 1274 1813 incommodis
1312 1760 1468 1830 longe
1501 1761 1746 1832 plurimis
1792 1763 2079 1824 allicerenl.

2192 1764 2315 1819 σθαι
2346 1764 2526 1831 πάλιν,
2564 1765 2660 1818 καὶ
2706 1765 2820 1827 τοῖς
2866 1763 3016 1826 ἰδίοις
3071 1762 3396 1830 ύποτεθῆναι
3446 1761 3766 1830 σκήπτροις,

510 1845 565 1899 In
597 1859 790 1916 quarto
815 1849 977 1916 igitur
1009 1851 1212 1920 Regum
1235 1852 1393 1922 251
1423 1854 1503 1908 sic
1537 1857 1711 1918 est,in
1761 1866 1906 1911 tanta
1938 1858 2083 1912 cala-

511 1941 697 1994 mitate
729 1941 895 1995 fuisse
929 1943 1068 1997 ﬁlios
1095 1944 1279 2012 Israel,
1309 1956 1366 1999 ut
1388 1958 1569 2000 essent
1630 1950 1964 2016 paucissimi,
2017 1960 2073 2007 et

507 2027 764 2098 dispersi,
804 2047 903 2085 nec
946 2033 1282 2087 inveniretur
1337 2037 1674 2092 auxiliator:
1707 2039 1945 2094 salvatos
1998 2050 2078 2094 ta-

513 2135 637 2172 men
680 2134 801 2174 esse
840 2135 869 2174 e
903 2137 1063 2175 manu
1092 2121 1444 2180 Jeroboam’.
1482 2144 1502 2177 ι
1553 2127 1596 2180 Ε
1634 2143 1815 2195 manu,
1870 2148 1888 2180 ι
1927 2131 2084 2196 dixit,

512 2225 628 2279 pro,
665 2230 683 2261 ι
737 2227 832 2279 per
867 2229 1104 2267 manum.
1136 2233 1154 2266 ι
1187 2214 1298 2270 Nec
1327 2218 1471 2270 enim
1518 2218 1633 2286 ipse
1698 2221 1967 2275 atterebat
2003 2220 2084 2274 ls-

511 2301 642 2366 rael,
687 2303 780 2355 sed
813 2303 1082 2370 pugnabat
1105 2306 1282 2372 potius
1313 2322 1544 2376 emnque
1568 2307 2087 2365 defendebatJiesti-

513 2396 617 2445 tuit
659 2408 786 2447 vero
831 2393 1174 2462 Damascum,
1211 2405 1266 2450 et
1303 2398 1503 2466 recepit
1558 2399 1847 2453 terminum
1899 2401 2081 2466 Israel,

508 2495 805 2552 auctusque
827 2494 910 2538 est
931 2484 1227 2539 ditionibus
1257 2487 1461 2540 multis.
1488 2485 1772 2557 llegnaute
1796 2487 2082 2544 Jeruboam

510 2591 600 2627 rex
633 2591 795 2643 super
819 2573 950 2629 Juda
979 2573 1368 2646 Hierosolymis
1419 2578 1643 2646 ungitur
1692 2579 1936 2642 Azarias,
1993 2581 2084 2648 qui

503 2676 559 2718 et
587 2663 769 2730 Ozia<,
797 2680 950 2734 teque
978 2666 1229 2734 gentibus
1292 2666 1693 2728 infestissimus,
1738 2678 1793 2721 et
1850 2671 1915 2722 ad
1994 2686 2087 2724 eos

505 2757 859 2824 exagitaudos
896 2757 1126 2810 viriliter
1152 2757 1489 2821 incumbens,
1519 2758 1609 2827 qui
1665 2757 1859 2814 Judth
1920 2762 2086 2814 vasri-

507 2859 670 2902 tatem
691 2848 1024 2902 intulissent.
1053 2848 1178 2903 Fuit
1205 2850 1349 2903 enim
1385 2851 1469 2905 vir
1503 2852 1624 2920 pius
1654 2861 1707 2907 et
1734 2854 1946 2907 virtutis
1975 2866 2086 2908 stu-

505 2944 712 2994 diosus.
745 2939 845 2994 Ubi
867 2941 977 3009 jam
1016 2942 1217 3004 hostes,
1251 2941 1361 2996 Deo
1420 2953 1713 3005 annuente,
1747 2945 1973 3007 domuit,
2032 2947 2084 2999 in

504 3034 770 3103 superbiae
797 3033 1040 3088 morbum
1077 3033 1282 3096 incidit,
1309 3051 1372 3088 ac
1402 3043 1593 3106 suopte
1649 3046 1780 3090 nutu
1832 3037 2086 3107 imposte-

506 3139 626 3176 rum
652 3123 753 3176 sibi
791 3122 1098 3176 sacerdotio
1120 3121 1445 3190 {ungendum
1498 3125 1760 3189 decrevit,
1813 3136 1868 3179 et
1920 3143 2085 3182 ausus

505 3225 586 3270 est
620 3216 684 3268 ad
709 3216 881 3284 ipsum
907 3215 1076 3268 altare
1107 3217 1420 3278 ascendere,
1465 3214 1652 3284 illique
1687 3217 1979 3286 thymiama
2001 3217 2085 3270 of-

505 3307 667 3362 ferre.
697 3307 892 3362 Verum
919 3309 1056 3362 Deus
1083 3307 1225 3362 illico
1269 3308 1541 3362 hominem
1588 3309 1848 3363 coercuit.
1913 3307 2084 3379 Lepra

504 3402 645 3455 enim
673 3416 928 3468 aspersus
955 3412 1057 3464 εει,
1089 3402 1276 3455 morbo
1307 3399 1529 3453 infando
1555 3408 1611 3453 et
1657 3399 1967 3464 insanabili,
2027 3412 2084 3455 ut

507 3493 670 3547 etiam
695 3491 1170 3545 velutimmundus
1205 3491 1500 3544 secundum
1561 3491 1732 3560 legem
1774 3491 2083 3563 Hierosoly-

508 3583 612 3634 mis
661 3579 1073 3650 amandaretur,
1118 3582 1210 3650 qui
1266 3580 1488 3650 posthac
1547 3581 1836 3635 sacerdotii
1893 3599 2084 3636 nmnus

501 3674 679 3740 obire,
708 3685 762 3728 et
789 3688 902 3727 rem
933 3673 1171 3727 divinam
1194 3673 1522 3728 omnimodis
1546 3673 1682 3728 velle
1718 3690 2003 3744 peragere,
2031 3686 2085 3730 et

506 3767 1202 3836 templumsacrosanctum
1231 3767 1606 3820 contauninare
1657 3767 1949 3823 desineret.
2007 3770 2082 3824 lla

503 3859 683 3930 legere
713 3869 798 3913 est
829 3858 1175 3926 libroquarto
1231 3856 1500 3927 liegum'.
1571 3857 1625 3910 In
1675 3860 1846 3914 altero
1904 3869 2080 3914 tamen

503 3948 952 4018 Paralipomenon
979 3949 1217 4002 narratio
1251 3949 1410 4015 hujus
1433 3949 1672 4004 historia:
1726 3959 1809 4005 est
1837 3949 2080 4006 luculen-

500 4043 608 4096 tior
633 4040 675 4093 ’⁵.
717 4041 789 4094 De
811 4039 941 4093 ()zia
971 4039 1117 4108 lepra
1145 4038 1342 4093 infecto
1373 4040 1509 4094 satis
1539 4040 1741 4094 dictum
1765 4051 1867 4096 est.
1893 4044 2082 4099 Fuisse

499 4143 682 4187 autem
718 4141 1014 4201 potentem,
1054 4139 1109 4184 ct
1165 4131 1217 4184 in
1285 4129 1712 4200 alienigenarum
1772 4135 2082 4201 provincias

502 4226 787 4294 irrupisse,
822 4224 1064 4292 adeoque
1104 4223 1295 4276 fortem
1323 4239 1386 4277 ac
1419 4236 1722 4290 strenuum,
1761 4236 1820 4280 ut
1879 4229 2079 4297 oppida

503 4333 719 4388 quoque
748 4316 886 4384 apud
920 4331 1014 4368 eos
1044 4313 1355 4379 aediﬁcaret,
1395 4324 1448 4369 et
1505 4317 1708 4371 tributa
1757 4319 2075 4386 imponeret,

2187 1854 2419 1908 πλεῖστά
2453 1872 2514 1906 τε
2573 1856 2672 1907 ὅσα
2723 1855 2849 1914 τοὺς
2899 1853 3067 1906 πάλαι
3115 1849 3383 1912 νικῶντας
3429 1846 3766 1918 ἐργάσασθαι

2187 1946 2354 2000 κακά.
2384 1945 2472 1998 Ἐν
2491 1945 2622 2014 γοῦν
2638 1947 2704 2014 τῇ
2734 1943 2968 2015 τετάρτῃ
2989 1943 3094 1996 τῶν
3107 1939 3404 1995 Βασιλειῶν
3433 1940 3764 2010 γέγραπται,

2188 2035 2612 2106 κατατεθλῖιρθαι
2667 2037 2765 2107 μὲν
2810 2036 2936 2099 τοὺς
2971 2034 3032 2101 ἐξ
3073 2033 3314 2105 Ἰσραὴλ,
3370 2031 3469 2084 ούκ
3498 2031 3648 2094 δντος
3673 2029 3764 2082 τοῦ

2189 2128 2470 2194 σώζοντος,
2501 2128 2575 2192 ὡς
2616 2129 2922 2196 όλιγοστοὺς
2956 2123 3117 2190 εἶναι,
3168 2125 3264 2178 καὶ
3301 2122 3766 2191 διεσπασμένους·

2191 2220 2462 2274 σεσῶσθαι
2493 2237 2555 2288 γε
2595 2221 2700 2291 μὴν
2751 2222 2814 2272 ἐκ
2864 2218 3047 2289 χειρὸς
3089 2215 3395 2286 Ἱεροόοαμ.
3443 2213 3516 2266 Τὸ
3567 2211 3622 2263 δὲ
3660 2213 3766 2262 «ἐκ

2187 2313 2410 2384 χειρὸς»
2455 2311 2718 2380 τέθεικεν,
2771 2313 2890 2366 ἀντὶ
2937 2310 3074 2364 τοῦ(
3131 2310 3218 2363 διὰ
3262 2308 3460 2380 χειρός.
3488 2325 3506 2356 ι
3551 2305 3622 2359 Ού
3659 2305 3766 2373 γὰρ

2185 2400 2254 2476 ἦν
2282 2405 2442 2467 αὐτὸς
2466 2406 2493 2457 ὁ
2515 2403 2811 2475 συντρίϐων
2832 2404 2921 2458 τὸν
2963 2402 3199 2472 Ἰσραὴλ,
3228 2401 3530 2471 μαχόμενος
3552 2398 3608 2450 δὲ
3641 2395 3766 2465 μᾶλ-

2186 2495 2310 2557 λον,
2368 2495 2461 2546 καὶ
2516 2493 2868 2564 προασπίζων
2934 2492 3118 2545 αὑτοῦ.
3169 2489 3504 2560 Ἐπέστρεψε
3558 2487 3615 2540 δὲ
3666 2486 3765 2555 τὴν

2187 2582 2500 2652 Δαμασκὸν,
2539 2583 2633 2635 καὶ
2677 2581 2964 2635 ἀπέσπασε
2991 2581 3050 2633 τὸ
3094 2580 3239 2650 δριον
3290 2577 3530 2647 Ἰσραὴλ,
3559 2576 3654 2629 καὶ
3677 2574 3768 2628 δυ-

2187 2671 2440 2732 ναστείας
2478 2670 2765 2741 εἴργασται
2806 2669 3025 2732 πολλάς.
3076 2667 3462 2730 Βασιλεύοντος
3501 2666 3557 2718 δὲ
3599 2667 3763 2735 Ἱερο-

2187 2761 2333 2831 ϐοάμ
2356 2764 2569 2832 χρίεται
2599 2762 2881 2831 Ἀζαρίας,
2928 2762 2956 2813 ὁ
3012 2761 3107 2814 καὶ
3152 2757 3358 2823 Ὀζίας,
3395 2759 3645 2830 βασιλεὺς
3672 2759 3765 2809 ἐπὶ

2189 2852 2277 2905 τὸν
2311 2852 2517 2905 Ἰούδαν
2551 2853 2608 2905 ὲν
2667 2856 2778 2916 τοῖς
2819 2851 3232 2924 Ἱεροσολύμοις.
3277 2853 3372 2913 Ὃς
3424 2849 3574 2901 οὐδὲν
3602 2843 3764 2919 ἦττον

2185 2941 2252 3017 ἦν
2280 2948 2393 3008 τοῖς
2429 2944 2605 2998 ἔθνεσι
2643 2943 3066 3016 φορτικώτατος,
3095 2945 3186 2997 καί
3215 2941 3479 3004 νεανικῶς
3514 2941 3764 3009 ὲγκείμευ

2188 3055 2276 3102 νος
2299 3041 2408 3100 τοῖς
2450 3038 2823 3108 πεπορθηκόσι
2856 3036 2954 3108 τὴν
2977 3036 3259 3090 Ἰουδαίαν.
3297 3034 3496 3102 Γέγονε
3533 3034 3631 3104 μὲν
3656 3033 3766 3104 γὰρ

2189 3129 2439 3200 εὐσεϐὴς,
2477 3130 2571 3181 καὶ
2624 3129 2922 3198 φιλάγαθος
2961 3129 3119 3198 ἀνήρ.
3157 3126 3312 3179 Ἑπεί
3350 3127 3407 3179 δὲ
3455 3125 3763 3196 κεκράτηκε

2189 3221 2296 3275 τῶν
2325 3221 2532 3293 ἐχθρῶν
2549 3221 2642 3274 τοῦ
2667 3221 2801 3273 Θεοῦ
2820 3221 2878 3273 τὸ
2905 3222 3060 3290 νικᾷν
3082 3219 3484 3290 ἐπιτρέποντος,
3506 3217 3765 3286 νενόσηκε

2187 3310 2285 3382 τὴν
2320 3312 2638 3383 ὑπεροψίαν,
2672 3312 2764 3365 καὶ
2797 3310 3241 3373 αύτοκελεύστοις
3292 3310 3380 3380 ᾔει
3425 3309 3640 3379 βουλαῖς
3672 3309 3764 3362 ἐπὶ

2188 3401 2248 3452 τὸ
2299 3401 2498 3472 χρῆναι
2543 3401 2728 3453 λοιπὸν
2776 3402 2869 3455 καὶ
2911 3401 3209 3471 ἱερατεύειν
3253 3399 3392 3468 Θεῷ,
3444 3400 3538 3451 καὶ
3566 3398 3631 3468 δὴ
3670 3405 3766 3451 καί⁸

2187 3493 2521 3563 τετόλμηκεν
2548 3493 2634 3544 ἐπ’
2655 3491 2788 3545 αὐτὸ
2817 3492 2878 3544 τὺ
2906 3491 3049 3544 θεῖον
3073 3490 3336 3560 ἀναϐῆναι
3359 3489 3761 3558 θυσιαστήριον,

2187 3586 2281 3637 καὶ
2305 3587 2672 3654 προσαγαγεῖν
2698 3582 2846 3653 αὐτῷ
2891 3582 2950 3635 τὸ
2992 3581 3262 3652 θυμίαμα.
3296 3580 3437 3632 Ἀλλ’
3463 3579 3626 3643 εὐθὺς
3668 3580 3762 3633 αὑ-

2185 3675 2277 3728 τὸν
2306 3673 2500 3745 ἤλεγξε
2534 3674 2686 3737 Θεός.
2739 3675 2931 3745 Λέπρᾳ
2978 3672 3088 3742 γὰρ
3121 3669 3471 3734 κατεστίζετο
3505 3669 3662 3740 δεινῷ
3703 3687 3762 3722 τε

2187 3765 2282 3817 καὶ
2309 3764 2514 3835 ἀνιὰτῳ
2547 3765 2730 3828 πάθει,
2758 3763 2843 3817 ἵνα
2875 3765 2968 3816 καὶ
2995 3763 3070 3827 ὼς
3097 3763 3403 3833 ἀκάθαρτος
3425 3762 3569 3816 κατά
3597 3763 3760 3832 νόμον

2187 3858 2538 3928 ὲκπέμπηται
2569 3856 3054 3929 τῆςῚερουσαλὴμ,
3085 3857 3462 3910 ἀποπαύσαιτό
3484 3874 3544 3910 τε
3577 3856 3761 3910 λοιπὸν

2185 3953 2278 4004 καὶ
2309 3951 2609 4022 ἱερατεύειν
2633 3951 2772 4022 Θεῷ,
2796 3953 2888 4004 καὶ
2919 3952 3018 4023 τῆς
3053 3953 3382 4022 παρανόμως
3414 3951 3760 4020 ἐπιτετηδευ-

2187 4041 2358 4112 μένης
2392 4042 2701 4113 ἱερουργίας
2728 4041 2894 4112 αύτῷ,
2936 4039 3140 4094 καὶτοῦ
3177 4041 3268 4093 τὸν
3294 4039 3435 4093 θεῖον
3467 4039 3762 4109 καταμιαί-

2181 4150 2294 4186 νειν
2325 4133 2470 4186 ναόν.
2505 4132 2690 4186 Ταῦτα
2719 4133 2776 4185 δέ
2823 4150 2954 4203 φησι
2984 4133 3046 4186 τὸ
3083 4133 3323 4204 Γράμμα
3352 4132 3412 4184 τὸ
3435 4131 3580 4202 ἱερὸν
3610 4133 3665 4183 ὲν
3692 4134 3758 4202 τῇ

2181 4228 2415 4298 τετάρτῃ
2448 4226 2554 4280 τῶν
2581 4226 2897 4282 Βασιλειῶν.
2948 4227 3038 4279 Ἐν
3079 4227 3136 4280 δὲ
3161 4229 3228 4297 τῇ
3253 4225 3482 4296 δευτέρα
3512 4225 3621 4278 τῶν
3650 4227 3760 4279 Πα-

2187 4321 2589 4389 ραλειπομένων
2658 4321 2941 4391 ἰσχνοτέρα
3000 4319 3177 4372 κεῖται
3240 4321 3273 4389 ή
3357 4319 3483 4388 περί⁴
3556 4317 3758 4370 τούτων

503 4426 567 4464 ac
587 4419 801 4477 sceptro
827 4407 946 4461 illos
970 4405 1247 4470 subderet,
1273 4409 1616 4475 quantumvis
1643 4408 1768 4464 olim
1798 4409 1898 4464 sibi
1929 4413 2079 4466 valde

2185 4412 2479 4481 ἀφήγησις.
2523 4412 2657 4482 Περὶ
2689 4413 2786 4481 μὲν
2819 4407 2910 4465 οὖν
2933 4410 3029 4464 τοῦ
3058 4407 3431 4480 λελεπρῶσθαι
3460 4408 3550 4460 τὸν
3579 4407 3758 4472 Ὀςίαν

501 4503 791 4570 placentes,
826 4501 983 4570 plene
1033 4490 1228 4553 docent
1285 4514 1455 4553 sacrte
1502 4499 1740 4556 Litteras.
1801 4500 2071 4567 Quoniam

497 4610 628 4664 ergo
657 4591 1000 4662 propheticus
1022 4590 1270 4644 sermoin
1301 4591 1525 4645 exordio
1571 4593 1763 4648 futurae
1818 4595 2076 4665 alienige-

499 4701 689 4738 narum
722 4682 1036 4738 vastationis
1059 4683 1318 4748 meminit,
1349 4698 1433 4736 res
1458 4685 1768 4750 postulavit,
1807 4697 1864 4739 ut
1889 4702 2070 4755 regum

494 4773 643 4830 Ozia:
673 4787 726 4830 et
762 4776 1044 4833 Jeroboam
1081 4779 1410 4832 mentionem
1444 4778 1765 4842 facereums,
1791 4793 1884 4841 per
1936 4795 2072 4847 quos

499 4870 572 4923 illi
605 4871 730 4923 victi
751 4878 892 4932 sunt,
930 4879 991 4924 ut
1019 4869 1128 4938 jam
1163 4870 1411 4924 diximus.
1460 4867 1717 4923 Novimus
1760 4871 1920 4946 etiam
1979 4889 2074 4941 per

499 4963 755 5032 Assyrios
779 4960 1097 5016 Damascum
1131 4963 1439 5022 incensam,
1494 4962 1581 5029 qui
1634 4963 1855 5029 insuper
1885 4963 2070 5016 alieni-

495 5070 752 5126 genarum
783 5053 1003 5123 populos
1029 5052 1173 5106 ferro
1203 5052 1417 5123 ignique
1441 5060 1716 5104 vastarunt
1744 5052 1786 5117 5;
1822 5054 1916 5106 sed
1950 5069 2070 5106 eum

498 5148 549 5203 id
585 5155 767 5215 postea
797 5143 994 5198 factum
1018 5143 1427 5206 sit,uecessario
1451 5143 1723 5211 attigimus
1749 5158 1866 5212 qua:
1891 5146 1957 5198 ab
1985 5143 2074 5198 Je-

497 5245 740 5305 roboam,
771 5247 824 5293 et
845 5238 961 5308 ejus
982 5236 1333 5306 temporibus,
1360 5235 1673 5304 alienigenis
1691 5246 1743 5289 et
1778 5237 1906 5306 ipsis
1935 5253 2072 5306 quo-

497 5350 600 5403 que
630 5328 1216 5400 Assyriormnducibus
1239 5326 1600 5394 contigerunt.
1653 5326 1786 5392 Quia
1818 5343 1947 5381 vero
1975 5345 2069 5394 ap-

496 5427 673 5494 posuit
697 5425 978 5493 propheta,
1011 5439 1028 5472 ι
1052 5419 1260 5474 duobus
1285 5418 1441 5471 annis
1466 5427 1592 5471 ante
1626 5427 1785 5472 terra:
1812 5429 2068 5482 motum,»

498 5531 717 5572 necesse
745 5515 844 5570 fuit
875 5515 1036 5570 etiam
1089 5513 1154 5567 de
1201 5513 1344 5578 lepra
1403 5509 1548 5566 Ozia:
1599 5525 1920 5576 memorare,
1972 5526 2077 5579 qua

497 5616 782 5663 contactus
808 5621 909 5667 est.
945 5606 1196 5677 puniente
1220 5603 1352 5668 Deo,
1389 5611 1670 5672 postquam
1710 5602 1879 5657 sacris
1927 5601 2076 5671 fungi

568 5787 676 5848 ειν
728 5786 857 5859 Reg.
887 5803 994 5852 xxv,
1047 5787 1136 5854 26,
1166 5785 1254 5840 27.
1340 5786 1358 5816 ³
1392 5784 1455 5839 IV
1487 5783 1619 5854 Reg.
1651 5799 1741 5849 xv,
1772 5783 1823 5837 5.

1901 5783 1921 5815 ⁸
1963 5783 1998 5837 ll
2032 5783 2208 5839 Parui.
2242 5801 2384 5849 xxvi,
2425 5785 2504 5838 l9.

2180 4503 2393 4572 ἀπόχρη
2424 4502 2599 4554 ταυτί.
2639 4503 2759 4556 Ὅτι
2815 4503 2872 4556 δὲ
2925 4502 3147 4571 γέγονεν
3185 4503 3322 4572 ἀνὴρ
3377 4500 3635 4566 δυνατὸς,
3665 4501 3760 4554 καὶ

2180 4594 2300 4654 ταῖς
2357 4593 2464 4645 τῶν
2529 4592 2841 4661 ἀλλοφύλων
2906 4592 3308 4662 ἐπεστράτευσε
3363 4590 3603 4661 χώραις,
3663 4591 3757 4644 καὶ

2179 4682 2430 4746 τοσοῦτος
2472 4684 2694 4752 γέγονεν
2748 4685 2828 4745 εἰς
2857 4682 3049 4754 ἀλκὴν,
3089 4682 3164 4745 ὡς
3211 4683 3304 4735 καὶ
3366 4679 3760 4751 ἀναδείμασθαι

2181 4774 2366 4838 πόλεις
2392 4778 2518 4849 παρ’
2552 4777 2754 4838 αὐτοῖς,
2787 4777 2880 4829 καὶ
2921 4774 3286 4846 δασμολογίαν
3329 4774 3618 4838 ἐπιθεῖναι,
3663 4773 3756 4826 καὶ

2182 4866 2481 4935 σκήπτροις
2528 4866 2676 4928 ἰδίοις
2719 4865 3058 4933 ὑπενεγκεῖν,
3095 4863 3270 4917 καίτοι
3299 4863 3508 4934 μεγάλα
3547 4862 3756 4931 φυσῶν-

2177 4959 2277 5020 τάς
2310 4974 2460 5020 ποτε,
2501 4957 2771 5026 δεδίδαχεν
2806 4958 3118 5028 ἀρκούντως
3147 4957 3208 5009 τὸ
3236 4954 3473 5025 Γράμμα
3509 4956 3567 5008 τὺ
3590 4955 3752 5024 ἰερόν.

2183 5048 2411 5114 Οὐκοῦν,
2444 5049 2743 5118 ἐπειδήπερ
2765 5049 2792 5099 ό
2826 5048 3162 5118 προφητικὸς
3182 5048 3312 5116 ἡμῖν
3329 5045 3482 5115 λόγος
3509 5045 3753 5098 εἰσκεκό-

2188 5157 2347 5210 μικεν
2381 5143 2438 5193 ἐν
2466 5141 2661 5210 ἀρχαῖς
2697 5139 2794 5210 τὴν
2833 5138 3098 5209 ἐσομένην
3133 5139 3274 5192 κατὰ
3305 5141 3413 5190 τῶν
3444 5137 3753 5205 ἀλλοφύλων

2179 5231 2476 5300 ἐρήμωσιν,
2503 5230 2771 5299 ἀναγκαία
2798 5230 3021 5299 γέγονεν
3051 5231 3084 5300 ἡ
3115 5231 3304 5300 μνήμη
3349 5231 3447 5300 τῆς
3478 5228 3752 5298 βασιλείας

2177 5321 2356 5387 Ὀζίου
2385 5341 2446 5375 τε
2500 5325 2593 5377 καὶ
2639 5323 2941 5394 Ἱεροϐοάμ,
2998 5323 3304 5393 νενίκηνται
3333 5323 3443 5394 γὰρ
3481 5321 3547 5374 δι’
3572 5320 3750 5374 αὐτῶν

2172 5415 2246 5478 ὡς
2279 5415 2639 5486 προλαϐόντες
2661 5417 2985 5486 εἰρήκαμεν.
3032 5409 3163 5469 Οἶδα
3190 5416 3285 5485 μὲν
3306 5410 3396 5468 οὖν
3420 5415 3500 5467 ὅτι
3534 5413 3626 5466 καὶ
3665 5412 3752 5464 διὰ

2173 5509 2357 5578 χειρὸς
2375 5508 2676 5580 Ἀσσυρίων
2705 5508 3093 5578 ὲμπέπρησται
3124 5508 3438 5578 Δαμασκδς,
3458 5506 3750 5574 δεδήωνται

2177 5599 2234 5651 δὲ
2265 5600 2416 5654 οὐδὲν
2443 5595 2606 5671 ἦττον
2638 5601 2822 5655 καὶτὰ
2855 5601 2965 5654 τῶν
2997 5599 3308 5668 ἀλλοφύλων
3342 5599 3494 5670 γένη.
3528 5594 3755 5666 Ἐπειδὴ

2585 5783 2696 5837 'IV
2749 5781 2881 5853 Reg.
2931 5797 3038 5843 3m,
3075 5781 3125 5835 9.
