4132 6370
354 333 459 393 417
1305 329 1853 387 COMMENTARIUS
1892 329 1908 384 1

2020 329 2186 385 \MOS
2222 329 2666 384 ΡΒΟΡΙῘΕΤᾹΜ.
3509 339 3615 393 MS

356 452 413 504 δὲ
456 451 632 521 τούτῳ
661 451 809 505 ἐστὶν
842 450 1027 503 ἐκεῖνα
1078 453 1532 523 μεταγενέστερα,
1578 450 1917 522 προσάψομεη

2036 459 2222 503 contra
2245 449 2413 519 legem
2444 466 2547 503 non
2572 449 2851 503 dubitavit.
2886 448 3221 505 Contremuit
3252 452 3396 505 enim
3426 451 3611 509 llieru-

358 542 672 610 ἀναγκαίως
692 541 770 611 τῷ
798 558 856 594 τε
897 540 1197 612 Ἱεροϐοάμ,
1229 542 1322 593 καὶ
1344 544 1458 604 τοῖς
1484 543 1692 594 ἐκείνου
1716 544 1917 611 καιροῖς

2039 543 2264 612 solyma,
2291 542 2487 596 incolis
2519 544 2653 595 iram
2678 558 2827 595 suam
2857 540 2966 597 Deo
2995 545 3327 598 ostendente.

358 636 425 688 τά
451 636 563 697 τοῖς
596 633 911 703 ἀλλοφύλοις
946 631 1349 703 συμϐεϐηκότα,
1381 635 1474 686 καὶ
1503 634 1685 695 αὐτοῖς
1745 633 1802 686 δὲ
1854 632 2006 686 οὐδὲν
2044 628 2206 703 ἦττον
2232 634 2342 695 τοῖς
2392 632 2500 685 τῶν
2554 632 2854 703 ’Δσσυρίων
2912 633 3266 703 καθηγηταῖς.
3301 637 3518 707 Ἐπειδὴ
3562 639 3617 691 δὲ

360 730 791 797 προστέθεικενό
808 730 1090 800 προφήτης
1119 746 1136 778 ι
1162 729 1263 799 πρὸ
1280 728 1371 781 δύο
1392 729 1527 781 ἐτῶν
1543 730 1637 782 τοῦ
1658 727 1902 799 σεισμοῦ,
1948 747 1967 779 ι
2012 730 2233 799 μνήμην
2276 728 2592 796 ἀναγκαίως
2619 730 2714 783 καὶ
2761 729 2854 781 τοῦ
2912 729 3283 800 λελεπρῶσθαι
3318 732 3408 784 τὸν
3431 734 3523 797 ’ος
3533 736 3617 788 ίαν

360 822 728 891 πεποιήμεθα.
794 820 1014 889 Ἐπειδὴ
1078 820 1186 891 γὰρ
1262 821 1569 892 ίερατεῦσαι
1632 822 1937 892 τετόλμηκε
1998 822 2351 894 παρανόμως,
2394 822 2736 893 λελέπρωται
2792 824 2889 892 μὲν
2933 822 3248 893 ἐλέγχοντος
3285 826 3443 891 Θεοῦ,
3478 846 3616 882 κατ-

359 915 583 986 εδονήθη
609 916 666 968 δὲ
705 914 912 985 σεισμῷ
940 915 1010 967 τὰ
1053 915 1400 986 Ἱεροσόλυμα
1438 919 1549 979 τοῖς
1598 918 1658 971 τὸ
1702 918 1955 988 τηνικάδε
1993 916 2128 971 Θεοῦ
2186 918 2284 988 τὴν
2329 917 2462 971 ίδίαν
2483 918 2651 988 ὀργὴν
2687 918 3141 987 ὑπεμφαίνοντος.

428 1010 538 1064 Καὶ
568 1006 725 1074 εἶπε,
754 1011 964 1078 Κύριος
999 1010 1067 1063 ἐκ
1111 1009 1264 1065 Σιὼν
1311 1010 1658 1079 ἐφθέγξατο,
1707 1013 1804 1066 καὶ
1862 1013 1931 1074 ἐξ

370 1102 756 1170 Ἰερουσαλὴμ
776 1102 961 1155 ἔδωκε
989 1102 1199 1172 φωνὴν
1226 1103 1434 1167 αὐτοῦ,
1460 1104 1557 1157 καὶ
1584 1104 1930 1171 ἐπένθησαν

356 1199 414 1249 αὶ
453 1196 624 1264 νομαί
662 1192 781 1248 τῶν
825 1194 1153 1264 ποιμένων,
1194 1198 1294 1251 καὶ
1347 1197 1648 1265 ἐξηράνθη
1688 1197 1924 1266 κορυφὴ

356 1285 464 1336 τοῦ
508 1283 850 1352 Καρμήλου.

428 1379 501 1431 Γ¹.
532 1379 688 1442 Ὄλος
726 1381 857 1450 ἡμῖν
888 1381 945 1433 ἐν
974 1381 1184 1446 τούτοις
1225 1384 1253 1435 ὁ
1284 1380 1386 1452 τῆς
1416 1384 1752 1455 προφητείας
1808 1384 1925 1437 δια-

355 1470 605 1536 φαίνεται
659 1470 877 1535 σκοπὸς.
931 1474 1024 1525 καὶ
1082 1473 1177 1525 τοῦ
1224 1473 1424 1537 παντὸς
1457 1476 1928 1546 χρησμῳδήματος

354 1563 478 1631 ὅρος
510 1561 698 1632 ὥσπερ
731 1580 830 1626 τις,
863 1565 955 1617 καὶ
987 1566 1392 1636 προαφήγησις,
1454 1567 1692 1637 ἀσαφείᾳ
1756 1568 1922 1639 πολλῇ

355 1657 795 1727 κατεσκιασμένη
827 1659 982 1709 νοοίτ*
1013 1657 1079 1710 ἂν
1102 1658 1380 1729 είκότωςή
1412 1659 1504 1711 τοῦ
1561 1660 1925 1730 προκειμένου
1961 1693 2002 1747 Β

352 1746 599 1818 δύναμιςο
633 1749 922 1819 πεποίηται
948 1750 1045 1818 μὲν
1075 1750 1182 1819 γὰρ
1212 1750 1285 1812 ὡς
1310 1749 1369 1815 ἐξ
1391 1750 1703 1820 ὁμοιότητός
1730 1768 1788 1802 τε
1839 1751 1930 1804 καὶ

358 1839 669 1908 μεταφορᾶς
705 1842 732 1892 6
762 1838 939 1908 λόγος,
981 1840 1075 1891 καὶ
1108 1838 1182 1901 ὡς
1224 1841 1288 1892 ἐκ
1315 1840 1407 1893 τοῦ
1439 1842 1743 1909 πεφυκότος
1793 1859 1930 1911 συμ-

354 1928 559 1981 ϐαίνειν
594 1932 713 1990 ταῖς
751 1930 1078 2000 εὐπρέμνοις
1110 1929 1218 1982 τῶν
1253 1930 1394 2000 ὀρῶν
1436 1934 1719 2000 κορυφαῖς,
1751 1932 1782 2002 ἢ
1818 1936 1929 1996 τοῖς

352 2020 706 2089 ἐψιλωμένοις
730 2020 838 2073 τῶν
874 2020 1068 2073 πεδίων
1092 2020 1203 2072 ἔσθ’
1241 2022 1350 2075 ὅτε.
1375 2024 1511 2091 Ὀρη
1541 2022 1640 2091 μὲν
1673 2022 1781 2093 γὰρ
1810 2023 1929 2075 καί-

351 2129 432 2165 τοι
460 2113 684 2182 δρυμοῖς
710 2112 985 2181 κομῶντα,
1014 2113 1106 2165 καὶ
1135 2112 1331 2177 ξύλοις,
1378 2112 1567 2174 πεδιὰς
1605 2113 1662 2165 δὲ
1695 2109 1762 2166 αὖ
1799 2114 1926 2167 πολ-

351 2203 415 2273 λῇ
445 2203 537 2256 καὶ
565 2202 869 2272 ἀμφιλαφεί
891 2205 956 2273 τῇ
989 2203 1095 2274 πόᾳ
1140 2205 1577 2275 κατεστεμμένη,
1633 2204 1927 2272 καταφθεί-

356 2292 537 2363 ροντός
564 2308 707 2353 τινος
732 2292 764 2360 ἢ
792 2289 982 2360 λοιμοῦ
1033 2291 1226 2361 τυχὸν,
1263 2292 1432 2361 ἤγουν
1476 2294 1662 2363 ἑτέρου
1695 2310 1787 2345 του
1818 2295 1925 2345 τῶν

350 2384 411 2448 ἐξ
433 2383 591 2455 ἀέρος
622 2383 1094 2454 ἀρρωστημάτων,
1140 2385 1418 2453 ἀδοκήτως
1459 2386 1757 2440 αὐαίνεται.
1796 2389 1924 2440 Δια-

350 2476 541 2529 πίπτει
566 2475 623 2527 δὲ
646 2473 787 2527 οὕτω
810 2477 903 2528 καὶ
927 2476 995 2528 τά
1021 2476 1359 2547 ἀνθρώπινα,
1394 2477 1488 2530 καὶ
1512 2482 1925 2549 κατασκήπτου-

351 2585 436 2620 σιν
457 2566 567 2620 ἐσθ’
588 2568 677 2620 ὅτε
706 2568 914 2621 πόλεων
942 2570 1035 2622 καὶ
1064 2570 1254 2640 χωρῶν
1280 2571 1497 2639 πικραὶ,
1534 2573 1627 2624 καὶ
1654 2572 1924 2625 δύσοιστοι

350 2658 646 2728 συμφοραὶ,
674 2657 1032 2720 διολλύουσαι,
1069 2661 1167 2711 καὶ
1208 2660 1669 2731 καταφθείρουσαι
1731 2662 1923 2733 μικρόν

346 2766 405 2801 τε
436 2749 530 2801 καὶ
554 2749 745 2819 μέγαν.
785 2750 937 2812 Τίνος
957 2750 1065 2817 γὰρ
1094 2749 1159 2802 ἂν
1183 2751 1430 2818 φείσαιτο
1455 2752 1729 2822 πολεμίων
1748 2752 1918 2821 ξίφος,

347 2839 404 2909 ἢ,
434 2839 563 2909 φέρε
587 2842 781 2902 εἰπεῖν,
807 2839 1031 2910 λοιμός;
1063 2842 1266 2912 ’Ἃρδην
1304 2844 1585 2914 ἀποκείρει
1616 2846 1710 2897 καὶ
1736 2845 1829 2897 τὸν
1864 2849 1921 2897 ἐν

346 2931 580 3004 πλούτῳ,
628 2934 723 2987 καὶ
780 2934 980 3000 δόξαις,
1031 2936 1125 2988 κα)⁵
1155 2936 1491 3000 δυναστείαις
1528 2937 1784 3008 διαφανῆ,
1826 2939 1921 2991 καὶ

2113 1010 2275 1080 252
2318 1012 2481 1067 Vens.
2511 1014 2564 1067 2.
2598 1012 2663 1064 Et
2692 1015 2821 1065 dixit
2856 1028 2874 1065 :
2904 1012 3162 1067 Dominus
3191 1016 3255 1068 de
3293 1014 3423 1068 Sion
3466 1017 3613 1068 locu-

2037 1111 2119 1155 tus
2144 1116 2242 1167 est,
2265 1113 2313 1155 et
2353 1104 2415 1155 de
2437 1103 2733 1156 Jerusalem
2758 1106 2897 1158 dedit
2928 1122 3101 1159 vocem
3154 1123 3328 1169 suam,
3375 1117 3423 1159 et
3461 1108 3613 1160 luxe-

2035 1205 2154 1246 runt
2187 1211 2382 1260 pascua
2403 1205 2694 1263 pastorum,
2729 1209 2775 1250 et
2818 1200 3108 1252 exsiccata;
3149 1208 3224 1252 est
3278 1211 3450 1254 vertex
3493 1200 3618 1255 Car-

2033 1286 2173 1337 meti.

2104 1376 2187 1429 lll.
2213 1378 2266 1431 ln
2291 1378 2378 1433 his
2397 1378 2578 1433 verbis
2602 1387 2743 1432 totus
2769 1380 3059 1448 prophetiae
3083 1396 3276 1449 scopus
3308 1381 3463 1437 nobis
3494 1384 3613 1437 elu-

2032 1470 2216 1534 cescit,
2248 1480 2301 1523 et
2329 1469 2568 1525 vaticinii
2596 1470 2832 1525 universi
2867 1472 3022 1539 quasi
3086 1473 3373 1539 terminus,
3416 1490 3614 1544 propo-

2031 1560 2366 1631 sitorumque
2387 1563 2671 1617 verborum
2692 1564 2981 1624 sententia,
3003 1564 3198 1616 merito
3257 1574 3316 1618 ut
3364 1568 3612 1633 quaedam

2033 1654 2390 1721 praagrediens
2413 1654 2673 1719 narratio,
2714 1653 3046 1707 obscuritate
3070 1654 3235 1707 multa
3290 1655 3613 1710 obumbrata

2033 1743 2349 1813 accipiatur.
2423 1745 2646 1798 Constat
2688 1745 2829 1798 enim
2884 1746 3235 1800 similitudine
3277 1748 3504 1815 quadam
3558 1756 3615 1802 et

2032 1836 2345 1903 metaphora
2366 1836 2562 1901 oratio,
2592 1852 2689 1889 ceu
2719 1852 2784 1890 ex
2805 1850 2869 1890 eo
2889 1839 3028 1904 quod
3060 1852 3441 1906 nonnunquam
3468 1837 3614 1906 jugis

2031 1928 2291 1979 montiqu
2312 1928 2550 1981 arbustis
2612 1927 2950 2002 ﬂorentibus,
3002 1938 3097 1983 aut
3142 1931 3347 1998 campis
3398 1932 3612 1985 nudatis

2030 2018 2165 2070 solet
2186 2018 2423 2073 evenire.
2450 2017 2656 2073 Montes
2686 2021 2851 2081 enim,
2880 2020 3129 2087 quamvis
3177 2021 3328 2075 silvis
3374 2033 3430 2077 et
3459 2022 3614 2077 arbo.

2030 2105 2175 2160 ribus
2202 2109 2422 2170 comati,
2454 2117 2507 2162 et
2534 2108 2788 2176 planities
2824 2108 2993 2163 multo
3042 2120 3097 2163 et
3146 2111 3312 2164 denso
3364 2114 3611 2180 gramine

2027 2202 2347 2267 convestita,
2380 2212 2761 2270 corrumpente
2787 2212 2879 2256 aut
2926 2215 3076 2272 peste
3122 2204 3370 2267 fortasse,
3393 2206 3608 2260 autalia

2026 2286 2147 2339 C(Bli
2170 2286 2273 2353 lue,
2296 2299 2515 2357 repente
2545 2298 2889 2345 exarescunt.
2918 2290 3009 2345 Sic
3039 2291 3201 2345 etiam
3242 2307 3333 2346 res
3359 2293 3612 2347 humanae

2026 2378 2356 2447 dilabuntur,
2381 2390 2436 2435 et
2488 2382 2755 2436 interdum
2808 2384 2972 2438 nrbes
3028 2400 3091 2439 ac
3125 2386 3371 2453 regiones
3400 2388 3611 2442 acerbae

2025 2471 2361 2525 calamitates
2390 2482 2443 2527 et
2480 2475 2566 2528 vix
2592 2475 2897 2529 tolerabiles
2922 2477 3249 2544 opprimunt,
3275 2494 3393 2545 qum
3416 2496 3608 2549 magna

2019 2561 2169 2630 juxta
2202 2578 2263 2617 ac
2287 2580 2449 2632 parva
2481 2569 2725 2632 perdunt,
2756 2579 2918 2635 atque
2946 2583 2977 2621 e
3021 2569 3197 2623 medio
3248 2571 3462 2624 tollunt.
3509 2571 3606 2626 Cui

2027 2653 2171 2705 enim
2201 2663 2291 2707 attt
2317 2655 2529 2709 hostilis
2551 2657 2778 2726 gladius,
2803 2673 3009 2726 qmeso,
3030 2672 3123 2712 aut
3152 2663 3328 2729 potius
3359 2664 3612 2729 pestilen-

2024 2746 2094 2796 tia
2123 2746 2635 2813 parcat?Funtlitus
2658 2748 2881 2802 demetit
2927 2759 3033 2803 tam
3085 2753 3306 2817 divitiis,
3339 2754 3505 2821 gloria
3554 2764 3609 2809 et

2026 2839 2263 2902 potentia
2297 2839 2896 2907 prmeellentem,quam
2943 2844 3230 2895 obscurum
3280 2856 3444 2914 atque
3502 2847 3601 2901 ab-

2017 2928 2243 2997 jectum.
2277 2930 2541 2995 Propheta
2572 2931 2733 2998 igitur
2757 2948 2899 2986 nunc
2947 2949 3107 3000 quam
3151 2939 3602 2993 accommodatis-

345 3023 434 3075 τὸν
470 3023 679 3095 ἄσημόν
735 3043 794 3078 τε
848 3028 941 3079 καὶ
978 3028 1435 3100 κατερῤιμμένον.
1490 3030 1685 3096 Γέγονε
1741 3032 1917 3084 τοίνυν

2022 3020 2159 3075 sime
2186 3016 2440 3075 consueta
2478 3021 2577 3076 sibi
2617 3022 2823 3076 locutus
2851 3033 2953 3077 est.
2989 3026 3246 3081 l’ascehat
3267 3031 3407 3083 enim
3435 3048 3589 3093 oves,

343 3115 421 3183 τῷ
447 3118 699 3187 προφήτῃ
724 3118 840 3170 νυνὶ
866 3118 1091 3188 πρέπων
1112 3120 1194 3171 ὅτι
1223 3119 1455 3189 μάλιστα
1482 3123 1594 3183 τοῖς
1620 3122 1767 3192 αὑτῷ
1788 3140 1919 3175 κατ-

344 3206 668 3279 ειθισμένοις
710 3209 737 3259 6
765 3210 940 3277 λόγος.
982 3205 1092 3263 Ἦν
1139 3210 1267 3281 γὰρ,
1320 3213 1395 3275 ὡς
1450 3211 1605 3282 ἔφην,
1661 3215 1913 3281 αἰπόλος,

343 3298 436 3350 καὶ
468 3300 760 3369 πεποίηται
785 3300 884 3372 τὴν
906 3301 1109 3371 τροπὴν
1134 3303 1208 3364 ὡς
1243 3304 1306 3355 έκ
1332 3302 1424 3356 τοῦ
1456 3303 1917 3375 καταφθείρεσθαι

344 3390 600 3454 πολλάκις
627 3392 721 3456 τὰς
741 3393 848 3446 τῶν
878 3393 1209 3465 θρεμμάτων
1240 3380 1429 3466 νομάς.
1473 3396 1570 3460 Τίς
1598 3393 1692 3450 οὖν
1731 3397 1759 3448 ὁ
1810 3398 1917 3451 τῶν

342 3482 649 3551 εἰρημένων
702 3483 1067 3556 ἀληθέστερος
1123 3485 1279 3551 νοῦς;
1321 3486 1673 3556 Ἐφθέγξατο,
1715 3490 1912 3559 φησὶν,

341 3571 405 3623 ἐκ
438 3570 575 3625 Σιὼν
608 3574 636 3626 6
664 3573 886 3646 Κύριος,
916 3575 991 3639 ὡς
1021 3576 1081 3641 ἐξ
1115 3577 1247 3630 ἰδίου
1274 3579 1462 3641 τόπου,
1496 3580 1595 3633 καὶ
1626 3580 1684 3646 ἐξ
1720 3582 1916 3652 Ἰερου-

342 3664 543 3735 σαλὴμ,
578 3664 653 3728 ὡς
692 3667 757 3719 ὲκ
785 3667 1118 3738 νεμηθείσης
1167 3669 1338 3738 αὐτῷ,
1369 3670 1485 3722 ἔστι
1519 3672 1618 3741 μὲν
1666 3672 1773 3744 γὰρ
1814 3675 1914 3727 οὐκ

338 3757 397 3807 ἐν
424 3756 575 3827 τόπῳ
596 3758 656 3810 τὸ
679 3757 986 3828 ἀσώματον.
1016 3759 1237 3829 Ἐπειδὴ
1261 3760 1316 3813 δὲ
1341 3757 1410 3832 ἦν
1437 3763 1495 3814 ὲν
1526 3765 1641 3825 τοῖς
1683 3765 1912 3835 Ἱεροσο-

338 3845 528 3915 λύμοις
554 3849 582 3900 ὁ
620 3847 904 3918 διαόόητος
935 3849 1141 3911 ἐκεῖνος
1194 3851 1347 3914 ναὸς,
1406 3848 1581 3902 ἐδόκει
1631 3868 1745 3913 πως
1786 3851 1913 3916 ἴδιος

336 3935 604 4008 ὑπάρχειν
633 3939 660 3989 6
690 3937 865 4008 χῶρος
894 3937 1081 4000 αὑτοῦ,
1122 3937 1262 3991 κατά
1289 3955 1352 4005 γε
1368 3938 1466 4009 τὴν
1494 3938 1604 3991 τῶν
1630 3941 1915 4010 ἀρχαιοτέο

341 4044 447 4097 ρων
487 4026 775 4097 ὑπόληψιν,
812 4028 986 4098 μικρά
1040 4029 1384 4100 φρονούντων
1442 4029 1524 4082 ἔτι
1578 4032 1705 4100 περὶ
1752 4031 1910 4085 Θεοῦ.

336 4116 482 4168 Ἀντί
507 4116 563 4169 δὲ
590 4117 683 4170 τοῦ
742 4136 761 4169 ε
801 4118 1122 4186 ἐφθέγξατο,
1164 4138 1184 4170 ι
1241 4120 1453 4173 τέθεικε
1500 4121 1609 4173 τῶν
1648 4121 1913 4192 Ἐϐραίων

333 4211 367 4277 ἡ
401 4207 613 4271 ἕκδοσις
646 4227 663 4260 ι
699 4208 973 4280 ὠρύσατο,
1000 4229 1018 4260 ι
1043 4210 1164 4280 ἦτοι
1185 4210 1653 4281 ὲϐρυχήσατο,τὸν
1682 4213 1911 4266 λεόντων

334 4300 515 4369 νόμον.
539 4295 612 4354 Ob
631 4301 694 4370 δὴ
712 4303 1015 4369 γεγονότος,
1039 4320 1057 4352 ι
1084 4302 1437 4372 Ἐπένθησαν,
1459 4305 1642 4374 φησὶν,
1675 4307 1727 4357 αἱ
1750 4306 1912 4374 νομαὶ

2020 3121 2077 3165 ιιι
2106 3114 2363 3176 diximus,
2394 3124 2448 3168 et
2476 3114 2725 3182 quoniam
2750 3130 2947 3182 pascua
2975 3132 3227 3185 pecorum
3282 3137 3426 3191 smpe
3472 3139 3600 3176 cor-

2018 3215 2356 3272 rumpuntur,
2394 3206 2516 3259 inde
2543 3206 2947 3262 similitudinem
2982 3218 3064 3263 est
3089 3223 3409 3280 aucupatus.
3463 3215 3597 3281 Quis

2017 3311 2145 3364 ergo
2172 3296 2276 3349 erit
2306 3297 2591 3350 verborum
2616 3299 2792 3352 verior
2814 3302 3043 3355 sensus?
3081 3302 3317 3358 Locutus
3364 3316 3465 3371 est,
3524 3309 3606 3361 in~

2016 3390 2154 3458 quit,
2192 3406 2256 3445 ex
2290 3390 2417 3445 Sion
2449 3391 2727 3454 Dominus,
2760 3404 2817 3446 ut
2852 3409 2918 3447 ex
2954 3395 3070 3448 loco
3103 3400 3319 3465 prOpriu
3341 3409 3396 3453 et
3424 3417 3485 3453 ex
3511 3399 3604 3455 Je-

2016 3482 2273 3545 rusalem,
2305 3492 2362 3535 ttt
2391 3483 2489 3536 sibi
2521 3484 2817 3551 attribute;
2856 3503 2961 3540 non
2992 3488 3134 3540 enim
3184 3493 3324 3557 quod
3378 3507 3603 3561 corpore

2015 3582 2191 3636 vacat,
2229 3573 2344 3626 loco
2373 3574 2702 3627 continetur.
2736 3577 2870 3640 Quia
2899 3592 3028 3631 vero
3074 3579 3457 3649 Hierosolymis
3483 3595 3603 3637 erat;

2016 3662 2273 3730 templum
2306 3662 2431 3715 illud
2467 3662 2700 3729 celebre,
2734 3666 3017 3720 videbatur
3036 3670 3433 3735 quodammodo
3452 3672 3600 3727 locus

2017 3754 2162 3809 illius
2197 3756 2467 3823 proprius,
2497 3756 2637 3822 quod
2673 3766 2886 3811 veteres
2916 3759 3299 3827 opinabantur,
3347 3765 3472 3831 quia
3499 3767 3599 3817 hu-

2016 3844 2160 3896 milia
2195 3844 2370 3897 adhuc
2395 3844 2459 3895 tle
2489 3843 2598 3899 Deo
2626 3847 2953 3899 sentiebant.
2980 3847 3106 3914 Pro,
3143 3868 3162 3901 ι
3197 3850 3403 3906 locutus
3448 3864 3550 3917 est,
3574 3874 3595 3905 ›

2016 3934 2235 3990 Hebraea
2266 3936 2430 3991 editio
2455 3937 2617 3990 habet
2648 3954 2666 3989 ι
2691 3938 2936 4004 ululavit,
2968 3958 2988 3990 ›
3016 3942 3148 4005 sive,
3185 3960 3203 3991 ι
3234 3944 3412 4011 rtlgiit,
3443 3964 3461 3996 ι
3489 3945 3600 4000 leo-

2015 4043 2141 4082 num
2177 4043 2325 4082 more
2346 4028 2615 4082 videlicet.
2648 4028 2764 4094 Quo
2790 4029 2953 4097 iacto,
2996 4050 3014 4082 ι
3077 4031 3378 4099 Luxcrunt,
3401 4035 3596 4106 inquit,

2013 4135 2209 4188 pascua
2243 4130 2542 4190 pastorum.
2585 4139 2604 4170 ι
2641 4120 2757 4186 Quo
2776 4123 2991 4176 nomine
3014 4122 3434 4193 alienigenarum
3462 4143 3595 4194 gen-

2021 4221 2099 4265 tes
2129 4212 2403 4282 intelligit,
2448 4213 2783 4280 principibus
2831 4214 2943 4266 suis
2994 4225 3251 4281 tanquam
3286 4219 3596 4284 pastoribus

2014 4305 2336 4373 quibusdam
2362 4303 2653 4373 subiectas,
2672 4306 2763 4373 qui
2792 4304 2856 4357 ad
2879 4306 3057 4359 omnia
3093 4308 3224 4376 ipsis
3245 4308 3478 4361 rollibita
3503 4326 3598 4378 po-

332 4392 441 4443 τών
469 4392 760 4462 ποιμένων.
796 4411 814 4444 ι
848 4393 1038 4462 Νομάς
1089 4393 1147 4445 δὲ
1179 4371 1565 4464 ποιμένωνττὰ
1611 4396 1716 4448 τῶν
1749 4371 1906 4450 ἀλλο-

2020 4371 2169 4462 pulos
2195 4393 2696 4464 subjectospapiunt
2721 4406 3011 4464 aguntque.
3039 4396 3377 4451 «Luxerunt»
3410 4399 3592 4470 igitur,

335 4480 515 4547 φίλων
549 4479 675 4549 ἔθνη
706 4480 859 4557 φησι,
890 4481 1139 4552 καθάπερ
1176 4482 1286 4534 τισὶ
1336 4483 1557 4553 ποιμέσι
1591 4487 1700 4547 τοῖς
1730 4484 1909 4538 αὐτῶν

332 4572 627 4641 κρατοῦσιν
667 4572 1086 4643 ὑπεστρωμένα,
1131 4576 1181 4627 οἳ
1239 4575 1375 4646 πρὸς
1428 4577 1535 4629 πᾶν
1582 4576 1761 4629 ὁτιοῦν
1800 4577 1909 4629 τῶν

332 4663 473 4716 κατά
494 4662 718 4734 γνώμην
749 4665 931 4727 αὐτοῖς
956 4665 1149 4732 ἄγουσί
1169 4684 1227 4719 τε
1264 4668 1357 4720 καὶ
1393 4667 1616 4739 φέρουσι
1649 4671 1773 4731 τοὺς
1805 4669 1910 4722 ὑπὸ

330 4755 521 4824 χεῖρας
565 4752 749 4808 λαούς.
792 4772 811 4805 c
847 4755 1181 4826 Ἐπένθησαν
1213 4779 1232 4808 ι
1262 4758 1438 4810 τοίνυν
1459 4803 1473 4824 ,
1503 4760 1780 4813 τουτέστιν
1800 4800 1815 4822 ,
1851 4764 1909 4815 ἐν

335 4844 681 4914 κατηφείαις,
707 4846 801 4898 καὶ
827 4847 883 4899 ὲν
903 4848 1066 4901 παντὶ
1092 4850 1344 4917 γεγόνασι
1362 4851 1536 4922 κακῷ.
1558 4853 1771 4907 Γίνεται
1796 4854 1905 4925 γὰρ

330 4932 525 4996 πένθος
566 4936 659 4988 ἐπὶ
683 4940 916 5004 νεκροῖς.
972 4938 1153 4992 Αἴτιον
1186 4940 1240 4992 δὲ
1263 4942 1361 5011 τῆς
1396 4945 1681 5014 συμφορᾶς
1720 4945 1904 5009 αὐτοῖς

327 5025 389 5078 τὺ
414 5026 936 5097 καταὸρυχήσασθαι
994 5030 1086 5083 τὸν
1132 5032 1285 5097 Θεὸν,
1330 5034 1423 5085 καὶ
1463 5032 1572 5087 οἷον
1612 5037 1907 5104 ἀπειλῆσαι

326 5114 419 5166 τὸν
453 5114 695 5187 ὀλεθρον.
733 5136 750 5167 ι
774 5118 926 5170 Λέων
949 5119 1057 5190 γὰρ
1091 5120 1391 5191 ὲρεύξεται,
1414 5124 1506 5175 καὶ
1533 5123 1615 5186 τίς
1642 5124 1701 5176 οὐ
1737 5125 1906 5195 φοϐη-

327 5205 587 5276 θήσεται;
612 5226 630 5258 ι
666 5206 810 5277 Πλὴν
831 5208 891 5260 οὐ
926 5210 1085 5279 μόνον
1119 5212 1419 5283 ἐπένθησαν
1470 5216 1523 5266 αἱ
1583 5217 1745 5285 νομαὶ
1794 5216 1903 5268 τῶν

325 5296 610 5364 ποιμνίων,
643 5298 917 5368 ἐξηράνθη
949 5300 1004 5353 δὲ
1064 5302 1200 5371 πρὸς
1248 5303 1421 5374 τούτῳ
1456 5305 1549 5357 καὶ
1604 5307 1639 5375 ἡ
1688 5308 1901 5379 κορυφὴ

324 5384 416 5438 τοῦ
440 5387 762 5457 Καρμήλου,
801 5391 1066 5455 τουτέστι,
1099 5392 1167 5445 τά
1200 5393 1564 5465 Ἰεροσόλυμα.
1596 5397 1898 5468 Κάρμηλος

326 5474 425 5543 μὲν
462 5477 571 5546 γὰρ
603 5477 726 5549 ὅρος
773 5481 921 5533 ἐστὶν
973 5484 1031 5534 ὲν
1062 5486 1128 5554 τῇ
1174 5484 1281 5537 τῶν
1311 5487 1581 5540 Ἰουδαίων
1640 5490 1893 5559 κείμενον

331 5566 506 5639 χώρᾳ,
538 5571 595 5621 ὲν
620 5562 664 5637 ᾧ
694 5570 789 5624 καὶ
831 5572 1150 5644 κατῴκησεν
1174 5575 1203 5627 ό
1237 5576 1500 5650 Θεσὸίτης
1542 5579 1747 5643 Ἠλίας.
1785 5582 1900 5635 Κα-

403 5748 425 5779 ⁶
457 5748 622 5805 Amos
651 5765 735 5811 ιιι,
760 5751 812 5807 8.

2019 4487 2119 4539 hoc
2146 4496 2251 4547 est,
2280 4486 2330 4538 in
2351 4486 2673 4539 mmroribus
2697 4486 2917 4540 etmalis
2936 4489 3188 4543 omnibus
3217 4490 3414 4544 versati
3445 4502 3593 4545 sunt.

2016 4574 2216 4629 Luctus
2241 4576 2382 4627 etaim
2417 4589 2579 4643 super
2606 4577 2832 4629 mortuis
2850 4576 3163 4645 suscipitur.
3218 4578 3389 4633 Causa
3411 4590 3594 4636 autem

2018 4668 2355 4721 miseriarum
2393 4667 2546 4735 ipsis,
2571 4668 2712 4737 quod
2745 4669 2883 4722 Deus
2908 4671 3180 4739 rugiisset,
3210 4683 3263 4726 et
3296 4676 3592 4743 perniciem
3636 4708 3637 4711 η

2001 4758 2106 4813 illis
2135 4758 2289 4826 quasi
2314 4758 2550 4811 minatus
2572 4769 2743 4814 esset.
2770 4778 2788 4810 ι
2832 4760 2939 4815 Leo
2968 4763 3162 4830 rugiet,
3198 4766 3320 4834 quis
3367 4783 3474 4822 non
3522 4769 3591 4821 ti-

2012 4851 2176 4904 mebit
2210 4850 2229 4881 ⁸
2252 4850 2275 4902 ?
2302 4868 2321 4900 ι
2358 4848 2838 4908 Verumenimvero
2871 4869 2977 4907 non
3011 4856 3168 4910 modo
3221 4856 3589 4928 luxernntpa-

2010 4955 2158 5005 seua,
2183 4940 2345 5010 253
2375 4941 2592 5009 insuper
2614 4950 2668 4994 et
2689 4952 2875 4997 vertex
2906 4943 3137 4998 Carmeli
3166 4947 3468 5003 exsiccatus
3484 4959 3588 5014 est,

2011 5041 2159 5101 puta,
2185 5032 2575 5101 Hierosolyma.
2608 5032 2890 5089 Carmelus
2913 5037 3055 5090 enim
3085 5053 3238 5091 mons
3267 5050 3348 5093 est
3367 5039 3587 5106 Jutlzeze,

2012 5127 2063 5175 in
2093 5138 2201 5192 quo
2230 5130 2285 5177 et
2314 5123 2459 5177 Elias
2484 5122 2768 5180 Thesbites
2801 5127 3084 5182 habitavit.
3131 5130 3467 5199 Frequenter
3488 5148 3587 5185 att-

2015 5225 2126 5270 tem
2162 5215 2319 5270 tellus
2346 5214 2652 5272 Judmorum
2685 5218 2918 5274 Carmeli
2969 5223 3229 5277 vocabulo
3284 5225 3585 5281 indicatur:

2010 5307 2168 5377 quale
2197 5318 2299 5370 est,
2335 5310 2476 5376 quod
2498 5324 2628 5364 voce
2653 5309 2874 5366 alterius
2891 5314 3167 5382 propheta:
3203 5316 3268 5369 ad
3331 5317 3471 5371 filios
3503 5319 3586 5373 ls-

2011 5399 2118 5452 rael
2139 5416 2168 5453 a
2196 5400 2302 5455 Deo
2328 5401 2524 5455 dicitur
2556 5417 2571 5454 :
2609 5421 2629 5455 ι
2660 5402 2728 5457 Ει
2761 5403 2947 5459 induxi
2978 5422 3071 5460 vos
3096 5408 3146 5461 in
3170 5406 3498 5475 Carmelum,
3526 5420 3585 5465 ut

2008 5492 2365 5546 comederetis
2395 5491 2533 5547 bona
2568 5494 2685 5563 ejus
2705 5504 2758 5549 et
2788 5493 2997 5551 fructus
3054 5498 3191 5565 ejus.
3240 5499 3303 5552 Et
3346 5499 3581 5571 ingressi

2007 5584 2161 5649 estis,
2196 5595 2248 5639 et
2286 5585 2695 5643 contaminastis
2730 5597 2926 5644 terram
2952 5604 3146 5659 meam,
3180 5601 3235 5647 et
3296 5592 3581 5650 haeredita-
