4132 6370
504 345 612 404 419

1497 340 1556 399 S.
1600 338 1874 398 CYRILLI
1916 335 2383 391 ALEXANDRINI
2425 335 2742 392 ARCIIIEP.

3665 338 3772 394 λεί)

504 471 612 516 tetu
640 475 811 516 meam
839 459 1099 528 posuistis
1131 457 1186 511 in
1214 457 1676 512 abominationem
1712 458 1756 510 ".
1790 475 1809 507 ι
1844 456 2087 520 Quando-

2198 455 2593 526 τασημαίνεται
2619 455 2675 508 δὲ
2706 452 2964 516 πολλάκις
3021 455 3054 524 ἡ
3105 451 3211 505 τῶν
3240 451 3509 506 Ἰουδαίων
3557 453 3626 522 γῆ
3683 452 3770 508 διὰ

501 552 719 620 quidem
755 551 921 619 igitur
954 549 1095 603 inter
1117 546 1315 602 Judatte
1336 548 1587 601 civitates
1611 547 1843 600 nobilior
1863 556 1918 600 et
1972 546 2094 598 illu-

502 644 665 697 strior
689 641 1061 711 Hierosolyma
1095 640 1235 694 dicta
1261 648 1365 704 est,
1420 640 1593 708 ipsam
1643 638 1876 694 Carmeli
1927 638 2092 692 verti-

502 749 620 787 cem
669 732 919 802 appellat,
971 741 1029 784 ut
1075 731 1244 800 gloria
1295 731 1614 792 exaltatam,
1655 740 1714 783 ut
1764 728 2087 784 excellentia

503 832 868 889 prtcstantem,
904 831 963 875 ut
995 830 1196 890 praeter
1225 820 1362 875 alias
1390 821 1744 888 conspicuam
1806 829 1914 872 ttttn
1963 834 2088 887 pro-

501 919 619 978 pter
678 911 918 963 divinum
978 909 1265 977 templum,
1316 918 1428 962 tum
1461 920 1685 977 propter
1751 925 1847 963 eos
1899 910 2086 978 quiex

513 1001 656 1054 tribu
687 999 824 1056 Juda
847 1002 974 1055 olim
996 1001 1065 1053 ibi
1095 1011 1475 1068 regnaverunt.
1501 1000 1690 1055 Solent
1747 1011 1923 1054 autem
1957 1015 2084 1052 san-

500 1093 572 1144 cti
591 1094 864 1160 prophetae
889 1093 1048 1145 verba
1084 1109 1179 1146 sua
1202 1093 1625 1146 obscuritatibus
1655 1093 1946 1155 involvere,
1972 1107 2090 1160 pro-

499 1194 622 1254 pter
652 1185 1062 1238 immoderatam
1104 1185 1441 1237 audientium
1467 1183 1635 1249 iram;
1673 1201 1778 1238 non
1801 1184 1941 1238 enim
1972 1184 2088 1237 sine

499 1276 888 1344 integumentis
915 1290 1008 1329 eos
1047 1274 1194 1344 loqui
1245 1286 1584 1345 paterentur,
1649 1275 1872 1328 nimium
1916 1289 2089 1342 quan-

500 1377 611 1419 tutn
647 1365 872 1419 audacia
905 1366 1170 1428 furentes,
1204 1379 1258 1420 et
1281 1367 1402 1420 illos
1450 1367 1795 1434 increparent
1844 1379 1907 1418 ac
1939 1365 2087 1418 dice-

499 1469 666 1512 rent:
717 1458 834 1511 Alia
880 1459 1034 1512 nobis
1095 1458 1402 1528 loquimini,
1453 1466 1507 1514 et
1568 1457 1888 1510 anmmtiate
1928 1455 2082 1510 nobis

497 1549 655 1601 aliam
681 1549 944 1603 fabulam.

497 1639 768 1702 λεύοντας.
828 1640 989 1702 Ἒθος
1081 1639 1139 1692 δὲ
1199 1642 1314 1703 τοῖς

497 1733 751 1802 ἀχάλινον
820 1736 900 1796 είς
969 1733 1138 1805 ὀργὴν
1198 1734 1307 1808 τῶν
1400 1735 1789 1805 ἀκροωμένων.
1853 1734 1926 1786 Οὐ
1995 1731 2102 1803 γάρ
2177 1729 2240 1784 ἂν

498 1823 896 1894 ἁνεπτοημένοι
946 1824 1082 1895 πρὸς
1148 1824 1390 1895 Θράσος,
1458 1827 1553 1878 καὶ
1645 1829 1760 1889 τοῖς
1812 1825 1988 1892 ἁγίοις
2067 1823 2374 1893 προφήταις
2429 1819 2832 1890 ἐπιτιμῶντες,

496 1915 741 1979 λαολείτε,
795 1916 890 1967 καὶ
920 1913 1283 1982 ἀναγγέλλετε
1314 1916 1507 1985 ἑτέραν
1536 1915 1822 1984 πλάνησιν.

567 2009 733 2064 VERS.
781 2009 901 2062 5-5.
944 2007 1010 2061 Et
1042 2009 1181 2061 dixit
1237 2007 1496 2063 Dominus
1523 2026 1541 2062 :
1567 2008 1733 2078 Super
1770 2009 1936 2061 tribus
1982 2008 2083 2059 iut-
2114 2015 2154 2068 Β

496 2090 782 2170 pietatibus
818 2099 1095 2168 Damasci,
1122 2111 1168 2154 et
1199 2117 1358 2170 super
1388 2118 1613 2169 quatuor
1643 2120 1745 2154 non
1790 2111 2083 2154 convertam

494 2207 638 2252 eum,
668 2206 728 2244 eo
759 2191 896 2260 quod
929 2191 1189 2243 secuerint
1230 2193 1390 2245 seri-is
1416 2194 1599 2261 ferreis
1634 2195 1686 2244 iu
1719 2203 1864 2246 utero
1892 2193 2086 2244 haben-

2194 547 2296 615 τῆς
2332 545 2427 598 τοῦ
2457 545 2750 617 Καρμήλου
2781 544 3172 615 προσηγορίας.
3226 543 3438 596 Ὀποῖόν
3464 545 3580 595 ἐστι
3601 544 3662 596 τὸ
3683 544 3769 597 διὰ

2195 638 2379 705 φωνῆς
2428 635 2615 706 ἐτέρου
2671 635 2950 705 προφήτου
3007 633 3142 704 πρὸς
3195 634 3322 695 τοὺς
3369 632 3518 695 υἱοὺς
3558 631 3771 704 Ἰσραὴλ

2193 727 2484 798 εἰρημένον
2519 727 2672 798 παρὰ
2698 725 2852 778 Θεοῦ.
2892 747 2910 777 ι
2941 727 3051 778 Καὶ
3081 726 3375 796 εἰσήγαγον
3399 725 3546 793 ἡμᾶς
3567 725 3647 787 είς
3677 723 3768 778 τὸν

2191 817 2488 888 Κάρμηλον
2538 815 2630 868 τοῦ
2680 818 2874 884 φαγεῖν
2925 816 2994 868 τὰ
3046 813 3464 882 ἀγαθὰηαὺτοῦ,
3505 815 3596 866 καὶ
3646 815 3771 876 τοὺς

2189 909 2438 978 καρποὺς
2465 906 2652 967 αὑτοῦ,
2689 908 2782 959 καὶ
2805 906 3104 976 είσήλθετε,
3145 908 3238 959 καὶ
3266 907 3518 977 ἑμιάνετε
3541 907 3637 977 τὴν
3670 906 3770 977 γῆν

2199 1015 2322 1067 μου,
2354 997 2448 1048 καὶ
2473 995 2571 1067 τὴν
2595 995 2961 1066 κληρονομίαν
2994 1013 3094 1066 μου
3117 996 3305 1050 ἔθεσθε
3330 998 3410 1059 εἰς
3443 996 3732 1066 βδέλυγμα.
3748 1016 3766 1048 ο

2195 1087 2418 1159 Ἐπειδὴ
2451 1089 2632 1140 τοίνυν
2690 1086 2798 1140 τῶν
2849 1087 3024 1140 ἄλλων
3075 1089 3284 1142 πόλεων
3333 1089 3442 1142 τῶν
3503 1089 3645 1142 κατὰ
3676 1089 3772 1159 τὴν

2194 1179 2460 1232 Ἰουδαίαν
2498 1178 2890 1248 ὲπισημοτέρα,
2925 1179 3020 1231 καὶ
3049 1178 3314 1249 διαφανὴς
3349 1179 3661 1248 ὠνόμασται
3705 1176 3774 1230 τὰ

2207 1268 2576 1340 Ἰεροσόλυμα,
2608 1269 2855 1339 κορυφὴν
2901 1270 3042 1322 αὐτὰ
3093 1269 3190 1322 τοῦ
3245 1269 3547 1341 Καρμήλου
3589 1270 3772 1340 φησὶν,

2196 1362 2271 1424 ὡς
2302 1361 2621 1430 ἐπηρμένην
2647 1361 2704 1412 ὲν
2731 1360 2877 1431 δόξῃ,
2913 1361 2989 1425 ὡς
3015 1361 3357 1433 προῦχουσαν
3409 1365 3468 1416 ὲν
3497 1364 3772 1433 ὑπεροχῇ,

2193 1451 2268 1514 ὡς
2325 1451 2621 1522 περίοπτον
2670 1450 2820 1522 παρά
2881 1450 2978 1514 τὰς
3027 1452 3214 1514 ἄλλας,
3269 1453 3358 1506 διά
3414 1469 3474 1504 τε
3507 1451 3597 1504 τὸν
3635 1451 3776 1503 θεῖον

2192 1543 2337 1604 ναὸν,
2370 1541 2614 1602 καὶτοὺς
2672 1542 2736 1593 ἐκ
2779 1541 2954 1611 φυλῆς
2979 1543 3149 1596 Ἰούδα
3195 1545 3335 1596 κατὰ
3375 1543 3567 1615 καιρὸν
3621 1542 3776 1612 βασι-

1398 1641 1578 1708 ἁγίοις
1624 1641 1936 1711 προφήταις
1999 1634 2411 1704 κατακρύπτειν
2479 1635 2602 1692 ταῖς
2697 1633 2988 1700 ἀσαφείαις
3057 1635 3183 1698 τοὺς
3266 1636 3498 1705 λόγους,
3565 1637 3654 1690 διὰ
3716 1635 3776 1687 τὸ

2327 1729 2620 1799 ὴνέσχοντο
2693 1727 2999 1782 λαλούντων
3078 1731 3376 1799 ἀναφανδὸν
3450 1732 3584 1786 πολὺ
3656 1731 3774 1784 λίαν

2916 1821 3006 1875 καὶ
3077 1822 3328 1891 λέγοντες
3349 1839 3363 1854 ⁸
3422 1825 3590 1879 Ἀλλ-α
3645 1827 3774 1895 ἡμῖν

2253 2002 2363 2055 Καὶ
2386 1997 2516 2054 εἷπε
2547 2002 2778 2070 Κύριος·
2808 2002 2906 2056 ἐπὶ
2935 2003 3063 2069 ταῖς
3094 2004 3290 2071 τρισὶν
3331 2005 3636 2074 ἀσεϐείαις
3666 2012 3770 2062 Δαρ-

2181 2095 2447 2164 μασκοῦ,
2484 2095 2582 2148 καί
2625 2095 2724 2148 ἐπὶ
2765 2095 2896 2162 ταῖς
2935 2095 3273 2165 τέσσαρσιν
3317 2101 3428 2153 οὐκ
3469 2102 3772 2170 ἀποστρα-

2185 2186 2454 2255 φήσομαι
2499 2187 2708 2249 αὑτὸν,
2739 2187 2866 2239 ἀνθ’
2895 2181 2983 2240 ὧν
3030 2187 3266 2254 ἐπριζον
3305 2191 3548 2258 πρίσω-ιν
3606 2194 3776 2264 σιδη-

497 2293 572 2336 tes
623 2283 674 2334 in
728 2280 955 2334 Galaad.
1013 2281 1080 2334 Et
1119 2283 1247 2334 oriri
1297 2282 1489 2350 faciam
1547 2285 1716 2352 ignem
1768 2286 1822 2337 in
1871 2286 2083 2337 domum

2188 2279 2310 2346 ροῐς
2340 2278 2449 2342 τὰς
2472 2279 2541 2331 ἐν
2572 2277 2786 2346 γαστρὶ
2822 2278 3087 2347 ἐχούσας
3117 2280 3234 2334 τῶν
3263 2280 3333 2332 ἐν
3361 2283 3608 2336 Γαλαὰδ
3628 2300 3641 2312 ο
3675 2286 3771 2339 καὶ

496 2373 679 2439 Azael,
710 2383 759 2425 et
786 2372 1055 2425 devorabit
1088 2373 1438 2442 fundamenta
1486 2374 1587 2442 ﬁlii
1615 2374 1777 2429 Ader.
1813 2375 1882 2428 Et
1910 2387 2086 2430 conte-

496 2480 610 2516 runt
663 2472 828 2516 vectes
887 2463 1156 2526 Damasci,
1219 2475 1266 2517 et
1315 2464 1618 2532 dispertiunt
1670 2466 1968 2519 habitantes
2021 2485 2086 2520 ea:

495 2572 678 2622 campo
708 2550 834 2618 Ὧν,
873 2564 918 2606 et
945 2557 1224 2608 concidam
1259 2558 1452 2609 tribum
1486 2574 1552 2610 ea:
1589 2559 1710 2611 viris
1743 2558 2010 2622 Cltarran,
2036 2571 2082 2613 et

496 2645 849 2711 captivabitur
897 2646 1120 2714 papulas
1174 2645 1349 2717 Syria:
1404 2649 1671 2717 inclytus,
1721 2651 1847 2702 dicit
1899 2652 2080 2706 Domi-

497 2750 614 2787 nus.

574 2929 664 2985 IV.
694 2929 912 2984 Divinus
953 2931 1166 3004 Moyses
1201 2935 1365 2988 Deum
1385 2943 1444 2987 ιιι
1475 2935 1672 2990 bonum
1710 2946 1762 2990 et
1787 2936 2081 3005 patientem

497 3019 821 3087 admiratur,
860 3023 1023 3091 idque
1058 3026 1378 3080 rectissime.
1413 3027 1703 3095 Postquam
1750 3028 1893 3081 enim
1920 3027 2083 3080 Israel

499 3109 725 3163 vitulum
754 3110 1009 3166 conﬂavit
1034 3113 1086 3166 iu
1123 3115 1432 3180 solitudine,
1458 3131 1520 3169 ac
1557 3117 1720 3171 stulte
1750 3118 1885 3171 dixit
1917 3134 1930 3170 :
1963 3135 1982 3168 ι
2019 3118 2080 3172 lli

496 3214 623 3254 sunt.
657 3202 727 3256 dii
755 3205 852 3270 tui,
883 3204 1075 3272 Israel,
1107 3206 1198 3276 qui
1235 3215 1286 3259 te
1313 3207 1619 3261 eduxerunt
1644 3208 1708 3262 de
1739 3219 1880 3262 terra
1913 3209 2082 3280 Egy-

498 3293 573 3360 pti
595 3291 638 3359 ⁸,
671 3310 690 3343 ι
723 3307 828 3346 non
861 3293 1036 3362 potuit
1067 3295 1120 3348 itt
1153 3296 1245 3350 Dei
1270 3294 1619 3351 offensionem
1647 3315 1750 3352 non
1783 3299 2079 3354 incurrere.

2187 2369 2529 2433 ἐξανίετελῶ
2567 2370 2688 2438 πῦρ
2727 2373 2814 2435 είς
2853 2370 2960 2423 τὸν
2989 2371 3161 2423 οἷκον
3201 2371 3426 2439 Ἀζαὴλ,
3466 2374 3566 2426 καὶ
3601 2392 3775 2428 κατα-

2184 2459 2454 2528 φάγεται·
2472 2461 2716 2529 θεμέλια
2758 2459 2891 2513 υἱοῦ
2926 2460 3108 2526 Ἀδέρ.
3149 2462 3259 2515 Καὶ
3304 2465 3615 2532 συντρίψω
3652 2483 3774 2534 μο-

2185 2551 2376 2620 χλοὺς
2409 2552 2751 2620 Δαμασκοῦ,
2782 2552 2879 2605 καὶ
2910 2553 3321 2620 ἐξολοθρεύσω
3348 2556 3774 2622 κατοικοῦντας

2183 2645 2253 2696 ἐκ
2289 2644 2498 2697 πεδίου
2525 2639 2660 2708 Ὧν,
2703 2644 2799 2697 καὶ
2830 2646 3149 2712 κατακόψω
3188 2644 3397 2714 φυλὴν
3433 2647 3501 2710 ἐξ
3543 2647 3776 2716 ἀνδρῶν

2185 2736 2449 2804 Χαρρὰν,
2499 2737 2596 2790 καὶ
2664 2737 3286 2804 αὶχμαλωτισθήσεται
3351 2738 3502 2802 λαὸς
3557 2740 3774 2808 Συρίας

2183 2826 2529 2894 ἐπίκλητος,
2553 2827 2713 2896 λέγει
2741 2828 2977 2894 Κύριος.

2257 2921 2328 2970 Δ’.
2380 2919 2437 2971 '0
2479 2919 2760 2981 θεσπέσιος
2792 2919 2998 2987 Μωσῆς
3037 2919 3112 2982 ὡς
3137 2921 3338 2988 ἀγαθόν
3368 2939 3428 2974 τε
3475 2923 3568 2975 καὶ
3597 2923 3774 2987 ἀνεξί-

2185 3027 2353 3062 κακον
2376 3010 2788 3079 καταθαυμάζει
2809 3009 2960 3074 Θεὸν,
2991 3012 3083 3064 καὶ
3109 3013 3254 3082 μάλα
3276 3013 3519 3076 εἰκότως.
3559 3010 3775 3084 Ἐπειῦη

2185 3102 2295 3172 γὰρ
2328 3101 2764 3173 μεμοσχοποίηκε
2799 3102 2942 3154 κατὰ
2967 3103 3067 3172 τὴν
3105 3102 3309 3176 ἔρημον
3335 3107 3363 3156 ὀ
3399 3104 3635 3174 Ἰσραὴλ,
3669 3105 3771 3176 ἔφη

2183 3214 2243 3250 τε
2289 3196 2600 3265 φληνάφως,
2639 3213 2656 3244 ι
2687 3187 2846 3246 Οὗτοι
2879 3197 2928 3246 οἱ
2973 3195 3086 3247 θεοί
3130 3213 3246 3259 σου,
3285 3196 3520 3266 Ἰσραὴλ,
3553 3196 3775 3260 οἵτινες

2185 3284 2461 3355 άνήγαγόν
2497 3301 2554 3336 σε
2603 3285 2668 3336 ὲκ
2698 3284 2803 3351 γῆς
2835 3285 3132 3352 Αἰγύπτου,
3162 3306 3180 3337 ι
3230 3290 3642 3363 προσκέκρουκε
3676 3293 3775 3361 μὲν

499 3384 605 3437 Sed
669 3384 758 3438 ubi
817 3387 1040 3438 exitium
1091 3387 1224 3456 ipsis
1279 3390 1515 3444 minatus
1565 3400 1650 3443 est
1709 3392 1916 3455 semel,
1973 3405 2082 3445 tum

2189 3376 2542 3444 ἀναγκαίως·
2598 3375 2784 3447 ἐπειδὴ
2829 3377 2885 3428 es
2929 3377 3270 3448 ὀλοθρεύσειν
3317 3381 3512 3444 αὐτοὺς
3545 3383 3774 3449 εἰσάπαξ

497 3471 720 3540 supplex
769 3475 1022 3528 accidens
1057 3475 1268 3545 Moyses
1304 3477 1537 3547 rogavit,
1568 3489 1732 3548 atque
1770 3481 1932 3534 etiam
1968 3497 2088 3549 per-

496 3567 670 3620 suasit
709 3565 926 3633 Opiﬁci,
960 3577 1019 3620 ut
1058 3569 1164 3623 reis
1201 3570 1526 3638 ignosceret,
1555 3581 1608 3625 et
1641 3587 1855 3627 carmen
1886 3573 2089 3641 gratia-

497 3671 616 3709 rum
685 3657 918 3711 actionis
971 3657 1192 3726 obtulit,
1249 3661 1300 3713 in
1356 3660 1471 3716 haec
1530 3661 1694 3715 verba
1743 3680 1757 3716 :
1809 3682 1825 3713 ι
1865 3664 2089 3718 Domine

499 3747 643 3800 Deus
696 3747 937 3804 clemens
988 3758 1044 3804 et
1104 3752 1452 3818 misericors,
1517 3755 1729 3825 patiens
1793 3767 1847 3810 et
1904 3756 2086 3810 multa:

499 3836 886 3901 miserationis,
923 3849 976 3892 et
999 3839 1271 3908 justitiam
1307 3857 1548 3907 servans,
1581 3855 1636 3897 et
1659 3845 2086 3899 misericordiam

499 3927 704 3981 t'acieus
732 3929 785 3982 in
818 3929 1007 3992 millia,
1043 3929 1301 3986 auferens
1331 3934 1667 4002 iniquitates,
1692 3945 1746 3989 et
1777 3936 2085 4002 injustitias,

497 4027 553 4070 et
585 4030 828 4086 peccata.
866 4021 932 4074 Et
966 4036 1119 4075 reum
1148 4039 1252 4077 non
1289 4025 1618 4093 puriticabit,
1640 4026 1803 4098 254
1833 4029 2089 4082 inducens

501 4119 724 4175 peccata
756 4121 968 4178 patrum
998 4127 1161 4181 super
1193 4114 1354 4179 lilios,
1389 4126 1445 4169 et
1491 4131 1652 4186 super
1686 4120 1822 4172 lilios
1854 4120 2084 4174 ﬁliorum

500 4200 557 4251 in
588 4201 802 4254 tertiam
852 4212 907 4256 et
933 4213 1178 4272 quartam
1209 4207 1682 4274 generationem’.
1720 4228 1738 4259 ι
1782 4209 1892 4264 Hoc
1922 4227 2089 4280 popu-

497 4291 582 4345 lus
612 4290 923 4348 "Judteorum
977 4280 1096 4348 non
1119 4297 1257 4351 bene
1288 4297 1576 4352 intellexit.
1629 4298 1897 4363 Putabant
1939 4303 2084 4356 enim

498 4385 665 4437 Deum
707 4400 826 4439 esse
877 4387 1012 4440 adeo
1057 4389 1274 4454 durum,
1327 4399 1382 4442 et
1437 4390 1847 4456 inexorabilem,
1887 4404 1942 4447 et
1994 4395 2089 4448 iraa

500 4475 849 4541 retinentem,
906 4487 964 4530 ut
1003 4477 1126 4533 ﬁliis
1163 4477 1394 4532 ﬁliorum
1431 4481 1625 4534 delicta
1662 4491 1873 4550 patrum
1918 4485 2090 4554 impo-

501 4575 679 4620 neret.
720 4565 1083 4632 Quamobrem
1127 4570 1229 4639 ipsi
1264 4570 1316 4623 itt
1359 4574 1702 4626 sermonibus
1736 4576 1835 4629 boc
1875 4575 2087 4630 dictita-

497 4658 653 4719 bant,
685 4658 932 4711 aieutes:
968 4677 987 4709 ι
1021 4658 1210 4713 Patres
1237 4664 1592 4715 comederunt
1619 4679 1776 4716 uvam
1813 4666 2084 4730 acerbam,

2190 3469 2404 3540 ἠπείλει
2436 3467 2588 3532 Θεὸς,
2617 3464 2737 3521 εἶτα
2770 3470 3110 3540 προσέπιπτέ
3139 3487 3197 3523 τε
3248 3473 3344 3524 καὶ
3367 3472 3614 3542 ἐλιπάρει
3647 3475 3776 3526 Μω·

2193 3560 2313 3630 σῆς,
2330 3561 2422 3613 καὶ
2443 3560 2547 3631 μὴν
2565 3563 2658 3614 καὶ
2671 3563 2878 3614 ἀνεῖναι
2895 3565 3006 3625 τοῖς
3017 3564 3049 3632 ἡ
3060 3564 3397 3634 μαρτηκόσιν
3411 3565 3659 3617 ἀνέπειθε
3677 3564 3776 3635 τὴν

2189 3651 2344 3722 δίκην
2366 3651 2455 3704 τὸν
2471 3652 2835 3722 Δημιουργὸν,
2859 3653 2953 3705 καὶ
2968 3654 3353 3725 χαριστηρίους
3370 3655 3511 3725 ᾠδάς
3521 3654 3774 3717 ἀνετίθει,

2189 3742 2394 3810 λέγων·
2431 3762 2449 3793 t
2484 3742 2690 3812 Κύριος
2734 3746 2763 3796 ὁ
2805 3743 2937 3806 Θεὸς
2986 3745 3307 3815 οἰκτίρμων,
3363 3746 3455 3798 καὶ¹
3505 3746 3772 3816 ἐλεήμων,

2194 3834 2580 3906 μακρόθυμος,
2626 3834 2720 3888 καὶ
2771 3835 3085 3899 πολυέλεος,
3127 3837 3222 3890 καὶ
3254 3836 3526 3909 ἀληθινὸς,
3558 3839 3652 3891 καὶ
3695 3838 3775 3890 δι-

2189 3925 2481 3994 καιοσύνην
2506 3925 2798 3995 διατηρῶν,
2831 3926 2925 3977 καὶ
2957 3925 3103 3988 ἕλεος
3127 3929 3209 3990 είς
3236 3927 3499 3996 χιλιάδας,
3528 3926 3776 3998 ἀφαιρῶν

2189 4019 2436 4087 ἀνομίας,
2467 4017 2562 4070 καὶ
2587 4016 2820 4081 ἀδικίας,
2850 4018 2944 4069 καὶ
2973 4017 3268 4088 ἁμαρτίας.
3293 4018 3404 4070 Καὶ
3430 4019 3489 4070 οὐ
3523 4018 3778 4090 καθαριεῖ

2188 4109 2279 4163 τὸν
2307 4109 2511 4180 ἔνοχον,
2543 4108 2767 4176 ἐπάγων
2799 4108 3028 4178 ἀνομίας
3059 4109 3310 4180 πατέρων
3341 4112 3433 4163 ἐπὶ
3466 4110 3648 4174 τέκνα,
3680 4114 3776 4164 καὶ

2188 4203 2281 4254 ἐπὶ
2309 4202 2476 4255 τέκνα
2506 4202 2730 4264 τέκνων,
2752 4202 2844 4253 ἐπὶ
2878 4200 3070 4272 τρίτην
3088 4203 3180 4255 καὶ
3217 4203 3482 4274 τετάρτην
3511 4206 3720 4273 γενεάν.
3751 4226 3769 4255 ι

2189 4294 2360 4347 Τοῦτο
2388 4295 2705 4366 νενοήκασιν
2734 4293 2834 4346 οὐκ
2861 4293 3037 4363 ὀρθῶς
3065 4295 3172 4347 τῶν
3206 4294 3471 4348 Ἰουδαίων
3510 4298 3558 4348 οἱ
3591 4297 3771 4367 δῆμοι.

2192 4387 2381 4456 ᾬοντο
2401 4386 2509 4457 γὰρ
2541 4383 2680 4439 εἶναι
2711 4385 2843 4438 Θεὸν
2862 4385 3092 4456 σκληρὸν
3119 4385 3281 4450 οὕτω,
3312 4387 3406 4439 καὶ
3438 4388 3773 4458 ἀτεράμονα,

2189 4483 2278 4534 καὶ
2311 4482 2518 4553 μακρὸν
2545 4484 2623 4546 είς
2660 4482 2850 4554 ὀργὰς,
2892 4484 2968 4547 ὡς
3009 4484 3220 4547 τέκνοις
3261 4485 3464 4538 τέκνων
3497 4486 3776 4557 ἐπιφέρειν

2185 4572 2255 4626 τὰ
2285 4574 2394 4626 τῶν
2429 4574 2681 4646 πατέρων
2723 4575 3064 4646 ἐγκλήματα.
3111 4578 3222 4630 Καὶ
3265 4575 3396 4644 γοῦν
3442 4576 3575 4628 αὐτὸ
3618 4578 3776 4630 τοῦτο

2187 4665 2592 4733 διαγγέλλοντες
2622 4666 2877 4735 ἔφασκον,
2907 4685 2926 4718 ι
2950 4669 3012 4720 υί
3041 4667 3275 4738 πατέρες
3305 4667 3506 4736 ἔφαγον
3527 4669 3772 4738 ὄμφακα,

498 4757 554 4800 ct
600 4747 788 4802 dentes
828 4750 1060 4803 tiliorum
1107 4750 1596 4821 obstupuerunt”.
1631 4773 1650 4806 ι
1691 4755 1898 4811 Idcirco
1943 4759 2082 4811 Dens

2188 4759 2282 4812 καὶ
2324 4761 2373 4811 οἱ
2408 4759 2620 4822 ὀδόντες
2664 4760 2773 4813 τῶν
2818 4761 3022 4813 τέκνων
3059 4760 3420 4830 ὲγομφίασαν.
3446 4781 3465 4813 ι
3505 4761 3773 4832 Ταύτητοι

498 4837 566 4890 ad
614 4838 953 4894 Ezechielem
1013 4843 1380 4911 prophetam:
1417 4862 1436 4895 t
1470 4844 1574 4900 Fili
1631 4847 1903 4909 hominis.
1955 4849 2085 4916 quid

497 4929 654 4985 vobis
706 4930 961 5000 parabola
996 4935 1112 4986 haec
1161 4936 1212 4987 in
1248 4945 1389 4988 terra
1424 4935 1634 4991 Israel?
1666 4940 1909 4993 dicentes
1939 4958 1951 4992 :
1984 4939 2084 4993 Pa-

498 5032 613 5078 tres
649 5024 1003 5077 comederunt
1045 5040 1202 5078 uvam
1240 5028 1515 5092 acerbam,
1554 5036 1608 5082 et
1639 5031 1826 5083 dentes
1857 5029 2085 5084 ﬁliorum

495 5114 945 5183 obstupuerunt?
1000 5116 1132 5170 Vivo
1167 5133 1289 5186 ego,
1339 5119 1472 5172 dicit
1519 5120 1797 5186 Dominus,
1831 5122 2086 5188 quoniam

497 5219 605 5259 non
634 5205 844 5259 dicetur
867 5207 1015 5284 ultra.
1035 5209 1146 5262 haec
1172 5211 1424 5277 parabola
1451 5211 1500 5263 in
1528 5211 1714 5265 Israel.
1740 5211 1875 5276 Quia
1899 5229 2088 5268 oumes

495 5298 691 5352 anima:
725 5313 857 5352 mea:
889 5309 1035 5364 sunt,
1070 5302 1527 5370 quemadmodum
1564 5306 1741 5355 anima
1776 5304 1971 5372 patris,
2006 5304 2084 5358 sic

496 5399 553 5443 et
585 5391 766 5444 anima
801 5390 920 5446 ﬁlii.
963 5394 1156 5447 Anima
1189 5410 1309 5462 quae
1349 5395 1676 5462 peccaverit,
1726 5396 1838 5465 ipsa
1883 5395 2083 5450 morie-

497 5491 604 5536 tur.
634 5482 801 5537 Filius
840 5499 945 5537 non
985 5486 1222 5552 portabit
1259 5487 1594 5556 iniquitatem
1623 5489 1794 5556 patris
1840 5489 1945 5554 sui,
1980 5504 2082 5545 nec

495 5585 651 5642 pater
704 5575 888 5631 lilii“.
923 5593 942 5626 ι
1001 5576 1284 5642 Quomodo
1330 5579 1474 5631 enim
1533 5577 1712 5633 adhuc
1768 5581 1978 5650 patiens
2025 5589 2079 5633 et

573 5743 728 5804 ’Jer.
758 5765 816 5818 ιι,
854 5751 903 5805 7.
979 5752 1000 5785 ⁸
1040 5753 1206 5810 Exod.
1246 5771 1415 5822 χχχιι,
1458 5757 1510 5811 4.
1586 5759 1606 5789 ⁹
1631 5759 1802 5815 Exod.
1842 5778 2025 5828 χχχιιι,
2053 5768 2104 5830 li,

2150 5765 2180 5816 7

2183 4851 2315 4913 Θεὸς
2349 4849 2426 4921 τῷ
2459 4851 2713 4924 προφήτῃ
2759 4851 2923 4921 φησὶν
2959 4851 3248 4921 Ἰεζεχιήλο
3287 4871 3306 4903 ι
3336 4851 3430 4904 Υἱὲ
3459 4851 3770 4923 ἀνθρώπου,

2184 4943 2236 4996 τί
2270 4944 2397 5014 ὑμῖν
2424 4946 2457 5014 ὴ
2503 4943 2788 5014 παραϐολὴ
2821 4943 2961 5014 αὕτη
2994 4947 3050 4998 ὲν
3079 4943 3156 5016 τῷ
3185 4944 3419 5015 Ἰσραὴλ,
3449 4964 3466 4995 ι
3498 4944 3772 5012 λέγοντες,

2192 5054 2210 5086 ι
2239 5037 2301 5088 Οί
2333 5037 2569 5107 πατέρες
2593 5036 2794 5105 ἔφαγον
2830 5036 3076 5106 ὄμφακα,
3107 5038 3201 5090 καὶ
3233 5039 3282 5090 οἱ
3311 5037 3519 5101 ὀδόντες
3549 5037 3660 5090 τῶν
3685 5038 3774 5089 τέι

2187 5144 2329 5180 κνων
2353 5128 2732 5197 ὲγομφίασανς
2767 5127 2854 5180 Ζῶ
2885 5127 3016 5196 ἐγὼ,
3051 5127 3200 5196 λέγει
3231 5128 3451 5198 Κύριος,
3485 5129 3567 5181 ὅτι
3602 5129 3661 5181 οὐ
3697 5127 3771 5198 μὴ

2187 5217 2411 5289 γένηται
2447 5218 2526 5271 ἔτι
2555 5218 2821 5289 λεγομένη
2869 5221 2902 5290 ὴ
2945 5219 3230 5290 παραϐολὴ
3269 5220 3406 5290 αὕτη
3451 5222 3508 5273 ἐν
3553 5219 3632 5289 τῷ
3672 5221 3770 5273 Ἰσ-

2189 5309 2347 5380 ραήλ.
2379 5309 2500 5362 Ὅτι
2530 5311 2704 5362 πᾶσαι
2734 5310 2787 5361 ai
2833 5309 3004 5379 ψυχαὶ
3048 5309 3178 5380 ἐμαί
3224 5310 3378 5371 εἰσιν,
3408 5309 3467 5360 ὃν
3499 5308 3700 5377 τρόπον
3733 5311 3767 5378 ὴ

2183 5398 2328 5469 ψυχὴ
2359 5397 2454 5450 τοῦ
2489 5397 2720 5468 Πατρὸς,
2767 5395 2910 5449 οὕτω
2953 5398 3046 5450 καὶ
3077 5396 3172 5450 τοῦ
3216 5395 3354 5450 υίοῦ.
3383 5396 3544 5466 Ψυχὴ
3591 5396 3769 5464 ἀμαρ-

2181 5493 2448 5554 τάνουσα,
2484 5489 2623 5561 αὑτὴ
2664 5488 3034 5543 ἀποθανεῖται.
3073 5488 3131 5540 Ὀ
3164 5488 3222 5541 δὲ
3260 5487 3374 5550 υίὸς
3403 5487 3463 5539 οὐ
3500 5487 3574 5558 μὴ
3614 5483 3773 5554 λήψε-

2179 5603 2267 5638 ται
2300 5585 2399 5657 τὴν
2445 5585 2718 5656 ἁμαρτίαν
2747 5583 2840 5636 τοῦ
2877 5583 3081 5656 πατρὸς
3133 5582 3321 5647 αὐτοῦ,
3368 5580 3490 5635 οὐδὲ
3530 5583 3560 5634 ὸ
3591 5578 3770 5648 πατὴρ

2187 5807 2199 5820 .
2281 5767 2322 5796 ιο
2359 5765 2558 5820 tacent.
2585 5779 2740 5830 um,
2769 5763 2822 5817 ε.
2903 5764 2941 5795 ιι
2972 5763 3101 5818 Ibid.
3139 5764 3190 5830 5,
3223 5762 3275 5822 ι,
3305 5759 3396 5814 ao.
