4132 6370
360 334 454 388 l‘ll

1316 332 1870 392 COMMENTARIUS
1909 334 1975 388 IN
2017 335 2203 392 AMOS
2242 336 2681 396 PROPHETAM.

3525 351 3632 407 42ίὲ

356 449 449 503 τοῦ
477 447 614 502 υἱοῦ.
642 468 661 501 ι
697 450 819 514 Πῶς
848 451 957 522 γάρ
996 452 1074 505 ἔτι
1105 455 1478 526 μακρόθυμος,
1512 456 1606 507 καὶ⁵
1649 454 1934 517 πολυέλεος

2041 456 2263 510 mullum
2297 458 2607 514 misericors
2637 461 3011 516 universorum
3037 462 3315 530 Dominus,
3343 466 3386 520 si
3411 479 3631 536 peccata

355 540 384 591 ό
409 537 518 590 τῶν
549 537 686 591 ὅλων
731 539 1029 612 Δεσπότης,
1071 544 1119 594 εί
1162 542 1236 612 μὴ
1270 544 1482 613 ἀνίησιν
1516 543 1812 613 ἁμαρτίας,
1848 544 1942 596 καὶ

358 627 640 697 καθαρίζει
663 628 754 682 τὸν
787 629 988 699 ἔνοχον.
1017 633 1333 701 παρατείνει
1355 632 1411 684 δὲ
1452 633 1651 701 μᾶλλον
1674 633 1771 703 τὴν
1814 634 1940 702 ἁγα-

333 709 615 802 ξνάκτησιν
654 720 745 771 ἐπὶ
773 720 982 790 τρίτην,
1014 723 1108 775 καλ⁹
1138 723 1406 794 τετάρτην
1439 724 1661 791 γενεάν;
1708 725 1803 788 Τίς
1845 720 1938 777 οὖν

352 810 381 860 ὁ
412 809 596 877 λόγος;
637 811 790 863 Ἔστι
839 811 936 880 μὲν
985 808 1078 865 οὖν
1123 813 1444 878 ἁνεξίκακος
1470 855 1481 876 ,
1527 816 1602 879 ὡς
1649 815 1807 885 ἔφην,
1843 817 1938 868 καὶ

332 889 698 968 ’ἀσυγκρίτως
721 899 942 965 ἀγαθὸς,
971 901 1064 953 καὶ
1103 903 1201 954 οὐκ
1227 902 1384 966 εὐθὺς
1418 907 1530 967 τοῖς
1560 906 1938 976 ἡμαρτηκόσιν

355 990 548 1058 ἐπάγει
570 990 669 1061 τὴν
703 991 944 1046 κόλασιν.
973 993 1319 1046 Ὑποτίθεται
1346 996 1424 1060 δὲ,
1451 996 1545 1049 καὶ
1577 999 1657 1059 είς
1681 996 1938 1066 δευτέραν

353 1080 565 1149 γενεὰν,
591 1084 638 1133 εί
671 1081 812 1151 τάχα
857 1100 939 1146 τις
971 1085 1410 1154 παρεισὸαλοῦσα
1447 1089 1783 1157 μετάγνωσις
1820 1091 1943 1142 ἀναο

355 1172 539 1240 κόψειε
581 1171 678 1241 τήν
712 1173 900 1242 ὀργήν.
944 1173 1085 1226 Ἀλλ’
1119 1176 1167 1226 εἰ
1200 1175 1274 1245 μὴ
1314 1175 1471 1229 τοῦτο
1505 1177 1718 1243 γένοιτο
1756 1179 1940 1245 τυχὸν,

353 1264 402 1315 οἱ
419 1263 473 1314 δὲ
497 1265 560 1315 ὲκ
583 1263 676 1314 τοῦ
705 1262 917 1334 πρώτου
939 1265 1112 1334 τρίτοι
1139 1285 1197 1319 τε
1255 1269 1348 1320 καὶ
1374 1268 1623 1340 τέταρτοι
1649 1272 1761 1332 τοῖς
1786 1270 1939 1334 ἴσοις,

352 1355 386 1422 ἢ
421 1356 513 1406 καὶ
551 1357 662 1416 τοῖς
689 1354 768 1406 ἔτι
800 1356 1040 1426 χείροσιν
1082 1359 1318 1411 ὲναλοῖεν
1359 1365 1571 1424 κακοῖς,
1606 1362 1701 1414 καὶ
1737 1380 1939 1432 προγο-

352 1448 507 1514 νικῆς
549 1444 864 1508 δυσσεϐείας
897 1447 1232 1517 εὑρίσκοιντο
1265 1453 1519 1521 μιμηταὶ,
1564 1452 1686 1504 τότε
1725 1452 1787 1523 δὴ
1821 1453 1940 1506 τότε

350 1533 533 1586 λοιπὸν
556 1535 750 1601 ἐπάγει
774 1535 869 1598 τάς
889 1536 1064 1603 δίκας,
1093 1540 1424 1611 ἀποχρῶσαν
1453 1541 1530 1611 τῷ
1556 1543 1701 1608 γένει
1724 1544 1823 1613 τήν
1849 1545 1942 1598 ἐπὶ

349 1628 464 1688 τοῖς
506 1625 604 1696 ήδη
652 1629 1040 1697 παρῳχηκόσιν
1087 1632 1441 1698 ἀνεξικακίαν
1470 1634 1757 1700 ἐπιδιδοὺς,
1785 1654 1941 1689 τουτ-

351 1718 485 1782 έστι,
518 1721 576 1772 τὸ
599 1721 878 1790 ἐπιφέρειν
899 1725 1175 1794 ἁμαρτίας
1208 1727 1459 1798 πατέρων
1488 1730 1580 1781 ἐπὶ
1602 1729 1812 1799 τρίτην,
1844 1732 1938 1783 καὶ

2050 563 2155 600 non
2189 548 2432 613 dimittit,
2470 566 2568 604 nec
2608 567 2761 606 reum
2803 565 3027 624 purgat;
3076 557 3169 610 sed
3207 557 3629 626 indignationem

2049 638 2227 707 potius
2264 639 2316 691 in
2351 643 2565 694 tertiam
2606 654 2657 696 et
2717 655 2964 710 quartam
3004 648 3408 713 generationem
3443 654 3632 702 exten-

2047 730 2168 784 dit?
2195 730 2326 797 Qua:
2377 734 2515 787 ratio
2558 745 2643 789 est
2688 735 2892 803 igitur?
2917 735 3136 792 Patiens
3162 748 3269 803 est,
3303 750 3362 793 ut
3411 740 3543 803 dixi,
3577 751 3630 794 et

2051 821 2221 876 bonus
2248 825 2489 878 bonitate
2519 826 2949 895 incomparabili,
2984 845 3082 883 nec
3109 840 3398 896 peccantes
3447 833 3629 885 statim

2050 916 2238 982 punit;
2288 917 2464 970 differt
2514 929 2692 972 autent
2742 922 2904 983 etiam
2962 923 3014 975 in
3067 921 3288 976 alteram
3325 925 3628 992 generatio-

2049 1019 2189 1066 nem,
2225 1007 2269 1059 si
2307 1022 2409 1075 qua
2463 1008 2604 1063 forte
2651 1012 3028 1078 resipiscentia
3058 1014 3439 1083 'subingressa,
3485 1016 3624 1070 iram

2047 1097 2282 1151 divinam
2307 1100 2619 1156 inbibuerit.
2654 1101 2707 1154 ld
2731 1104 2772 1156 si
2804 1120 2908 1157 non
2934 1106 3244 1173 contigerit,
3271 1109 3361 1160 sed
3387 1123 3415 1160 a
3442 1085 3628 1175 primis

2047 1189 2191 1241 tertii
2237 1199 2289 1243 et
2341 1193 2519 1259 quarti
2575 1195 2794 1260 paribus
2846 1205 2937 1247 attt
3015 1197 3176 1249 etiam
3233 1195 3526 1264 majoribus
3573 1200 3626 1253 iu

2043 1279 2338 1334 sceleribus
2372 1282 2716 1349 deprehensi,
2764 1295 2818 1336 et
2857 1286 3015 1338 avitae
3061 1287 3354 1356 impietatis
3390 1290 3626 1342 imitato~

2044 1386 2131 1424 res
2161 1371 2382 1434 fuerint,
2415 1383 2539 1428 tunc
2564 1376 2813 1428 nimirum
2837 1377 2948 1444 jam
2979 1393 3166 1444 poenas
3196 1380 3379 1442 infert,
3411 1391 3626 1448 postea-

2044 1478 2201 1532 quam
2235 1465 2416 1531 generi
2461 1465 2813 1520 sul'licientem
2860 1479 3082 1536 propter
3113 1472 3382 1538 praeterita
3415 1472 3624 1540 patien-

2044 1556 2168 1609 tiam
2209 1556 2449 1610 indulsit.
2488 1556 2600 1612 lloe
2638 1567 2722 1612 est
2771 1559 3026 1614 inducere
3061 1574 3281 1629 peccata
3313 1573 3527 1630 patrum
3571 1566 3624 1618 in

2047 1648 2260 1701 tet-tiam
2303 1656 2355 1702 et
2388 1661 2636 1717 quartam
2688 1650 3112 1718 generationem.
3156 1653 3246 1704 Ait
3287 1654 3464 1720 igitur,
3499 1671 3621 1708 cum

2049 1733 2365 1787 Damascum
2397 1746 2708 1802 peccantem
2743 1753 3112 1805 smpenumero
3148 1741 3252 1794 leni
3285 1743 3466 1796 animo
3500 1761 3622 1812 pas-

350 1813 618 1882 τετάρτην
654 1814 868 1880 γενεάν.
895 1811 1155 1888 τΑρόὖν,
1194 1821 1360 1891 φησὶ,
1409 1822 1840 1893 μακροθυμήσας
1876 1826 1934 1896 τῇ

2046 1840 2138 1878 sus
2183 1825 2307 1887 sim,
2362 1841 2541 1880 nonne
2580 1827 2882 1893 justissitne
2927 1829 2980 1882 in
3039 1841 3314 1897 posterum
3374 1834 3624 1903 indigner

349 1905 627 1984 Δαμασκῷ
654 1907 994 1972 πλειστάκις,
1019 1910 1117 1963 οὐκ
1144 1911 1586 1984 ἁγανακτήσαιμι
1617 1914 1818 1978 λοιπὸν,
1850 1915 1943 1968 καὶ

353 1983 557 2068 σφόδρα
586 2001 831 2064 εἰκότως,
860 2002 952 2053 ἐπὶ
981 2003 1126 2072 τρισὶ
1151 2004 1244 2056 καὶ⁸
1279 2005 1573 2076 τέσσαρσιν
1606 2007 1938 2077 ἀμαρτίαις;

349 2092 415 2143 Τί
458 2091 566 2162 γὰρ
596 2092 921 2164 δεδράκασι;
964 2094 1139 2148 Πολλά
1179 2097 1274 2166 μὲν
1308 2098 1402 2150 καὶ
1444 2098 1624 2168 ἕτερα.
1662 2098 1807 2168 Πλὴν
1843 2100 1940 2168 τῆς

349 2183 487 2252 ἄγαν
524 2183 805 2254 ὠμότητος
836 2185 1116 2238 ἀποτιοῦσι
1155 2187 1310 2251 δίκας
1333 2204 1344 2215 ·
1385 2207 1403 2239 ι
1435 2189 1548 2240 Οὐκ
1587 2189 1941 2258 ἀποστραφή-

351 2294 512 2347 caput
540 2277 646 2348 γὰρ
688 2278 914 2341 αὐτοὺς,
952 2278 1068 2332 ἀνθ’
1103 2272 1177 2332 ὧν
1207 2279 1428 2350 ἔπριζον
1477 2279 1660 2349 πρίοσι
1699 2279 1939 2350 σιδηροῖς

345 2369 448 2432 τὰς
473 2371 530 2423 ἐν
568 2371 765 2441 γαστρὶ
810 2370 1042 2440 ἐχούσας
1083 2371 1189 2434 τῶν
1234 2373 1290 2423 ὲν
1338 2371 1568 2425 Γαλαάδ.
1593 2397 1610 2421 ι
1649 2373 1804 2424 Ἔστι
1841 2373 1938 2442 μὲν

347 2458 440 2515 οὖν
464 2464 496 2531 ή
523 2460 736 2514 Γαλαὰδ
771 2462 998 2532 πολίχνη
1033 2464 1130 2532 τῆς
1170 2462 1452 2525 Ἰουδαίας,
1479 2464 1536 2514 ἐν
1577 2462 1809 2533 μεθορίῳ
1839 2464 1938 2533 τῆς

349 2555 721 2609 Παλαιστινῶν
757 2555 1004 2625 κειμένη.
1044 2554 1260 2625 Ταύτην
1299 2555 1348 2608 οἱ
1394 2556 1553 2626 Σύροι
1598 2555 1937 2625 προκατελά-

347 2641 522 2706 ϐοντο,
553 2644 646 2695 καὶ
678 2643 1020 2714 πανωλεθρίᾳ
1062 2645 1394 2712 διέφθειραν,
1428 2645 1612 2715 πρίοσι
1650 2645 1938 2715 τέμνοντες

350 2733 586 2803 σιδηροῖς
633 2735 731 2796 τὰς
773 2737 830 2787 ἐν
859 2737 1060 2803 γαστρὶ
1103 2738 1363 2806 ἐχούσας,
1407 2737 1502 2789 καὶ
1535 2735 1668 2806 ὁμοῦ
1717 2738 1935 2807 νηπίοις

347 2825 472 2894 ὠμὰ
504 2826 774 2893 γυναικῶν
816 2827 1115 2891 κτείνοντες
1159 2828 1391 2898 ἔμϐρυα.
1442 2829 1676 2899 Πρίονας
1708 2829 1763 2882 δὲ
1796 2830 1938 2901 σιδη-

351 2917 475 2986 ροῦς
518 2918 642 2980 τοὺς
682 2917 786 2971 τῶν
818 2919 1042 2989 ἁμαξῶν
1073 2918 1328 2990 ὀνομάζει
1363 2921 1616 2989 τροχοὺς,
1650 2915 1731 2982 οἷς
1772 2938 1936 2974 κατα-

347 3008 629 3062 λεπτύνειν
653 3009 772 3074 ἔθος
791 3011 889 3081 τὴν
920 3012 1033 3065 at.»
1059 3015 1172 3075 τοῖς
1196 3011 1408 3082 Σύροις.
1440 3013 1550 3065 Καὶ
1572 3013 1703 3080 γοῦν
1731 3015 1822 3066 καὶ
1848 3014 1935 3068 διά

347 3102 528 3172 φωνῆς
557 3103 777 3156 Ἡσαΐου
806 3105 938 3172 φησί
966 3122 1066 3157 που
1089 3104 1220 3167 Θεὸς
1251 3105 1388 3174 πρὸς
1411 3105 1508 3174 τὴν
1533 3105 1638 3158 τῶν
1665 3105 1934 3158 Ἰουδαίων

347 3195 697 3262 Συναγωγήνο
731 3215 749 3246 ι
791 3195 921 3249 Ἰδοὺ
951 3197 1182 3267 ἐποίησά
1219 3213 1277 3248 σε
1319 3197 1395 3260 ὡς
1427 3197 1654 3268 τροχοὺς
1696 3194 1931 3267 ἁμάξης,

346 3285 640 3350 ἀλοῶντας,
689 3289 910 3351 καινοὺς
930 3331 944 3352 ,
1000 3290 1450 3360 πριστηροειδεῖς.
1473 3308 1492 3341 ι
1525 3291 1747 3359 Ὅμοιον
1775 3290 1848 3354 ὡς
1885 3291 1932 3342 εί

345 3376 492 3445 λέγοι
519 3379 680 3448 τυχὸν
706 3379 842 3450 πρὸς
871 3379 970 3450 τήν
1000 3381 1310 3451 Δαμασκόν.
1344 3379 1681 3450 Καταλοήσω
1713 3398 1805 3433 σου
1833 3381 1932 3450 τήν

343 3467 518 3538 δίκην,
547 3470 681 3523 καθὸ
711 3471 1077 3542 κατηλόησας,
1105 3473 1199 3525 καὶ
1234 3472 1557 3542 συνέτριφας
1589 3474 1714 3532 τοὺς
1744 3473 1800 3524 ὲν
1827 3473 1934 3525 Γα-

343 3559 508 3623 λαάδ,
545 3563 621 3625 ὡς
664 3564 798 3633 μηδὲ
832 3564 1010 3616 αὐτῶν
1048 3564 1337 3633 φείσασθαι
1382 3564 1488 3616 τῶν
1529 3564 1607 3617 ἔτι
1642 3565 1785 3617 κατά
1831 3581 1934 3632 γα-

347 3654 528 3724 στρὸς,
554 3649 634 3718 οἷς
663 3658 690 3708 ὁ
729 3656 879 3727 παρὰ
909 3657 1123 3709 πάντων
1155 3655 1303 3720 ἔλεος
1329 3656 1632 3719 ἀκολουθεῖ,
1664 3659 1756 3709 καὶ
1783 3657 1933 3725 ὀφεί-

345 3741 515 3796 λεται.
542 3745 664 3797 Ὅτι
713 3745 768 3798 δὲ
813 3745 1013 3816 ὠμῶς,
1061 3746 1154 3798 καὶ
1191 3746 1397 3815 ἀγρίως
1427 3747 1537 3806 τοῖς
1579 3743 1638 3809 ἐξ
1685 3743 1932 3814 Ἰσραὴλ,

344 3837 751 3907 κατεχρήσαντο
778 3837 884 3888 τῶν
918 3839 982 3890 ὲκ
1014 3835 1309 3906 Δαμασκοῦ
1343 3853 1502 3898 τινες,
1538 3835 1838 3905 ἀναμάθοις
1867 3835 1932 3888 ἂν

344 3928 553 3980 ἀκονιτὶ
610 3929 722 3990 τοῖς
756 3926 1025 3980 Ἐλισσαιὲ
1070 3927 1163 3980 τοῦ
1209 3930 1486 3998 προφήτου
1539 3927 1717 3994 λόγοις
1767 3943 1934 3996 προσ-

345 4019 612 4090 εσχηκώς.
641 4019 890 4090 Ἀφίκετο
919 4019 1016 4089 μὲν
1039 4018 1146 4090 γὰρ
1170 4020 1248 4082 είς
1270 4019 1360 4071 τὸν
1381 4018 1687 4086 Δαμασκόν.
1717 4015 1932 4088 Ἐπειδὴ

344 4111 400 4162 δὲ
425 4113 720 4181 συνήντησε
742 4111 820 4182 τῷ
850 4110 1068 4180 Ἀζαήλ,
1096 4108 1507 4182 ἀρρωστοῦντος
1532 4108 1611 4162 ἔτι
1636 4107 1729 4160 τοῦ
1755 4108 1930 4179 Ἀδὲρ,

350 4221 371 4253 ι
403 4203 692 4265 Ἔκλαυσε,
736 4203 920 4272 φησὶν,
960 4205 988 4255 ό
1015 4202 1297 4273 ἄνθρωπος
1331 4200 1423 4253 τοῦ
1457 4200 1593 4253 Θεοῦ
1640 4200 1750 4252 Καὶ
1782 4196 1932 4253 εἶπεν

357 4293 574 4364 Ἀζαήλ,
605 4295 667 4346 Τί
692 4295 772 4347 ὅτι
799 4294 1047 4363 ὁΚύριός
1081 4310 1180 4362 μου
1211 4292 1422 4357 κλαίει;
1457 4293 1565 4345 Καὶ
1593 4288 1766 4356 εἶπεν,
1802 4281 1938 4344 Οἶδα

345 4383 444 4436 ὅσα
470 4386 714 4453 ποιήσεις
745 4387 858 4446 τοῖς
887 4386 1026 4445 υἱοῖς
1061 4381 1278 4452 Ἰσραὴλ
1302 4380 1466 4434 κακά.
1493 4381 1570 4433 Τὰ
1602 4380 1932 4450 ὀχυρώματα

2044 1932 2205 1986 super
2238 1917 2416 1971 tribus
2444 1928 2498 1972 et
2548 1931 2778 1986 quatuor
2809 1923 3086 1989 peccatis?
3113 1921 3250 1989 Quid
3293 1940 3453 1992 porro
3481 1925 3623 1981 fece-

2043 2009 2207 2062 runt?
2251 2009 2413 2063 Multa
2451 2012 2666 2078 quidem
2716 2022 2771 2065 et
2815 2013 2954 2080 alia;
3002 2028 3372 2070 verumtamen
3416 2033 3621 2087 magna:

2042 2099 2319 2166 cujusdam
2360 2102 2584 2154 smvitiae
2633 2116 2821 2172 pmnas
2854 2105 3219 2158 sustinebunt.
3258 2124 3275 2155 ι
3317 2105 3430 2159 Non
3476 2111 3622 2162 enim

2041 2201 2350 2245 convertam
2406 2207 2520 2255 eos,
2572 2195 2825 2259 quoniam
2875 2205 3168 2247 secuerunt
3219 2197 3384 2248 srrris
3432 2197 3623 2251 ferreis

2041 2291 2378 2349 prmgnautes
2429 2282 2651 2336 Galaad.
2691 2301 2709 2333 ι
2771 2281 3092 2353 Oppidulum
3151 2296 3233 2339 est
3298 2286 3498 2342 Galaad
3562 2289 3618 2342 in

2038 2374 2341 2429 conﬁnibus
2391 2375 2687 2429 Palmstium
2746 2379 2928 2432 situm.
2963 2377 3075 2433 lloc
3131 2379 3250 2450 Syri
3306 2396 3616 2449 occupave-

2038 2475 2183 2528 rant,
2213 2466 2563 2535 l'unditusque
2591 2468 2960 2536 perdiderant,
2999 2470 3143 2536 ipsas
3171 2471 3330 2523 etiam
3368 2473 3620 2539 gravidas

2039 2555 2290 2612 mulieres
2321 2557 2487 2610 serris
2513 2558 2867 2622 dissecantes,
2898 2567 3096 2611 etcum
3128 2559 3427 2613 infantibus
3456 2561 3617 2614 etiam

2037 2644 2180 2702 fetus
2218 2647 2392 2702 adhuc
2438 2648 2785 2717 imperfectos
2821 2650 3214 2705 interitneutes.
3272 2651 3462 2704 Serras
3505 2651 3616 2705 fer-

2037 2752 2157 2792 reas
2187 2753 2438 2792 curruum
2483 2749 2631 2792 rotas
2677 2739 2939 2805 nominat,
2985 2741 3183 2809 quibus
3217 2756 3400 2794 aream
3445 2751 3620 2795 terere

2038 2828 2188 2900 Syris
2236 2846 2351 2883 mos
2398 2841 2501 2884 est.
2555 2831 2738 2900 Itaque
2794 2841 2848 2884 et
2898 2847 2991 2885 ore
3035 2831 3184 2885 lsaite
3232 2831 3428 2884 alicubi
3477 2833 3618 2887 Deus

2035 2918 2340 2974 Judmorum
2369 2919 2713 2990 Synagogam
2744 2922 2821 2976 sic
2850 2921 3142 2988 alloquitur
3169 2939 3181 2974 :
3214 2920 3376 2990 255
3413 2940 3431 2971 ι
3475 2922 3617 2976 Ecce

2037 3011 2139 3066 feci
2190 3023 2241 3066 te
2283 3013 2439 3082 quasi
2493 3023 2643 3067 rotas
2698 3013 2922 3081 plaustri
2971 3013 3286 3064 triturantes
3329 3028 3514 3077 novas,
3561 3015 3615 3066 in

2037 3118 2311 3160 serrarum
2345 3105 2558 3158 modqu
2585 3107 2653 3159 ".
2695 3124 2713 3157 ι
2763 3105 2924 3171 Quasi
2977 3106 3294 3157 Damascum
3345 3103 3414 3155 ita
3463 3119 3614 3157 com-

2035 3193 2216 3261 pellet.
2249 3191 2544 3246 Triturabo
2571 3207 2789 3262 poenam
2828 3206 2971 3246 luant
3003 3193 3142 3246 sicut
3171 3202 3226 3245 tu
3265 3193 3526 3246 trilurasti
3561 3203 3617 3247 et.

2034 3282 2338 3336 contrivisti
2387 3281 2591 3336 incolas
2641 3282 2862 3346 Galaad,
2917 3291 2974 3336 ut
3023 3297 3126 3335 nec
3160 3283 3211 3334 in
3251 3294 3406 3336 utero
3441 3283 3618 3336 adhuc

2035 3375 2325 3430 latentibus
2356 3390 2630 3443 parceres,
2677 3375 2875 3443 quibus
2916 3375 2983 3428 ab
3011 3374 3260 3428 omnibus
3297 3375 3609 3428 misericor-

2034 3468 2119 3522 dia
2171 3467 2424 3520 tribuitur
2469 3474 2522 3520 et
2565 3467 2806 3520 debetur.
2855 3465 3166 3520 Crudeliter
3211 3475 3390 3519 autem
3422 3474 3477 3519 et
3508 3467 3614 3519 im-

2035 3559 2270 3612 maniter
2317 3574 2346 3611 a
2407 3559 2758 3613 Damascenis
2807 3557 3128 3625 quibusdam
3181 3567 3443 3611 tractatos
3493 3571 3616 3610 esse

2034 3649 2306 3704 lsraelitas
2358 3649 2515 3705 facile
2563 3651 2762 3716 discas,
2816 3650 2858 3703 si
2917 3649 3076 3703 Elisei
3114 3651 3392 3718 prOpbeta:
3435 3649 3616 3704 verbis

2034 3740 2302 3792 attendas.
2343 3739 2498 3793 Venit
2521 3742 2663 3794 enim
2689 3738 3036 3793 Damascum.
3063 3739 3133 3794 Ut
3167 3750 3346 3793 autem
3372 3739 3613 3797 occurrit

2035 3829 2242 3891 Azaeli,
2276 3831 2451 3884 adhuc
2470 3841 2767 3898 aegrotante
2797 3831 2910 3886 lilio
2934 3831 3080 3886 Ader
3103 3829 3426 3901 (Beuadab),
3455 3850 3476 3882 ι
3500 3829 3616 3884 Fle-

2033 3921 2109 3974 vit
2168 3921 2328 3974 homo
2379 3921 2494 3986 Dei,
2531 3941 2550 3972 ι
2612 3930 2668 3975 ιιι
2725 3921 3004 3990 Scriptura
3065 3922 3262 3992 inquit.
3312 3922 3425 3976 «Et
3479 3922 3616 3976 dixit

2032 4012 2237 4076 Azael,
2294 4027 2460 4080 quare
2506 4013 2764 4066 Dominus
2803 4027 2955 4067 meus
3001 4011 3124 4066 ﬂet?
3173 4013 3239 4066 Et
3289 4014 3610 4082 respondit.

2034 4103 2171 4170 Quia
2218 4105 2334 4158 scio
2363 4120 2701 4173 quaecunque
2736 4104 2980 4159 facturus
3009 4121 3068 4159 es
3101 4106 3224 4159 liliis
3255 4107 3416 4160 Israel
3447 4106 3610 4159 mala.

2035 4199 2115 4252 Tu
2171 4199 2423 4252 civitates
2479 4212 2665 4251 eorum
2726 4199 2963 4250 munitas
3020 4200 3318 4251 succendes
3364 4199 3504 4268 igne,
3556 4211 3614 4253 et.

2034 4291 2237 4345 electos
2260 4305 2448 4344 eorum
2485 4289 2782 4343 interlicies
2811 4288 3010 4357 gladio,
3047 4298 3098 4343 et
3127 4290 3381 4358 parvulos
3421 4306 3609 4344 eorum

2035 4383 2245 4442 allides,
2279 4395 2333 4435 et
2380 4392 2721 4450 [irwgttanles
2750 4394 2935 4434 eorum
2967 4380 3255 4433 divides”.
3287 4399 3306 4430 ι
3343 4380 3610 4446 Quoniam

347 4472 523 4525 αὐτῶν
556 4471 927 4535 ὲξαποστελεῖς
958 4473 1016 4524 ἐν
1049 4470 1203 4540 πυρὶ,
1234 4470 1328 4522 καὶ
1356 4471 1482 4532 τοὺς
1513 4469 1802 4531 ἐκλεκτοὺς
1831 4470 1928 4520 αὐ-

2038 4476 2198 4544 igitur
2249 4473 2450 4529 Galaad
2503 4473 2644 4526 hunc
2697 4473 2748 4526 in
2812 4474 3029 4526 modum
3077 4470 3254 4526 affecit
3293 4473 3609 4538 Damascus,

346 4564 454 4617 τῶν
482 4567 538 4618 ἐν
573 4565 817 4635 ῥομφαίᾳ
843 4564 1181 4624 ἀποκτενεῖς,
1215 4560 1309 4612 καὶ
1339 4560 1408 4613 τά
1437 4561 1603 4630 νήπια
1636 4559 1814 4612 αὐτῶν
1841 4559 1928 4611 ἐν·

349 4657 568 4720 σείσεις,
607 4658 702 4710 καὶ
730 4659 827 4718 τάς
871 4657 926 4707 ἐν
962 4655 1158 4723 γαστρὶ
1202 4652 1431 4722 ἐχούσας
1473 4652 1648 4704 αὐτῶν
1686 4651 1929 4722 ἀναρρή-

350 4745 474 4812 ξεις.
502 4768 520 4798 ι
557 4748 772 4819 Ἐπειδὴ
799 4747 856 4800 δὲ
884 4745 1054 4798 ταῦτα
1084 4745 1306 4816 δέδρακε
1331 4743 1472 4796 κατά
1511 4744 1610 4812 τῆς
1652 4741 1863 4795 Γαλαὰδ
1894 4745 1928 4814 ή

347 4839 653 4907 Δαμασκὸς,
690 4837 888 4908 μᾶλλον
919 4837 975 4889 δὲ
1003 4839 1096 4888 καὶ
1124 4835 1266 4888 κατά
1299 4837 1480 4905 πάσης
1519 4833 1616 4903 τῆς
1653 4833 1761 4886 τῶν
1802 4834 1931 4886 Ἱου·

346 4928 512 4981 δαίων
544 4929 747 5000 χώρας,
773 4927 1126 4996 καταφλέξειν
1157 4927 1372 4980 ἀπειλεῖ
1398 4926 1488 4978 τὸν
1521 4921 1670 4976 οἷκον
1707 4925 1926 4996 Ἀζαήλ,

349 5020 442 5072 καὶ
483 5021 654 5091 Ἀδὲρ,
691 5020 783 5072 καὶ
835 5019 1140 5090 συντρίψειν
1192 5018 1421 5088 μοχλοὺς
1478 5016 1789 5084 Δαμασκοῦ.
1819 5017 1926 5070 Πέ-

351 5129 593 5183 πρακται
647 5111 746 5181 μὲν
790 5111 960 5163 ταῦτα
1002 5109 1092 5164 διά
1135 5111 1234 5180 μὲν
1275 5108 1472 5173 Ὀζίου,
1517 5110 1613 5161 xui.
1646 5108 1928 5179 Ἰεροὸοάμ

349 5204 641 5274 ἁναμέρος,
670 5204 761 5256 καὶ
791 5204 932 5256 κατὰ
960 5202 1184 5272 καιρούς
1212 5219 1225 5233 ο
1257 5197 1398 5255 εἷλόν
1425 5218 1483 5252 τε
1514 5201 1619 5269 γάρ
1652 5201 1745 5253 καὶ
1776 5202 1930 5253 αὐτοὶ

349 5296 446 5364 τὴν
489 5295 710 5365 Συρίαν,
755 5297 845 5347 καὶ
884 5296 1195 5363 νενικήκασι
1225 5292 1597 5362 κατακράτος·
1650 5293 1842 5362 χρόνου
1872 5293 1928 5344 δὲ

351 5388 650 5458 προίόντος,
678 5387 770 5438 καὶ
798 5385 948 5454 παρά
973 5383 1234 5452 βασιλέως
1258 5383 1577 5452 Ἀσσυρίων.
1607 5376 1740 5434 Εἶτά
1773 5398 1925 5451 φησι,

356 5494 379 5529 ι
411 5477 518 5530 Καὶ
544 5474 905 5546 ὲξολοθρεύσω
934 5470 1316 5534 κατοικοῦντας
1350 5474 1414 5524 ὲκ
1445 5470 1624 5524 πεδίου
1659 5466 1776 5524 Ὧν.
1802 5464 1927 5524 »Ὧν

353 5569 401 5620 οἱ
447 5567 721 5638 προφῆται
759 5568 856 5635 τὴν
885 5563 1087 5634 Βαιθὴλ
1126 5562 1499 5633 ὀνομάζουσιν,
1539 5563 1598 5615 ἐν
1706 5562 1803 5633 τήν
1837 5563 1927 5616 δά-

430 5748 474 5777 ¹¹
502 5745 604 5801 lsa.
638 5763 747 5810 ιιι,
775 5745 862 5800 l5.
940 5745 984 5776 ¹³
1015 5742 1076 5796 lV'
1119 5740 1250 5814 Reg.
1280 5755 1399 5805 vttt,
1431 5739 1514 5794 1‘2.

2034 4581 2126 4620 seu
2182 4575 2346 4618 totam
2380 4565 2686 4619 .lndaeurum
2730 4565 3001 4634 regionem
3051 4566 3254 4634 potius,
3287 4574 3607 4618 exustorum

2034 4657 2271 4710 minatur
2331 4656 2548 4709 domum
2589 4656 2755 4708 Azael
2799 4664 2854 4707 et
2897 4655 3080 4720 Ader,
3137 4664 3191 4709 et
3242 4655 3602 4710 contriturum

2032 4759 2214 4804 vectes
2254 4748 2498 4802 Damasci
2527 4765 2540 4800 :
2570 4763 2689 4816 quae
2729 4745 2868 4798 facta
2915 4755 3041 4800 sunt
3083 4761 3180 4815 per
3211 4745 3398 4800 Oziam
3429 4755 3482 4799 et
3515 4745 3607 4800 Je-

2033 4838 2254 4890 roboam
2303 4852 2546 4890 seorsum
2595 4845 2648 4890 et
2693 4836 2925 4890 diversis
2979 4834 3332 4903 temporibus.
3379 4835 3511 4888 Nam
3551 4845 3606 4888 et

2033 4926 2133 4994 ipsi
2182 4923 2391 4995 Syriam
2433 4924 2765 4987 invaserunt,
2798 4935 2852 4979 et
2883 4925 3050 4979 armis
3095 4926 3431 4986 devicerunt,
3460 4926 3604 4993 quod

2031 5027 2086 5073 et
2117 5033 2402 5086 progressu
2435 5018 2695 5086 temporis
2720 5017 3069 5088 Assyriorum
3105 5031 3199 5070 rex
3232 5016 3374 5070 fecit.
3407 5016 3605 5069 Deinde

2034 5112 2148 5163 ait:
2190 5128 2206 5159 ι
2239 5109 2306 5162 Ει
2359 5109 2665 5178 disperdam
2716 5109 3032 5163 habitantes
3092 5123 3158 5162 ex
3224 5121 3413 5175 campo
3449 5104 3544 5159 ὢν.
3579 5126 3597 5157 ι

2031 5199 2312 5268 Propheta:
2349 5200 2450 5254 boc
2495 5200 2710 5253 nomine
2742 5199 2928 5254 Betbel
2961 5198 3287 5268 signiﬁcant,
3324 5198 3410 5250 ubi
3446 5211 3602 5251 exse-

2029 5295 2262 5347 crandus
2309 5291 2595 5346 Jeroboam
2650 5292 2871 5344 vitulum
2919 5307 3139 5344 aureum
3186 5289 3451 5357 deposuit.
3497 5287 3600 5342 Sed

2030 5383 2152 5450 quia
2185 5397 2248 5436 ex
2282 5398 2346 5436 eo
2381 5393 2487 5436 tota
2529 5383 2674 5452 regio
2702 5384 2954 5451 deinceps
2981 5381 3118 5436 idola
3146 5379 3331 5442 coluit,
3365 5381 3443 5436 sic
3479 5395 3599 5434 eam

2029 5474 2308 5527 nominare
2353 5483 2772 5528 consueverunt.
2813 5471 3130 5525 llabitautes
3163 5470 3326 5541 igitur
3369 5470 3420 5524 in
3459 5481 3598 5524 terra

2027 5574 2080 5618 et
2105 5578 2294 5633 campo
2328 5564 2422 5628 ῶν,
2447 5564 2560 5618 sive
2589 5563 2860 5632 ματαίων,
2897 5577 3180 5627 vanorum,
3220 5562 3321 5616 boc
3353 5568 3463 5625 est,
3493 5561 3604 5614 ido-
