4132 6370
520 333 628 392 423

1549 330 1607 384 S.
1648 329 1927 386 CYRILLI
1968 325 2438 384 ALEXANDRINI
2477 323 2797 382 ARCHIEP.
3700 323 3791 380 iii

524 450 700 506 lorum
740 449 841 521 (sic
887 448 1030 503 enim
1078 448 1420 517 interpretati
1465 456 1592 502 sunt
1643 449 1780 520 alii),
1824 449 2013 505 delebo
2045 460 2091 504 cl

2205 448 2366 518 μαλιν
2417 446 2650 500 ἀπέθετο
2696 446 2792 518 τὴν
2841 440 3054 517 χρυσῆν
3097 445 3125 498 ό
3171 447 3443 517 ἐπάρατος
3481 443 3788 517 Ἰεροϐοὰμ.

521 541 851 610 disperdam,
884 539 1079 608 inquit.
1111 539 1470 594 Nihilominus
1493 541 1773 596 concidam
1807 543 2002 598 tribum
2031 559 2096 597 ex

519 636 654 687 viris
682 633 948 693 Charrau,
998 647 1118 699 qua:
1153 641 1240 684 est
1289 633 1419 687 urbs
1469 648 1631 702 parva
1677 644 1730 688 et
1760 635 2100 704 propinquis-

521 727 657 778 sima
690 725 975 787 Damasco,
1030 725 1236 777 incolas
1289 724 1491 779 habens
1522 725 1991 783 bellicosissimas.
2041 727 2096 780 ln

519 817 891 883 captivitatem
926 824 1190 884 praeterea
1227 818 1445 868 ductum
1480 815 1545 868 iri
1588 818 1831 885 praedicit
1865 817 2098 887 ἐπίκλη-

515 925 608 959 τον
639 907 810 978 Syriaz
840 906 1114 976 populum,
1159 916 1250 958 aut
1279 906 1434 959 valde
1460 906 1809 971 celebratum,
1838 917 1933 961 aut
1963 922 2098 961 cou-

517 997 830 1056 durtitium,
861 1006 915 1049 et
943 998 1009 1049 ab
1035 997 1166 1066 ipsis
1197 997 1261 1050 ad
1289 996 1490 1049 auxilia
1514 995 1818 1050 collectum.
1851 996 2100 1052 Mercede

522 1091 662 1144 enim
714 1091 1050 1159 alienigenas
1103 1089 1364 1144 ﬁnitimos
1410 1090 1810 1154 conducebant,
1860 1099 1917 1143 ut
1962 1091 2094 1155 dixi,

515 1181 714 1236 Judtea:
772 1183 969 1236 bellum
1037 1181 1258 1235 illaturi.
1312 1181 1450 1249 Ergo
1502 1181 1822 1251 ἐπίκλητον,
1878 1182 1930 1236 id
1993 1193 2096 1249 est,

517 1276 737 1329 aliunde
783 1276 1102 1328 advocatum
1156 1283 1211 1326 et
1279 1273 1562 1326 advenam.
1617 1271 1906 1326 Sciendum
1953 1274 2097 1328 enim

516 1367 794 1420 Hebrteam
817 1367 1107 1420 editionem
1138 1380 1254 1433 pro,
1288 1382 1306 1415 ι
1337 1365 1563 1434 p0pulus
1592 1365 1784 1434 Syriae,
1820 1383 1838 1416 ι
1876 1365 2094 1432 habere,

520 1476 538 1508 ι
567 1460 826 1528 Cyrenes.
863 1475 882 1509 ι
942 1456 1063 1526 Syri
1111 1458 1255 1509 enim
1303 1455 1523 1508 fuerunt
1565 1454 1954 1526 Cyrenensium
2001 1472 2098 1511 co-

515 1550 646 1603 loni.
682 1547 1027 1602 Meminimus
1056 1557 1262 1608 autem,
1299 1548 1442 1601 sicut
1465 1547 1728 1617 scriptum
1763 1557 1848 1601 est
1877 1564 2094 1603 rursum

513 1649 708 1706 quarto
765 1637 902 1691 libro
944 1638 1172 1706 Regum,
1201 1637 1366 1708 256
1399 1653 1654 1708 regnasse
1708 1636 2096 1706 Hierosolymis

513 1731 712 1793 Achaz,
739 1729 956 1782 Phacee
985 1739 1167 1782 autem
1188 1737 1242 1783 et
1273 1730 1534 1793 ltaasson,
1564 1728 1735 1801 Syriae
1760 1739 1814 1783 et
1844 1729 2092 1782 Damasci

2215 539 2354 593 Ἀλλ’
2381 540 2458 602 ὡς
2483 538 2543 604 ἐξ
2589 539 2797 592 ἐκείνου
2842 539 3027 594 λοιπὸν
3061 541 3242 593 πᾶσαν
3288 539 3470 610 χώραν
3513 539 3794 592 εἰδωλολα-

2199 631 2454 703 τροῦσαν,
2485 631 2629 684 οὕτω
2670 631 2854 685 καλεῖν
2906 631 3025 695 ἔθος
3054 627 3123 702 ἦν
3169 632 3371 695 αὐτοῖς.
3419 632 3558 694 Τοὺς
3611 648 3794 684 κατοι-

2201 724 2434 788 κοῦντας
2454 725 2633 776 τοίνυν
2673 725 2731 776 ἐν
2771 727 2863 794 γῇ,
2896 723 2992 776 καὶ
3038 725 3206 795 πεδίῳ
3232 719 3354 787 Ὧν,
3391 723 3509 794 ἦτοι
3541 723 3648 775 τῶν
3693 741 3796 794 μα-

2199 814 2390 877 ταίων,
2423 814 2450 866 ὃ
2490 816 2637 866 ἐστιν
2682 813 2914 866 εἰδώλων
2961 813 3134 884 (οὕτω
3184 813 3293 884 γὰρ
3349 813 3702 884 ήρμήνευσαν
3745 815 3794 868 οἱ

2203 904 2398 976 λοιποὶ)
2425 905 2737 978 καταφερῶ,
2767 907 2864 959 καὶ
2891 905 3279 978 ἐξολοθρεύσω,
3316 906 3470 977 φησὶ,
3498 905 3795 974 κατακόψω

2198 998 2254 1051 δὲ
2279 999 2432 1052 οὐδὲν
2462 994 2645 1070 ἦττον,
2674 998 2767 1050 καὶ
2805 997 2975 1068 φυλὴν
3003 997 3060 1063 ἐξ
3089 996 3297 1068 ἀνδρῶν
3323 996 3574 1068 Χαρρὰν,
3607 997 3641 1064 ἥ
3682 997 3796 1046 ἐστι

2199 1091 2426 1162 πολίχνη
2458 1108 2560 1143 που
2602 1090 2820 1152 πάντως
2849 1088 3215 1159 προσοικοῦσα
3247 1092 3314 1160 τῇ
3349 1087 3648 1158 Δαμασκῷ,
3693 1103 3796 1156 μα-

2198 1183 2540 1254 χιμωτάτους
2577 1181 2778 1252 ἔχουσα
2814 1184 2939 1243 τοὺς
2983 1182 3296 1252 οἰκήτορας.
3334 1178 3793 1250 Αἰχμαλωτισθή-

2201 1273 2388 1326 σεσθαι
2433 1272 2490 1324 δέ
2525 1289 2658 1341 φησι
2693 1271 2786 1324 καὶ
2825 1271 2916 1324 τὸν
2952 1271 3243 1339 ἐπίκλητον
3275 1271 3372 1340 τῆς
3404 1270 3604 1340 Συρίας
3641 1268 3789 1321 λαόνσ

2197 1366 2486 1438 ἐπίκλητον
2541 1365 2738 1432 λέγων,
2795 1363 2829 1434 ἢ
2877 1363 2967 1415 τὸν
3015 1363 3223 1434 σφόδρα
3270 1361 3576 1432 διαϐόητον,
3621 1361 3654 1430 ἦ
3703 1360 3794 1412 τὸν

2201 1458 2550 1528 μισθοφόρον,
2594 1456 2690 1510 καὶ
2739 1454 3134 1525 συνηλεγμένον
3181 1453 3364 1515 αὐτοῖς
3398 1452 3532 1524 πρὸς
3573 1453 3794 1503 ἐπικου-

2199 1549 2342 1620 ρίαν.
2391 1548 2834 1619 Κατεμισθοῦντο
2860 1547 2989 1618 γάρ,
3019 1545 3095 1605 ὡς
3137 1545 3297 1616 ἔφην,
3337 1546 3464 1609 τοὺς
3499 1543 3606 1596 τῶν
3635 1543 3791 1595 ἀλλο-

2197 1639 2378 1709 φύλων
2421 1641 2686 1712 ὁμόρους,
2741 1640 2843 1709 τῆς
2900 1637 3168 1692 Ἰουδαίων
3227 1635 3793 1705 καταστρατευόμενοι

2195 1732 2409 1802 χώρας·
2447 1732 2616 1802 ἧγουν
2646 1731 2939 1802 ἐπίκλητον
2969 1729 3062 1783 τὸν
3086 1727 3285 1796 ἔξωθεν
3310 1727 3666 1798 κεκλημένον,
3697 1724 3794 1776 καὶ

513 1834 669 1889 reges
735 1818 1164 1891 Hierosolymam
1197 1821 1496 1874 exercitum
1550 1821 1861 1885 adduxisse,
1911 1830 1966 1874 et
2005 1819 2091 1874 Ju-

2203 1821 2472 1892 μέτοικον.
2517 1821 2712 1876 Ἰστέον
2744 1821 2853 1892 γὰρ
2897 1822 2978 1873 ὃτι
3017 1819 3124 1872 τῶν
3161 1818 3431 1888 Ἐϐραίων
3462 1818 3496 1886 ἡ
3545 1815 3788 1876 ἔκδοσις,

513 1911 643 1962 dum
697 1908 951 1963 civitates
997 1910 1047 1963 ei
1096 1910 1371 1980 subiectas
1423 1911 1773 1980 depopulatos
1833 1927 1975 1966 esse.
2030 1909 2096 1964 Et

511 2001 770 2069 quoniam
800 2002 985 2054 Achaz
1015 2001 1350 2072 regemJuda
1378 2013 1555 2056 terror
1580 2004 1771 2073 ingens
1799 2003 2090 2067 invaserat,

511 2091 740 2160 pecunia
778 2089 1268 2162 Theglatphalasar
1317 2092 1604 2164 Assyrium
1657 2095 1938 2149 conduxit.
1978 2113 1996 2145 ι
2027 2093 2094 2148 Ει

511 2183 722 2248 adjuvit
776 2197 898 2237 eum
953 2199 1046 2238 rex
1101 2185 1477 2254 Assyriorum,
1511 2195 1566 2240 et
1609 2187 1852 2241 ascendit
1885 2188 1938 2240 in
1988 2185 2093 2239 Da-

511 2290 775 2338 mascum,
825 2284 880 2331 et
939 2277 1083 2347 cepit
1133 2291 1276 2343 eam,
1325 2287 1380 2332 et
1435 2279 1713 2333 transtulit
1773 2281 1985 2346 urbem,
2032 2289 2088 2335 et

509 2366 757 2422 Raasson
785 2367 1054 2423 interfecit
1080 2369 1145 2424 “.
1174 2387 1193 2420 ›

2194 1913 2314 1963 ἀντὶ
2347 1911 2436 1964 τοῦ
2471 1930 2488 1962 ι
2521 1911 2648 1974 λαὸς
2674 1911 2898 1982 Συρίας,
2919 1930 2936 1961 ι
2976 1928 2994 1961 ι
3025 1911 3284 1982 Κυρήνης
3310 1927 3328 1960 ι
3361 1909 3545 1977 φησὶν,
3573 1906 3792 1959 ἄποικοι

2192 2006 2300 2076 γὰρ
2336 2003 2662 2075 Κυρηναίων
2691 2007 2738 2056 οί
2771 2003 2950 2074 Σύροι.
2997 2001 3342 2072 Μεμνήμεθα
3369 2000 3427 2052 δὲ
3447 2040 3460 2061 ,
3489 1999 3570 2052 ὅτι
3609 1995 3793 2059 καθὼς

2191 2096 2502 2166 γέγραπται
2533 2095 2695 2148 πάλιν
2723 2096 2781 2147 ἐν
2812 2097 2875 2166 τῇ
2905 2093 3142 2166 τετάρτῃ
3174 2093 3281 2147 τῶν
3314 2091 3637 2159 Βασιλειῶν,
3663 2089 3792 2143 ἐϐα-

2193 2187 2368 2239 σίλευε
2407 2188 2504 2256 μὲν
2547 2186 2748 2257 Ἀχάτζ
2782 2187 2892 2238 τῶν
2925 2185 3337 2257 Ἰεροσολύμων,
3365 2184 3538 2236 Φακεὲ
3569 2182 3648 2246 δὲ,
3696 2180 3792 2234 καὶ

2206 2280 2488 2334 Ῥαασσὼν
2510 2283 2558 2334 oi
2589 2281 2786 2352 Συρίας
2815 2297 2875 2333 τε
2923 2280 3018 2333 καὶ
3040 2277 3332 2349 Δαμασκοῦ
3361 2277 3618 2349 βασιλεῖς,
3649 2275 3791 2328 κατά

2195 2372 2302 2426 τῶν
2334 2371 2723 2444 Ἰεροσολύμων
2764 2371 2956 2443 ᾔεσαν,
3002 2369 3396 2444 καταδῃοῦντες
3430 2370 3527 2432 τὰς
3575 2369 3667 2421 ὑπ’
3694 2367 3791 2419 αὖ·

507 2462 634 2522 τοὺς
664 2461 763 2530 τῆς
797 2460 1055 2525 Ἰουδαίας
1083 2462 1286 2525 πόλεις.
1327 2461 1543 2534 Ἐπειδὴ
1573 2461 1629 2514 δὲ
1659 2457 1727 2533 ἦν
1762 2463 1822 2516 ἐν
1877 2463 2128 2533 δείμασιν
2160 2465 2220 2516 ού
2268 2467 2525 2534 φορητοῖς
2568 2465 2596 2516 ὁ
2631 2461 2830 2535 Ἀχάτζ
2846 2501 2862 2527 ,
2943 2463 3244 2532 βασιλεύων
3288 2465 3380 2516 ἐπὶ
3435 2462 3527 2515 τὸν
3562 2461 3788 2521 Ἰούδαν,

507 2551 906 2622 κατεμισθοῦτο
952 2555 1198 2625 χρήμασι
1243 2553 1676 2625 Θεγλαεραλασάρ
1736 2554 1827 2607 τὸν
1873 2556 2180 2628 Ἀσσύριον,
2233 2574 2252 2606 ι
2317 2557 2426 2608 Καὶ
2499 2556 2733 2626 ἤκουσεν
2803 2555 2993 2619 αὐτοῦ,
3069 2557 3232 2626 φησι,
3275 2555 3532 2626 βασιλεὺς
3589 2554 3788 2605 Ἀσσυο

512 2645 662 2716 ρίων,
700 2645 797 2700 καὶ
849 2647 1016 2720 ἀνέϐη
1062 2650 1141 2712 εἰς
1178 2649 1490 2720 Δαμασκὸν,
1547 2652 1643 2702 καὶ
1720 2651 2012 2706 συνέλαϐεν
2073 2650 2264 2721 αὐτὴν,
2308 2652 2404 2705 καὶ
2457 2651 2736 2721 ἀπῴκισεν
2795 2651 2988 2722 αὐτὴν,
3039 2653 3134 2704 καὶ
3190 2640 3282 2705 τὸν
3349 2650 3630 2704 Ῥαασσὼν
3663 2646 3788 2702 ἐθα-

509 2753 740 2790 νατωσε.
761 2756 781 2790 ι

585 2825 748 2882 Vens.
802 2828 920 2884 6-8.
977 2828 1106 2883 Haec
1163 2831 1290 2883 dicit
1349 2831 1602 2886 Dominus
1645 2848 1667 2886 :
1710 2831 1881 2902 Super
1923 2835 2090 2888 tribus

509 2920 865 2986 impietatibus
904 2920 1082 2986 Gazae,
1125 2931 1174 2976 et
1207 2940 1363 2990 super
1391 2935 1623 2995 quatuor
1653 2942 1756 2979 non
1793 2936 2091 2982 convertant

2278 2829 2422 2884 Τάδε
2451 2829 2616 2898 λέγει
2645 2829 2894 2896 Κύριοςο
2939 2829 3064 2882 Ἐπὶ
3101 2828 3230 2895 ταῖς
3256 2831 3457 2898 τρισὶν
3489 2831 3787 2899 ἀσεϐείαις
3833 2845 3838 2849 ’

2197 2922 2410 2990 Γάζης,
2445 2921 2544 2974 καὶ
2587 2921 2687 2974 ἐπὶ
2718 2921 2849 2986 ταῖς
2885 2920 3221 2988 τέσσαρσιν
3249 2923 3360 2975 οὐκ
3397 2922 3787 2992 ἀποστραφή-

508 3026 619 3074 eos,
648 3027 706 3064 eo
737 3013 876 3081 quod
905 3015 1290 3080 captivaverunt
1318 3015 1418 3084 ipsi
1447 3017 1795 3084 captivitatem
1819 3016 2091 3086 Salomon,

2199 3027 2378 3079 σομαι
2403 3009 2646 3076 αὐτοὺς,
2677 3009 2887 3063 ἕνεκεν
2914 3010 3020 3063 τοῦ
3053 3011 3533 3079 αὶχμαλωτεῦσαι
3567 3013 3786 3080 αὐτοὺς

510 3114 567 3156 ut
608 3103 976 3158 concluderent
1009 3108 1063 3159 in
1110 3104 1432 3162 Idumamm.
1476 3105 1544 3160 Et
1591 3110 1795 3162 mittant
1834 3110 2005 3181 ignem
2037 3111 2094 3165 in

511 3211 692 3249 muros
728 3193 913 3261 Caere,
942 3204 993 3250 et
1027 3196 1295 3250 devorabit
1325 3199 1672 3266 fundamenta
1701 3205 1836 3269 ejus.
1870 3200 1935 3253 Et
1981 3202 2092 3254 dis-

510 3288 728 3356 perdam
761 3288 1060 3342 habitantes
1101 3290 1166 3343 de
1205 3292 1394 3344 Asoto.
1441 3290 1509 3344 Et
1546 3290 1786 3360 auferam
1827 3293 1993 3347 tribus
2028 3311 2094 3348 ea:

511 3377 790 3444 Ascalone,
819 3389 867 3433 et
914 3379 1162 3433 inducam
1194 3397 1408 3435 manum
1457 3398 1628 3436 meam
1675 3399 1832 3451 super
1869 3385 2093 3438 Λείαν-ο-

509 3488 661 3535 nem,
712 3481 761 3526 et
814 3472 1054 3541 peribunt
1097 3473 1284 3545 reliqui
1325 3474 1778 3548 aiienigenarumf,
1820 3477 1944 3532 dicit
1983 3478 2092 3532 Do-

510 3578 707 3618 mnus.

583 3735 648 3792 ν.
696 3738 838 3792 Ante
870 3737 972 3792 alia
1001 3739 1104 3795 hoc
1137 3741 1502 3798 necessarium
1533 3742 1682 3799 dictu
1707 3745 1964 3812 arbitror,
1993 3762 2092 3804 nec

511 3827 908 3896 Ilebrmorum,
966 3846 1070 3886 nec
1127 3832 1355 3888 aliorum
1423 3836 1714 3891 editionem
1779 3839 2090 3896 meminisse

510 3918 839 3974 Salomonis.
878 3919 983 3975 Sed
1016 3922 1066 3974 in
1115 3921 1339 3977 Hebraaa
1367 3926 1586 3994 quidem
1619 3937 1704 3981 est
1733 3947 1747 3983 ε
1781 3944 1802 3979 ι
1838 3928 1916 3983 Eo
1946 3933 2088 3999 quod

510 4011 924 4076 captivaverunt
971 4027 1065 4068 eos
1125 4017 1460 4083 captivitate.
1495 4035 1514 4069 ι
1558 4018 1750 4075 Carteri
1807 4036 1907 4090 pro
1962 4037 2090 4077 voce

516 4118 534 4150 ι
569 4100 824 4156 Salomon
877 4120 896 4154 ι
953 4115 1321 4172 apposuerunt
1363 4107 1671 4175 perfectum,
1725 4125 1821 4164 seu
1871 4113 2088 4166 absolu-

508 4201 643 4245 tum.
683 4195 789 4248 Sed
823 4209 921 4248 nos
953 4194 1304 4266 Septuaginta
1342 4199 1836 4267 interpretationem
1865 4207 2088 4261 omnino

511 4297 826 4351 sequemur.
848 4286 1150 4342 Accusatur
1186 4290 1367 4358 itaque
1405 4290 1552 4344 Gaza
1591 4293 1720 4348 urbs
1773 4294 2082 4364 Philistiim,

510 4387 632 4441 quae
666 4376 826 4430 hodie
860 4376 1145 4433 Palaestina
1177 4389 1280 4444 est,
1319 4384 1460 4448 quod
1505 4385 1867 4452 captivaverit
1910 4391 2085 4457 capti-

511 4466 732 4520 vitatem
763 4467 1099 4534 Salomonis,
1131 4479 1190 4525 ut
1227 4473 1575 4530 concluderet
1608 4489 1728 4530 eam
1759 4478 1810 4532 in
1836 4479 2088 4536 ldumara.

512 4556 668 4623 Quod
721 4561 764 4613 si
806 4561 1023 4629 quidem
1075 4563 1155 4618 sic
1201 4564 1588 4632 intelligamus,
1630 4571 2088 4638 quemadmodum

512 4652 695 4704 caeleri
745 4651 1070 4721 interpretes
1123 4655 1533 4724 intellexerunt,
1581 4675 1690 4714 non
1740 4663 2090 4721 mediocriter

511 4741 750 4797 Judteam
814 4745 1198 4811 devastarunt,
1262 4751 1358 4803 sed
1414 4751 1687 4821 ingentem
1750 4755 2088 4824 captivorum

513 4847 796 4887 numerum
842 4835 1222 4903 abduxerunt,
1267 4855 1499 4908 eamque
1549 4843 1798 4901 ldumazis
1846 4849 2092 4916 subjece-

511 4934 660 4979 runt.
695 4924 916 4981 ldumai
973 4931 1253 4999 pr0pagati
1285 4933 1502 5000 quidem
1543 4946 1700 4989 erant.
1747 4953 1778 4992 e
1828 4941 2090 5010 sanguine

512 5015 655 5070 Esau
679 5033 694 5082 ;
717 5032 903 5072 verum
930 5018 1296 5075 lsraelitarum
1324 5034 1583 5093 perpetuo
1610 5026 1838 5092 inimici,
1859 5046 2088 5098 quorum

510 5106 783 5176 adjutores
810 5118 864 5163 et
896 5110 1101 5164 militia:
1149 5113 1280 5166 socii
1313 5113 1489 5169 Gazzei
1519 5127 1574 5170 et
1616 5118 1816 5183 Azotii,
1863 5122 2084 5177 Ascalo-

511 5196 637 5250 nita:
679 5205 734 5252 et
781 5199 872 5266 qui
928 5200 1184 5254 dicuntur
1224 5203 1584 5270 Accaronitaa,
1630 5217 1683 5262 et
1728 5211 1817 5264 alii
1866 5213 2084 5282 quidam

511 5286 828 5357 alienigenae
862 5289 927 5344 ad
954 5295 1339 5360 expugnandus
1369 5294 1566 5352 Iudaea:
1600 5301 1761 5355 urbes
1794 5301 2082 5372 plurimum

511 5377 618 5431 illis
673 5381 1042 5437 contulerunt.
1092 5383 1244 5450 Quod
1305 5386 1349 5440 si
1403 5389 1697 5444 secundum
1746 5394 2085 5464 septuaginta

515 5468 800 5525 Seniorum
832 5474 1237 5531 translationem
1268 5494 1363 5536 eos
1389 5482 1751 5550 captivitatem
1781 5485 2086 5540 Salomonis

511 5562 812 5632 captivasse
839 5563 1093 5634 dicimus,
1134 5568 1215 5624 sic
1249 5569 1611 5642 intelligamus
1655 5585 1888 5642 Oportet.
1926 5577 2085 5634 Salo-

581 5739 628 5772 “
655 5739 722 5793 IV
752 5737 882 5812 Reg.
908 5757 1017 5808 xvr,
1042 5741 1094 5795 9.

2195 3102 2611 3172 αἰχμαλωσίαν
2638 3099 2747 3154 τοῦ
2783 3099 3091 3169 Σολομὼν,
3134 3101 3242 3154 τοῦ
3288 3103 3653 3171 συγκλεῖσαι
3699 3107 3788 3171 εις

2194 3194 2310 3264 τὴν
2338 3194 2687 3264 Ἰδουμαίαν.
2710 3194 2818 3248 Καὶ
2844 3191 3235 3259 ἐξαποστελῶ
3258 3193 3377 3263 πῦρ
3399 3194 3499 3248 ἐπὶ
3527 3196 3597 3248 τὰ
3618 3197 3784 3265 τείχη

2196 3285 2407 3354 Γάζης,
2441 3287 2540 3340 καὶ
2585 3285 2988 3356 καταφάγεται
3037 3286 3110 3340 τὰ
3155 3284 3400 3355 θεμέλια
3431 3287 3640 3354 αὐτῆς.
3674 3291 3783 3342 Καὶ

2191 3379 2606 3446 ἐξολοθρεύσω
2640 3379 3070 3444 κατοικοῦντας
3091 3378 3160 3444 ἐξ
3197 3378 3455 3440 Ἀζώτου.
3479 3379 3590 3434 Καὶ
3619 3381 3788 3450 ἐξαρ-

2194 3470 2442 3536 θήσεται
2493 3469 2660 3539 φυλὴ
2706 3471 2776 3535 ἐξ
2816 3469 3223 3537 Ἀσκαλῶνος,
3277 3470 3377 3524 καὶ
3426 3469 3628 3534 ἐπάξω
3669 3473 3785 3539 τὴν

2192 3562 2362 3632 χεῖρά
2383 3579 2503 3632 μου
2525 3562 2619 3614 ἐπ’
2657 3561 2971 3630 Ἀκκαρὼν,
3001 3563 3100 3616 καὶ
3134 3563 3505 3616 ἀπολοῦνται
3530 3566 3585 3617 οὶ
3614 3563 3786 3616 κατά-

2190 3659 2394 3709 λοιποι
2427 3654 2546 3708 τῶν
2588 3655 2980 3723 ἀλλοφύλων,
3009 3653 3175 3724 λέγει
3204 3655 3442 3722 Κύριος.

2264 3745 2341 3800 E'.
2389 3745 2710 3813 Ἀναγκαῖον
2768 3743 3010 3816 ἡγοῦμαι
3063 3746 3157 3798 καὶ
3205 3747 3312 3815 πρό
3341 3765 3404 3816 γε
3466 3747 3575 3801 τῶν
3607 3749 3782 3802 ἄλλων

2191 3838 2366 3890 ἐκεῖνο
2392 3840 2586 3901 εἰπεῖν,
2615 3838 2692 3901 ὼς
2722 3836 2846 3890 οὔτε
2875 3840 2909 3909 ἠ
2939 3837 3048 3891 τῶν
3079 3838 3351 3912 Ἐϐραίων
3392 3841 3623 3906 ἔκδοσις,
3659 3843 3780 3896 οὔτε

2189 3930 2224 3999 ἡ
2251 3929 2358 3982 τῶν
2392 3930 2593 4002 ἐτέρων
2618 3930 2890 4002 μέμνηται
2915 3930 3009 3983 τοῦ
3039 3931 3312 4002 Σολομὼν,
3345 3933 3461 3988 ἀλλ’
3488 3937 3779 4008 εἰρήκασι,

2204 4020 2444 4092 Ἑϐραῖοι
2491 4023 2590 4093 μὲν
2635 4041 2655 4074 ι
2689 4014 2918 4077 Ἕνεκεν
2950 4023 3044 4076 τοῦ
3089 4025 3533 4095 αίχμαλωτεῦσαι
3585 4030 3780 4093 αὐτοὺς

2191 4113 2568 4185 αίχμαλωσίᾳ·
2597 4132 2615 4164 ι
2641 4115 2690 4166 οἱ
2717 4115 2774 4168 δὲ
2797 4115 2976 4168 λοιποὶ
3005 4117 3343 4186 προσέθεσαν
3369 4119 3489 4172 ἀντὶ
3517 4120 3610 4173 τοῦ
3643 4139 3662 4172 ι
3689 4123 3781 4174 Σο.

2188 4203 2371 4276 λομὼν
2401 4223 2419 4257 ›
2456 4205 2931 4275 ἀπηρτισμένην,
2981 4208 3098 4279 ἦτοι
3131 4211 3389 4264 τελείαν.
3429 4213 3700 4284 Ἐψόμεθα
3723 4213 3779 4267 δὲ

2191 4297 2504 4366 ἀναγκαίως
2551 4299 2714 4368 ἡμεῖς
2743 4300 2837 4352 καὶ
2871 4303 2936 4372 τῇ
2971 4301 3080 4354 τῶν
3121 4301 3524 4374 Ἐϐδομήκοντα
3569 4309 3775 4377 γραφῇ.

2211 4394 2552 4462 Ἐγκαλεῖται
2579 4392 2644 4464 δὴ
2677 4388 2772 4447 οὖν
2793 4396 2826 4466 ἡ
2849 4395 3017 4461 Γάζα,
3050 4397 3203 4460 πόλις
3223 4397 3280 4452 δέ
3309 4397 3447 4470 αὕτη
3482 4400 3590 4453 τῶν
3617 4401 3775 4453 Φυλι-

2201 4485 2401 4556 στιελμ,
2437 4487 2470 4555 ἢ
2497 4485 2590 4539 νῦν
2619 4489 2732 4540 ἐστι
2766 4487 3115 4560 Παλαιστίνη,
3142 4490 3216 4554 ὡς
3248 4492 3622 4562 αἰχμαλωσίαν
3653 4495 3760 4564 αἰχ·

2203 4572 2601 4644 μαλωτεύσασα
2653 4575 2748 4628 τοῦ
2784 4576 3054 4647 Σολομὼν,
3090 4579 3184 4632 τοῦ
3227 4581 3540 4649 συγκλεῖσαι
3575 4585 3649 4647 είς
3677 4584 3772 4656 τὴν

2209 4663 2528 4734 Ἰδουμαίαν.
2563 4666 2684 4720 Κάν
2723 4667 2820 4738 μὲν
2847 4668 2988 4722 οὕτω
3016 4671 3246 4742 νοῶμεν,
3274 4673 3350 4737 ὡς
3380 4675 3432 4744 γ’
3461 4671 3554 4729 οὖν
3581 4678 3630 4729 οἱ
3663 4676 3772 4731 ἐτε-

2197 4769 2282 4825 ροι
2332 4757 2652 4826 νενοήκασιν
2697 4757 3062 4828 ἐρμηνευταὶ,
3106 4762 3168 4812 οὐ
3207 4762 3305 4833 τὴν
3358 4765 3628 4835 τυχοῦσαν
3672 4785 3769 4820 πε-

2197 4843 2444 4913 ποίηνται
2489 4846 2628 4898 κατά
2669 4847 2765 4915 τῆς
2808 4848 3065 4914 ἰουδαίας
3102 4851 3386 4923 πόρθησιν,
3427 4856 3543 4910 ἀλλ’
3574 4860 3770 4930 αἰχμα-

2195 4934 2396 4989 λωσίαν
2443 4936 2650 5003 ἑλόντες
2709 4937 2917 5008 ἱκανὴν,
2973 4941 3077 4994 ὑπὸ
3126 4945 3285 5014 χεῖρα
3337 4946 3601 5001 δεδώκασι
3663 4952 3772 5005 τῶν

2208 5026 2526 5098 Ἰδουμαίων
2569 5029 2760 5101 αύτήν.
2803 5031 3086 5102 Ἰδουμαῖοι
3129 5036 3387 5104 γεγόνασι
3435 5040 3531 5108 μὲν
3580 5041 3640 5107 ἐξ
3689 5043 3774 5098 αἵ-

2196 5135 2362 5189 ματος
2398 5121 2591 5181 Ἡσαῦ,
2614 5121 2784 5193 ἐχθρά
2803 5139 2866 5190 γε
2901 5123 3006 5195 μὴν
3032 5130 3436 5200 πεφρονήκασιν
3461 5133 3546 5184 ἀεὶ
3576 5137 3689 5198 τοῖς
3713 5135 3769 5201 ἐξ

2204 5207 2440 5279 Ἰσραὴλ,
2467 5205 2546 5272 οἷς
2573 5211 3057 5284 συνεργασάμενοι,
3087 5217 3181 5268 καὶ
3213 5217 3462 5272 σύνοπλοι
3489 5224 3767 5290 γεγονότες

2193 5299 2414 5360 Γαζαῖοί
2441 5317 2498 5353 τε
2525 5301 2616 5354 καὶ
2651 5301 2893 5366 Ἀζώτιοι
2918 5306 3012 5358 καὶ
3038 5306 3447 5376 Ἀσκαλωνῖται,
3475 5313 3570 5365 κα)⁸
3597 5315 3645 5366 oi
3670 5318 3765 5385 τῆς

2193 5392 2494 5463 λεγομένης
2525 5394 2835 5467 Ἀκκαρὼν,
2875 5397 2969 5451 καὶ
3002 5398 3177 5471 ἐτεροι
3218 5401 3276 5455 δὲ
3317 5403 3424 5458 τῶν
3458 5406 3766 5474 ἀλλοφύλων

2193 5486 2356 5551 τινὲς,
2397 5487 2740 5559 κατακράτος
2789 5489 2930 5542 ἑλεῖν
2981 5491 3080 5563 τῆς
3128 5493 3388 5559 Ἰουδαίας
3438 5499 3537 5561 τὰς
3584 5500 3768 5564 πόλεις

2193 5577 2630 5648 παρεσκεύασαν.
2656 5581 2716 5633 Εἰ
2753 5579 2809 5635 δὲ
2841 5581 2905 5635 ea
2936 5584 3077 5638 κατὰ
3109 5584 3206 5656 τὴν
3232 5585 3338 5639 τῶν
3369 5588 3769 5661 Ἑϐδομήκονια
