4132 6370
341 325 445 378 ἇὲἷ)

1301 311 1855 371 COMMENTARIUS
1892 309 1957 364 IN
1996 306 2182 361 AMOS
2224 303 2668 360 PllOPllETAM.

3515 309 3614 364 49.6

364 439 564 513 ’ραφῆν
597 435 1039 510 αίχμαλωτεῦσαι
1076 435 1307 505 λέγομεν
1335 435 1535 498 αὐτοὺς
1584 430 1935 504 αἰχμαλωσίᾳ

2056 442 2162 481 ιιοιι
2210 441 2301 481 res
2352 425 2556 479 viribus
2584 434 2887 493 pru'potens
2930 425 3053 492 fuit,
3103 437 3161 483 et
3199 428 3371 499 copiis
3401 427 3622 484 invictis

345 532 433 586 τοῦ
474 531 747 604 Σολομὼν,
779 531 956 585 ἐκεῖνό
989 546 1093 583 που
1128 527 1347 591 πάντως
1381 528 1580 580 ἐννοεῖν
1609 528 1927 595 ἀναγκαῖον.

345 628 537 695 Γέγονε
573 626 672 696 μὲν
723 625 833 697 γάρ
878 622 1292 683 εὐσθενέστατος
1331 621 1427 673 καὶ
1466 619 1748 690 παναλκὴς
1782 618 1933 689 βασι-

342 718 466 780 λεὺς
491 719 519 769 ὀ
543 714 817 787 Σολομὼν,
848 715 1226 786 κατεκράτησε
1254 712 1310 765 δὲ
1336 711 1478 764 οὕτω
1504 711 1612 763 τῶν
1639 710 1934 781 περιοίκων

344 809 535 873 ὲθνῶν,
590 809 665 872 ὼς
725 808 820 861 καὶ
874 804 1076 868 πολλὰς
1120 803 1252 874 παρ’
1297 802 1487 865 αὐτοῖς
1537 799 1935 871 ἀναδείμασθαι

344 903 561 965 πόλεις,
602 902 696 954 καὶ
737 902 795 955 ὲν
844 900 1034 961 αὑταῖς
1078 895 1292 968 ίδρύσαι
1327 895 1418 947 τὸν
1470 893 1721 966 Ἰσραὴλ,
1754 892 1935 956 δόντος

346 992 493 1063 αύτῴ
523 991 615 1046 τοῦ
645 992 853 1063 Χιράμ.
887 990 1202 1059 Γέγραπται
1227 987 1283 1039 δὲ
1313 986 1457 1040 οῦτω
1490 988 1547 1039 ὲν
1575 984 1803 1056 δευτέρᾳ
1828 984 1937 1037 τῶν

347 1084 867 1156 Παραλειπομένων’
909 1100 928 1133 ι
963 1080 1073 1135 Καὶ
1121 1079 1337 1149 ἐγένετο
1392 1077 1528 1149 μετὰ
1561 1077 1766 1131 εἴκοσιν
1808 1076 1936 1147 ἔτη,

349 1181 406 1231 ὲν
432 1174 513 1242 οἷς
541 1176 858 1247 ᾠκοδόμησε
888 1173 1142 1244 Σολομὼν
1175 1172 1268 1225 τὸν
1299 1166 1446 1224 οἶκον
1472 1170 1701 1240 Κυρίου,
1729 1170 1821 1222 καὶ
1846 1169 1939 1222 τὸν

348 1269 493 1325 οἷκον
521 1268 736 1329 ἑαυτοῦ,
767 1267 861 1321 καὶ
898 1265 996 1330 τὰς
1030 1265 1215 1325 πόλεις
1254 1263 1422 1317 ἔδωκε
1454 1262 1643 1334 Χιράμ
1672 1261 1751 1333 τῷ
1780 1262 1937 1316 Σολο-

352 1362 488 1433 μὼν,
535 1360 886 1432 ᾠκοδόμησεν
933 1357 1102 1421 αὐτὰς
1167 1354 1442 1427 Σολομὼν,
1491 1354 1586 1407 καὶ
1633 1351 1940 1425 κατῴκισεν

350 1460 468 1509 ἐκεῖ
494 1457 619 1518 τοὺς
647 1455 795 1516 υἱοὺς
817 1452 1058 1525 Ἰσραὴλ,
1089 1451 1184 1505 καὶ
1210 1446 1343 1522 ἦλθε
1370 1446 1622 1519 Σολομὼν
1657 1449 1737 1511 είς
1760 1446 1940 1519 Αίμὰθ

351 1548 532 1601 Σωϐά.
587 1546 697 1600 Καὶ
741 1544 1045 1614 κατῴκισεν
1100 1542 1289 1616 αὐτὴν,
1339 1541 1435 1596 καὶ
1484 1540 1801 1612 ᾠκοδόμησε
1843 1540 1943 1612 τὴν

351 1639 563 1709 Θεδμδρ
608 1640 664 1691 ὲν
702 1640 769 1709 τῇ
822 1639 1050 1707 ἐρήμῳ,
1098 1636 1194 1689 καὶ
1243 1634 1430 1698 πάσας
1466 1634 1565 1697 τὰς
1615 1632 1802 1696 πόλεις
1843 1633 1945 1697 τάς

350 1734 446 1804 ὀχυ
459 1734 553 1805 ρας
582 1730 932 1804 ᾠκοδόμησεν
954 1732 1012 1782 ὲν
1031 1728 1264 1800 Αίμάθ.»
1283 1727 1396 1783 Καὶ
1418 1726 1537 1798 μεθ’
1560 1726 1725 1799 ἔτερα
1758 1726 1943 1780 πάλιν·

359 1845 379 1879 ι
404 1826 513 1878 Καὶ
535 1825 637 1877 ὅσα
658 1821 971 1892 ἐπεθύμησε
991 1820 1244 1893 Σολομὼν
1261 1819 1513 1891 κατάτὴν
1534 1818 1827 1889 ἐπιθυμίαν
1848 1817 1942 1872 τοῦ

353 1910 702 1981 οἰκοδομῆσαι
733 1911 790 1963 ὲν
829 1908 1207 1980 Ἰερουσαλὴμ,
1240 1909 1334 1962 καὶ
1363 1909 1421 1962 ὲν
1449 1908 1528 1978 τῷ
1559 1908 1812 1979 Λιϐάνῳ,
1849 1906 1946 1961 καὶ

355 2003 505 2074 πάσῃ
536 2004 602 2073 τῇ
637 2000 885 2073 βασιλείᾳ
915 1999 1101 2053 αὑτοῦ.
1142 2001 1261 2063 Πᾶς
1284 2000 1313 2052 ὁ
1337 1998 1462 2064 λαὸς
1492 2002 1520 2053 ὁ
1563 1997 1946 2067 καταλειφθεὶς

350 2091 467 2146 ἀπὸ
488 2091 584 2144 τοῦ
622 2090 913 2153 Χετταίου,
952 2091 1047 2143 καὶ
1081 2088 1176 2143 τοῦ
1213 2089 1565 2162 Ἀμορραίου,
1593 2090 1688 2143 καὶ
1715 2087 1810 2142 τοῦ
1845 2089 1946 2141 Φε-

359 2182 598 2255 ρεξαίου,
628 2182 723 2235 καὶ
750 2179 846 2234 τοῦ
887 2179 1110 2244 Εὐαίου,
1144 2179 1238 2234 καὶ
1269 2179 1364 2233 τοῦ
1388 2180 1738 2245 Ἰεϐουσαίου,
1766 2179 1815 2233 οἳ
1846 2180 1949 2234 οὐκ

355 2273 494 2329 είσὶν
526 2275 591 2327 ὲκ
620 2272 711 2326 τοῦ
737 2270 978 2344 Ἰσραὴλ,
1008 2266 1150 2343 ἦσαν
1179 2272 1243 2324 ὲκ
1270 2271 1381 2324 τῶν
1412 2271 1543 2324 υἱῶν
1570 2271 1752 2325 αὐτῶν
1787 2289 1951 2326 κατα-

355 2364 665 2436 λειφθέντες
702 2365 821 2435 μετ’
866 2363 1061 2426 αὐτοὺς
1102 2363 1160 2417 ὲν
1202 2363 1269 2434 τῇ
1326 2365 1429 2435 γῇ,
1474 2361 1569 2426 οὓς
1616 2364 1718 2417 οὐκ
1763 2362 1949 2429 ὲξωλό-

358 2460 594 2531 θρευσαν
620 2457 728 2511 υίοὶ
762 2455 1001 2525 Ἰσραήλ.
1025 2456 1136 2507 Καὶ
1162 2454 1441 2527 ἀνήγαγεν
1471 2455 1671 2518 αὐτοὺς
1698 2454 1949 2527 Σολομὼν

356 2554 437 2616 είς
467 2550 652 2622 φόρον,
679 2548 783 2611 ἕως
808 2548 909 2618 τῆς
934 2546 1148 2618 ἡμέρας
1177 2545 1399 2616 ταύτης.
1424 2564 1441 2597 ι
1482 2545 1947 2617 Συμφραξάμενοι

358 2644 535 2698 τοίνυν
576 2644 691 2705 τοῖς
723 2642 788 2695 ὲκ
825 2640 925 2711 τῆς
953 2639 1257 2711 Ἰδουμαίας
1294 2638 1517 2703 Γαζαῖοι
1551 2655 1612 2691 τε
1648 2640 1743 2693 καὶ
1780 2637 1954 2705 Ἀζώ-

360 2755 488 2803 τιοι,
518 2736 612 2790 καὶ
635 2736 684 2790 oi
707 2734 887 2788 λοιποὶ
910 2731 1117 2797 ταύτας
1148 2750 1251 2786 που
1277 2731 1376 2795 τὰς
1406 2731 1590 2795 πόλεις
1618 2731 1950 2803 ἀνῃρήκασι,

361 2829 461 2892 τὰς
486 2827 886 2898 ὠνομασμένας
906 2824 1001 2878 τοῦ
1029 2822 1303 2893 Σολομὼν,
1327 2823 1405 2887 ὡς
1432 2823 1631 2894 μηκέτι
1659 2824 1759 2893 μὲν
1780 2822 1954 2886 αύτάς

363 2923 469 2978 ὑπὸ
501 2920 599 2993 τὴν
627 2918 798 2973 Ἰούδα
836 2917 1051 2972 κεῖσθαι
1094 2916 1397 2987 βασιλείαν,
1429 2916 1872 2987 ἀπονενεμῆσθαι
1897 2915 1955 2969 δὲ

2034 518 2235 583 valnit,
2288 518 2601 587 vicinasque
2650 529 2839 588 gentos
2890 519 2963 573 ita
3004 519 3333 593 subiugavit,
3366 522 3621 595 25⁵1ιιι

2032 610 2196 664 etiam
2225 608 2388 665 urbes
2416 612 2554 679 apud
2602 624 2696 664 eas
2727 610 3035 681 complures
3065 613 3437 680 aediﬁcaverit,
3481 626 3536 669 et
3566 615 3617 669 in

2036 701 2101 757 iis
2126 701 2399 757 lsraelitas
2438 701 2743 769 collocarit,
2790 704 3012 758 Cltiram
3062 705 3114 759 id
3148 706 3222 761 illi
3266 707 3617 762 concedente.

2037 792 2129 848 Sic
2171 793 2317 847 enim
2370 792 2534 848 habet
2591 796 2863 850 secundus
2930 795 3068 851 liber
3119 796 3618 868 Paralipomenon:

2043 904 2063 939 ι
2096 886 2162 940 Ει
2188 885 2390 941 factum
2419 895 2504 941 est
2535 897 2656 956 post
2680 887 2871 957 viginti
2905 904 3101 954 annos,
3143 891 3195 945 in
3225 890 3425 961 quibus
3449 892 3621 946 aediﬁ-

2038 979 2184 1034 cavit
2218 978 2476 1034 Salomon
2512 980 2731 1033 domum
2766 979 3001 1047 Domini,
3026 992 3081 1035 et
3114 982 3331 1037 domum
3364 999 3537 1044 suam,
3571 995 3625 1037 et

2039 1069 2293 1135 civitates
2327 1086 2465 1140 quas
2505 1070 2658 1125 dedit
2705 1069 2925 1125 Cltirant
2982 1071 3282 1138 Salomoni,
3337 1075 3625 1128 :editicavit

2040 1162 2186 1232 ipsas
2212 1162 2492 1230 Salomon,
2533 1172 2589 1216 et
2621 1162 2865 1217 habitare
2906 1163 3034 1218 fecit
3066 1164 3137 1220 ibi
3167 1165 3305 1220 ﬁlios
3336 1163 3521 1220 Israel.
3560 1165 3628 1220 Et

2041 1254 2191 1308 venit
2221 1253 2477 1309 Salomon
2520 1255 2571 1309 in
2605 1254 2794 1309 Emath
2845 1253 3011 1320 Suba,
3042 1265 3097 1311 et
3128 1257 3409 1326 praevaluit
3436 1268 3623 1311 contra

2042 1359 2187 1409 eam,
2236 1355 2292 1399 et
2329 1344 2619 1399 aediﬁcavit
2648 1344 2922 1400 Tbedmor
2969 1347 3022 1399 in
3054 1346 3290 1410 deserto,
3341 1354 3393 1401 et
3438 1362 3627 1403 omnes

2044 1439 2292 1494 civitates
2323 1438 2559 1492 munitas
2594 1452 2732 1507 quas
2774 1436 3064 1493 aedificavit
3108 1437 3160 1492 in
3199 1438 3392 1493 Emath
3414 1439 3478 1491 '5.
3511 1456 3528 1488 ι
3563 1436 3630 1491 Et

2046 1531 2207 1600 paulo
2260 1540 2423 1601 post:
2459 1550 2477 1583 ι
2513 1530 2580 1585 Ει
2608 1544 2950 1600 quaecunque
2998 1530 3329 1585 desideravit
3371 1529 3628 1584 Salomon

2045 1622 2343 1678 secundum
2371 1621 2699 1678 desiderium
2747 1636 2928 1688 suum,
2963 1630 3022 1676 ut
3062 1620 3358 1676 aediﬁcaret
3391 1625 3441 1674 in
3471 1619 3631 1675 Jeru-

2048 1714 2236 1778 salem,
2266 1723 2321 1770 et
2352 1714 2405 1768 in
2450 1713 2681 1778 Libano,
2705 1725 2759 1770 ct
2785 1714 2839 1768 in
2872 1713 3019 1769 omni
3049 1728 3218 1783 regno
3248 1728 3368 1767 suo.
3401 1710 3628 1769 Omnem

2048 1806 2301 1876 populum
2330 1807 2423 1876 qui
2442 1807 2734 1863 derelictus
2764 1806 2947 1862 fuerat
2971 1809 3038 1862 de
3064 1804 3327 1871 Hetltazis,
3355 1815 3411 1861 et
3438 1805 3633 1859 Amor-

2047 1901 2231 1969 rhaeis,
2280 1908 2337 1956 et
2370 1898 2695 1963 Pherezacis,
2736 1909 2793 1953 et
2839 1896 3072 1966 Hevaais,
3116 1907 3172 1952 et
3211 1897 3493 1964 Jebuszeis,
3538 1901 3627 1966 qui

2047 2014 2155 2054 non
2187 2006 2343 2052 erant
2391 1999 2460 2051 de
2504 1995 2673 2066 stirpe
2720 1992 2908 2059 Israel,
2941 1994 3010 2050 de
3053 1993 3179 2048 ﬁliis
3214 2008 3428 2057 eorum,
3468 2004 3523 2048 et
3566 1996 3633 2047 de

2048 2089 2309 2163 posteris,
2342 2103 2482 2159 quos
2515 2103 2623 2143 non
2657 2087 3048 2143 interfecerant
3093 2086 3189 2141 ﬁlii
3220 2084 3404 2152 Israel,
3447 2085 3633 2153 subju-

2048 2183 2195 2256 gavit
2212 2182 2468 2238 Salomon
2495 2180 2549 2235 in
2570 2179 2911 2244 tributarios,
2934 2195 3105 2251 usque
3126 2182 3178 2235 in
3198 2182 3338 2236 diem
3366 2181 3505 2235 hanc
3520 2180 3584 2233 ¹⁸.
3606 2198 3625 2231 s

2048 2274 2259 2346 Itaque,
2288 2272 2618 2330 consociatis
2650 2273 2841 2339 armis,
2873 2271 3075 2341 Gazaei,
3104 2273 3302 2340 Azotii,
3352 2283 3408 2328 et
3439 2271 3631 2341 reliqui

2049 2382 2172 2423 cum
2200 2366 2472 2432 ldumaeis,
2495 2366 2658 2421 hasce
2680 2368 2843 2421 urbes
2864 2374 3180 2422 everterunt
3206 2384 3220 2421 :
3247 2382 3368 2436 qua:
3396 2365 3636 2421 Salomo-

2051 2460 2138 2515 nis
2171 2459 2532 2530 appellantur,
2563 2457 2706 2528 quod
2737 2473 2844 2514 non
2896 2458 3130 2528 amplius
3166 2459 3267 2514 sub
3294 2473 3463 2528 regno
3494 2456 3633 2511 Juda

2052 2559 2253 2612 essent,
2297 2550 2392 2604 sed
2426 2549 2606 2620 impiis
2635 2548 2996 2604 Moabitarum
3035 2549 3262 2606 ducibus
3288 2550 3435 2604 velut
3476 2553 3637 2605 attri-

2052 2640 2216 2696 butzc.
2241 2639 2587 2715 Quapropter
2617 2641 2820 2697 Gazam
2867 2657 2974 2696 una
3026 2656 3148 2696 cum
3195 2641 3318 2695 aliis
3352 2641 3460 2712 igni
3506 2656 3640 2696 con-

2053 2742 2328 2803 sumptum
2365 2733 2428 2787 iri
2459 2734 2610 2801 dicit,
2641 2742 2697 2789 et
2720 2733 2965 2790 funditus
2988 2734 3262 2806 perituros
3286 2735 3562 2798 Azoticos,
3586 2745 3640 2789 et

2053 2823 2415 2891 Ascalonitas,
2440 2834 2495 2881 et
2515 2824 2764 2882 Accaron
2794 2828 2895 2882 sub
2922 2841 3085 2881 manu
3110 2827 3468 2896 percutientis
3501 2827 3639 2881 fore.

2054 2915 2288 2973 Prorsus
2316 2928 2498 2974 autem
2527 2934 2649 2974 cum
2696 2920 2830 2987 ipsis
2874 2921 3039 2976 etiam
3070 2920 3310 2991 reliquos
3351 2921 3420 2975 de
3449 2921 3642 2975 eadem

362 3012 552 3084 ὥσπερ
574 3015 687 3075 τοῖς
709 3009 1017 3065 Μωαϐιτῶν
1039 3008 1273 3072 ἀνοσίοις
1297 3008 1660 3080 καθηγηταῖς.
1683 3007 1954 3081 Ταύτῃτοι

2058 3018 2219 3080 gente
2252 3010 2607 3066 barbarorum
2632 3012 2963 3067 exstinctum
3005 3011 3095 3065 iri.
3131 3009 3291 3075 Nam,
3328 3020 3387 3065 ut
3409 3025 3643 3067 consen-

366 3107 501 3178 πυρὶ
552 3100 1030 3175 δαπανηθήσεσθαι
1079 3102 1200 3164 ταῖς
1250 3099 1439 3164 ἄλλαις
1466 3100 1603 3172 όμοῦ
1648 3100 1748 3173 τὴν
1773 3099 1957 3165 Γάζαν

2065 3111 2285 3158 laneum
2330 3112 2435 3169 est,
2477 3104 2544 3160 ad
2590 3104 2853 3160 auxilium
2902 3104 3164 3176 quosdam
3200 3103 3421 3160 aliunde
3455 3117 3639 3159 accer-

364 3196 551 3269 φησίν·
575 3192 755 3259 ὲξολοθ
765 3190 1125 3264 ρευθήσεσθαι
1144 3190 1201 3243 δὲ
1222 3191 1317 3243 καὶ
1343 3187 1652 3255 Ἀζωτίους,
1674 3190 1768 3245 καὶ
1788 3190 1961 3262 φυλὴν

383 3287 729 3351 Ασκάλωνος,
744 3285 839 3339 καὶ
852 3283 956 3338 ὑπὸ
969 3285 1129 3354 χεῖρα
1143 3281 1514 3356 γεν[ήσ]έσθαι
1530 3282 1622 3337 τοῦ
1637 3283 1963 3356 πλήττοντος

365 3380 465 3450 τὴν
500 3376 806 3448 Ἀκκαρών.
851 3373 1247 3429 Συνδιολεῖσθαι
1281 3374 1340 3427 δὲ
1385 3375 1605 3440 πάντως
1644 3378 1837 3440 αὑταῖς
1868 3377 1964 3431 καὶ

367 3473 494 3536 τοὺς
530 3468 899 3531 καταλοίπους
941 3466 1051 3521 τῶν
1089 3466 1397 3538 ὁμοφύλων.
1432 3469 1964 3541 Μεμισθοφορήκασι

369 3564 505 3634 γὰρ,
536 3561 680 3616 κατά
724 3560 785 3614 τὸ
816 3560 983 3624 εἰκὸς,
1016 3560 1111 3613 καὶ
1138 3559 1433 3631 κέκληνται
1475 3560 1613 3632 πρὸς
1645 3561 1966 3633 ἐπικουρίαν

369 3656 479 3709 τῶν
513 3652 753 3707 ἐποίκων
795 3651 1087 3723 βαρϐάρων
1119 3650 1283 3716 τινές.
1315 3650 1565 3705 Χαλεπὸν
1593 3647 1688 3706 οὖν
1713 3652 1841 3725 ἀρα,
1872 3654 1967 3708 καὶ⁵

371 3745 618 3801 κινδύνου
654 3744 856 3808 παντὸς
888 3743 1195 3815 ἀνάμεστον
1234 3744 1429 3813 ὁρᾶται
1473 3744 1682 3811 λοιπὸν,
1720 3745 1780 3799 τὸ
1824 3762 1967 3817 συμ-

373 3837 710 3911 φράττεσθαι
756 3838 1034 3908 πονηροῖς,
1067 3837 1162 3889 καὶ
1194 3833 1616 3900 καθοπλίζεσθαι
1652 3836 1829 3906 φιλεῖν
1857 3835 1966 3889 τῶν

372 3928 747 4001 ὴγαπημένων
782 3926 934 3998 παρά
960 3924 1114 3993 Θεὸν,
1143 3925 1237 3979 καὶ
1262 3924 1480 3979 διώκειν
1513 3925 1724 3994 ἁγίους.
1756 3928 1818 3979 Εἰ
1857 3928 1967 3999 γὰρ

376 4022 472 4076 καὶ
502 4022 809 4091 πάσχοιμεν
846 4017 958 4071 ἐσθ’
981 4019 1072 4072 ὅτε
1101 4016 1462 4089 πταισμάτων
1496 4017 1681 4080 ἕνεκα,
1714 4018 1969 4071 παιδευό-

380 4114 522 4186 μεθα
558 4113 710 4184 παρά
738 4108 898 4176 Θεοῦ,
928 4110 1044 4164 ἀλλ’
1086 4110 1188 4164 οὐκ
1233 4110 1495 4182 ἀλογήσει
1530 4110 1810 4175 παντελῶς
1857 4111 1968 4167 τῶν

377 4204 770 4260 οίκειωθέντων
796 4200 967 4273 αὐτῷ.
996 4200 1302 4265 Παιδεύσας
1323 4201 1381 4255 δὲ
1424 4202 1733 4274 χρησίμως,
1763 4201 1969 4274 ὀλέθρῴ

381 4298 667 4372 περιϐαλεῖ
693 4296 762 4351 τὰ
790 4296 890 4367 τῆς
916 4294 1087 4367 ὀργῆς
1119 4294 1312 4366 σκεύη,
1340 4293 1486 4348 τοῦτ’
1512 4293 1651 4361 ἐστι,
1680 4295 1807 4360 τοὺς
1833 4296 1971 4367 ἁχα-

2062 3194 2272 3250 sierant
2314 3203 2370 3252 et
2413 3196 2666 3253 mercede
2701 3198 3098 3254 conduxerant.
3142 3198 3346 3252 Durum
3389 3198 3554 3268 igitur
3589 3208 3648 3251 et

2063 3288 2290 3358 periculi
2327 3290 2542 3360 plenum
2582 3290 2816 3357 videtur,
2851 3306 3003 3347 arma
3040 3305 3239 3361 capere
3276 3306 3398 3346 cum
3446 3292 3649 3362 impro-

2064 3381 2171 3445 bis,
2209 3389 2267 3437 et
2292 3391 2662 3454 oppugnatum
2707 3383 2789 3439 ire
2819 3383 2954 3439 velle
2985 3384 3094 3439 Deo
3125 3385 3341 3450 charos,
3381 3392 3437 3439 et
3464 3398 3649 3453 perse-

2065 3472 2156 3541 qui
2200 3484 2439 3528 sanctos.
2484 3473 2620 3529 Nam
2659 3476 2761 3531 etsi
2793 3479 3063 3545 patiamur
3098 3477 3370 3532 interdum
3419 3477 3647 3549 aliquid,

2068 3572 2291 3633 propter
2314 3564 2497 3632 lapsus
2536 3575 2756 3620 nostros
2788 3565 3082 3620 multamur
3111 3580 3142 3620 a
3180 3566 3313 3631 Deo,
3346 3567 3437 3636 qui
3469 3575 3647 3621 tamen

2068 3655 2172 3710 sibi
2211 3664 2563 3710 consecratos
2598 3671 2705 3710 non
2752 3664 3067 3711 contemnet
3108 3656 3363 3726 penitus;
3395 3656 3489 3712 sed
3523 3670 3648 3711 cum

2068 3746 2277 3801 utiliter
2319 3748 2498 3818 pinnis
2526 3748 2834 3819 castigarit,
2866 3750 2962 3805 irae
3002 3764 3130 3804 vasa
3159 3750 3326 3805 exitio
3366 3750 3651 3815 mactabit,

2068 3837 2172 3893 hoc
2195 3845 2302 3903 est,
2322 3840 2413 3910 qni
2442 3838 2623 3895 furore
2662 3840 2925 3896 indomito
2964 3840 3016 3896 in
3046 3855 3141 3897 eos
3169 3841 3467 3907 irruerunt,
3492 3840 3652 3911 plane

2068 3930 2365 3985 secundum
2411 3930 2541 3985 illud
2568 3933 2712 4001 quod
2758 3932 2827 3987 ad
2856 3931 3184 4002 Babylonem
3218 3932 3286 3987 de
3332 3932 3458 3987 ﬁliis
3486 3932 3651 3987 Israel

2068 4023 2328 4094 praeclare
2358 4023 2562 4079 dictum
2583 4032 2700 4079 est:
2731 4043 2751 4075 ι
2781 4023 2894 4095 Ego
2920 4024 3041 4080 dedi
3072 4038 3167 4080 eos
3207 4025 3259 4078 in
3287 4038 3481 4079 manus
3509 4033 3652 4088 tuas,

2070 4124 2125 4169 tu
2161 4125 2341 4172 autem
2369 4119 2450 4172 eis
2479 4116 2912 4174 misericordiam
2960 4132 3068 4172 non
3107 4116 3301 4172 dedisti
3326 4117 3390 4172 ⁸⁷.
3423 4136 3443 4170 ι
3482 4117 3657 4171 Aver-

2070 4218 2224 4265 satur
2244 4210 2389 4265 enim
2420 4210 2800 4274 vehementer,
2846 4220 2900 4267 et
2945 4210 3262 4281 indignatur
3296 4210 3438 4265 Deus
3464 4224 3653 4264 eorum

2070 4300 2438 4366 insolentiam,
2492 4301 2659 4357 etiam
2709 4316 2884 4372 usque
2938 4302 3007 4357 ad
3047 4300 3297 4373 iniuriam
3349 4299 3655 4371 plagarum,

379 4392 512 4463 λίνῳ
537 4390 695 4462 θυμῷ
728 4390 848 4443 κατ’
877 4386 1057 4441 αὐτῶν
1082 4387 1456 4459 ὁρμήσαντας,
1485 4388 1605 4441 κατ’
1635 4388 1811 4441 ἐκεῖνο
1842 4390 1960 4444 πάνι

2074 4393 2272 4464 quibus
2293 4407 2418 4449 esse
2446 4393 2859 4463 castigationem
2892 4394 3265 4449 mandaverat.

379 4501 489 4547 τως
525 4482 588 4536 τὸ
632 4481 767 4552 πρὸς
798 4478 1092 4533 Βαϐυλῶνα
1160 4477 1339 4543 καλῶς
1393 4478 1685 4551 εἰρημένον
1730 4481 1861 4553 περὶ
1924 4483 2037 4538 τῶν
2072 4486 2203 4539 υίῶν
2244 4485 2498 4558 Ἰσραήλο
2523 4504 2543 4538 ι
2584 4483 2723 4555 Ἐγὼ
2761 4485 2936 4540 ἔδωκα
2977 4485 3175 4548 αὐτοὺς
3207 4485 3286 4548 είς
3327 4482 3429 4547 τὰς
3469 4481 3661 4555 χεῖράς

385 4598 501 4646 σου,
537 4580 604 4634 σὺ
649 4578 707 4633 δὲ
737 4579 838 4631 οὐκ
880 4576 1088 4640 ἔδωκας
1125 4575 1311 4641 αὐτοῖς
1355 4574 1522 4641 ἔλεος.
1554 4594 1574 4628 ι
1616 4576 1839 4649 Ἀπᾴδει
1872 4579 1980 4652 γὰρ
2018 4580 2139 4637 λίαν
2168 4583 2260 4637 καὶ
2298 4581 2695 4652 ἀγανακτοῦντι
2724 4581 2803 4652 τῷ
2861 4580 2980 4652 Θεῷ
3003 4580 3065 4635 τὸ
3091 4578 3348 4652 φορτικὸν
3374 4580 3454 4642 εἰς
3477 4576 3661 4639 αἰκίας

384 4675 493 4729 τῶν
525 4672 684 4727 τοῦτο
710 4672 843 4744 δρᾷν
869 4670 1334 4741 ἐπιτεταγμένων.

460 4768 607 4825 Τάδε
634 4769 799 4838 λέγει
826 4766 1062 4837 Κύριος·
1112 4765 1244 4820 Ἐπὶ
1283 4763 1414 4832 ταῖς
1438 4765 1641 4835 τρισὶν
1666 4766 1975 4836 ἀσεϐείαις

393 4863 603 4931 Τύρου,
628 4860 727 4914 καί
754 4857 855 4913 ἐπὶ
884 4858 1017 4925 ταῖς
1051 4857 1411 4926 τέσσαρσιν,
1445 4859 1558 4912 οὐκ
1586 4858 1978 4931 ἀποστραφή-

389 4973 573 5027 σομαι
608 4953 826 5024 αὐτὴν,
865 4954 995 5009 ἀνθ’
1042 4946 1131 5008 ὧν
1178 4951 1592 5008 συνέκλεισαν
1645 4952 1762 5021 τὴν
1806 4957 1982 5023 αίχμ-

390 5048 664 5102 αλωσίαν
717 5044 1004 5115 Σολομὼν
1037 5048 1125 5112 είς
1160 5044 1277 5113 τὴν
1331 5043 1682 5110 Ἰδουμαίαν,
1738 5045 1838 5099 καί
1870 5046 1982 5100 οὐκ

389 5139 790 5210 ἐμνήσθησαν
830 5137 1122 5207 διαθήκης
1160 5134 1459 5206 ἀδελφῶν.
1512 5136 1626 5191 Καὶ
1661 5134 1980 5191 ἀποστελῶ

392 5236 515 5303 πῦρ
572 5234 672 5288 ἐπί
716 5235 789 5287 τὰ
829 5234 999 5302 τείχη
1056 5232 1291 5302 Τύρου]¹
1315 5231 1415 5286 καί
1464 5229 1864 5303 καταφαίνεται
1908 5230 1982 5285 τὰ

393 5328 638 5398 θεμέλια
656 5324 868 5394 αὐτῆς.

468 5424 560 5490 ς’.
606 5419 795 5492 Τύριοι
823 5419 880 5473 δὲ
907 5418 1069 5475 πάλιν
1103 5418 1241 5491 πρὸς
1265 5419 1377 5481 τοῖς
1412 5414 1523 5471 ἀπὸ
1546 5415 1649 5488 τῆς
1669 5414 1987 5487 Δαμασκοῦ,

395 5515 492 5571 καὶ
536 5513 720 5586 μέντοι
763 5513 858 5567 καὶ
897 5512 1210 5577 ’Ᾱζωτίοις,
1273 5509 1526 5574 Γαζαίοις
1568 5525 1628 5562 τε
1660 5508 1756 5563 καὶ
1794 5509 1991 5561 Ἀσκα-

394 5607 673 5676 λωνίταις,
718 5606 813 5662 καὶ
859 5608 975 5671 τοῖς
1026 5601 1316 5677 ’Δκκαρὼν
1358 5602 1457 5675 τὴν
1510 5600 1631 5674 Θεῷ
1671 5601 1989 5673 πρέπουσαν

2147 4765 2311 4822 Vens.
2359 4764 2416 4830 9,
2452 4763 2541 4819 10.
2597 4762 2730 4819 Hazc
2772 4764 2906 4818 dicit
2950 4764 3210 4819 Dominus
3236 4764 3447 4834 :Super
3490 4766 3661 4820 tribus

2073 4856 2431 4926 impietatibus
2473 4854 2622 4925 Tyri,
2664 4864 2714 4909 ct
2759 4869 2916 4923 super
2958 4863 3188 4925 quatuor
3216 4870 3321 4909 non
3343 4853 3510 4926 258
3532 4872 3661 4910 cou-

2076 4956 2276 5003 vertam
2318 4962 2456 5012 eam,
2499 4962 2593 5015 pro
2616 4961 2677 5000 eo
2721 4945 2862 5015 quod
2906 4945 3275 5000 concluserunt
3308 4949 3663 5017 captivitatem

2083 5039 2387 5096 Salomonis
2418 5038 2473 5093 in
2497 5036 2816 5116 ldqmwam,
2856 5046 2906 5093 ct
2935 5053 3042 5092 non
3067 5037 3328 5092 recordati
3357 5048 3476 5092 sunt
3506 5049 3665 5092 testa-

2082 5133 2244 5187 menti
2286 5132 2533 5202 fratrum.
2568 5128 2640 5184 Et
2671 5130 2880 5184 mittam
2922 5130 3096 5201 ignem
3137 5131 3193 5185 in
3228 5145 3410 5184 muros
3441 5127 3589 5200 Tyri,
3618 5142 3663 5182 et

2085 5220 2350 5276 devorabit
2382 5220 2727 5290 fundamenta
2748 5218 2886 5289 ejus.

2159 5405 2248 5461 Vl.
2294 5404 2442 5477 Tyrii
2478 5421 2718 5478 quoque,
2753 5406 2845 5479 qui
2876 5421 2998 5463 cum
3027 5404 3402 5468 Damascenis,
3434 5404 3665 5469 Azotiis,

2086 5500 2317 5565 σηκὶς,
2350 5500 2680 5558 Ascalonitis
2707 5512 2762 5556 et
2790 5500 3135 5563 Accaronitis
3172 5500 3412 5556 divinam
3459 5499 3671 5570 patien«

2090 5596 2220 5651 tiam
2253 5593 2464 5653 scelere
2506 5604 2885 5664 excesserunt,
2914 5604 2972 5654 et
3020 5593 3362 5665 impietatnm
3396 5591 3670 5662 magnitu-

473 5767 519 5821 ιδ
551 5784 594 5842 ll
633 5784 809 5842 Paral.
852 5799 971 5845 vnt,
1008 5781 1121 5837 ι-ι.
1200 5778 1244 5811 ⁸⁸
1285 5777 1422 5832 ibid.
1464 5774 1520 5844 6,
1560 5776 1615 5833 8.
1695 5777 1737 5809 "
1773 5776 1877 5833 lsa.
1917 5793 2080 5844 χιε-ιι,
2117 5777 2173 5831 6.

725 5882 996 5946 Pauor"
1039 5876 1158 5936 Gn.
1210 5873 1432 5934 LXXI.

3317 5871 3386 5935 14
