4132 6370
510 289 616 346 427
1529 281 1596 337 'S.
1637 279 1909 337 CYRlLLl
1949 279 2418 336 ALEXANDRINI
2461 277 2782 334 AllClllEP.
3661 277 3765 332 4Ξὸ

508 411 636 466 dine
665 413 872 462 tantum
917 419 1024 460 non
1075 408 1494 473 exsuperarunt,
1523 399 1682 466 juxta
1715 400 1918 454 oraculi
1958 415 2086 453 sen-

2191 398 2543 464 ἀνεξικακίαν
2565 399 2666 450 ύπε
2677 396 3017 468 ρϐαλόμενοι,
3053 399 3147 450 καὶ
3183 396 3384 466 τρόπον
3409 395 3530 451 τινὰ
3553 414 3783 468 νενικηο,

509 499 732 554 tentiam
765 511 956 568 poenas
994 496 1275 559 sulferent,
1327 501 1384 548 et
1413 492 1734 563 supplicium
1777 491 2086 562 expendent

2186 489 2342 551 κότες
2382 489 2502 549 ταῖς
2535 487 2644 540 τῶν
2677 485 3042 558 ἀσεϐημάτων
3075 487 3423 557 ὑπερϐολαῖς,
3467 489 3802 589 ύπενεχθή--ί

509 589 750 645 omnium
793 588 1107 643 maximum.
1141 586 1358 642 Crimen
1390 599 1600 650 eorum,
1623 583 1766 655 quod
1798 582 2084 653 captivita-

517 690 622 737 tem
663 681 969 736 Salomonis
998 679 1053 734 in
1083 677 1368 733 ldumazam
1409 675 1794 737 concluserint,
1827 684 1883 728 et
1910 681 2084 728 testa-

513 770 677 826 menti
717 770 942 825 fratrum
991 771 1338 825 immemores
1366 767 1588 824 fuerint.
1619 765 1750 833 Qum
1781 766 1895 835 ipsa
1927 764 2086 818 Salo-

514 863 685 918 monis
712 861 996 933 captivitas
1027 860 1209 926 fuerit,
1249 860 1498 931 superius
1532 856 1860 914 sullicienter
1895 865 2079 910 osten-

513 968 629 1007 sum
672 961 776 1006 est.
813 951 1096 1018 Quomodo
1124 960 1305 1006 autem
1333 959 1388 1005 et
1421 964 1450 1004 a
1476 949 1659 1021 Tyriis
1695 949 1750 1004 in
1795 947 2081 1002 Idumaeam

512 1041 764 1098 conclusa
820 1043 892 1098 sit
946 1042 1130 1098 dicere
1161 1057 1388 1097 necesse
1437 1051 1538 1096 est.
1588 1040 1724 1095 Cum
1759 1054 1826 1094 ex
1865 1038 2000 1092 Juda
2030 1048 2086 1092 et

511 1131 676 1188 Israel
722 1132 1168 1189 innumerabilem
1221 1132 1621 1187 multitudinem
1654 1129 1916 1186 servitute
1955 1127 2084 1182 all'e-

511 1223 750 1289 cissent,
804 1224 1050 1279 ldumazis
1109 1223 1488 1277 vendiderunt.
1535 1220 1636 1288 Qui
1696 1221 1764 1277 de
1826 1221 2086 1290 sanguine

511 1315 737 1370 fratrum
783 1324 1094 1385 prognatos,
1141 1323 1195 1368 et
1246 1329 1415 1382 nuper
1469 1313 1690 1378 liberos,
1732 1312 1919 1366 eodem
1967 1312 2086 1364 loco

511 1423 619 1476 quo
672 1405 811 1461 bello
845 1414 1034 1476 captos
1082 1406 1363 1470 habentes,
1417 1405 1614 1457 acerbo
1657 1403 1935 1458 servitutis
1958 1401 2087 1471 iugo

513 1505 849 1569 presserunt,
892 1508 946 1551 et
972 1495 1280 1551 Grmcorum
1312 1495 1523 1566 legibus
1557 1495 1740 1550 vivere
1767 1503 2085 1564 coegerunt,

512 1590 738 1660 gloriam
791 1588 883 1642 Dei
921 1602 1058 1658 pene
1101 1587 1364 1642 conviciis
1409 1587 1736 1652 lacerantes,
1783 1587 1874 1655 qui
1915 1601 2088 1656 neque

513 1681 743 1750 patriam
797 1680 926 1749 ipsis
980 1679 1286 1734 libertatem
1349 1687 1744 1744 conservasset,
1803 1693 1976 1747 neque
2030 1680 2082 1732 in

512 1746 728 1827 llorenti
760 1746 902 1826 statu
933 1785 1026 1824 eos
1069 1767 1204 1823 tueri
1235 1769 1518 1838 potuisset.
1551 1766 1783 1822 Proinde
1818 1746 2090 1822 universo-
2123 1746 2161 1800 Β

515 1877 635 1916 rum
666 1861 808 1915 Deus
849 1860 1072 1914 alterius
1097 1872 1228 1912 voce
1262 1857 1456 1927 inquit,
1483 1872 1577 1913 eos
1601 1859 1690 1927 qui
1720 1856 2085 1927 captivitatem

515 1953 820 2010 Salomonis
871 1954 925 2007 in
987 1951 1218 2006 ldumaea
1273 1951 1676 2013 concluserunt,
1731 1966 1835 2004 non
1899 1950 2089 2003 leviter

514 2057 815 2098 accusans:
843 2059 862 2092 ι
888 2040 1028 2108 Quid
1057 2039 1185 2096 mihi
1219 2049 1274 2095 et
1296 2040 1470 2103 vobis,
1501 2039 1696 2111 Tyrus,
1730 2049 1784 2095 et
1815 2037 2008 2103 Sidon,
2033 2049 2089 2095 et

513 2133 692 2188 omnis
742 2132 962 2186 Galilzea
1016 2128 1484 2202 alienigenarum?
1535 2129 1786 2200 Nunquid
1831 2128 2086 2185 ultionem

511 2240 610 2281 vos
662 2225 897 2278 reddetis
953 2223 1119 2290 mihi,
1186 2231 1279 2277 aut
1339 2223 1475 2277 iram
1541 2222 1594 2275 in
1656 2222 1818 2276 corde
1882 2221 2087 2275 retine-

513 2317 583 2370 tis
630 2315 805 2369 milii?
845 2312 1116 2370 Velociter
1157 2323 1212 2368 et
1241 2313 1351 2368 cito
1403 2311 1624 2367 reddam
1675 2311 2084 2366 retributionem

509 2416 746 2461 vestram
792 2405 844 2460 in
893 2406 1068 2474 capita
1113 2413 1314 2469 vestra,
1369 2419 1464 2474 pro
1507 2417 1574 2458 eo
1617 2405 1758 2473 quod
1808 2413 2086 2471 argentum

511 2513 690 2554 meum
741 2508 797 2553 et
830 2513 1020 2552 aurum
1062 2513 1241 2553 meum
1300 2496 1520 2563 tulistis,
1554 2506 1607 2552 et
1641 2495 1810 2550 electa
1849 2510 1988 2560 mea,
2034 2505 2088 2549 et

510 2592 651 2645 bona
701 2589 959 2644 intulistis
1003 2590 1054 2642 in
1106 2588 1301 2658 templa
1333 2599 1535 2652 vestra,
1575 2595 1626 2642 et
1679 2585 1818 2640 filios
1847 2583 2006 2648 Juda,
2035 2594 2090 2638 el

513 2681 651 2736 lilios
683 2680 844 2735 Israel
875 2679 1192 2735 vendidistis
1223 2679 1346 2732 filiis
1371 2677 1704 2745 Graecorum,
1739 2687 1796 2731 ut
1821 2677 2088 2746 ejiceretis

508 2786 607 2826 eos
654 2786 721 2824 ex
778 2771 976 2825 finibus
1032 2771 1142 2823 suis
1165 2769 1226 2823 “'.
1261 2787 1280 2820 ο
1321 2769 1598 2839 Tanquam
1652 2769 1795 2823 enim
1851 2767 1973 2820 linis
2023 2783 2087 2820 ac

512 2862 780 2917 terminus
806 2862 1178 2917 lsraelitarum
1207 2876 1499 2930 corporeus
1527 2861 1743 2930 quidem
1773 2870 1853 2913 est
1878 2857 2084 2922 .ludaaa,

511 2952 814 3020 spiritualis
833 2962 1011 3006 autem
1034 2951 1137 3014 lex,
1162 2951 1355 3021 quibus
1384 2952 1560 3004 esacti
1595 2957 1743 3012 sunt,
1773 2947 2082 3002 Gragcorum

512 3042 641 3100 aliis
681 3043 897 3112 indigne
937 3043 1163 3097 venditi.
1216 3041 1482 3095 Fecerunt
1522 3051 1697 3095 autem
1750 3039 1890 3096 istud
1932 3037 2080 3111 Tyrii

2187 597 2372 633 σονται
2401 579 2640 644 ποιναῖς,
2659 578 2802 632 κατά
2818 595 2881 646 γε
2898 578 2989 631 τδν
3007 577 3100 631 τοῦ
3119 578 3418 650 χρησμῳδή
3429 595 3596 648 ματος
3620 577 3766 640 νοῦν,
3793 577 3803 606 ⁵

2184 670 2281 724 καὶ
2306 670 2502 740 ποινὴν
2552 668 2886 741 ὑπομενοῦσι
2917 669 3017 740 τὴν
3053 669 3280 724 ἁπασῶν
3321 669 3577 740 ἐσχάτην.
3621 669 3770 722 Ἐπί-

2184 761 2370 834 κλημα
2388 761 2446 814 δὲ
2479 761 2686 826 αὐτοῖς,
2717 761 2799 815 ὅτι
2831 761 2930 830 τὴν
2968 761 3345 832 αἰχμαλωσίαν
3390 761 3486 816 τοῦ
3519 760 3770 833 Σολομὼν

2189 853 2540 907 συνέκλεισαν
2565 854 2647 916 είς
2675 853 2775 923 τὴν
2816 853 3140 924 Ἰδουμαίαν,
3157 855 3640 926 ἁμνημονήσαντες
3668 854 3768 924 τῆς

2186 945 2297 997 τῶν
2333 943 2584 1012 ἀδελφῶν
2610 944 2895 1016 διαθήκης.
2945 945 3043 1009 Τίς
3077 946 3177 1016 μὲν
3208 941 3300 1000 οὖν
3353 948 3389 1018 ή
3421 946 3769 1017 αίχμαλωσία

2187 1033 2281 1088 τοῦ
2309 1032 2583 1104 Σολομὼν,
2607 1034 2973 1106 ἀποχρώντως
3003 1036 3136 1105 ἡμῖν
3167 1033 3390 1101 διέδειξε
3419 1035 3598 1105 λόγος.
3635 1036 3768 1088 Συν-

2185 1125 2438 1196 εκλείσθη
2463 1127 2521 1179 δὲ
2542 1127 2689 1190 ὅπως
2717 1128 2799 1190 είς
2826 1126 2926 1198 τὴν
2954 1126 3267 1198 ’Ἰδουμαίαν
3293 1129 3386 1182 καὶ
3410 1129 3548 1198 πρός
3573 1146 3635 1198 γε
3670 1130 3770 1181 Τυ-

2187 1215 2341 1286 ρίων,
2399 1219 2573 1271 εἰπεῖν
2612 1219 2930 1288 ἀναγκαῖον.
2987 1219 3600 1292 Ἐξανδραποδισὰμενοι
3657 1220 3768 1292 γὰρ

2185 1309 2287 1363 οὐκ
2314 1309 2680 1382 εὐαρίθμητον
2712 1311 2921 1382 πληθὺν
2952 1311 3061 1365 τῶν
3105 1311 3166 1377 ἐξ
3204 1311 3375 1365 Ἰούδα
3430 1313 3524 1366 καὶ
3569 1313 3767 1383 Ἰερου-

2189 1400 2390 1471 σαλὴμ.
2433 1402 2928 1469 καταπεπρὰκασιν
2963 1400 3296 1474 Ἰδουμαίοις.
3350 1406 3411 1457 Oi
3453 1404 3509 1458 δὲ
3542 1407 3668 1467 τοὺς
3705 1405 3765 1470 ἐξ

2188 1493 2419 1564 αἵματος
2437 1492 2822 1563 ἀδελφῶν,λκαὶ
2845 1493 3051 1548 ἄνωθεν
3080 1495 3397 1567 ἐλευθέρους
3422 1499 3481 1550 ὲν
3502 1498 3767 1569 δορυκτή-

2186 1603 2296 1638 των
2329 1585 2494 1657 μοίρᾳ
2526 1584 2904 1656 πεποιημένοι,
2948 1587 3132 1658 πικρῷ
3160 1587 3406 1653 δουλείας
3449 1588 3765 1642 κατέθλιϐον

2189 1674 2360 1746 ζυγῷ,
2392 1676 2490 1730 καὶ
2526 1677 2640 1739 τοῖς
2684 1676 2956 1747 Ἑλλήνων
2996 1677 3182 1748 νόμοις
3217 1676 3600 1742 κατεϐιάζοντο
3643 1678 3764 1749 ζῇν,

2194 1767 2476 1838 μονονουχὶ
2506 1768 3044 1840 κατακερτομοῦντες
3065 1770 3114 1822 oi
3137 1769 3356 1824 δείλαιοι
3383 1769 3484 1842 τὴν
3510 1769 3604 1822 τοῦ
3630 1769 3764 1823 Θεοῦ

2188 1857 2368 1925 δόξαν,
2399 1859 2474 1922 ὼς
2505 1859 2642 1930 μήτε
2683 1859 2781 1930 τήν
2819 1861 2890 1913 ὲκ
2933 1859 3186 1926 πατέρων
3233 1861 3417 1925 αὐτοῖς
3454 1861 3766 1934 ἐλευθερίαν

2187 1950 2550 2021 τηρήσαντος,
2596 1950 2732 2022 μήτε
2778 1949 2886 2021 μὴν
2924 1949 3243 2021 ἰσχύσαντος
3275 1954 3582 2024 παρασχεῖν
3623 1955 3683 2006 τὸ
3707 1956 3764 2007 ὲν

2190 2040 2341 2112 καλῷ
2367 2041 2582 2095 κεῖσθαι
2612 2043 2713 2110 τῆς
2745 2041 3064 2114 εὐημερίας.
3112 2043 3221 2096 Kal
3260 2043 3394 2113 γοῦν
3421 2047 3450 2099 ὁ
3486 2045 3595 2098 τῶν
3627 2046 3766 2098 ὅλων

2189 2132 2323 2196 Θεὸς
2343 2132 2436 2186 ’διὰ
2460 2133 2645 2205 φωνῆς
2675 2133 2862 2204 ἑτέρου
2891 2134 3045 2204 φησὶ,
3076 2136 3198 2198 τοὺς
3228 2136 3656 2204 συγκλείσαντας
3683 2140 3763 2201 εἰς

2188 2223 2287 2296 τὴν
2338 2225 2645 2295 Ἰδουμαίαν
2686 2223 2786 2294 τὴν
2836 2224 3212 2295 αἰχμαλωσίαν
3249 2226 3345 2280 τοῦ
3375 2226 3656 2297 Σολομὼν,
3698 2229 3761 2281 ού

2192 2317 2428 2387 μετρίως
2479 2314 2933 2384 καταιτιώμενος.
2993 2317 3142 2370 «Καὶ
3191 2317 3244 2370 τί
3292 2317 3416 2389 ἐμοὶ
3465 2320 3560 2372 καὶ
3611 2321 3763 2390 ὑμῖν,

2189 2407 2388 2478 Τύρος,
2421 2407 2518 2460 καὶ
2552 2407 2740 2472 Σιδὼν,
2782 2408 2876 2462 καὶ
2915 2411 3066 2463 πᾶσα
3113 2409 3370 2464 Γαλιλαία
3409 2411 3764 2482 ἀλλοφύλων;

2187 2497 2281 2568 Ili}
2308 2497 2651 2568 ἀνταπόδομα
2673 2499 2830 2568 ὑμεῖς
2873 2498 3252 2555 ἀνταποδίδοτέ
3287 2520 3401 2573 μοι,
3428 2503 3461 2574 ἢ
3495 2521 3762 2574 μνησικα-

2189 2592 2334 2641 κεῖτε
2368 2589 2526 2659 ὑμεῖς
2573 2590 2658 2642 ἐπ’
2691 2591 2846 2659 ὲμοίς
2899 2589 3097 2656 Ὀξέως
3130 2592 3226 2645 καὶ
3275 2593 3490 2665 ταχέως
3524 2597 3766 2649 ἀνταπο-

2187 2681 2344 2734 δώσω
2367 2681 2428 2735 τὺ
2449 2681 2797 2752 ἀνταπόδομα
2828 2683 2982 2752 ὑμῶν
3008 2685 3089 2746 είς
3126 2683 3372 2753 κεφαλὰς
3402 2687 3577 2757 ὑμῶν.
3621 2688 3762 2741 Ἀνθ⁹

2186 2759 2262 2819 ὧν
2295 2766 2354 2818 τὸ
2393 2764 2657 2837 ἀργύριόν
2700 2785 2803 2838 μου
2865 2769 2960 2823 καὶ
3000 2769 3062 2823 τὸ
3106 2772 3329 2842 χρυσίον
3379 2792 3482 2845 μου
3519 2777 3762 2839 ἐλάϐετε,

2187 2859 2282 2912 καὶ
2311 2859 2378 2912 τὰ
2409 2858 2670 2913 ἐπίλεκτὰ
2701 2876 2823 2930 μου,
2853 2861 2946 2914 καὶ
2975 2863 3042 2916 τὰ
3072 2863 3212 2918 καλὰ
3239 2865 3508 2936 ήνέγκατε
3536 2871 3616 2934 εἰς
3637 2872 3762 2934 τοὺς

2187 2948 2349 3011 ναοὺς
2381 2948 2558 3019 ὒμῶν,
2609 2949 2856 3012 καὶτοὺς
2890 2951 3040 3014 υἱοὺς
3093 2950 3263 3005 Ἰούδα
3296 2954 3388 3006 καὶ
3421 2955 3638 3026 Ἰσραὴλ
3659 2957 3763 3008 ἁπ-

2189 3039 2370 3092 έδοσθε
2398 3041 2511 3100 τοῖς
2538 3037 2673 3102 υἱοῖς
2707 3038 3116 3110 τῶνἙλλήνων,
3136 3039 3286 3105 ὅπως
3309 3041 3546 3115 ὲξώσητε
3568 3046 3761 3110 αὐτοὺς

513 3136 823 3191 testamenti
865 3133 1111 3187 efratrum
1166 3134 1530 3189 immemores.
1591 3131 1702 3189 Hoc
1746 3131 2006 3186 trifariam
2054 3146 2084 3184 ιι

2191 3132 2256 3186 ὲκ
2302 3130 2410 3186 τῶν
2457 3130 2623 3203 ὁρίων
2678 3129 2880 3184 αὐτῶν.
2909 3149 2930 3184 ι
2975 3104 3176 3202 ”Ὀριον
3217 3104 3275 3187 δέ
3319 3104 3508 3207 ὥσπερ
3551 3136 3658 3190 τῶν
3702 3104 3762 3200 έέ

510 3227 669 3282 nobis
699 3236 876 3295 potest
904 3227 1148 3297 intelligi.

2199 3221 2445 3294 Ἰσραὴλ,
2505 3221 2815 3292 σωματικὸν
2874 3222 2973 3292 μὲν
3036 3221 3288 3290 Ἰουδαία,
3331 3226 3560 3298 ψυχικὸν
3623 3228 3678 3281 δὲ
3733 3231 3762 3280 ό

510 3323 696 3394 νόμος,
726 3317 801 3377 ὧν
841 3322 946 3388 ἔξω
991 3323 1244 3392 γεγόνασι
1297 3327 1410 3388 τοῖς
1464 3322 1574 3377 τῶν
1637 3323 1906 3394 Ἑλλήνων
1952 3321 2087 3383 υἱοῖς
2123 3318 2370 3380 ἐκτόπως
2429 3315 2934 3387 καταπωλούμενοι.
2961 3316 3262 3388 Δεδράκασι
3319 3320 3375 3373 δὲ
3403 3320 3557 3374 τοῦτο
3575 3321 3762 3393 Τύριοι

509 3419 993 3490 ἀμνημονήσαντες
1023 3417 1119 3488 τῆς
1156 3417 1264 3471 τῶν
1292 3416 1532 3486 ἀδελφῶν
1563 3415 1847 3486 διαθήκης.
1894 3415 2083 3467 Νοοῖτο
2119 3411 2160 3464 δ’
2192 3412 2259 3466 ἂν
2324 3409 2461 3481 πρὸς
2487 3409 2644 3480 ἡμῶν
2669 3409 2764 3462 καὶ
2793 3409 2951 3462 τοῦτο
2977 3413 3158 3481 τριχῇ.

583 3513 686 3582 Qui
715 3514 857 3568 enim
900 3514 1010 3568 sint
1062 3513 1150 3566 isti
1193 3511 1408 3574 fratres,
1439 3510 1585 3581 quod
1639 3511 1741 3565 hoc
1795 3520 2086 3565 testamen-

511 3616 647 3672 tum,
673 3621 792 3676 age,
825 3605 1088 3671 diCamus,
1118 3605 1286 3658 sacris
1322 3605 1486 3658 etiam
1538 3601 1760 3656 Litteris
1785 3604 1852 3657 ad
1891 3602 2082 3656 horum

509 3713 730 3754 sensum
777 3707 832 3752 et
876 3696 1280 3767 intelligentiam
1311 3698 1466 3766 quasi
1517 3713 1679 3752 manu
1742 3695 2080 3750 ducentibus.

509 3790 733 3847 Cbiram
773 3790 1042 3859 quondam
1071 3787 1355 3858 Tyriorum
1382 3805 1476 3844 rex
1531 3790 1628 3843 fuit
1659 3788 1842 3842 divino
1898 3785 2083 3840 Davidi

510 3883 681 3940 multo
705 3884 1063 3938 cliarissimus
1092 3883 1154 3935 ι’.
1183 3881 1346 3952 259
1361 3881 1557 3936 Deinde
1575 3883 1642 3934 ab
1667 3880 1781 3948 ejus
1805 3879 1914 3934 lilio
1935 3879 2086 3934 Salo-

508 3992 671 4033 rnoue
703 3977 933 4031 dilectus
984 3984 1067 4030 est
1129 3976 1230 4042 sic,
1288 3987 1342 4029 ut
1394 3977 1696 4032 concordia:
1733 3987 1789 4032 et
1834 3975 2084 4030 amicitia:

510 4070 690 4125 fmdus
741 4084 862 4122 cum
911 4082 974 4121 eo
1010 4067 1382 4137 paciscerctur
1419 4067 1490 4132 ὀ,
1541 4076 1596 4122 et
1637 4068 1917 4138 adjuvaret
1961 4082 2081 4120 eum

506 4162 563 4217 in
620 4161 892 4225 omnibus,
943 4168 996 4213 et
1046 4158 1345 4230 symbolam
1416 4158 1467 4212 ei
1520 4159 1760 4212 divinum
1827 4157 2081 4226 templum

511 4251 801 4308 :edilit-anti
835 4266 932 4322 pro
967 4248 1142 4303 cilicio
1183 4247 1456 4304 conferret
1478 4248 1546 4314 ²¹,
1570 4257 1624 4303 et
1654 4264 1876 4303 munera
1929 4249 2085 4316 longe

508 4346 738 4417 plurima
777 4344 850 4398 illi
903 4343 1156 4410 mitteret,
1215 4341 1412 4411 quibus
1451 4343 1562 4410 ipse
1602 4341 1805 4410 majora
1835 4349 1889 4394 et
1951 4355 2083 4406 opu-
2113 4374 2162 4429 υ

511 4438 740 4493 lentiora
779 4435 979 4490 retulit.
1015 4437 1120 4488 Aut
1159 4433 1324 4502 igitur
1363 4435 1463 4488 hoc
1501 4432 1651 4495 dicit,
1695 4430 1885 4502 Tyrios
1941 4431 2080 4486 bello

511 4543 735 4584 vexasse
763 4525 1060 4589 Israelilas,
1086 4524 1279 4579 oblitos
1313 4524 1620 4579 testamenti
1647 4538 1835 4579 eorum
1864 4525 1953 4592 qui
1989 4524 2078 4593 ip-

513 4633 607 4676 sos
634 4627 693 4672 ut
712 4617 905 4671 fratres
926 4616 1197 4678 amabant,
1215 4615 1414 4684 quique
1437 4613 1628 4669 affectu
1647 4626 1701 4668 et
1719 4615 1986 4669 charita‘te
2007 4615 2078 4669 ita

509 4709 934 4773 consentiebant,
993 4718 1052 4760 ιιι
1083 4707 1245 4760 etiam
1301 4705 1682 4776 consanguinei
1731 4705 2079 4770 viderentur;

509 4801 644 4864 sive,
684 4798 810 4866 quia
850 4797 916 4850 ab
957 4796 1096 4849 Esau
1133 4810 1304 4865 genus
1328 4795 1586 4850 ducentes
1615 4795 1852 4860 Idumaei,
1884 4795 2078 4849 fratres

509 4899 666 4946 erant
708 4888 1097 4950 lsraelitarum,
1148 4902 1285 4957 quos
1331 4895 1529 4953 tamen,
1555 4895 1862 4954 contempto
1913 4895 2078 4941 testa-

514 4991 714 5045 mento,
761 4980 928 5034 armis
967 4978 1356 5048 appetiverunt.
1389 4977 1510 5031 Fuit
1547 4978 1689 5032 enim
1739 4977 1920 5032 animo
1973 4992 2079 5031 non

511 5075 652 5128 bono
675 5085 730 5127 ct
757 5071 936 5126 hostili
992 5069 1133 5124 Esau
1183 5069 1236 5122 in
1265 5065 1452 5132 Jacob,
1483 5067 1834 5136 primogenita
1897 5064 2083 5119 dolens

511 5165 792 5234 principio.
827 5163 1018 5217 Verum
1056 5160 1264 5215 edomo
1292 5157 1473 5212 Laban
1514 5157 1806 5214 discedenti
1839 5156 2084 5226 aliquan-

510 5257 610 5322 do,
647 5264 702 5308 et.
739 5257 953 5310 domum
1015 5255 1212 5309 reverti
1251 5251 1485 5321 cupienti
1538 5266 1657 5304 cum
1722 5249 1982 5304 uxoribus
2025 5258 2079 5302 ct

511 5349 712 5412 liberis,
741 5349 788 5402 ei
820 5359 876 5402 ut
905 5347 1072 5402 frater
1099 5346 1370 5411 occurrit;
1401 5341 1662 5410 complexi
1685 5343 1827 5395 enim
1848 5351 1902 5396 et
1923 5356 2079 5395 oscu-

511 5438 602 5492 lati
642 5449 764 5492 sunt
795 5439 933 5493 inter
959 5453 1040 5501 se,
1067 5447 1124 5492 et
1161 5437 1459 5490 amicorum
1503 5431 1674 5487 oﬂicia
1720 5441 1904 5486 mutuo
1936 5445 2076 5500 prae..-

511 5530 782 5600 stiterunt,
818 5532 1092 5600 veterique
1141 5529 1359 5584 dissidio
1401 5526 1728 5598 posthabito,
1777 5525 2080 5580 concordia:

583 5719 629 5756 ⁸⁸
665 5722 774 5778 ιιουΙ
815 5739 892 5789 Ili,
935 5723 1052 5775 4-6.
1137 5724 1175 5752 ⁸⁸³
1213 5720 1298 5776 ΙΙΙ.
1345 5720 1470 5789 Reg.
1520 5737 1566 5784 ν,
1608 5722 1654 5776 1.

2257 3504 2414 3568 Τίνες
2443 3505 2551 3574 γὰρ
2578 3505 2626 3556 οἱ
2659 3503 2896 3572 ἀδελφοὶ,
2927 3505 3009 3568 τίς
3036 3505 3091 3559 δὲ
3117 3507 3149 3576 ή
3181 3505 3436 3579 διαθήκη,
3483 3509 3637 3579 φέρε,
3669 3507 3760 3561 λέ-

2185 3612 2397 3666 γωμεν,
2427 3594 2520 3648 καὶ
2551 3593 2700 3666 [ὑπὸ]
2732 3594 2838 3647 τῶν
2874 3595 3035 3664 ἱερῶν
3069 3596 3415 3668 Γραμμάτων
3446 3600 3644 3662 εἰςτὰς
3669 3599 3762 3652 ἐπὶ

2183 3688 2343 3741 τοῦτο
2396 3687 2603 3750 ἐννοίας
2663 3685 3183 3757 χειραγωγούμενοι.
3235 3687 3425 3760 Χιρὰμ
3464 3691 3493 3744 ὁ
3547 3691 3761 3761 Τυρίων

2186 3779 2327 3833 κατὰ
2352 3780 2574 3849 καιροὺς
2604 3776 3026 3847 βεϐασιλευκὼς,
3055 3778 3164 3831 τῶν
3190 3779 3270 3832 ὅτι
3307 3781 3543 3850 μάλιστα
3575 3782 3761 3852 φιλτά-

2185 3889 2294 3925 των
2336 3866 2404 3941 ἧν
2431 3869 2508 3940 τῷ
2539 3869 2810 3940 θεσπεσίῳ
2851 3869 3035 3925 Δαϐίδ.
3082 3864 3216 3925 Εἶτα
3261 3873 3377 3942 μετ’
3429 3874 3636 3927 ἐκεῖνον
3680 3874 3760 3944 τῷ

2183 3963 2434 4034 Σολομὼν
2464 3963 2656 4032 γέγονε
2691 3963 3000 4034 ἀγαπητὸς,
3051 3963 3127 4027 ὡς
3159 3965 3430 4036 συνθήκας
3455 3966 3761 4038 ὁμοψυχίας

2185 4057 2513 4128 ποιήσασθαι
2543 4057 2680 4128 πρὸς
2709 4058 2892 4124 αὐτὸν,
2931 4059 3251 4132 συμπρᾶξαι
3282 4078 3340 4114 τε
3371 4062 3508 4132 πρὸς
3544 4063 3762 4116 ἅπαντα

2183 4149 2352 4220 αὐτῷ,
2405 4149 2502 4202 καὶ
2559 4148 2814 4220 φροντίδα
2867 4151 2967 4222 τὴν
3004 4153 3228 4205 δέουσαν
3273 4157 3616 4221 συνενεγκεῖν
3668 4155 3757 4208 τὸν

2183 4241 2324 4294 θεῖον
2361 4239 2710 4294 ἅποτελοῦντι
2754 4243 2896 4296 ναόν.
2940 4244 3048 4296 Καὶ
3092 4244 3318 4298 πλεῖστα
3350 4244 3449 4314 μὲν
3473 4247 3572 4298 ὅσα
3594 4263 3759 4318 προσ-

2186 4333 2449 4402 κεκὸμικε
2505 4333 2676 4403 δῶρα,
2733 4335 3031 4406 κεκέρδακε
3085 4334 3141 4388 δὲ
3191 4334 3286 4388 καὶ
3341 4337 3504 4400 αὐτὸς
3557 4339 3626 4391 τὰ
3677 4337 3758 4390 ἔτι

2189 4421 2360 4492 μείζω
2411 4423 2508 4477 καὶ
2562 4423 2956 4495 πλουσιώτερα.
3015 4425 3088 4477 Ἦ
3138 4424 3317 4478 τοίνυν
3363 4427 3536 4480 ἐκεῖνό
3569 4445 3754 4499 φησιν,

2183 4515 2264 4567 ὃτι
2322 4516 2510 4584 Τύριοι
2561 4518 2974 4589 πεπολεμήκασι
3011 4517 3102 4572 τὸν
3155 4517 3392 4588 Ἰσραὴλ,
3442 4520 3757 4590 ἀμνημονή-

2185 4623 2377 4672 σαντες
2400 4608 2663 4680 διαθήκης
2689 4611 2798 4664 τῶν
2828 4610 2888 4676 ἐξ
2913 4611 3134 4681 ἀγάπης
3159 4610 3232 4673 ὡς
3263 4611 3530 4680 ἀδελφῶν,
3558 4616 3650 4667 καὶ
3676 4614 3755 4676 είς

2183 4700 2343 4753 τοῦτο
2381 4699 2568 4754 λοιπὸν
2623 4701 2916 4765 διαθέσεως
2961 4704 3056 4756 καὶ
3107 4704 3490 4775 φιλοστοργίας
3533 4722 3756 4775 συνενη-

2184 4792 2482 4863 νεγμένων,
2511 4793 2586 4858 ὡς
2610 4793 2787 4847 δοκεῖν
2813 4791 2958 4848 εἶναι
2988 4795 3082 4846 καὶ
3108 4795 3412 4865 ὁμαίμονας
3437 4812 3450 4826 ⁸
3487 4797 3654 4866 ἤγουν
3676 4797 3758 4849 ὅτι

2182 4885 2469 4952 γεγονότες
2514 4886 2573 4951 ἐξ
2615 4885 2785 4939 Ἠσαῦ
2835 4886 3146 4954 Ἰδουμαῖοι,
3204 4886 3425 4954 ἀδελφοὶ
3467 4888 3565 4957 μὲν
3617 4883 3756 4958 ἦσαν

2180 4979 2294 5041 τοῖς
2324 4978 2383 5041 ἐξ
2418 4977 2654 5048 Ἰσραὴλ,
2686 4977 3047 5040 πεπολεμήκα
3077 5023 3099 5042 ,
3134 4977 3210 5043 δὲ,
3257 4979 3357 5047 τῆς
3381 4977 3488 5031 τῶν
3515 4977 3757 5046 ἀδελφῶν

2183 5069 2451 5140 διαθήκης
2504 5068 2881 5140 ἠφειδηκότες.
2938 5070 3406 5140 Πεφρονηκε³μὲν
3444 5069 3554 5140 γὰρ
3590 5069 3755 5140 ἐχθρὲ

2182 5161 2280 5214 καὶ
2325 5160 2395 5213 τὰ
2445 5161 2719 5231 πολεμίων
2753 5163 2781 5214 ὁ
2828 5159 3000 5213 Ἠσαῦ
3049 5159 3186 5213 κατὰ
3237 5159 3331 5212 τοῦ
3393 5160 3607 5222 Ἰακὼϐ,
3653 5160 3758 5212 τῶν

2183 5251 2547 5322 πρωτοτόκων
2575 5252 2736 5304 ’ἑνεκα
2780 5251 3153 5323 λελυπημένος
3178 5254 3235 5305 ἐν
3265 5253 3482 5322 ἀρχαῖς.
3519 5252 3657 5304 Ἀλλ’
3694 5254 3757 5303 ἐκ

2178 5344 2277 5413 τῆς
2300 5342 2485 5396 Λάϐαν
2519 5344 2703 5406 ἑστίας
2736 5342 3021 5414 ἀπαίροντι
3055 5343 3194 5396 κατὰ
3229 5344 3476 5414 καιροὺς,
3501 5345 3595 5396 καὶ
3621 5344 3758 5395 οἴκοι

2182 5434 2344 5488 πάλιν
2403 5436 2718 5488 ὑπονοστεῖν
2779 5435 3016 5488 ἐθέλοντι
3084 5434 3300 5503 γυναιξί
3347 5452 3408 5488 τε
3476 5435 3611 5505 ὁμοῦ
3666 5437 3760 5487 καὶ

2182 5527 2409 5591 τέκνοις,
2449 5529 2780 5598 συνήντησεν
2805 5525 2881 5590 ὡς
2913 5527 3158 5595 ἁδελφός.
3196 5526 3630 5596 Κατησπάσαντο
3652 5527 3758 5593 γὰρ

1734 5721 1776 5754 ¹⁰
1810 5720 1937 5776 ιιιῖςΙ.
1989 5725 2071 5778 1‘2.
2151 5727 2192 5756 ²¹
2240 5727 2366 5780 Ibid.
2407 5727 2438 5780 5
