4132 6370
286 330 425 407 ,ιιι

1278 330 1836 389 COMMENTARIUS
1874 330 1944 387 IN
1983 330 2174 387 AMOS
2213 331 2657 389 PROPHETAM.

3503 333 3603 387 630

323 446 603 518 ἀλλήλους,
641 446 737 501 καὶ
789 445 1150 519 περιέφυσαν,
1179 449 1275 501 καὶ
1307 448 1379 503 τά
1412 448 1588 519 φίλοις
1628 448 1902 520 πρέποντα

2012 457 2068 502 et
2099 449 2248 518 pacis
2279 448 2454 504 fmdus
2485 450 2823 520 pepigerunt.
2860 447 2926 504 Et
2952 450 3067 504 haec
3091 448 3308 520 quidem
3334 448 3432 503 illi.
3454 446 3603 519 Tyrii

320 538 670 610 λιλαλήκασι,
714 539 812 592 καὶ
838 538 940 610 τήν
981 539 1217 613 ἀρχαίαν
1260 540 1564 605 πατοῦντες
1614 540 1901 612 διαφορὰν,

318 631 573 703 ὁμονοίας
625 630 721 683 καὶ
776 631 1003 701 είρήνης
1041 630 1368 702 πεποίηνται
1414 631 1705 703 διαθήκας.
1764 632 1905 686 Ἀλλ’

318 723 492 776 ἐκεῖνο
518 721 617 792 μὲν
657 722 716 774 ὲν
752 720 984 781 τούτοις.
1035 720 1226 793 Τύριοι
1276 722 1335 776 δὲ
1376 726 1477 795 τῆς
1513 724 1624 777 τῶν
1658 723 1905 794 ἀδελφῶν

314 813 582 884 διαθήκης
616 812 1130 883 ἀμνημονήσαντες,
1168 813 1240 867 τά
1276 815 1410 885 γένη
1460 815 1776 882 συνέϐαλον,
1808 819 1905 872 καὶ

318 904 533 969 δούλους
574 903 641 959 ἂν
686 903 830 974 ἔχειν
876 904 1093 959 ἔπειθον
1141 907 1268 969 τοὺς
1313 906 1371 973 ἐξ
1426 907 1660 978 αἵματός
1704 926 1765 962 τε
1809 910 1906 964 καὶ

315 994 600 1063 ἀδελφοὺς,
646 997 767 1058 ταῖς
805 995 959 1068 παρά
1008 995 1161 1065 σφῶν
1213 1000 1538 1069 συμπονίαις
1595 1001 1732 1055 πολὺ
1783 1001 1905 1056 λίαν

316 1085 769 1156 εὐσθενεστέρους
855 1088 965 1141 τῶν
1034 1090 1458 1161 κεκρατηκότων
1524 1092 1906 1163 ἀποφήναντες

326 1173 676 1244 Ἰδουμαίους.
710 1176 848 1248 Ἤδη
875 1177 933 1231 δέ
965 1194 1050 1241 τις
1075 1178 1172 1231 καὶ
1223 1179 1311 1233 ἐπ’
1354 1180 1536 1234 αὐτῶν
1568 1180 1730 1235 τοῦτο
1769 1182 1904 1254 λέγῃ

310 1265 421 1318 τῶν
453 1265 784 1333 Μωαϐιτῶν,
816 1268 867 1321 οἳ
893 1268 952 1333 ἐξ
981 1269 1215 1339 αἵματος
1242 1269 1338 1324 τοῦ
1368 1269 1513 1339 Λὼτ,
1556 1274 1640 1326 ὅτι
1667 1272 1907 1345 λελυπή-

311 1375 441 1412 κασι
490 1359 683 1430 Τύριοι
709 1360 978 1433 διαθήκην
1021 1362 1290 1433 ἀδελφῶν,
1336 1363 1494 1435 δῆλον
1520 1365 1576 1418 δὲ
1601 1366 1683 1419 ὅτι
1716 1366 1815 1438 τήν
1846 1366 1905 1431 ἐξ

325 1450 577 1522 Ἀϐραὰμ
611 1451 748 1522 πρὸς
774 1453 867 1507 τὸν
893 1455 1037 1507 Λώτ.
1072 1455 1293 1524 Ἐπειδὴ
1321 1456 1430 1527 γὰρ
1454 1459 1504 1510 οί
1537 1458 1741 1528 ἀμφοῖν
1774 1460 1906 1529 ὲμα-

310 1542 542 1613 χέσαντο
599 1545 893 1616 ποιμένες,
946 1566 966 1598 ι
1033 1544 1189 1613 Εἷπε,
1227 1549 1394 1620 φησὶν
1441 1550 1475 1621 ή
1522 1549 1641 1604 θεία
1674 1551 1901 1624 Γραφὴ,

324 1636 539 1708 Ἀϐράμ
597 1637 677 1709 τῷ
701 1637 855 1691 Λὼτο
881 1639 973 1710 Μὴ
1006 1638 1147 1693 ἔστω
1175 1641 1323 1712 μάχη
1356 1641 1630 1712 ἀναμέσον
1658 1641 1792 1712 ἐμοῦ
1814 1644 1907 1697 καὶ

314 1728 430 1793 σοῦ,
452 1730 546 1783 καὶ
584 1730 857 1802 ἀναμέσον
884 1731 993 1785 τῶν
1030 1732 1306 1803 ποιμένων
1333 1751 1456 1805 μου,
1491 1733 1584 1787 καὶ
1630 1734 1903 1806 ἀναμέσον

2011 550 2215 605 autem,
2251 540 2476 596 fmderis
2514 541 2675 611 hujus
2700 540 2923 596 fraterni
2959 556 3066 596 non
3114 539 3407 607 recordati,
3449 554 3602 594 com-

2011 630 2276 687 miserunt
2345 631 2603 697 familias,
2640 641 3142 703 persuaseruntque
3217 631 3487 697 ldumaeis,
3542 643 3602 683 ut

2009 723 2440 795 consanguineos
2459 733 2516 780 et
2542 725 2742 781 fratres
2769 724 2969 780 habere
2996 737 3186 779 servos
3220 723 3442 786 vellent.
3462 738 3603 792 quos

2008 814 2227 871 auxiliis
2265 815 2380 871 suis
2414 816 2608 886 seipsis
2655 817 2746 886 qui
2787 816 3031 871 vicerant
3059 815 3219 884 longe
3258 815 3600 883 potentiores

2008 905 2317 963 effecerunt.
2332 906 2450 963 Jam
2466 923 2597 963 vero
2612 909 2752 963 idem
2779 907 2884 963 hoc
2906 906 3172 977 quispiam
3192 907 3329 961 etde
3352 905 3601 959 Mnabitis

2010 997 2264 1067 accipiat,
2295 998 2435 1069 quia
2481 997 2582 1053 Lot
2620 998 3049 1062 descendebant,
3097 996 3293 1067 Tyrios
3350 996 3601 1052 videlicet

2010 1089 2236 1143 fratrum
2272 1097 2656 1145 testamentum
2682 1090 3057 1155 conturbasse,
3079 1104 3272 1157 nempe
3300 1089 3596 1143 Abrahami

2007 1197 2127 1235 cum
2154 1180 2277 1237 Lot.
2305 1181 2441 1237 Cum
2468 1182 2610 1236 enim
2645 1181 2925 1235 amborum
2951 1192 3197 1249 pasmres
3224 1180 3595 1251 jurgarcntur,

2013 1293 2032 1325 ι
2067 1274 2228 1339 Dixit,
2280 1273 2454 1343 inquit
2509 1271 2814 1342 Scriptura,
2864 1273 3137 1327 Abraham
3210 1272 3353 1329 Lot:
3408 1272 3488 1329 Ne
3528 1276 3599 1329 sit

2002 1366 2238 1437 jurgium
2278 1366 2421 1421 inter
2466 1382 2551 1421 me
2589 1376 2642 1420 et
2671 1377 2743 1431 te,
2775 1375 2828 1420 et
2867 1366 3009 1421 inter
3032 1375 3276 1435 pastores
3319 1381 3471 1422 meos
3529 1383 3594 1422 ac

2008 1470 2256 1530 pastores
2283 1468 2425 1526 tuos,
2448 1460 2573 1527 quia
2601 1460 2800 1516 fratres
2824 1473 3012 1516 sumus
3040 1459 3140 1515 ”.ι
3178 1458 3412 1514 Proinde
3441 1460 3598 1514 meri-

2009 1561 2063 1605 to
2092 1560 2363 1617 exustum,
2404 1560 2458 1606 et
2489 1552 2557 1606 ab
2594 1551 2725 1621 ipsis
2780 1550 3149 1606 fundamentis
3214 1563 3470 1605 eversum
3525 1549 3595 1605 iri

2007 1642 2102 1698 ait.
2133 1641 2270 1697 Nam
2323 1642 2475 1708 illud,
2502 1642 2619 1699 Non
2668 1644 2778 1700 eris
2821 1658 2944 1699 cum
2974 1642 3241 1714 pluribus,
3288 1642 3489 1713 ubique
3540 1642 3595 1698 in

2007 1736 2282 1807 improbos
2306 1737 2469 1793 valet.

313 1819 423 1873 τῶν
461 1822 736 1893 ποιμένων
772 1840 865 1877 σου
892 1862 907 1887 ,
946 1823 1029 1877 ὅτι
1074 1823 1356 1896 ἄνθρωποι
1389 1824 1608 1895 ἀδελφοὶ
1634 1828 1797 1897 ἡμεῖς
1823 1828 2045 1898 ἐσμεν.»
2100 1828 2621 1901 Ἐμπρησθήσεσθαι
2645 1828 2709 1901 δή
2735 1825 2830 1883 οῦν
2850 1828 3107 1904 ταύτῃτοι
3157 1827 3382 1894 δικαίως
3430 1828 3598 1901 φησὶν

308 1917 501 1991 αὐτὴν,
526 1921 620 1974 καὶ
653 1920 715 1986 ἐξ
746 1920 926 1976 αὐτῶν
972 1922 1506 1996 κατασεισθήσεσθαι
1543 1924 1782 1996 βάθρων.
1824 1924 1899 1979 Τὸ
1936 1927 2061 2000 γὰρ,
2096 1928 2213 1983 Ούκ
2267 1928 2368 2002 ἔσῃ
2405 1929 2545 2001 μετά
2573 1928 2857 1998 πλειόνων,
2886 1928 2981 1982 ἐπὶ
3004 1928 3207 1994 κακίας
3243 1927 3597 2000 χρησάμενον

309 2015 619 2086 πανταχοῦ.

381 2108 533 2163 Τάδε
567 2110 730 2180 λέγει
761 2111 1012 2182 Κύριος*
1060 2111 1187 2167 Ἐπὶ
1210 2112 1339 2180 ταῖς
1363 2112 1561 2182 τρισὶν
1590 2114 1891 2181 ἀσεϐείαις

2066 2113 2229 2168 Vens.
2281 2111 2369 2166 Η.
2451 2110 2578 2166 Ilaec
2634 2111 2763 2166 dicit
2813 2110 3111 2167 Dommus:
3184 2112 3357 2181 Super
3425 2112 3595 2167 tribu!

309 2201 417 2271 τῆς
480 2202 838 2273 Ἰδουμαίας,
892 2206 993 2259 καὶ
1050 2204 1150 2260 ἐπὶ
1202 2204 1334 2272 ταῖς
1390 2206 1748 2277 τέσσαρσιν,
1785 2208 1898 2261 οὐκ

309 2296 854 2367 ἁποστραφήσομαι
883 2298 1127 2366 αὐτοὺς,
1156 2298 1363 2353 ἕνεκεν
1395 2300 1505 2354 τοῦ
1538 2296 1898 2365 καταδιῶξαι

309 2387 535 2467 αὐτοὺς
561 2389 633 2442 ὲν
653 2390 923 2459 ῥομφαίᾳ
948 2392 1057 2445 τὸν
1081 2389 1349 2459 ἀδελφὸν
1390 2389 1609 2445 αὐτῶν.

381 2482 453 2534 Z’.
495 2481 752 2535 Μέτεισιν
773 2483 803 2535 ό
828 2481 987 2551 λόγος
1016 2482 1103 2536 ἐπ’
1137 2481 1299 2535 αὐτὸν
1324 2480 1427 2554 ήδη
1459 2480 1551 2535 τὸν
1578 2481 1898 2553 ’Ῑδουμαῖον,

309 2569 466 2641 δῆλον
496 2570 553 2624 δὲ
584 2571 668 2624 ὅτι
696 2571 825 2635 τοὺς
858 2570 918 2639 ἐξ
951 2570 1148 2627 Ἠσαῦ.
1190 2571 1693 2643 ’Υπενεχθήσεσθαι
1725 2572 1783 2626 δὲ
1804 2573 1901 2625 καὶ

310 2664 508 2728 αὐτοὺς
556 2666 669 2729 τοῖς
697 2664 758 2730 ἐξ
784 2664 956 2737 ὀργῆς
1008 2664 1402 2737 συμϐαίνουσιν
1454 2660 1512 2719 εὖ
1560 2664 1706 2737 μάλα
1742 2665 1898 2736 φησί.

310 2755 735 2828 Πεπολεμήκασί
790 2757 900 2829 γὰρ
940 2756 1171 2827 ἀδελφὸν
1215 2756 1345 2812 ὄντα
1386 2756 1480 2811 τὸν
1516 2756 1753 2829 Ἰσραὴλ,
1806 2758 1901 2812 καὶ

310 2850 424 2912 τοῖς
460 2850 630 2917 ἐγγὺς
684 2849 780 2903 καὶ
819 2849 878 2914 ἐξ
907 2849 1143 2921 αἵματος
1188 2848 1251 2902 τὺ
1285 2848 1462 2922 θρασὺ
1496 2849 1592 2904 καὶ
1626 2850 1902 2921 ἀνήμερον

310 2940 373 2994 οῦ
397 2940 717 2995 κατέδεισαν
752 2942 1105 2996 έπανατεῖναι
1136 2940 1312 3011 ξίφος,
1358 2941 1419 2995 ού
1470 2940 1638 3012 νόμου
1683 2940 1901 3011 φύσεως

310 3034 756 3105 πεφροντικότες,
814 3034 876 3088 οὐ
938 3033 1367 3107 πεφροντικότες
1415 3050 1470 3087 τι
1528 3033 1639 3091 τῶν
1685 3034 1901 3108 ἀνθρω-

311 3126 503 3189 πίνων,
548 3125 688 3180 ἀλλά
735 3127 863 3190 τοὺς
896 3125 1001 3192 ἔξω
1061 3126 1156 3180 καὶ
1189 3124 1632 3197 πολεμιωτάτους
1669 3128 1790 3191 ταῖς
1820 3129 1901 3191 είς

310 3218 570 3289 ἀδελφοὺς
604 3220 946 3291 δυσμενείαις
974 3221 1132 3292 νικᾷν
1158 3217 1473 3290 εἰθισμένοι,
1515 3219 1613 3272 καὶ
1636 3236 1904 3291 πεφρονη-

310 3312 468 3377 κότες
500 3328 604 3364 που
633 3312 776 3383 τάχα
806 3312 900 3366 καὶ
920 3313 1013 3365 ἐπὶ
1048 3311 1225 3383 τούτῳ
1253 3311 1416 3382 μέγα.
1448 3310 1659 3365 Οὐκοῦν
1685 3312 1903 3366 ἀκουόνο

310 3418 419 3456 των
448 3403 545 3457 καὶ
568 3404 707 3475 πρὸς
737 3405 915 3475 ήμῶνο
955 3422 974 3455 ι
998 3403 1064 3457 Τί
1106 3405 1357 3475 ὲγκαυχᾷ
1381 3403 1440 3456 ὲν
1465 3403 1637 3475 κακία
1664 3404 1694 3456 ό
1735 3403 1899 3457 δυνα-

2001 2202 2351 2271 impietatibus
2386 2199 2664 2264 Idumam,
2702 2212 2751 2256 et
2785 2218 2941 2271 super
2974 2211 3203 2273 quatuor
3240 2219 3345 2257 non
3373 2219 3590 2260 conver-

2002 2305 2112 2348 tam
2140 2311 2249 2359 eos,
2308 2312 2366 2350 eo
2415 2296 2555 2366 quod
2602 2296 2858 2365 persecuti
2910 2306 3029 2350 sunt
3062 2296 3118 2349 in
3150 2294 3329 2366 gladio
3372 2296 3592 2366 fratrem

1999 2404 2174 2439 suum.

2076 2477 2183 2532 VII.
2219 2477 2379 2533 Nunc
2411 2493 2591 2532 sermo
2617 2479 2683 2535 ad
2712 2478 2883 2549 ipsam
2917 2478 3205 2534 ldumaaam
3249 2479 3479 2546 transit,
3506 2480 3591 2535 ni-

2001 2570 2199 2625 mirum
2244 2572 2311 2625 ad
2337 2570 2476 2625 Esau
2506 2581 2773 2640 posteros.
2815 2571 2924 2627 Eos
2954 2586 3170 2642 quoque
3196 2572 3477 2642 suppliciis
3514 2586 3586 2627 ex

2002 2662 2081 2716 ira
2107 2660 2288 2716 divina
2336 2660 2643 2733 infligendis
2693 2662 2997 2731 subjectum
3025 2662 3091 2718 iri
3118 2661 3396 2733 praedicat.
3453 2662 3591 2717 Fra-

2008 2763 2120 2809 tres
2150 2753 2295 2810 enim
2324 2769 2453 2808 suos
2489 2753 2760 2811 lsraelitas
2787 2764 3189 2825 oppugnarunt,
3226 2754 3579 2825 propinquis--

2001 2859 2107 2915 que
2158 2854 2213 2900 et
2272 2846 2534 2916 sanguine
2592 2845 2899 2914 conjunctis
2952 2844 3191 2917 gladium
3226 2847 3484 2902 audacem
3534 2855 3591 2902 et

2002 2935 2275 2991 crudelem
2328 2936 2602 2992 intentare
2639 2952 2743 2992 non
2801 2934 3244 3001 reformidarunt,
3280 2940 3446 3011 260
3480 2954 3588 2996 non

2003 3039 2209 3083 natura:
2262 3028 2454 3099 legem,
2485 3045 2591 3083 non
2627 3029 2753 3099 jura
2806 3029 3160 3087 humanitatis
3206 3033 3443 3096 reveriti,
3494 3032 3589 3086 sed

2002 3129 2287 3176 exteroset
2308 3120 2701 3176 infensissimos
2719 3121 2857 3177 odiis
2884 3122 3099 3177 vincere
3119 3122 3285 3189 soliti,
3310 3132 3366 3177 et
3396 3124 3465 3177 ob
3487 3125 3590 3179 hoc

2004 3212 2173 3265 etiam
2211 3213 2390 3265 forsan
2427 3214 2649 3282 Spiritus
2667 3228 2893 3284 magnos
2920 3225 3191 3284 gerentes.
3224 3215 3461 3269 Audiant
3490 3216 3590 3286 igi-

2006 3312 2094 3356 tur
2126 3318 2155 3358 a
2176 3304 2365 3358 nobis:
2390 3323 2407 3355 ι
2449 3303 2586 3371 Quid
2616 3305 2881 3374 gloriaris,
2915 3315 3107 3375 potens
3152 3307 3203 3361 in
3236 3308 3537 3364 malitia”?
3563 3328 3585 3362 ι

2003 3394 2080 3446 Ac
2117 3394 2184 3447 de
2233 3394 2301 3448 iis
2350 3395 2628 3461 aptissime
2688 3394 2981 3448 dicaturzt
3018 3394 3258 3461 Quorum
3318 3394 3486 3465 gloria
3534 3396 3587 3450 in

310 3495 432 3563 τός;
460 3515 479 3547 ι
533 3496 645 3549 Καὶ
670 3496 800 3567 περὶ
832 3495 1014 3549 αὐτῶν
1052 3496 1118 3550 ἂν
1148 3496 1380 3565 λέγοιτο,
1420 3494 1517 3549 καὶ
1565 3494 1712 3567 μάλα
1757 3495 1894 3548 είκόο

2007 3484 2315 3541 confusione
2342 3485 2580 3553 ipsorum
2607 3484 2709 3538 ³⁸.»
2739 3485 2872 3552 Quae
2895 3486 3036 3540 enim
3080 3486 3428 3554 praestitisset
3452 3487 3591 3543 vello

311 3598 441 3651 τως⁴
477 3607 497 3640 ι
526 3582 682 3658 Ὦνή
711 3586 839 3654 δόξα
864 3588 922 3639 ὲν
956 3589 1022 3659 τῇ
1047 3586 1280 3658 αἰσχύνῃ
1308 3584 1508 3641 αὐτῶν.
1536 3604 1556 3639 ι
1604 3588 1673 3640 Ἃ
1694 3585 1801 3657 γὰρ
1830 3581 1899 3657 ἦν

312 3681 537 3753 ἄμεινον
585 3683 658 3747 ὡς
714 3682 975 3737 ἀποτάτω
1035 3680 1311 3735 ποιεῖσθαι
1376 3679 1575 3750 φιλεῖν,
1625 3678 1785 3734 ταυτὶ
1835 3678 1899 3748 δὴ

317 3774 575 3847 παγκάλῃ
601 3774 874 3846 τιμῶντες
898 3773 1089 3845 ψήφῳ,
1121 3772 1285 3826 πάλιν
1316 3771 1664 3826 ἀκούσονται’
1717 3789 1736 3822 ι
1766 3770 1901 3825 Οὐαὶ

314 3867 364 3920 οἱ
392 3866 641 3934 Σέγοντες
658 3867 720 3920 τὸ
749 3868 986 3938 πονηρὸν
1022 3866 1204 3931 καλὸν,
1235 3885 1254 3919 ι
1285 3865 1379 3919 καὶ
1402 3865 1548 3935 ἑξῆς.

385 3958 496 4011 Καὶ
528 3958 870 4027 ἐλυμήνατο
894 3957 1134 4028 μήτραν
1158 3955 1257 4010 ἐπὶ
1280 3944 1392 4025 τῆς
1428 3953 1559 4025 γῆς.

389 4051 472 4103 H'.
537 4049 959 4122 Ἀπαριθμεῖται
1017 4049 1311 4121 χρησίμως
1370 4046 1440 4100 τὰ
1475 4047 1584 4100 τῶν
1635 4044 1902 4100 Ἰουδαίων

320 4143 487 4213 ὲγκλή
497 4160 664 4213 ματα,
690 4143 785 4195 καὶ
806 4142 891 4195 ἐπ’
921 4141 1083 4194 αὐτὸν
1106 4140 1289 4211 ἀνίησι
1311 4137 1402 4191 τὸν
1416 4137 1609 4202 Ἡσαῦ,
1626 4137 1903 4206 δυσγενεῖς

316 4237 481 4300 ὄντας
529 4236 624 4289 καὶ
648 4234 709 4300 ἐξ
736 4234 950 4288 ἀνοσίου
986 4232 1190 4303 φύντας
1220 4231 1427 4303 πατρὸς
1464 4228 1804 4298 ἀποφαίνων,
1837 4229 1901 4281 ἵν’

317 4328 493 4383 ἐκεῖνό
520 4346 621 4381 που
651 4328 795 4399 τάχα
827 4327 1061 4398 νοῶμεν,
1091 4326 1153 4379 τὺ
1176 4325 1265 4378 διὰ
1296 4323 1482 4394 φωνῆς
1509 4323 1734 4376 Ἡσαΐου
1767 4323 1904 4374 πλα-

317 4421 454 4492 γίως
506 4420 960 4492 ὑποδηλούμενονο
1017 4438 1036 4471 ι
1075 4417 1172 4471 Ἐκ
1212 4417 1323 4487 γάρ
1364 4415 1680 4486 σπέρματος
1727 4414 1904 4482 ὄφεων

319 4514 694 4582 ἐξελεύσονται
724 4514 940 4583 ἔγγονοι
979 4510 1248 4565 ἀσπίδων.
1282 4528 1300 4561 ι
1353 4508 1673 4580 Ἀφηγεῖται
1698 4507 1763 4578 δή
1788 4503 1901 4571 οῦν,

318 4607 401 4661 ὅτι
443 4608 538 4660 καὶ
574 4606 603 4659 ό
644 4604 948 4677 προπάτωρ
978 4603 1161 4665 αὐτοῖς
1183 4598 1424 4670 γεγονὼς
1473 4598 1645 4651 Ἦσαῦ
1693 4600 1807 4661 τοῖς
1839 4600 1904 4652 ὲκ

322 4700 538 4771 μήτρας
586 4698 680 4751 καὶ
712 4697 983 4765 γενέσεως
1026 4693 1251 4763 ἀγαθοῖς
1300 4690 1725 4761 προσγεγονόσιν
1754 4688 1904 4758 αύτῷ

321 4792 605 4863 μονονουχὶ
631 4792 724 4843 καὶ
751 4789 1132 4859 διελυμήνατο,
1169 4786 1265 4839 καὶ
1306 4782 1637 4855 κατέρριψεν
1680 4784 1759 4845 εἰς
1798 4781 1903 4850 γῆν

2008 3588 2211 3633 remota
2238 3593 2396 3647 quam
2429 3578 2760 3649 longissime,
2787 3578 2900 3633 haec
2916 3578 3307 3634 honestissimo
3330 3579 3591 3650 suffragio

2007 3669 2353 3737 honorantes,
2385 3670 2563 3724 denuo
2591 3671 2844 3724 audient:
2875 3688 2894 3721 ι
2927 3668 3020 3725 Vae
3047 3670 3140 3742 qui
3176 3671 3356 3727 dicitis
3388 3672 3587 3728 malum

2007 3760 2206 3817 bonum
2237 3761 2307 3826 ³⁵,
2335 3778 2354 3811 ι
2396 3769 2453 3815 et
2482 3761 2688 3832 reliqua
2713 3761 2966 3831 deinceps

2081 3938 2148 3992 Et
2186 3940 2394 3993 violavi!
2428 3939 2629 3993 vulvam
2656 3941 2710 3994 in
2746 3949 2908 3995 terra.

2084 4030 2213 4087 \‘lll.
2259 4030 2477 4087 Utiliter
2501 4030 2809 4087 Judzeorum
2854 4035 3061 4090 scelera
3112 4045 3376 4103 recenset,
3419 4053 3592 4111 eaque

2012 4125 2080 4179 ad
2120 4124 2294 4195 ipsum
2332 4121 2473 4179 Esau
2509 4124 2696 4192 refert,
2724 4127 3083 4195 pronuntians
3124 4110 3409 4199 ignobiles,
3440 4110 3591 4187 etiex

2010 4226 2166 4286 patre
2196 4215 2361 4286 impio
2390 4219 2729 4287 progenitos,
2762 4227 2822 4272 ut
2849 4217 2981 4273 illud
3009 4218 3151 4274 forte
3200 4221 3587 4293 intelligamus,

2009 4310 2152 4379 quod
2185 4324 2281 4378 per
2312 4309 2463 4363 Isaia:
2492 4322 2677 4364 vocem
2698 4309 3003 4365 insinuatur
3028 4328 3041 4365 :
3062 4328 3083 4362 ι
3114 4310 3191 4365 Ex
3216 4312 3424 4366 semine
3444 4314 3590 4367 enim

2011 4411 2325 4471 serpentum
2385 4400 2615 4456 exsistet
2672 4401 2957 4471 progenies
3042 4402 3345 4472 aspidum.»
3389 4402 3593 4459 Narrat

2012 4494 2198 4563 igitur,
2216 4493 2377 4549 etiam
2411 4493 2645 4563 primum
2671 4503 2949 4562 parentem
2972 4501 3321 4548 etauctorem
3351 4494 3590 4565 ipsorum

2012 4586 2152 4643 bona
2186 4585 2255 4639 ab
2285 4593 2441 4640 utero
2480 4595 2729 4640 materno
2757 4594 2813 4640 et
2836 4585 2951 4655 ipso
2980 4595 3101 4640 ortu
3131 4585 3234 4640 sibi
3257 4598 3448 4657 agnata
3477 4602 3593 4644 tan-

2014 4687 2125 4733 tum
2161 4693 2269 4732 non
2294 4678 2626 4749 corrupisse,
2655 4688 2711 4733 et
2744 4677 2798 4731 in
2836 4687 3037 4731 terram
3079 4679 3373 4747 projecisse
3417 4681 3591 4752 digni-

2016 4777 2180 4825 tatem
2220 4769 2676 4839 primogenitum,
2706 4768 2914 4822 minimi
2942 4781 3054 4821 rem
3111 4769 3419 4836 facientem,
3470 4790 3597 4843 pro-

320 4883 381 4937 τὸ
408 4884 472 4936 ἐκ
502 4883 608 4935 τῶν
646 4882 1009 4953 πρωτοτόκων
1058 4877 1278 4948 ἀξίωμα
1302 4914 1318 4939 ,
1366 4874 1567 4947 μικροῦ
1624 4872 1901 4936 παντελῶς

2008 4868 2131 4929 pter
2181 4872 2500 4929 corpoream
2550 4858 2902 4928 voluptatem.
2942 4857 3191 4913 Edulium
3245 4862 3389 4915 enim
3437 4861 3598 4917 lentis

330 4973 559 5039 ἀξιώσας
592 4973 652 5027 τὸ
688 4972 878 5045 χρῆμα
913 4971 1072 5038 λόγου
1097 4972 1308 5040 τρυφῆς
1334 4966 1498 5021 ἕνεκα
1539 4963 1863 5036 σωματικῆς
1884 4979 1897 4991 ⁶

333 5064 510 5135 ίψημα
543 5063 653 5134 γάρ
683 5062 864 5133 ἐζήτει
894 5058 1093 5129 φακοῦ,
1139 5059 1237 5112 καὶ
1265 5056 1449 5111 λαϐὼν
1497 5055 1669 5109 ἐδίδου
1708 5054 1770 5107 τὸ
1805 5054 1904 5123 τῆς

332 5156 537 5225 φύσεως
583 5156 774 5227 δῶρον.
832 5174 851 5207 ι
875 5154 1081 5209 Ἕνεκα
1106 5152 1319 5214 τούτου,
1357 5151 1543 5222 φησὶν,
1571 5147 1777 5218 ἐκλήθη
1833 5147 1894 5199 τὸ

333 5253 495 5321 ινομα
538 5249 702 5303 αὐτοῦ
752 5246 1005 5319 Ἐδώμιι
1062 5246 1207 5311 ὅθεν,
1256 5240 1433 5315 οἶμαι,
1468 5243 1563 5296 καὶ
1616 5241 1907 5311 Ἰδουμαῖοι

339 5344 619 5417 ιέκληνται
663 5343 851 5398 λοιπὸν
907 5342 959 5394 οἱ
1011 5340 1071 5408 ἐξ
1116 5338 1281 5393 αὐτοῦ
1335 5336 1640 5407 γεγονότες.
1697 5332 1909 5388 Οὐκοῦν

333 5436 388 5491 ιδ
422 5438 486 5491 ἐκ
526 5436 621 5490 τοῦ
664 5436 826 5489 τόκου
898 5433 994 5487 καὶ
1052 5433 1265 5503 μήτρας
1314 5429 1535 5500 ἀξίωμα
1596 5425 1906 5497 κατελυμή-

334 5545 455 5584 νατο
502 5530 688 5599 φησὶν,
718 5528 797 5591 είς
852 5525 979 5596 γῆν,
1015 5524 1136 5577 ἀντὶ
1177 5522 1293 5587 τοῦ,
1341 5521 1532 5593 γηΐνου
1580 5518 1907 5590 πράγματος

326 5621 611 5695 ήλλάξατο.

2005 4950 2287 5021 quaesivit:
2336 4964 2444 5020 quo
2496 4958 2758 5019 accepto,
2805 4950 2953 5005 dedit
3012 4952 3312 5007 nativitatis
3370 4954 3595 5008 donum.

2015 5062 2035 5095 ι
2084 5042 2314 5113 Propter
2381 5042 2503 5109 hoc,
2556 5042 2751 5112 inquit,
2808 5052 3062 5097 vocatum
3119 5054 3205 5098 est
3250 5058 3446 5099 nomen
3480 5043 3599 5112 ejus

2009 5138 2178 5194 Edom
2197 5139 2265 5192 “.
2293 5156 2312 5191 ι
2344 5136 2499 5193 Unde
2529 5139 2765 5193 arbitror
2792 5148 2848 5194 et
2872 5137 3137 5192 ldumaaos
3167 5146 3359 5206 postea
3386 5151 3454 5189 ex
3483 5136 3600 5205 ipso

2011 5230 2339 5287 nominatos.
2370 5230 2625 5293 Violavit,
2655 5230 2851 5299 inquit,
2869 5229 3206 5300 dignitatem,
3230 5241 3390 5296 quam
3416 5241 3449 5281 e
3474 5240 3600 5295 par-

2013 5328 2069 5372 tu
2089 5328 2144 5372 et
2171 5327 2355 5372 ventre
2384 5326 2630 5372 materno
2653 5329 2979 5375 consecutus
3000 5326 3140 5383 erat,
3156 5316 3208 5371 in
3234 5325 3402 5381 terra,
3420 5330 3519 5385 pro
3540 5330 3600 5370 re

2018 5420 2230 5468 terrena
2257 5410 2635 5467 commutavit.

394 5804 442 5839 ⁸³
472 5800 606 5859 Gen.
635 5817 754 5868 ιιιι,
793 5800 845 5856 8.
924 5799 968 5832 "
1000 5796 1141 5853 Psal.
1183 5810 1260 5852 Li.
1301 5794 1354 5848 5.
1432 5791 1477 5823 ⁸⁵
1507 5788 1742 5862 Philipp.
1782 5803 1863 5857 ιιι,

2070 5784 2117 5818 ’⁸
2152 5781 2256 5839 isa.
2294 5796 2346 5849 ν,
2387 5779 2478 5838 20.
2542 5778 2601 5869 ’³-⁸
2636 5778 2773 5836 Gen.
2815 5794 2943 5849 xxv,
2985 5779 3076 5837 '50.
