4132 6370
537 301 636 356 BI

611 411 786 470 Simili
851 411 1058 468 scelere
1116 410 1360 467 obstricti
1415 420 1706 479 tenentur,
1743 412 1834 482 Qui
1881 411 2125 464 carnales
2154 417 2201 474 Α

539 505 928 560 oblectationes
965 502 1336 572 spiritualibus
1369 511 1732 571 anteponunt,
1776 512 2122 570 temporanea

541 612 650 668 prae
679 596 898 651 aeternis
925 594 1151 665 eligunt,
1192 602 1246 649 et
1265 591 1407 648 ﬂuxa
1438 609 1536 664 pro
1563 594 1871 650 stabilibus.
1902 593 1968 648 Et
2015 592 2126 662 glo-

542 689 674 744 riam
741 701 861 757 qute
889 702 920 740 a
957 684 1066 740 Deo
1100 693 1186 739 est
1217 695 1650 750 contemnentes,
1680 701 1801 754 quae
1835 684 1976 754 apud
2029 686 2125 738 bo-

541 779 712 834 mines
745 777 920 848 magni
955 777 1112 844 ﬁunt,
1162 776 1610 845 insipientissime
1664 775 1976 845 praeferunt,
2005 789 2124 843 quae

539 882 597 927 ut
633 874 840 926 umbra:
866 869 1128 925 habentes
1168 878 1521 940 praetereunt.
1547 868 1692 924 Bene
1737 869 2030 922 admodum
2069 877 2124 921 et

538 962 752 1016 divinus
782 959 1016 1014 Paulus:
1044 978 1063 1010 ι
1101 957 1180 1013 Ne
1229 958 1352 1028 quis
1383 957 1679 1013 fornicator
1711 967 1800 1011 aut
1845 956 2120 1028 profanus,

538 1053 732 1122 inquit,
767 1061 824 1105 ut
851 1052 1017 1117 Esau,
1045 1051 1136 1122 qui
1166 1065 1264 1120 pro
1295 1065 1400 1105 una
1417 1066 1542 1106 esca
1571 1050 1816 1106 vendidit
1844 1051 2119 1120 primoge-

536 1145 646 1202 nita
679 1160 774 1202 sua
805 1145 906 1200 π.»

605 1326 675 1382 Et
727 1325 902 1394 rapuit
935 1325 991 1379 in
1021 1323 1376 1379 testimonium
1416 1324 1686 1377 horrorem
1726 1336 1905 1375 suum.

603 1417 696 1472 IX.
729 1415 964 1472 Alterius
987 1415 1164 1471 adhuc
1190 1415 1317 1470 facti
1347 1412 1617 1476 meminit,
1637 1409 1957 1466 insimulans
1985 1424 2120 1480 qua.

534 1513 580 1567 si
618 1511 930 1573 ldumaaum,
961 1515 1024 1565 ut
1063 1508 1153 1578 qui
1189 1521 1405 1577 semper
1448 1504 1612 1560 fuerit
1647 1501 1875 1558 stolidus
1910 1510 1966 1558 et
2014 1502 2119 1555 im-

531 1601 759 1674 probus,
797 1608 854 1654 et
885 1597 1305 1667 consanguineis
1328 1597 1490 1652 etiam
1544 1604 1706 1665 atque
1737 1593 1899 1648 etiam
1947 1592 2120 1648 male-

533 1696 685 1753 volus
724 1703 886 1765 atque
914 1693 1333 1748 infestissimus.
1371 1691 1561 1746 Exstat
1589 1690 1753 1760 igitur
1780 1689 1834 1743 in
1869 1687 2120 1742 Numeris

1573 296 1632 352 S.
1675 293 1956 352 CYRILLI
1997 291 2472 349 ALEXANDle
2511 291 2834 348 ARCHIEP.

3709 294 3814 354 652

2313 391 2648 478 Ἔνσχεοεῖεν
2697 406 2744 460 δ’
2782 407 2850 460 ἂν
2880 403 2993 468 τοῖς
3039 404 3173 470 ἴσοις
3218 404 3562 478 ἐγκλήμασιν
3603 409 3654 460 oi
3703 407 3814 462 τῶν

2224 499 2507 570 σαρκικῶν
2538 498 2638 570 τὴν
2661 499 2962 553 ἀπόλαυσιν
2983 500 3380 572 προτάττοντες
3416 500 3528 554 τῶν
3571 518 3812 572 πνευμα-
3839 513 3848 539 ε

2222 592 2411 652 τικῶν,
2431 593 2529 646 καὶ
2552 591 2813 663 ἀνθαιρού
2821 609 2976 663 μενοι
2991 593 3103 647 τῶν
3124 594 3360 648 αἰωνίων
3385 594 3455 648 τά
3477 593 3811 667 πρόσκαιρα,

2223 685 2320 740 καὶ
2345 685 2456 739 τῶν
2491 685 2566 757 μὴ
2608 685 2990 757 σαλευομένων
3018 687 3086 740 τὰ
3117 687 3477 757 σαλευόμενα.
3506 687 3616 741 Kal
3646 705 3812 742 κατα-

2224 779 2549 851 φρονοῦντες
2583 779 2680 848 μὲν
2707 777 2867 847 δόξης
2886 776 2988 847 τῆς
3017 777 3170 848 παρά
3195 777 3353 840 Θεοῦ,
3389 777 3725 832 ἀϐουλότατά
3751 795 3811 833 τε

2225 869 2694 942 προτετιμηκὸτες
2726 869 2794 922 τὰ
2831 869 2892 920 ἐν
2927 868 3237 940 ἀνθρώποις
3270 869 3520 939 λαμπρά,
3561 869 3597 922 ἃ
3630 871 3724 923 καὶ
3753 871 3812 922 ἐν

2225 960 2326 1030 ἴσῳ
2361 961 2542 1022 σκιαῖς
2569 956 2906 1029 παρελαύνει
2945 959 3073 1021 τοὺς
3116 957 3364 1028 ἔχοντας.
3411 958 3716 1030 Χρησίμως
3755 959 3812 1012 δὲ

2221 1051 2343 1104 λίαν
2371 1052 2468 1104 καὶ
2495 1051 2524 1103 6
2557 1050 2848 1113 θεσπέσιος
2876 1049 3117 1113 Παῦλος,
3158 1069 3177 1101 ι
3201 1051 3292 1120 Μή
3327 1067 3412 1113 τις
3452 1049 3672 1121 πόρνος,
3707 1067 3810 1119 φη-

2224 1143 2328 1206 σὶν,
2355 1141 2388 1213 ἢ
2421 1141 2648 1213 βέϐηλος
2677 1139 2958 1204 ὼςἮσαῦ,
2985 1140 3044 1204 ὃς
3085 1139 3208 1194 ἀντὶ
3255 1139 3510 1213 βρώσεως
3544 1141 3674 1211 μιᾶς
3708 1142 3812 1195 άπ-

2221 1236 2371 1288 έδοτο
2400 1236 2469 1288 τὰ
2492 1233 2814 1305 πρωτότοκα
2844 1232 3030 1287 αὐτοῦ.

2298 1326 2409 1381 Καὶ
2446 1326 2728 1395 ἣρπασεν
2760 1325 3210 1395 είςομαρτύριον
3245 1327 3469 1396 φρίκην
3494 1325 3703 1381 αὐτοῦ.

2291 1421 2370 1475 6'.
2417 1419 2644 1490 Ἑτέρας
2674 1418 2840 1472 πάλιν
2869 1417 3242 1490 διαμέμνηται
3272 1419 3548 1491 πράξεως,
3594 1419 3808 1474 διαϐάλ-

2224 1512 2336 1566 λων
2365 1505 2477 1566 οἷον
2518 1511 2611 1565 τὸν
2651 1511 2969 1581 Ἰδουμαῖον,
2992 1510 3069 1574 ὡς
3107 1512 3197 1564 ἀεὶ
3233 1511 3497 1580 γεγονότα
3533 1513 3719 1566 σκαιόν
3752 1529 3811 1565 τε

2219 1601 2317 1655 καὶ
2357 1600 2616 1672 πονηρὸν,
2639 1601 2735 1654 καὶ
2768 1603 2881 1664 τοῖς
2910 1600 2971 1666 ἐξ
3004 1600 3238 1670 αἵματος
3281 1601 3363 1654 ὅτι
3408 1600 3645 1671 μάλιστα
3683 1601 3812 1654 δυσα-

2225 1693 2358 1763 μενῆ
2419 1693 2516 1747 καὶ
2556 1690 2983 1763 πολεμιώτατον.
3028 1691 3344 1765 Γέγραπται
3381 1692 3562 1746 τοίνυν
3601 1693 3659 1746 ὲν
3699 1696 3813 1757 τοῖς

531 1790 687 1845 siczr
726 1788 794 1844 Et
842 1787 991 1842 misit
1020 1784 1233 1856 Moyses
1269 1784 1487 1839 nuntios
1507 1798 1573 1837 ex
1607 1782 1782 1838 Cades
1825 1780 1892 1835 ad
1938 1794 2116 1850 regem

2237 1786 2293 1837 ’A
2303 1784 2386 1856 ριο
2395 1787 2538 1855 μοῖςο
2551 1802 2570 1836 ι
2584 1785 2694 1838 Kal
2716 1785 3003 1838 ἀπέστειλε
3030 1784 3236 1856 Μωσῆς
3269 1785 3534 1853 ἀγγέλους
3551 1784 3614 1838 ἐκ
3627 1785 3814 1855 Κάδης

530 1879 724 1945 Edom,
768 1879 982 1934 dicens:
1006 1875 1130 1930 Ilaec
1158 1875 1318 1946 26],
1354 1874 1488 1929 dicit
1511 1873 1691 1929 frater
1731 1883 1853 1928 tuus
1899 1872 2109 1928 Israel:

529 1972 611 2026 'I‘u
651 1972 759 2026 scis
785 1983 998 2024 omnem
1038 1966 1277 2021 laborem
1305 1966 1396 2034 qui
1427 1965 1631 2020 invenit
1655 1980 1774 2022 nos.
1803 1965 1870 2019 Et
1891 1965 2116 2019 descen-

529 2065 724 2117 derunt
747 2069 930 2130 patres
963 2057 1134 2112 nostri
1165 2057 1218 2111 in
1243 2056 1562 2127 Egyptum,
1578 2071 1643 2112 et
1669 2055 2034 2111 habitavimus
2061 2055 2113 2110 in

526 2151 762 2224 )Egypto
799 2151 914 2205 dies
960 2149 1164 2218 plures,
1193 2157 1248 2203 et
1277 2148 1584 2203 aﬂlixerunt
1634 2162 1734 2202 nos
1782 2145 2021 2218 Egyptii
2061 2157 2118 2202 et

526 2254 711 2314 patres
734 2253 971 2308 nostros,
1002 2249 1059 2296 et
1081 2239 1437 2294 clamavimus
1465 2243 1532 2294 ad
1569 2241 1874 2304 Dominum,
1900 2249 1954 2293 et
1979 2239 2116 2294 edu-

527 2336 608 2391 xit
635 2349 755 2402 nos,
772 2341 828 2389 et
852 2347 994 2409 nttnc
1020 2332 1416 2402 praeteribimus
1441 2347 1537 2402 per
1571 2340 1767 2385 terram
1795 2341 1962 2386 tuam.
1995 2330 2114 2386 Non

529 2428 882 2484 transibimus
907 2439 1002 2495 per
1051 2440 1232 2496 agros,
1267 2437 1562 2494 neque-per
1585 2409 1796 2489 vineas,
1827 2436 2000 2491 neque
2029 2421 2115 2477 bi-

518 2521 717 2576 .liemus
757 2532 953 2588 aquam
985 2530 1018 2571 e
1045 2516 1165 2571 lacu
1223 2524 1339 2571 tuo.
1380 2514 1447 2569 Et
1474 2514 1610 2569 dixit
1644 2515 1710 2568 ad
1744 2529 1866 2568 eum
1901 2513 2068 2568 Edom
2097 2531 2111 2567 ε

521 2609 643 2665 Non
695 2607 951 2663 transibis
983 2620 1082 2676 per
1127 2619 1233 2672 me,
1286 2603 1488 2674 alioqui
1531 2611 1772 2657 armatus
1831 2615 2114 2657 occurram

523 2698 647 2755 tibi.
675 2697 743 2753 Et
765 2697 896 2754 exiit
930 2697 982 2750 in
1015 2694 1174 2748 turba
1199 2695 1374 2762 gravi.
1409 2693 1480 2746 Et
1512 2691 1804 2747 declinavit
1835 2690 2002 2746 Israel
2041 2693 2109 2746 ab

521 2806 591 2848 eo
624 2791 726 2846 ἐ.»
757 2789 994 2844 Rursum
1030 2788 1116 2843 bis
1143 2786 1325 2842 verbis
1349 2799 1603 2854 expressa
1635 2787 1847 2839 intuere
1886 2784 2112 2848 atrocia,

522 2893 581 2940 et
605 2898 766 2953 supra
782 2896 943 2952 quam
968 2881 1073 2935 dici
1099 2888 1276 2950 potest
1306 2877 1713 2932 inhumanitatis
1743 2877 1900 2946 plena
1933 2875 2118 2931 crimi-

522 2992 615 3032 na.
659 2974 828 3030 Israel
860 2989 966 3029 non
1021 2973 1238 3043 petebat
1271 2986 1468 3041 aquam
1487 2971 1553 3026 ab
1587 2970 1754 3026 Edom
1799 2970 1989 3042 gratis.
2016 2971 2116 3024 Ast

525 3066 638 3134 ille,
670 3066 844 3121 armis
875 3065 1123 3133 sumptis,
1150 3064 1321 3118 aciem
1373 3072 1557 3117 contra
1593 3076 1688 3118 eos
1734 3061 2028 3132 dirigebat,
2060 3073 2116 3116 et

2226 1875 2363 1948 πρὸς
2394 1875 2488 1930 τὸν
2521 1875 2746 1946 βασιλέα
2789 1875 2985 1948 Ἐδὼμ,
3018 1875 3212 1946 λέγων·
3248 1876 3387 1931 Τάδε
3417 1877 3567 1946 λέγει
3591 1878 3622 1930 6
3659 1877 3812 1931 ἀδελ-

2225 1968 2323 2036 φός
2366 1984 2461 2020 σου
2506 1968 2756 2039 Ἰσραήλ’
2793 1968 2865 2021 Σὺ
2905 1969 3102 2040 ἐπίστῃ
3146 1968 3241 2021 ἐπὶ
3280 1969 3459 2023 πάντα
3487 1968 3580 2023 τὸν
3612 1969 3812 2041 μόχθον

2222 2057 2314 2109 τὸν
2339 2056 2570 2126 εὑρόντα
2609 2058 2780 2128 ἡμᾶς.
2813 2058 2924 2112 Καὶ
2949 2057 3260 2128 κατέϐησαν
3286 2060 3335 2111 oi
3371 2058 3610 2131 πατέρες
3654 2060 3812 2130 ἡμῶν

2224 2145 2305 2209 εἰς
2336 2146 2634 2215 Αἴγυπτον,
2663 2149 2759 2201 καὶ
2785 2148 3203 2220 παρῳκήσαμεν
3238 2149 3296 2202 ἐν
3316 2148 3578 2220 Αἰγύπτῳ
3597 2151 3812 2222 ἡμέρας

2224 2238 2460 2303 πλείους.
2495 2240 2605 2293 Kal
2632 2241 2922 2296 ἐκάκωσαν
2953 2243 3103 2314 ἡμᾶς
3131 2243 3180 2295 οἱ
3205 2242 3494 2312 Αἰγύπτιοι
3541 2243 3638 2298 καὶ
3684 2246 3811 2307 τοὺς

2223 2331 2468 2402 πατέρας
2499 2332 2676 2404 ἡμῶν.
2715 2332 2823 2386 Kal
2853 2333 3232 2404 ἀνεὸοήσαμεν
3265 2333 3404 2406 πρὸς
3437 2333 3665 2404 Κύριον,
3714 2337 3810 2388 καὶ

2224 2421 2502 2493 ἐξήγαγεν
2527 2424 2695 2494 ἡμᾶς.
2732 2425 2845 2478 Kal
2863 2423 2959 2479 νῦν
2986 2425 3439 2497 παρελευσόμεθα
3461 2425 3550 2480 διά
3578 2426 3681 2498 τῆς
3705 2426 3809 2496 γῆς

2225 2531 2340 2569 σου.
2377 2516 2454 2569 Ού
2484 2516 2871 2588 διελευσόμεθα
2889 2516 2956 2570 δι’
2981 2517 3187 2588 ἀγρῶν,
3212 2518 3336 2572 οὐδέ
3356 2519 3422 2572 δι’
3447 2517 3806 2589 ἀμπελώνων,

2221 2606 2344 2660 ούδέ
2373 2607 2616 2678 πιόμεθα
2642 2607 2788 2679 ὕδωρ
2821 2610 2888 2662 ὲκ
2919 2607 3123 2662 λάκκου
3169 2626 3286 2661 σου.
3332 2609 3444 2662 Kal
3477 2605 3631 2664 εἶπεν
3659 2610 3809 2680 αὐτῷ

2234 2699 2431 2771 Ἐδώμο
2464 2703 2539 2754 Ού
2583 2701 2831 2774 διελεύσῃ
2871 2703 2941 2756 δι’
2972 2701 3133 2774 ἐμοῦ,
3186 2704 3235 2756 εί
3271 2703 3329 2757 δὲ
3361 2702 3460 2774 μὴ,
3499 2703 3559 2756 ἐν
3587 2703 3810 2775 πολέμῳ

2221 2791 2578 2865 ἐξελεύσομαι
2633 2795 2716 2859 είς
2767 2794 3090 2866 συνάντησίν
3151 2811 3268 2848 σου.
3329 2794 3441 2849 Καὶ
3484 2792 3708 2866 ἐξῆλθεν
3748 2797 3806 2848 ἐν

2221 2882 2366 2955 ὔχλῳ
2396 2883 2573 2956 βαρεῖ.
2639 2885 2700 2939 '0
2755 2885 2814 2939 δέ
2868 2885 3086 2958 Ἰσραὴλ
3114 2885 3386 2954 ἐξέκλινεν
3431 2887 3526 2940 ἀπ’
3565 2886 3753 2942 αὐτοῦ.
3779 2906 3800 2940 ι

2225 2974 2420 3048 Ἀθρει
2461 2975 2526 3048 δὴ
2576 2976 2740 3030 πάλιν
2797 2978 2856 3030 ἐν
2900 2978 3133 3045 τούτοις,
3181 2979 3259 3043 ὡς
3303 2978 3452 3032 δεινά
3524 2981 3620 3033 καὶ
3662 2979 3808 3050 πέρα

2221 3067 2382 3137 λόγου
2427 3069 2630 3134 παντὸς
2669 3069 2741 3123 τά
2777 3070 2879 3140 τῆς
2915 3071 3337 3143 ἀφιλοστοργίας
3362 3074 3706 3145 ἐγκλήματα.
3746 3075 3806 3128 '0

520 3161 699 3218 solum
736 3160 1024 3214 transitum
1064 3157 1319 3226 improbe
1349 3157 1641 3222 invidebat,
1681 3170 1854 3226 eoque
1905 3153 2117 3208 stolidi-

2223 3162 2322 3232 μὲν
2366 3162 2475 3234 γάρ
2523 3162 2758 3235 Ἰσραὴλ,
2808 3166 2908 3217 οὐκ
2947 3165 3258 3238 ἀνάργυρον
3299 3166 3444 3238 ὕδωρ
3484 3167 3669 3240 ἐζήτει
3713 3167 3806 3221 τὸν

525 3253 652 3309 tatis
667 3265 1009 3324 progressum
1029 3250 1346 3319 apparebat,
1367 3258 1422 3301 ut
1450 3248 1552 3302 nisi
1579 3247 1900 3302 declinasset
1927 3244 2114 3312 Israel,

523 3361 627 3403 nec
664 3343 912 3413 sanguini
951 3357 1138 3398 eorum
1169 3356 1432 3412 parsurus
1461 3341 1643 3395 fuerit.
1672 3358 1690 3391 ι
1729 3339 1925 3410 Rapuit
1953 3339 2118 3408 igitur

522 3437 579 3492 in
613 3434 982 3491 testimonium
1040 3433 1318 3488 horrorem
1361 3447 1538 3488 suum.
1563 3449 1581 3483 ι
1618 3431 1695 3485 Illi
1746 3432 1889 3484 enim
1929 3444 2117 3499 preca-

521 3528 724 3584 bantur
747 3534 805 3582 et
823 3524 1285 3581 contrahebantur
1311 3522 1510 3577 animis
1532 3520 1884 3576 formidantes
1927 3535 2116 3573 manus

524 3632 835 3683 conserere,
887 3631 954 3672 ne
1005 3616 1325 3672 cbaritatem
1378 3616 1430 3669 in
1489 3615 1684 3670 fratres
1725 3612 2117 3683 ﬂoccipendere

521 3710 859 3767 viderentur.
881 3710 951 3764 At
986 3708 1090 3762 iste
1119 3711 1545 3763 contractionem
1590 3707 1754 3771 illam,
1795 3706 1910 3759 sive
1959 3705 2117 3774 lmjns

522 3803 603 3861 rei
642 3797 1207 3872 formidinem(quam
1236 3800 1478 3855 horroris
1520 3798 1784 3853 vocabulo
1823 3798 2114 3867 signiﬁcat)

524 3895 679 3950 durat
725 3894 880 3964 quasi
909 3893 1304 3949 testiﬁcationis
1347 3893 1397 3946 in
1431 3892 1550 3946 illos
1570 3894 1908 3946 occasionem
1940 3889 2113 3944 facie-

521 3985 638 4043 bat.
672 3983 907 4040 Minatus
935 3995 1024 4041 est
1066 3987 1211 4040 enim
1265 3984 1524 4053 graviter,
1565 3983 1665 4036 nisi
1695 3980 1862 4038 Israel
1901 3980 1968 4034 ab
1998 3980 2116 4051 ejus

525 4075 726 4132 ﬁnibus
753 4078 1050 4143 recederet,
1091 4090 1150 4131 se
1181 4076 1348 4130 armis
1393 4076 1566 4144 ipsum
1609 4073 1983 4144 depulsurum.
2025 4072 2111 4127 Ab

525 4191 712 4232 amore
741 4177 907 4248 igitur
930 4184 1118 4230 mutuo
1150 4175 1357 4230 alienus
1388 4173 1582 4242 Edom,
1607 4183 1662 4230 et
1689 4174 1796 4229 odii
1827 4174 1880 4229 in
1913 4172 2114 4228 fratres

524 4283 786 4345 perquam
816 4287 940 4328 reus
960 4271 1083 4336 fuit,
1110 4270 1340 4338 ideoque
1380 4284 1487 4323 non
1517 4266 1712 4338 injuria
1742 4268 1850 4324 Deo
1881 4267 2111 4323 Invisus.

532 4383 553 4417 ι
581 4364 723 4420 Deus
765 4365 910 4420 enim
957 4363 1198 4418 cbaritas
1233 4371 1337 4427 est,
1369 4379 1389 4414 ι
1411 4362 1565 4432 juxta
1600 4361 1823 4416 verbum
1865 4359 2111 4428 Joannis,

531 4475 553 4509 ‹
579 4467 636 4511 et
667 4455 760 4527 qui
799 4464 984 4511 manet
1023 4457 1078 4510 in
1118 4454 1407 4521 charitate,
1440 4454 1492 4508 in
1525 4453 1636 4509 Deo
1677 4461 1858 4507 manet
1881 4451 1981 4508 ³⁸.»
2007 4452 2110 4520 Qui

2233 3252 2435 3326 Ἐδὼμ’
2473 3255 2502 3308 6
2551 3255 2610 3309 δέ
2641 3251 2711 3326 ἦν
2757 3257 2814 3310 ἐν
2862 3256 3068 3324 ὅπλοις,
3119 3258 3214 3312 καὶ
3269 3260 3660 3330 παρετάττετο,
3710 3261 3806 3316 καὶ

2222 3345 2392 3418 μόνης
2445 3347 2680 3419 παρόδου
2735 3348 3004 3418 διεφθόνει
3064 3350 3286 3416 κακῶς,
3364 3353 3462 3406 καὶ
3512 3355 3594 3417 είς
3647 3354 3808 3409 τοῦτο

2221 3439 2540 3509 σκαιότητος
2575 3437 2776 3504 ἐλάσας
2803 3440 3138 3513 διηλέηετο,
3169 3442 3245 3507 ὼς
3275 3445 3323 3497 εί
3363 3444 3438 3514 μὴ
3484 3444 3805 3500 ἐκκέκλικεν

2217 3529 2246 3581 ὀ
2281 3528 2518 3600 Ἰσραὴλ,
2543 3529 2655 3583 οὐδ’
2690 3530 2757 3584 ἂν
2783 3531 2968 3586 αὐτῶν
2993 3532 3243 3604 αἱμάτων
3282 3535 3561 3603 ἐφείσατο.
3615 3555 3634 3588 ι
3665 3538 3807 3611 Ἥρ-

2218 3637 2358 3674 πασε
2387 3622 2567 3675 τοίνυν
2597 3622 2679 3686 είς
2713 3623 3020 3696 μαρτυρίαν
3051 3627 3256 3697 φρίκην
3295 3627 3482 3682 αὑτοῦ.
3516 3648 3535 3682 ι
3591 3632 3655 3683 Οί
3703 3631 3807 3702 μὲν

2215 3711 2326 3783 γάρ
2401 3713 2750 3787 παρῃτοῦντο
2810 3715 2906 3770 καὶ
2961 3716 3353 3773 ὑπεστέλλοντο
3374 3761 3390 3785 ,
3434 3719 3495 3774 τὸ
3546 3719 3808 3792 πολεμεῖν

2215 3803 2470 3868 δεδιότες,
2521 3805 2609 3858 ἵνα
2642 3805 2718 3877 μὴ
2762 3807 2863 3877 τῆς
2898 3809 2980 3873 είς
3022 3809 3288 3881 ἀδελφοὺς
3331 3810 3538 3865 δοκοῖεν
3585 3813 3805 3882 άλογεῖν

2216 3894 2458 3966 ἀγάπης.
2505 3895 2563 3950 '0
2602 3896 2661 3949 δέ
2703 3897 2803 3968 τὴν
2842 3898 3164 3972 ὑποστολὴν,
3205 3902 3326 3974 ἦτοι
3371 3902 3470 3974 τὴν
3515 3905 3598 3968 είς
3643 3904 3807 3958 τοῦτο

2214 3987 2438 4054 δειλίαν,
2477 3990 2544 4062 ἦν
2591 3989 2792 4061 καὶτῷ
2833 3990 2935 4062 τῆς
2979 3993 3183 4065 φρίκης
3226 3996 3448 4066 ὀνόματι
3489 3995 3803 4069 καταδηλοί.

2217 4080 2494 4152 πρόφασιν
2545 4081 2784 4134 ἐποιεῖτο
2851 4080 3096 4154 σκληρᾶς
3152 4084 3343 4159 ὥσπερ
3403 4086 3808 4158 διαμαρτυρίας

2215 4173 2422 4236 αὐτοῖς.
2469 4165 2761 4244 Ἠπείλησε
2792 4171 2900 4244 γὰρ
2921 4175 3191 4247 ἐναργῶς,
3225 4176 3299 4242 ὡς
3334 4178 3383 4230 εἰ
3423 4177 3497 4249 μὴ
3533 4177 3809 4248 βούλοιντο

2213 4264 2325 4318 τῶν
2357 4263 2506 4335 αὐτῷ
2541 4262 2929 4336 προσηκόντων
2965 4265 3130 4337 ὁρίων
3170 4267 3494 4340 ἀποφοιτᾷν,
3526 4268 3804 4336 ἐξελεύσε-

2214 4376 2304 4414 ται
2344 4359 2464 4413 κατ’
2512 4358 2703 4414 αὐτοῦ.
2741 4359 2950 4414 Οὐκοῦν
2989 4360 3348 4433 ἀφιλάλληλος
3379 4361 3407 4416 6
3448 4362 3660 4433 Ἐδὼμ,
3709 4364 3806 4417 καὶ

2214 4455 2330 4516 τοῖς
2357 4452 2456 4522 τῆς
2485 4452 2846 4523 μισαδελφίας
2869 4453 3215 4526 ἐγκλήμασιν
3237 4455 3299 4509 οὐ
3333 4457 3571 4526 μετρίως
3597 4456 3801 4526 ἔνοχος.

523 4561 655 4622 ergo
683 4549 966 4605 charitatis
999 4563 1195 4619 expers
1236 4548 1406 4603 vitam
1457 4545 1654 4617 degere
1696 4545 1949 4610 instituit,
2001 4560 2107 4601 non

2220 4515 2497 4615 Txitur-cor
2517 4515 2744 4609 δικαίως
2768 4515 2865 4598 καὶ
2891 4515 3009 4616 ὁεῷ
3026 4515 3531 4620 κατεστυγημένος.
3550 4515 3586 4599 ⁷ι
3609 4515 3805 4620 '0

525 4639 581 4696 in
634 4641 743 4696 Deo
795 4640 1054 4707 confidit,
1112 4638 1205 4695 sed
1253 4638 1433 4710 potius
1473 4646 1628 4692 extra
1668 4633 1763 4691 Dei
1810 4635 2108 4692 amicitiam

524 4736 568 4787 Si
577 4742 660 4789 ιιιε
693 4741 798 4792 εει.

2214 4636 2347 4701 Θεὸς
2377 4638 2568 4708 ἀγάπη
2597 4637 2736 4704 ἐστὶ,
2761 4656 2782 4690 ι
2825 4639 2968 4692 κατά
2992 4639 3090 4711 τὴν
3123 4640 3371 4694 Ἰωάννου
3403 4641 3609 4712 φωνὴν,
3646 4659 3665 4692 ι
3697 4641 3800 4694 καὶ

2211 4730 2241 4782 6
2277 4730 2455 4800 μένων
2489 4733 2547 4783 ἐν
2573 4733 2640 4802 τῇ
2680 4731 2890 4803 ἀγάπῃ,
2919 4731 2978 4785 ἐν
3000 4731 3080 4803 τῷ
3107 4732 3227 4803 Θεῷ
3265 4733 3436 4804 μένει.
3469 4753 3488 4787 ι
3526 4731 3734 4788 υύκοῦν
3767 4734 3800 4787 6

521 4827 748 4900 ἀγάπης
777 4827 901 4900 δίχα
959 4827 1150 4899 διαζῇν
1199 4825 1496 4900 ᾑρημένος,
1539 4823 1641 4878 οὐκ
1689 4823 1749 4878 ἐν
1784 4821 1863 4894 τῷ
1928 4821 2050 4892 Θεῷ
2118 4822 2401 4889 πέποιθεν,
2457 4825 2575 4880 ἀλλ’
2625 4825 2731 4892 ἔξω
2779 4827 3017 4882 κείσεται
3069 4828 3271 4901 μᾶλλον
3325 4829 3426 4902 τῆς
3481 4830 3618 4902 πρὸς
3667 4829 3802 4883 Θεὸν

522 4923 881 4994 οἰκειότητος.

598 5017 665 5073 Ει
694 5020 947 5088 impetum
984 5033 1137 5071 suum
1164 5017 1386 5072 servavit
1423 5017 1479 5070 in
1509 5014 1920 5070 contentionem.

599 5111 669 5168 Χ.
702 5111 944 5167 Tertium
988 5111 1090 5166 hoc
1123 5118 1210 5165 est
1254 5109 1600 5165 Esauitarum
1637 5117 1943 5178 peccatum.
2003 5103 2113 5160 lm-

526 5214 705 5275 petum
761 5203 904 5259 enim
938 5203 1117 5272 ipsius.
1143 5201 1307 5266 Esau,
1343 5200 1412 5254 ad
1446 5199 1630 5255 odium
1663 5196 1910 5252 videlicet
1933 5205 1990 5249 et
2014 5195 2116 5249 im-

525 5294 776 5362 pietatem
803 5299 1124 5358 ‘servarunt,
1155 5304 1326 5360 usque
1364 5288 1490 5344 dum
1541 5289 1839 5354 vincerent,
1876 5299 2110 5356 semper.

527 5382 847 5452 Neutiquam
891 5383 1037 5439 enim
1095 5382 1302 5438 scelera
1356 5388 1575 5448 patrare
1611 5377 1911 5442 desierunt,
1938 5391 2116 5447 quan-

525 5487 686 5542 quam
717 5474 862 5528 Esau
895 5482 1131 5529 veterem
1178 5471 1327 5527 illam
1379 5469 1712 5540 impietatem
1748 5483 1900 5523 suam
1949 5467 2116 5537 depo-

527 5567 716 5635 suerit,
748 5575 804 5621 et
848 5565 1018 5622 Jacob
1057 5566 1182 5625 odio
1228 5563 1484 5637 prosequi
1549 5562 1793 5631 desierit,
1827 5561 2115 5632 potiusque

600 5741 644 5774 ’⁷
686 5739 848 5795 Ilchr.
884 5757 979 5808 xu,
1019 5741 1103 5798 16.
1181 5741 1227 5774 ’⁸
1253 5741 1423 5803 Numa
1454 5756 1546 5807 xx,
1589 5740 1776 5794 ιιι-ει.

2288 5010 2398 5066 Kal
2422 5010 2490 5064 τὸ
2519 5010 2756 5082 ὅρμημα
2781 5010 2970 5066 αὐτοῦ
3001 5012 3310 5082 ἐφύλαξεν
3341 5017 3429 5082 είς
3448 5015 3670 5084 νεῖκος.

2289 5102 2346 5156 I’.
2389 5099 2585 5172 Τρίτον
2623 5101 2688 5171 δὴ
2726 5099 2886 5155 τοῦτο
2935 5101 3046 5156 τῶν
3097 5102 3157 5168 ἐξ
3199 5103 3370 5158 Ἡσαῦ
3402 5105 3810 5179 πλημμέλημα.-

2211 5189 2287 5242 Τὸ
2316 5189 2425 5262 γὰρ
2459 5191 2691 5262 ὅρμημα
2724 5188 2914 5256 αὐτοῦ,
2941 5192 3003 5245 τὸ
3033 5192 3170 5263 πρὸς
3191 5193 3394 5266 ἔχθραν
3435 5195 3674 5268 δηλονότι
3706 5199 3808 5252 καὶ

2211 5282 2558 5352 ἀνοσιότητα,
2593 5280 2867 5352 ἐφύλαξαν
2901 5285 2982 5349 είς
3005 5286 3304 5356 ἐκνίκησιν,
3343 5287 3438 5340 καὶ
3483 5287 3642 5360 μέχρι
3667 5305 3803 5343 παν-

2211 5372 2325 5436 τός.
2356 5371 2678 5445 Κατέληξαν
2708 5374 2816 5446 γάρ
2855 5374 3108 5446 οὐδαμῶς
3132 5375 3241 5430 τῶν
3274 5376 3506 5431 ἀνοσίων
3547 5380 3812 5447 ἐγχειρηο,

2217 5463 2425 5534 μάτων,
2471 5464 2650 5518 καίτοι
2688 5466 3158 5537 ἀποφοιτήσαντος
3199 5467 3300 5540 ἤδη
3356 5469 3449 5522 τοῦ
3491 5468 3662 5523 Ἠσαῦ
3704 5470 3802 5539 τῆς

2213 5559 2448 5630 ἀρχαίας
2481 5558 2697 5630 ἐκείνης
2725 5559 3092 5632 ἀνοσιότητος,
3133 5561 3227 5614 καὶ
3262 5562 3532 5631 φονῶντος
3568 5562 3669 5634 μὲν
3702 5561 3802 5615 οὐκ

1890 5742 1931 5774 ⁸³³
1969 5743 1982 5793 l
2016 5737 2172 5793 Joan.
2205 5753 2279 5805 tv,
2327 5736 2409 5791 I6.
