4132 6370
334 412 443 471 435
1296 417 1843 476 COMMENTARIUS
1883 423 1898 475 Ι

1999 423 2172 479 AMOS
2211 426 2651 485 PROPHETAM.
3494 448 3605 505 454

337 530 418 585 ἔτι
438 528 581 585 κατὰ
606 527 701 582 τοῦ
718 526 931 592 Ἰακὼϐ,
964 528 1418 602 μετατεθειμένου
1447 533 1503 586 δὲ
1531 534 1732 605 μᾶλλον
1752 537 1832 600 είς
1855 537 1899 605 ἡ·

2019 539 2086 594 ad
2120 541 2392 599 lenitatem
2421 558 2738 613 conversus,
2773 556 2961 603 mutuo
3002 550 3151 606 illum
3188 551 3461 610 dilexerit.
3493 559 3605 615 Re-

340 622 634 695 μερότητα,
674 621 767 675 καὶ⁵
787 618 1210 691 φιλαλλ[ηλ]ίαν.
1242 622 1667 694 Ἐπιστρέφοντα
1697 624 1808 696 γὰρ
1850 626 1899 677 ὲ)

2020 639 2321 687 vertentem
2392 634 2589 705 quippe
2640 652 2671 692 e
2722 637 3105 706 Mesopotamia
3136 656 3167 697 e
3213 643 3372 699 domo
3416 645 3598 706 Laban

335 716 435 785 τῆς
459 712 645 768 Λάῦαν
669 712 876 777 ἑστίας,
892 715 1283 784 κατησπάσατο
1307 714 1443 784 μετὰ
1457 715 1899 787 κλαυθμοῦ.Φιλε“

2018 733 2139 773 cum
2175 720 2431 793 lacrymis
2452 727 2725 782 osculatus
2749 739 2832 785 est
2863 730 2944 799 ’°;
2982 734 3156 790 solent
3209 738 3353 793 enim
3391 741 3445 797 in
3486 760 3600 799 ma-

335 802 395 856 δι
413 819 515 855 που
544 801 641 855 καὶ
660 803 782 865 ταῖς
805 802 943 870 ἄγαν
971 802 1258 873 εὐθυμίαις
1281 805 1637 874 ὲκχεῖσθαιτὸ
1659 806 1899 878 δάκρυον

2018 829 2118 882 gua
2149 830 2363 885 quoque
2398 818 2581 874 laetitia
2610 820 2862 890 profundi
2895 823 3175 897 lacrymaz.
3224 829 3349 899 Ejus
3392 837 3593 903 posteri

338 894 571 965 Σκληροὶ
611 893 668 947 δὲ
701 892 819 946 λίαν
844 894 891 946 oi
922 892 980 959 ἐξ
1012 894 1201 957 αὐτοῦ,
1248 898 1317 967 τῇ
1351 897 1458 950 τῶν
1484 897 1702 969 τρόπων
1732 900 1899 953 σκαιό

2018 903 2261 962 dilllciles
2286 916 2342 961 et
2364 910 2541 979 asperi
2572 910 2813 977 fuerunt,
2854 923 2911 969 et
2934 892 3145 971 morum
3197 892 3597 983 inhumanitate

334 999 459 1054 τητι
512 983 606 1036 καὶ
651 982 825 1053 αὐτὴν
864 982 1297 1055 ὑπερϐαλόμενοι
1341 986 1441 1057 τὴν
1492 986 1588 1040 τοῦ
1646 988 1899 1059 προγόνοι

2018 995 2187 1063 ipsam
2219 999 2378 1068 primi
2430 1002 2668 1070 parentis
2697 1008 2779 1060 sui
2805 1010 3211 1074 perversitatem
3239 1028 3590 1088 superarunt;

338 1074 670 1145 φαυλότητα’
725 1074 841 1127 ἀλλ’
891 1073 1039 1128 ἐστιν
1089 1075 1310 1145 ἀληθὲς,
1361 1078 1446 1132 ὅτι
1489 1078 1675 1151 Πάντη
1703 1097 1763 1132 τε
1818 1081 1899 1135 καλ

2015 1088 2177 1160 262
2203 1090 2298 1146 sed
2330 1106 2514 1147 verum
2532 1102 2616 1149 est
2638 1094 2789 1161 illud,
2811 1073 3076 1156 Omnibus
3105 1104 3278 1160 modis
3306 1073 3408 1162 via:
3439 1073 3594 1165 mali:

336 1166 557 1230 πάντως
609 1166 719 1220 ὁδοὶ
769 1166 1123 1237 μνησικάκων
1190 1168 1272 1233 εἰς
1335 1168 1584 1227 θάνατον.
1642 1171 1899 1245 Ταύτῃτοι

2013 1182 2295 1252 gnantium
2335 1183 2402 1238 ad
2430 1196 2678 1243 mortem.
2716 1187 2842 1247 Ideo
2886 1191 2991 1247 ait:

336 1277 502 1331 φησιν
523 1277 537 1291 ·

402 1353 515 1404 Καὶ
550 1349 939 1415 ἐξαποστελῶ
965 1353 1085 1422 πῦρ
1117 1356 1206 1419 εἷς
1238 1353 1484 1424 Θαιμᾶν,
1521 1353 1623 1411 καί
1650 1357 1899 1428 καταβοάς

2086 1352 2249 1413 Vsus.
2289 1357 2378 1413 12.
2406 1356 2478 1415 Ει
2508 1362 2711 1417 mittam
2749 1364 2918 1434 ignem
2948 1368 3003 1422 in
3029 1364 3279 1438 Thernan,
3300 1384 3349 1427 et
3371 1374 3592 1432 devora-

334 1459 499 1513 γεται
524 1443 766 1512 θεμέλια
793 1444 1043 1515 τειχέων
1063 1446 1276 1515 αὐτῆς.

2013 1447 2087 1502 bit
2122 1447 2466 1517 fundamenta
2493 1470 2762 1509 murorum
2791 1458 2926 1526 ejus.
2954 1448 2959 1458 ’

401 1534 503 1589 1Α¹.
545 1535 895 1607 Μητρόπολις
929 1537 986 1591 δὲ
1028 1537 1129 1608 τῆς
1187 1538 1492 1610 Ἰδουμαίας
1531 1538 1701 1613 αὕτη·
1739 1542 1899 1615 ἐμπέ-

2082 1531 2173 1588 XI.
2231 1535 2358 1592 llaec
2413 1547 2495 1593 est
2534 1543 2849 1611 metropolis
2902 1544 3185 1619 Idumaeas;
3233 1552 3451 1610 incensa
3504 1565 3590 1613 est

334 1644 571 1698 πρησται
600 1627 707 1699 γὰρ
742 1628 1013 1699 πολεμίων
1043 1631 1483 1700 κεκρατηκότων,
1511 1631 1607 1685 καὶ
1629 1633 1765 1704 όμοῦ
1790 1638 1899 1701 ταῖς

2012 1627 2176 1690 enim,
2214 1628 2282 1682 ab
2314 1629 2555 1685 hostibus
2584 1632 2822 1701 devicta,
2856 1647 2914 1693 et
2952 1656 3056 1695 una
3087 1656 3209 1697 cum
3254 1643 3375 1700 aliis
3406 1649 3584 1715 periit.

332 1718 523 1781 ἄλλαις
579 1719 829 1772 διόλωλεν
878 1721 912 1790 ἡ
955 1719 1191 1792 Θαιμάν.
1259 1721 1669 1794 Ἐκτελευτήσει
1709 1725 1773 1789 δὴ
1816 1722 1899 1781 οὖν

2012 1715 2270 1773 Desinent
2317 1719 2482 1788 igitur
2532 1724 2745 1779 tandem
2799 1726 2850 1780 in
2888 1728 3063 1798 ignem
3097 1741 3151 1787 et
3180 1733 3448 1803 ﬂammas,
3492 1741 3585 1809 qui

330 1809 412 1871 εἰς
450 1807 559 1880 πῦρ
606 1825 667 1860 τε
717 1808 812 1861 καὶ
861 1809 1067 1878 φλόγας
1116 1810 1177 1864 τὸ
1224 1815 1401 1879 μισεῖν
1444 1814 1745 1883 ἀδελφοὺς,
1812 1817 1899 1871 καὶ

2012 1804 2208 1862 fratres
2257 1810 2508 1879 oderunt,
2546 1822 2602 1868 et
2656 1814 2709 1869 in
2752 1823 3183 1890 consanguineos
3253 1804 3581 1899 insurgunt,

331 1899 820 1965 κατεξανίστασθαι
866 1899 975 1953 τῶν
1032 1901 1090 1967 ἐξ
1139 1902 1393 1973 αἵματος,
1451 1905 1485 1976 ἢ
1546 1906 1638 1960 καὶ
1690 1907 1801 1961 τῶν
1848 1908 1899 1974 ἐξ

2010 1908 2101 1952 aut
2146 1898 2202 1953 in
2240 1915 2335 1955 eos
2394 1902 2486 1972 qui
2526 1918 2590 1959 ex
2630 1906 2994 1968 familiaritate
3038 1915 3304 1981 spirituali
3354 1933 3584 1976 concor-

329 1992 659 2063 οἰκειότητος
697 1993 1075 2063 πνευματικῆς
1117 1993 1548 2065 συνειλεγμένων
1601 1999 1680 2062 είς
1714 1998 1899 2053 ἕνωσιν

2008 1990 2204 2061 diaque
2233 1992 2443 2049 collecti
2468 2006 2626 2065 sunt;
2659 2014 2757 2056 nec
2792 2004 2925 2075 tales
2955 2006 3126 2062 honor
3154 2016 3210 2063 et
3236 2009 3402 2066 decus
3445 2012 3583 2067 cba--

328 2082 424 2135 ac).
450 2082 774 2153 ὁμοψυχίαν.
818 2082 1192 2155 Ἀπήλλακται
1215 2084 1272 2138 δὲ
1302 2086 1412 2141 τῶν
1434 2088 1693 2142 τοιούτων
1719 2090 1789 2144 τὰ
1810 2090 1899 2161 τῆς

2006 2082 2048 2136 ri
2059 2084 2183 2138 tatis
2216 2086 2521 2143 comitatur.

328 2173 550 2241 ἀγάπης
576 2174 892 2244 αὐχήματα.

407 2263 551 2318 Τάδε
571 2265 733 2335 λέγει
756 2268 971 2333 Κύριος
996 2284 1010 2299 ο
1059 2268 1184 2321 Ἐπὶ
1216 2268 1347 2335 ταῖς
1382 2269 1582 2339 τρισίν
1606 2270 1909 2339 ἀσεϐείαις

327 2357 474 2412 υἱῶν
512 2357 766 2427 Ἄμμων,
797 2359 897 2413 καί
938 2359 1038 2413 ἐπὶ
1080 2359 1211 2427 ταῖς
1242 2361 1581 2430 τέσσαρσιν
1615 2365 1728 2419 οὐσὲ
1759 2365 1907 2420 ἀπο-

327 2448 748 2518 στραφήσομαι
781 2451 1025 2516 αὐτοὺς,
1059 2452 1189 2507 ἀνθ’
1222 2448 1308 2507 ὧν
1344 2447 1664 2524 ἀνέσχιζον
1698 2461 1807 2523 τὰς
1837 2457 1911 2512 ἐν

324 2541 538 2611 γαστρὶ
572 2540 837 2611 ἐχούσας
880 2543 999 2597 τῶν
1033 2546 1455 2613 Γαλααδιτῶν,
1488 2547 1649 2616 ὅπως
1674 2548 1905 2619 ἐμπλα-

324 2633 589 2687 τύνωσιν
617 2634 688 2688 τὰ
720 2633 851 2703 ὅρια
878 2636 1095 2691 αὐτῶν.
1142 2638 1253 2692 Καὶ
1285 2639 1501 2708 dudum
1530 2641 1651 2709 πῦρ
1681 2642 1782 2695 ἐπὶ
1832 2643 1908 2697 τὰ

324 2722 491 2792 τείχη
526 2723 771 2779 Ῥαϐὄὰα
795 2764 809 2790 ,
852 2725 953 2779 καὶ
1003 2728 1403 2799 καταφάγεται
1436 2728 1680 2799 θεμέλια
1717 2730 1907 2801 αὐτῆς

318 2815 469 2884 μετὰ
505 2816 795 2886 κραυγῆς,
826 2817 895 2871 ἐν
917 2818 1108 2887 ἡμέρᾳ
1129 2820 1424 2890 πολέμου,
1454 2822 1556 2877 καὶ
1589 2825 1908 2893 σεισθήσε-

324 2922 417 2959 ται
463 2906 537 2961 ἐν
568 2907 760 2977 ἡμέρᾳ
794 2910 1213 2979 συντελέσεως
1255 2912 1466 2981 αὐτῆς.
1526 2914 1640 2968 Καὶ
1687 2918 1904 2983 πορεύε-

322 3012 493 3051 σεται
532 2998 566 3051 ό
592 2997 895 3064 ,βασιλεὺς
916 2999 1108 3069 αὐτῆς
1127 3001 1198 3054 ἐν
1217 3003 1611 3071 αἰχμαλωσίᾳ,
1647 3007 1703 3059 οἱ
1731 3005 1907 3074 ἱερεῖς

320 3087 519 3142 αὐτῶν
564 3089 663 3143 καὶ
690 3093 743 3145 οἱ
768 3089 1059 3160 ἄρχοντες
1089 3091 1290 3148 αὐτῶν
1314 3094 1413 3149 ἐπὶ
1442 3096 1509 3150 τὸ
1534 3096 1703 3163 αὐτὸ,
1743 3100 1911 3169 λέγει·

319 3179 557 3245 Κύριος.

2075 2260 2241 2317 Vans.
2284 2263 2463 2319 13-15.
2507 2265 2633 2321 Ila'c
2688 2270 2811 2323 dicit
2855 2270 3107 2327 Dominus
3144 2291 3161 2328 :
3208 2274 3379 2345 Super
3417 2279 3580 2336 tribus

2004 2356 2286 2411 sceleribus
2317 2357 2553 2426 ﬁliorum
2623 2361 2872 2427 Ammon,
2908 2374 2955 2417 et
2995 2381 3152 2433 super
3187 2376 3415 2436 quatuor
3475 2386 3581 2425 non

2003 2458 2298 2503 convertam
2354 2467 2463 2516 eos,
2493 2467 2554 2504 eo
2599 2454 2738 2522 quod
2794 2455 3122 2510 dissecabant
3156 2458 3213 2513 in
3260 2468 3435 2515 ventre
3478 2462 3581 2515 ha-

2005 2538 2176 2594 bentes
2213 2557 2280 2595 ex
2310 2540 2625 2610 Galaaditis,
2662 2554 2718 2597 ut
2755 2546 3039 2601 dilatarent
3104 2551 3355 2604 terminos
3430 2568 3576 2606 suos.

2006 2629 2076 2683 Et
2101 2634 2411 2685 succendunt
2436 2634 2607 2704 ignem
2639 2636 2693 2689 in
2744 2654 2920 2692 muros
2950 2638 3211 2706 Rabbath,
3237 2651 3284 2694 et
3310 2642 3580 2697 devorabil

2004 2721 2344 2792 fundamenta
2377 2726 2489 2793 ejus
2527 2744 2645 2781 cum
2683 2728 2909 2784 clamore
2957 2731 3012 2784 in
3063 2732 3147 2786 die
3193 2733 3334 2797 belli,
3364 2743 3411 2787 et
3434 2750 3577 2787 com—

2002 2815 2292 2868 movebitur
2338 2816 2393 2870 in
2423 2817 2511 2871 die
2545 2823 3012 2876 consummationis
3044 2825 3182 2893 ejus.
3215 2823 3285 2878 Et
3334 2826 3430 2880 ibit
3484 2839 3579 2880 res

2002 2920 2183 2960 eorum
2222 2907 2279 2961 in
2311 2910 2682 2977 captivitatem,
2721 2914 3017 2966 sacerdotes
3058 2931 3238 2969 eorum
3284 2926 3334 2971 et
3379 2916 3579 2971 oriucz'u

2002 3012 2090 3063 pes
2131 3013 2311 3052 eorum
2347 3000 2403 3055 in
2440 3002 2826 3070 idipsum,dicit
2868 3003 3143 3062 Dominus.

389 3268 492 3323 IB’.
540 3269 976 3342 Καταγράφεται
1008 3273 1104 3324 καὶ⁵
1134 3271 1485 3343 ’Δμμανιτῶν
1511 3273 1588 3339 ὡς
1611 3276 1899 3347 Δαμασκη-

2072 3280 2183 3336 Χιτ.
2224 3283 2554 3340 Describitur
2595 3287 2754 3341 etiam
2789 3287 3221 3346 Ammonitarum
3266 3301 3323 3347 ut
3372 3292 3570 3349 Dama-

318 3357 425 3413 νῶν
462 3360 743 3432 ἀγριότης.
790 3362 1148 3416 Ἀπεκτόνασι
1173 3364 1268 3417 καὶ
1296 3365 1452 3419 αὐτοὶ
1472 3365 1572 3431 τὰς
1606 3369 1665 3422 ὲν
1703 3369 1903 3438 γαστρὶ

318 3450 549 3521 ἐχούσας
577 3450 687 3505 τῶν
724 3452 1087 3519 Γαλααδιτῶν,
1132 3456 1231 3527 οὐχ
1264 3457 1472 3528 ἑτέροις
1511 3459 1655 3513 τισὶν
1686 3460 1902 3530 ἐπαμύ-

316 3559 518 3608 νοντες,
541 3542 666 3596 οὔτε
694 3544 801 3615 μὴν
841 3544 1068 3609 ὀθνείοις
1095 3545 1427 3611 δανείζοντες
1447 3548 1547 3611 τὰς
1572 3549 1760 3620 ὀργὰς.
1784 3550 1898 3603 ἀλλ’

320 3634 463 3705 ὑπέρ
486 3651 551 3702 γε
577 3636 729 3704 σφῶν
759 3636 956 3699 αὐτῶν,
983 3637 1049 3688 ἵν’
1069 3638 1367 3708 εὐρυτέραν
1394 3638 1560 3709 ἔχωσι
1585 3641 1686 3712 τὴν
1700 3642 1895 3713 ἀρχὴν,

317 3724 412 3778 καὶ¹
468 3725 629 3796 μέχρι
698 3726 895 3780 πολλοῦ
952 3726 1237 3797 διήκοντας
1290 3733 1388 3800 τῆς
1444 3730 1721 3799 βασιλείας
1773 3732 1900 3795 τοὺς

312 3818 492 3887 ὅρους,
524 3816 968 3889 καταδῃωθείσης
1002 3818 1218 3890 ἁπάσης
1241 3824 1341 3891 τῆς
1380 3821 1636 3887 Ἰουδαίας
1664 3824 1786 3893 γῆς,
1805 3825 1899 3877 καὶ

311 3910 804 3981 ἀνατετραμμένων
830 3912 1064 3965 είσὰπαν
1100 3913 1211 3966 τῶν
1234 3913 1291 3980 ἐξ
1320 3915 1559 3986 Ἰσραὴλ,
1590 3915 1667 3979 ὡς
1692 3933 1896 3971 πεπον-

312 3999 466 4063 θότος
499 4000 636 4054 Θεοῦ
666 4002 728 4054 τὸ
760 4001 975 4067 ἄναλκι,
1012 4004 1105 4057 καὶ
1145 4003 1511 4075 ῆσθενηκότος
1541 4005 1758 4075 ἀληθῶς
1799 4008 1895 4060 τοῦ

310 4091 596 4155 διασώζειν
613 4094 1044 4164 ἐπηγγελμένον,
1069 4096 1163 4148 καὶ
1195 4097 1309 4160 τοῖς
1336 4096 1593 4167 πολεμεῖν
1618 4096 1897 4152 ἐθέλουσιν

310 4185 582 4238 ἀνάλωτον
612 4186 1024 4254 ἀποφαίνοντος.
1069 4188 1314 4253 Ἐλόντες
1352 4189 1418 4260 δὴ
1470 4185 1563 4243 οὖν
1605 4191 1702 4243 καὶ
1744 4182 1893 4245 οὗτοι

306 4276 406 4341 τὰς
460 4277 664 4346 πόλεις,
720 4281 1078 4352 καταμειδιᾷν
1124 4281 1448 4351 ἀπετόλμων
1483 4281 1577 4335 τοῦ
1619 4282 1890 4353 προασπί-

308 4367 491 4433 ζοντος
522 4369 677 4434 Θεοῦ,
711 4370 805 4423 καὶ
830 4373 941 4434 τοῖς
969 4371 1340 4444 ψευδωνύμως
1378 4372 1517 4437 θεοῖς
1548 4373 1790 4444 ἀνῆπτον
1822 4375 1891 4429 τὰ

308 4460 642 4531 χαριστήρια
692 4461 786 4514 καὶ
828 4462 969 4532 ᾠδὰς
1032 4464 1356 4527 ἐπινικίους.
1414 4465 1683 4536 Ταύτῃτοί
1726 4483 1889 4537 φησιν

306 4550 795 4622 ὲμπρησθήσεσθαι
823 4554 922 4624 τὴν
966 4554 1227 4609 Ῥαὸὅάθ.
1260 4558 1609 4627 Μητρόπολις
1652 4558 1708 4612 δὲ
1744 4558 1885 4630 αὕτη

2003 3388 2286 3429 scenorum
2321 3377 2649 3434 immanitas.
2687 3379 2817 3433 Nam
2842 3391 2898 3436 et
2928 3383 3028 3451 ipsi
3079 3393 3289 3438 uterum
3338 3385 3573 3442 ferentes

2000 3462 2404 3521 Galaaditarum
2440 3468 2833 3537 dissecueruut,
2870 3486 2975 3526 non
3004 3482 3062 3528 ut
3090 3474 3210 3529 aliis
3239 3476 3573 3545 Opitularen-

2002 3563 2123 3619 tur,-
2145 3572 2318 3624 neque
2356 3568 2410 3611 ut
2458 3559 2660 3614 exteris
2698 3561 2805 3615 iras
2844 3578 2972 3618 suas
3015 3567 3445 3631 commodarent,
3478 3570 3572 3623 sed

2000 3661 2095 3699 sua
2132 3647 2367 3715 ipsorum
2400 3664 2588 3716 causa,
2618 3659 2676 3705 ut
2716 3652 2973 3708 ditionem
3004 3654 3263 3710 haberent
3304 3656 3568 3723 latiorem,

2000 3746 2054 3791 et
2105 3739 2254 3809 regni
2295 3741 2376 3795 sui
2415 3741 2550 3798 lines
2599 3744 2807 3814 longius
2859 3746 3178 3814 proferrent.
3220 3756 3327 3803 tota
3385 3747 3570 3805 Iudaea

2000 3837 2226 3893 vastata,
2257 3838 2309 3883 et
2344 3832 2550 3886 eversis
2572 3832 2828 3888 lsraelitis
2858 3835 3125 3901 omnibus,
3150 3845 3205 3889 ut
3238 3835 3346 3890 Deo
3393 3837 3570 3891 imbe-

1998 3919 2106 3972 cilli
2140 3928 2198 3974 et
2230 3920 2523 3990 impotente
2556 3938 2641 3991 eo,
2688 3925 2777 3993 qui
2811 3926 3019 3994 seipsos
3048 3936 3386 3981 servaturum
3442 3940 3569 3995 pro-

1996 4011 2241 4078 miserat,
2270 4028 2336 4068 ac
2357 4029 2417 4069 se
2444 4015 2686 4070 hostibus
2716 4017 2828 4071 suis
2850 4018 3118 4085 captivum
3156 4020 3426 4072 tradente.
3458 4018 3567 4072 Ca-

1994 4102 2102 4172 ptis
2128 4104 2289 4173 igitur
2320 4113 2374 4159 et
2406 4106 2491 4161 liis
2521 4106 2851 4168 civitatibus,
2888 4106 3053 4160 Deum
3114 4116 3566 4177 propugnatorem

1994 4194 2223 4251 irridere
2268 4197 2385 4251 ausi
2426 4192 2570 4263 sunt,
2600 4198 2702 4253 diis
2735 4198 2884 4253 falsis
2912 4200 3116 4269 gratias
3141 4208 3379 4269 agentes,
3417 4209 3471 4253 et
3496 4199 3569 4252 vi-

1992 4288 2216 4342 ctoralia
2281 4289 2522 4343 carmina
2562 4291 2889 4345 accinentes.
2950 4291 3307 4358 Quamobrem
3359 4292 3562 4346 conﬂa-

1991 4389 2264 4449 graturam
2303 4381 2434 4435 dicit
2476 4380 2717 4436 Rabbatb
2770 4382 3104 4451 mctropolim
3150 4382 3383 4449 regionis
3434 4384 3565 4435 Am-

1994 4471 2281 4536 monitica2,
2315 4481 2370 4527 et
2393 4487 2514 4525 cum
2546 4472 2781 4526 clamore
2809 4472 3099 4540 perituram
3127 4489 3140 4525 :
3177 4486 3369 4541 nempe
3391 4470 3564 4543 Baby-

1992 4562 2150 4617 loniis
2180 4576 2329 4616 more
2359 4562 2577 4616 militari
2609 4561 2785 4616 laetum
2821 4566 2873 4616 in
2921 4562 3146 4616 victoria
3220 4560 3562 4617 vociferanti-

304 4642 403 4714 τῆς
444 4644 555 4697 τῶν
597 4645 942 4715 Ἀμμανιτῶν
978 4648 1096 4699 ἐστι
1141 4648 1344 4719 χώρας.
1390 4649 1780 4722 Ἀπολέ[ἴ]σθαι
1827 4651 1885 4703 δὲ

1999 4658 2110 4708 bus.
2164 4653 2381 4707 Subacti
2439 4662 2567 4707 sunt
2618 4654 2804 4718 enim,
2852 4650 3373 4707 Nabuchodonosore
3435 4652 3561 4707 totis

305 4735 475 4806 αὐτὴν
533 4736 674 4807 μετὰ
724 4738 991 4808 κραυγῆς,
1051 4740 1333 4805 τουτέστι,
1400 4741 1886 4806 καταλαλαζόντων

1999 4745 2163 4814 c0piis
2197 4745 2534 4798 Ammonitas
2573 4745 2903 4799 incursante.
2929 4743 3084 4797 lbunt
3132 4744 3294 4797 etiam
3338 4743 3557 4811 captivi,

306 4829 477 4898 αὐτῆς
524 4828 617 4881 τὸν
675 4829 771 4883 τοῦ
837 4830 1075 4901 πολέμου
1129 4833 1293 4903 νόμον
1342 4833 1455 4887 τῶν
1505 4834 1879 4889 Βαϐυλωνίων.

1999 4836 2203 4905 inquit,
2233 4850 2356 4890 cum
2392 4835 2726 4905 principibus
2762 4835 2984 4901 subditi,
3022 4842 3075 4890 et
3129 4850 3249 4889 cum
3286 4833 3389 4888 diis
3446 4834 3559 4888 suis

318 4921 588 4992 ᾘρήκασι
616 4921 726 4992 γὰρ
774 4922 930 4975 αὐτοὶ
968 4927 1333 4995 πανστρατιᾷ,
1374 4926 1733 4990 καταθέοντπ
1774 4927 1883 4981 τῶν

1999 4925 2241 4990 sacriﬁci,
2262 4924 2406 4981 nullo
2422 4925 2490 4980 ab
2528 4924 2593 4980 iis
2621 4924 2820 4980 auxilio
2868 4923 3056 4994 adjuti.
3080 4923 3219 4991 Quid
3273 4925 3415 4978 enim
3479 4922 3561 4975 fa-

318 5012 666 5082 Ἀμμανιτῶν
709 5013 803 5066 τοῦ
835 5013 1324 5087 Ναϐουχοδονόσορ.
1366 5017 1681 5072 Βαδιοῦνται
1703 5018 1760 5073 δὲ
1790 5022 1885 5074 καὶ

1999 5020 2119 5081 ciat,
2153 5018 2542 5090 aut'quomodo
2608 5018 2838 5088 cuipiam
2868 5016 3040 5089 prosit
3058 5018 3290 5072 surdum
3340 5015 3559 5071 simula-

304 5104 661 5173 αεχμάλωτονι,
686 5106 869 5175 φησιν,
899 5105 1034 5176 ὁμοῦ
1058 5110 1172 5172 τοῖς
1198 5110 1488 5180 κρατοῦσιν
1502 5112 1553 5163 οἱ
1570 5110 1674 5164 ὑπὸ
1700 5112 1877 5184 χεῖρα,
1956 5136 1959 5137 ν
1987 5127 2138 5168 crum
2162 5111 2187 5164 τ

305 5197 398 5249 καὶ
436 5200 549 5261 τοῖς
577 5198 726 5260 ἰδίοις
756 5199 896 5263 θεοῖς
920 5202 970 5254 οἱ
998 5203 1247 5273 ἱερᾶσθαι
1269 5204 1543 5276 λαχόντες,
1613 5205 1767 5260 οὐδὲν
1829 5208 1958 5279 παρ’
1995 5207 2217 5261 ἐκείνων
2264 5207 2477 5277 ἔχοντες
2528 5206 2608 5268 εἰς
2661 5205 2999 5276 ἐπικουρίαν.
3066 5204 3131 5256 Τί
3186 5202 3295 5275 γὰρ
3357 5201 3423 5255 ἂν
3470 5200 3558 5252 καὶ

302 5288 569 5360 δράσειεν,
604 5290 638 5361 ἢ
668 5291 785 5354 πῶς
811 5290 876 5344 ἂν
906 5293 1153 5362 όνήσοιτό
1199 5313 1351 5361 τινας
1390 5299 1610 5371 ἄγαλμα
1641 5298 1881 5370 κοῦφονς

387 5382 627 5436 Ἐοίκασι
682 5383 739 5437 δὲ
776 5384 868 5436 καὶ
909 5386 959 5437 οἱ
1004 5385 1113 5439 τῶν
1166 5389 1430 5461 αἱρέσεων
1479 5393 1881 5464 προεστηκότες
2045 5385 2434 5459 263$imiles
2453 5383 3522 5481 porrosunthaereslumpatroni,prmgnai

300 5473 415 5535 τοῖς
455 5473 816 5545 ἀνατέμνουσι
846 5477 946 5542 τὰς
979 5479 1209 5550 ἐχούσας
1239 5482 1296 5534 ἐν
1329 5484 1549 5554 γαστρὶ,
1591 5484 1739 5548 ὅπως
1775 5486 1877 5554 ἐμ-

1999 5495 2063 5534 es
2091 5480 2157 5531 ad
2189 5478 2321 5529 tiues
2344 5474 2641 5529 dilatandos
2666 5471 3076 5527 dissecantibus.
3114 5468 3183 5524 Ut
3202 5471 3344 5523 enim
3377 5472 3555 5525 multis

304 5561 701 5619 πλατύνωσιτὰ
729 5566 854 5637 ὅρια
890 5568 1088 5624 αὐτῶν.
1128 5571 1246 5624 Ἵνα
1280 5572 1389 5643 γὰρ
1415 5572 1710 5641 φαίνωνται
1748 5575 1879 5629 πολ-

1999 5582 2212 5624 )ηηοεεο
2267 5567 2571 5629 videantur,
2613 5564 2839 5619 miseras
2890 5565 3099 5617 animas
3130 5563 3177 5616 vi
3211 5563 3453 5631 adigunt,
3501 5570 3551 5616 et

303 5650 411 5707 λῶν
465 5655 785 5727 ἡγούμενοι,
844 5660 1262 5726 καταϐιάζονται
1306 5663 1485 5735 ψυχὰς
1530 5665 1741 5731 ἀθλίας,
1784 5666 1878 5721 καὶ

1999 5663 2266 5717 :crborum
2296 5657 2504 5713 fallacia
2533 5656 2685 5727 quasi
2712 5655 2933 5711 crudam
2965 5663 3018 5710 et
3042 5653 3382 5709 immaturam
3414 5654 3552 5723 ipsos

2045 5386 2205 5459 263
2220 5385 2434 5440 Similes
2453 5401 2613 5455 porro
2626 5396 2751 5439 sunt
2770 5385 3034 5438 haeresum
3048 5383 3538 5452 patroni,prmgnau

373 5826 422 5861 ³⁸
457 5828 590 5885 Gen.
615 5847 808 5897 xxxut,
846 5833 899 5886 ιι,
