4132 6370
517 442 626 500 455

1556 438 1614 494 S.
1653 433 1927 492 CYRILLI
1967 429 2437 489 ALEXANDBINI
2479 433 2804 490 ARCHlEP.

3699 424 3806 482 456

516 562 678 618 ﬁdem
705 558 930 618 abortiri
967 557 1195 624 faciunt,
1232 555 1516 630 loquentes
1569 557 1700 629 ipsis
1748 569 2006 628 perversa
2033 553 2101 622 ³¹,

2220 556 2328 618 ταῖς
2352 554 2418 606 ὲκ
2445 553 2622 624 λόγοιν
2662 554 2903 618 ἀπάταις
2933 551 3092 624 ὠμὴν
3128 549 3318 620 ὥσπερ
3354 545 3479 602 τινὰ
3545 542 3639 598 καὶ
3683 541 3810 597 ἀτε-

512 662 827 712 eructantes
865 653 932 709 de
981 652 1239 708 cordibus
1296 652 1432 716 suis,
1465 665 1570 709 non
1620 667 1687 706 ex
1726 665 1820 706 ore
1869 647 2103 704 Domini.

518 765 539 798 ι
578 744 750 800 Nemo
779 745 922 801 enim
977 743 1130 808 dicit,
1169 742 1428 799 Dominus
1469 739 1648 809 Jesus,
1677 741 1777 796 nisi
1814 741 1868 795 in
1897 738 2106 810 Spiritu

513 847 704 893 sancto
733 837 799 893 ³².
825 857 843 891 ι
881 835 989 894 Sed
1036 850 1214 908 neque
1242 835 1528 892 anathema
1566 834 1694 891 Jesu
1727 833 1876 899 dicit,
1917 832 2019 887 nisi
2053 830 2106 885 in

517 928 818 986 Beelzebub

1211 1216 1369 1274 CAP.
1407 1217 1472 1273 ll.

589 1313 885 1371 νειιιιΛ-ὅ.
921 1311 967 1366 11
974 1328 1048 1368 ιεσ
1064 1312 1192 1367 dicit
1224 1312 1490 1367 Dominus
1512 1326 1531 1365 :
1554 1308 1729 1378 Super
1745 1307 1915 1362 tribus
1933 1306 2112 1376 impie-

520 1408 720 1462 tatibus
759 1404 934 1473 Moab,
967 1415 1015 1459 et
1035 1421 1194 1476 super
1221 1415 1450 1475 quatuor
1476 1419 1580 1456 non
1607 1410 1901 1455 convertam
1919 1414 2028 1464 eos,
2051 1413 2112 1455 eo

517 1499 659 1567 quod
702 1496 1101 1552 combusserunt
1143 1511 1263 1550 ossa
1303 1495 1442 1564 regis
1485 1491 1738 1546 Idumazaz
1783 1490 1839 1544 in
1862 1489 2108 1543 cinerem.

522 1585 590 1641 Et
629 1589 830 1641 mittam
863 1589 1036 1657 ignem
1076 1586 1130 1641 in
1172 1584 1356 1651 Moab,
1391 1593 1441 1640 et
1468 1584 1734 1640 devorabit
1761 1582 2112 1653 fundamenta

523 1680 732 1733 urbium
779 1679 915 1750 ejus,
945 1687 996 1735 et
1040 1679 1297 1734 morietur
1330 1678 1386 1732 in
1438 1676 1752 1747 impotentia
1791 1673 2114 1739 Moab,cum

522 1787 646 1827 voce
699 1782 747 1826 et
800 1788 918 1825 cum
985 1771 1216 1826 clamore
1283 1769 1446 1826 tuba.
1516 1769 1588 1824 Et
1624 1768 1925 1838 disperdam
1960 1768 2114 1838 judi-

2215 645 2552 719 λεσφόρητον
2596 649 2781 712 αὐτοῖς
2808 647 2908 720 τὴν
2942 645 3127 700 πίστιν
3156 637 3586 712 ἀπαμὸλώσκειν
3623 649 3809 705 παρα-

2220 740 2569 805 σκευάζουσι,
2599 740 2887 804 λαλοῦντες
2914 739 3098 800 αύτοῖς
3116 734 3186 789 τὰ
3207 729 3633 805 διεστραμμένα,
3662 726 3809 796 ἐρευ-

2217 835 2440 906 γόμενοι
2460 852 2520 888 τε
2546 833 2616 888 τὰ
2647 833 2755 888 ἀπὸ
2785 832 3015 905 καρδίας
3043 827 3243 894 αὐτῶν,
3269 825 3370 880 οὐκ
3398 822 3506 877 ἀπὸ
3537 818 3808 888 στόματος

2219 927 2449 999 Κυρίου.
2487 947 2504 978 ι
2532 925 2693 993 Λέγει
2727 925 2837 996 γὰρ
2876 922 3074 988 οὐδεὶς,
3115 921 3198 975 ὅτι
3242 916 3446 988 Κύριος
3489 908 3716 980 Ἰησοῦς,
3757 908 3806 960 εί

2223 1019 2298 1091 μὴ
2334 1021 2391 1072 ἐν
2418 1019 2698 1088 Πνεύματι
2744 1018 2906 1088 ἁγίῳ,
2942 1035 2961 1068 ι
3008 1015 3123 1070 ἀλλ’
3163 1009 3286 1065 οὐδὲ
3315 1006 3564 1076 ἀνάθεμα
3606 999 3802 1074 Ἰησοῦ.

2221 1114 2268 1166 εἰ
2299 1111 2376 1184 μὴ
2405 1113 2462 1166 ἐν
2489 1109 2840 1174 Βεελζεϐούλ.

2824 1198 3081 1254 ΚΕΦᾹΛ.
3126 1194 3203 1248 B'.

2296 1293 2444 1350 Τάδε
2471 1293 2634 1364 λέγει
2663 1293 2879 1362 Κύριος
2898 1307 2913 1322 ο
2957 1289 3087 1344 Ἐπὶ
3116 1287 3248 1355 ταῖς
3276 1285 3476 1354 τρισὶν
3504 1281 3806 1346 ἀσεϐείαις

2217 1389 2416 1452 Μωὰϐ,
2451 1386 2549 1441 καὶ
2583 1384 2682 1438 ἐπὶ
2727 1383 2858 1449 ταῖς
2889 1381 3228 1456 τέσσαρσιν
3267 1380 3381 1434 οὐκ
3417 1370 3808 1442 ἀποστραφή-

2220 1497 2403 1548 σομαι
2461 1478 2705 1544 αὐτοὺς,
2762 1476 2893 1531 ἀνθ’
2943 1467 3031 1528 ὧν
3085 1471 3474 1527 κατέκαυσαν
3530 1466 3604 1521 τὰ
3655 1462 3809 1520 ὀστᾶ

2215 1568 2525 1638 βασιλέως
2556 1565 2894 1636 Ἰδουμαίας
2913 1567 3000 1632 εἰς
3023 1563 3257 1618 κονίαν.
3281 1559 3390 1616 Καὶ
3417 1553 3809 1624 ἐξαποστελῶ

2222 1663 2342 1733 πῦρ
2393 1662 2482 1726 εὶς
2538 1658 2739 1724 Μωάϐ,
2788 1657 2889 1711 καὶ
2945 1653 3346 1725 καταφάγεται
3399 1649 3642 1722 θεμέλια
3689 1645 3809 1700 τῶν

2222 1759 2459 1813 πόλεων
2514 1751 2725 1822 αὐτῆς,
2786 1751 2884 1805 καὶ
2945 1746 3330 1805 ἀποθανεῖται
3384 1744 3454 1798 ἐν
3507 1738 3809 1809 ἀδυναμίᾳ

523 1878 636 1918 cem
669 1878 734 1918 ιω
771 1879 855 1930 ea,
894 1870 944 1916 et
967 1877 1144 1916 omnes
1172 1861 1431 1931 principes
1462 1859 1581 1931 ejus
1615 1857 1931 1927 interﬁciam
1991 1872 2113 1911 cum

2221 1845 2422 1912 Μωὰϐ,
2454 1845 2607 1916 μετὰ
2643 1840 2848 1914 φωνῆς
2908 1840 3008 1896 καὶ
3045 1838 3198 1910 μετὰ
3243 1832 3510 1906 κραυγῆς
3552 1831 3808 1900 σάλπιγ-

521 1972 608 2022 sa,
639 1955 766 2010 dicit
793 1955 1076 2010 Dominus.

601 2219 740 2277 Xlll.
763 2218 1012 2276 Moabitae
1037 2217 1261 2289 insuper
1288 2233 1394 2273 non
1427 2215 1722 2288 vulgariter
1745 2215 1994 2270 scelerati
2016 2213 2114 2282 ipsi

525 2329 744 2387 quoque
776 2311 1246 2368 mansuetudinem
1270 2319 1325 2366 et
1351 2308 1673 2379 patientiam
1705 2307 1799 2364 Dei
1834 2306 2118 2362 universo-

526 2424 646 2464 rum
671 2407 784 2478 jam
823 2411 1238 2474 superaverant,
1268 2400 1470 2472 'quibus
1503 2400 1752 2457 criminis
1809 2399 1926 2454 loco
1979 2397 2117 2466 obji-

526 2497 672 2552 citur
717 2504 1000 2564 peccatum
1034 2493 1087 2548 in
1138 2501 1442 2548 mortuum.
1475 2491 1855 2547 Combussisse
1893 2503 1990 2544 eos
2042 2489 2121 2544 ait

524 2602 651 2644 ossa
685 2587 828 2658 regis
880 2585 1147 2650 Idumaeas,
1170 2594 1224 2640 et
1259 2584 1341 2640 sic
1393 2583 1784 2646 combussisse,
1819 2589 1879 2636 ut
1918 2583 1971 2636 in
2001 2588 2116 2635 ter-

528 2697 645 2736 ram
676 2695 741 2736 ac
768 2679 1048 2750 pulverem
1093 2679 1496 2748 redigerentur.
1530 2674 1671 2743 Quid
1709 2676 1875 2746 igitur
1938 2672 2121 2728 scelus

526 2773 1002 2838 hoc?odium,et
1055 2770 1446 2834 inhumanitas,
1502 2778 1558 2824 et
1612 2767 1875 2822 indomita
1932 2766 2122 2822 feritas

526 2878 718 2926 contra
768 2867 1059 2924 lsraclitas.
1106 2863 1402 2918 Combusta
1463 2861 1608 2916 enim
1669 2874 1792 2915 esse
1834 2857 2120 2914 memorati

528 2962 675 3033 regis
704 2977 827 3018 ossa
864 2975 972 3016 non
1002 2957 1073 3013 ob
1100 2954 1245 3012 aliud
1277 2953 1544 3025 quiSpiam
1604 2951 1922 3018 aliirmarit,
1955 2967 2135 3021 quam-

512 3057 600 3112 ~ob
635 3054 910 3111 lsraelitas
941 3060 1176 3106 tantum.
1216 3047 1407 3102 Notam
1436 3046 1721 3102 historiam
1747 3045 1936 3114 paucis
1989 3059 2117 3097 nar-

528 3148 682 3203 rabo.
723 3145 782 3202 ιιι
837 3153 1033 3216 quarto
1106 3139 1687 3212 Regulumandatum
1742 3146 1826 3194 est
1887 3137 2119 3200 litteris,

529 3247 743 3294 mortuo
783 3235 994 3303 Achab,
1026 3249 1206 3304 regem
1234 3229 1390 3288 Moab
1427 3229 1837 3301 praevaricatum
1867 3242 1988 3285 esse
2021 3227 2123 3282 ite-

527 3331 630 3388 dus
660 3330 804 3401 quod
830 3327 1063 3384 habebat
1091 3341 1214 3381 cum
1266 3339 1392 3394 rege
1433 3319 1830 3378 lsraelJoram
1886 3328 2064 3374 autem
2091 3335 2122 3374 e

531 3424 653 3480 Sarr
666 3422 781 3476 aria
825 3420 1039 3476 misisse
1060 3418 1128 3473 ad
1161 3415 1424 3487 Josapbat
1453 3427 1636 3486 regem
1662 3411 1798 3468 Juda
1848 3411 2122 3476 nuntium,

531 3516 586 3570 in
618 3516 738 3571 haec
768 3514 964 3569 verba:
989 3530 1008 3565 ι
1055 3510 1173 3566 Rex
1202 3507 1360 3564 Moab
1404 3505 1789 3578 przevaricatus
1814 3512 1899 3559 est
1927 3503 1980 3558 in
2015 3518 2122 3556 tne.

531 3609 590 3666 Si
631 3609 735 3666 ibis
762 3622 975 3663 mecum
1003 3614 1196 3662 contra
1225 3602 1378 3657 Moab
1406 3601 1474 3656 ad
1497 3599 1782 3672 praelium?
1806 3597 1873 3652 Et
1897 3611 2123 3667 respon-

532 3704 650 3758 dit:
701 3700 1029 3756 Ascendam.
1070 3697 1136 3750 Et
1163 3695 1298 3750 abiit
1323 3708 1414 3748 rex
1448 3691 1636 3756 Israel,
1664 3699 1718 3743 et
1760 3704 1853 3743 rex
1880 3686 2040 3751 Juda,
2067 3696 2124 3741 et

536 3809 632 3848 rex
684 3791 852 3847 Edom
883 3789 953 3844 ⁸⁸.
981 3807 1000 3840 ι
1032 3785 1329 3842 Considera
1356 3784 1522 3854 igitur
1547 3783 1819 3852 quomodo
1854 3796 1978 3835 cum
2036 3795 2122 3833 re-

532 3886 687 3955 gibus
742 3883 863 3938 istis
919 3879 1084 3936 etiam
1128 3892 1228 3934 rex
1268 3875 1460 3941 Edom,
1513 3875 1567 3929 id
1601 3882 1686 3930 est
1738 3874 2000 3938 ldumaeae,
2032 3889 2124 3926 ar-

536 3992 622 4031 ma
687 3971 992 4030 sm-iaverit.
1056 3969 1393 4025 Laborantes
1432 3977 1614 4022 autem
1677 3981 1831 4036 aqua:
1874 3966 2122 4034 penuria,

532 4067 902 4124 accersierunt
935 4063 1187 4117 Elisaaum
1208 4101 1223 4126 ,
1255 4065 1506 4130 rogantes
1557 4066 1616 4112 ut
1647 4057 1871 4110 daretur
1905 4055 2036 4124 ipsis
2091 4072 2121 4108 a

537 4158 764 4216 Domino
790 4155 934 4227 quod
965 4153 1240 4224 petebant.
1283 4151 1404 4217 Quo
1437 4147 1609 4213 facto,
1632 4145 1879 4202 Moabitae
1929 4146 1982 4200 in
2029 4161 2123 4214 po-

534 4259 785 4305 testatem
830 4253 1117 4311 venerunt,
1153 4239 1318 4313 264
1354 4249 1413 4294 ut
1440 4238 1581 4295 inira
1629 4239 1936 4310 exponitur.
1995 4239 2122 4296 lrati

533 4357 662 4412 ergo
685 4340 930 4396 Moabitae
966 4335 1250 4401 lsraelitis,
1277 4352 1306 4387 a
1329 4333 1527 4402 quibus
1565 4331 1695 4387 olim
1745 4333 1872 4387 victi
1917 4344 2120 4402 essent,

535 4431 704 4487 Edom
745 4444 873 4499 rege
911 4427 1042 4498 ipsis
1067 4439 1223 4495 opem
1255 4422 1480 4487 ferente,
1509 4420 1766 4491 quoniam
1796 4421 2120 4491 laederejam

533 4534 777 4579 mortuos
826 4518 1145 4590 nequibant,
1182 4517 1290 4570 alia
1323 4515 1532 4569 ratione
1557 4522 1852 4583 peccarunt
1901 4514 1957 4569 in
1999 4515 2124 4570 reli-

533 4617 711 4689 quias,
745 4618 868 4684 igne
896 4627 992 4668 eas
1031 4611 1378 4666 absumentes
1410 4617 1464 4662 et
1508 4619 1683 4676 neque
1737 4604 1952 4674 ossibus
1997 4623 2124 4676 par-

509 4714 516 4721 '
535 4721 744 4774 centes,
762 4717 925 4776 atque
949 4705 1020 4759 ita
1043 4701 1300 4759 lsraelitis
1323 4699 1563 4755 funditus
1582 4715 1612 4754 a
1636 4713 1698 4754 se
1719 4699 1935 4768 deletis,
1955 4701 2119 4756 etiam

537 4803 774 4871 ipsorum
809 4797 1097 4867 aliquando
1153 4796 1359 4849 socium
1391 4791 1722 4860 adjecerunt.
1753 4791 1934 4858 Quare
1986 4807 2122 4848 exu-

535 4905 674 4949 stum
719 4891 780 4946 iri
817 4890 949 4945 dicit
984 4889 1143 4942 urbes
1175 4887 1516 4955 ipsorum,et
1571 4885 1714 4952 ipsos
1741 4884 2011 4954 perituros
2061 4884 2118 4939 in

537 4983 874 5055 impotentia,
908 4997 1016 5036 non
1044 4978 1234 5034 morbo
1268 4978 1582 5040 exhaustos,
1615 4993 1714 5032 nec
1739 4977 2122 5032 communibus

537 5073 996 5133 invaletudinibus
1024 5071 1482 5137 contabefactos,¢
1518 5070 1766 5130 sedcum
1807 5068 2046 5124 clamore
2064 5079 2120 5124 et

537 5185 669 5226 voce
735 5169 898 5231 tubae,
943 5184 962 5217 ι
1000 5164 1107 5220 hoc
1151 5172 1254 5228 est,
1301 5162 1446 5217 sicut
1497 5160 1553 5215 in
1580 5160 1720 5215 bello
1749 5169 1804 5214 ct
1845 5159 2118 5216 conﬂictu.

455 5325 464 5333 _
534 5261 750 5318 Judices
781 5272 996 5331 quoque
1013 5266 1067 5313 et
1096 5255 1370 5326 principes
1402 5268 1509 5308 una
1534 5268 1656 5308 cum
1695 5253 1924 5307 subditis
1963 5253 2128 5307 inter-

536 5357 708 5411 itnros
743 5355 996 5409 minatur.
1038 5351 1114 5404 Illi
1137 5350 1334 5419 quippe
1374 5345 1531 5413 hujus
1565 5344 1775 5400 consilii
1818 5353 1873 5399 et
1927 5344 2127 5413 incepti

536 5457 810 5512 auctores,
833 5454 888 5500 et
937 5443 1103 5497 totius
1159 5435 1454 5509 impietatis
1480 5434 1601 5492 aliis
1653 5435 1809 5505 plane
1871 5449 2127 5490 suasores

537 5537 772 5594 fuerunt.

2145 1923 2343 2015 Βγος.
2398 1940 2509 1996 Καὶ
2572 1935 2989 2006 ἑξολοθρεύσω
3044 1931 3259 2002 κριτὴν
3308 1928 3377 1994 ἐξ
3434 1924 3655 1994 αὐτῆς,
3707 1923 3808 1977 καὶ

2217 2013 2452 2100 πάντας
2470 2031 2614 2099 τοὺς
2631 2029 2930 2100 ἄρχοντας
2944 2021 3256 2082 ἀποκτενῶ
3273 2020 3399 2092 μετ’
3414 2015 3628 2086 αὐτῆς,
3647 2013 3810 2087 λέγει

2217 2133 2454 2200 Κύριος.

2290 2199 2390 2276 ll".
2429 2218 2720 2277 Μωαϐῖται
2760 2214 2924 2268 πάλιν
2958 2208 3416 2280 δεδυσσεϐἡκασιν
3455 2203 3515 2258 ού
3550 2199 3804 2273 μετρίως,

2216 2316 2293 2383 ὼς
2323 2314 2584 2369 ἐπέκεινα
2613 2308 2800 2365 λοιπὸν
2829 2307 2924 2362 καὶ
2963 2303 3164 2366 αὐτοὺς
3198 2301 3393 2354 ὲλᾶσαι
3437 2296 3539 2366 τῆς
3584 2291 3809 2383 ὲνούστις

2216 2381 2559 2479 ἡμερότητος
2593 2419 2654 2454 τε
2685 2401 2782 2454 καὶ
2823 2393 3176 2465 ἀνεξικακίας
3207 2389 3286 2462 τῷ
3327 2389 3438 2442 τῶν
3481 2386 3620 2440 ὅλων
3654 2381 3794 2452 Θεῷ.

2233 2475 2547 2566 ἱΕπίκλημα
2580 2493 2638 2547 δὲ
2674 2492 2858 2553 αὐτοῖς
2896 2491 2932 2558 ἡ
2969 2487 3050 2550 είς
3093 2483 3289 2555 νεκρὸν
3319 2478 3587 2552 ἁμαρτία,
3621 2475 3682 2528 τὸ
3713 2476 3812 2544 ὲμ-

2222 2592 2454 2663 πρῆσαι,
2482 2586 2723 2658 φησι,τά
2753 2583 2888 2637 ὀστᾶ
2909 2580 3003 2636 τοῦ
3034 2577 3299 2651 βασιλέως
3327 2573 3431 2644 τῆς
3473 2567 3807 2641 Ἰδουμαίων·

2221 2684 2506 2756 ἐμπρῆσαι
2563 2678 2620 2732 δὲ
2691 2674 2906 2741 οὕτως,
2961 2673 3038 2738 ὡς
3085 2667 3459 2739 κατισχνῶσαι
3507 2663 3692 2718 λοιπὸν
3732 2663 3811 2723 είς

2220 2750 2357 2848 χοῦν
2372 2750 2470 2830 καὶ
2501 2774 2709 2828 κονίαν.
2745 2770 2810 2824 Τί
2841 2767 3025 2822 τοίνυν
3053 2763 3116 2818 τὸ
3142 2761 3433 2832 ἕγκλημα;
3475 2757 3671 2819 Μῖσος.
3717 2750 3816 2806 καὶ

2222 2845 2612 2940 άπανθρωπία,
2659 2863 2757 2918 καὶ
2788 2860 3044 2932 ἀχάλινος
3085 2855 3350 2925 ἀγριότης
3399 2847 3544 2904 κατά
3588 2845 3714 2940 τῶν-
3744 2845 3804 2911 ἐξ

2236 2938 2476 3035 Ἰσραήλ.
2523 2953 2946 3030 Ἐμπεπρῆσθαι
2983 2950 3091 3023 γὰρ
3140 2950 3239 3018 οὐχ
3283 2946 3474 3016 ἑτέρου
3520 2958 3614 2995 του
3651 2938 3818 3011 χάριν

2221 3057 2292 3112 τὰ
2316 3031 2418 3109 τού
2453 3048 2918 3126 μνημονευθέντος
2955 3041 3218 3117 βασιλέως
3257 3039 3396 3093 ὀστᾶ
3431 3035 3577 3126 φαίηῌ
3595 3051 3682 3097 τις
3723 3031 3814 3096 ἂν,

2222 3149 2254 3221 ἤ
2298 3122 2647 3219 μόνον-ἓνεκα
2673 3141 2782 3196 τῶν
2808 3139 2868 3206 ἐξ
2915 3135 3152 3209 Ἰσραήλ.
3215 3131 3371 3202 Σαφῆ
3413 3129 3470 3183 δὲ
3519 3122 3683 3182 οὖσαν
3711 3126 3812 3196 τὴν

2149 3284 2191 3340 C
2229 3218 2472 3312 ἱστορίαν
2512 3237 2602 3292 διὰ
2626 3233 2899 3340 βραδέων
2923 3231 3302 3336 ἀηφηγείγσομαι.
3341 3222 3435 3340 LBV
3451 3224 3546 3340 ἐτῇο
3577 3218 3816 3340 τεὲάρτῃ

2224 3311 2540 3402 γέγραπται
2585 3327 2694 3381 τῶν
2739 3322 3056 3387 Βωιλεῶν,
3102 3321 3186 3374 ὅτι
3231 3316 3370 3390 μετὰ
3417 3314 3480 3369 τὸ
3523 3311 3814 3367 ἀποθανεῖν

2241 3421 2465 3494 ’Λχαά6,
2492 3419 2729 3492 ἡθέτησε
2772 3414 2953 3472 Μωὰϐ
3009 3413 3068 3466 ὲν
3113 3410 3322 3483 βασιλεῖ
3375 3403 3610 3479 Ἰσραήλ.
3663 3404 3724 3458 Ὃ
3753 3402 3815 3456 δὲ

2236 3493 2426 3581 Ἰωράν
2455 3510 2522 3564 ἐκ
2550 3505 2866 3578 Σαμαρείας
2894 3502 3183 3559 ἀπέστειλε
3228 3499 3364 3572 πρὸς
3412 3494 3680 3566 Ἰωσαφὰτ
3721 3493 3815 3566 βα·

2225 3603 2380 3659 σιλέα
2425 3599 2598 3657 Ἰούδα
2617 3618 2631 3632 ο
2671 3619 2689 3652 ι
2725 3597 2987 3662 Βασιλεὺς
3008 3594 3183 3652 Μωὰϐ
3210 3593 3475 3665 ἠθέτησεν
3501 3593 3558 3644 ὲν
3581 3588 3720 3660 ἐμοί.
3749 3586 3815 3640 El

2223 3695 2472 3768 πορεύσῃ
2500 3695 2617 3766 μετ’
2654 3693 2790 3766 ἐμοῦ
2822 3693 2914 3746 ἐπὶ
2946 3689 3121 3746 Μωάὄ
3156 3691 3238 3753 είς
3279 3686 3554 3757 πόλεμονς
3595 3683 3705 3737 Καὶ
3742 3675 3815 3732 εἷ-

2222 3806 2347 3842 πεν·
2394 3786 2785 3858 Ἀνασήσομαι.
2814 3785 2922 3838 Καὶ
2943 3782 3214 3855 ἐπορεύθη
3257 3782 3286 3834 ὁ
3329 3779 3580 3850 βασιλεὺς
3622 3773 3812 3837 Ἰούδα,

2223 3882 2321 3938 καὶ
2358 3882 2388 3935 ὁ
2433 3878 2685 3951 βασιλεὺς
2741 3874 2983 3948 Ἰσραὴλ,
3025 3875 3122 3928 καὶ
3159 3873 3188 3925 ὀ
3237 3871 3489 3943 βασιλεὺς
3549 3864 3748 3936 Ἐδὼμ,
3787 3883 3811 3916 s

2228 3974 2423 4048 'AOpet
2455 3972 2521 4045 δὴ
2553 3968 2648 4026 οὖν
2673 3972 2824 4034 ὅπως
2847 3965 3223 4030 συνωπλίζετο
3256 3966 3372 4028 τοῖς
3413 3959 3690 4032 βασιλεῦσι
3721 3958 3816 4012 καὶ

2221 4069 2253 4123 ὁ
2291 4047 2549 4137 βασιλεὺς
2582 4060 2782 4133 Ἐδὼμ,
2807 4058 3077 4122 τουτέστι,
3101 4057 3200 4128 τῆς
3231 4052 3558 4125 Ἰδουμαίας.
3597 4047 3814 4120 Ἐπειδὴ

2221 4157 2282 4215 δὲ
2311 4152 2453 4230 ἦσαν
2482 4153 2691 4209 ὑδάτων
2718 4154 2776 4207 ὲν
2817 4150 3034 4214 σπάνει,
3067 4146 3481 4220 μετεπέμποντο
3504 4140 3594 4196 τὸν
3641 4138 3816 4195 Ἐλισο

2224 4251 2400 4315 σαῖον,
2423 4248 2520 4303 καὶ
2547 4243 2896 4319 παρεκάλουν
2934 4241 3155 4314 δοθῆναι
3185 4239 3336 4312 παρά
3357 4236 3494 4292 Θεοῦ
3533 4235 3594 4290 τὸ
3628 4231 3818 4304 ζητούο

2227 4354 2409 4412 μενον.
2442 4330 2517 4392 Οὔ
2542 4335 2607 4406 δὴ
2635 4333 2945 4404 γεγονότος,
2970 4333 3191 4404 ἥλωσαν
3217 4329 3530 4392 Μωαϐῖται,
3559 4324 3705 4380 καθά
3728 4323 3817 4392 γέ·

2223 4446 2468 4502 γραπται
2511 4426 2630 4499 μεθ’
2671 4425 2854 4497 ἕτερα.
2914 4421 3344 4495 Ἐπιμηνιῶντες
3387 4419 3567 4472 τοίνυν
3611 4417 3662 4470 οἱ
3704 4415 3815 4469 ἀπὸ

2224 4521 2401 4578 Μωάὸ
2438 4521 2521 4574 ὅτι
2567 4519 2886 4590 νενικήκασι
2922 4515 3066 4570 κατὰ
3112 4513 3339 4586 καιροὺς
3383 4514 3431 4565 οἱ
3467 4510 3528 4575 ἐξ
3575 4506 3809 4581 Ἰσραὴλ,

2230 4611 2605 4684 ἐπαμύνοντος
2648 4610 2835 4672 αὐτοῖς
2881 4608 2980 4662 καὶ
3018 4604 3405 4673 συνεξάγοντος
3427 4600 3522 4654 τοῦ
3548 4597 3812 4671 βασιλέως

2240 4703 2440 4776 Ἐδὼμ,
2469 4700 2658 4771 ἐπειδὴ
2717 4698 3027 4754 τεθνεώτων
3055 4699 3246 4752 λυπεῖν
3286 4696 3385 4750 οὐκ
3417 4689 3586 4764 εἶχον,
3609 4690 3813 4762 ἑτέρως

2226 4793 2769 4866 πεπλημμελὴκασιν
2804 4792 2885 4854 είς
2912 4789 2974 4843 τὸ
3005 4788 3279 4858 λείψανον,
3304 4784 3438 4858 πυρὶ
3464 4780 3810 4843 δαπανῶντες

2227 4886 2412 4951 αὑτὸν,
2439 4886 2534 4939 καὶ
2566 4883 2704 4954 μηδὲ
2739 4882 2913 4936 ὀστῶν
2937 4881 3017 4934 έτι
3061 4879 3390 4950 φειδόμενοι,
3429 4873 3810 4948 προστιθέντες

2223 4979 2285 5033 δὲ
2315 4977 2505 5048 ὥσπερ
2531 4974 2962 5047 ὠλοθρευμένοις
3000 4975 3110 5037 τοῖς
3139 4971 3199 5040 ἐξ
3232 4969 3446 5044 Ἰσραὴλ
3477 4969 3569 5024 τὸν
3592 4967 3810 5022 ἐπίκου-

2229 5089 2323 5144 ρον
2359 5071 2542 5132 αύτοῖς
2580 5067 2842 5138 γεγονότα
2877 5068 3019 5121 κατὰ
3059 5064 3307 5137 καιρούς.
3352 5061 3561 5117 Οὐκοῦν
3601 5064 3810 5132 ἐμπρηο

2229 5162 2528 5236 σθήσεσθαί.
2551 5179 2683 5231 φησι
2702 5160 2802 5224 τὰς
2824 5159 3006 5222 πόλεις
3027 5158 3228 5221 αὐτῶν,
3257 5157 3350 5211 καὶ
3372 5155 3570 5218 αὐτοὺς
3598 5153 3654 5206 δὲ
3684 5153 3811 5206 ἁπο-

2223 5253 2436 5309 λεῖσθαι
2480 5254 2538 5304 ἐν
2576 5248 2870 5321 ἀδυναμίᾳ,
2906 5250 2965 5302 ού
3007 5246 3148 5319 νόσῳ
3195 5244 3646 5318 μαραινομένους,
3690 5241 3809 5294 οὐδὲ

2222 5347 2345 5408 ταῖς
2369 5345 2576 5406 κοιναῖς
2632 5338 2944 5402 ἀσθενείαις
2985 5338 3445 5408 ἐκκετηγμένους,
3495 5333 3631 5386 ἀ).λά
3671 5331 3809 5402 μετὰ

2223 5439 2474 5511 κραυγῆς
2537 5436 2632 5490 καὶ
2681 5431 2822 5505 μετὰ
2888 5432 3073 5502 φωνῆς
3132 5430 3452 5499 σάλπιγγος,
3505 5425 3806 5491 τουτέστιν,

2224 5529 2301 5593 ὡς
2330 5530 2388 5581 ὲν
2434 5527 2657 5598 πολέμῳ
2685 5525 2779 5579 καὶ
2808 5523 2977 5595 μάχῃ·
3016 5523 3231 5576 ἀπειλεῖ
3255 5522 3332 5587 δὲ,
3371 5523 3454 5575 ὅτι
3494 5517 3679 5589 κριταὶ
3713 5513 3808 5570 καὶ

534 5635 794 5707 ἄρχοντες
829 5631 1254 5689 συναπολοῦνται
1276 5627 1464 5701 [μετὰ]
1488 5625 1598 5682 τῶν
1629 5625 2095 5697 ὑπεστρωμένων.
2119 5625 2285 5679 Αὐτοὶ
2313 5624 2419 5698 γὰρ
2443 5620 2612 5698 ἦρχον
2646 5621 2842 5694 βουλῆς
2865 5621 2958 5674 καὶ
2992 5619 3431 5694 ἐγχειρημάτων,
3458 5617 3665 5688 καὶτῆς
3679 5616 3809 5688 ὅλης

531 5725 847 5790 δυσσεὸείας
897 5725 1114 5788 πάντως
1161 5741 1263 5776 που
1309 5721 1564 5790 γεγόνασι
1615 5721 1727 5784 τοῖς
1776 5718 1956 5782 ἄλλοις
2004 5719 2312 5790 είσηγηταί.

601 5917 639 5948 ³·
691 5909 808 5970 Act,
849 5924 935 5972 xx,
979 5907 1070 5963 5“.
1144 5904 1187 5937 ³²
1228 5904 1243 5958 l
1287 5905 1407 5960 (lor.
1447 5919 1543 5970 xu,
1586 5902 1638 5955 3.
1718 5899 1762 5931 ³³
1797 5897 1860 5954 ιν
1906 5897 2038 5969 Reg.
2084 5898 2311 5966 111,7-9.
