4132 6370
358 398 463 454 δεῖ

1312 408 1864 469 COMMENTARIUS
1900 413 1968 469 ΙΝ
2006 415 2198 471 AMOS
2232 416 2672 475 PROI‘IIETAM.

3520 424 3624 481 453

436 514 581 609 Τάδε
614 516 779 609 λέγει
802 520 1048 587 Κύριος·
1101 521 1232 576 Ἐπί
1262 525 1391 592 ταῖς
1421 528 1620 595 τρισίν
1642 530 1942 598 ἀσεϐείαις

2118 533 2286 590 Vens.
2323 536 2378 599 4,
2414 536 2466 591 5.
2527 535 2653 590 "(cc
2709 538 2833 590 dicit
2899 537 3189 593 Dominus:
3230 539 3397 609 Super
3461 542 3624 593 tribus

357 603 507 659 υἱῶν
534 606 745 670 Ἰούδα,
764 609 863 663 καί
878 612 974 665 ἐπὶ
990 613 1119 678 ταῖς
1135 614 1492 685 τέσσαρσιν,
1512 621 1624 674 οὐκ
1640 621 1943 691 ἀποστρα-

357 698 628 769 ρήσομαι
657 701 903 768 αὐτοὺς,
941 704 1150 759 ἕνεκεν
1188 708 1293 762 τοῦ
1331 710 1689 769 ἀπώσασθαι
1718 715 1942 781 αὐτοὺς

356 789 464 843 τὸν
487 794 676 861 νόμον
699 796 941 863 Κυρίου,
964 799 1147 855 καὶτὰ
1178 802 1606 873 προστάγματα
1620 807 1807 861 αὐτοῦ
1827 810 1941 863 οὐκ

354 884 761 953 ἐφυλάξαντο,
779 889 878 941 καί
893 889 1253 958 ἐπλάνησαν
1265 896 1489 962 αὐτοὺς
1511 896 1584 950 τὰ
1590 898 1813 967 μάταια
1830 901 1940 954 αὑ-

356 975 493 1037 τῶν,
530 976 567 1031 d
599 978 917 1047 ἐποίησαν,
949 980 1040 1048 οἷς
1065 982 1563 1053 ἑξηκολούθησαν
1592 990 1648 1042 οἱ
1688 990 1942 1057 πατέρες

355 1070 556 1123 αὐτῶν
593 1072 790 1126 ὀπίσω
826 1073 1049 1129 αὐτῶν.
1091 1076 1201 1131 Καὶ
1250 1078 1640 1142 ἐξαποστελῶ
1689 1082 1807 1152 πῦρ
1840 1084 1940 1138 ἐπὶ

370 1161 579 1229 Ἰούδα,
622 1164 723 1218 καὶ
765 1166 1165 1237 καταφάγεται
1222 1170 1467 1241 θεμέλια
1519 1173 1939 1246 Ἰερουσαλήμ.

429 1301 526 1354 IA'.
566 1301 1076 1373 Προσεπενήνεκται
1115 1309 1228 1370 τοῖς
1276 1307 1501 1378 ἀνόμοις
1538 1308 1716 1363 ἔθνεσι
1768 1311 1863 1365 καὶ¹
1913 1312 1943 1364 ὁ

356 1393 508 1464 νόμῳ
567 1394 1083 1467 παιδαγωγούμενος
1146 1397 1344 1463 Ἰούδας
1367 1416 1381 1432 ·
1434 1402 1943 1474 ἀπροσωπόληπτος

356 1484 466 1555 γὰρ
498 1486 526 1538 ό
552 1486 764 1555 κριτής.
808 1486 931 1540 Ὅτι
962 1487 1019 1540 δὲ
1063 1488 1490 1559 πλημμελοῦντα
1518 1491 1799 1563 ἠνέσχετο,
1846 1493 1942 1547 καὶ

355 1575 745 1647 διεκαρτέρησε
780 1579 987 1649 μακρὰ,
1018 1578 1097 1649 τῷ
1132 1580 1227 1633 ἐπὶ
1268 1580 1430 1653 τρίτῃ
1478 1582 1633 1652 μόλις
1694 1584 1942 1655 ἁμαρτίᾳ

358 1668 453 1721 καὶ
483 1666 588 1737 μὴν
611 1668 705 1721 καὶ
729 1669 965 1743 τετάρτῃ
986 1671 1309 1742 κεκινῆσθαι
1342 1673 1509 1743 δηλοῖ.
1552 1674 1745 1728 Καίτοι
1770 1675 1941 1747 ὲχρῆν

354 1763 552 1833 δήπου,
581 1763 725 1816 κατά
751 1780 813 1832 γε
845 1764 904 1817 τὸ
930 1764 1097 1831 εἰκὸς,
1122 1768 1234 1829 τοῖς
1257 1766 1355 1836 μὲν
1373 1766 1553 1831 ἄλλοις
1581 1766 1811 1833 ἔθνεσιν,
1848 1768 1944 1823 ἅτε

354 1855 420 1926 δὴ
453 1854 543 1909 τὸν
574 1855 717 1908 θεῖον
746 1857 846 1909 οὐκ
870 1855 1054 1927 ἔχουσι
1080 1857 1267 1928 νόμον,
1295 1858 1781 1932 ἀμφιλαφεστέραν
1808 1861 1942 1915 ἀπο-

356 1947 541 2018 νέμειν
567 1948 667 2017 τὴν
694 1947 1029 2019 ἡμερότητα,
1053 1947 1150 2001 καὶ
1178 1948 1239 2001 τὸ
1265 1948 1363 2019 τῆς
1394 1950 1724 2021 συγγνώμης
1748 1951 1937 2005 ἐπιδα-

354 2038 671 2107 ψιλεύεσθαι
729 2039 927 2109 μῆκος,
981 2039 1214 2104 ἐξαιτεῖν
1262 2040 1321 2093 δὲ
1367 2042 1468 2111 τῆς
1518 2042 1792 2113 ῥᾳθυμίας
1836 2044 1938 2108 τὰς

354 2132 510 2195 δίκας
561 2133 906 2204 παραχρῆμα
950 2132 1044 2186 τὸν
1084 2132 1323 2205 Ἰσραὴλ,
1370 2133 1466 2187 διτε
1516 2134 1579 2205 δὴ
1626 2136 1721 2189 καὶ
1784 2137 1935 2189 ἐντε-

355 2224 670 2296 θραμμένον
696 2228 809 2289 τοῖς
840 2226 1004 2289 θείοις
1037 2226 1359 2296 ἐντάλμασι,
1396 2227 1491 2280 καὶ
1524 2228 1637 2299 τὴν.
1671 2228 1939 2298 τοῦπσυμ-

357 2318 612 2389 φέροντος
645 2319 745 2371 οὐκ
769 2319 1077 2389 ἠγνοηκότα
1116 2320 1322 2391 τρίϐον.
1372 2320 1511 2374 Ἀλλ’
1543 2321 1800 2392 ἠνέσχετο
1844 2323 1941 2375 καὶ

354 2411 463 2464 τῶν
492 2411 707 2465 εἰδότων
735 2411 828 2464 τὸν
860 2412 1042 2482 νόμον,
1075 2411 1151 2476 ὡς
1204 2412 1279 2485 μὴ
1324 2413 1663 2481 ἐγνωκότων.
1717 2411 1965 2483 Ἐπειδὴ,

354 2506 411 2558 δὲ
454 2506 535 2568 είς
570 2503 727 2574 λῆξιν
773 2504 873 2576 ἤδη
915 2504 1250 2575 φαυλότητος
1300 2505 1397 2559 καὶ
1426 2503 1703 2575 λογισμῶν
1749 2504 1939 2557 σκαιόέ

356 2613 518 2667 τητος
570 2596 1046 2666 ἀπενηνεγμένους
1096 2596 1391 2650 κατεθεᾶτο
1434 2594 1796 2659 λοιπδνμτότε
1846 2596 1940 2647 καὶ

358 2688 542 2751 αὐτοῖς
573 2689 684 2751 τοῖς
728 2688 1120 2760 Ἰεροσολύμοις
1158 2689 1321 2761 φησὶν
1361 2690 1669 2761 ἐπαφήσειν
1713 2688 1779 2741 τὸ
1805 2686 1938 2760 πῦρ,

361 2781 456 2833 καὶ
491 2780 686 2852 μέχρις
720 2780 899 2835 αὐτῶν
928 2781 1233 2853 δαπανῆσαι
1262 2780 1475 2854 βάθρων
1513 2781 1612 2853 τὴν
1640 2781 1783 2834 οὕτω
1803 2780 1943 2851 λαμ-

361 2872 506 2942 πράν
520 2890 579 2925 τε
599 2872 692 2926 καὶ
725 2872 1066 2944 περιώνυμον
1098 2874 1273 2927 πόλιν.
1308 2873 1421 2927 Καὶ
1451 2872 1679 2926 πλεῖστα
1714 2873 1813 2943 μὲν
1840 2873 1956 2926 ὅσα.

360 2966 469 3019 τῶν
502 2964 563 3030 ἐξ
618 2964 833 3036 Ἰσραὴλ
873 2965 943 3018 τὰ
975 2964 1316 3036 ἐγκλήματα,
1353 2964 1589 3035 μάλιστα
1631 2963 1689 3017 δὲ
1722 2964 1942 3017 πάντων

362 3058 674 3110 ἐπαιτιᾶται
706 3054 855 3117 Θεὸς
877 3055 939 3109 τὸ
980 3059 1099 3119 ταῖς
1133 3055 1532 3126 τῶνπατέρων
1575 3055 1942 3125 ὲπακολουθῆέ

2046 626 2400 693 impietatibus
2448 628 2682 695 ﬁliorum
2720 627 2889 693 Juda,
2940 638 2989 683 et
3036 646 3194 699 super
3239 641 3469 702 quatuor
3524 649 3623 687 non

2044 730 2336 773 convertam
2370 737 2481 784 eos,
2508 737 2568 775 eo
2593 722 2732 791 quod
2765 723 3062 792 abjecerunt
3100 726 3202 793 ipsi
3241 725 3405 794 legem
3438 725 3595 778 Domi

2044 812 2204 875 ui,et
2262 823 2516 880 pracepta
2570 813 2683 882 ejus
2747 832 2848 867 non
2900 816 3279 882 custodierunt,
3325 828 3373 869 et
3421 818 3625 879 decepe-

2046 914 2165 955 runt
2208 920 2294 957 eos
2329 920 2463 957 vana
2499 921 2679 959 eorum
2710 922 2828 975 qua:
2857 906 3116 975 fecerunt,
3147 926 3265 979 qua:
3313 909 3477 962 secuti
3505 920 3623 962 sunt

2044 1005 2216 1065 patres
2261 1012 2442 1049 eorum
2483 1006 2682 1065 postea.
2729 997 2797 1051 Et
2828 1001 3034 1052 mittam
3062 1002 3232 1069 ignem
3282 1002 3334 1055 in
3373 1001 3541 1069 Iuda,
3578 1017 3619 1054 ei

2044 1088 2311 1142 devorabit
2348 1088 2693 1158 fundamenta
2714 1090 3029 1148 Jerusalem.

2116 1313 2255 1367 XIV.
2288 1312 2642 1385 thjungitur
2676 1314 2927 1381 gentibus
2953 1313 3069 1370 sine
3098 1314 3233 1385 lege.
3265 1314 3474 1384 legibus
3500 1330 3630 1368 ern-

2044 1405 2187 1458 ditus
2246 1402 2403 1469 Juda,
2458 1421 2562 1460 non
2630 1406 2789 1460 enim
2831 1406 3053 1477 respicit
3106 1420 3391 1474 personam
3442 1404 3628 1473 jndex.

2045 1495 2379 1550 Snstinuisse
2406 1505 2584 1550 autem
2611 1505 3028 1565 peccantem,et
3062 1498 3151 1552 diu
3181 1497 3439 1552 tolerasse
3464 1497 3632 1566 signi-

2045 1586 2192 1653 licat,
2221 1587 2361 1655 quod
2398 1587 2489 1642 vix
2513 1587 2726 1641 tandem
2758 1588 2940 1652 tertio,
2965 1598 3057 1640 aut
3090 1588 3253 1643 etiam
3282 1595 3475 1655 quarto
3514 1600 3631 1639 sce-

2044 1678 2158 1733 lere
2216 1688 2519 1734 commotns
2548 1688 2649 1733 est.
2691 1679 2861 1748 Atqui
2911 1678 3222 1747 postulabat
3276 1676 3526 1747 aequitas,
3576 1684 3635 1729 ut

2045 1770 2459 1838 gentibus,qu
2484 1770 2654 1839 legem
2687 1770 2925 1825 divinam
2971 1785 3080 1825 non
3126 1770 3439 1835 habebant,
3479 1769 3633 1823 beni-

1971 1858 2304 1949 Bgnitatem
2367 1859 2685 1927 ampliorem
2760 1860 3041 1925 tribueret,
3097 1859 3377 1928 multoque
3433 1859 3635 1914 diutius

2044 1952 2384 2023 ignosceret;
2423 1952 2491 2006 ab
2531 1952 2696 2008 Israel
2736 1962 2916 2008 autem
2949 1953 3212 2008 socordiae
3263 1966 3453 2021 pennas
3510 1967 3633 2005 mox

2046 2052 2471 2113 reposceret,_.ut
2529 2046 2702 2114 quiin
2740 2044 2939 2099 divinis
3004 2045 3276 2098 mandatis
3330 2044 3649 2099 educatus»

2047 2135 2138 2190 ubi
2174 2136 2275 2190 sita
2303 2148 2447 2192 esset
2495 2138 2698 2192 utilitas
2742 2153 2846 2191 non
2905 2137 3198 2207 ignoraret.
3250 2136 3356 2191 Sed
3398 2137 3634 2190 scientes

2045 2226 2217 2297 legem
2274 2244 2426 2296 atque
2512 2238 2573 2283 ut
2628 2230 2935 2283 nescientes
2996 2229 3275 2284 sustinuit.
3342 2227 3634 2296 Postquam

2046 2334 2177 2375 vero
2244 2322 2296 2375 in
2354 2337 2621 2376 summam
2698 2322 3100 2390 improbitatem
3172 2321 3657 2392 cogitationesque»

2046 2414 2397 2470 stultissimas
2419 2413 2854 2484 praecipitesjam
2879 2415 3080 2470 abiisse
3108 2415 3263 2480 vidit,
3282 2423 3394 2469 tum
3424 2414 3477 2468 in
3504 2414 3634 2468 Hie-

2047 2508 2379 2579 rosolymam
2408 2508 2581 2577 ipsam
2623 2509 2799 2578 ignem
2842 2508 3132 2562 missurum
3178 2507 3331 2571 dicit,
3360 2516 3415 2561 et
3448 2506 3635 2560 urbem

2050 2600 2183 2653 adeo
2216 2599 2481 2669 insignem
2512 2606 2569 2652 et
2612 2599 2945 2652 nominatam
2974 2612 3142 2666 usque
3174 2597 3240 2651 ad
3274 2597 3634 2650 fundamenta

2047 2692 2280 2747 ﬂammis
2298 2701 2764 2762 consumpturum.
2784 2691 2847 2746 Et
2864 2691 3027 2745 multa
3047 2691 3261 2760 quidem
3286 2690 3439 2744 valde
3458 2688 3634 2743 Israe-

2047 2784 2265 2839 litarum
2299 2783 2501 2839 scelera
2545 2782 2925 2854 reprehendit;
2976 2782 3070 2837 sed
3121 2782 3355 2836 maxime
3396 2781 3636 2836 omnium

2050 2876 2360 2944 illud,qnod
2378 2884 2589 2944 patrum
2612 2890 2824 2929 errores
2844 2874 3010 2929 secuti
3044 2873 3171 2928 sint.
3188 2873 3266 2927 Illi
3293 2873 3435 2927 enim
3462 2873 3639 2925 adhuc

2049 2966 2427 3039 Atjgyptiorum
2462 2966 2624 3038 265
2675 2966 2970 3021 dominatui
3017 2964 3267 3032 subjecti,
3318 2964 3639 3031 illorumqnc

2051 3061 2296 3116 moribus
2314 3068 2371 3114 et
2387 3059 2594 3130 legibus
2614 3057 2929 3124 assuefacti,
2964 3057 3135 3112 vitulo
3163 3056 3378 3111 divinos
3406 3056 3640 3110 honores

366 3166 455 3203 σαι
489 3148 737 3211 πλάναις.
768 3148 831 3201 Οί
864 3148 963 3218 μὲν
996 3148 1104 3218 γὰρ
1130 3147 1208 3202 ἔτι
1242 3150 1363 3211 ταῖς
1394 3149 1708 3217 Αἰγυπτίων
1748 3148 1946 3200 πλεον-

2051 3151 2429 3205 adhibuerunt.
2446 3152 2544 3204 ASL
2559 3150 2771 3215 hi,cum
2788 3149 3101 3205 servitutem
3148 3148 3295 3201 illam
3320 3145 3641 3201 nefamlissi-

363 3241 534 3307 εξίαις
568 3241 985 3312 ὑπεζευγμένοι,
1017 3242 1113 3295 καὶ
1156 3242 1267 3305 τοῖς
1301 3242 1525 3294 ἐκείνων
1566 3240 1711 3293 ἔθεσί
1742 3258 1802 3293 τε
1845 3240 1938 3294 καὶ

2056 3261 2194 3298 mam
2216 3244 2618 3312 en’iigissent,et
2640 3243 2941 3298 divinorum
2966 3241 3341 3296 mandatorum
3358 3237 3639 3308 disciplina

363 3334 549 3403 νόμοις
579 3331 1027 3403 ὲντεθραμμένοι,
1061 3330 1248 3401 μόσχῳ
1284 3330 1349 3389 τὸ,
1389 3330 1553 3393 σέϐας
1585 3330 1827 3400 ἀνῆπτον
1847 3344 1861 3360 ο
1887 3329 1939 3381 οἱ

2051 3337 2378 3391 multimodis
2401 3336 2628 3391 instituti
2650 3343 2851 3398 essent,
2873 3345 2931 3388 ut
2949 3334 3235 3404 perspicue
3267 3332 3359 3386 Dei
3383 3330 3638 3400 benepla—

362 3425 420 3477 δὲ
471 3426 567 3495 τὴν
611 3425 1009 3497 παμμόχθηρον
1037 3425 1254 3495 ἐκείνην
1284 3423 1641 3493 διαφυγόντες
1677 3422 1944 3486 δουλείαν,

2051 3427 2211 3481 citum
2252 3427 2475 3491 scirent,
2512 3436 2659 3480 retro
2694 3425 2963 3489 conversi,
2993 3435 3050 3480 et
3084 3426 3137 3480 in
3174 3433 3386 3495 patrum
3418 3437 3637 3477 suorum

366 3518 460 3569 καὶ
490 3521 600 3580 τοῖς
632 3517 795 3581 θείοις
830 3518 1127 3587 ὲντάλμασι
1170 3516 1525 3586 πολυτρόπως
1566 3513 1946 3582 παιδαγωγοῦ-

2051 3534 2284 3573 errorem
2315 3516 2569 3586 pertracti
2603 3530 2728 3572 esse
2760 3515 3077 3583 deprehensi
3126 3524 3283 3582 sunt;
3319 3527 3632 3584 quanquam

371 3626 521 3679 μενοι
552 3609 777 3679 πρὸςτὸ
818 3610 1016 3670 εἰδέναι
1059 3610 1245 3679 σαφῶς
1274 3608 1334 3660 τὸ
1363 3607 1482 3676 Θεῷ
1516 3605 1729 3669 δοκοῦν,
1756 3606 1946 3658 ἀνόπιν

2051 3610 2274 3663 fortasse
2308 3618 2527 3679 propter
2557 3607 2945 3677 turpitudinem
2973 3608 3026 3661 in
3049 3607 3190 3661 idem
3231 3605 3429 3660 malum
3456 3604 3632 3659 videri

370 3700 544 3762 ἰόντες
572 3701 876 3771 ἡλίσκοντο,
911 3703 1007 3754 καὶ
1038 3703 1115 3764 εἰς
1144 3701 1243 3772 τὴν
1274 3700 1383 3753 τῶν
1430 3699 1680 3768 πατέρων
1711 3713 1951 3751 κατασυ-

370 3794 589 3865 ρόμενοι
626 3793 916 3864 πλάνησιν,
952 3795 1132 3846 καίτοι
1174 3794 1261 3865 μὴν
1300 3795 1356 3847 ὲν
1405 3794 1539 3856 ἴσοις
1570 3791 1801 3863 ὁρᾶσθαι
1844 3807 1946 3843 κα-

371 3888 490 3948 κοῖς
519 3886 660 3957 τάχα
702 3905 802 3939 που
837 3888 931 3940 καὶ
959 3886 1189 3950 δεδιότες
1231 3887 1304 3949 ὡς
1334 3885 1592 3949 ἀκαλλές.
1628 3887 1949 3957 Προσκεκυ-

368 3977 567 4047 νήκασι
604 3978 713 4049 γὰρ
757 3982 850 4033 καὶ
881 3979 1034 4033 αὐτοὶ
1068 3982 1187 4042 ταῖς
1225 3978 1491 4048 δαμάλεσι
1532 3980 1652 4041 ταῖς
1699 3978 1949 4048 χρυσαῖς.

2052 3701 2309 3755 incidisse
2341 3709 2661 3754 metuerent.
2683 3698 2817 3753 Nam
2846 3704 2902 3754 et
2924 3698 3025 3766 ipsi
3061 3698 3257 3753 vitulos
3307 3711 3500 3752 aureos
3549 3695 3641 3749 all-
3681 3731 3687 3736 -

2054 3802 2301 3845 orarnnt.
2331 3790 2506 3846 Causa
2539 3800 2718 3844 autem
2750 3790 3042 3860 impietatis
3071 3790 3229 3859 hujus
3258 3787 3535 3858 l'nit,quod
3559 3785 3634 3841 le-

2056 3896 2176 3952 gem
2207 3883 2300 3937 Dei
2353 3884 2664 3953 repulerunt
2712 3893 2768 3937 et
2802 3881 3051 3937 mandata
3102 3882 3223 3952 ejus
3275 3894 3496 3935 servare
3542 3895 3641 3932 no-

2059 3977 2298 4030 luerunt.

370 4072 552 4127 Αίτιον
579 4075 635 4128 δὲ
666 4075 764 4145 τῆς
795 4077 1049 4146 τοιαύτης
1080 4077 1263 4141 αὐτοῖς
1335 4077 1525 4145 γέγονε
1544 4075 1896 4141 δυσσεϐείας,
1924 4076 1987 4129 τὸ
2023 4073 2353 4128 ἀπώσασθαι
2413 4074 2504 4129 τὸν
2548 4072 2713 4145 νόμον
2756 4072 2986 4143 Κυρίου,
3013 4073 3111 4126 καὶ
3142 4072 3212 4125 τὰ
3242 4070 3644 4143 προστάγματα

370 4170 538 4225 αὺτοῦ
568 4171 643 4241 μὴ
678 4171 931 4242 ἐθελῆσαι
958 4176 1174 4244 τηρεῖν.

440 4288 652 4342 υύκοῦν
675 4288 780 4352 ἕως
807 4290 973 4360 ἐσμὲν
1011 4289 1405 4361 νομοφύλακες,
1440 4291 1533 4343 καὶ
1564 4289 1821 4359 φιλόθεοι,
1853 4289 1948 4342 καὶ

370 4383 559 4451 τηρεῖν
607 4380 995 4444 σπουδάζοντες
1037 4381 1105 4434 τὰ
1140 4380 1611 4454 προστεταγμένα,
1652 4380 1807 4449 σοφοὶ
1856 4379 1950 4432 καὶ

372 4473 605 4543 ἀγχίνοι,
639 4474 730 4525 καὶ
762 4473 940 4541 πάσης
973 4472 1173 4543 ἀρετῆς
1201 4472 1585 4542 ἐπιστήμονες,
1620 4471 1716 4524 καὶ
1745 4469 1798 4523 τί
1842 4467 1951 4538 γὰρ

372 4566 493 4636 οὐχὶ
540 4565 651 4617 τῶν
713 4563 971 4617 τοιούτων
1021 4561 1456 4633 πεπλουτηκότες
1518 4558 1949 4633 εὑρεθησόμεθα.

2126 4286 2470 4355 Quapropter
2498 4279 2739 4352 quandiu
2783 4279 2931 4350 leges
2987 4277 3339 4340 custodimus.
3380 4285 3435 4330 et
3478 4282 3640 4330 neum

2056 4376 2352 4447 diligimus,
2382 4382 2437 4429 et
2467 4387 2585 4441 quae
2613 4376 2877 4441 praecepta
2903 4375 3029 4422 sunt
3057 4365 3233 4429 nobis,
3267 4380 3330 4419 ea
3372 4366 3644 4420 conﬁcere

2059 4472 2360 4533 studemus,
2383 4466 2681 4536 sapientes,
2714 4463 2963 4526 solertes,
2993 4460 3175 4515 omnis
3202 4460 3420 4514 virtutis
3461 4459 3638 4530 gnari,

2059 4572 2113 4617 et
2140 4558 2396 4617 omnibus
2423 4553 2725 4625 hujnsmodi
2750 4551 2919 4621 copiis
2951 4550 3104 4605 ditati
3154 4548 3507 4618 reperiemur.
3545 4546 3640 4602 Sin

373 4627 705 4719 Νενευκὸτες
741 4655 799 4708 δὲ
832 4654 967 4725 πρὸς
997 4653 1058 4706 τὸ
1094 4627 1355 4725 ῥᾴθυμον,
1390 4653 1486 4705 καὶ
1511 4627 1619 4704 τῶν
1650 4627 1810 4705 θείων
1839 4650 1946 4704 ἁλο⁴

2059 4654 2126 4708 ad
2156 4651 2423 4723 ignaviam
2452 4646 2850 4709 deﬂexerimus,
2906 4652 2962 4698 et
3006 4644 3218 4697 divinas
3274 4641 3420 4711 leges
3460 4640 3650 4697 ﬂocci-o
3684 4680 3689 4681 κ

373 4747 642 4816 γήσαντες
692 4746 893 4816 νόμων,
947 4744 1483 4816 περιενεχθησόμεθα
1536 4743 1720 4797 λοιπὸν
1768 4743 1955 4813 ἀνέμῳ

376 4839 559 4901 παντὶ,
590 4837 704 4898 νοῦ,
735 4839 829 4891 καὶ
850 4838 1044 4909 φρενὸς
1077 4838 1173 4908 τῆς
1200 4837 1427 4908 ἀρίστης
1446 4834 1769 4907 τητώμενοι.
1814 4835 1957 4888 Ἐσό-

379 4930 519 5000 μεθα
562 4930 619 4984 δὲ
673 4932 767 4984 καὶ
804 4932 1020 5002 μερίδες
1067 4930 1389 4993 ἀλωπέκων,
1441 4929 1571 5001 τῇδέ
1624 4946 1682 4982 τε
1734 4929 1957 4982 κάκεῖσε

377 5038 445 5073 πε
455 5020 776 5091 ριελκόντων
796 5022 942 5091 ἡμᾶς
966 5021 1077 5073 τῶν
1101 5019 1425 5090 ἀκαθάρτων
1456 5024 1801 5088 πνευμάτων.
1843 5018 1958 5087 Ὀρ-

377 5110 486 5172 θῶς
519 5106 612 5164 οὖν
656 5111 769 5181 ἄρα
819 5112 915 5165 καὶ
945 5111 1122 5180 σοφῶς
1152 5111 1281 5182 περὶ
1310 5110 1520 5163 δικαίου
1548 5110 1747 5174 παντὸς
1776 5112 1804 5163 ό
1831 5108 1956 5162 θεσ-

380 5206 564 5268 πέσιος
602 5206 794 5276 ψάλλει
825 5207 989 5261 Δαόίδ
1007 5224 1020 5237 ο
1052 5227 1071 5258 ‹
1121 5207 1180 5261 '0
1222 5208 1386 5279 νόμος
1413 5206 1507 5261 τοῦ
1532 5206 1668 5261 Θεοῦ
1702 5206 1869 5260 αὑτοῦ
1896 5208 1955 5259 ὲν

383 5298 574 5369 καρδίᾳ
600 5299 787 5365 αὑτοῦ,
819 5300 911 5353 καὶ
952 5300 1050 5371 οὐχ
1093 5300 1618 5372 ὑποσκελισθήσεται
1650 5301 1721 5354 τὰ
1766 5300 1956 5370 διαϐή-

384 5407 528 5460 ματα
556 5390 744 5446 αὑτοῦ.

454 5502 598 5558 Τάδε
631 5502 791 5574 λέγει
823 5504 1035 5573 Κύριος
1053 5521 1067 5537 ·
1116 5505 1247 5559 Ἐπὶ
1277 5504 1406 5573 ταῖς
1435 5506 1631 5575 τρισίν
1658 5506 1958 5572 ἀσεϐείαις

393 5592 641 5662 Ἰσραὴλ
686 5594 784 5648 καὶ
813 5594 912 5647 ἐπὶ
943 5594 1074 5661 ταῖς
1099 5594 1395 5662 τέσσαρσι
1431 5598 1543 5649 οὐκ
1569 5596 1961 5666 ἀποστραφή-

380 5699 561 5756 σομαι
579 5688 787 5754 αὑτὸν,
813 5687 943 5743 ἀνθ’
959 5682 1048 5742 ὧν
1071 5688 1366 5743 ἀπέδοντο
1386 5687 1674 5760 ἀργυρίου
1702 5688 1952 5753 δίκαιον,

2061 4744 2431 4817 penderimus,
2455 4737 2899 4795 circnml‘eremur
2921 4737 2986 4790 de
3008 4745 3203 4790 caetero
3222 4736 3370 4788 omni
3396 4743 3558 4789 vento
3573 4732 3641 4800 “,-

2062 4852 2224 4893 sensu
2254 4843 2305 4890 et
2337 4841 2517 4888 mente
2537 4830 2743 4899 Optima
2776 4828 2977 4884 orbati.
3031 4826 3246 4881 Erimus
3280 4825 3409 4880 item
3462 4837 3643 4895 partes

2062 4928 2302 4999 vulpium
2328 4925 2396 4991 ³⁸,
2425 4926 2530 4978 huc
2561 4922 2687 4977 illuc
2715 4919 3143 4975 distrahentibus
3184 4932 3283 4973 nos
3347 4917 3643 4972 immundis

2064 5016 2363 5089 spiritibus.
2386 5014 2559 5069 Probe
2580 5013 2743 5079 igitur
2763 5026 2827 5067 ac
2848 5011 3147 5080 sapienter»
3169 5007 3255 5063 deo
3289 5008 3481 5077 quovis
3497 5007 3646 5077 justo

2062 5110 2277 5165 divinus
2319 5107 2485 5161 David
2531 5106 2728 5161 canit:
2793 5122 2812 5155 ‹
2877 5103 2986 5158 Lex
3063 5101 3155 5155 Dei
3218 5098 3335 5168 ejus
3371 5100 3426 5152 in
3481 5102 3645 5154 conli-

2063 5200 2254 5268 ipsius,
2280 5209 2334 5254 ct
2363 5214 2468 5253 non
2504 5196 2997 5268 supplantabuntur
3022 5206 3243 5265 gressus
3264 5190 3380 5259 ejus
3406 5189 3471 5241 ⁸⁸.
3516 5208 3534 5240 ι

2141 5505 2307 5559 Vens.
2344 5505 2395 5559 6.
2432 5503 2556 5558 "ire
2579 5504 2704 5557 dicit
2738 5503 2994 5556 Dominus
3024 5515 3043 5553 .'
3074 5497 3243 5567 Super
3263 5496 3430 5549 tribus
3460 5494 3648 5561 impie.
3680 5494 3691 5561 ξ

2072 5598 2264 5652 tatibus
2295 5597 2488 5660 Israel,
2517 5608 2563 5651 et
2586 5613 2742 5667 super
2771 5604 3000 5666 quatuor
3026 5608 3128 5645 non
3167 5598 3462 5644 convertam
3505 5604 3646 5652 eum,

2066 5707 2127 5744 eo
2177 5693 2315 5760 quod
2344 5689 2712 5745 't'endiderunt
2756 5696 2970 5757 argento
3011 5685 3309 5755 justum,et
3364 5694 3649 5753 pauperem

462 5869 505 5903 ³⁵
540 5871 733 5943 Ephcs.
772 5889 846 5940 tv,
889 5874 975 5931 14.
1051 5874 1101 5907 ³⁸
1136 5873 1276 5930 Psal.
1308 5888 1440 5938 uti,
1482 5874 1566 5928 ll.
1644 5875 1687 5907 ³⁸
1722 5873 1863 5931 Psal.
1905 5888 2088 5941 xxx",
2131 5872 2220 5929 51.
