4132 6370
453 388 558 445 ιῖἒ)

1497 382 1554 436 S.
1594 379 1871 437 CYRILLI
1909 375 2380 437 ALEXANDle
2419 364 2745 431 AllCHlE'r'.

3645 371 3745 432 μθ

456 527 555 582 pro
594 507 959 566 calceamentis
999 506 1393 562 conculcantem
1434 520 1591 574 super
1627 504 1889 575 pulverem
1946 512 2052 556 ter-

2163 500 2251 554 xal
2274 499 2501 567 πένητα
2517 497 2728 551 ἕνεκεν
2740 491 3141 565 ὑποδημάτων
3164 489 3623 547 καταπατοῦντα
3648 493 3749 548 ἐπὶ

456 616 551 655 rce.

531 690 651 749 XV.
674 689 792 748 Non
828 688 1089 758 relinquit
1113 688 1467 759 impunitum,
1499 687 1595 744 sed
1621 685 1888 757 supplicio
1909 684 2048 740 sub-

456 784 782 854 jicitlsrael,
817 784 920 837 hoc
942 790 1046 848 est,
1081 781 1256 836 tribus
1288 781 1341 833 in
1370 778 1641 834 Samaria.
1660 775 1779 833 1am
1805 792 1899 832 eos
1921 790 2052 845 quo-

462 889 568 945 que
605 886 861 944 peccasse
890 869 1081 932 libere,
1103 884 1168 925 ac
1195 869 1508 939 prodegisse
1533 866 1918 937 propemodmn
1964 868 2049 921 iu-

464 964 636 1021 ﬁrmis
691 964 930 1019 debitam
979 977 1011 1017 a
1058 960 1173 1016 Deo
1219 976 1409 1032 pacem
1451 970 1508 1016 et
1575 960 2047 1031 tranquillitatem,

461 1055 746 1112 ostendere
800 1063 982 1124 potest
1035 1069 1197 1123 super
1247 1055 1422 1110 tribus
1465 1063 1521 1109 et
1566 1052 2051 1123 quatuorpeccatis

463 1147 717 1202 aversio:
750 1162 911 1215 quam
948 1146 1038 1215 qui
1078 1145 1287 1215 experti
1329 1154 1479 1210 sunt,
1526 1159 1621 1200 eos
1647 1143 2050 1199 calamitatibus

461 1240 673 1309 subjici,
724 1248 781 1293 et
820 1238 873 1292 in
920 1237 1068 1291 omni
1123 1237 1341 1291 miseria
1389 1236 1621 1292 volutari
1675 1251 1900 1292 necesse
1943 1246 2049 1292 est.

462 1329 695 1385 Proinde
739 1338 795 1385 et
839 1326 1030 1393 David,
1066 1329 1170 1383 hoc
1211 1327 1534 1392 formidans,
1561 1343 1660 1383 nec
1710 1328 1967 1397 ignorans
1984 1342 2050 1383 eo

464 1422 758 1490 perniciem
792 1422 1299 1490 apportari,orabat
1340 1421 1425 1475 his
1444 1421 1624 1476 verbis
1657 1436 1673 1474 :
1712 1438 1732 1469 σ
1773 1420 1847 1476 Nc
1891 1437 2051 1476 aver-

464 1527 545 1569 tas
580 1514 773 1569 faciem
800 1523 949 1569 tuam
970 1529 1000 1567 a
1024 1527 1132 1578 me,
1165 1521 1307 1567 etne
1342 1511 1582 1567 declines
1631 1511 1683 1565 in
1742 1512 1819 1566 ira
1844 1526 1874 1565 a
1894 1526 2050 1567 servo

467 1620 557 1661 tuo
578 1607 647 1661 ".
684 1625 703 1659 ι
741 1606 823 1660 Ira
855 1606 1001 1661 enim
1045 1605 1361 1661 aversiones
1412 1604 1659 1674 sequitur
1705 1604 1948 1669 omnino,
1997 1612 2055 1659 et

464 1699 864 1771 quodammodo
879 1698 1188 1754 comitatur.
1220 1697 1355 1764 Quae
1394 1707 1575 1756 autem
1600 1696 1707 1751 sint
1743 1697 1951 1751 scelera
1975 1694 2053 1749 ls-

470 1791 602 1853 rael,
633 1790 781 1845 clare
818 1789 1040 1844 indicat.
1076 1806 1096 1840 ι
1129 1786 1501 1842 Vendiderunt
1543 1786 1687 1843 enim
1713 1787 2050 1858 argentoju-

2152 592 2264 647 τὸν
2291 590 2444 659 χοῦν
2474 587 2586 658 τῆς
2616 585 2750 658 τῆς.

2225 686 2325 738 lE'.
2368 683 2482 736 Οὐκ
2524 680 2816 736 ἀνεύθυνον
2858 680 2944 752 ἑᾷ,
2979 680 3180 750 μᾶλλον
3222 677 3279 732 δὲ
3315 675 3583 749 ὑποφέρει
3628 694 3749 742 ταις

2151 776 2331 841 δίκαις
2362 775 2454 829 τὸν
2514 774 2751 847 Ἰσραὴλ,
2788 771 3054 837 τουτέστι,
3085 771 3183 835 τάς
3222 772 3282 825 ὲν
3324 770 3611 843 Σαμαρείᾳ
3650 788 3752 840 φυ-

2151 867 2284 931 λάς·
2328 867 2411 921 ὅτι
2453 866 2513 920 δὲ
2558 866 2652 920 καὶ
2700 866 2856 919 αὐτοὶ
2903 863 3354 937 πλημμελοῦντες
3400 862 3745 933 ἀφυλάκτως,

2157 959 2442 1030 μονονουχὶ
2493 958 2589 1012 καὶ
2638 957 3047 1029 δεδαπανήκασι
3104 955 3204 1027 τὴν
3255 958 3371 1020 τοῖς
3432 952 3749 1010 ἀσθενοῦσιν

2151 1050 2511 1121 ὀφειλομένην
2559 1049 2709 1119 παρὰ
2760 1048 2897 1102 Θεοῦ
2950 1047 3318 1120 γαληνότητα,
3368 1045 3748 1119 παραδείξειεν

2152 1142 2218 1197 ἂν
2246 1143 2280 1214 ἡ
2307 1143 2400 1196 ἐπὶ
2434 1142 2583 1214 τρισὶ
2622 1142 2711 1195 καὶ
2756 1142 3050 1213 τέτταρσιν
3081 1140 3379 1213 ἁμαρτίαις
3404 1139 3747 1211 ἀποστροφὴ,

2153 1234 2221 1305 ἢν
2248 1233 2464 1304 ἀνάγκη
2495 1232 2824 1287 πεπονθόσιν
2851 1232 3226 1305 ὑποφέρεσθαι
3251 1235 3365 1297 τοῖς
3403 1232 3618 1296 δεινοῖς,
3653 1231 3749 1285 καὶ

2154 1329 2213 1379 ὲν
2243 1325 2407 1379 παντὶ
2439 1325 2694 1395 γενέσθαι
2722 1323 2897 1397 κακῷ.
2928 1324 3221 1397 Τοιγάρτοι
3247 1324 3344 1378 καὶ
3372 1324 3537 1379 Δαϐὶδ
3563 1322 3750 1387 δεδιὼς

2151 1419 2215 1472 τὸ
2239 1418 2451 1489 χρῆμα,
2493 1419 2587 1471 καὶ
2615 1416 2839 1490 ὀλέθρου
2876 1417 3139 1490 πρόξενον
3170 1417 3347 1484 εἰδὼς,
3378 1416 3631 1487 ἐλιπάρει
3661 1416 3750 1469 λέο

2152 1528 2300 1579 γωνο
2345 1528 2365 1562 ι
2404 1511 2497 1581 Μὴ
2522 1510 2876 1584 ἀποστρέψεις
2909 1510 2970 1565 τὸ
2999 1510 3293 1582 πρόσωπόν
3333 1526 3426 1562 σου
3469 1508 3567 1563 ἀπ’
3587 1507 3745 1579 ἐμοῦ,

2154 1603 2250 1657 καὶ
2304 1602 2379 1674 μὴ
2427 1602 2683 1673 ἐκκλίνῃς
2727 1603 2786 1655 έν
2833 1603 2970 1672 ὀργῇ
3020 1601 3131 1655 ἀπὸ
3175 1601 3270 1654 τοῦ
3312 1599 3502 1653 δούλου
3552 1617 3666 1653 σου.
3722 1618 3741 1651 ι

2155 1694 2388 1748 Ἐπεται
2420 1694 2530 1765 γάρ
2557 1693 2802 1757 πάντως,
2835 1696 2929 1747 καὶ
2958 1692 3242 1756 οἱονείπως
3276 1693 3605 1763 συνομαρτεί
3628 1692 3749 1753 ταῖς

2155 1787 2531 1858 ἀποστροφαῖς
2548 1788 2582 1859 ή
2603 1786 2761 1859 ὀργή.
2780 1786 2915 1841 Τίνα
2937 1787 2992 1840 δὲ
3010 1786 3075 1857 δὴ
3100 1785 3209 1839 τῶν
3242 1782 3305 1850 ἐξ
3337 1783 3553 1856 Ἰσραὴλ
3567 1783 3637 1836 τὰ
3656 1785 3744 1851 ἐγ-

468 1892 609 1937 stum
645 1892 698 1937 ει
718 1895 1005 1951 pauperem
1037 1895 1135 1948 pro
1159 1879 1561 1945 calceamentis,
1600 1900 1620 1933 ι
1652 1879 1703 1934 id
1753 1889 1855 1942 est,
1899 1891 2045 1933 recta

2163 1878 2251 1949 ιιλή
2262 1896 2431 1949 ματα,
2447 1878 2755 1953 διαγορεύει
2779 1876 2989 1947 σαφῶς.
3003 1877 3361 1950 «Πεπράκασι
3376 1876 3483 1947 γὰρ
3500 1875 3752 1947 ἀργυρίῳ

467 1982 514 2027 ει
529 1972 673 2039 justa
696 1974 844 2042 loqui
899 1971 1065 2043 266
1111 1986 1218 2027 non
1258 1970 1653 2037 sustinuerunt,
1682 1983 1738 2027 et
1792 1971 1891 2041 legi
1921 1984 2053 2025 con-

469 2072 725 2132 gruenter
750 2076 1009 2118 exercere
1029 2064 1080 2115 in
1103 2060 1333 2132 singulis
1357 2062 1646 2133 judicium.
1679 2061 1784 2118 Sed
1839 2063 1883 2117 si
1915 2064 2053 2117 forte

466 2155 783 2226 contigisset
811 2154 986 2208 virum
1017 2153 1246 2222 justum,
1280 2154 1604 2220 modestum,
1628 2157 1835 2224 mitem,
1865 2159 2054 2211 mode-

472 2256 643 2301 ratum
686 2255 742 2302 et
797 2262 827 2300 a
871 2246 1131 2317 jactantia
1202 2247 1442 2303 alienum
1489 2248 1637 2314 (talis
1656 2250 1802 2303 enim
1829 2249 1964 2318 justi
1999 2260 2056 2304 et

470 2339 744 2409 pauperis,
771 2338 821 2393 id
851 2348 957 2405 est,
1007 2341 1261 2410 pauperis
1303 2340 1518 2410 spiritu,
1561 2341 1781 2398 nomine
1829 2342 2051 2412 intelligi

469 2428 688 2495 potest),
727 2426 781 2481 in
836 2425 1103 2496 judicium
1152 2443 1180 2481 a
1226 2429 1625 2498 potentioribus
1674 2431 1880 2495 vocari,
1910 2431 2056 2486 hunc

469 2520 827 2573 vendiderunt
851 2518 1088 2574 inimicis
1114 2560 1131 2583 ,
1160 2536 1473 2591 quanquam
1504 2523 1555 2578 id
1583 2522 1702 2593 lege
1723 2532 1909 2593 aperte
1932 2538 2059 2594 prov

473 2612 711 2677 hibente,
740 2626 863 2667 cum
899 2613 1016 2666 ait:
1055 2630 1074 2665 ι
1105 2613 1221 2669 Non
1249 2615 1488 2685 accipies
1524 2631 1809 2685 personam
1870 2618 1922 2671 in
1968 2617 2056 2688 ju-

469 2704 612 2759 dicio
638 2704 703 2757 ³⁰.
742 2703 858 2760 ιΕι
888 2704 1119 2761 iterum:
1174 2723 1193 2758 ι
1236 2706 1585 2762 lnnocentem
1617 2719 1674 2763 et
1696 2707 1905 2777 justum
1949 2723 2054 2763 non

471 2790 768 2847 interticies
789 2791 856 2846 ‘°.
897 2811 917 2845 ι
969 2791 1183 2847 Etenim
1227 2794 1318 2849 cui
1376 2793 1613 2850 cilicium
1659 2795 1856 2864 iudicis
1904 2812 2057 2851 man-

470 2884 650 2937 datum
675 2892 779 2949 est,
810 2884 987 2941 locum
1020 2886 1114 2940 Dei
1146 2886 1305 2955 plane
1333 2888 1557 2951 obtinet,
1581 2888 1669 2942 cui
1698 2897 1755 2943 et
1790 2889 1889 2943 soli
1933 2904 2055 2957 pro-

472 2974 647 3042 prium
680 2985 764 3031 est
790 2975 1057 3047 judicare.
1077 2996 1097 3030 ι
1134 2977 1286 3033 Unus
1318 2987 1404 3034 est
1436 2979 1581 3035 enim
1602 2979 1947 3049 legislatoret
1970 2981 2059 3048 ju-

471 3066 573 3121 εἰει
605 3066 675 3136 ⁸⁸,
714 3086 734 3120 ι
768 3071 1303 3140 utsanctusquidam
1331 3072 1428 3126 ait.
1488 3071 1590 3138 Qui
1629 3072 1797 3141 igitur
1834 3073 2059 3143 justitiae

474 3159 737 3214 rationem
770 3160 1039 3216 adulterat
1067 3171 1121 3217 et
1142 3177 1432 3233 personam
1466 3164 1783 3233 respicit,in
1819 3164 2056 3219 divinam

2158 1970 2388 2036 δίκαιον,
2420 1971 2517 2025 καὶ
2546 1971 2757 2043 πένητα
2784 1970 2972 2025 ἕνεκεν
2995 1969 3382 2040 ὑποδημάτων,
3400 1988 3420 2020 ι
3448 1967 3751 2031 τουτέστιν,

2160 2062 2298 2132 ὀρθὰ
2343 2063 2440 2117 καὶ
2466 2062 2654 2116 δίκαια
2686 2062 2872 2118 λαλεῖν
2905 2064 3007 2117 οὐκ
3036 2062 3351 2132 ἠνέσχοντο,
3394 2062 3486 2115 καὶ
3513 2059 3750 2131 συμϐαί-

2160 2169 2357 2205 νουσαν
2401 2154 2479 2224 τῷ
2526 2154 2677 2225 νόμῳ
2726 2154 2829 2224 τὴν
2873 2155 2960 2221 ἐφ’
3001 2153 3220 2224 ἑκάστῳ
3264 2152 3376 2205 τῶν
3413 2152 3752 2225 κρινομένων

2161 2246 2433 2300 ποιεῖσθαι
2482 2247 2659 2319 δίκην.
2705 2246 2848 2300 Ἀλλ’
2892 2248 2941 2300 εἰ
2995 2246 3193 2318 συνέϐη
3240 2246 3405 2317 τυχὸν
3451 2246 3623 2318 ἄνδρα
3669 2246 3751 2298 δί-

2160 2357 2351 2405 καιον,
2389 2340 2643 2413 σώφρονα
2687 2341 2782 2395 καὶ
2827 2340 3081 2411 ἐπιεικῆ,
3128 2340 3495 2411 μετριόφρονά
3534 2356 3594 2391 τε
3658 2337 3754 2392 καὶ

2160 2429 2538 2500 ἀφιλόκομπον
2594 2428 2836 2501 (νοηθείη
2883 2428 2994 2501 γὰρ
3060 2428 3128 2483 ἂν
3184 2427 3386 2481 τοιόσδε
3429 2425 3637 2489 δίκαιός
3692 2441 3753 2477 τε

2160 2521 2297 2591 ὁμοῦ
2349 2523 2442 2575 καὶ
2481 2521 2673 2591 πένης,
2704 2521 2824 2593 ἦτοι
2854 2520 3069 2591 πτωχὸς
3096 2519 3175 2590 τῷ
3204 2517 3496 2588 πνεύματι)
3532 2533 3755 2588 παρενε-

2163 2612 2356 2685 χθῆναι
2396 2613 2533 2684 πρὸς
2566 2613 2749 2684 κρίσιν
2777 2611 2883 2665 ὑπὸ
2910 2611 3119 2664 τούτων
3152 2608 3563 2679 δυνατωτέρων,
3602 2600 3757 2667 οὗτος

2163 2703 2587 2774 καταπέπραται
2616 2705 2732 2767 τοῖς
2761 2701 2998 2774 ἐχθροῖς,
3038 2700 3216 2755 καίτοι
3242 2698 3336 2753 τοῦ
3364 2698 3531 2767 νόμου
3563 2696 3755 2761 σαφῶς

2163 2794 2579 2865 διηγορευκὸτος
2608 2793 2691 2858 τὸ,
2731 2811 2750 2845 ι
2792 2794 2869 2847 Οὐ
2895 2791 3043 2863 λήψῃ
3072 2791 3365 2862 πρόσωπον
3406 2791 3466 2843 ὲν
3492 2788 3689 2864 κρίσει.
3730 2807 3748 2838 ι

2164 2888 2275 2940 Kai.
2298 2885 2480 2952 πάλιν,
2518 2904 2538 2938 ι
2588 2884 2790 2939 Ἀθῶον
2819 2884 2914 2938 καὶ
2954 2884 3164 2938 δίκαιον
3206 2885 3306 2937 οὐκ
3352 2883 3689 2943 ἀποκτενεῖς.
3728 2898 3749 2931 ›

2176 2978 2235 3032 '0
2288 2978 2398 3049 γάρ
2444 2994 2528 3030 τοι
2574 2978 2784 3049 κρίνειν
2838 2975 3307 3047 πεπιστευμένος,
3366 2975 3601 3045 κάθηταί
3649 2991 3756 3027 που

2165 3068 2385 3133 πάντως
2418 3070 2476 3121 ὲν
2505 3067 2656 3134 τάξει
2689 3067 2847 3131 Θεοῦ,
2883 3059 2929 3135 ᾧ
2967 3066 3031 3137 δὴ
3076 3066 3139 3119 τὸ
3189 3066 3397 3136 κρίνειν
3459 3065 3555 3118 καὶ
3605 3064 3754 3135 μόνῳ

2166 3162 2388 3214 οἰκεῖον.
2441 3180 2459 3212 ι
2514 3156 2609 3223 Εἷς
2651 3160 2760 3231 γάρ
2810 3160 2927 3213 ἐστι
2972 3158 3291 3230 νομοθέτης,
3339 3160 3434 3212 καὶ
3476 3159 3688 3230 κριτὴς,
3731 3178 3753 3208 ›

473 3251 845 3307 excellentiam
870 3255 1297 3311 contumeliosus
1323 3258 1450 3324 erit,
1506 3266 1563 3312 et
1611 3256 1778 3312 Deum
1826 3256 2060 3313 oil‘endet

2167 3252 2307 3306 κατὰ
2350 3250 2448 3323 τὴν
2493 3250 2588 3303 τοῦ
2636 3251 2793 3316 ἁγίου
2827 3252 3034 3320 φωνήν.
3084 3249 3294 3302 Οὐκοῦν
3326 3252 3355 3303 ὁ
3395 3250 3493 3303 τοῦ
3545 3250 3759 3302 δικαίου

474 3344 739 3399 dicentem
770 3359 785 3397 :
819 3363 838 3397 ι
879 3343 1359 3415 Iustumjudicium
1379 3346 1644 3417 judicate,
1665 3356 1721 3402 et
1746 3348 2061 3405 misericor-

475 3434 616 3487 diam
646 3444 703 3489 et
736 3436 1112 3491 miserationes
1145 3437 1308 3492 facite
1328 3439 1699 3508 unusquisque
1728 3454 1853 3495 cum
1880 3439 2062 3508 proxi-

475 3541 564 3579 mo
591 3541 690 3582 suo
718 3525 785 3581 “.
820 3545 841 3579 ι
887 3528 1123 3584 Accusat
1167 3529 1332 3600 igitur
1370 3543 1487 3595 eos,
1526 3536 1584 3582 nt
1616 3529 1708 3598 qui
1754 3527 1960 3597 justum
2008 3538 2062 3583 et

476 3630 767 3685 pauperem
799 3616 1035 3672 inimicis
1078 3633 1266 3673 eorum
1312 3618 1680 3683 vendiderint,
1726 3628 1782 3674 et
1821 3618 1964 3674 istud
1991 3618 2065 3673 fac

475 3722 600 3763 cere
628 3709 772 3764 soliti
799 3711 905 3765 sint
936 3719 1155 3780 pr0pter
1187 3710 1561 3780 quaesticulum
1597 3710 1943 3776 vilissimum,
1970 3712 2059 3779 qui

478 3801 608 3870 ipsis
661 3802 1052 3872 accipientibus
1116 3801 1184 3856 ad
1255 3803 1618 3872 comparanda
1696 3802 2060 3858 calceamenta

478 3904 686 3946 tantum
708 3894 965 3963 prodesse
993 3903 1178 3963 queat.
1209 3893 1371 3963 Atqui
1404 3894 1562 3958 longe
1581 3893 1871 3962 praestabat
1902 3896 2062 3950 recti-

480 3982 741 4046 tndinem,
777 3993 831 4038 et
860 3982 955 4039 Dei
986 3983 1384 4053 beneplacitum
1441 3985 1786 4054 complexos,
1835 3986 2061 4042 honori-

479 4076 581 4129 bus
608 4076 675 4130 ab
705 4090 770 4129 eo
796 4075 1013 4130 donatis
1034 4075 1181 4130 velut
1214 4075 1493 4144 inebriari,
1513 4085 1569 4131 et
1606 4078 1762 4132 bona:
1793 4077 1952 4133 famae
1980 4080 2064 4133 di-

481 4167 640 4222 vitias
665 4167 934 4222 obtinere.
975 4185 994 4218 ι
1047 4167 1354 4237 Eligibilius
1394 4169 1537 4223 enim
1573 4168 1775 4225 bonum
1841 4186 2060 4235 nomen,

480 4276 641 4328 quam
658 4260 862 4316 divitiae
890 4260 1072 4316 multae
1092 4260 1160 4315 ".
1190 4279 1210 4314 ι
1248 4261 1538 4318 Sciendum
1562 4279 1748 4334 porro,
1779 4265 1943 4319 etiam
1972 4281 2066 4336 per

482 4354 675 4408 Isaiam
702 4354 808 4408 tale
836 4354 964 4423 quid
986 4355 1054 4409 ad
1082 4353 1392 4412 Iudaeorum
1433 4367 1691 4421 matrem,
1757 4374 1952 4428 nempe
1998 4361 2064 4414 ad

480 4443 782 4501 Jerusalem
811 4448 1016 4501 dictum
1036 4461 1161 4502 esse
1191 4463 1205 4500 :
1242 4466 1261 4500 ι
1303 4447 1585 4518 Principes
1623 4450 1697 4504 tui
1717 4452 1936 4521 pupillis
1959 4469 2065 4506 non

2164 3343 2604 3415 παρασημαίνων
2641 3342 2731 3395 τὸν
2765 3342 2924 3410 λόγον
2970 3342 3064 3396 κα¹ι¹
3092 3343 3173 3405 είς
3205 3342 3495 3413 πρόσωπον
3521 3342 3755 3413 βλέπων,

2164 3437 2375 3510 ὑϐρίσει
2404 3454 2506 3489 που
2533 3436 2594 3489 τὸ
2621 3435 2765 3489 θεῖον
2792 3436 3034 3506 ἀξίωμα,
3068 3436 3166 3489 καὶ
3194 3434 3274 3506 τῷ
3304 3435 3423 3506 Θεῷ
3453 3434 3758 3507 προσκρού-

2165 3546 2268 3597 σει,
2292 3529 2547 3597 ι.λέγοντι⁶
2586 3549 2605 3580 ι
2658 3530 2851 3600 Κρῖμα
2898 3528 3108 3581 δίκαιον
3180 3528 3429 3599 κρίνατε,
3477 3528 3570 3581 καὶ
3610 3527 3758 3589 ἔλεος

2163 3621 2257 3674 καὶ
2305 3620 2590 3692 οίκτιρμὸν
2633 3624 2839 3673 ποιεῖτε
2905 3621 3139 3683 ἕκαστος
3192 3620 3330 3691 πρὸς
3390 3619 3480 3672 τὸν
3528 3619 3759 3689 πλησίον

2163 3713 2352 3767 αὐτοῦ.
2394 3733 2412 3766 ι
2448 3715 2701 3768 Αἰτιᾶται
2728 3714 2911 3767 τοίνυν
2951 3713 3027 3775 ὼς
3052 3711 3512 3775 καταπωλοῦντας
3540 3711 3756 3782 ἐχθροῖς

2163 3806 2253 3859 τὸν
2283 3806 2490 3861 δίκαιόν
2518 3824 2578 3860 τε
2617 3809 2714 3860 καὶ
2758 3806 2991 3877 πένητα,
3026 3806 3119 3859 καὶ
3148 3804 3309 3858 τοῦτο
3338 3805 3471 3876 δρᾷν
3500 3802 3759 3867 εἰωθότας

2164 3897 2361 3969 ὀλίγων
2392 3900 2554 3952 ἕνεκα
2613 3898 2709 3952 καὶ
2739 3897 3111 3953 ἀτελεστάτων
3128 3896 3453 3970 λημμάτων,
3482 3896 3518 3949 ἃ
3537 3895 3630 3949 καὶ
3670 3895 3760 3965 p.6-

2166 4008 2279 4054 νοις
2317 3993 2428 4055 τοῖς
2467 3988 2726 4044 λαϐοῦσιν
2770 3989 3065 4061 ἀρκέσειεν
3109 3988 3176 4043 ἂν
3214 3988 3352 4058 πρὸς
3397 3987 3759 4058 ὑποδημάτων

2166 4084 2383 4155 κτῆσιν.
2437 4082 2577 4136 Ἀλλ’
2612 4078 2683 4154 ἦν
2717 4083 2940 4154 ἄμεινον
2975 4080 3129 4153 παρὰ
3172 4080 3308 4134 πολὺ
3352 4080 3453 4151 τὴν
3490 4077 3760 4155 ὀρθότητά

2165 4188 2227 4226 τε
2261 4152 2360 4226 καὶ
2389 4171 2451 4224 τὸ
2497 4170 2617 4242 Θεῷ
2638 4152 2838 4225 δοκοῦν
2881 4152 3068 4243 τιμᾷνί
3100 4169 3425 4242 ᾑρημένους.
3455 4173 3575 4234 ταῖς
3626 4152 3758 4240 παρ’

2167 4263 2333 4318 αὐτοῦ
2386 4265 2587 4336 μᾶλλον
2619 4262 2991 4335 καταμεθύειν
3044 4265 3256 4333 τιμαῖς,
3296 4263 3390 4317 καὶ
3432 4261 3613 4332 μέντοι
3665 4263 3759 4315 καὶ

2170 4354 2401 4408 πλοῦτον
2425 4354 2570 4425 ἔχειν
2601 4353 2691 4407 τὸν
2714 4354 2773 4420 ἐξ
2804 4353 3016 4423 ἀγαθῆς
3044 4353 3342 4424 εὐφημίας.
3376 4352 3603 4426 Αίρετὸν
3629 4353 3759 4423 γάρ,

2170 4446 2357 4517 φησὶν,
2392 4446 2564 4518 ὄνομα
2592 4446 2779 4513 καλὸν,
2813 4446 2846 4516 ἢ
2892 4445 3121 4509 πλοῦτος
3154 4446 3340 4508 πολύς.
3381 4464 3404 4500 ο
3465 4446 3665 4499 ’ἰστέον
3705 4446 3761 4499 δὲ

481 4538 749 4608 judicant,
776 4551 831 4594 et
847 4538 1051 4605 judicio
1072 4539 1355 4594 viduarum
1384 4558 1492 4596 non
1515 4545 1801 4598 attendunt
1830 4544 1896 4600 “.
1941 4563 1961 4596 ι
2002 4546 2061 4600 ΕΙ

2171 4542 2252 4594 ὅτι.
2295 4540 2391 4594 καὶ
2437 4539 2526 4593 διά
2574 4539 2760 4608 φωνῆς
2814 4538 3034 4592 Ἡσαΐου
3068 4537 3307 4592 τοιοῦτόν
3342 4538 3397 4591 τί
3436 4554 3570 4607 φησι
3622 4538 3759 4608 πρὸς

489 4645 674 4685 rursus
705 4646 801 4700 per
823 4629 1150 4687 Jeremiam:
1178 4650 1196 4683 ι
1238 4630 1520 4703 Principes
1546 4634 1665 4703 ejus
1705 4651 1828 4691 cum
1882 4652 2069 4692 mune-

489 4724 637 4778 ribus
651 4724 969 4793 judicabant
994 4723 1474 4782 “'.IExsecranda
1490 4728 1653 4797 igitur
1681 4745 1770 4785 res
1790 4733 1931 4801 apud
1948 4748 2069 4786 om-

492 4829 608 4879 nes,
644 4832 748 4870 non
772 4826 934 4878 recte,
965 4826 1022 4869 et
1051 4823 1206 4868 extra
1254 4816 1582 4873 calumniam
1616 4820 1897 4889 judicandi
1956 4838 2075 4875 mu-

493 4922 616 4964 nere
644 4908 823 4977 fungi;
859 4908 952 4962 sed
996 4923 1119 4962 cum
1176 4908 1375 4962 invidia
1434 4912 1832 4976 quodammodo
1882 4924 1937 4968 et
1992 4915 2073 4968 in-

490 5002 817 5071 aequalitate,
848 5012 906 5056 ut
932 5002 1406 5059 criminationibus
1440 5005 1517 5060 sis
1541 5005 1841 5074 expositus.

564 5263 729 5318 Vens.
762 5264 816 5319 7.
846 5262 914 5317 Et
942 5266 1130 5335 pugnis
1167 5266 1523 5334 percutiebant
1573 5268 1629 5321 in
1666 5270 1843 5338 capita
1873 5275 2079 5328 utendi-

492 5370 696 5409 corum.

565 5447 703 5503 XVI.
741 5445 1045 5501 Secundum
1078 5446 1372 5517 potentiam
1403 5455 1461 5503 et
1509 5450 1629 5506 aliis
1692 5454 2079 5521 prmetninendi

505 5539 745 5593 studium
764 5552 857 5593 eos
875 5537 1245 5609 reprehendit,
1282 5537 1566 5609 palamque
1589 5549 1647 5595 ut
1691 5543 1887 5614 impios
1909 5553 1963 5599 et
1981 5546 2081 5599 mi-

569 5748 784 5826 "l’sal.
820 5748 1359 5826 xxv1L9.m”__i_le_ut.
1396 5748 1541 5826 t,i_7._
1618 5753 1660 5787 ’9
1727 5755 1893 5810 Exod.
1938 5773 2096 5826 χχιιι,
2131 5756 2182 5810 7.

506 5819 554 5873 '.
632 5820 678 5852 ⁸³
706 5822 810 5875 lsa.
854 5836 892 5887 I,
922 5819 1013 5876 25.
1075 5819 1328 5873 δ³“ΜιρΙι.
1367 5835 1449 5883 ιιι,
1488 5821 1572 5873 Η.

2187 4633 2459 4688 Ἰουδαίων
2499 4632 2733 4705 μητέρα,
2784 4631 3056 4694 τουτέστι,
3103 4630 3203 4703 τὴν
3252 4631 3629 4703 Ἰερουσαλὴμ,
3678 4632 3758 4683 ὅτι

2185 4747 2204 4778 ι
2243 4727 2306 4781 Oi.
2338 4725 2598 4798 ἄρχοντές
2628 4741 2722 4778 σου
2756 4723 3024 4795 ὀρφανοὺς
3054 4723 3114 4776 οὐ
3144 4723 3414 4794 κρίνουσι,
3446 4725 3551 4776 καὶ-
3580 4724 3757 4793 κρίσει

2177 4821 2351 4892 χήρας
2395 4819 2457 4872 οὐ
2495 4818 2843 4890 προσέχουσι’
2882 4835 2901 4868 ι
2933 4816 3019 4870 διά
3048 4816 3386 4887 δὲ’ἰερεμίου
3421 4815 3614 4869 πάλινο
3648 4835 3665 4866 ι
3696 4816 3759 4868 Οἱ

2179 4911 2473 4983 ἡγούμενοι
2501 4912 2689 4982 αὐτῆς,
2728 4908 2865 4981 μετὰ
2907 4907 3097 4980 δώρων
3147 4908 3419 4979 ἔκρινον.»
3460 4908 3763 4978 Ἐπάρατον

2181 5001 2275 5058 οῦν
2298 5005 2548 5075 πανταχῆ
2569 5003 2631 5056 τὸ
2659 5003 2734 5074 μὴ
2764 5002 2931 5073 ὀρθήν
2945 5017 3005 5053 τε
3026 4999 3121 5054 καὶ
3141 4998 3464 5069 ἀδιάϐλητον
3493 4998 3763 5051 ποιεῖσθαι

2180 5098 2280 5169 τὴν
2322 5096 2526 5167 κρίσιν,
2554 5095 2670 5149 ἀλλ’
2698 5092 2915 5164 ἐπαχθῆ
2942 5092 3146 5164 τρόπον
3169 5091 3289 5145 τινὰ
3340 5092 3436 5145 καὶ
3469 5092 3557 5145 ἐπ’
3585 5091 3764 5145 ἀνισὸς

2179 5208 2301 5261 τητι
2333 5185 2787 5258 διαϐεϐλημένην.

2249 5282 2357 5336 Καὶ
2386 5279 2775 5341 ἑκονδύλιζον
2808 5280 2897 5345 εἷς
2938 5277 3207 5347 κεφαλὰς
3243 5272 3496 5344 πτωχῶν

2252 5454 2369 5522 Ιίῗ.
2412 5453 2571 5508 Κατά
2605 5454 2929 5507 δυναστε.αν
2958 5452 3142 5513 αὐτοις
3192 5466 3287 5504 και
3326 5448 3641 5513 πλεονεξίαν
3671 5449 3761 5514 ἐγ-

2180 5545 2338 5600 καλεῖ
2402 5547 2496 5599 καὶ
2547 5545 2888 5600 καταιτιᾶται
2936 5540 3143 5604 σαφῶς,
3179 5540 3254 5604 ὡς
3298 5538 3544 5602 ἀνοσίους
3579 5555 3636 5590 τε
3672 5536 3765 5589 καὶ

2262 5756 2305 5788 ³ο
2335 5756 2452 5811 Jac.
2498 5771 2569 5820 ιν,
2613 5754 2696 5808 1‘3.
2774 5753 2816 5785 “
2857 5750 3023 5806 Zaclt.
3066 5763 3182 5816 vn,
3215 5746 3267 5802 9.
3345 5746 3388 5777 ⁵³
3430 5745 3588 5799 Prov.
3627 5755 3756 5796 un.
