4132 6370
349 392 452 449 Ml
1301 382 1856 443 COMMENTARIUS
1892 382 1961 439 IN
1998 384 2194 441 AMOS
2228 385 2674 444 PROPHETAM.
3521 390 3628 451 442

351 508 852 583 ἀφιλοικτίρμονας,
900 507 995 562 καὶ
1035 504 1129 571 οὓς
1170 498 1238 576 ἦν
1263 504 1487 576 ἄμεινον
1515 506 1612 559 καὶ
1649 503 1928 576 φροντίδος
1960 522 1975 567 Α

2074 505 2611 578 ericordimexpertes
2640 508 2935 571 insimulat.
2989 518 3045 565 et
3098 520 3346 567 assuetos
3403 511 3628 568 laedere.

352 600 559 668 ἀξιοῦν,
592 602 684 655 καὶ
720 602 886 673 τιμᾷν
920 598 1151 657 ἑλέσθαι.
1184 597 1415 661 καὶτοῖς
1455 595 1515 661 ἐξ
1555 595 1777 667 ἀγάπης
1808 596 1931 647 ἐπι-

2074 610 2166 651 nos
2200 605 2387 651 contra
2418 613 2549 652 cura
2574 598 2806 667 dignari,
2830 608 2886 653 ct
2917 600 3213 656 honoribus
3252 602 3536 672 prosequi,
3578 616 3631 655 et

355 692 697 762 κουρήμασιν
720 689 1056 763 ἀνακτᾶσθαι
1096 687 1270 758 φιλεῖν
1306 687 1372 741 ὲκ
1394 686 1504 741 τῶν
1535 685 1811 741 ἐναντίων·
1839 685 1934 739 καὶ

2074 688 2250 743 uxiliis
2274 703 2305 743 a
2330 688 2594 744 charitate
2610 690 2863 759 profectis
2875 692 3141 747 demereri
3169 693 3361 747 melius
3390 692 3583 749 fuisset
3612 709 3626 755 ;

358 783 562 836 ἀδικεῖν
596 782 885 847 εἰωθότας,
920 782 1211 852 ἀφορήτοις
1250 796 1310 833 τε
1353 779 1448 833 καὶ
1490 780 1715 851 πικραῖς
1767 793 1937 832 κατα-

2074 793 2090 835 ι
2136 781 2325 837 solitos
2373 782 2689 850 iniuriosius
2736 789 3000 851 tractare,
3061 784 3533 853 intolerandisque
3575 794 3632 838 et

358 876 623 947 τήκοντας
654 873 851 937 λύπαις
889 874 1012 938 τοὺς
1048 875 1113 943 τῇ
1164 870 1407 943 πτωχείᾳ
1443 869 1933 941 πεφορτισμένους.

2074 872 2247 927 cerbis
2273 887 2552 929 macerare
2608 872 2871 929 molestiis
2910 875 3246 944 paupertatis
3313 890 3479 931 onere
3528 890 3624 943 op-

373 968 511 1022 Ἀλλ’
534 969 562 1022 ὃ
587 985 650 1037 γε
678 967 880 1038 Κύριος
902 966 1056 1038 ἡμῶν
1088 965 1169 1029 εἰς
1196 965 1393 1018 οἰκεῖον
1422 964 1730 1035 ἀναγράφει
1766 961 1936 1033 πρόσ-

2076 978 2278 1019 ressos.
2307 961 2511 1019 Verum
2536 964 2797 1021 Dominus
2819 974 3002 1021 noster
3026 964 3129 1020 sibi
3164 966 3308 1021 facta
3327 967 3479 1031 dicit,
3504 981 3625 1032 qua:

361 1079 514 1116 ωπον
535 1062 603 1117 τά
630 1064 711 1127 είς
735 1063 934 1126 αὐτοὺς
961 1058 1331 1131 πραττόμενα.
1374 1054 1583 1111 Οὐκοῦν
1608 1054 1671 1109 οὐ
1703 1051 1939 1126 μετρίως

2074 1072 2094 1110 a
2126 1054 2247 1111 illos
2263 1054 2419 1110 ﬁunt.
2444 1055 2624 1123 Quare
2647 1071 2753 1111 non
2784 1056 3132 1113 mediocriter
3174 1059 3339 1115 Dcum
3393 1056 3623 1113 offendi-

362 1155 483 1225 Θεῷ
510 1154 943 1226 προσκρούομεν,
986 1149 1433 1213 πλεονεκτοῦντες
1459 1148 1550 1203 τὸν
1578 1147 1803 1218 ἀσθενῆ,
1843 1146 1942 1201 καὶ

366 1243 655 1307 τύπτοντες
683 1244 783 1315 μὲν
806 1240 1058 1296 ταπεινὸν
1090 1241 1356 1311 πυγμαῖς,
1395 1237 1577 1303 καθὼς
1611 1237 1939 1308 γέγραπται,

367 1336 891 1408 καταπικραίνοντες
925 1336 983 1390 δὲ
1018 1336 1140 1399 ταῖς
1168 1332 1493 1404 δυσθυμίαις
1520 1333 1646 1396 τοὺς
1685 1333 1753 1403 τῇ
1787 1347 1941 1384 πτω-

369 1430 488 1501 χείᾳ
519 1428 985 1501 κατηχθημένους,
1014 1427 1190 1481 καίτοι
1217 1429 1373 1497 χεῖρα
1410 1425 1610 1496 μᾶλλον
1637 1423 1946 1494 ὀφείλοντες

368 1520 582 1592 ὀρέγειν
610 1521 794 1584 αὐτοῖς
829 1519 928 1591 τὴν
956 1517 1299 1590 φιλάλληλον.
1332 1534 1351 1567 ι
1397 1515 1563 1570 Πενία
1588 1514 1720 1587 γὰρ,
1754 1513 1942 1584 φησιν,

371 1610 539 1680 ἄνδρα
569 1611 837 1672 ταπεινοῖ,
873 1610 1055 1680 χεῖρες
1099 1607 1157 1661 δὲ
1205 1606 1465 1677 ἀνδρείων
1508 1605 1876 1669 πλουτίζουσι.
1923 1623 1943 1655 ι

374 1701 579 1770 Γράφει
608 1699 665 1753 δέ
694 1716 796 1753 που
834 1700 930 1754 καὶ
964 1702 993 1754 ό
1022 1697 1257 1771 Χριστοῦ
1289 1697 1557 1769 μαθητής·
1600 1714 1619 1747 ι
1672 1692 1950 1766 Θρησκεία

376 1792 593 1864 καθαρὰ
638 1794 732 1846 καὶ
781 1792 1045 1864 ἀμίαντος
1094 1790 1247 1863 παρά
1286 1789 1406 1861 Θεῷ
1456 1790 1549 1843 καί
1583 1788 1759 1858 lla.th
1808 1784 1948 1856 αὕτη

2043 1162 2185 1209 mus.
2214 1147 2344 1202 dum
2392 1147 2668 1203 infirmum
2722 1149 3198 1215 circumvenimus,
3254 1159 3310 1204 et
3367 1150 3624 1205 humilem

2042 1253 2223 1309 pugno
2258 1239 2607 1307 percutimus,
2642 1248 2702 1294 ut
2727 1242 2984 1312 scriptum
3020 1251 3138 1308 est,
3193 1242 3356 1313 267
3400 1257 3626 1297 exacer-

2047 1331 2235 1385 bantes
2262 1331 2430 1385 animi
2468 1331 2795 1387 meroribus
2820 1347 2915 1388 eos
2949 1349 3084 1404 quos
3117 1335 3451 1404 paupertatis
3489 1350 3630 1390 onus

2046 1429 2254 1489 gravat,
2280 1435 2403 1475 cum
2432 1423 2604 1491 magis
2633 1435 2826 1476 manus
2856 1422 3062 1477 amoris
3086 1432 3271 1475 mutua
3300 1422 3407 1477 illis
3453 1424 3631 1492 porri-

2047 1512 2219 1580 genda
2248 1509 2407 1567 foret.
2440 1530 2459 1563 ι
2500 1510 2797 1583 Paupertas
2831 1511 3001 1577 enim,
3056 1513 3254 1582 inquit,
3311 1515 3487 1569 virum
3530 1515 3631 1569 hu-

2049 1601 2241 1666 miliat,
2279 1616 2471 1657 manus
2498 1613 2675 1658 autem
2695 1602 2918 1658 fortium
2941 1602 3121 1658 ditant
3144 1604 3213 1658 “.
3247 1623 3266 1657 ›
3302 1603 3505 1660 Scribit
3531 1603 3632 1659 ali-

2052 1694 2172 1749 cubi
2194 1694 2356 1749 etiam
2389 1693 2591 1749 Christi
2637 1696 2963 1766 discipulus:
3012 1716 3032 1749 ι
3074 1696 3283 1767 Religio
3334 1697 3533 1751 munda
3576 1705 3632 1750 et

2055 1785 2396 1841 immaculata
2415 1788 2556 1856 apud
2586 1786 2751 1843 Deum
2776 1799 2832 1843 et
2860 1787 3077 1844 Patrem
3122 1790 3239 1844 haec
3263 1798 3370 1854 est,
3413 1789 3636 1842 visitare

377 1884 544 1949 ἐστὶν,
575 1882 1000 1937 ἐπισκέπτεσθαι
1035 1882 1306 1954 ὀρφανοὺς
1352 1882 1446 1934 καὶ
1475 1881 1650 1953 χήρας
1679 1880 1737 1932 ὲν
1761 1879 1829 1949 τῇ
1856 1893 1948 1929 τα-

2074 1878 2284 1950 )upillos
2312 1888 2368 1934 et
2390 1880 2579 1935 viduas
2619 1879 2673 1934 in
2694 1880 3044 1936 tribulatione
3073 1881 3337 1950 ipsorum,
3368 1880 3636 1935 etimtna-

378 1974 633 2029 πεινὼσει
667 1973 869 2044 αὐτῶν,
900 1974 996 2029 καὶ
1025 1973 1251 2029 ἄσπιλον
1286 1972 1477 2027 ἑαυτὸν
1508 1971 1696 2044 τηρεῖν
1727 1968 1839 2023 ἀπὸ
1859 1965 1956 2021 τοῦ

379 2066 605 2137 κόσμου.
660 2085 676 2116 ι

450 2157 559 2212 Καὶ
597 2157 741 2211 ὀδόν
766 2155 1060 2210 ταπεινῶν
1089 2154 1407 2221 ἐξέκλιναν

451 2249 551 2301 IZ'.
584 2246 753 2300 Τοῦτο
778 2247 993 2317 νοήσεις
1027 2245 1170 2316 δίχα.
1210 2245 1281 2297 Ἢ
1309 2244 1417 2313 γὰρ
1459 2240 1637 2295 ὲκεῖνό
1670 2256 1852 2313 φησιν,
1878 2238 1962 2292 ὅτι

385 2339 792 2407 πεφρονήκασιν
818 2336 1124 2406 ὑπέρογκα,
1158 2335 1253 2388 καὶ
1287 2331 1614 2399 θεοστυγοῦς
1642 2330 1961 2395 ἀλαζονείας

384 2434 464 2495 είς
509 2430 666 2484 τοῦτο
705 2430 933 2501 ἣκουσιν
981 2428 1043 2481 τὸ
1092 2427 1310 2498 μέτρον,
1340 2425 1415 2489 ὡς
1456 2422 1839 2496 παραιτεῖσθαι
1867 2422 1963 2475 καὶ

384 2523 665 2591 ἀδελφοὺς,
704 2523 751 2575 εί
795 2520 871 2591 μὴ
910 2518 1125 2590 πλούτῳ
1170 2516 1528 2589 περιχέοιντο,
1575 2513 1671 2567 καὶ
1706 2513 1963 2584 λαμπρὰς

385 2616 557 2686 ἔχοιεν
592 2613 692 2678 τὰς
746 2611 1088 2684 περιουσίας,
1132 2610 1309 2679 μισεῖν
1351 2606 1408 2660 δὲ
1440 2606 1629 2677 ὥσπερ
1679 2604 1814 2658 ίὲναι
1869 2604 1965 2657 καὶ

386 2706 526 2762 κατά
551 2704 716 2759 ταυτδ
750 2706 863 2767 τοῖς
890 2703 990 2755 οὐκ
1019 2701 1159 2770 ἄγαν
1185 2698 1513 2770 ὲξησκηκόσι
1536 2696 1595 2749 τὸ
1626 2694 1965 2766 φιλοχρήμα-

386 2818 477 2854 τον
502 2798 697 2863 πάθος,
730 2797 779 2850 οἳ
813 2797 908 2850 καὶ
936 2795 1042 2847 εἰσὶ
1068 2793 1335 2855 ταπεινοὶ,
1361 2790 1454 2844 τὸν
1482 2791 1685 2843 εἰκαῖον
1713 2786 1809 2841 τοῦ
1851 2785 1967 2856 βίου

387 2890 739 2961 διωθούμενοι
770 2887 951 2942 σάλον.
981 2885 1187 2954 Ἥγουν
1208 2884 1290 2936 ὃτι
1314 2881 1625 2953 καθηγηταί.
1654 2878 1965 2949 γεγονότες,

388 2983 486 3036 καὶ
535 2980 680 3035 λαῶν
729 2978 1046 3051 ἡγούμενοι,
1099 2974 1497 3047 παρευθύνουσι
1546 2973 1646 3043 τὴν
1689 2972 1808 3025 ὁδὸν
1857 2970 1968 3023 τῶν

389 3072 814 3141 ἀσθενεστέρων,
843 3071 962 3141 ἢτοι
1002 3067 1111 3123 τῶν
1136 3064 1429 3131 ταπεινῶν,
1468 3064 1623 3136 δῆλον
1662 3063 1718 3117 δὲ
1746 3065 1829 3117 ὅτι
1858 3060 1967 3115 τῶν

390 3165 602 3222 οἴκοθεν
640 3165 737 3235 μὲν
761 3163 860 3216 οὐκ
894 3160 1123 3232 ἐχόντων
1155 3159 1252 3230 τὴν
1293 3156 1387 3212 τοῦ
1422 3156 1791 3229 συμφέροντος
1819 3172 1967 3226 ator,-

395 3275 478 3313 σιν
507 3255 729 3330 ἀκριϐῆ,
775 3252 1189 3327 προσκειμένων
1212 3250 1270 3303 δὲ
1320 3248 1516 3317 μᾶλλον
1553 3250 1673 3310 ταῖς
1700 3246 1810 3300 τῶν
1852 3263 1972 3297 παι-

394 3349 785 3421 δαγωγούντων
813 3348 1041 3416 φωναῖς.
1059 3342 1295 3414 Πλείστη
1312 3342 1368 3395 δὲ
1382 3343 1479 3412 ὅση
1503 3339 1710 3411 πληθὺς
1725 3340 1758 3409 ἠ
1773 3338 1969 3392 τοιάδε.

399 3443 542 3498 Ζῶσι
575 3441 675 3512 μὲν
704 3438 813 3509 γὰρ
844 3435 1300 3507 ἀπεριεργότερον
1322 3432 1413 3486 καὶ
1440 3433 1498 3484 ἐν
1520 3428 1784 3500 ἀπλότητί
1808 3446 1973 3493 τινες,

397 3536 737 3605 ἀπήρτηνται
782 3532 838 3585 δὲ
880 3529 981 3599 τῆς
1030 3529 1138 3581 τῶν
1185 3524 1545 3578 διδασκόντων
1593 3522 1800 3592 φωνῆς,
1857 3521 1975 3591 ἦτοι

401 3624 796 3693 παιδαγωγίας,
846 3620 940 3674 καὶ
966 3621 1143 3690 ἤνπερ
1193 3618 1259 3670 ἂν
1307 3615 1528 3685 μάθοιεν
1574 3609 1633 3666 εὖ
1661 3612 1807 3682 ἔχειν
1836 3611 1974 3675 ὁδὸν,

399 3718 652 3788 ἀγαπῶσι
708 3714 850 3769 λίαν.
882 3710 1089 3765 Οὐκοῦν
1140 3709 1324 3779 οἱμὲν
1372 3705 1525 3774 σοφοὶ
1574 3706 1669 3758 καί
1712 3702 1978 3771 θεοφιλεῖς

402 3814 511 3868 τῶν
545 3806 905 3879 καθηγεῖσθαι
934 3803 1231 3873 λαχόντων,
1265 3798 1367 3869 τὴν
1401 3798 1487 3850 ἐπ’
1518 3795 1648 3849 εὐθὺ
1675 3792 1978 3846 δεικνύουσι

401 3898 608 3970 τρίϐον,
642 3896 706 3949 δι’
739 3889 807 3965 ἦς
838 3892 984 3963 μάλα
1011 3890 1337 3960 διᾴττοντες,
1372 3885 1474 3957 τὴν
1496 3884 1827 3938 ἁνδάνουσαν
1861 3880 1980 3952 Θεῴ

405 3987 728 4060 κατορθοῦσι
758 3986 923 4055 ζωήν.
957 3983 1019 4035 Ol
1049 3981 1107 4034 δὲ
1130 3978 1193 4049 δὴ
1223 3976 1438 4049 μακρὰν
1464 3973 1561 4027 τοῦ
1594 3973 1738 4026 θείου
1776 3987 1980 4043 πεφρο-

406 4082 630 4155 νηκότες
654 4079 839 4149 νόμον.
873 4072 1271 4145 παρευθύνουσι
1293 4068 1402 4121 τῶν
1429 4064 1698 4120 ταπεινῶν
1722 4062 1818 4135 τὴν
1842 4064 1980 4124 ὁδὸν,

408 4154 513 4240 ἔξω
538 4170 633 4225 τοῦ
684 4169 890 4231 εἰκότος
924 4165 1018 4217 καὶ
1041 4162 1135 4216 τοῦ
1161 4160 1459 4234 πρέποντος
1488 4156 1705 4227 ἀληθῶς
1729 4154 1985 4223 γενέσθαι

411 4262 921 4338 παρασκευάζοντες
942 4256 1142 4329 (ὁποῖόν
1162 4273 1215 4308 τι
1240 4254 1496 4324 δέδρακεν
1527 4248 1830 4320 Ἱεροϐοάμ,
1857 4249 1987 4301 ἀνα-

415 4354 690 4417 πεπεικὼς
730 4350 1056 4424 προσκυνεῖν
1083 4350 1204 4409 ταῖς
1237 4341 1637 4415 χειροτεύκτοις
1673 4338 1984 4410 δαμάλεσι),

414 4452 508 4505 καὶ
535 4448 937 4516 ἀποστήσαντες
971 4438 1090 4493 ὀδοῦ
1125 4438 1222 4507 τῆς
1253 4438 1331 4500 είς
1365 4433 1493 4487 εὐθύ
1531 4450 1591 4485 τε
1632 4432 1729 4484 καὶ
1755 4429 1983 4501 ἀγαθὸν,

414 4543 506 4597 τοῦ
543 4535 921 4611 προσκεῖσθαι,
960 4531 1124 4603 φημὶ,
1158 4528 1238 4599 τῷ
1264 4528 1421 4597 φύσει
1456 4524 1594 4595 Θεῷ.

500 4630 836 4686 Ἐκκλίνουσι
862 4624 969 4677 τῶν
994 4619 1265 4676 ταπεινῶν
1294 4618 1392 4681 τὰς
1422 4612 1575 4679 ὁδοὺς
1614 4614 1706 4669 καὶ
1729 4614 1778 4666 οἱ
1808 4612 1990 4682 λέγειν

416 4726 476 4780 οῦ
516 4719 939 4794 παραιτούμενοι
969 4713 1045 4785 τῷ
1072 4713 1219 4783 ἠπίῳ
1266 4709 1363 4772 τὰς
1402 4708 1627 4780 φρένας·
1671 4707 1826 4760 Ἐλοὲ
1872 4705 1991 4775 μεθ’

418 4816 595 4888 ἡμῶν,
632 4812 958 4882 κοινώνησον
990 4804 1239 4876 αἵματος
1271 4802 1480 4857 ἀδίκου.
1521 4799 1858 4855 Ἐκκλίνουσι
1882 4798 1994 4850 τῶν

417 4906 693 4964 ταπεινῶν
726 4905 826 4975 τὴν
854 4901 969 4956 ὁδὸν
999 4899 1093 4954 καὶ
1137 4900 1185 4950 οἱ
1225 4895 1334 4949 τῶν
1375 4891 1841 4965 ὲκκλησιαστικῶν
1870 4890 1995 4957 δογ-

425 5004 609 5073 μάτων
650 4996 1090 5070 παρατρέποντες
1119 4990 1217 5061 τὴν
1256 4987 1523 5059 ὀρθότητα
1553 4985 1644 5038 ἐπί
1662 5001 1724 5053 γε
1760 4983 1820 5037 τὸ
1847 4982 1999 5052 σφίσι

422 5092 635 5155 δοκοῦν,
663 5090 757 5144 καὶ
787 5086 1007 5141 σκολιὰν
1062 5083 1157 5137 καὶ
1179 5078 1616 5151 διεστραμμένην
1648 5078 1783 5130 ἱέναι
1812 5074 1998 5147 τρίὸον

423 5187 516 5240 τὸν
537 5184 645 5237 τῶν
687 5175 1068 5247 ἁπλουστέρων
1116 5169 1505 5233 ἀναπείθοντες
1548 5167 1703 5222 νοῦν·
1749 5166 1848 5220 καὶ
1892 5165 2002 5235 γὰρ

426 5278 541 5331 ἔστι
571 5275 701 5344 παρ’
752 5270 934 5331 αὐτοῖς
982 5264 1139 5337 ὀρθὸν
1199 5262 1297 5333 μὲν
1365 5262 1536 5326 οὐδὲν,
1585 5257 2004 5329 ἐκτετραμμένα

426 5368 485 5422 δὲ
516 5366 714 5438 μᾶλλον
768 5360 863 5415 καὶ
891 5357 1099 5427 ἀκαλλῆ
1130 5356 1369 5427 ῥήματα,
1396 5352 1490 5405 καὶ
1516 5349 1782 5420 συνθῆκαι
1808 5347 2003 5417 λόγων,

429 5457 682 5521 ἀσεῦείας
716 5471 774 5508 τε
804 5449 940 5523 ὁμοῦ
975 5450 1071 5503 καί⁸
1102 5445 1375 5517 ἀμαθείας
1409 5442 1653 5515 ἔμπλεοι.

500 5548 610 5604 Καὶ
644 5544 773 5610 υίὸς
826 5541 925 5595 καὶ
971 5536 1169 5606 πατὴρ
1207 5534 1663 5602 εἰσεπορεύοντο
1707 5528 1858 5598 πρὸς
1894 5527 2011 5596 τὴν

432 5639 628 5704 αὐτὴν
666 5633 1018 5697 παιδίσκην,
1068 5628 1229 5691 ὅπως
1271 5621 1669 5691 βεϐηλώσωσι
1717 5621 1784 5673 τὸ
1817 5619 2009 5687 ὄνομα

434 5730 542 5786 τοῦ
577 5726 723 5782 Θεοῦ
754 5722 970 5778 αὐτῶν.

2057 1971 2291 2027 calatum
2320 1987 2379 2027 se
2406 1972 2684 2029 custodire
2710 1974 2779 2029 ab
2803 1975 2904 2030 hoc
2938 1972 3135 2029 saeculo
3162 1972 3258 2027 “'.
3296 1991 3315 2025 ι

2127 2150 2197 2204 Ει
2226 2150 2376 2205 υίαηι
2394 2151 2668 2205 humilium
2687 2151 3099 2208 declinaverunt.

2129 2241 2290 2297 XVII.
2323 2243 2439 2299 Hoc
2466 2243 2714 2298 bifariam
2746 2245 3033 2317 intelliges.
3064 2246 3174 2302 Aut
3210 2245 3359 2301 enim
3405 2244 3535 2300 illud
3567 2245 3642 2300 di-

2061 2335 2156 2401 cit,
2180 2351 2337 2405 supra
2370 2339 2587 2392 modum
2621 2335 2835 2393 inﬂatos
2873 2337 3061 2404 fuisse,
3080 2345 3136 2393 et
3193 2353 3261 2394 eo
3311 2341 3637 2409 arrogantia:

2062 2425 2173 2480 Deo
2206 2426 2435 2481 ndibiles
2459 2430 2695 2494 venisse,
2727 2438 2786 2482 ut
2834 2437 2889 2482 et
2941 2428 3141 2485 fratres
3199 2440 3637 2499 aspernarentur,

2066 2518 2166 2573 nisi
2199 2518 2389 2586 Opibus
2404 2518 2919 2585 circumﬂuerent,et
2935 2520 3243 2590 splendidas
3262 2534 3441 2575 rerum
3462 2521 3643 2590 copias

2065 2609 2347 2671 haberent,
2372 2620 2832 2680 gravarenturque
2888 2611 3288 2681 quodammodo
3329 2614 3517 2668 eadem
3557 2612 3643 2665 via

2067 2716 2188 2754 cum
2232 2701 2299 2755 iis
2349 2700 2578 2771 ingredi,
2630 2703 2723 2772 qui
2793 2704 2845 2757 in
2902 2704 3113 2759 ratione
3190 2705 3433 2773 pecuniae
3482 2717 3646 2758 avare

2067 2793 2378 2862 colligenda:
2412 2810 2516 2849 non
2542 2805 2722 2850 essent
2744 2797 2960 2867 egregie
2986 2797 3295 2862 exercitati,
3324 2798 3415 2866 qui
3445 2806 3502 2851 et
3546 2797 3648 2852 hu—

2070 2885 2224 2940 miles
2248 2895 2394 2952 sunt,
2428 2886 2682 2943 fortuitos
2718 2890 2838 2944 vitae
2865 2889 3062 2945 fluctus
3092 2891 3160 2945 ab
3197 2906 3255 2946 se
3297 2890 3644 2960 repellentes.

2071 2980 2176 3032 Aut
2199 2979 2325 3049 quia
2383 2981 2629 3050 magistri
2678 2990 2732 3036 et
2793 2983 2956 3038 duces
2983 2983 3163 3054 papuli
3199 2984 3343 3037 viam
3378 2982 3652 3039 declinant.

2073 3074 2432 3141 inﬁrmorum,
2456 3076 2571 3130 sive
2596 3075 2901 3140 humilium,
2924 3091 3111 3131 eorum
3142 3075 3375 3151 scilicet,
3405 3075 3497 3145 qui
3557 3090 3655 3143 per

2073 3182 2131 3222 se
2151 3177 2455 3222 accuratam
2488 3168 2700 3223 utilium
2726 3179 2969 3223 IIOllllam
3008 3184 3114 3223 non
3147 3169 3385 3233 habent;
3414 3166 3507 3222 sed
3529 3182 3654 3220 cru-

2072 3260 2334 3313 dieutium
2365 3274 2423 3313 se
2453 3261 2677 3315 vocibus
2709 3260 2888 3329 potius
2920 3261 3216 3317 adhaerent.
3246 3259 3457 3313 Talium
3497 3259 3653 3313 turba

2075 3350 2231 3419 longe
2258 3352 2489 3405 maxima
2521 3361 2626 3406 est.
2659 3350 2861 3406 Vivunt
2885 3353 3030 3407 enim
3054 3352 3271 3422 quidam
3328 3350 3655 3406 ’ncuriosius

2074 3451 2129 3496 et
2159 3441 2211 3495 in
2240 3442 2609 3511 simplicitate,
2642 3458 2672 3496 a
2732 3442 2953 3499 vocibus
2990 3442 3328 3508 docentium,
3360 3443 3475 3497 sive
3508 3442 3660 3497 insti-

2078 3535 2282 3587 tutinne
2308 3535 2623 3602 pendentes,
2645 3544 2699 3589 et
2743 3551 2904 3607 quam
2954 3537 3094 3591 viam
3136 3537 3330 3592 bonam
3393 3551 3660 3603 cogitave-

2079 3625 2208 3688 rint,
2243 3627 2589 3680 vehementer
2637 3636 2841 3683 amant.
2894 3626 3181 3697 Sapientes
3232 3629 3396 3699 igitur
3439 3639 3493 3684 et
3563 3626 3661 3682 Dei

2080 3726 2321 3770 nutantes
2346 3716 2586 3785 magistri
2611 3718 2678 3772 ad
2710 3719 2763 3772 id
2799 3719 2941 3788 quod
2971 3730 3179 3773 rectum
3227 3730 3332 3785 est,
3372 3722 3664 3775 ostendunt

2082 3806 2206 3872 iter,
2230 3822 2326 3875 per
2352 3807 2493 3876 quod
2546 3809 2790 3864 actiones
2843 3824 2970 3864 suas
3029 3819 3433 3879 componentes,
3499 3811 3663 3864 vitam

2082 3897 2193 3952 Deo
2224 3897 2473 3967 placitam
2511 3898 2742 3955 feliciter
2766 3902 3073 3958 traducunt.
3100 3902 3338 3969 Quorum
3366 3911 3543 3957 autem
3572 3917 3665 3956 co—

2083 3989 2370 4059 gitationes
2410 4006 2439 4044 a
2472 3989 2581 4047 Deo
2611 3992 2801 4061 procul
2850 3994 3075 4059 distant,
3128 3996 3451 4064 detorquent
3484 3996 3667 4049 Immi—

2087 4078 2213 4132 lium
2235 4079 2399 4143 viam,
2420 4078 2753 4150 faciuntque,
2776 4090 2837 4135 ut
2863 4090 3017 4136 extra
3052 4082 3102 4135 id
3125 4082 3269 4150 quod
3329 4096 3541 4150 mqunm
3564 4091 3667 4145 est,

2086 4181 2140 4224 ct
2165 4187 2294 4225 vere
2324 4172 2501 4239 decet,
2526 4172 2772 4228 ferantur
2819 4174 2999 4246 (quale
3050 4172 3177 4228 fecit
3225 4172 3532 4239 Jeroboam,
3578 4173 3667 4237 qui

2087 4264 2345 4321 Israelitis
2370 4275 2560 4320 auctor
2599 4264 2737 4334 fuit,
2782 4278 2841 4319 ut
2866 4264 3062 4319 vitulus
3101 4263 3438 4319 manufactos
3478 4266 3670 4318 adura—

2091 4366 2208 4410 rent
2236 4355 2398 4426 l*"‘),et
2417 4370 2447 4409 a
2470 4355 2553 4408 via
2579 4353 2645 4408 ad
2675 4363 2880 4409 rectum
2920 4362 2975 4408 et
3005 4354 3204 4408 bonum
3251 4351 3573 4414 deducente,
3606 4349 3673 4402 ad

2090 4449 2489 4519 adltzerendum,
2522 4446 2764 4517 inquam,
2788 4447 2861 4513 ei,
2888 4445 2980 4515 qui
3006 4454 3201 4500 natura
3234 4443 3375 4498 Deus
3407 4452 3678 4507 est,aver—

2018 4556 2063 4613 ι)
2094 4550 2224 4593 ιιιυιΔ

2159 4629 2334 4684 Etiam
2361 4627 2433 4682 illi
2465 4626 2749 4681 humilium
2773 4626 2911 4680 viam
2938 4625 3234 4692 declinant,
3294 4624 3387 4695 qui
3446 4639 3552 4679 non
3581 4624 3679 4677 du-

2092 4722 2270 4777 bitant
2305 4729 2487 4776 mente
2532 4732 2702 4789 puero
2732 4718 2960 4773 dicere:
3024 4716 3159 4773 Veni
3215 4716 3513 4779 nobiscum,
3563 4728 3681 4770 esto

2093 4812 2363 4883 particeps
2394 4810 2673 4880 sanguinis
2696 4810 2908 4880 iniusti.
2933 4809 3205 4865 Prteterea
3232 4807 3509 4864 declinant
3536 4808 3679 4861 viam

2096 4903 2401 4970 humilium,
2431 4901 2790 4972 quidogmata
2821 4901 3197 4957 ecclesiastica
3240 4899 3308 4955 ad
3356 4915 3508 4954 suam
3568 4900 3684 4967 opi-

2099 4995 2315 5049 nionem
2351 4994 2663 5063 depravant,
2691 5002 2746 5049 et
2788 4993 3174 5062 simpliciorum
3219 4991 3417 5046 animis
3464 4990 3681 5058 obliqua

2100 5093 2154 5138 et
2178 5099 2429 5153 perversa
2459 5085 2544 5138 via
2603 5084 2884 5139 ambulare
2934 5083 3279 5152 persuadent.
3333 5079 3481 5135 Nihil
3532 5084 3676 5135 enim

2105 5174 2243 5244 apud
2280 5174 2424 5244 ipsos
2448 5184 2654 5229 rectum
2695 5185 2800 5241 est,
2831 5174 2924 5229 sed
2950 5175 3129 5243 potius
3148 5176 3305 5228 verba
3340 5185 3594 5241 perversa
3635 5183 3690 5223 ct

2107 5266 2382 5331 indecora,
2413 5276 2467 5319 et
2489 5280 2771 5320 sermones
2800 5264 3109 5335 compositi,
3151 5262 3453 5333 impietatis
3521 5260 3686 5316 simul

2106 5366 2160 5412 et
2182 5357 2410 5413 inscitia:
2441 5356 2605 5427 pleni.

2188 5534 2355 5605 268
2382 5533 2448 5589 Et
2478 5535 2622 5604 ﬁlius
2654 5545 2705 5588 et
2756 5544 2904 5602 pater
2934 5532 3161 5603 ingressi
3192 5544 3311 5586 sunt
3365 5532 3433 5585 ad
3456 5531 3693 5586 eamdem

2119 5628 2390 5697 ancillam,
2423 5638 2477 5681 ιιι
2504 5630 2754 5683 violarent
2790 5645 2977 5682 nomen
2997 5626 3093 5681 Dei
3122 5626 3225 5680 sui.

508 5843 556 5876 “
588 5840 747 5897 Prov.
785 5855 835 5903 x,
875 5837 927 5890 AI.
1006 5835 1071 5866 W
1104 5832 1219 5887 Jac.
1262 5849 1298 5896 l,
1334 5831 1421 5885 27.
1503 5829 1548 5860 "
1582 5824 1646 5882 IIl
1682 5827 1818 5896 Reg.
1857 5841 1956 5891 xu,
1992 5824 2116 5883 ‘28..
