4132 6370
476 373 582 430 M3

1506 382 1565 441 ε.
1599 384 1876 442 crntLLt
1920 384 2397 442 ALEXANDRINI
2435 350 2758 446 ARCIiIEP.

3649 403 3756 460 4H

551 491 735 549 XVIII.
773 493 1002 566 Propter
1030 503 1314 566 protervas
1348 507 1403 555 et
1428 501 1852 571 reprehensione
1873 505 2041 576 digna:

2238 503 2346 561 ΗΓ.
2391 505 2516 560 Ἐπὶ
2541 506 2776 580 θερμαῖς
2809 511 2902 565 καὶ
2948 513 3305 586 ἐπιπλήκτοις
3333 517 3544 594 ἡδοναῖς
3571 537 3757 576 καται-

473 585 777 656 voluptates
819 604 1030 646 rursum
1065 591 1119 646 in
1160 607 1256 650 eos
1297 593 1605 662 invehitur,
1630 607 1686 653 et
1723 597 1775 653 in
1811 614 1920 655 uno
1961 601 2064 656 hoc

476 687 698 745 peccato
730 696 946 735 onmem
975 684 1234 751 pudorem
1263 689 1657 758 contempsisse
1677 692 2061 758 ostendit,cum

477 768 668 825 melius
694 771 909 837 luisset,
939 774 1280 831 turbulentas
1308 778 1572 835 motiones
1592 782 1972 851 comprimere,
2007 792 2064 839 et

477 861 805 930 superiorem
829 878 948 918 esse
971 864 1242 934 voluptate
1296 868 1557 925 inusitata
1606 887 1670 928 ac
1715 874 2058 942 detestanda,

472 961 524 1004 et
560 952 853 1020 praecidere
881 957 1229 1025 cupiditates,
1252 959 1580 1016 voluntatem
1599 964 1779 1020 carnis
1806 981 2062 1023 coercere

472 1053 526 1098 et
555 1043 654 1115 legi
686 1045 737 1099 in
786 1049 1044 1105 membris
1109 1053 1310 1108 nostris
1367 1052 1415 1086 ⁸⁵
1484 1054 1761 1112 ferocienti
1820 1059 2057 1127 quietem

471 1137 796 1204 persuadere
820 1139 1077 1196 scientes.
1131 1140 1339 1199 Verum
1389 1145 1486 1212 illi,
1529 1147 1597 1201 ad
1641 1158 1750 1202 tam
1799 1151 2057 1208 eximiam

469 1228 727 1285 virtutem
757 1247 860 1288 non
893 1233 1220 1302 aspirantes,
1239 1237 1351 1293 suis
1376 1239 1724 1308 passionibus
1747 1244 1874 1300 victi
1903 1257 2052 1314 sunt,

466 1321 678 1390 opinor.
713 1324 914 1381 Deinde
939 1333 1210 1397 quomodo
1234 1346 1340 1386 non
1367 1347 1488 1386 cum
1517 1335 1780 1403 sapientia
1831 1338 2055 1408 conjun-

465 1425 609 1468 ctum
640 1427 744 1480 est,
780 1420 832 1474 in
877 1422 1041 1478 rebus
1074 1425 1322 1493 turpibus
1347 1427 1537 1482 saltem
1572 1429 1771 1501 eligere
1825 1434 2054 1490 melius?

467 1506 534 1558 At
569 1509 791 1563 stultum
843 1526 1067 1579 prorsus
1102 1516 1393 1584 concipere
1434 1518 1595 1590 longe
1641 1522 2048 1594 nefandissima,

464 1604 519 1648 et
551 1596 604 1650 in
634 1603 804 1668 patris
827 1604 1003 1659 cubile
1031 1606 1236 1663 insilire
1265 1609 1458 1674 lilium,
1504 1612 1554 1666 in
1589 1613 1684 1668 lilii
1736 1629 1920 1673 autem
1953 1637 2050 1674 cn-

466 1685 576 1738 bile
599 1688 829 1744 scelesto
861 1701 913 1744 et
932 1692 1127 1749 insano
1150 1712 1334 1751 amore
1356 1701 1619 1768 percitmn
1658 1699 1787 1756 ferri
1817 1715 2046 1773 patrem,

464 1787 518 1832 et
549 1795 654 1834 non
682 1783 929 1840 dubitare
961 1785 1173 1842 facinus
1207 1790 1568 1855 committere,
1605 1794 1747 1861 quod
1786 1796 1904 1851 sine
1935 1797 2048 1868 lege

466 1870 1012 1947 Moysisnatnraipsa
1045 1896 1140 1949 pro
1179 1886 1318 1950 turpi
1346 1884 1528 1948 habet.
1566 1885 1812 1955 iratoque
1863 1890 2046 1946 animo

464 1963 934 2022 condemnandum
965 1980 1171 2024 censet.
1210 1973 1394 2041 Itaque
1426 1974 1638 2042 Ruben,
1679 1987 1903 2045 paterno
1950 1997 2046 2038 cu-

465 2057 557 2111 bili
589 2058 808 2124 violato,
839 2078 1168 2133 magnopere
1221 2066 1442 2121 oﬂendit
1474 2069 1539 2122 ⁷⁸⁷.
1599 2071 1909 2142 Indignatus
1960 2085 2045 2132 est

464 2148 591 2204 item
621 2154 968 2210 vehementer
994 2157 1195 2215 Paulus
1221 2175 1382 2231 super
1434 2163 1525 2217 tali
1578 2168 1811 2234 quodam
1837 2170 2045 2226 scelere

461 2244 602 2312 apud
641 2247 952 2304 Corinthios
1015 2263 1348 2322 perpetrato.
1412 2256 1618 2323 Quibus
1680 2259 1756 2314 ita
1802 2262 2039 2317 scribit:

465 2349 486 2384 ι
519 2333 752 2395 Οιιιηίιιο
777 2342 998 2397 auditur
1027 2343 1170 2399 inter
1191 2361 1288 2402 vos
1335 2347 1642 2415 fornicatio,
1679 2362 1733 2406 et
1775 2353 1896 2409 talis
1933 2355 2044 2410 for-

460 2428 662 2484 nicatio
720 2433 894 2498 qualis
954 2450 1054 2492 nec
1105 2437 1248 2493 inter
1310 2451 1522 2509 gentes,
1572 2453 1631 2495 ut
1669 2459 1892 2500 uxorem
1950 2463 2042 2514 pa-

461 2521 560 2576 tris
614 2524 696 2577 sui
739 2525 860 2594 quis
906 2528 1102 2585 habeat
1143 2530 1212 2585 ".
1249 2551 1270 2586 ι
1325 2533 1430 2589 Sed
1483 2550 1588 2589 non
1645 2537 1734 2592 hic
1784 2537 1900 2604 ejus
1955 2541 2039 2594 in-

459 2610 702 2682 dignatio
754 2617 932 2685 stetit,
970 2619 1191 2676 tradidit
1221 2622 1366 2677 enim
1412 2639 1532 2677 eum
1589 2628 1679 2695 qui
1725 2629 1776 2682 id
1836 2629 2041 2686 fecerat

461 2703 678 2761 Satanae
715 2706 1064 2766 ininteritnm
1112 2713 1307 2771 carnis.
1367 2715 1583 2773 Vioiant
1644 2720 1805 2789 igitur
1843 2739 2037 2778 nomen

461 2798 552 2851 Dei
578 2798 662 2853 sui
697 2799 1063 2871 hujuscemodi
1092 2807 1438 2874 passionibus
1473 2811 1740 2881 impliciti.
1767 2813 1874 2869 Nec
1945 2831 2041 2874 eos

458 2890 709 2946 sordibus
741 2903 796 2947 et
826 2893 1162 2952 immnnditia
1191 2899 1428 2955 divinam
1467 2914 1713 2957 naturam
1751 2921 2040 2978 aspergere

459 2979 714 3037 dicimus.
744 2983 844 3050 Qui
867 2987 1013 3041 enim
1051 2989 1234 3044 istud?
1265 2991 1359 3046 sed
1425 2991 1787 3062 blaspliemari
1835 2997 2040 3055 faciunt

459 3073 634 3141 potius
670 3076 1043 3131 universorum
1079 3081 1264 3146 Deum,
1295 3092 1352 3136 ut
1383 3085 1474 3154 qui
1545 3089 1755 3157 populis
1793 3092 2038 3161 profanis

2165 597 2349 652 τιᾶται
2377 599 2561 663 πάλιν,
2583 600 2678 653 καὶ
2710 602 2930 675 ἀπάσης
2959 607 3257 678 εὐκοσμίας
3289 611 3644 681 ὴφειδοκότας
3663 616 3751 687 ἐφ’

2164 687 2247 741 ἐνὶ
2278 687 2342 760 δὴ
2390 688 2568 762 τούτῳ
2612 691 2815 763 δέδειχε
2865 693 3320 769 πλημμελήματι.
3353 696 3464 755 ἸἨν
3501 705 3598 774 μὲν
3640 707 3750 779 γὰρ

2163 779 2387 851 ἄμεινον
2413 781 2472 835 τὸ
2495 784 2946 856 κατανδρίζεσθαι
2972 790 3182 856 παθῶν,
3211 792 3303 844 καὶ
3326 797 3748 867 κατευμεγεθεῖν

2162 878 2356 950 ἡδονῆς
2386 879 2618 934 ἐκτόπου
2669 882 2763 936 καὶ
2810 885 3081 956 μυσαρᾶς,
3112 886 3208 940 καὶ
3250 888 3584 943 ἀποκόπτειν
3622 891 3746 945 ἐπι-

2163 969 2381 1040 θυμίας,
2414 973 2529 1036 τοῖς
2552 973 2662 1026 τῶν
2695 975 2918 1046 σαρκῶν
2950 976 3252 1047 θελήμασιν
3273 981 3531 1052 ἐπιτιμᾷν
3575 982 3746 1050 ἐγνω-

2161 1061 2344 1125 κότας,
2380 1065 2478 1118 καὶ
2508 1070 2848 1138 κατηρεμεῖν
2871 1069 3263 1135 ἀναπείθοντας
3302 1073 3395 1126 τὸν
3425 1076 3483 1127 ἐν
3507 1077 3619 1138 τοῖς
3646 1074 3744 1145 μέ-

2159 1152 2307 1206 λεσιν
2345 1155 2505 1225 ἡμῶν
2549 1157 2901 1228 ἀγριαίνοντα
2952 1160 3136 1231 νόμον.
3183 1162 3326 1216 Ἀλλ’
3354 1160 3494 1235 ἦσαν
3546 1165 3744 1220 ἐκεῖνοι

2157 1244 2258 1312 τῆς
2303 1241 2446 1297 οῦτω
2494 1243 2754 1318 λαμπρᾶς
2806 1249 3038 1302 κατόπιν
3097 1251 3320 1322 ἀρετῆς,
3373 1255 3635 1327 ἥττηνται
3685 1255 3744 1310 δὲ

2155 1332 2296 1404 τάχα
2323 1351 2427 1387 που
2454 1335 2562 1389 τῶν
2588 1338 2669 1402 είς
2700 1339 2878 1410 σάρκα
2909 1341 3118 1396 παθῶν.
3151 1339 3286 1399 Εἶτα
3309 1345 3426 1411 πῶς
3459 1347 3521 1400 οὐ
3554 1348 3738 1417 σοφὸν,

2155 1427 2261 1479 κᾶν
2289 1427 2420 1496 γοῦν
2443 1429 2501 1481 ἐν
2531 1433 2644 1493 τοῖς
2659 1433 2911 1504 αἰσχροῖς
2936 1434 3207 1502 αἱρεῖσθαι
3227 1437 3290 1489 τὸ
3313 1437 3571 1507 ἄμεινον;
3619 1440 3739 1492 Ἐνι-

2154 1522 2296 1574 νοεῖν
2328 1538 2388 1574 τε
2440 1521 2550 1575 τῶν
2589 1523 2728 1592 ἄγαν
2783 1525 3172 1592 ἀτοπωτάτων,
3218 1529 3425 1601 πατρὸς
3471 1532 3570 1602 μὲν
3623 1531 3738 1587 υἱὸν

2151 1610 2518 1685 ἐπιθρώσκειν
2547 1616 2751 1682 εὐναῖς,
2789 1617 3002 1689 πατέρα
3030 1618 3086 1672 δὲ
3115 1619 3312 1684 αὑταῖς
3350 1621 3443 1674 τοῦ
3476 1622 3592 1676 υἱοῦ
3619 1623 3736 1676 κοί-

2150 1723 2270 1770 ταις
2311 1708 2542 1772 ἀνοσίως
2573 1710 2960 1780 ἐπιμαίνεσθαι
2990 1711 3185 1782 φιλεῖν,
3211 1713 3306 1767 καὶ
3339 1715 3536 1786 πράξει
3563 1717 3736 1771 δεινὸν

2152 1799 2369 1853 ἑλέσθαι
2397 1800 2660 1872 πληροῦν,
2691 1803 2720 1855 ὃ
2762 1804 2856 1856 καὶ
2886 1804 3020 1876 δίχα·
3036 1806 3204 1877 νόμου
3247 1807 3342 1861 τοῦ
3376 1808 3466 1862 διὰ
3491 1809 3738 1874 Μωσέως

2081 1861 2121 1916 Β
2149 1893 2182 1964 ἡ
2215 1891 2377 1961 φύσις
2419 1861 2561 1948 οἶδεν
2600 1861 2842 1966 αίσχρὺν,
2875 1861 2972 1950 καῖ
3005 1861 3117 1962 τοῖς
3153 1898 3212 1963 ἐξ
3255 1899 3425 1970 ὀργῆς
3471 1861 3735 1973 κινήμασῖ

2147 1983 2532 2048 καταδικάζειν
2580 1985 2742 2050 ἀξιοῖ.
2790 1986 3052 2056 Καὶίγοῦν
3095 1991 3123 2042 ὁ
3165 1989 3445 2060 Ῥουὸεὶμ,
3484 1992 3584 2062 τὴν
3635 1991 3732 2045 τοῦ

2147 2077 2385 2148 πατέρος
2402 2077 2668 2149 ἀδικήσας
2693 2079 2876 2150 εὐνὴν,
2910 2082 3354 2153 προσκέκρουκεν
3379 2085 3440 2138 οὐ
3472 2085 3728 2156 μετρίως.

2160 2166 2487 2236 Ἡγανὰκτει
2520 2169 2578 2222 δὲ
2620 2171 2828 2243 σφόδρα
2861 2173 2956 2226 καὶ¹
2995 2172 3210 2236 Παῦλος
3252 2175 3345 2227 ἐπὶ
3391 2175 3583 2246 τοιῷδέ
3625 2193 3744 2230 τινι

2145 2256 2520 2331 πεπραγμένῳ
2534 2261 2684 2332 παρὰ
2700 2261 3025 2332 Κορινθίοις,
3051 2264 3143 2318 καὶ
3158 2265 3484 2318 ἐπιστέλλει·
3505 2284 3524 2317 ι
3555 2267 3744 2330 ’Ὁλως-

2143 2349 2398 2403 ἀκούεται
2425 2352 2482 2403 ἐν
2518 2351 2645 2421 ὑμῖν
2689 2352 2935 2423 πορνεία,
2969 2353 3064 2406 καὶ
3102 2353 3326 2427 τοιαύτη
3354 2356 3579 2427 πορνεία
3607 2357 3730 2428 ἥτις

2143 2442 2264 2494 οὐδὲ
2299 2444 2356 2494 ἐν
2383 2444 2497 2504 τοῖς
2531 2442 2742 2497 ἔθνεσιν
2773 2443 3124 2514 ὀνομάζεται,
3153 2445 3294 2500 ὥστε
3323 2448 3558 2516 γυναῖκά
3603 2464 3741 2502 τινα,

2141 2535 2236 2588 τοῦ
2265 2535 2472 2608 πατρὸς
2518 2535 2683 2607 ἔχειν.
2727 2555 2746 2589 ι
2794 2537 2934 2590 Ἀλλ’
2980 2538 3040 2591 ού
3098 2539 3261 2611 μέχρι
3305 2540 3511 2594 τούτων
3541 2541 3726 2611 ἵστησι

2141 2629 2238 2700 τὴν
2287 2629 2680 2702 ἀγανάκτησιν.
2707 2630 3014 2702 Παρεδίδουι
3037 2631 3100 2686 δὲ’
3124 2633 3214 2687 τὸν
3249 2635 3608 2706 εἰργασμένον
3650 2635 3728 2706 τῷ

2141 2723 2377 2794 Σατανᾷ,
2414 2722 2551 2794 πρὸς
2577 2723 2801 2796 ὄλεθρον
2832 2727 2931 2795 τῆς
2959 2725 3180 2796 σαρκός.
3214 2727 3515 2799 Βεϐηλοῦσι
3543 2727 3609 2796 δὴ
3630 2725 3741 2782 οῦν·

2138 2814 2202 2866 τὸ
2232 2814 2403 2884 ὄνομα
2445 2813 2540 2867 τοῦ
2563 2813 2708 2867 Θεοῦ
2750 2816 2934 2869 αὐτῶν
2983 2818 3038 2869 of
3071 2820 3184 2882 τοῖς
3211 2819 3437 2872 τοιοῖσδε
3494 2820 3724 2875 πάθεσιν

2141 2905 2337 2976 ἔνοχοι.
2379 2905 2487 2959 Καὶ
2532 2905 2680 2961 οὗτοι
2740 2907 2843 2960 πού
2881 2925 3085 2979 φαμεν,
3126 2909 3210 2962 ὅτι
3267 2909 3568 2982 βεϐήλωσιν
3626 2914 3722 2966 καὶ

2139 2998 2482 3070 ἀκαθαρσίαν
2529 3001 2596 3070 τῇ
2651 2998 2771 3070 θείᾳ
2821 3000 3178 3073 προσέτριϐον
3225 3001 3409 3071 φύσειο
3447 3004 3570 3069 πῶς
3615 3006 3740 3077 γὰρ·

2141 3088 2227 3156 ἂν,
2263 3090 2296 3161 ἦ
2327 3089 2523 3157 πόθεν;
2561 3091 2962 3162 δυσφημεῖσθαι
3017 3092 3074 3146 δέ
3126 3091 3326 3163 μᾶλλον
3371 3096 3725 3166 παρασκευά-

459 3163 704 3233 imperet.
739 3162 875 3222 llin'c
901 3171 966 3223 ad
988 3169 1178 3226 Judam
1200 3173 1275 3227 ait
1308 3191 1321 3228 :
1351 3193 1368 3225 ι
1403 3174 1504 3229 Pcr
1524 3191 1618 3232 vos
1643 3194 1837 3236 nomen
1858 3199 2035 3240 meum

2143 3182 2293 3247 ζουσι
2316 3183 2406 3236 τὸν
2439 3182 2546 3234 τῶν
2572 3182 2708 3236 ὅλων
2729 3183 2883 3248 Θεὸν,
2916 3183 2992 3248 ὡς
3022 3162 3269 3256 βεϐήλων
3290 3162 3528 3259 ἄρχον-τα
3555 3188 3720 3243 λαῶν.

459 3255 862 3326 blasphematur
893 3260 1216 3333 ingentibus
1264 3265 1334 3322 δ’.
1379 3265 1839 3332 Quemadmodum
1890 3275 2032 3330 enim

459 3345 625 3402 Deum
656 3351 996 3408 sanctiﬁcare
1025 3355 1276 3411 dicuntur
1294 3360 1385 3428 qui
1417 3373 1562 3418 recte
1587 3365 1885 3432 vivunt,sic
1908 3384 2036 3422 eum

456 3441 660 3498 violare
688 3443 915 3517 intelligi
974 3460 1201 3516 possunt
1256 3454 1346 3523 qui
1403 3456 1672 3525 impurum
1721 3471 1778 3515 et
1805 3459 2034 3516 illauda-

452 3532 562 3591 bile
587 3538 710 3593 vitae
747 3537 1054 3595 institutum
1079 3554 1498 3624 persequuntur.

518 3727 683 3786 Vens.
717 3733 770 3788 8.
802 3733 868 3787 Et
899 3737 1204 3791 vestimenta
1226 3756 1408 3794 eorum
1437 3741 1659 3812 ligantes
1681 3745 1916 3816 funibus,
1951 3769 2032 3806 res

448 3820 646 3875 lumina
673 3825 956 3893 faciebant,
1005 3831 1332 3886 art/umentia
1382 3835 1582 3901 altari;
1633 3851 1679 3894 et
1742 3843 1931 3897 uiuunt
1969 3862 2034 3898 ea:

449 3914 731 3971 calumniis
754 3917 991 3973 bibebant
1023 3922 1078 3975 in
1105 3923 1262 3978 domo
1289 3923 1386 3980 Dei
1403 3931 1506 3982 sui.

520 4092 662 4148 XIX.
693 4094 948 4155 Dominus
979 4110 1164 4158 noster
1181 4101 1337 4160 Jesus
1375 4105 1622 4163 Christus
1655 4127 1758 4166 non
1786 4114 1854 4168 ob
1878 4113 2023 4170 aliud

449 4185 630 4242 divina
670 4190 863 4261 templa
893 4193 1208 4250 aedificanda
1235 4196 1459 4264 docens,
1487 4215 1647 4271 quam
1679 4215 1736 4258 ut
1791 4205 1845 4261 in
1902 4208 2030 4278 ipsis

451 4277 826 4336 universorum
864 4280 1007 4339 Deus
1032 4284 1382 4355 glorificetur,
1416 4299 1471 4344 et
1524 4308 1643 4360 (ποτε
1697 4294 1843 4350 ἰΙΙιιιη
1877 4277 2031 4352 decet

2136 3277 2248 3331 Καὶ
2277 3275 2408 3346 γοῦν
2429 3275 2532 3348 ἔφη
2564 3293 2667 3329 που
2695 3277 2833 3349 πρὸς
2871 3277 3096 3332 Ἰούδαν·
3133 3296 3151 3330 ι
3189 3281 3268 3332 Δι’
3303 3281 3448 3350 ὑμᾶς
3470 3282 3530 3336 τὸ
3553 3283 3742 3354 ὄνομά.

2138 3386 2240 3440 μου
2291 3367 2695 3439 βλασφημεῖται
2747 3371 2804 3422 ἐν
2854 3372 2966 3433 τοῖς
3017 3370 3245 3425 ἔθνεσιν.
3294 3391 3313 3424 ι
3353 3375 3561 3447 Ὥσπερ
3613 3377 3740 3448 γὰρ.

2136 3457 2383 3527 ἁγιάζειν
2414 3458 2660 3528 λέγονται
2695 3459 2785 3512 τὸν
2828 3459 2962 3512 Θεὸν
2991 3461 3037 3512 οἱ
3071 3461 3275 3526 ζῶντες
3313 3463 3510 3535 ὀρθῶς,
3550 3464 3724 3530 οὕτως

2135 3552 2202 3604 ἂν
2261 3553 2463 3606 νοοῖντο
2514 3551 2777 3624 βεϐηλοῦν
2823 3555 2872 3606 οί
2913 3553 3010 3624 τὴν
3057 3554 3367 3627 ἀκάθαρτον
3411 3558 3506 3618 καὶ
3552 3557 3736 3612 ἀκλεᾶ.

2134 3649 2544 3718 ἐπιτηδεύοντες
2579 3648 2875 3703 πολιτείαν.

2204 3741 2311 3795 Καὶ
2363 3740 2435 3794 τὰ
2483 3739 2681 3809 ἱμάτια
2713 3739 2911 3796 αὐτῶν
2963 3740 3363 3810 δεσμεύοντες
3401 3744 3732 3812 σχοινίοις,

2132 3832 2644 3902 παραπετάσμαῖα
2672 3833 2922 3887 ἐποίουν
2953 3834 3212 3904 ἐχόμενα
3250 3835 3359 3889 τοῦ
3391 3839 3722 3906 θυσιαστη-

2125 3926 2298 3994 ρίου’
2349 3924 2445 3979 καὶ
2477 3925 2644 3978 οἶνον
2688 3925 2757 3977 ἐκ
2806 3939 3230 3994 συκοφαντιων
3271 3926 3485 3982 ἔπινον
3524 3929 3596 3982 ἐν
3639 3929 3729 3995 τῷ.

2132 4019 2275 4084 οἴκῳ
2314 4017 2418 4070 τοῦ
2453 4017 2601 4071 Θεοῦ
2628 4016 2848 4070 αὐτῶν.

2204 4110 2301 4164 ΙΘ’.
2353 4109 2409 4162 '0
2441 4108 2644 4179 Κύριος
2671 4109 2830 4180 ἡμῶν
2875 4108 3083 4182 Ἰησοῦς
3107 4110 3362 4182 Χριστὸς,
3401 4112 3499 4182 οὐχ
3529 4112 3716 4183 ἐτέρου

2132 4219 2223 4255 του
2254 4201 2414 4272 χάριν
2444 4203 2570 4264 τοὺς
2611 4200 2788 4264 θείους
2822 4201 3022 4272 χρῆναι
3056 4202 3221 4266 ναοὺς
3243 4203 3610 4257 ἐπιτελεῖσθαι
3642 4204 3732 4258 διε

2130 4294 2364 4358 δάσκων,
2395 4292 2426 4363 ἢ
2486 4291 2625 4345 ὥστε
2670 4291 2968 4360 δοξολογεῖν
3015 4293 3072 4345 ἐν
3105 4294 3286 4356 αὐτοῖς
3315 4293 3407 4346 τὸν
3448 4294 3556 4348 τῶν
3581 4294 3728 4348 ὅλων.

435 4358 695 4425 ἐὐοηιιίο
717 4373 1060 4439 adhibeatur,
1094 4376 1384 4447 aliquando
1408 4358 1717 4438 Judaiorum
1746 4384 2027 4443 institores

2141 4386 2380 4449 θεὸνμαὶ
2403 4385 2498 4457 τὴν
2524 4384 2674 4455 αύτῷ
2698 4384 3014 4454 πρέπουσαν
3027 4387 3296 4439 ποιεῖσθαι
3323 4387 3713 4459 προσκύνησιν,

450 4461 734 4531 increpuit,
757 4465 848 4533 qui
879 4466 1132 4522 animalia
1165 4469 1218 4523 in
1250 4471 1506 4540 templum
1525 4474 1874 4544 adducerent,
1903 4493 2025 4533 cum

2130 4478 2369 4548 ἐπετίμα
2415 4477 2546 4530 ποτέ
2586 4479 2700 4540 τοῖς
2745 4477 3018 4532 Ἰουδαίων
3069 4479 3353 4550 ἐμπόροις,
3405 4483 3730 4552 παρακομί--

449 4553 584 4609 dixit
616 4572 630 4609 :
660 4575 679 4608 ι
711 4555 912 4614 Domus
943 4561 1296 4626 mea,domus
1327 4563 1494 4635 269
1513 4566 1776 4623 orationis
1809 4571 2029 4627 vocabi-

2141 4572 2318 4636 ζουσιν
2349 4571 2404 4623 ἐν
2431 4569 2506 4640 τῷ
2538 4569 2668 4640 ἱερῷ
2709 4569 2842 4634 ζῶα.
2879 4571 3220 4642 Γέγραπταισ
3252 4590 3274 4626 ι
3317 4573 3375 4628 Ὀ
3403 4570 3553 4638 οἶκός
3589 4550 3726 4646 μου,.

451 4655 538 4707 ωι-
563 4647 632 4714 '0,
665 4667 683 4700 ι
735 4651 1081 4721 adjungitque
1128 4668 1284 4708 sacra
1345 4656 1644 4726 Scriptura,
1715 4664 2026 4720 recordatos

451 4737 618 4793 fuisse
648 4740 959 4810 discipulos,
978 4743 1101 4810 quia
1133 4745 1394 4813 scriptum
1423 4747 1495 4800 sit
1526 4764 1540 4802 :
1609 4767 1635 4800 ι¹
1655 4750 1814 4806 Zelus
1833 4752 2027 4809 domus

451 4838 553 4884 tua:
583 4833 823 4888 comedit
849 4849 934 4889 me
962 4834 1033 4888 “.
1079 4855 1098 4889 ι
1137 4834 1400 4907 Objnrgat
1425 4840 1589 4895 etiam
1619 4841 1814 4899 Paulus
1862 4859 2026 4915 quos-

448 4923 570 4976 dam
598 4923 794 4978 similia
817 4926 1014 4982 audere
1077 4928 1282 4984 solitos.
1320 4949 1338 4982 ι
1402 4931 1649 5003 Nunquid
1697 4933 1888 4992 domos
1918 4954 2023 4992 non

449 5013 682 5082 habetis,
709 5017 901 5087 inquit,
931 5019 997 5073 ad
1029 5023 1465 5078 manducandum
1491 5033 1546 5080 et
1583 5027 1894 5091 bibendum,
1931 5039 2024 5084 aut

446 5107 731 5164 ecclesiam
762 5110 853 5165 Dei
891 5114 1328 5170 contemnitis"?
1363 5135 1381 5168 ι
1418 5117 1627 5188 Ubique
1659 5120 1817 5189 igitur
1837 5122 2027 5178 obesse

449 5211 690 5271 apparet,
728 5202 925 5259 divinis
972 5206 1178 5260 aedibus
1245 5217 1498 5278 tanquam
1541 5212 1917 5268 communibus
1972 5224 2028 5269 et

449 5292 710 5360 profanis,
736 5305 792 5349 et
814 5295 1104 5366 unicuique
1131 5301 1365 5370 propriis
1417 5301 1589 5357 abuti.
1625 5301 1722 5358 Ubi
1749 5305 1892 5359 enim
1912 5305 2020 5372 jam

451 5383 557 5435 Deo
584 5383 910 5440 conveniens
927 5385 1102 5442 cultus
1129 5399 1379 5458 praestetu
1391 5407 1434 5455 r,
1481 5395 1523 5447 si
1555 5403 1681 5449 ante
1702 5395 1886 5451 oculos
1908 5395 2024 5464 ejus

448 5474 629 5529 carnis
659 5475 1024 5545 voluptatibus
1055 5481 1398 5538 serviamus?
1423 5494 1477 5539 et
1498 5486 1548 5540 in
1585 5488 1780 5558 quibus
1809 5499 2026 5560 pr0pter

449 5567 862 5623 sanctimoniam
893 5571 1130 5641 conspici
1185 5589 1283 5630 nos
1307 5575 1614 5647 splendidos
1651 5581 1960 5650 oportebat,
1979 5583 2023 5637 si

521 5767 567 5800 “
597 5767 887 5851 Domum,
923 5772 1013 5826 23.
1053 5772 1152 5851 ﬂ"
1178 5774 1291 5834 Gen
1352 5800 1493 5848 xux,
1523 5784 1574 5841 4.
1655 5786 1698 5818 ⁸⁸
1735 5786 1750 5840 ι
1791 5787 1916 5844 Cor.
1949 5802 1999 5851 ν,
2033 5787 2081 5840 'l-

457 5837 541 5893 IO.
618 5840 665 5872 "
708 5841 722 5894 I
764 5842 890 5897 Cor.
933 5857 1009 5909 χι,
1050 5843 1141 5898 ‘22.

2132 4659 2281 4725 οἶκος
2330 4661 2640 4732 προσευχῆς
2687 4661 3043 4733 κληθήσεται.
3084 4684 3102 4716 ι
3165 4665 3510 4736 Ἐπεσήμηνε
3553 4666 3612 4720 δὲ
3655 4667 3716 4720 τὸ

2132 4753 2374 4825 Γράμμα
2417 4751 2479 4805 τὸ
2521 4751 2687 4824 ἱερὸν,
2721 4751 2796 4814 ὼς
2847 4754 3198 4824 ἐμνήσθησαν
3224 4756 3273 4808 οἱ
3325 4757 3590 4826 μαθηταὶ,
3633 4755 3715 4808 ὅτι

2131 4843 2516 4915 γεγραμμένον
2548 4838 2633 4915 ἦν·
2673 4861 2692 4894 ι
2744 4843 2801 4897 '0
2829 4843 2990 4914 ζῆλος
3024 4845 3119 4898 τοῦ
3155 4845 3308 4899 οῖκου
3339 4863 3434 4899 σου
3471 4848 3718 4916 καταφά-

2132 4937 2289 5007 γεταί
2322 4955 2410 5008 με.
2453 4956 2471 4987 ι
2517 4935 2856 5006 Ἐπέπληττε
2891 4937 2949 4990 δέ
2985 4955 3097 4992 τισι
3127 4941 3222 4993 καὶ
3257 4939 3492 5004 Παῦλος,
3536 4941 3719 4993 τοιάδε

2129 5029 2251 5084 τινὰ
2287 5029 2490 5101 τολμᾷν
2539 5029 2774 5083 εἰωθόσι.
2810 5048 2829 5080 ι
2863 5030 2955 5101 Μὴ
2984 5029 3114 5102 γὰρ,
3166 5033 3354 5103 φησὶν,
3400 5032 3578 5095 οἰκίας
3615 5033 3714 5084 οὐκ

2129 5123 2281 5194 ἔχετε
2310 5123 2389 5185 εἰς
2417 5122 2477 5175 τὸ
2509 5121 2710 5173 ἐσθίειν
2739 5121 2834 5173 καὶ⁸
2857 5120 3052 5185 πίνειν,
3078 5122 3110 5192 ἢ
3135 5123 3236 5192 τῆς
3284 5122 3583 5194 ἐκκλησίας
3621 5121 3714 5175 τοῦ

2129 5209 2262 5264 Θεοῦ
2317 5212 2742 5282 καταφρονεῖτε;
2788 5230 2806 5262 ι
2867 5211 3211 5276 Ἀλυσιτελὲς
3255 5213 3320 5284 δὴ
3364 5208 3458 5266 οῦν
3519 5214 3714 5284 ὁρᾶται

2131 5301 2408 5372 πανταχοῦ
2445 5301 2506 5354 τὸ
2547 5304 2660 5366 τοῖς
2692 5301 2857 5366 θείοις
2900 5302 3073 5367 οῖ’κοις
3104 5303 3552 5376 κατακεχρῆσθαι
3597 5303 3715 5356 τολ-

2135 5397 2262 5467 μᾷν,
2289 5395 2492 5448 ὡσανεὶ
2524 5394 2618 5448 καὶ
2648 5397 2758 5458 τοῖς
2784 5397 2983 5457 κοινοῖς
3012 5396 3107 5449 καὶ
3136 5399 3249 5461 τοῖς
3276 5396 3492 5468 ἑκάστῳ
3543 5407 3713 5468 προσ-

2133 5490 2359 5560 ήκουσιν
2416 5486 2600 5552 ίδικῶς
2632 5486 2760 5560 (ποῦ
2793 5487 2902 5559 γὰρ
2945 5487 3027 5540 ἔτι
3070 5487 3149 5559 τῷ
3178 5487 3298 5559 Θεῷ
3331 5487 3610 5561 προσῆκον
3645 5485 3712 5540 ἂν

2132 5582 2357 5652 τηροῖτο
2409 5579 2595 5646 σέϐας,
2642 5581 2697 5634 εί
2741 5579 2943 5648 σαρκὸς
2990 5579 3182 5650 ἡδονάς
3234 5579 3613 5653 θεραπεύομεν
3653 5579 3712 5632 ἐν

2180 5786 2224 5818 ⁸³
2248 5785 2351 5840 Isa.
2388 5801 2474 5853 ιιι,
2511 5784 2566 5841 5.
2643 5785 2689 5817 '°
2715 5784 2903 5839 Matth.
2942 5801 3055 5853 xxi,
3101 5784 3186 5840 l3.
3263 5787 3308 5819 “
3335 5786 3478 5842 Psal.
3516 5800 3702 5851 uvnt,
