4132 6370
415 443 522 502 ιιες

1372 446 1932 505 COMMENTARlUS
1972 447 2037 502 lN
2077 452 2265 510 A5103
2304 455 2751 512 PROPHETAM.

3604 464 3707 520 HG

408 558 711 630 ὀφθαλμοῖς
738 559 953 632 αὑτοῦ),
987 562 1083 616 καὶ
1110 563 1168 617 ἐν
1203 561 1285 628 οἷς
1314 565 1422 619 ἔδει
1447 567 1737 641 λαμπροὺς
1764 569 1977 643 ὁρᾶσοα

2104 572 2179 629 ibi
2215 575 2349 645 lapsi
2372 576 2426 631 in
2444 592 2565 647 quae
2605 577 2690 631 fas
2717 591 2823 632 non
2857 586 2961 642 est,
2992 577 3310 635 rideamur?
3362 580 3513 647 Quod
3573 598 3714 637 now

407 651 496 705 διὰ
540 652 870 722 σεμνότητα,
893 654 1013 706 ἐκεῖ
1059 654 1322 723 γελᾶσθαι
1377 661 1912 730 κατολισθαίνοντας,
1962 662 1999 717 ἃ

410 742 487 813 μὴ
536 741 716 813 θέμις.
760 744 825 797 Ὃ
871 745 936 816 δὴ
986 747 1274 813 ποιοῦντας
1320 769 1472 815 τινας
1512 755 1612 807 οὐκ
1660 757 1999 828 ἀμωμήτους

407 834 493 904 ἐᾷ,
544 833 640 887 καὶ
683 834 891 905 σφόδρα
915 837 1159 902 εἰκότως.
1189 840 1263 892 Οὐ
1303 841 1412 913 γὰρ
1449 844 1812 917 ἀπήλλαττον,
1840 849 1995 918 φησὶ,

405 922 767 993 τανυσμάτων
800 925 858 977 τὸ
902 923 1308 1001 θυσιαστήριον,
1336 931 1449 984 ἀλλ’
1475 934 1567 985 ὑπ’
1607 935 1741 988 αὐτὸ
1776 953 1999 989 πεπτω-

405 1015 584 1080 κότες,
636 1017 1006 1086 καταμεθύειν
1050 1020 1316 1092 ἐτόλμων,
1366 1026 1461 1079 καὶ
1505 1026 1575 1080 τὰ
1621 1028 1815 1100 ήδονῆς
1859 1028 1998 1100 ἔργα

405 1103 667 1175 πληροῦν,
697 1107 783 1159 ἵνα
824 1107 919 1159 καὶ
943 1107 1077 1162 Θεοῦ
1106 1111 1397 1168 ἀκούσειαν
1428 1115 1677 1185 λέγοντος
1725 1119 1992 1190 ἐναργῶςο

409 1215 428 1248 ι
463 1198 573 1250 Καὶ
605 1198 716 1267 ἐγὼ
753 1200 984 1270 μάρτυς,
1002 1201 1150 1271 λέγει
1180 1205 1405 1277 Κύριος.
1441 1228 1462 1261 ι
1496 1208 1653 1274 Τίνος
1687 1211 1730 1264 δ’
1756 1211 1824 1266 ἂν
1854 1214 1992 1265 ἁπό-

406 1306 589 1358 σχοιτο
624 1291 734 1345 τῶν
779 1291 999 1345 ἀτόπων
1031 1293 1279 1360 κάτοινος
1314 1296 1475 1365 ἀνὴρ,
1512 1301 1605 1353 καί¹
1650 1300 1751 1365 τὰς
1788 1302 1996 1373 φρένας

403 1381 901 1451 παρενηνεγμένος,
950 1384 1045 1437 καὶ
1083 1384 1219 1455 πρὸς
1266 1389 1372 1440 πᾶν
1408 1388 1583 1442 ὁτιοῦν
1630 1390 1851 1455 εὔκολος
1884 1392 1996 1446 τῶν

403 1471 623 1537 κακῶν;
678 1471 879 1543 Ἐφορᾷ
909 1474 1008 1543 μὲν
1035 1474 1144 1547 γὰρ
1169 1478 1195 1529 ὁ
1221 1476 1329 1529 τῶν
1361 1478 1498 1532 ὅλων
1528 1479 1661 1544 Θεὸς
1718 1483 1813 1535 καὶ
1839 1483 1907 1536 τὰ
1936 1485 1995 1537 ἐν

404 1562 610 1629 σκότει,
657 1564 802 1618 κατὰ
846 1563 907 1617 τὸ
959 1568 1368 1639 γεγραμμένον,
1406 1571 1502 1624 καὶ
1556 1572 1800 1626 ἄποπτον
1843 1574 1995 1645 αὐτῷ

401 1652 683 1717 παντελῶς
714 1653 891 1709 οὐδέν.

477 1746 637 1798 Δοκεῖ
660 1745 718 1799 δέ
752 1765 872 1813 πως
899 1748 971 1804 τὰ
1006 1750 1064 1803 ἐν
1102 1750 1425 1823 ἐκκλησίαις
1483 1753 1745 1823 μάλιστα,
1795 1774 1990 1828 μονον-

396 1835 517 1906 ουχὶ
576 1836 846 1909 παρόντος
888 1856 950 1894 τε
998 1840 1094 1894 καὶ
1136 1840 1438 1912 θεωμένου,
1472 1844 1810 1914 πράττεσθαι
1853 1846 1992 1919 πρὸς

400 1925 576 1995 ὑμῶν.
616 1928 730 1982 Καὶ
754 1930 914 2001 εἰπερ
961 1932 1081 1986 ἐστὶ
1132 1933 1464 2004 πάναισχρον
1493 1934 1731 2006 ἀληθῶς,
1768 1937 1863 1991 καὶ
1892 1939 1993 2011 τὴν

396 2016 635 2088 ἐσχάτην
661 2019 727 2074 ἐκ
763 2021 931 2093 νόμου
958 2023 1302 2096 κατάρρησιν
1336 2026 1480 2096 ἕχον,
1496 2027 1558 2081 τὸ
1589 2028 1808 2098 μεθύειν
1830 2030 1986 2095 ὅλως·

396 2105 514 2168 πῶς
541 2107 602 2159 οὐ
651 2109 855 2174 παντὸς
886 2112 1146 2167 ἐπέκεινα
1190 2114 1348 2182 λόγου
1381 2115 1477 2169 τοῦ
1510 2118 1647 2189 πρὸς
1679 2120 1990 2190 φαυλότητα

398 2195 726 2266 βλέποντος,
760 2201 823 2254 τὸ
850 2203 945 2257 καὶ
994 2204 1052 2258 ἐν
1088 2207 1226 2278 αὐτῇ
1257 2207 1523 2281 ἐκκλησίᾳ
1549 2211 1779 2281 ὁρᾶσθαι
1817 2214 1992 2266 τοιούο

394 2305 563 2357 τους;
594 2292 689 2345 καὶ
722 2292 783 2346 τὸ
830 2294 912 2348 ἔτι
956 2296 1380 2370 φορτικώτερον,
1428 2302 1477 2353 εἰ
1523 2300 1585 2368 ἐξ
1625 2303 1825 2358 ἀδίκων
1894 2307 1990 2359 καὶ

394 2382 649 2454 πονηρῶν
695 2386 944 2457 αἱμάτων
986 2387 1056 2443 τὰ
1105 2392 1184 2454 εἰς
1233 2393 1448 2464 τρυφὴν
1503 2393 1875 2465 συλλέγοιντο;
1925 2399 1987 2451 Οἱ

390 2473 552 2528 τοῦτο
586 2476 846 2548 δρῶντες,
884 2480 1212 2536 ἀκούσονται
1250 2484 1384 2538 Θεοῦ
1420 2486 1672 2555 λέγοντος
1716 2490 1983 2561 ἐναργῶς·

390 2567 483 2638 Μὴ
510 2569 777 2641 σπήλαιον
804 2571 1019 2646 λῃστῶν
1048 2575 1078 2627 ὁ
1105 2569 1253 2640 οἶκός
1279 2593 1382 2646 μου
1404 2596 1419 2644 ς
1450 2579 1660 2633 Οὐκοῦν
1685 2581 1754 2635 τὰ
1783 2582 1985 2653 ἐτέρων

394 2658 722 2731 ἐγκλήματα
777 2664 916 2734 πρὸς
967 2664 1239 2735 ὠφελείας
1295 2669 1455 2739 ήμῶν
1495 2670 1710 2726 ἔσονται
1759 2674 1983 2743 πολλῆς,

391 2752 489 2805 καὶ
515 2753 584 2807 δι’
616 2746 691 2809 ὧν
718 2756 896 2828 ἕτεροι
943 2759 1479 2831 προσκεκρούκασιν,
1518 2764 1775 2836 ἀμείνους
1800 2768 1982 2837 ἡμεῖς,

389 2846 440 2898 εἰ
472 2849 875 2920 παραιτοίμεθα
914 2849 985 2905 τὰ
1030 2851 1276 2905 ἐκείνων.
1315 2854 1740 2928 Ἀσφαλέστεροι
1785 2856 1897 2927 γὰρ
1934 2859 1983 2910 οἰ

391 2936 669 3010 σώφρονες
708 2936 818 2993 εἷεν
869 2940 936 2994 ἂν
974 2941 1221 3006 εἰκότως,
1267 2944 1317 2995 εἰ
1363 2943 1426 3016 δὴ
1474 2943 1746 3014 βούλοιντο
1792 2946 1984 3021 διαζῇν

388 3030 653 3101 ἐννόμως,
690 3033 739 3085 εἰ
769 3031 845 3105 μὴ
872 3033 1068 3104 ζηλοῦν
1101 3034 1310 3089 ἕλοιντο
1342 3037 1633 3110 πονηρούς.

473 3123 612 3176 Ἀλλ’
630 3125 678 3177 εἰ
702 3123 803 3195 μὲν
831 3125 1046 3195 λέγοιτο
1074 3129 1213 3198 πρὸς
1244 3128 1337 3182 τὸν
1369 3130 1589 3196 Ἰούδαν,
1610 3132 1729 3202 ἤτοι
1757 3131 1857 3196 τὰς
1888 3132 1983 3187 δύο

389 3215 563 3285 φυλὰς
594 3218 692 3281 τὰς
720 3205 780 3272 ἐν
823 3218 1243 3292 Ἰεροσολύμοις,
1276 3223 1336 3275 τὸ
1354 3223 1538 3294 ρητδν,
1573 3224 1687 3295 ἔχοι
1718 3224 1786 3278 ἂν
1806 3225 1983 3297 ὀρθῶς

386 3310 487 3380 τῆς
524 3310 662 3380 πρὸς
696 3310 854 3382 ἡμῶν
881 3311 1085 3380 ἀρτίως
1121 3314 1419 3386 εἰρημένης
1468 3317 1700 3388 θεωρίας
1728 3320 1757 3372 ό
1802 3318 1978 3387 λόγος.

384 3402 449 3454 Εἰ
478 3402 536 3455 δὲ
557 3402 622 3475 δὴ
666 3402 890 3473 φέροιτο
918 3404 1012 3456 καὶ
1046 3406 1188 3459 κατὰ
1230 3408 1323 3461 τοῦ
1371 3407 1586 3479 Ἰσραὴλ
1616 3409 1673 3462 τὸ
1723 3409 1981 3481 πλημμέ-

384 3491 565 3563 λημα,
606 3493 773 3566 φαίην
808 3495 894 3561 ἂν,
936 3496 1018 3549 ὅτι
1052 3497 1152 3550 οὐκ
1198 3499 1257 3550 ἐν
1292 3497 1372 3569 τῷ
1412 3499 1548 3570 οἴκῳ
1587 3500 1681 3553 τοῦ
1715 3501 1850 3554 Θεοῦ
1881 3501 1974 3555 τοῦ

384 3584 529 3638 κατά
550 3584 732 3654 φύσιν,
758 3587 880 3639 οὐδὲ
906 3588 1143 3659 ἐχόμενα
1169 3590 1264 3644 τοῦ
1296 3590 1439 3645 θείου
1466 3590 1886 3664 θυσιαστηρίου,
1918 3595 1975 3647 αἰ

381 3677 492 3730 τῶν
519 3680 1011 3749 περιτανυσμάτων
1047 3681 1342 3736 ἐπλέκοντο
1371 3683 1585 3753 σκηναὶ,
1611 3683 1780 3755 ἤγουν
1816 3684 1886 3738 τὰ
1914 3687 1977 3738 ἐκ

385 3765 559 3837 μέθης
617 3769 940 3838 ἐπράττετο,
974 3769 1089 3823 ἀλλ’
1120 3773 1179 3824 ἐν
1203 3771 1283 3842 τῷ
1324 3772 1457 3842 οἴκῳ
1488 3773 1581 3826 τοῦ
1618 3774 1742 3827 θεοῦ
1770 3774 1972 3840 αὐτῶν,

384 3857 472 3911 ἵνα
504 3858 652 3928 λέγοι
682 3860 770 3912 τὸν
802 3861 969 3924 Βαὰλ,
1001 3862 1170 3932 ήγουν
1193 3863 1379 3934 ἔτερόν
1423 3882 1475 3917 τι
1504 3864 1614 3918 τῶν
1642 3866 1701 3933 ἐξ
1733 3867 1976 3931 ἐπινοίας

381 3952 731 4024 ἀνθρωπίνης
752 3955 831 4017 εἰς
859 3952 921 4006 τύ
932 3972 1027 4007 πον
1056 3954 1276 4009 εἰδώλου
1297 3957 1702 4028 πεποιημένων.
1723 3958 1850 4022 Πῶς
1880 3956 1975 4014 οὖν

381 4044 460 4098 ἔτι
492 4044 911 4117 καταλογισθείη
943 4046 1010 4103 ἂν
1042 4048 1122 4111 εἰς
1150 4047 1403 4119 ἔγκλημα
1440 4048 1520 4120 τῷ
1563 4050 1801 4122 Ἰσραὴλ,
1825 4051 1887 4105 τὸ
1914 4053 1973 4105 ὲν

379 4137 514 4209 οἴκῳ
556 4136 715 4206 τυχὸν
744 4136 1003 4202 εἰδώλων,
1030 4139 1125 4193 καὶ
1165 4140 1298 4209 παρ’
1325 4140 1456 4194 αὐτὸ
1486 4140 1547 4194 τὸ
1583 4140 1761 4213 Βεόὴλ
1788 4143 1972 4197 θυσια-

381 4234 603 4298 στήριον
629 4228 758 4299 οἴνῳ
789 4245 850 4281 τε
875 4227 1119 4299 μεθύειν,
1151 4231 1247 4283 καὶ
1287 4229 1598 4300 ἐξυφαίνειν
1621 4233 1849 4305 σκηνὰς,
1888 4236 1970 4290 ὅτι

379 4316 552 4370 ταῦτα
597 4321 949 4389 τετιμήκασι,
991 4320 1085 4372 καὶ
1131 4319 1304 4391 μέθης
1349 4320 1538 4393 ὥσπερ
1609 4325 1705 4377 καὶ
1750 4326 1971 4398 ἁπάσης

378 4410 574 4481 ἡδονῆς
626 4412 965 4483 ἐργαστήρια
1006 4412 1113 4465 τῶν
1146 4414 1205 4467 ἐν
1252 4414 1519 4487 ὑπολήψει
1559 4416 1698 4471 θεῶν
1750 4419 1969 4473 ἐποίουν

378 4504 505 4566 τοὺς
551 4504 748 4567 ναούςί
798 4505 991 4560 Καίτοι
1021 4506 1139 4558 δέον
1184 4506 1434 4575 ἐφίεσθαι
1483 4509 1682 4579 μᾶλλον
1714 4510 1971 4583 καθαρῶς

380 4594 475 4646 καὶ
502 4594 793 4659 πανάγνως
822 4594 1106 4666 λατρεύειν
1134 4594 1271 4666 Θεῷ,
1302 4598 1397 4651 καὶ
1430 4600 1512 4661 εἰς
1537 4594 1685 4652 οἶκον
1712 4599 1846 4652 ἰέναι
1874 4599 1967 4653 τὸν

378 4689 531 4757 ἅγιον
565 4690 804 4760 ἀληθῶς,
837 4691 930 4744 καὶ
961 4690 1157 4743 σεπτὸν
1192 4691 1523 4763 ήγεῖσθαιτδ
1557 4693 1965 4765 θυσιαστήριον.

377 4782 442 4833 Οἱ
475 4779 529 4832 δὲ
557 4782 650 4834 καὶ
683 4781 751 4835 τὰ
779 4781 922 4835 οὕτω
952 4782 1127 4836 σεπτά
1150 4800 1209 4837 τε
1252 4784 1347 4837 καὶ
1385 4785 1689 4854 ἁξιάγαστα
1714 4789 1846 4857 παρ’
1878 4788 1968 4840 ού-

375 4872 465 4926 δέν
494 4874 746 4944 ἡγεῖσθαι
791 4874 1205 4940 σπουδάζοντες,
1236 4877 1307 4930 τά
1336 4877 1469 4930 πολὺ
1507 4878 1626 4932 λίαν
1654 4880 1848 4950 αἰσχίω
1875 4898 1965 4937 τε·

374 4965 689 5036 τιμηκότες,
728 4967 822 5019 καὶ
852 4967 1034 5031 αὐτοῖς
1082 4970 1439 5041 ἐμπαροινεῖν
1486 4970 1811 5042 ἀπετόλμων
1852 4974 1966 5037 τοῖς

377 5057 530 5121 ἰδίοις
571 5057 731 5122 θεοῖς,
768 5058 1044 5129 πανταχοῦ
1085 5058 1146 5113 τὸ
1202 5058 1344 5113 θεῖον
1395 5061 1693 5125 πατοῦντες
1725 5061 1960 5132 ἀξίωμα,

372 5151 470 5204 καὶ
497 5150 942 5221 περιυϐρίζοντες
988 5151 1161 5216 ἀδεῶς
1192 5153 1291 5224 τὴν
1323 5154 1403 5225 τῷ
1451 5155 1598 5225 μόνῳ
1665 5155 1761 5209 καὶ
1804 5154 1965 5224 φύσει

370 5242 491 5313 Θεῷ
519 5243 838 5314 πρέπουσαν
870 5242 1048 5309 δόξαν,
1083 5244 1170 5297 ὅτε
1200 5246 1296 5300 καὶ
1322 5247 1437 5308 τοίς
1458 5245 1831 5318 ψευδωνύμοις
1862 5263 1962 5301 περ

362 5335 615 5404 ριθέντες
648 5336 844 5407 αὐτὴν,
866 5336 1081 5400 οὐδενὸς
1103 5336 1288 5401 ἀξιοῦν
1325 5338 1615 5411 ἠνέσχοντο
1643 5339 1825 5409 λόγου.

452 5429 603 5501 Ἐγὼ
652 5430 721 5484 δὲ
766 5430 956 5500 ἐξῇρα
1008 5430 1115 5484 τόν
1147 5431 1488 5501 Ἀμορῤαἷον
1526 5433 1595 5487 ἐκ
1633 5433 1959 5503 προσώπου

365 5522 589 5589 αὐτῶν,
617 5519 690 5579 οὗ
724 5519 805 5593 ἦν
831 5522 1024 5590 καθὼς
1049 5522 1210 5593 ὕψος
1230 5522 1447 5592 κέδρου
1469 5523 1538 5577 τὸ
1562 5526 1724 5594 ὕψος
1748 5528 1955 5594 αὐτοῦ,

367 5616 463 5669 καί
508 5617 765 5686 ἰσχυρὸς
809 5612 889 5686 ἦν
914 5616 995 5681 ὠς
1031 5616 1196 5685 δρύς.
1231 5618 1341 5672 Καὶ
1378 5617 1643 5688 ἐξήρανα
1672 5618 1781 5673 τὸν
1824 5639 1959 5690 καρ-

366 5705 487 5759 πὸν
524 5707 711 5762 αὐτοῦ
742 5707 1071 5773 ἐπείνωθεν,
1104 5708 1202 5762 καὶ
1242 5708 1349 5775 τὰς
1383 5708 1553 5777 ῥίζας
1588 5711 1776 5766 αὑτοῦ
1815 5716 1959 5769 ὐπο-

367 5795 654 5855 κάτωθεν.

438 5910 483 5942 ⁵³
524 5909 725 5967 «Ιυιθιιι.
771 5929 917 5977 xxrx,
950 5912 1041 5967 ‘25.
1119 5916 1163 5947 5"
1204 5915 1347 5969 Psal.
1383 5933 1640 5985 cxxxvnt,
1680 5920 1763 5974 l2.
1841 5922 1890 5953 ⁵³
1930 5923 1979 5977 ΙΙη

2082 5942 2197 5992 ,ιν,
2238 5926 2322 5981 13.
2399 5928 2445 5958 ⁸⁸
2478 5926 2665 5981 Matth.
2705 5945 2790 5980 “2'

2104 667 2284 723 nullos
2332 667 2619 733 facientes,
2673 669 2946 738 castigare
2994 686 3100 725 non
3143 671 3341 738 parcit,
3380 681 3542 742 atque
3566 674 3711 728 istud

2095 758 2219 827 jure
2239 760 2468 827 optimo.
2498 759 2615 815 Non
2641 760 2787 815 enim
2812 761 3133 816 auferebant
3153 763 3221 817 ab
3244 763 3401 818 altari
3429 766 3708 822 velamen-v

2104 855 2177 909 ta,
2209 847 2404 917 inquit,
2436 850 2531 904 sed
2577 849 2678 903 sub
2715 848 2846 918 ipsis
2877 865 2936 904 se
2962 850 3243 918 abdentes,
3263 853 3534 907 inebriare
3564 870 3623 909 se
3651 864 3702 909 et

2100 938 2468 1008 voluptatibus
2482 940 2769 1012 indulgere
2786 941 3214 1006 audebant,utet
3233 943 3401 999 Deum
3419 947 3701 1002 manifeste

2100 1031 2388 1087 audirent:
2423 1052 2441 1085 ι
2486 1035 2554 1088 Ει
2580 1048 2679 1103 ego
2710 1035 2885 1099 testis,
2918 1035 3051 1089 dicit
3079 1035 3337 1092 Dominus
3365 1038 3432 1093 ⁵³.
3506 1058 3526 1091 ι
3557 1038 3700 1105 Quo-

2101 1137 2227 1175 nam
2255 1134 2435 1180 autem
2453 1125 2657 1179 scelere
2716 1125 2878 1181 liumo
2924 1126 3232 1181 vinolentus
3271 1138 3326 1182 et
3367 1138 3548 1184 mente
3592 1147 3697 1185 non

2097 1222 2377 1279 constans,
2413 1226 2467 1270 et
2488 1215 2554 1269 ad
2584 1218 2944 1287 quodcunque
2970 1217 3234 1287 ﬂagitium
3266 1219 3462 1287 facilis,
3485 1235 3545 1276 se
3574 1223 3699 1277 abs-

2101 1304 2306 1360 tineat?
2360 1304 2608 1362 lntuetur
2632 1308 2775 1362 enim
2809 1308 2949 1363 Deus
2981 1310 3355 1367 universorum
3383 1314 3545 1366 etiam
3577 1328 3698 1381 quae

2098 1395 2153 1449 in
2186 1396 2422 1452 tenebris
2456 1398 2590 1453 fiunt.
2619 1398 2690 1464 ⁸⁵,
2722 1410 2781 1453 ιιι
2809 1399 3070 1469 scriptum
3123 1410 3228 1468 est,
3259 1412 3315 1456 et
3348 1403 3482 1457 nihil
3505 1403 3553 1458 ei
3614 1404 3679 1458 in-

2096 1488 2423 1558 aspectabilc
2450 1490 2519 1545 ".

2166 1776 2430 1833 Videntur
2454 1787 2636 1834 autem
2661 1794 2780 1849 quae
2802 1780 2858 1835 in
2886 1780 3119 1838 ecclesia
3146 1782 3417 1853 praecipue
3457 1798 3488 1838 a
3530 1782 3689 1839 nobis

2098 1866 2251 1933 fiunt,
2283 1877 2491 1923 tantum
2517 1886 2623 1925 non
2656 1882 2922 1941 przesente
2949 1882 3004 1926 et
3046 1883 3363 1944 aspectante
3411 1875 3523 1930 Deo
3547 1877 3684 1930 fieri.

2094 1956 2247 2025 Quod
2278 1960 2323 2013 si
2355 1976 2481 2016 vere
2512 1963 2886 2032 turpissimum
2913 1974 2997 2019 est
3029 1974 3085 2019 et
3136 1981 3483 2036 summopere
3510 1983 3539 2021 a
3569 1969 3687 2038 lege

2093 2051 2485 2107 condemnatur
2507 2054 2761 2109 inebriari
2796 2056 3071 2120 universe,
3105 2061 3380 2127 quomodo
3411 2076 3518 2114 non
3535 2062 3686 2115 omni

2094 2144 2334 2212 nequitia
2363 2145 2536 2216 majus
2565 2156 2669 2211 est,
2697 2150 2858 2201 etiam
2880 2149 2932 2203 in
2970 2149 3083 2218 ipsa
3113 2149 3346 2205 ecclesia
3386 2151 3520 2206 tales
3547 2168 3684 2207 con-

2091 2236 2225 2304 spici
2251 2235 2274 2289 ?
2308 2248 2361 2291 et
2384 2239 2525 2306 quod
2558 2242 2775 2309 gravius
2805 2251 2910 2309 est,
2944 2242 2991 2297 si
3022 2259 3086 2298 ex
3118 2242 3314 2312 injuste
3343 2252 3398 2299 et
3418 2243 3685 2299 scelerate

2091 2324 2258 2380 effuso
2280 2329 2545 2397 sanguine
2577 2332 2631 2383 in
2660 2331 2883 2387 delicias
2924 2344 3201 2399 surruptum
3233 2334 3555 2403 collegeris?
3577 2336 3683 2403 Qui

2090 2417 2205 2471 hwc
2232 2419 2456 2485 faciunt,
2482 2420 2646 2475 Deum
2693 2421 2914 2477 audient.
2970 2424 3242 2480 dicentem
3275 2425 3449 2496 palam
3481 2445 3495 2484 :
3539 2427 3680 2481 Num

2089 2511 2341 2579 spelunca
2370 2513 2635 2567 latronum
2686 2514 2880 2570 domus
2936 2532 3056 2572 mea
3084 2517 3171 2572 ⁵⁶ἳ
3226 2517 3393 2588 Igitur
3451 2519 3681 2575 aliormn

2087 2602 2282 2655 delicta
2321 2601 2543 2655 multam
2565 2604 2720 2682 nobis
2746 2604 3034 2660 utilitatem
3067 2610 3312 2677 parient;
3364 2619 3416 2664 et
3443 2625 3540 2678 per
3562 2626 3683 2679 qua:

2087 2695 2174 2749 alii
2210 2693 2571 2759 offenderunt,
2607 2711 2726 2761 nos,
2760 2697 2806 2752 si
2868 2698 3029 2753 modo
3062 2701 3129 2755 ab
3176 2700 3390 2755 illorum
3437 2703 3681 2771 vestigiis

2088 2786 2497 2851 recesserimus,
2549 2785 2806 2843 meliores
2854 2789 3172 2847 evademus.
3237 2790 3491 2848 Tutiores
3532 2793 3677 2848 enim

2086 2875 2286 2930 fuerint
2314 2878 2713 2945 prudentiores,
2746 2879 2791 2933 si
2825 2880 3123 2937 secundum
3145 2882 3293 2953 leges
3348 2885 3535 2940 vivere
3585 2900 3684 2942 vo-

2086 2967 2310 3033 luerint,
2348 2968 2393 3022 si
2414 2967 2586 3024 malos
2601 2969 2842 3025 aemulari
2868 2969 3159 3027 noluerint.

2154 3151 2393 3219 Atenim,
2419 3150 2463 3206 si
2493 3152 2559 3206 ad
2590 3149 2808 3216 Judam,
2845 3151 2958 3208 sive
2983 3151 3051 3208 ad
3080 3153 3215 3210 duas
3277 3154 3451 3212 tribus
3499 3156 3554 3213 in
3585 3156 3677 3214 Je-

2084 3245 2318 3300 rusalem
2371 3245 2473 3299 hoc
2499 3244 2733 3311 dicatur,
2767 3247 2933 3315 probe
2958 3261 2989 3297 a
3016 3246 3171 3302 nobis
3198 3247 3341 3303 dicta
3377 3259 3526 3316 sunt,
3552 3265 3673 3321 quas

2084 3334 2242 3389 modo
2272 3333 2529 3389 diximus.
2558 3331 2652 3388 Sin
2682 3345 2865 3389 autem
2897 3336 3059 3391 etiam
3093 3337 3161 3392 ad
3193 3336 3360 3392 Israel
3389 3350 3669 3408 peccatum

2081 3429 2370 3497 pertineat,
2395 3442 2586 3483 sensus
2610 3427 2735 3490 erit,
2762 3443 2867 3483 non
2904 3428 2956 3482 in
2983 3429 3143 3483 domo
3186 3428 3305 3494 Dei,
3336 3431 3427 3501 qui
3477 3443 3672 3487 natura

2082 3519 2223 3574 Dens
2244 3529 2349 3583 est,
2375 3520 2846 3575 tabernaculorum
2874 3520 2990 3575 vela
3016 3521 3199 3576 divino
3243 3522 3399 3577 altari
3426 3525 3673 3593 proxima

2077 3613 2403 3673 contexisse,
2432 3613 2546 3666 sive
2571 3611 2821 3665 ebrietati
2851 3611 3027 3665 datam
3057 3628 3280 3682 operam
3309 3628 3459 3679 esse;
3490 3614 3587 3669 sed
3609 3614 3663 3668 in

2078 3704 2237 3758 domo
2257 3704 2514 3774 270dei
2538 3704 2802 3773 ipsorum,
2822 3712 2878 3757 ut
2898 3702 3027 3757 Baal
3045 3704 3210 3770 dicat,
3231 3714 3325 3759 aut
3345 3705 3490 3761 aliud
3512 3707 3672 3777 quid-

2079 3793 2451 3862 piam,eorum
2477 3810 2596 3864 quae
2620 3795 2671 3847 in
2706 3795 2936 3847 formam
2966 3794 3231 3850 idolorum
3246 3795 3565 3851 abhumann
3584 3798 3670 3851 in-

2076 3886 2234 3955 genio
2252 3886 2655 3954 excogitantur.
2685 3883 3098 3951 Quodammodo
3123 3886 3283 3956 igitur
3297 3887 3477 3943 adhuc
3503 3888 3667 3943 Israel

2074 3993 2173 4048 pro
2202 3987 2423 4047 peccato
2452 3978 2765 4045 imputetur,
2795 3978 2849 4033 in
2912 3979 3071 4035 domo
3122 3978 3414 4046 idolorum,
3446 3991 3502 4035 et
3525 3980 3667 4052 apud

2075 4067 2248 4137 ipsum
2280 4066 2510 4123 fortasse
2533 4066 2661 4121 Baal
2685 4068 2857 4124 altare
2880 4069 3006 4124 vino
3041 4069 3301 4125 inebriari
3327 4088 3343 4139 ;
3372 4080 3427 4127 et
3482 4072 3667 4126 taber-

2073 4160 2263 4215 nacula
2289 4174 2636 4231 componere,
2686 4159 2943 4228 quoniam
3001 4159 3126 4214 talia
3181 4161 3538 4227 honorarunt,
3610 4172 3667 4219 et

2074 4253 2400 4324 tanquamin
2432 4252 2717 4309 ebrietatis
2745 4262 2802 4309 et
2859 4253 3123 4324 cujusque
3158 4255 3451 4325 voluptatis
3496 4256 3665 4313 oﬂici-

2071 4363 2173 4403 nas
2203 4348 2430 4402 deorum
2461 4346 2551 4415 qui
2572 4346 3044 4414 existimabantur,
3081 4348 3279 4419 templa
3304 4362 3657 4419 usurparunt.

2068 4439 2136 4495 Et
2168 4456 2289 4494 cum
2315 4448 2592 4508 Oporteret
2618 4454 2815 4507 cupere
2871 4443 3046 4508 potius
3094 4442 3664 4510 pureetsanctissime

2070 4531 2249 4587 colere
2274 4531 2467 4594 Deum,
2490 4540 2545 4584 et
2573 4530 2624 4583 in
2651 4532 2907 4600 templqu
2941 4548 3127 4586 revera
3161 4541 3412 4587 sanctum
3432 4533 3657 4596 intrarn,

2003 4642 2047 4695 ι)
2071 4634 2125 4679 et
2157 4622 2469 4679 venerabile
2495 4623 2694 4678 ducere
2724 4626 2917 4687 altare.
2943 4624 3016 4679 illi
3041 4632 3096 4679 et
3131 4634 3238 4680 tam
3264 4626 3571 4681 veneranda
3604 4637 3660 4681 ct

2075 4716 2410 4771 admirabilia
2434 4715 2587 4770 nihili
2619 4715 2800 4771 facere
2820 4717 3123 4784 studentes,
3151 4729 3206 4773 et
3235 4718 3402 4774 multo
3430 4718 3657 4775 foediora

2076 4811 2426 4873 honorantes,
2454 4809 2619 4863 etiam
2670 4811 2906 4880 prapriis
2940 4811 3044 4866 diis
3093 4811 3318 4866 illudere
3363 4813 3655 4878 audebant,

2076 4903 2262 4973 utique
2281 4902 2519 4958 divinam
2556 4901 2894 4970 majestatem
2924 4905 3330 4971 cunculcantes,
3355 4916 3411 4961 et
3443 4920 3657 4960 summa

2074 4994 2362 5064 ignominia
2388 4994 2685 5050 allicientes
2735 4995 2909 5051 libere
2940 4996 3037 5050 soli
3074 5005 3127 5051 et
3153 5008 3343 5052 natura
3401 4998 3511 5053 Deo
3555 4998 3654 5054 dc-

2074 5089 2240 5141 bitam
2272 5087 2521 5158 gloriam,
2556 5091 2775 5158 quando
2806 5101 2861 5144 et.
2894 5090 2999 5146 diis
3030 5090 3184 5146 falsis
3230 5104 3350 5146 eam
3411 5091 3648 5146 tribuen-

2073 5189 2175 5246 tes,
2196 5179 2347 5235 nihili
2385 5188 2562 5236 tamen
2587 5196 2682 5236 eos
2715 5181 3006 5237 faciebant.

2140 5445 2305 5503 Vsus.
2332 5447 2387 5504 9.
2410 5447 2520 5520 Ego
2554 5452 2937 5507 autemabstuli
2990 5453 3363 5508 Amorrhazum
3427 5472 3458 5509 a
3512 5454 3649 5525 facie

2065 5556 2268 5595 eorum.
2297 5539 2445 5596 Sicut
2475 5542 2702 5597 altitudo
2728 5544 2894 5611 cedri,
2918 5546 3148 5600 altitudo
3197 5546 3334 5617 ejus,
3383 5555 3433 5602 ct
3494 5547 3649 5617 fortis

2063 5642 2178 5687 erat
2204 5644 2260 5686 ut
2284 5650 2528 5704 quercus.
2566 5634 2639 5689 Et
2671 5639 2867 5692 abstuli
2897 5639 3131 5709 fructum
3162 5639 3274 5709 ejus
3336 5640 3578 5711 desuper,
3600 5652 3648 5696 et

2065 5728 2269 5781 radices
2297 5727 2410 5798 ejus
2432 5730 2629 5785 subter.
