4132 6370
433 341 540 419 si:

1463 353 1523 408 S.
1563 353 1846 414 CYRILLI
1881 357 2356 416 ALEXANDRINI
2394 358 2717 420 ARCHIEP.

3612 376 3719 464 ηδ

501 464 619 521 XX.
648 467 842 524 Cernis
869 471 1138 540 quomodo
1175 486 1271 529 eos
1296 474 1549 547 deinceps
1604 479 1810 538 nefarie
1861 483 1918 539 in
1953 499 2005 540 se

2183 481 2269 536 ις’.
2311 482 2479 556 Ὀρᾷς
2507 483 2659 547 ὅπως
2695 481 2929 549 ἀνοσίως
2986 485 3439 558 περιυϐρίζοντας
3478 490 3574 545 και⁴
3615 507 3718 546 κα·-

429 559 856 617 contumeliosos
889 572 943 618 et
979 575 1386 637 contemptores
1414 569 1582 628 fuisse
1626 575 1912 644 ostendat;
1962 588 2020 636 et

427 664 592 720 quem
615 651 799 723 potius
837 653 1088 713 laudibus
1115 666 1172 715 et
1195 661 1387 732 gratiis
1408 664 1654 732 agendis,
1687 675 1744 722 et
1764 678 2018 742 prompta

427 743 705 801 voluntate
727 746 794 802 ad
811 762 1030 806 omnem
1059 749 1426 811 obedientiam
1456 756 1769 814 exhilarare
1793 771 2016 832 oporte-

426 835 536 901 bat,
567 837 976 898 dementissime
1004 851 1060 898 et
1112 845 1468 906 stolidissime
1518 852 1848 911 contristare
1903 871 2012 912 non

425 929 835 1000 reformidasse,
871 944 1094 1008 propter
1147 938 1424 1012 ingentem
1476 958 1693 1002 morum
1737 946 2013 1005 levitatem

423 1036 479 1076 et
497 1024 828 1084 oblivionem
861 1041 1206 1101 acceptorum
1252 1034 1671 1096 beneﬁciorum.
1724 1039 1844 1114 Ego
1899 1044 2019 1116 qui-

421 1115 566 1185 dem,
604 1117 798 1190 inquit,
823 1121 1017 1178 abstuli
1046 1124 1428 1184 Amorrhaeum
1453 1144 1483 1184 ιι
1517 1129 1660 1190 facie
1687 1115 2018 1206 eorum,hoc

419 1213 528 1271 est,
562 1209 826 1268 barbaras
859 1222 1048 1284 gentes
1089 1217 1367 1288 interemi,
1443 1237 1543 1293 per
1573 1239 1734 1281 unam
1818 1227 2017 1287 Amor-

420 1298 716 1367 rhaeorum,
747 1313 806 1358 ut
831 1307 1068 1377 videtur,
1089 1321 1150 1365 ut
1171 1327 1365 1368 saevam
1383 1324 1440 1370 et
1460 1318 1821 1386 potentiorem
1844 1322 2019 1395 signi-

419 1393 632 1450 licatas.
657 1393 769 1466 Ego
792 1397 897 1453 feci
925 1408 981 1454 nt
1012 1402 1298 1460 vincerent
1320 1406 1460 1463 adeo
1485 1409 1623 1464 mire
1649 1393 1938 1482 procerum
1960 1427 2018 1472 et

419 1485 661 1554 ﬁrmum,
692 1499 753 1544 ut
785 1492 869 1546 vel
885 1494 1079 1551 cedros
1107 1511 1328 1567 aequare
1353 1499 1643 1560 altitudine
1681 1514 1739 1560 et
1781 1506 2018 1565 durissi-

420 1594 562 1635 mam
585 1596 846 1652 quercum
876 1585 1081 1644 imitari
1107 1590 1403 1649 videretur.
1420 1594 1537 1651 Non
1562 1597 1707 1652 enim
1735 1607 1854 1654 erat
1874 1615 2016 1670 prte-

2117 579 2412 648 ταφρονεῖν
2450 575 2743 647 ἑλομένους
2795 576 3087 647 ἀποφαίνει
3132 579 3343 645 λοιπὸν,
3371 581 3465 636 καὶ
3503 581 3563 636 ὃν
3610 582 3718 638 ἔδει

2121 670 2326 742 μᾶλλον
2353 672 2476 734 ταῖς
2507 668 2892 742 χαριστηρίοις
2934 670 3250 744 εὐφραίνειν
3273 672 3438 754 ᾠδαῖς
3468 675 3562 729 καὶ
3595 679 3718 742 ταῖς

2117 765 2199 828 είς
2231 764 2341 818 πᾶν
2363 762 2541 818 ὁτιοῦν
2561 763 2917 828 εὐπειθείαις,
2937 764 3245 822 ἀνούστατά
3273 784 3334 821 τε
3363 771 3460 822 καὶ
3496 768 3719 826 ἀϐουλό-

2116 872 2258 909 τατα
2281 853 2474 910 λυπεῖν
2506 855 2844 927 ᾑρημένους,
2872 855 2962 912 διά
2998 873 3083 912 τοι
3129 857 3191 912 τὸ
3220 858 3287 912 ἐκ
3332 859 3534 934 πολλῆς
3577 861 3718 928 ἄγαν

2119 947 2446 1020 σκαιότητος
2490 948 2733 1020 τρόπων,
2783 947 2879 1004 καὶ
2916 941 2994 1004 ὧν
3032 943 3093 1004 εὖ
3141 949 3499 1020 πεπόνθασιν,
3525 951 3716 1008 ἐλάσαι

2117 1040 2256 1111 πρὸς
2287 1040 2478 1112 λήθην.
2508 1059 2528 1094 ι
2549 1039 2694 1111 ῗΕγὼ
2722 1041 2822 1113 μὲν
2845 1040 2978 1114 γάρ,
3007 1042 3196 1114 φησὶν,
3217 1042 3388 1118 ἐξῇρα
3411 1045 3504 1101 τὸν
3517 1047 3717 1118 Ἀμορο

2119 1135 2272 1205 ραῖον
2311 1135 2379 1188 ἐκ
2421 1131 2718 1205 προσώπου
2757 1133 2956 1188 αὐτῶν·
2996 1152 3016 1186 ι
3042 1134 3311 1201 τουτέστι,
3343 1137 3427 1191 Τά
3465 1137 3718 1210 βάρϐαρα

2116 1226 2369 1282 καθεῖλον
2409 1227 2568 1300 γένη,
2618 1226 2689 1282 δι’
2741 1227 2860 1292 ἑνός
2905 1245 3008 1283 που
3041 1229 3183 1300 τάχα
3233 1228 3328 1284 τοῦ
3384 1231 3716 1303 Ἀμορραίου

2115 1317 2446 1391 δηλούμενα,
2481 1319 2560 1384 ὡς
2597 1317 2840 1392 σκληροῦ
2867 1336 2928 1372 τε
2958 1319 3056 1374 καὶ
3105 1321 3419 1395 ἀδροτέρου.
3459 1321 3602 1393 Ἐγὼ
3631 1340 3716 1377 νι-

2117 1409 2286 1480 κῆσαι
2320 1409 2716 1482 παρεσκεύασα
2741 1409 2833 1465 τὸν
2861 1410 3038 1476 οὕτως
3073 1412 3332 1486 ὑπερφυῆ
3385 1414 3481 1468 κα)⁸
3512 1414 3717 1487 ἄθραυ-

2119 1518 2266 1566 στον,
2288 1500 2365 1564 ὡς
2391 1501 2570 1556 δοκεῖν
2594 1501 2823 1574 ῆδηπως
2847 1497 3020 1574 ἦρθαι
3055 1503 3156 1575 μὲν
3175 1505 3366 1577 κέδρου
3397 1504 3536 1578 πρὸς
3558 1505 3712 1576 ὕψος,

2117 1591 2279 1663 δρυὸς
2313 1591 2373 1645 δὲ
2405 1594 2506 1665 τῆς
2540 1593 2680 1663 ἄγαν
2707 1593 2998 1660 εὑσθενοῦς
3046 1595 3450 1667 ἀπομιμεῖσθαι
3493 1595 3593 1668 τὴν
3624 1596 3716 1650 δύ-

420 1681 505 1726 ter
535 1689 622 1730 me
650 1676 850 1743 solum,
881 1679 974 1750 qui
1009 1695 1136 1736 eum
1161 1684 1464 1740 marcidum
1519 1688 1793 1756 redderet,
1835 1702 1896 1748 ut
1919 1708 2005 1751 us-

2115 1701 2300 1757 ναμιν.
2336 1679 2449 1738 Ἦν
2484 1684 2596 1758 γάρ
2626 1685 2726 1756 οὐχ
2763 1684 2973 1758 ἕτερος,
2997 1686 3138 1760 πλὴν
3169 1688 3330 1760 μόνος
3357 1687 3488 1757 ἐγὼ,
3522 1688 3711 1761 φησὶν,

418 1779 525 1835 que
556 1767 624 1821 ad
657 1768 895 1826 radicem
917 1772 1195 1839 feriret,et
1222 1784 1428 1832 tantum
1466 1794 1572 1834 non
1617 1781 1854 1839 fructum
1895 1783 2016 1854 ejus

417 1859 744 1918 arefaceret.
777 1863 1046 1932 Quoniam
1075 1877 1134 1922 ut
1154 1869 1218 1924 de
1233 1871 1430 1927 arbore
1453 1871 1666 1930 locutus
1693 1885 1798 1944 est,
1839 1879 2014 1948 persi-

417 1954 1026 2015 stitaceommodatein
1058 1965 1410 2033 metaphora,
1473 1974 1530 2022 et
1585 1967 1848 2026 damnum
1895 1970 2014 2040 ejus

422 2063 598 2120 usque
625 2049 693 2105 ad
727 2051 964 2108 radicem
995 2054 1328 2124 pertinuisse
1380 2058 1536 2126 dicit,
1579 2068 1635 2116 et
1689 2061 1764 2117 ita
1793 2077 2012 2133 quoque

415 2140 653 2198 fructum
683 2143 975 2203 sublatum.
999 2146 1153 2203 Haud
1186 2149 1328 2204 enim
1345 2149 1526 2218 aliter,
1565 2167 1728 2224 quam
1752 2155 1820 2211 ad
1846 2155 2009 2213 istum

415 2235 633 2290 modum
662 2235 886 2294 arbores
941 2237 995 2291 in
1052 2239 1206 2297 silvis
1257 2243 1588 2301 moriuntur.
1645 2245 2011 2319 Consutnptos

411 2325 559 2382 enim
619 2342 761 2396 esse,
799 2332 1165 2402 pugnantibus
1225 2337 1517 2392 adversum
1566 2352 1662 2395 eos
1711 2338 2006 2409 lsraelitis,

411 2419 782 2485 Amorrhteos,
806 2431 857 2478 et
886 2422 1132 2492 Hevmos,
1165 2425 1507 2498 Gergesmos,
1560 2439 1615 2486 et
1658 2431 2002 2504 Pherezaeos,

412 2522 469 2568 et
492 2511 788 2576 Jebusaeos,
814 2516 977 2588 271
1008 2517 1300 2588 adiuvante
1333 2536 1427 2579 eos
1447 2521 1563 2580 Deo
1596 2524 1871 2594 videlicet,
1905 2543 2007 2584 ne-

413 2620 502 2662 mo
534 2605 884 2664 dubitaverit.

483 2782 752 2839 Acerbum
783 2796 866 2841 est
897 2785 1060 2856 igitur
1086 2799 1436 2846 contemnere
1463 2791 1760 2860 Christum,
1790 2798 1882 2868 qui
1912 2800 2012 2855 de-

412 2880 492 2934 dit
523 2879 681 2935 nobis
709 2880 924 2936 calcare
954 2897 1118 2952 super
1145 2893 1428 2954 serpentes
1451 2887 1520 2951 ⁸⁷,
1550 2887 1642 2956 qui
1671 2893 1870 2946 evertit
1902 2892 2006 2947 ini-

415 2973 607 3037 micos,
636 2983 691 3029 et
720 2975 1061 3031 robustiores
1087 2977 1328 3045 subiicit.
1362 2997 1380 3030 ι
1417 2978 1533 3034 Non
1561 2982 1706 3037 enim
1736 2995 1822 3040 est
1850 2985 2004 3043 nobis

2118 1777 2148 1830 ὁ
2173 1776 2606 1848 καταμαραίνων
2640 1776 2827 1842 αὐτὸν,
2875 1779 2972 1833 καὶ
3010 1778 3264 1852 πλήττων
3299 1781 3380 1845 είς
3407 1779 3584 1854 ῥίζας,
3620 1799 3716 1852 μο-

2114 1870 2330 1940 νονουχὶ
2375 1870 2472 1923 καὶ
2512 1869 2834 1940 ἀφαυαίνων
2875 1870 3044 1925 αὐτοῦ
3088 1871 3182 1927 τὸν
3215 1873 3448 1943 καρπόν.
3493 1872 3714 1945 Ἐπειδὴ

2114 1961 2224 2033 γὰρ
2252 1960 2330 2024 ὡς
2359 1959 2489 2034 περὶ
2509 1960 2744 2034 δένδρων
2773 1961 3093 2034 λελάληκεν,
3120 1964 3374 2034 ἐπιμένει
3410 1964 3654 2030 πιθανῶς
3683 1965 3713 2018 ὁ

2113 2051 2273 2122 λόγος
2322 2053 2389 2124 τῇ
2439 2054 2641 2125 τροπῇ,
2694 2053 2792 2109 καὶ
2835 2055 2918 2119 είς
2963 2054 3126 2126 ῥίζαν
3169 2054 3320 2127 αὐτῷ
3352 2055 3608 2125 γενέσθαι
3649 2055 3712 2109 τὸ

2115 2146 2313 2220 βλάϐος
2360 2147 2550 2218 φησὶν,
2588 2146 2886 2219 ἠφανίσθαι
2929 2148 2987 2202 δὲ
3028 2147 3171 2202 οὕτω
3205 2149 3421 2203 καὶτὸν
3473 2151 3708 2221 καρπόν.

2125 2238 2414 2294 Ἀποθάνοι
2456 2239 2565 2311 γὰρ
2593 2238 2660 2294 ἂν
2687 2240 2788 2312 οὐχ
2830 2239 3033 2315 ἑτέρως
3063 2240 3124 2296 τὸ
3156 2241 3214 2295 ἐν
3257 2242 3484 2314 δρυμοῖς
3528 2242 3713 2310 ξύλον,

2111 2331 2254 2403 πλὴν
2297 2331 2382 2385 ὅτι
2435 2329 2581 2386 κατά
2609 2331 2802 2386 τοῦτον
2834 2332 2928 2386 τὸν
2977 2332 3202 2405 τρόπον.
3237 2333 3362 2387 Ὅτι
3393 2332 3501 2406 γὰρ
3557 2334 3716 2390 δεδα-

2111 2423 2404 2492 πάνηνται,
2429 2419 2816 2490 πολεμούντων
2837 2421 3022 2486 αὐτοῖς
3042 2421 3151 2476 τῶν
3176 2421 3237 2488 ἐξ
3253 2423 3490 2496 Ἰσραὴλ,
3509 2423 3709 2497 Ἀμορο

2112 2512 2257 2585 ραῖοί
2280 2529 2340 2566 τε
2369 2513 2465 2568 καὶ
2514 2513 2723 2579 Εῦαῖοι,
2747 2513 3097 2585 Γεργεσαῖοι,
3148 2515 3245 2569 καὶ
3272 2515 3580 2588 Φερεζαῖοι,
3612 2517 3712 2571 καὶ

2123 2603 2462 2671 Ἰεϐουσαίοι,
2492 2605 2916 2670 ωνασπίζοντος
2937 2605 3181 2676 δηλονότι
3203 2605 3360 2674 Θεοῦ,
3384 2607 3707 2666 ἐνδοιάσειεν

2111 2695 2304 2760 οὐδείς.

2179 2785 2384 2858 Πικρδν
2429 2781 2523 2841 οὗν
2567 2787 2677 2859 ἄρα
2721 2786 2783 2840 τὸ
2832 2789 3248 2860 καταφρονῆσαι
3298 2791 3565 2862 Χριστοῦ,
3606 2791 3714 2856 τοῦ

2108 2881 2290 2944 δόντος
2333 2881 2467 2953 ἡμῖν
2513 2881 2702 2935 ἐπάνω
2750 2881 2932 2950 ὅφεων
2963 2885 3178 2946 πατεῖν,
3226 2884 3707 2957 καταστρέφοντος

2109 2974 2236 3036 τοὺς
2282 2973 2715 3044 ἀνθεστηκότας,
2745 2975 2839 3028 καὶ
2870 2974 3241 3044 ὑποφέροντος
3283 2977 3414 3042 τοὺς
3451 2977 3704 3032 εὐσθενε-

412 3064 726 3120 colluctatio
758 3069 1025 3124 adversus
1056 3083 1275 3125 carnem
1309 3079 1363 3125 et
1397 3074 1744 3144 sanguinem,
1772 3078 1864 3132 sed
1901 3080 2000 3133 ad-

2109 3067 2361 3136 στέρουςο
2396 3085 2415 3118 ι
2441 3065 2517 3120 Οὐ
2549 3065 2659 3138 γάρ
2687 3067 2835 3120 ἐστιν
2867 3066 3000 3137 ⁴ἡμῖν
3033 3069 3064 3137 ἡ
3096 3066 3242 3140 πάλη
3273 3067 3410 3139 πρὸς
3430 3065 3570 3140 αἷμα
3610 3069 3705 3121 καὶ

413 3173 606 3214 versus
649 3160 954 3230 spiritualia
998 3163 1251 3232 nequitiae
1271 3164 1342 3221 ⁵⁸.
1387 3183 1408 3218 ›
1455 3166 1519 3221 Ει
1561 3168 1676 3224 haec
1720 3172 1903 3227 omnia
1949 3174 2002 3230 in

409 3251 634 3308 Christo
674 3255 1076 3324 superavimus.
1119 3258 1276 3324 Quod
1320 3259 1365 3313 si
1411 3260 1756 3318 Servatorem
1800 3275 1854 3321 et
1897 3266 2004 3323 Re-

411 3344 748 3413 demptorem
776 3355 1020 3402 nostrum
1047 3347 1114 3403 ad
1143 3347 1412 3420 ignaviam
1436 3353 1775 3412 declinantes
1797 3360 2005 3414 contri-

411 3438 701 3502 stabimus,
732 3439 1000 3496 rationem
1031 3451 1087 3497 et
1113 3445 1459 3500 occasionem
1487 3447 1726 3504 evitandi
1753 3450 2002 3522 supplicii

411 3531 655 3602 profecto
684 3547 788 3587 non
823 3535 1179 3604 reperiemus.

480 3714 641 3772 Vens.
681 3716 768 3771 10.
809 3717 878 3771 Et
918 3735 1011 3790 ego
1049 3719 1209 3774 eduxi
1250 3737 1339 3775 vos
1381 3721 1445 3777 de
1487 3731 1629 3778 terra
1661 3723 1918 3796 Egypti,
1951 3737 2005 3781 et

407 3811 742 3864 circumduxi
769 3828 856 3866 vos
885 3811 939 3865 in
970 3812 1172 3868 deserto
1203 3816 1560 3887 quadraginta
1589 3819 1768 3884 annis,
1799 3829 1854 3873 ut
1882 3836 2002 3888 pos-

407 3903 648 3957 sideretis
682 3913 879 3958 terram
905 3904 1355 3963 Aman/meorum.

480 4085 619 4143 XXI.
658 4085 901 4142 Dilucide
941 4087 1331 4159 interpretatur
1365 4089 1510 4160 quod
1551 4090 1716 4159 dixit,
1751 4101 1808 4148 et
1843 4095 2000 4164 quasi

408 4179 756 4235 retrocedens
794 4180 1002 4243 oratio,
1043 4182 1111 4235 ab
1151 4180 1308 4237 initio
1346 4197 1516 4252 usque
1550 4183 1620 4239 ad
1657 4184 1820 4240 ﬁnem
1858 4185 1998 4242 facta

408 4271 646 4326 breviter
668 4272 890 4327 indicat.
917 4273 958 4327 E
982 4274 1244 4330 servitute
1264 4276 1432 4343 enim,
1455 4276 1653 4347 inquit,
1676 4294 1772 4334 vos
1796 4281 1995 4344 exemi,

2108 3158 2311 3228 σάρκα,
2330 3155 2470 3211 ἀλλὰ
2497 3157 2636 3229 πρὸς
2661 3156 2732 3211 τά
2756 3156 3106 3226 πνευματικὰ
3134 3161 3233 3231 τῆς
3261 3159 3708 3232 πονηρίας.›Καὶ

2104 3250 2311 3304 τούτων
2357 3249 2616 3305 ἁπάντων
2642 3250 2703 3304 ἐν
2735 3251 2960 3322 Χριστῳ
3014 3253 3460 3324 κεκρατήκαμεν.
3501 3253 3612 3307 Καὶ
3653 3253 3709 3306 εἰ

2107 3344 2378 3416 μέλλομεν
2399 3344 2613 3408 λυπεῖν,
2644 3343 3033 3408 ἀποκλίνοντες
3065 3344 3201 3415 πρὸς
3231 3344 3292 3397 τὸ
3323 3345 3586 3417 ῥᾴθυμον,
3612 3344 3710 3398 τὸν

2104 3436 2315 3491 ἑαυτῶν
2343 3437 2574 3509 Σωτῆρα
2594 3435 2689 3489 καὶ
2717 3435 3040 3507 Λυτρωτὴν,
3074 3436 3450 3509 ἀπορήσομεν,
3475 3433 3573 3491 οἷδ’
3596 3438 3702 3502 ὅτι,

2104 3529 2202 3585 καὶ
2237 3528 2397 3597 λόγου
2430 3529 2527 3583 καὶ
2566 3528 2851 3602 ἀφορμῆς,
2896 3529 3181 3596 ἐξελέσθαι
3206 3529 3512 3602 δυναμένης
3541 3529 3704 3586 κολά,

2105 3637 2243 3684 σεως
2275 3621 2370 3674 καὶ
2402 3621 2596 3693 πυρός.

2173 3713 2285 3770 Καὶ
2315 3714 2430 3783 ἐγὼ
2461 3713 2771 3784 ἀνήγαγον
2801 3714 2959 3785 ὑμᾶς
2990 3714 3060 3770 ἐκ
3093 3714 3208 3786 γῆς
3239 3715 3565 3782 Αἰγύπτου,
3602 3716 3701 3771 καὶ

2103 3804 2466 3873 περιήγαγον
2494 3802 2651 3874 ὑμᾶς
2669 3805 2740 3859 ἐν
2767 3803 2843 3873 τῇ
2860 3804 3058 3874 ἐρήμῳ
3074 3803 3538 3872 τεσσαράκοντα
3559 3805 3662 3869 ἐτη
3677 3843 3691 3866 ,

2101 3893 2211 3948 τοῦ
2276 3893 2884 3964 κατακληρονομῆσαι
2937 3893 3055 3964 τὴν
3123 3893 3242 3964 γῆν
3297 3893 3422 3947 τῶν
3492 3895 3701 3966 Ἀμοῤ-

2101 3986 2314 4055 ῥαίων.

2175 4077 2306 4131 KA'.
2352 4077 2680 4150 Ἕρμηνεύει
2735 4078 2922 4148 σαφῶς
2969 4079 3108 4152 ὅπερ
3171 4079 3310 4152 ἐφη,
3365 4080 3460 4134 καὶ
3511 4079 3710 4135 άνόπιν

2101 4170 2292 4243 ὥσπερ
2325 4173 2354 4226 ὁ
2387 4172 2544 4241 λόγος
2591 4171 2706 4238 ίὼν,
2734 4173 2803 4226 τὰ
2839 4173 2934 4226 ἀπ’
2976 4172 3154 4245 ἀρχῆς
3190 4174 3352 4245 μέχρι
3397 4172 3585 4238 τέλους
3625 4173 3703 4236 ὡς

2105 4263 2334 4334 βραχέσι
2357 4263 2668 4336 καταδηλοῖ.
2697 4263 2957 4328 Δουλείας
2993 4265 3092 4334 μὲν
3126 4263 3237 4337 γὰρ
3279 4266 3504 4334 ἐξεῖλον,
3541 4267 3700 4338 φησὶ,

405 4373 459 4416 et
485 4362 554 4418 ab
576 4363 952 4435 Egyptiornm
981 4364 1268 4435 tyrannide
1297 4366 1543 4422 liberavi.
1573 4368 1693 4423 Alui
1729 4379 1909 4427 autem
1943 4372 1997 4426 in

2109 4356 2198 4410 καὶ
2272 4356 2373 4425 τῆς
2443 4356 2555 4410 τῶν
2613 4356 2930 4425 Αἰγυπτίων
2995 4356 3313 4424 πλεονεξίας
3385 4360 3697 4432 ἀπήλλαξα.

2109 4447 2351 4476 vnn--.t.-
2390 4449 2444 4476 2L
2482 4449 2621 4476 ..η-Δ.
2653 4449 2750 4476 -ἒ...
2779 4448 2984 4476 ειη-...ιη
3039 4450 3248 4476 ...Δηιρ
3278 4451 3375 4476 μὶ-.
3407 4452 3607 4476 luna-“
3641 4454 3694 4476 -x—

407 4456 728 4525 solitudine,
775 4458 992 4512 cmlitus
1036 4472 1234 4512 manna
1279 4459 1516 4516 demisso
1545 4462 1613 4526 ",
1659 4472 1716 4518 et
1757 4463 1999 4521 fontibus

2109 4447 2356 4522 Ἐθρεψα
2388 4449 2446 4503 δὲ
2482 4449 2623 4503 κατὰ
2653 4449 2750 4521 τὴν
2776 4448 3004 4520 ἔρημον,
3039 4450 3248 4514 καθιεὶς
3275 4451 3375 4522 μὲν
3400 4452 3608 4507 ἄνωθεν
3639 4454 3699 4507 τὸ

407 4565 695 4620 aquarum,
727 4559 786 4605 ut
817 4551 1037 4622 dignum
1071 4561 1192 4608 erat
1223 4550 1356 4616 Deo,
1386 4553 1624 4619 emissis,
1656 4565 1712 4610 et
1746 4557 1812 4611 de
1847 4568 1995 4627 petra

406 4642 694 4711 superficie
729 4651 884 4699 tenus
916 4660 1175 4714 percussa
1195 4685 1211 4710 ,
1243 4646 1566 4715 improvisos
1599 4650 1993 4721 scaturiginum

405 4749 600 4788 carsns
625 4734 848 4804 largitus
871 4751 991 4792 sum
1013 4738 1078 4791 ‘°.
1109 4736 1221 4793 Nec
1247 4737 1400 4793 labor
1425 4739 1776 4804 profectionis
1802 4758 1991 4798 eorum

405 4825 533 4880 vilia
563 4827 872 4896 spectabat;
905 4830 999 4884 sed
1028 4839 1087 4884 ut
1121 4829 1395 4901 regionem
1424 4831 1866 4890 Amorrhzeorum
1899 4852 1994 4907 pa-

405 4917 579 4975 tribus
620 4920 863 4990 ipsornm
904 4923 1227 4992 promissam
1267 4926 1628 4995 possiderent.
1670 4927 1770 4982 Ast
1812 4927 1886 4982 illi
1930 4943 1996 4985 eo

403 5015 655 5070 amentia:
701 5015 936 5086 prolapsi
983 5027 1142 5083 sunt,
1187 5027 1246 5073 ut
1290 5018 1445 5089 quasi
1493 5034 1562 5073 ne
1605 5030 1998 5091 cognoscerent

402 5103 619 5172 quidem
657 5120 836 5160 meum
871 5121 998 5177 erga
1037 5109 1182 5175 ipsos
1215 5122 1456 5162 amorem
1491 5117 1545 5162 et
1579 5108 1995 5164 humanitatem.

404 5195 717 5252 Meminisse
744 5197 910 5268 igilur
931 5190 1212 5262 debemus,
1238 5199 1328 5267 qui
1359 5215 1548 5254 sumus
1576 5199 1626 5252 in
1653 5198 1872 5256 Christo
1899 5213 1996 5270 per

405 5287 562 5343 iidem
589 5289 656 5353 εί,
691 5303 791 5344 nos
818 5288 1079 5344 servitute
1105 5289 1383 5350 liberatos.
1415 5299 1469 5342 et
1496 5291 1641 5343 velut
1669 5303 1736 5344 ex
1759 5288 1994 5360 Egypto

404 5381 458 5434 in
487 5379 832 5436 solitudinem
865 5380 1149 5451 migrasse,
1179 5380 1231 5434 id
1262 5387 1365 5443 est,
1400 5381 1451 5434 in
1482 5381 1603 5434 vitae
1634 5395 1805 5450 genus
1836 5382 1994 5435 inno-

401 5470 799 5536 centissimum,
837 5481 893 5526 et
927 5487 1056 5528 vere
1096 5472 1286 5532 latum,
1323 5481 1378 5526 et
1420 5472 1567 5526 nuilo
1611 5473 1752 5528 malo
1791 5471 1994 5543 permi-

400 5568 574 5626 stum,
605 5565 976 5635 evangelicum
1008 5566 1237 5622 scilicet.
1268 5565 1470 5621 Panem
1503 5569 1682 5638 adepti
1713 5583 1899 5624 sumus
1929 5570 1995 5623 de

402 5653 564 5721 coelo,
600 5655 692 5726 qui
728 5657 821 5714 dat
850 5659 1014 5715 vitam
1051 5659 1254 5716 mundo
1280 5661 1347 5716 δ’.
1383 5661 1728 5717 lloboratnur
1754 5663 1900 5716 enim
1938 5661 1991 5716 in

2108 4541 2286 4612 μάννα
2327 4542 2530 4608 αὐτοῖς,
2569 4544 2751 4612 πηγὰς
2792 4541 2849 4595 δὲ
2883 4541 3094 4597 ὑδάτων
3129 4543 3449 4615 θεοπρεπῶς
3494 4545 3706 4611 ἀνιεὶς,

2103 4637 2199 4690 καὶ
2230 4636 2290 4702 ἐξ
2318 4637 2625 4709 άκροτόμου
2663 4636 2873 4708 πέτρας
2900 4636 3182 4707 ἀδοκήτων
3218 4638 3473 4708 ναμάτων
3509 4639 3698 4710 ἐκδρο-

2106 4735 2213 4805 μὰς
2250 4732 2612 4805 δωρούμενος.
2641 4734 2753 4786 Καὶ
2777 4728 2845 4804 ἦν
2874 4734 2902 4786 ὁ
2935 4734 3096 4799 πόνος
3131 4735 3230 4806 τῆς
3267 4736 3577 4807 ὁδοιπορίας
3602 4736 3700 4789 αὐ-

2098 4829 2211 4890 τοῖς
2240 4826 2340 4881 οὐκ
2380 4827 2472 4880 ἐπὶ
2516 4829 2766 4898 μικροῖς,
2811 4827 3040 4881 ἀλλ’ἵνα
3089 4828 3558 4901 κληρονομήσειαν
3590 4828 3698 4882 τῶν

2116 4917 2458 4990 Ἀμορραίων
2499 4917 2601 4989 τὴν
2623 4917 2748 4987 γῆν,
2787 4915 2884 4988 τὴν
2911 4920 3024 4980 τοῖς
3055 4919 3326 4989 πατράσιν
3353 4918 3697 4991 ἐπηγγελμέ-

2101 5025 2221 5079 νην.
2255 5009 2318 5061 Οἱ
2359 5007 2416 5061 δέ
2463 5008 2602 5078 πρὸς
2636 5007 2795 5062 τοῦτο
2835 5009 3156 5078 σκαιότητος
3193 5009 3586 5080 ὼλισθήκασιν,
3621 5009 3696 5073 ὡς

2106 5101 2242 5172 μηδὲ
2269 5101 2467 5155 εἰδέναι
2502 5102 2649 5172 τάχα
2680 5119 2784 5155 που
2816 5103 2918 5172 τὴν
2963 5103 3103 5173 ἐμὴν
3143 5103 3273 5173 περὶ
3316 5103 3514 5167 αὐτοὺς
3559 5103 3695 5171 άγά-

2103 5210 2179 5264 πη
2190 5209 2292 5256 σιν,
2320 5192 2354 5264 ἢ
2383 5191 2817 5266 φιλανθρωπίαν.
2839 5195 3168 5268 Μεμνῆσθαι
3193 5195 3256 5268 δὴ
3277 5191 3372 5251 οὖν
3396 5198 3694 5265 ἀναγκαῖον

2103 5286 2250 5357 ἡμᾶς
2275 5287 2402 5350 τοὺς
2431 5287 2492 5340 ἐν
2521 5288 2744 5360 Χριστῷ
2787 5288 2876 5343 διά
2907 5289 3176 5354 πίστεως,
3221 5289 3304 5343 ὃτι
3338 5289 3434 5343 καὶ
3453 5288 3695 5352 δουλείας

2102 5374 2525 5448 ἀπηλλάγμεθα,
2569 5378 2664 5431 καὶ
2693 5379 2945 5452 καθάπερ
2976 5380 3035 5445 ἐξ
3065 5380 3344 5448 Αἰγύπτου
3380 5396 3695 5450 μετακεχω-

2098 5471 2348 5542 ρήκαμεν
2389 5473 2468 5535 εἰς
2509 5471 2610 5542 τὴν
2650 5471 2879 5544 ἔρημον,
2925 5473 3226 5540 τουτέστιν,
3258 5475 3337 5536 εἰς
3370 5471 3691 5543 καθαρωτάα

2093 5579 2194 5633 την
2231 5562 2326 5616 καὶ
2373 5563 2636 5618 πλατεῖαν
2678 5565 2894 5636 ἀληθῶς
2945 5565 3039 5618 acati.
3105 5565 3398 5636 ἁσυμμιγῆ
3445 5563 3542 5617 τοῦ
3575 5561 3690 5634 χεί-

2101 5673 2252 5726 ρονος
2287 5655 2582 5721 πολιτείαν,
2629 5657 2774 5728 φημὶ
2819 5656 2886 5728 δὴ
2932 5658 3033 5728 τὴν
3078 5656 3462 5729 εὐαγγελικήν.
3491 5656 3692 5728 Ἀρτον

480 5839 658 5896 "Luc
698 5856 755 5907 π,
798 5839 884 5897 19.
963 5841 1419 5915 "Eplies.vt,12.
1496 5843 1976 5912 "Exod.xvr,l5.
2055 5841 2099 5875 ⁶⁰
2142 5839 2301 5895 Nunt.
2345 5854 2435 5902 xx,
2474 5838 2560 5893 ll.
2637 5838 2677 5870 θ’
2720 5838 2896 5895 Calat.
2943 5856 3025 5907 ιιι,
3057 5841 3150 5897 ‘36.
3227 5841 3272 5874 "
3300 5840 3457 5899 Jouu.
3489 5840 3662 5910 vr,55
