4132 6370
398 354 521 421 ,ιω

1368 350 1926 410 COMMENTARIUS
1966 351 2031 406 IN
2068 352 2260 408 ΑΜΟὸ
2302 352 2748 409 l‘ROPllETAM.

3593 354 3705 414 450

412 469 870 541 πεπλουτήκαμεν
898 468 989 523 τὸν
1017 470 1077 538 ἐξ
1105 470 1356 542 οὐρανοῦ,
1387 471 1479 524 τὸν
1513 471 1658 542 ζωὴν
1698 471 1909 525 διδόντα
1931 471 1999 542 τῖε

2113 472 2367 540 Christo,
2400 482 2456 527 et
2491 473 2666 529 fontes
2699 486 2961 542 aquarum
2995 470 3484 542 incorruptibilium
3518 474 3705 543 acqui-

413 565 623 635 ›.όσμῳ.
652 562 1013 635 Νευρούμεθα
1040 563 1148 635 γάρ
1174 566 1232 618 ἐν
1261 563 1504 635 Χριστῷ,
1534 565 1633 618 καὶ
1661 563 1844 634 πηγὰς
1867 564 2003 635 ἀκη-

414 661 592 731 ράτων
616 657 824 712 ὑδάτων
850 659 1191 729 ἐσχήκαμεν,
1231 657 1341 711 τῶν
1367 658 1536 726 ἁγίων
1554 657 1870 711 ἀποστόλων
1903 658 2002 719 τὰς

418 751 779 821 συγγραφάςν
809 749 950 803 οὕτω
995 750 1105 821 γὰρ
1154 750 1324 814 αὐτὰς
1359 752 1454 805 καὶ
1486 751 1713 815 Ἡσαΐας
1750 750 2004 822 ὠνόμαζε

415 843 618 912 λέγων’
654 861 673 895 ι
711 842 1041 914 Ἀντλήσατε
1076 842 1221 915 ὕδωρ
1267 845 1386 913 μετ’
1415 843 1757 917 εὐφροσύνης
1794 846 1861 899 ἐκ
1896 845 2004 899 τῶν

415 934 610 1006 πηγῶν
655 934 750 988 τοῦ
796 934 1087 1006 σωτηρίου.
1120 954 1139 987 ι
1189 936 1413 989 Ἐκεῖνοι
1440 936 1548 1008 γὰρ
1577 937 1797 1001 πάντως
1825 939 2002 1008 πηγαὶ

418 1024 714 1097 σωτηρίου,
739 1027 788 1077 οἱ
807 1026 898 1079 τὸν
923 1027 1188 1096 σωτήριον
1208 1027 1337 1097 ἡμῖν
1367 1028 1461 1080 καὶ
1484 1026 1745 1093 ζωοποιὸν
1763 1028 2006 1093 ἀνιέντες

413 1118 588 1187 λόγον,
637 1119 733 1173 καὶ
770 1117 832 1171 τὸ
863 1118 1101 1191 Χριστοῦ
1160 1120 1460 1192 μυστήριον
1502 1119 2005 1193 εὐαγγελιζόμενοι,

412 1212 505 1265 xa't
532 1209 1023 1280 μυσταγωγοῦντες
1048 1210 1152 1281 τὴν
1185 1211 1279 1263 ὐπ’
1301 1213 1553 1283 οὐρανόν.

478 1304 589 1358 Καὶ
609 1304 830 1357 ἔλαϐον
846 1302 915 1356 ἐκ
940 1302 1059 1357 τῶν
1086 1303 1235 1358 υίῶν
1260 1304 1424 1374 ὑμῶν
1443 1309 1531 1373 είς
1550 1305 1882 1374 προφήτας,
1906 1306 2005 1361 καί

408 1391 478 1446 ἐκ
520 1390 641 1446 τῶν
682 1393 1024 1446 νεανίσκων
1073 1393 1243 1463 ὑμῶν
1272 1396 1361 1461 είς
1406 1397 1727 1464 ἁγιασμόν.
1761 1394 1859 1463 Μὴ
1892 1396 2005 1449 οὐκ

412 1484 544 1538 ἐστι
581 1484 788 1552 ταῦτα,
820 1489 939 1541 υἱοί
977 1488 1214 1556 Ἰσραήλ
1233 1504 1252 1552 ;
1273 1488 1437 1556 λέγει
1468 1490 1706 1556 Κύριος.
1733 1488 1844 1544 Καὶ
1868 1489 2006 1542 ἑπο-

410 1574 593 1636 τίζετε
629 1576 771 1643 τοὺς
801 1579 1212 1649 ήγιασμένους
1243 1576 1430 1640 οἶνον.
1479 1582 1577 1635 καί
1618 1581 1743 1648 τοῖς
1774 1582 2006 1652 προφή-

411 1684 543 1734 ταις
595 1668 1021 1737 ἐνετέλλεσθε,
1067 1670 1380 1741 λέγοντες·
1418 1673 1501 1726 Οὐ
1538 1672 1625 1742 μὴ
1666 1675 2003 1743 προφητεύ-

412 1776 581 1829 ante.

482 1853 611 1908 KB’.
646 1853 808 1924 Μέγα
837 1854 974 1928 πρὸς
1015 1854 1325 1926 ὀνειδισμὸν
1376 1855 1470 1909 καὶ
1519 1856 1863 1928 κατάῤῥησιν
1911 1857 2003 1910 ἐπὶ

412 1944 577 1998 παντὶ⁵
595 1945 770 2017 κακῷ,
789 1947 850 2000 τὸ
860 1947 1022 2001 οίονεί
1043 1965 1161 2011 πως
1177 1947 1590 2019 ἀχαριστείσθαι
1608 1948 1761 2019 παρὰ
1774 1948 2006 2013 Θεοῦ,τά

410 2038 588 2091 πάντα
622 2038 753 2108 ἡμῖν
781 2038 1148 2111 διανέμοντος,
1168 2039 1237 2093 τά
1259 2056 1319 2092 τε
1343 2040 1424 2103 είς
1450 2039 1608 2106 δόξαν
1631 2042 1727 2095 καὶ
1752 2039 2001 2113 ζωαρκῆ.

411 2127 628 2181 Πολλῶν
670 2129 768 2200 μὲν
806 2128 917 2201 γὰρ
944 2129 1113 2184 ὄντων
1143 2129 1283 2184 κατὰ
1320 2130 1417 2202 τὴν
1452 2131 1781 2202 οἰκουμένην
1810 2131 2001 2196 ἐθνῶν,

410 2221 710 2276 ἀπόλεκτον
745 2225 983 2277 ἐποιεῖτο
1015 2223 1174 2295 μόνον
1214 2223 1307 2279 τὸν
1346 2223 1582 2296 Ἰσραὴλ,
1614 2224 1711 2279 καὶ
1737 2226 1817 2288 είς
1845 2225 2004 2278 τοῦτο

410 2313 597 2370 λοιπὸν
641 2315 889 2380 εὐκλείας
923 2316 1108 2371 ἐκάλει
1169 2318 1265 2371 καὶ
1293 2316 1586 2388 ἀνεκόμιζε
1619 2316 1773 2382 Θεὸς,
1800 2318 1875 2381 ὡς
1911 2320 2005 2373 καὶ

410 2406 490 2479 τῷ
517 2411 617 2480 τῆς
646 2408 987 2480 προφητείας
1016 2407 1290 2479 ἀξιώματι
1321 2408 1823 2464 κατακαλλύνεσθαί
1853 2427 2004 2474 τινας

414 2501 544 2564 τοὺς
569 2502 661 2554 τὸν
689 2501 863 2571 εὐαγῆ
884 2518 943 2554 τε
974 2502 1070 2555 καὶ
1105 2501 1477 2574 ἐννομώτατον
1503 2502 1834 2572 ἀγαπῶντας
1862 2502 1995 2574 βίον,

410 2593 941 2665 παραλαμϐάνεσθαι
983 2594 1040 2648 δὲ
1073 2594 1167 2647 καὶ
1213 2597 1294 2658 είς
1332 2595 1606 2666 ἁγιασμδν
1644 2596 1771 2659 τοὺς
1811 2597 1870 2649 ἐν
1906 2596 2004 2649 αὐ-

408 2688 523 2749 τοῖς
548 2686 893 2751 νεανίσκους,
926 2687 1208 2751 τουτέστι,
1246 2689 1373 2753 τοὺς
1412 2688 1733 2760 άδροτέρους
1774 2688 1836 2742 τὸ
1869 2688 2003 2760 φρό-

409 2793 581 2847 νημα,
608 2778 703 2830 καὶ
728 2777 925 2849 νοητήν
950 2776 1175 2847 ἔχοντας
1200 2778 1521 2850 εὐρωστίαν.
1547 2777 1867 2847 Ἦγιάζοντο
1894 2779 2003 2851 γάρ

409 2883 554 2931 τινες
586 2867 730 2921 κατὰ
769 2867 953 2938 νόμον,
994 2870 1043 2922 oi
1074 2866 1303 2938 ἐπίκλην
1344 2868 1675 2940 Ναξαραῖοι,
1710 2869 2005 2942 τρέφοντες

409 2960 571 3031 τρίχα
607 2960 789 3032 κόμην
832 2960 1015 3015 αὐτῶν
1051 2961 1128 3033 τῷ
1166 2960 1379 3034 Κυρίῳ·
1423 2956 1564 3017 οἶνον
1605 2963 1700 3015 καὶ
1732 2962 1791 3030 ἐξ
1837 2963 2002 3016 αὐτοῦ

407 3050 567 3118 ὅξος,
619 3055 716 3106 καὶ
764 3052 1061 3126 σταφυλὴν,
1108 3054 1200 3107 καί
1247 3054 1545 3124 σταφίδας,
1596 3054 1695 3109 καὶ
1738 3055 2003 3127 γίγαρτον

2108 564 2358 629 sivimus,
2395 565 2597 634 scripta
2638 575 2951 619 sanctorum
2995 564 3387 633 apostolorum.
3427 564 3518 619 Sic
3556 568 3703 620 enim

2107 665 2163 710 et
2194 654 2364 711 Isaias
2397 671 2490 712 eos
2527 657 2771 711 nominat
2804 656 2991 712 dicens
3018 674 3033 711 :
3069 675 3087 707 ι
3124 656 3347 711 Haurite
3378 671 3547 726 aquas
3577 673 3702 713 cum

2109 749 2295 803 laetitia
2339 749 2406 805 de
2449 748 2690 805 fontibus
2733 750 3054 807 salvationis
3084 751 3150 807 ⁸³.
3195 770 3215 804 ι
3251 750 3394 808 Vere
3434 753 3582 807 enim
3627 754 3701 808 illi

2109 839 2286 896 fontes
2316 854 2445 896 sunt
2476 841 2825 908 salvationis,
2856 843 2947 913 qui
2979 844 3136 899 nobis
3182 844 3507 901 salvatorem
3541 858 3591 900 et
3626 848 3704 901 vi-

2106 933 2326 988 viiicum
2370 948 2680 989 sermonem
2724 934 3016 1002 emittunt,
3049 944 3105 992 et
3140 935 3343 992 Christi
3384 939 3702 1009 mysterium

2110 1025 2459 1093 annuntiant,
2483 1034 2539 1082 et
2570 1036 2839 1082 terrarum
2866 1028 3053 1085 orbem
3084 1030 3400 1087 coelestibus
3430 1033 3704 1103 mysteriis

2114 1116 2351 1172 initiant.

2179 1296 2347 1352 Vrsas.
2380 1297 2468 1363 Η,
2501 1299 2589 1354 12.
2624 1297 2693 1352 Ει
2722 1300 2901 1367 accepi
2927 1300 2993 1354 de
3020 1300 3153 1369 ﬁliis
3184 1302 3364 1356 vestris
3396 1303 3449 1356 in
3478 1306 3704 1372 prophe-

2109 1402 2214 1456 tas,
2240 1400 2286 1445 et
2321 1391 2385 1445 de
2407 1391 2692 1461 juvenibus
2726 1394 2908 1446 vestris
2940 1393 2995 1447 in
3026 1395 3520 1463 sanctiﬁcationem.
3547 1396 3702 1451 Nun-

2107 1485 2233 1555 quid
2260 1500 2365 1538 non
2389 1493 2511 1538 sunt
2536 1488 2670 1547 haec,
2694 1484 2795 1553 ﬁlii
2825 1483 3033 1538 Israel?
3055 1484 3183 1539 dicit
3209 1484 3487 1541 Dominus.
3513 1485 3581 1540 Et
3613 1504 3701 1541 vos

2107 1578 2370 1647 potabatis
2405 1577 2761 1644 sanctiﬁcata;
2798 1578 2960 1647 272
2997 1595 3138 1637 meos
3174 1581 3314 1645 vino,
3348 1590 3396 1634 et
3434 1582 3700 1651 prophetis

2110 1669 2466 1735 mandabatis,
2500 1671 2726 1724 dicentes
2759 1685 2777 1723 :
2811 1669 2937 1725 Non
2966 1672 3366 1741 prophetabitis.

2176 1845 2343 1900 XXII.
2378 1847 2460 1901 Ad
2483 1848 2951 1918 exprobrationem
2978 1859 3033 1905 et
3056 1854 3461 1909 accusationem
3490 1856 3542 1910 in
3570 1872 3702 1926 quo-

2105 1936 2188 1991 vis
2221 1936 2451 1991 crimine
2486 1954 2740 2007 magnum
2775 1950 2879 2007 est,
2914 1955 2943 1994 a
2981 1942 3090 1997 Deo
3126 1942 3531 2014 ingratitudinis
3566 1963 3702 2014 quo-

2106 2026 2393 2083 dammodo
2419 2030 2759 2099 reprehendi,
2786 2048 2815 2085 a
2839 2047 2946 2102 quo
2971 2034 3152 2088 omnia
3177 2036 3376 2091 donata
3403 2048 3530 2092 sunt
3553 2056 3698 2107 qua:—

2106 2134 2212 2189 que
2257 2121 2325 2174 ad
2374 2120 2637 2191 gloriam,
2679 2137 2909 2193 quaeque
2957 2124 3024 2179 ad
3068 2125 3234 2181 vitam
3286 2133 3697 2187 sns‘tenlandam

2105 2219 2373 2281 spectant.
2402 2212 2541 2266 Nam
2571 2228 2694 2267 cum
2726 2214 2908 2270 multae
2937 2228 3121 2272 essent
3152 2235 3247 2288 per
3269 2223 3456 2277 orbem
3484 2234 3699 2294 gentes,

2105 2301 2279 2357 solum
2313 2302 2477 2358 Israel
2506 2304 2607 2360 sibi
2639 2305 2871 2374 delegit,
2911 2318 3169 2379 tantoque
3197 2312 3483 2382 splendore
3514 2331 3701 2372 cuntu—

2104 2394 2265 2463 lavit,
2303 2406 2363 2451 ut
2402 2405 2457 2451 et
2496 2399 2811 2469 prophetica
2852 2400 3114 2472 dignitate
3155 2407 3418 2472 quosdam
3458 2409 3699 2463 cohone-

2104 2496 2311 2552 staret,
2343 2488 2435 2559 qui
2472 2490 2596 2545 vita:
2634 2492 3053 2547 sanctimoniam
3089 2510 3481 2567 sacrarumque
3517 2499 3693 2569 legum

2103 2579 2399 2648 perfectam
2434 2582 2871 2639 observationem
2908 2585 3230 2657 diligerent,
3265 2598 3318 2643 et
3350 2591 3416 2644 ad
3453 2594 3698 2648 sanctiﬁ-

2104 2672 2371 2728 cationem
2411 2673 2641 2741 juvenes
2683 2691 2870 2731 eorum
2917 2690 3242 2746 assumeret,
3284 2683 3387 2737 hoc
3426 2694 3529 2751 est,
3567 2701 3697 2753 prn—

2104 2767 2281 2822 dentia
2309 2770 2699 2827 eminentiores
2723 2781 2780 2828 et
2805 2773 3158 2829 intellectuali
3187 2776 3385 2831 robore
3412 2780 3691 2846 prtedilos.

2105 2860 2599 2918 Sancttiicabantur
2622 2865 2767 2919 enim
2794 2865 3014 2935 quidam
3048 2870 3344 2923 secundum
3376 2869 3572 2940 legem,
3597 2872 3692 2941 qni

2104 2954 2343 3011 Nazaraai
2369 2958 2894 3027 cognominabantur
2912 2959 2976 3026 “,
3004 2959 3295 3017 oﬂ'erentes
3320 2978 3530 3017 comam
3556 2964 3692 3031 Deo,

2105 3048 2309 3113 vinum,
2335 3058 2391 3104 et
2418 3064 2485 3104 ex
2517 3066 2582 3104 eo
2611 3061 2849 3118 acetum,
2880 3068 3062 3117 uvam,
3091 3064 3145 3108 et
3176 3070 3335 3109 uvam
3369 3070 3609 3124 passam,
3636 3070 3694 3114 et

409 3144 837 3216 παραιτούμενοι
861 3161 876 3178 ο
930 3146 1336 3217 ἀποφοιτῶντες
1382 3147 1440 3200 δὲ
1478 3148 1598 3202 λίαν
1648 3149 1745 3202 καὶ
1792 3148 1999 3220 νεκρῶν

2105 3142 2319 3197 acinum
2348 3153 2686 3208 aversantes,
2714 3154 2769 3199 et
2798 3160 2828 3199 a
2858 3154 3193 3201 mortuorum
3224 3149 3542 3217 corporibus
3568 3150 3691 3205 lon-

411 3241 699 3309 σωμάτων.
722 3238 834 3293 Καὶ
863 3238 1033 3309 βαθὺς
1059 3240 1161 3310 μὲν
1179 3241 1209 3294 ό
1231 3240 1389 3310 λόγος
1417 3244 1446 3295 ό
1469 3242 1598 3315 περὶ
1623 3242 1831 3295 τούτων
1856 3240 1992 3295 ἐστί.

408 3332 558 3403 Πλὴν
600 3331 763 3402 ἐτίμα
791 3331 924 3395 Θεὸς
957 3332 1052 3386 καὶ
1091 3334 1171 3397 εἰς
1225 3334 1546 3405 προφήτας,
1592 3334 1669 3398 ὡς
1703 3335 1861 3407 ἔφην,
1900 3336 1997 3390 καὶ

408 3428 488 3491 είς
520 3425 582 3480 τὸ
612 3423 933 3495 άγιάζεσθαι
962 3424 1207 3489 τυπικῶς
1232 3426 1520 3498 ἀναφέρων
1550 3427 1679 3491 τοὺς
1701 3427 1762 3493 ἐξ
1789 3429 1991 3485 αὐτῶν.

409 3522 472 3573 Ui
518 3519 576 3572 δέ
617 3518 716 3573 καὶ
758 3517 859 3590 τήν
903 3515 1047 3571 οὕτω
1100 3517 1361 3589 λαμπράν
1416 3536 1478 3572 τε
1523 3520 1620 3574 καὶ
1682 3520 1996 3585 ἀξιόπιστον

406 3607 565 3673 δόξαν
594 3607 1133 3674 ἁποσπουδάζοντες,
1178 3609 1427 3673 ἐπότιζον
1472 3605 1615 3663 οἶνον
1659 3612 1787 3673 τοὺς
1830 3612 1996 3681 ἡγια-

408 3703 674 3773 σμένους,
711 3703 993 3770 τουτέστι,
1037 3703 1165 3765 τοὺς
1210 3702 1376 3775 εὐχὴν
1428 3702 1652 3776 ἔχοντας
1681 3705 1767 3774 ἐφ’
1811 3705 1995 3770 αὐτοῖς

406 3795 703 3868 ἁγιασμοῦ.
738 3795 1046 3851 Ἀνὲπειθον
1072 3795 1182 3868 γὰρ
1206 3797 1302 3850 καὶ
1328 3797 1525 3861 αὐτοὺς
1547 3796 1643 3851 τοῦ
1670 3797 1997 3867 ἁγιάζεσθαι

406 3891 791 3963 καταφρονεῖν,
821 3889 1037 3953 πάντως
1066 3905 1170 3942 που
1203 3888 1454 3958 λέγοντες
1488 3889 1642 3943 οὐδὲν
1691 3885 1831 3944 εἶναι
1861 3908 1998 3944 παν-

406 3982 577 4047 τελῶς
617 3981 710 4036 τὸν
735 3980 830 4034 τοῦ
857 3979 993 4035 Θεοῦ
1034 3981 1218 4052 νόμον,
1248 3980 1343 4034 καὶ
1394 3981 1652 4051 ἀνόνητον
1685 3980 1996 4053 ἀνθρώποις

405 4073 467 4128 τὸ
510 4072 835 4142 άγιάζεσθαι
882 4071 1078 4140 θέλειν,
1131 4073 1227 4127 καὶ
1277 4072 1519 4144 πληροῦν
1562 4074 1655 4126 ἐπὶ
1703 4073 1880 4146 τούτῳ
1926 4076 1997 4130 τὰ

406 4166 789 4237 νενομισμένα.
819 4165 884 4218 Ei
916 4164 1025 4236 γὰρ
1082 4166 1178 4220 καὶ
1216 4159 1285 4237 ἦν
1315 4168 1374 4219 ἐν
1403 4169 1586 4231 σκιαῖς
1614 4169 1642 4221 ὁ
1667 4166 1851 4238 νόμος,
1879 4167 1995 4221 ἀλλ’

407 4255 506 4308 οὐκ
533 4256 793 4327 ἐστέρητο
820 4255 1100 4318 παντελῶς
1130 4255 1241 4308 τῶν
1267 4256 1368 4326 τῆς
1400 4256 1658 4327 ἀληθείας
1684 4257 1989 4328 δογμάτων·

406 4346 770 4417 ἐναστράπτει
808 4346 919 4418 γὰρ
974 4349 1087 4411 τοῖς
1125 4346 1317 4411 τύποις
1346 4348 1446 4419 τῆς
1480 4349 1762 4415 εὐσεϐείας
1792 4352 1826 4423 ή
1861 4353 1997 4424 μόρ-

407 4454 598 4505 φωσις.
632 4438 705 4491 Τὸ
739 4437 797 4491 δὲ
831 4438 924 4491 καὶ
953 4439 1134 4501 αὐτοῖς
1163 4440 1338 4508 ἁγίοις
1367 4442 1676 4512 προφήταις
1709 4444 1992 4515 ἐπιτιμᾷν,

2098 3237 2217 3307 gius
2250 3236 2600 3306 refugientes.
2630 3237 2873 3307 Denique
2902 3239 3068 3295 multa
3104 3256 3266 3311 super
3294 3243 3379 3298 ltis
3410 3244 3688 3302 dicuntur.

2096 3327 2481 3385 Verumtamen
2518 3329 2819 3384 honorabat
2849 3346 2945 3387 eos
2978 3330 3151 3400 Deus,
3183 3343 3240 3388 et
3274 3334 3325 3388 in
3364 3339 3688 3405 prophetas,

2098 3431 2158 3476 ut
2194 3420 2341 3487 dixi,
2379 3431 2433 3476 et
2474 3422 2540 3475 ad
2585 3422 3072 3478 sanctiﬁcationem
3118 3425 3297 3496 typ‘ice
3334 3444 3400 3482 ex
3450 3428 3516 3483 iis
3558 3444 3693 3484 no.--

2098 3513 2274 3569 nullos
2305 3515 2588 3569 eveltebat.
2616 3513 2826 3581 Astilli,
2858 3522 2968 3568 tam
3007 3516 3347 3586 magniﬁcam
3384 3526 3437 3572 et
3474 3519 3687 3587 plenam

2102 3607 2448 3664 auctoritatis
2492 3607 2813 3678 dignitatem
2858 3618 3244 3677 aspernantes,
3288 3611 3686 3677 sanctiﬁcatos,

2098 3701 2151 3755 id
2194 3708 2312 3766 est,
2360 3709 2543 3756 votum
2591 3701 3040 3757 sanctiﬁcationis
3085 3716 3248 3771 super
3287 3717 3345 3756 se
3391 3703 3684 3767 habentes,

2098 3794 2222 3847 vino
2260 3793 2541 3861 potabant.
2579 3790 2987 3848 Persuadebant
3023 3792 3169 3847 enim
3207 3803 3263 3847 et
3302 3792 3435 3858 illis,
3473 3803 3532 3847 ut
3570 3786 3727 3850 san?

2097 3884 2324 3939 ctiiicari
2361 3894 2812 3950 contemnerent,
2849 3885 3122 3949 dicentes,
3160 3886 3350 3956 utique
3384 3888 3476 3942 Dei
3513 3889 3686 3959 legem

2099 3982 2233 4038 nihil
2264 3996 2383 4037 esse
2413 3996 2658 4053 prorsus,
2691 3992 2745 4036 et
2772 3982 3100 4037 sanctiﬁcari
3132 3982 3270 4038 velle
3300 3991 3356 4037 et
3383 3982 3452 4037 ob
3482 3983 3536 4038 id
3567 3983 3686 4053 lege

2096 4073 2306 4129 sancita
2342 4072 2598 4143 implere,
2669 4071 2803 4127 nihil
2837 4071 3099 4143 prodesse
3157 4073 3487 4129 hominibus.
3546 4071 3684 4128 Nam

2096 4168 2197 4223 etsi
2241 4167 2326 4222 lex
2369 4167 2421 4221 in
2462 4166 2651 4222 umbra
2691 4176 2848 4233 erat,
2887 4166 3044 4236 plane
3088 4175 3267 4220 tamen
3304 4166 3552 4221 veritatis
3596 4167 3686 4222 do-

2097 4264 2277 4327 gmata
2309 4256 2642 4312 continebat.
2673 4254 2865 4325 Fulget
2892 4255 3037 4311 enim
3071 4255 3125 4310 in
3160 4256 3301 4327 typis
3332 4256 3439 4311 illis
3466 4257 3684 4326 pietatis

2098 4352 2296 4422 imago.
2337 4350 2486 4422 ipsos
2522 4363 2736 4419 quoque
2772 4358 2991 4403 sanctos
3026 4350 3322 4418 prophetas
3359 4346 3680 4417 obiurgare,

2095 4455 2181 4500 est
2210 4444 2448 4499 divinam
2485 4442 2659 4513 legem
2696 4441 2956 4512 repellere
2990 4451 3157 4511 atque
3188 4441 3393 4497 institui
3428 4440 3592 4506 nolle,
3627 4451 3684 4496 et

404 4529 812 4601 ἀποσειομένων
853 4531 970 4583 ἐστὶ
997 4531 1087 4583 τὸν
1119 4529 1213 4584 τοῦ
1242 4531 1377 4585 Θεοῦ
1404 4533 1587 4605 νόμον,
1619 4536 1715 4590 καὶ
1746 4536 1999 4589 παιδεύε-

2100 4537 2317 4593 nescire
2346 4552 2405 4592 se
2435 4537 2726 4602 honorari;
2758 4534 3027 4606 siquidem
3059 4550 3185 4590 eum
3217 4534 3286 4590 de
3316 4532 3449 4605 ipsis
3475 4544 3681 4599 essent,

408 4620 531 4675 σθαι
579 4621 655 4694 μὴ
701 4622 1065 4692 ἀνεχομένων,
1131 4625 1226 4677 καὶ
1283 4626 1667 4697 ήγνοηκότων,
1716 4628 1799 4682 ὃτι
1846 4630 1991 4682 τετί-

408 4730 628 4785 μηνται,
657 4714 816 4787 εἴπερ
844 4714 997 4779 ὄντες
1023 4714 1084 4781 ἐξ
1113 4715 1291 4770 αὐτῶν
1318 4717 1747 4790 παρελήφθησαν
1776 4721 1859 4785 εἰς
1885 4738 1997 4775 κοι-

404 4806 649 4876 νολογίαν
694 4807 795 4881 τήν
846 4807 922 4873 ὡς
968 4808 1106 4880 πρὸς
1148 4809 1301 4863 Θεόν.
1353 4811 1761 4884 Προσεπερωτᾷ
1809 4814 1869 4867 δὲ
1905 4814 1996 4868 διὰ

407 4899 596 4969 μέσου,
620 4898 716 4953 καί
740 4916 873 4971 φησι
893 4918 907 4933 ο
937 4920 956 4954 ι
979 4902 1072 4973 Μὴ
1095 4903 1194 4955 οὐκ
1215 4902 1329 4957 ἐστι
1349 4903 1542 4971 ταῦτα,
1572 4905 1680 4958 uici.
1738 4905 1987 4978 ’ῐσραήλς

404 4991 549 5062 λέγει
570 4992 796 5065 Κύριος.
831 5012 849 5045 ι
880 4988 1052 5065 Ἆρα,
1084 4995 1239 5067 φησι,
1267 4994 1362 5049 καὶ
1392 4996 1504 5051 τῶν
1545 4996 1718 5061 οὕτως
1746 4998 1993 5071 ἐναργῶν

408 5084 658 5156 πράξεων
688 5084 994 5156 καθοριεῖτε
1015 5085 1075 5139 τὸ
1098 5085 1323 5155 ψεῦδος;
1351 5083 1460 5160 ἆρα
1493 5088 1787 5160 μαρτύρων
1808 5090 1992 5163 δεήσει

406 5174 519 5247 9εῷ
552 5174 687 5246 πρὸς
722 5176 782 5229 τὸ
813 5176 1060 5247 ἐλέγχειν
1104 5180 1270 5248 ὑμᾶς,
1305 5180 1402 5234 καλ⁹
1446 5180 1516 5234 τὰ
1552 5180 1726 5246 οὕτως
1769 5182 1991 5255 ἐμφανῆ

407 5270 762 5337 συκοφαντεῖν
791 5268 1132 5339 ᾑρημένουςς
1162 5271 1284 5342 Χρὴ
1315 5271 1606 5344 τοιγαροῦν
1641 5272 1988 5342 ἁγιάζεσθαι,

405 5360 492 5413 καὶ
533 5358 778 5432 λογισμῷ
818 5361 1090 5432 πεπηγότι
1134 5364 1518 5436 προσεδρεύειν
1549 5365 1692 5437 Θεῷ,
1732 5366 1831 5431 τὰς
1882 5367 1989 5420 τῶν

404 5452 651 5524 πονηρῶν
691 5454 752 5506 οὐ
798 5454 1192 5526 προσιεμένους
1230 5454 1476 5526 γνώμας.
1514 5476 1534 5508 ‹
1561 5457 1845 5527 Φθείρουσι
1876 5456 1988 5528 γὰρ

397 5541 499 5611 ἢθη
536 5542 749 5615 χρηστὰ
784 5543 993 5615 ὁμιλίαι
1022 5544 1212 5607 κακαὶ,
1238 5562 1257 5596 ι
1296 5544 1390 5597 καὶ
1425 5545 1795 5616 ἀποφέρουσιν
1828 5547 1988 5615 ἁγια-

398 5631 533 5703 σμοῦ
579 5634 672 5686 καὶ
702 5634 921 5707 ἀπάσης
962 5634 1284 5699 ἐπιεικείας,
1318 5634 1426 5689 τῶν
1461 5636 1757 5708 φιληδόνων
1798 5637 1849 5690 oi
1896 5637 1986 5691 λό-

466 5804 513 5840 ⁶³
554 5807 658 5863 lsa.
699 5824 797 5876 xu,
840 5810 892 5864 5.
972 5811 1011 5842 "
1054 5810 1208 5867 Num.
1247 5828 1320 5877 vt,
1356 5812 1445 5870 2i.
1526 5814 1570 5845 ⁸⁵
1604 5814 1621 5868 l
1661 5816 1789 5871 Cor.
1834 5834 1921 5882 xv,
1961 5820 2053 5875 55.

2092 4629 2356 4699 assumpti
2385 4639 2533 4695 sunt,
2562 4630 2651 4698 qni
2684 4644 2806 4683 cum
2840 4628 2949 4682 Deo
2973 4626 3370 4697 quodammodo
3395 4641 3680 4682 sermones

2094 4722 2407 4776 miscerent.
2455 4720 2761 4791 lnterrogat
2807 4719 3032 4787 insuper
3078 4720 3130 4773 in
3182 4719 3389 4785 medio,
3433 4727 3491 4774 et
3539 4719 3617 4773 ait
3659 4735 3675 4774 :

2098 4832 2117 4865 ο
2156 4812 2410 4883 Nunquid
2442 4828 2547 4868 non
2580 4813 2651 4868 ita
2682 4823 2790 4879 est,
2820 4813 2914 4868 filii
2947 4812 3153 4869 Israel?
3182 4812 3313 4867 dicit
3342 4811 3624 4867 Dominus.
3651 4830 3685 4862 »ν

2098 4909 2216 4974 An,
2246 4907 2453 4977 inquit,
2486 4922 2574 4963 res
2605 4917 2715 4963 tam
2750 4906 3069 4963 manifestas
3098 4906 3368 4962 mendacii
3401 4905 3677 4975 arguetis?

2091 5016 2158 5055 an
2201 4999 2432 5055 testibus
2475 5014 2613 5071 opus
2657 4999 2762 5054 erit
2811 4999 2921 5054 Deo
2960 4998 3027 5053 ad
3064 5013 3161 5054 vos
3200 4998 3547 5062 refellendos,
3582 4998 3673 5066 qui

2089 5092 2254 5147 etiam
2298 5093 2435 5147 adeo
2478 5100 2663 5162 aperta
2706 5090 3028 5146 calumniari
3069 5090 3288 5145 velitis?
3334 5087 3674 5144 Sanctiﬁcari

2088 5186 2270 5256 itaque
2309 5192 2543 5255 oportet,
2585 5192 2642 5241 et
2682 5184 2955 5240 constanti
2997 5183 3181 5239 animo
3219 5184 3498 5239 adhaerere
3541 5181 3674 5242 Deo.

2090 5278 2569 5348 improborumque
2613 5276 2835 5333 consilia
2880 5276 3187 5346 repudiare.
3238 5293 3256 5328 ι
3305 5274 3675 5341 Corrumpunt

2089 5369 2233 5424 enim
2266 5370 2435 5424 bonos
2469 5383 2648 5424 mores
2677 5367 2948 5438 colloquia
2980 5382 3144 5437 prava
3165 5368 3231 5432 “,
3267 5384 3288 5418 ι
3318 5375 3374 5420 et
3400 5365 3673 5434 volnpnm-

2089 5458 2293 5512 riorum
2329 5473 2608 5513 sermones
2637 5475 2665 5511 a
2698 5458 3135 5513 sanctiﬁcatione
3165 5466 3218 5511 et
3251 5456 3398 5511 omni
3432 5455 3671 5510 bonitate

2086 5554 2335 5604 avocant.
2371 5546 2481 5602 Nos
2524 5548 2702 5618 potius
2739 5548 2849 5604 Deo
2884 5548 3042 5619 digna
3080 5547 3412 5617 loquentium
3448 5549 3673 5601 vocibus

2085 5636 2285 5693 addicti
2316 5638 2539 5704 erimus,
2568 5638 2765 5709 quibus
2790 5648 2845 5696 et
2874 5639 2987 5711 ipse
3016 5637 3267 5694 Salvator
3297 5639 3670 5693 testimonium
