4132 6370
473 276 569 330 $51

1501 262 1562 321 S.
1604 260 1883 317 CYRILLI
1921 258 2395 317 ALEXANDRINI
2429 260 2747 317 ARCHIEP.

3641 266 3745 321 Ilii?

455 393 541 448 his
565 391 746 447 verbis
775 387 1049 461 perhibuit
1079 404 1093 441 :
1125 403 1144 437 ‹
1183 384 1298 439 Non
1328 382 1463 438 estis
1486 400 1583 439 vos
1608 386 1699 454 qui
1728 380 2036 452 loquimini,

2143 395 2250 447 γοι.
2296 376 2507 433 Οὐκοῦν
2541 376 2984 449 προσκεισόμεθα
3026 376 3227 447 μᾶλλον
3270 376 3429 447 ἡμεῖς
3471 380 3591 443 ταῖς
3635 380 3746 434 τῶν

453 484 547 539 sed
583 482 819 554 Spiritus
856 482 1033 538 Patris
1069 480 1232 553 273
1257 478 1443 544 vestri.
1472 477 1566 548 qui
1602 476 1845 548 loquitur
1876 475 1930 530 in
1956 489 2047 529 vo-

452 578 536 633 his
559 576 624 630 “.
666 594 687 630 ι

526 753 690 808 Vens.
728 753 815 807 13.
861 751 1144 821 Propterea
1186 766 1301 805 ecce
1340 765 1433 819 ego
1474 746 1687 802 devolvo
1727 745 1903 801 subter
1936 760 2044 809 vos,

452 848 587 901 sicut
624 844 915 899 devolvitur
940 860 1127 897 currus
1160 843 1345 911 plenus
1373 842 1588 911 stipula.

523 935 714 993 XXIII.
757 936 1019 991 Plaustris
1056 950 1312 1006 agrorum
1350 934 1577 997 fructus.
1612 944 1669 990 et
1704 950 1823 1005 quae
1859 949 2044 989 aream

453 1031 747 1100 complent.
786 1029 1141 1084 transvehere
1176 1043 1297 1082 mos
1333 1028 1434 1081 fuit
1466 1028 1761 1091 veteribus,
1800 1026 1891 1095 qni
1928 1040 2045 1080 mos

453 1139 626 1193 usque
664 1122 825 1177 hodie
860 1122 914 1175 in
955 1121 1177 1175 Oriente
1216 1129 1271 1174 et
1308 1118 1602 1176 Occidente
1636 1119 1799 1189 viget.
1819 1116 2049 1171 Volvun-

455 1226 542 1270 tur
570 1225 746 1271 autem
784 1214 989 1268 circum
1020 1229 1153 1268 axes
1186 1223 1347 1276 rotae,
1381 1212 1541 1281 lignis
1570 1212 1721 1282 gravi
1749 1221 1803 1265 et
1833 1210 2049 1281 ingrato

452 1323 589 1362 sono
632 1307 1021 1373 stridentibus,
1068 1320 1235 1376 prope
1275 1303 1736 1369 occlamantibns,
1779 1318 1899 1371 quae
1942 1302 2049 1357 illis

454 1401 706 1467 imposita
742 1407 869 1453 sunt
901 1397 1182 1453 oneribus.
1212 1397 1320 1451 Ero
1356 1397 1521 1466 igitur
1552 1396 1669 1465 ipse
1702 1409 1938 1465 quoque,
1972 1394 2050 1448 in-

451 1492 569 1559 quit
596 1489 973 1544 nniversornm
1003 1488 1285 1552 Dominus,
1316 1497 1372 1541 ut
1407 1487 1550 1557 quod
1579 1487 1750 1541 volvit
1779 1486 1831 1540 in
1858 1500 2045 1552 curru,

452 1584 504 1636 id
540 1590 644 1650 est,
676 1583 815 1636 axis.
844 1580 941 1636 Ille
976 1580 1145 1646 enim,
1176 1589 1238 1635 ut
1269 1579 1407 1644 dixi,
1437 1579 1538 1633 sibi
1579 1588 1726 1634 rotas
1763 1578 1961 1633 inﬁxas
1994 1585 2049 1632 et

452 1684 665 1743 aptatas
708 1673 914 1728 habens
957 1672 1122 1727 simul
1170 1671 1569 1726 circnmvolvit.
1613 1671 1876 1726 Clamabo
1916 1686 2047 1725 vero

2147 470 2429 543 θεηγόρων
2461 474 2702 541 φωναῖς,
2745 467 2827 535 οἷς
2866 472 2962 525 καὶ
2996 469 3162 533 αὐτὸς
3196 471 3224 523 ὁ
3266 469 3457 541 Σωτὴρ
3502 472 3749 544 ἐπεμαρ-

2143 564 2370 635 τύρησε,
2405 563 2580 633 λέγων
2599 580 2612 594 ⁸
2649 582 2668 615 ι
2698 564 2811 633 Οὐχ
2840 564 2997 634 ὑμεῖς
3038 564 3163 615 ἐστε
3193 563 3242 615 οἱ
3270 561 3579 629 λαλοῦντες,
3611 564 3749 619 ἀλλά

2143 656 2207 710 τὸ
2252 654 2478 727 Πνεῦμα
2507 655 2602 708 τοῦ
2638 656 2854 727 [ἰατρὸς
2883 654 3059 726 ὑμῶν,
3087 654 3148 707 τὸ
3172 654 3368 708 λαλοῦν
3397 657 3455 707 ἐν
3481 657 3628 726 ὑμῖν.
3654 674 3672 708 ι

2218 748 2323 801 Διὰ
2350 747 2528 801 τοῦτο
2568 746 2698 800 ἰδοὺ
2741 746 2857 817 ἐγὼ
2892 747 3081 800 κυλίω
3126 745 3409 802 ὑποκάτω
3459 744 3647 815 ὑμῶν,
3676 744 3750 799 ὃν

2145 841 2371 909 τρόπον
2406 838 2675 892 xvi/stat
2706 838 2907 907 ἅμαξα
2935 837 2974 903 ή
3005 835 3277 907 γέμουσα
3305 836 3601 906 καλάμης.

2217 933 2346 987 Kl".
2394 931 2657 1002 Ἀμάξαις
2691 932 2759 983 τὰ
2789 930 2847 996 ἐξ
2890 929 3095 1001 ἀγρῶν,
3141 930 3236 983 καὶ
3264 931 3364 983 ὃσα
3397 929 3597 1000 πληροῖ
3644 928 3744 1001 τὴν

2146 1023 2285 1091 ἅλω,
2320 1022 2710 1095 μετακομίζειν
2761 1022 2883 1086 ἔθος
2910 1024 3025 1086 τοῖς
3073 1022 3475 1093 ἀρχαιοτέροις·
3512 1021 3746 1087 σώζεται

2144 1117 2205 1172 δὲ
2242 1116 2336 1171 καὶ
2360 1118 2441 1179 είς
2479 1115 2639 1186 δεῦρο
2670 1114 2731 1168 τὸ
2768 1113 2957 1187 χρῆμα
2990 1112 3145 1184 παρά
3188 1130 3247 1166 τε
3276 1116 3388 1177 τοῖς
3441 1115 3539 1184 τὴν
3574 1113 3745 1185 Ἐῴαν

2148 1210 2243 1263 καὶ
2286 1208 2385 1280 τὴν
2423 1207 2710 1279 Ἐσπέριον
2760 1205 2970 1260 οἰκοῦσι
3011 1207 3133 1278 γῆν.
3181 1205 3475 1260 Κυλίονται
3505 1205 3564 1260 δὲ
3608 1206 3745 1278 ὁμοῦ

2146 1306 2262 1366 τοῖς
2299 1302 2482 1369 ἀξοσιν
2510 1301 2558 1354 oi
2603 1300 2807 1372 τροχοὶ,
2841 1298 2979 1371 βαρύ
3009 1316 3062 1352 τι
3100 1300 3198 1354 καὶ
3246 1298 3477 1369 δυσηχὲς
3518 1299 3748 1371 ἀποτρι-

2148 1395 2349 1460 ζόντων
2394 1394 2504 1448 τῶν
2562 1393 2754 1459 ξύλων,
2785 1393 2880 1445 καὶ
2922 1392 3206 1463 μονονουχὶ
3253 1391 3747 1462 κατακεκραγότων

2147 1487 2513 1559 ἐπικειμένων
2547 1488 2729 1549 αὐτοῖς
2759 1485 3019 1557 φορτίων.
3048 1484 3287 1553 Ἔσομαι
3315 1482 3498 1537 τοίνυν
3528 1484 3623 1536 καὶ
3650 1483 3748 1535 αύ-

2146 1578 2237 1641 τὺς
2261 1576 2390 1645 ἐγὼ,
2422 1577 2589 1648 φησιν
2618 1578 2646 1628 ό
2675 1575 2894 1629 πάντων
2923 1574 3223 1645 Δεσπότης,
3251 1574 3327 1637 ὡς
3354 1574 3415 1628 τὸ
3442 1574 3627 1628 κυλίον
3653 1574 3746 1627 ἐπὶ

2145 1670 2245 1741 τὴν
2274 1665 2514 1739 ἄμαξαν,
2545 1665 2846 1731 τουτέστιν,
2876 1666 2906 1717 ὁ
2930 1664 3098 1731 ἄξωνο
3130 1664 3294 1728 αὐτὸς
3318 1665 3447 1734 γὰρ.
3473 1664 3548 1729 ώς
3584 1664 3741 1737 ἔφην,

453 1765 604 1834 quasi
638 1764 732 1834 qui
760 1779 899 1819 onus
929 1779 1093 1835 grave
1122 1773 1495 1834 peccatorum,
1525 1764 1593 1817 ab
1622 1763 1803 1834 impiis
1832 1777 2043 1817 acerva-

2149 1760 2327 1832 ἐαυτῷ
2373 1758 2653 1829 συγκυλίει
2693 1759 2819 1822 τοὺς
2851 1758 3102 1829 τροχοὺς,
3128 1757 3521 1828 ἐμπεπηγότας
3555 1774 3617 1810 τε
3651 1758 3745 1811 καὶ

454 1864 631 1909 torum
664 1854 897 1923 amplius
926 1854 1197 1909 sustinere
1229 1868 1515 1923 nequeam.
1547 1853 1871 1921 Rejecerunt
1898 1853 2043 1907 enim

2148 1851 2590 1921 ἐνηρμοσμένους
2620 1849 2781 1919 ἔχων.
2812 1848 3315 1919 Κατακεκράξομαι
3338 1848 3394 1901 δέ
3418 1846 3607 1919 ὥσπερ
3635 1848 3744 1900 τῶν

451 1946 624 2018 legem
668 1946 901 2014 Domini,
936 1956 991 2001 et
1031 1946 1285 2001 mandata
1328 1946 1447 2016 ejus
1488 1960 1597 2001 non
1639 1944 2038 2010 custodierunt;

452 2039 547 2096 sed
589 2040 920 2095 seduxerunt
951 2054 1046 2095 eos
1079 2055 1219 2094 vana
1254 2053 1483 2104 eorum,
1518 2053 1641 2109 qua:
1675 2037 1923 2093 fecerunt
1954 2054 2044 2107 pa-

453 2145 564 2189 tres
602 2148 812 2188 eorum.
849 2133 1017 2188 Obliti
1056 2143 1184 2187 sunt
1220 2141 1402 2187 autem
1442 2133 1581 2197 mei,
1619 2134 1713 2202 qui
1750 2130 1910 2186 eduxi
1949 2146 2043 2185 eos

451 2229 519 2283 de
543 2226 800 2298 Egypto,
835 2227 927 2296 qui
959 2226 1156 2281 abstuli
1187 2226 1567 2280 Amorrhteum
1600 2239 1630 2279 a
1661 2223 1801 2279 facie
1827 2236 2039 2286 eorum,

450 2319 543 2388 qui
577 2319 846 2389 assumpsi
879 2319 946 2374 de
976 2319 1103 2374 ﬁliis
1132 2333 1323 2373 eorum
1362 2319 1415 2373 in
1453 2319 1746 2388 prophetas
1775 2327 1831 2373 et
1863 2322 1931 2371 de
1960 2317 2043 2386 ju-

448 2408 678 2464 venibus
716 2424 904 2465 eorum
944 2410 997 2464 in
1036 2410 1544 2464 sanctiﬁcationem.
1582 2409 1649 2464 Et
1688 2424 1788 2479 ego
1822 2408 2040 2479 quidem

449 2513 545 2554 eos
572 2500 865 2567 honoravi;
897 2499 974 2553 illi
997 2516 1127 2555 vero
1154 2515 1217 2554 eo
1247 2500 1571 2569 insipientia
1599 2500 1956 2563 devenerunt,
1984 2508 2041 2552 nt

448 2591 771 2645 vestimenta
805 2606 903 2644 sua
936 2590 1167 2661 ligantes
1200 2589 1443 2657 funibus,
1472 2591 1739 2645 velamina
1801 2591 2043 2645 facerent

448 2684 782 2738 adhaerentia
822 2684 1017 2749 altari,
1056 2692 1112 2738 et
1145 2681 1329 2736 vinum
1369 2697 1438 2736 ex
1475 2682 1763 2738 calumniis
1797 2682 2043 2737 biberent

448 2776 503 2830 in
531 2777 691 2831 domo
717 2776 811 2831 Dei
840 2777 1102 2846 ipsorum,
1130 2785 1186 2832 et
1208 2777 1335 2831 vino
1359 2784 1611 2845 potarent
1637 2774 2035 2837 sanctiﬁcatos,

450 2870 882 2939 Inandarentque
906 2868 1183 2940 prophetis
1203 2877 1258 2923 et
1278 2867 1557 2922 dicerent:
1579 2865 1656 2919 Ne
1678 2863 2037 2935 prophetetis.

2144 1944 2521 2014 ἠσεϐηκότων,
2548 1942 2647 1995 οὐκ
2680 1942 2759 1994 ἐτι
2790 1941 2978 2013 φέρειν
3020 1940 3318 2011 δυνάμενος
3354 1940 3465 1994 τῶν
3497 1940 3745 2012 πλημμε-

2143 2033 2208 2104 λη
2219 2033 2407 2105 μάτων
2441 2034 2501 2087 τὸ
2526 2032 2816 2104 δυσαχθές.
2856 2031 3172 2085 Ἀπώσαντο
3197 2034 3306 2104 γὰρ
3332 2032 3423 2085 τὸν
3460 2032 3624 2103 νόμον
3648 2032 3742 2084 τοῦ

2144 2126 2374 2197 Κυρίου,
2401 2126 2496 2178 καὶ
2519 2125 2589 2178 τὰ
2632 2124 3031 2194 προστάγματα
3062 2123 3229 2177 αὐτοῦ
3264 2126 3364 2177 οὐκ
3387 2124 3739 2193 ἐφυλάξαντοο

2143 2219 2258 2273 ἀλλ’
2287 2217 2559 2287 ἐπλάνησε
2588 2217 2686 2288 μὲν
2712 2217 2914 2279 αὐτοὺς
2941 2215 3010 2269 τὰ
3044 2216 3250 2287 μάταια
3277 2216 3477 2280 αὐτῶν,
3500 2216 3535 2270 ἃ.
3562 2216 3748 2288 ἐποίη-

2146 2329 2244 2364 σαν
2269 2313 2316 2364 οἱ
2348 2311 2583 2380 πατέρες
2613 2310 2814 2377 αὐτῶν,
2843 2309 3171 2363 ἐπελάθοντο
3198 2309 3255 2362 δέ
3293 2324 3395 2377 μου
3423 2309 3514 2362 τοῦ
3545 2310 3744 2379 ἐξαγα-

2143 2405 2336 2473 γόντος
2373 2402 2435 2470 ἐξ
2466 2403 2767 2472 Αἰγύπτου,
2814 2400 2910 2455 τοῦ
2958 2400 3251 2473 ἐξάραντος
3292 2400 3383 2454 τὸν
3419 2401 3743 2472 Ἀμορραῖον

2142 2497 2209 2549 ἐκ
2236 2494 2533 2565 προσώπου
2571 2494 2775 2558 αὐτῶν,
2806 2492 2901 2546 τοῦ
2936 2491 3193 2555 λαϐόντος
3225 2493 3290 2545 ἐκ
3335 2490 3444 2544 τῶν
3484 2491 3614 2543 υἱῶν
3642 2492 3742 2544 αὐ-

2141 2588 2250 2641 τῶν
2290 2587 2371 2649 εἰς
2401 2586 2713 2658 προφήτας,
2744 2585 2839 2639 καὶ
2870 2586 2935 2637 ἐκ
2967 2584 3077 2637 τῶν
3108 2584 3419 2638 νεανίσκων·
3448 2583 3630 2636 αὐτῶν
3664 2584 3744 2645 είς

2143 2678 2435 2750 ἁγιασμόν.
2491 2678 2655 2732 Ἀλλά
2698 2678 2970 2749 τετίμηκα
3019 2678 3117 2747 μὲν
3167 2675 3313 2745 ἐγὼ,
3363 2675 3655 2730 καθίκοντο
3686 2675 3743 2728 δὲ

2140 2770 2460 2835 δυσϐουλίας
2489 2772 2571 2835 εἰς
2599 2769 2760 2824 τοῦτο
2793 2770 2967 2834 αὐτοὶ,
2994 2769 3070 2833 ώς
3097 2768 3166 2823 τὰ
3202 2768 3400 2839 ἱμάτια
3435 2768 3615 2823 αὐτῶν
3652 2765 3743 2820 δε-

2144 2861 2437 2934 σμεύοντες
2482 2860 2759 2932 σχοινίοις,
2794 2861 3286 2933 παραπετάσματα
3309 2862 3483 2913 ποιεῖν
3511 2859 3745 2930 ἐχόμενα

2141 2954 2235 3008 τοῦ
2281 2953 2696 3024 θυσιαστηρίου,
2727 2952 2825 3006 καὶ
2855 2948 3000 3007 οἶνον
3033 2954 3097 3005 ἐκ
3143 2950 3520 3021 συκοφαντιῶν
3569 2951 3742 3004 πίνειν

2141 3047 2200 3099 ἐν
2231 3044 2310 3118 τῷ
2354 3045 2489 3116 οἴκῳ
2519 3045 2613 3098 τοῦ
2644 3045 2780 3099 Θεοῦ
2823 3044 3029 3111 αὐτῶν,
3071 3045 3166 3098 καὶ
3200 3043 3442 3108 ποτίζειν
3478 3043 3576 3115 μὲν
3604 3038 3743 3096 οἶνον

448 2959 674 3016 Talibus
697 2961 862 3031 igitur
886 2959 1259 3030 impietatibus
1283 2960 1479 3015 vestris
1504 2959 1891 3030 propemodum
1917 2972 2042 3011 one-

451 3063 625 3118 ratus,
654 3063 713 3106 ut
741 3051 862 3107 axis
891 3052 944 3106 in
976 3053 1242 3120 plaustro,
1271 3051 1414 3121 quod
1445 3050 1770 3120 stipularum
1800 3048 2042 3115 manipu-

452 3141 520 3198 lis
566 3142 782 3212 plenum
828 3151 932 3209 est,
972 3142 1267 3197 clamorem
1307 3141 1462 3196 edam
1508 3139 1677 3194 multo
1724 3138 2040 3192 maximum.

2146 3139 2273 3202 τοὺς
2326 3138 2725 3208 ἡγιασμένους,
2774 3135 3115 3190 ἐντέλλεσθαι
3160 3137 3218 3190 δὲ
3249 3140 3363 3199 τοῖς
3401 3136 3741 3206 προφήταις,

448 3234 602 3302 Quod
653 3234 781 3289 hinc
825 3234 1210 3289 detrimentum
1257 3233 1337 3288 eis
1383 3243 1740 3293 eventurum,
1782 3238 1875 3283 aut
1919 3244 2037 3297 quae

2146 3230 2242 3284 καὶ
2270 3229 2477 3298 λέγειν·
2511 3230 2587 3281 Ού
2610 3229 2684 3301 μὴ
2715 3228 3158 3301 προφητεύσητε.
3185 3231 3318 3293 Ταῖς
3344 3224 3437 3284 οῦν
3466 3228 3743 3290 τοιαύταις

448 3328 588 3381 mala
622 3343 717 3383 eos
755 3328 1006 3383 invasnra
1047 3327 1184 3392 sint,
1220 3340 1345 3379 mox
1382 3324 1737 3394 sequentibus
1776 3312 2036 3376 declarat.

2146 3322 2301 3392 ὑμῶν
2354 3320 2633 3385 ἀσεϐείαις
2688 3322 2973 3392 μονονουχὶ
3012 3320 3623 3393 καταπεφορτισμένος,
3667 3318 3742 3383 ὡς

446 3421 591 3487 ἇξων
627 3421 721 3474 ἐπὶ
753 3418 849 3491 τὴν
912 3417 1149 3489 ἅμαξαν,
1196 3417 1232 3488 ἦ
1292 3416 1548 3486 καλάμης
1588 3414 1704 3467 ἐστὶ
1770 3414 1865 3467 καὶ
1928 3412 2260 3485 δραγμάτων
2303 3412 2574 3484 ἔμπλεως,
2618 3410 2876 3482 πλείστην
2921 3414 3053 3482 ὅσην
3097 3414 3394 3482 ποιήσομαι
3425 3411 3525 3483 τὴν
3571 3427 3740 3464 κατα-

446 3509 600 3583 ϐοήν.
644 3512 753 3565 Καὶ
781 3512 834 3565 τί
881 3511 941 3564 τὸ
969 3508 1219 3565 ἐντεῦθεν
1267 3508 1526 3579 ἐσόμενον
1597 3506 1815 3578 βλάϐος,
1863 3506 1897 3577 ἢ
1949 3506 2080 3559 ποῖα
2118 3505 2281 3559 πάλιν
2314 3505 2500 3567 αὐτοῖς
2566 3504 2910 3575 συμϐήσεται
2947 3504 3117 3576 πάθη,
3146 3505 3422 3577 διατρανοῖ
3453 3502 3551 3573 μὲν
3580 3504 3741 3559 εὐθὺς

447 3612 507 3665 ἐν
534 3611 647 3673 τοῖς
680 3608 898 3678 ἐφεξῆς.

524 3705 912 3761 Verumtamen
959 3712 1015 3759 et
1059 3702 1191 3757 illud
1236 3701 1525 3757 dicendum
1569 3708 1652 3755 est
1694 3698 2033 3760 necessario,

2214 3692 2362 3763 Πλὴν
2391 3690 2569 3743 ἐκεῖνο
2601 3689 2777 3742 είπεῖν
2821 3688 3137 3757 ἀναγκαῖον,
3169 3690 3252 3743 ὅτι
3286 3690 3570 3745 πάνδεινον
3602 3694 3739 3765 ἀλη-

443 3814 574 3855 vere
605 3808 730 3853 ante
759 3797 939 3851 omnia
975 3794 1305 3851 horrendum
1338 3808 1477 3857 esse,
1510 3793 1679 3847 Deum
1713 3792 1950 3856 irritare,
1981 3800 2036 3844 et

2143 3786 2251 3849 θῶς
2294 3785 2356 3837 τὸ
2405 3781 2729 3854 παροξύνειν
2761 3781 2916 3843 Θεὸν,
2958 3781 3051 3835 καὶ
3084 3782 3165 3845 είς
3198 3781 3358 3835 τοῦτο
3403 3784 3737 3855 φαυλότητος

444 3906 512 3947 eo
545 3907 719 3961 usque
758 3890 812 3945 in
846 3890 1252 3960 improbitatem
1295 3887 1448 3942 abire
1486 3886 1740 3955 deinceps
1778 3883 2031 3953 praecipi-

2143 3875 2528 3945 κατολισθῆσαι
2549 3873 2755 3938 λοιπὸν,
2780 3873 2855 3935 ὡς
2880 3871 3157 3944 ἀφόρητον
3179 3873 3330 3944 αὐτῷ
3357 3875 3611 3942 γενέσθαι
3635 3878 3733 3947 τὴν

447 3995 573 4051 lem,
605 3992 664 4037 ut
693 3991 917 4052 peccata
950 3990 1133 4035 nostra
1171 3979 1405 4034 tolerare
1437 3978 1670 4047 amplius
1698 3991 1803 4030 non
1837 3974 2029 4045 possit,

2143 3967 2271 4038 παρ’
2296 3966 2454 4038 ἡμῶν
2486 3966 2781 4036 ἁμαρτίαν,
2826 3963 3005 4017 καίτοι
3044 3963 3270 4035 χρηστῷ
3308 3981 3367 4018 τε
3397 3965 3490 4018 καὶ
3542 3968 3733 4038 ἀγαθῴ

444 4076 659 4131 tametsi
698 4083 892 4129 natura
928 4089 1024 4127 sua
1059 4074 1234 4127 bonus
1257 4111 1270 4134 ,
1308 4070 1549 4126 clemens
1581 4080 1637 4123 et
1672 4066 1838 4121 multo
1875 4081 2031 4119 man-

2143 4058 2233 4109 καὶ
2276 4056 2619 4127 ήμερωτάτῳ
2650 4054 2771 4106 λίαν
2811 4053 3111 4124 ὑπάρχοντι
3153 4052 3295 4107 κατά
3328 4053 3511 4121 φύσιν.
3550 4058 3641 4109 Δεῖ
3669 4056 3731 4127 δὴ

443 4165 782 4222 suetissimus
816 4166 908 4218 sit.
939 4164 1021 4218 Ab
1056 4178 1121 4217 eo
1157 4163 1321 4232 igitur
1347 4159 1667 4214 offendendo
1702 4156 1876 4210 modis
1909 4170 2030 4210 om-

2143 4141 2231 4200 οὖν
2265 4144 2649 4217 παραιτεῖσθαι
2700 4144 2799 4213 μὲν
2843 4143 2925 4196 ὅτι
2965 4142 3201 4212 μάλιστα
3250 4142 3426 4212 φιλεῖν
3470 4144 3531 4199 τὸ
3564 4163 3730 4217 προσ-

444 4259 602 4313 nihus
640 4257 939 4311 cavendum
980 4266 1083 4308 est.
1124 4252 1278 4319 Quod
1324 4252 1369 4306 si
1413 4249 1688 4321 quidpiam
1734 4249 2029 4302 humanum

2143 4236 2358 4309 κρούειν
2383 4235 2550 4305 αύτῷ.
2582 4235 2644 4288 El
2674 4234 2729 4287 δὲ
2760 4234 2823 4303 δή
2857 4251 2910 4287 τι
2940 4234 3148 4303 γένοιτο
3176 4235 3268 4288 καὶ
3300 4236 3493 4289 παθεῖν
3523 4238 3705 4310 ἀνθρώ

442 4351 553 4421 pati
585 4349 903 4419 contigerit,
936 4346 1095 4401 ollicii
1130 4355 1243 4407 est,
1275 4359 1379 4397 non
1413 4343 1582 4398 videri
1616 4342 1682 4396 ad
1714 4341 2027 4410 patientiam

2143 4345 2312 4394 πινον,
2352 4328 2426 4398 μὴ
2468 4326 2699 4398 ὁρᾶσθαι
2741 4324 3014 4397 μελλητάς
3058 4328 3138 4389 είς
3180 4327 3544 4397 μετάγνωσιν,
3594 4332 3729 4401 μήτε

430 4458 655 4513 "segnes.
691 4456 790 4496 nec
822 4441 1001 4494 sinere
1033 4447 1256 4506 peccata
1293 4436 1530 4504 peccatis
1560 4433 1863 4495 cumulari;
1895 4431 2025 4502 quin

2143 4420 2246 4493 μὴν
2279 4420 2360 4483 είς
2404 4418 2637 4488 αὔξησιν
2683 4418 2821 4471 ἰέναι
2854 4420 3205 4488 παραχωρεῖν
3241 4422 3354 4483 τοῖς
3380 4420 3730 4492 διεπταισμὲ-

442 4509 625 4603 potius
675 4543 861 4586 sancta
917 4530 1151 4601 quadam
1197 4527 1475 4596 vigilantia
1522 4542 1585 4579 ea
1636 4525 1923 4586 cohibere.
1972 4531 2027 4576 et

2143 4527 2269 4575 νοις·
2301 4511 2459 4582 νήφει
2492 4511 2548 4565 δὲ
2579 4509 2777 4582 μᾶλλον
2808 4511 3137 4579 ἀγιοπρεπεῖ
3169 4511 3486 4582 χρωμένους
3514 4515 3729 4566 ἀνασει-

438 4634 791 4694 aegrotantem
841 4600 1078 4676 animum
1126 4618 1291 4691 274
1337 4620 1402 4672 ad
1457 4618 1679 4673 meliora
1731 4617 2022 4686 appellere.

2143 4603 2321 4674 ράζειν
2361 4603 2531 4666 αὐτὰ,
2576 4603 2669 4655 καὶ
2722 4600 3114 4671 μετακομίζειν
3146 4603 3459 4670 ἐπείγεσθαι
3497 4605 3630 4675 πρὸς
3668 4605 3730 4659 τὸ

440 4719 535 4773 Sic
564 4718 706 4771 enim
742 4717 880 4770 Deus
910 4714 1177 4783 patienter
1205 4728 1301 4767 nos
1334 4712 1655 4774 sustinebit,
1684 4720 1738 4765 et
1768 4709 2023 4779 quoniam

2143 4696 2356 4766 Ξμεινον
2404 4693 2803 4767 ἠρῤωστηκότα
2852 4691 2944 4745 τὸν
2981 4691 3127 4744 νοῦν.
3174 4692 3587 4764 Ἀνεξικακήσει
3619 4698 3726 4767 γὰρ

2133 4786 2305 4850 οὕτως
2338 4784 2500 4849 Θεόςο
2531 4786 2624 4838 καὶ
2662 4783 2894 4851 ἐπείπερ
2924 4785 3071 4836 ἐστὶν
3101 4782 3324 4851 ἀγαθὸς,
3355 4785 3608 4839 ἐπιδώσει
3637 4788 3726 4841 τὸν

2133 4878 2303 4931 ἐλεον.

512 4986 674 5040 Vens.
712 4984 900 5039 14-16.
935 4983 1002 5038 Et
1060 4985 1245 5054 peribit
1290 4983 1413 5054 fuga
1450 5000 1482 5035 a
1519 4998 1754 5049 cursore,
1785 4992 1832 5035 et
1873 4980 2023 5048 {ortis

2203 4971 2315 5026 Καὶ
2362 4969 2673 5025 ἀπολεῖται
2718 4969 2880 5038 φυγή
2932 4969 3001 5023 ἐκ
3036 4967 3321 5038 δρομέως,
3360 4971 3460 5024 καὶ
3517 4975 3549 5026 ό
3588 4990 3725 5040 κρα-

435 5097 538 5133 non
564 5079 811 5132 obtinebit
839 5077 1202 5148 fortitudinem
1229 5092 1404 5139 suam,
1429 5086 1474 5127 et
1500 5084 1759 5142 pugnator
1781 5088 1886 5125 non
1912 5071 2025 5125 sal-

2143 5064 2290 5130 ταιὸς
2330 5066 2402 5118 οὐ
2435 5062 2523 5133 μὴ
2569 5061 2844 5130 κρατήσῃ
2882 5061 2992 5129 τῆς
3040 5062 3256 5129 ἰσχύος
3306 5064 3515 5126 αὐτοῦ,
3557 5066 3655 5118 καὶ
3689 5067 3722 5118 ό

433 5170 574 5222 vabit
617 5169 849 5221 animum
890 5182 1074 5232 suam,
1111 5176 1157 5220 et
1204 5167 1485 5235 sagittator
1516 5179 1620 5217 non
1660 5163 1933 5237 subsistet,
1974 5173 2022 5216 et

2143 5159 2399 5229 ιαχητὴς
2446 5161 2519 5212 οὺ
2557 5157 2644 5226 μὴ
2700 5157 2874 5225 σώσῃ
2918 5156 3034 5224 τὴν
3070 5157 3285 5225 ψυχὴν
3316 5159 3523 5222 αὑτοῦ,
3556 5159 3656 5214 καὶ
3688 5164 3720 5214 ό

434 5260 583 5313 velox
613 5260 831 5329 pedibus
862 5262 972 5313 suis
1001 5275 1106 5312 non
1131 5257 1444 5321 salvabitur,
1476 5272 1638 5325 neque
1666 5271 1820 5326 eques
1849 5255 2025 5310 salva-

2143 5252 2378 5319 τοξότης
2428 5252 2500 5303 οὺ
2540 5249 2626 5319 μὴ
2676 5246 2951 5316 ὑποστῇ,
2985 5248 3083 5301 καὶ
3116 5250 3149 5301 ό
3180 5248 3325 5315 ὀξὺς
3378 5249 3505 5317 τοῖς
3536 5251 3721 5305 ποσὶν

436 5352 507 5405 bit
542 5353 774 5405 animam
811 5368 984 5405 suam.
1018 5347 1087 5402 Et
1124 5348 1346 5402 inveniet
1383 5348 1613 5401 animam
1649 5363 1801 5401 suam
1836 5347 1891 5400 in
1926 5364 2021 5414 po-

2143 5341 2313 5396 ιὺτοῦ
2340 5342 2411 5395 οὐ
2445 5340 2532 5410 μὴ
2563 5338 2853 5407 διασωθῇ,
2887 5339 2986 5393 καὶ
3021 5342 3054 5393 ὁ
3088 5340 3307 5404 ἱππεὺς
3334 5342 3406 5394 οὐ
3429 5341 3515 5411 μὴ
3544 5342 3720 5413 σώσῃ

435 5445 738 5497 tentatibus.
781 5442 973 5497 Nudus
1017 5452 1355 5511 persequetur
1392 5440 1449 5493 in
1491 5438 1673 5494 diebus
1715 5437 1846 5504 illis,
1890 5439 2017 5492 dicit

2143 5434 2240 5502 τὴν
2263 5433 2478 5502 ψυχὴν
2500 5433 2708 5487 αὺτοῦ.
2737 5433 2845 5486 Καὶ
2874 5430 3119 5500 εὑρήσει
3148 5431 3264 5500 τὴν
3290 5433 3504 5502 ψυχὴν
3533 5435 3719 5492 αὐτοῦ

432 5535 710 5591 Dominus.

2143 5527 2192 5579 iv
2218 5526 2622 5590 δυναστείαις.
2661 5524 2724 5577 '0
2754 5524 2983 5593 γυμνὸς
3015 5524 3283 5590 διώξεται
3313 5527 3385 5580 ἐν
3419 5525 3548 5593 ταῖς
3577 5527 3719 5597 ἦμά·

2121 5635 2253 5688 ραις
2283 5618 2565 5684 ἐκείναις,
2602 5616 2768 5686 λέγει
2799 5616 3035 5684 Κύριος.

438 4810 706 4877 benignus
735 4816 839 4871 est,
869 4804 1297 4859 misericordiam
1334 4804 1551 4858 tribuet.

567 5738 755 5793 Matth.
788 5754 853 5804 τι,
877 5738 945 5793 ΞΟ
