4132 6370
378 330 488 387 455

448 442 573 498 KA'.
608 440 775 494 Οὐδὲν
805 438 1097 502 άνασώσει,
1127 439 1313 510 φησὶν,
1341 441 1398 493 ἐν
1430 441 1615 512 ἡμέρᾳ
1643 440 1816 513 ὀργῆς
1845 439 1970 499 τοὺς
2000 444 2046 501 Α

373 532 920 610 προσκεκρουκότας·
950 532 1011 586 οὐ
1041 530 1228 585 ’ποδῶν
1265 531 1462 603 ὀξύτης
1497 532 1590 586 τὸν
1625 532 1963 604 δρομικώτα-

376 648 467 683 τον
498 626 813 690 ,ἀπαλλάξει
849 624 959 678 τῶν
1005 623 1224 678 κακῶν-
1258 628 1319 677 ού
1355 624 1611 695 σώματος
1658 624 1818 696 ῥώμη
1871 625 1964 678 τδν

380 718 639 788 εὐσθενῆο
668 716 768 770 οὐκ
814 714 1080 787 ἐμπειρία
1118 714 1388 785 πολεμικὴ
1421 715 1512 768 τὸν
1548 714 1726 768 εἰδότα
1768 715 1838 770 τὰ
1867 732 1963 769 τα-

391 811 568 876 ιτικά,
609 810 704 863 καὶ
746 809 808 862 τὸ
852 806 1089 875 τοξεύειν
1140 806 1341 879 ἄριστα
1386 808 1822 879 μεμελετηκότα,
1870 809 1963 862 καὶ

383 904 468 957 ἐπὶ
505 901 680 971 τούτῳ
708 899 1173 970 τεθαυμασμένον.
1208 900 1489 969 Ἀνόνητος
1517 899 1575 952 δὲ
1602 902 1713 964 τοῖς
1745 900 1962 971 χρωμέ-

378 1013 487 1059 νοις
529 995 624 1049 xui.
657 995 691 1067 ἡ
723 992 833 1047 τῶν
867 993 1055 1046 ἵππων
1091 989 1352 1064 ταχύτης,
1405 990 1499 1044 καὶ
1552 991 1684 1044 αὐτὸ
1724 991 1783 1044 δὲ
1826 992 1962 1064 πρὸς

379 1088 548 1160 τούτῳ
572 1087 635 1141 τὸ
675 1087 775 1159 τὴν
819 1085 1148 1157 ἱππόκροτον
1186 1085 1383 1139 εἰδέναι
1433 1084 1635 1156 μάχην.
1659 1084 1799 1137 Ἀλλ’
1828 1085 1962 1139 ἔκα-

376 1196 499 1243 στος
533 1177 739 1231 τούτων
782 1176 1007 1247 εὑρήσει
1053 1173 1243 1243 σαφῶς
1276 1174 1375 1247 τὴν
1419 1175 1614 1228 ἐαυτοῦ
1646 1174 1872 1248 καρδίαν
1905 1177 1962 1227 ἐν

384 1269 733 1333 Ξυναστείαις,
770 1267 1036 1329 τουτέστι,
1075 1265 1682 1338 καταδυναστευομένην
1710 1270 1823 1330 τοῖς
1854 1267 1963 1320 δεί-

378 1379 547 1434 μασι,
593 1362 685 1415 xci.
756 1359 1196 1432 παραχωροῦσαν
1240 1359 1444 1430 ἀμαχεὶ
1497 1361 1611 1422 τοῖς
1659 1358 1963 1431 καταδῃοῦν

381 1454 615 1508 ἐθέλουσι
638 1452 700 1505 τὸ
728 1455 902 1524 νικᾷν.
936 1454 1127 1507 Ἔσται
1155 1450 1264 1523 γὰρ
1293 1453 1414 1504 τότε
1438 1451 1607 1505 δειλία
1640 1452 1739 1522 μὲν
1768 1453 1877 1506 τῶν
1901 1452 1961 1520 ἐξ

388 1545 637 1618 Ἰσραὴλ,
681 1543 918 1616 τοσαύτη
968 1544 1026 1597 δέ
1079 1544 1365 1597 δυναστεία
1416 1544 1527 1596 τῶν
1583 1543 1958 1610 Βαϐυλωνίων,

375 1636 515 1690 ὥστε
565 1637 658 1690 καὶ
698 1636 914 1689 διώκειν
959 1635 1219 1689 δύνασθαι
1261 1635 1353 1689 τὸν
1400 1636 1628 1706 γυμνὸν,
1676 1636 1957 1699 τουτέστι,

379 1726 697 1798 κατισχῦσαι
722 1726 831 1779 τῶν
859 1728 917 1778 ἐν
944 1725 1148 1790 ὅπλοις,
1175 1724 1280 1779 κᾶν
1309 1724 1363 1777 εἴ
1388 1742 1473 1789 τις
1503 1724 1821 1797 ἀθώρηκτος
1852 1726 1959 1779 τῶν

1340 322 1890 380 COMMENTARIUS
1929 321 1994 376 IN
2039 321 2225 376 ΑΜοὸ
2263 321 2711 379 PROPIIETAM.

3549 330 3656 386 454

2148 436 2336 493 XXIV.
2374 438 2538 504 Nihil,
2570 440 2766 511 inquit,
2796 439 2954 495 saluti
2982 440 3086 495 erit
3111 440 3165 497 in
3196 443 3282 500 die
3312 443 3406 498 irte
3435 444 3538 499 illis
3563 446 3653 515 qui

2072 541 2455 602 peccaverunt.
2498 531 2610 587 Non
2657 532 2907 588 celeritas
2950 533 3145 603 pedum
3188 551 3466 591 cursorem
3510 538 3655 605 opti—

2074 638 2218 677 mum
2263 623 2420 678 malis
2460 614 2689 691 eximet,
2730 640 2835 680 non
2876 625 3021 681 vires
3062 628 3307 697 corporis
3350 631 3652 692 robustum,

2072 729 2177 768 non
2211 715 2401 783 peritia
2432 715 2685 770 militaris
2712 716 2928 783 ducem,
2959 732 3065 773 non
3094 733 3303 774 summa
3335 719 3655 775 exercitatio

2071 808 2411 877 Sagittarium
2453 808 2797 878 praclarum.
2844 811 3117 880 Equorum
3159 812 3416 869 velocitas
3455 815 3656 882 equiti-

2073 899 2194 964 bus,
2220 908 2275 955 et
2307 899 2530 969 insuper
2554 901 2889 971 equestrium
2922 902 3307 958 decursionum
3344 903 3535 960 notitia
3570 904 3653 958 ni-

2070 988 2147 1043 hil
2179 990 2451 1058 proderit;
2486 991 2581 1045 sed
2615 994 2991 1061 unusquisque
3028 1012 3046 1045 ι
3089 993 3330 1049 inveniet
3368 1010 3463 1051 cor
3496 1012 3655 1049 sumn

2070 1081 2353 1137 manifeste
2384 1083 2437 1137 in
2471 1083 2860 1152 potentatibus,
2901 1104 2919 1137 ι
2959 1079 3061 1142 hoc
3089 1096 3197 1150 est,
3230 1089 3529 1144 terroribus
3561 1104 3653 1158 po-

2072 1179 2250 1226 tenter
2277 1187 2633 1243 oppressum,
2664 1182 2719 1228 et
2745 1174 3034 1231 devastare
3062 1192 3121 1232 se
3151 1170 3484 1244 volentibus,
3517 1180 3654 1234 citra

2070 1280 2300 1336 pugnam
2344 1266 2608 1322 concedet
2647 1267 2956 1322 victoriam.
3001 1269 3297 1325 Timebunt
3337 1272 3480 1325 enim
3531 1281 3656 1326 tunc

2069 1358 2345 1413 Israelita}.
2374 1358 2547 1413 Tanta
2577 1370 2757 1413 autem
2788 1360 2895 1415 erit
2928 1358 3349 1432 Babyloniorum
3386 1365 3652 1431 potentia,

2070 1461 2129 1506 ut
2163 1452 2334 1522 possit
2371 1452 2536 1507 etiam
2577 1453 2757 1508 nudus
2793 1454 3063 1522 persequi,
3100 1454 3203 1510 hoc
3242 1463 3325 1511 est
3363 1456 3656 1525 praevalere

2068 1544 2321 1608 armatis,
2365 1543 2582 1598 etiamsi
2626 1544 2867 1614 ipsorum
2920 1543 3341 1617 Babyloniorum
3388 1548 3652 1616 quispiam

2071 1637 2296 1690 thorace
2328 1635 2545 1691 indutus
2576 1651 2679 1691 non
2710 1638 2813 1702 sit,
2842 1648 2897 1692 et
2928 1637 3138 1708 insequi
3170 1638 3342 1706 possit
3368 1642 3535 1693 armis
3569 1641 3654 1693 in-

2068 1737 2328 1780 su-uctum
2354 1727 2605 1782 omnibus
2650 1728 2696 1782 is
2732 1728 2824 1799 qui
2852 1729 3022 1785 armis
3045 1741 3229 1784 careat
3253 1739 3308 1785 et
3333 1731 3651 1801 imparatus.

380 1815 732 1871 Βαϐυλωνίων
751 1833 765 1847 ο
810 1816 904 1868 καὶ
932 1813 1148 1868 διώκειν
1180 1814 1437 1868 δύνασθαι
1482 1816 1608 1879 τοὺς
1646 1818 1704 1869 ἐν
1734 1832 1957 1869 παντευ-

2069 1820 2176 1872 Deo
2204 1818 2366 1888 igitur
2389 1819 2441 1873 in
2475 1819 2898 1875 imbecillitatem
2927 1832 3324 1892 prosternente,
3352 1839 3489 1894 quos
3515 1825 3651 1879 alili-

377 1908 468 1979 χίᾳ
502 1907 595 1960 τὸν
624 1907 823 1961 άοπλόν
863 1923 922 1960 τε
962 1907 1055 1959 καὶ
1084 1906 1334 1960 ἄσκευον.
1372 1906 1580 1961 Οὐκοῦν
1613 1906 1748 1959 Θεοῦ
1789 1924 1962 1961 καταο

378 1999 613 2063 σείοντος
643 2000 723 2063 εἰς
750 1997 1055 2063 ἀσθένειαν,
1084 1997 1178 2061 οὒς
1206 1997 1272 2052 ἂν
1292 1998 1463 2053 ἕλοιτο
1491 1998 1715 2063 κακοῦν,
1743 1999 1965 2052 ἐπικου-

379 2093 597 2166 ρήσειεν
630 2092 696 2145 ἂν
729 2090 903 2147 οὐδέν.
928 2091 1041 2144 Καὶ
1068 2090 1248 2154 τοῦτο,
1278 2086 1453 2161 οἶμαι,
1486 2090 1604 2145 ἐστὶ
1641 2090 1702 2144 τὸ
1734 2091 1824 2145 διὰ
1865 2094 1963 2163 τῆς

376 2184 470 2239 τοῦ
508 2184 817 2248 Ψάλλοντος
856 2184 1038 2253 φωνῆς
1066 2184 1440 2255 ἐτεροτρόπως
1478 2186 1612 2255 ἡμῖν
1651 2184 1960 2255 εἰρημένονο

381 2296 401 2330 ι
434 2278 548 2331 Οὐκ
580 2280 638 2331 ἐν
667 2280 732 2348 τῇ
760 2276 1053 2348 δυναστείᾳ
1077 2276 1169 2329 τοῦ
1197 2278 1364 2330 ἵππου
1393 2276 1630 2348 θελήσει.
1657 2296 1677 2330 ι
1716 2278 1826 2331 Καὶ
1855 2277 1962 2332 πά-

374 2369 485 2423 λιν⁶
517 2387 538 2421 ι
565 2367 780 2439 Ψευδὴς
806 2367 971 2432 ἵππος
1000 2369 1079 2431 είς
1108 2368 1401 2440 σωτηρίαν.
1427 2388 1446 2421 ι
1477 2369 1737 2441 Ἀνόνητα
1762 2369 1871 2443 γὰρ
1896 2371 1965 2425 τὰ

370 2460 555 2515 τοιάδε
584 2458 893 2524 παντελῶς,
929 2461 1005 2532 μὴ
1036 2461 1423 2526 συναθλοῦντος
1460 2461 1619 2518 Θεοῦ.
1644 2464 1815 2527 Αὐτὸς
1852 2465 1961 2536 γάρ

375 2553 524 2607 ἐστιν
548 2555 577 2606 ό
616 2554 727 2609 τῶν
760 2554 1042 2624 δυνάμεων
1088 2554 1323 2625 Κύριος,
1352 2556 1380 2607 ό
1419 2555 1588 2628 νεῦρα
1632 2555 1807 2620 διδοὺς
1848 2560 1960 2622 τοῖς

376 2646 734 2719 ἠσθενηκόσι,
775 2649 870 2702 καὶ
916 2646 1234 2720 ἀπονευρῶν
1271 2647 1397 2711 τοὺς
1434 2647 1830 2719 λελυπηκότας·
1866 2650 1962 2703 καὶ

380 2739 478 2792 σὺν
516 2739 663 2811 αὐτῷ
699 2726 849 2811 μὲν(
878 2739 1139 2808 Διὼξεται
1180 2734 1260 2804 εἷς
1293 2738 1520 2811 χιλίους,
1556 2739 1650 2794 δύο
1678 2741 1735 2795 δὲ
1759 2736 1825 2795 αὖ
1862 2760 1961 2813 με--

376 2832 729 2902 τακινήσουσι
778 2832 1061 2903 μυριάδας.
1090 2853 1108 2885 ι
1159 2831 1614 2903 Δαπανηθήσεται
1644 2833 1702 2886 δέ
1752 2833 1963 2906 πληθὺς

374 2923 545 2997 πολλὴ
576 2926 670 2978 καὶ
699 2925 1031 2998 ἀμέτρητος,
1067 2925 1161 2980 δύο
1193 2944 1296 2980 που
1334 2927 1473 2997 τάχα
1503 2926 1599 2981 καὶ
1635 2926 1803 2999 τριῶν
1831 2927 1957 2982 ἀνθ-

373 3014 704 3086 εστηκότων,
734 3018 782 3069 εί
814 3016 890 3088 μὴ
933 3017 1189 3091 ἐπαμύνῃ
1213 3016 1368 3081 Θεός.

635 3139 1021 3227 ΤΟΜΟΣ
1096 3137 1693 3229 ΔΕΥΤΕΡΟΣ.

979 3298 1227 3352 ΚΕΦΑΛ.
1262 3297 1337 3352 Γ’.

456 3412 770 3469 Ἀκούσατε
810 3412 918 3467 τὸν
948 3413 1135 3481 λόγον
1166 3412 1403 3479 τοῦτον,
1436 3413 1509 3466 ὃν
1541 3413 1809 3482 ἐλάλησε
1838 3415 1957 3469 Κύ-

366 3526 498 3579 ριος
525 3508 618 3578 ἐφ’
643 3507 819 3577 ὑμᾶς,
843 3504 1008 3573 οἶκος
1034 3506 1141 3561 τοῦ
1176 3506 1434 3576 Ἰσραὴλ,
1454 3506 1551 3560 καὶ
1578 3508 1727 3562 κατὰ
1754 3507 1958 3577 πάσης

372 3601 577 3671 φυλῆς
618 3596 695 3671 ἧς
731 3598 1036 3669 ἀνήγαγεν
1087 3599 1159 3653 ἐκ
1206 3598 1318 3669 γῆς
1362 3600 1687 3669 Αἰγύπτου,
1725 3600 1952 3669 λέγων’

371 3693 548 3761 Πλὴν
570 3692 727 3762 ὑμᾶς
754 3691 947 3761 ἔγνων
973 3692 1041 3746 ἐκ
1071 3690 1286 3746 πασῶν
1306 3690 1519 3761 φυλῶν
1541 3690 1653 3760 τῆς
1692 3691 1824 3760 γῆς.
1855 3690 1958 3744 Διὰ

368 3779 549 3835 τοῦτο
598 3780 898 3847 ἐκδικήσω
949 3779 1041 3849 ἐφ’
1090 3779 1246 3850 ὑμᾶς
1279 3779 1482 3847 πάσας
1528 3781 1636 3847 τὰς
1668 3780 1955 3850 ἁμαρτίας

369 3872 555 3942 ὑμῶν.

439 3965 570 4020 ΚΕ’.
628 3965 788 4019 Κατὰ
842 3964 1046 4029 παντὸς
1097 3965 1163 4019 ἂν
1219 3967 1391 4018 νοοῖτο
1455 3964 1668 4036 Ἰσραὴλ
1713 3960 1954 4032 γεγονὼς

366 4057 397 4110 ό
425 4055 583 4125 λόγος
602 4058 720 4121 ,οὑκ
751 4056 854 4110 ἀνὰ
891 4056 1057 4128 μέρος
1084 4056 1165 4110 ἔτι
1197 4055 1482 4128 τιθεμένου
1508 4055 1603 4109 τοῦ
1642 4055 1831 4121 Ἰούδα,
1859 4057 1954 4109 καὶ

364 4148 459 4202 τοῦ
506 4148 767 4221 Ἐφραῒμ,
798 4149 911 4203 ἀλλ’
942 4152 1023 4211 εἰς
1065 4149 1122 4203 ἓν
1169 4148 1358 4221 ὥσπερ
1396 4149 1826 4221 συνειλημμένου
1855 4149 1950 4203 τοῦ

370 4241 573 4305 παντὸς
605 4242 820 4310 γένους.
866 4241 1223 4313 Ἀνεκομίσθη
1264 4242 1374 4314 γὰρ
1402 4242 1460 4308 ἐξ
1492 4242 1769 4311 Αἰγύπτου
1799 4244 1952 4296 πᾶσα

368 4330 510 4403 φυλὴ
541 4332 650 4386 τῶν
700 4333 762 4398 ἐξ
828 4334 1063 4405 Ἰσραήλ.
1111 4334 1337 4398 Οὐδενὸς
1384 4330 1477 4388 οὖν
1524 4335 1630 4401 ἔξω
1678 4334 1946 4399 τεθέντος,

2064 1922 2193 1976 gere
2214 1908 2464 1974 voluerit,
2489 1907 2597 1963 illis
2620 1910 2750 1963 nibil
2777 1910 3035 1980 epitulari
3061 1914 3279 1981 poterit.
3302 1911 3480 1983 Atque
3508 1916 3650 1970 istud

2064 2010 2170 2064 est,
2204 2001 2415 2069 Opinor,
2453 2001 2596 2069 quod
2631 2016 2761 2055 voce
2794 2001 3095 2059 Psalmista:
3130 2004 3251 2060 aliis
3282 2007 3463 2062 verbis
3497 2008 3653 2062 nobis

2067 2090 2335 2145 indicatur
2362 2109 2375 2145 :
2410 2109 2429 2143 ι
2465 2090 2581 2147 Non
2611 2091 2664 2146 in
2693 2091 3009 2148 fortitudine
3035 2096 3158 2163 equi
3190 2095 3518 2151 voluntatem
3550 2099 3647 2151 ha-

2065 2181 2211 2237 bebit
2237 2181 2303 2236 "'.
2346 2198 2365 2233 ι
2411 2182 2474 2236 Ει
2514 2198 2733 2239 rursum
2771 2203 2785 2240 :
2828 2204 2847 2237 ι
2888 2184 3077 2240 Fallax
3117 2202 3290 2256 equus
3327 2187 3393 2242 ad
3432 2188 3649 2243 salvan-

2065 2274 2190 2328 dttm
2214 2274 2278 2329 ⁸³.
2317 2294 2335 2327 ι
2367 2275 2581 2329 lnutilia
2613 2276 2756 2332 enim
2788 2286 2916 2333 sunt
2947 2279 3046 2333 ista
3080 2280 3345 2345 fitndilus,
3377 2282 3477 2336 nisi
3509 2282 3652 2336 Deus

2064 2377 2364 2436 pugnantes
2409 2367 2647 2437 adjuvet.
2693 2368 2811 2438 Ipse
2854 2369 2996 2423 enim
3048 2380 3130 2425 est
3178 2371 3434 2427 Dominus
3474 2373 3649 2427 virtu-

2065 2466 2178 2513 tum
2206 2459 2271 2527 ",
2295 2460 2385 2529 qui
2418 2460 2646 2516 inﬁrmis
2674 2476 2870 2517 nervos
2900 2462 3314 2529 subministrat,
3341 2474 3396 2519 et
3424 2476 3651 2521 enemtt

2065 2565 2095 2603 τι
2124 2550 2320 2620 quibus
2352 2546 2435 2607 est
2470 2550 2729 2608 oll'ensus.
2758 2553 2825 2608 Et
2864 2554 2954 2609 illo
2989 2556 3158 2617 socio,
3196 2574 3213 2606 ι
3260 2553 3408 2611 Unus
3443 2556 3649 2627 iugabit

2066 2642 2232 2710 mille,
2258 2653 2315 2698 et
2345 2643 2452 2698 duo
2483 2643 2746 2713 fugabunt
2774 2646 2960 2701 decem
2992 2646 3157 2701 millia
3179 2647 3248 2710 ⁷⁰,
3288 2665 3309 2701 ι
3343 2648 3649 2719 peribitque

2064 2735 2355 2791 multitudo
2390 2738 2578 2807 ingens
2612 2746 2668 2792 et
2707 2738 2967 2793 immensa
2989 2778 3004 2803 ,
3041 2753 3069 2792 a
3104 2740 3316 2794 duobus
3347 2751 3442 2795 aut
3477 2740 3650 2796 tribus

2063 2829 2299 2884 fortasse
2326 2829 2595 2897 concissa,
2629 2829 2732 2886 nisi
2766 2830 2907 2887 Deus
2936 2830 3083 2885 illam
3118 2831 3438 2887 defenderit.

2272 3155 2684 3250 TOMUS
2771 3160 3429 3251 SECUNDUS.

2715 3306 2867 3364 CAP.
2910 3306 2974 3362 111

2130 3421 2299 3477 Vens.
2339 3423 2403 3485 1,
2439 3423 2496 3477 2.
2538 3423 2732 3497 Audite
2768 3426 2978 3477 verbum
3014 3423 3112 3476 hoc
3151 3425 3291 3491 quod
3328 3424 3532 3478 locutus
3571 3438 3645 3479 est

2063 3514 2319 3569 Dominus
2356 3531 2513 3581 super
2543 3531 2654 3578 vos,
2689 3517 2876 3568 domus
2917 3514 3106 3579 Israel,
3141 3528 3187 3569 el
3225 3527 3409 3568 contra
3443 3533 3646 3570 onmem

2058 3605 2255 3659 tribum
2274 3645 2288 3669 ,
2316 3621 2472 3675 quam
2501 3605 2682 3659 eduxit
2713 3606 2776 3659 de
2806 3614 2947 3659 terra
2968 3605 3222 3676 zEgypti,
3253 3608 3430 3660 dicens
3456 3622 3475 3660 :
3501 3606 3643 3661 Tan-

2057 3696 2326 3750 tummodo
2353 3713 2442 3750 vos
2472 3696 2688 3765 cognovi
2716 3712 2781 3751 ex
2810 3697 3053 3752 omnibus
3085 3699 3322 3752 tribubus
3353 3709 3524 3753 (erm.
3552 3698 3646 3754 Id-

2056 3789 2197 3842 circo
2227 3787 2457 3841 ulciscar
2480 3804 2636 3856 super
2659 3805 2747 3842 vos
2776 3790 2955 3843 omnia
2985 3800 3200 3858 peccata
3230 3801 3425 3847 vestra.

2126 3964 2289 4035 275
2328 3963 2496 4020 XXV.
2538 3964 2655 4021 Non
2686 3964 2799 4032 iam
2834 3967 2902 4020 de
2933 3964 3069 4021 .luda
3103 3977 3159 4022 et
3192 3967 3451 4039 Ephraim
3486 3986 3644 4042 sepa-

2055 4059 2237 4122 ratim,
2266 4056 2358 4111 sed
2388 4059 2455 4112 de
2481 4058 2735 4112 universo
2762 4056 2982 4124 lsraele,
3010 4070 3061 4113 et
3085 4060 3232 4115 velut
3261 4071 3371 4116 tota
3402 4072 3560 4132 gente
3589 4066 3641 4118 in

2054 4165 2219 4205 unum
2251 4149 2476 4204 collecta
2511 4150 2630 4204 haec
2664 4150 2890 4220 intelligi
2924 4163 3156 4220 possunt
3194 4171 3208 4208 :
3243 4168 3433 4209 omnes
3468 4157 3641 4224 siqui-

2052 4244 2172 4297 dem
2218 4242 2390 4296 tribus
2429 4240 2794 4296 lsraelitarum
2837 4258 2905 4297 ex
2940 4242 3177 4315 IEgypto
3215 4247 3450 4301 reductae
3491 4260 3637 4304 sunt.

2053 4335 2278 4391 Nemine
2308 4335 2476 4406 igitur
2499 4335 2756 4402 excluso,
2787 4350 2907 4404 quae
2937 4337 3190 4391 dicuntur
3216 4353 3245 4391 a
3278 4338 3419 4402 Deo,
3451 4341 3640 4394 audire

368 4422 603 4476 ἀκοῦσαι
633 4425 970 4496 προστέταχε
1014 4427 1082 4481 τὰ
1114 4430 1265 4497 παρὰ
1292 4426 1386 4479 τοῦ
1434 4414 1593 4480 Θεοῦ.
1625 4427 1758 4480 Τίνα
1795 4426 1851 4481 δέ
1880 4422 1948 4498 ἦν

2061 4429 2221 4496 iubet.
2250 4429 2381 4495 Quae
2406 4439 2586 4483 autem
2617 4430 2831 4483 tandem
2861 4439 2916 4483 et
2942 4430 3091 4484 haec?
3120 4429 3285 4485 Millia
3312 4431 3478 4486 multa
3506 4433 3637 4487 civi-

363 4514 460 4568 καὶ
492 4515 649 4581 τάδε;
678 4493 1059 4589 ’Μυρίαιημέν
1105 4493 1214 4589 γάρ
1252 4520 1389 4572 εἰσιν
1423 4520 1568 4581 ὅσαι,
1611 4520 1796 4589 φησὶν,
1843 4493 1947 4572 ἀνὰ

2061 4532 2225 4577 talum
2257 4533 2313 4576 et
2343 4523 2623 4591 regionum
2656 4521 2756 4576 sub
2785 4521 2899 4577 sole
2928 4531 3086 4585 sunt,
3115 4534 3170 4577 et
3198 4539 3458 4579 numerus
3490 4525 3638 4580 inco-

364 4608 546 4660 πᾶσαν
596 4607 697 4680 τὴν
750 4609 844 4661 ὑπ’
892 4610 1120 4682 οὐρανὸν
1158 4611 1341 4674 πόλεις
1387 4628 1447 4663 τε
1496 4612 1589 4664 καὶ
1622 4612 1820 4683 χῶραι,
1855 4614 1948 4665 καὶ

363 4698 603 4771 ἀριθμοῦ
638 4700 921 4771 κρείττους
958 4705 1008 4755 οί
1047 4705 1106 4756 ἐν
1148 4703 1359 4766 αὐταῖς·
1392 4703 1507 4756 ἀλλ’
1540 4704 1682 4773 ὑμᾶς
1712 4705 1778 4756 ἐκ
1812 4705 1947 4757 πάν-

362 4809 470 4846 των
506 4794 632 4856 τοὺς
654 4793 715 4859 ἐξ
766 4794 982 4866 Ἰσραὴλ
1011 4794 1346 4859 ἀπολέκτους
1378 4796 1744 4867 ἐποιησάμην,
1776 4796 1946 4866 ἐμαυ-

360 4884 450 4937 τδν
501 4887 706 4957 ἐναργῆ
759 4904 818 4940 τε
869 4889 1179 4959 κατέστησα
1232 4888 1320 4942 διὰ
1371 4887 1581 4941 πολλῶν
1632 4888 1947 4960 θαυμάτων,

361 4974 643 5047 ἐξειλόμην
677 4981 883 5051 πικρᾶς
937 4980 1034 5034 καὶ
1066 4982 1343 5053 ἀφορήτου
1374 4980 1639 5045 δουλείας,
1673 4982 1949 5053 ζηλωτοὺς

2054 4614 2224 4669 larum
2253 4613 2520 4670 infinitus.
2546 4612 2651 4668 Sed
2674 4630 2741 4668 ex
2761 4614 3012 4670 omnibus
3034 4630 3128 4668 vos
3152 4615 3422 4672 lsraelitas
3448 4618 3632 4689 selegi.

2051 4707 2313 4778 Meipsum
2344 4707 2495 4760 vobis
2529 4722 2622 4775 per
2652 4706 2930 4776 complura
2962 4707 3224 4761 miracula
3258 4708 3634 4777 manilestavi;

2052 4798 2170 4852 dira
2205 4809 2260 4853 et
2300 4797 2635 4852 intoleranda
2671 4797 2935 4851 servitute
2965 4813 3063 4852 vos
3096 4798 3356 4866 liberavi;
3391 4799 3636 4857 beatissi-

2051 4904 2169 4944 mos
2201 4897 2256 4944 et
2291 4888 2360 4944 ab
2397 4888 2650 4943 omnibus
2685 4888 3059 4957 praedicandos
3095 4892 3324 4947 reddidi.
3362 4891 3506 4964 Lege
3539 4910 3636 4951 vos

2047 4981 2292 5047 erudivi,
2325 4990 2385 5034 ut
2420 4980 2712 5049 placeretis
2749 4981 2917 5046 milii;
2956 4983 3092 5037 meis
3124 4984 3344 5039 auxiliis
3379 4997 3632 5056 tanquam

363 5068 616 5140 ἀπέφηνα
655 5072 749 5124 καὶ
789 5074 1245 5144 τρισμακαρίους·
1285 5073 1752 5145 πεπαιδαγώγηκα
1799 5076 1947 5146 νόμῳ

2061 5088 2202 5128 Iuro
2242 5073 2597 5139 communivi;
2638 5072 2690 5125 iu
2739 5083 2939 5128 terram
2987 5074 3232 5144 patrihus
3272 5076 3468 5130 vestris
3510 5092 3634 5143 pro-

366 5160 496 5232 πρὸς
527 5162 587 5214 τὸ
619 5164 851 5234 ἀρέσκον
888 5166 1032 5235 ἐμοὶ,
1061 5166 1371 5236 ἁνετείχισα
1412 5171 1531 5231 ταῖς
1575 5168 1940 5238 ἐπικουρίαις,

370 5254 717 5325 είσκεκόμικα
746 5255 801 5308 δὲ
832 5257 926 5309 καὶ
951 5259 1030 5321 εἰς
1066 5258 1169 5328 γῆν
1200 5258 1298 5329 τὴν
1319 5261 1429 5322 τοῖς
1462 5262 1733 5326 πατράσιν
1770 5261 1944 5328 ἐπηγ-

378 5343 649 5414 ἐλμένην.
703 5346 920 5417 Ἐπειδὴ
954 5347 1010 5401 δέ
1042 5349 1213 5419 μόνοι,
1264 5352 1448 5419 φησὶν,
1488 5352 1551 5404 ἐκ
1584 5353 1800 5406 πάντων
1840 5352 1942 5420 τῆς

368 5434 495 5488 ιῦτω
542 5440 875 5511 περιφανοῦς
924 5441 1220 5511 ἠξιωμένοι
1272 5444 1491 5514 χάριτος
1540 5444 1834 5508 λυποῦντες
1882 5446 1943 5497 οὐ

357 5530 709 5601 κατελὴξατε,
747 5532 841 5585 καὶ
880 5532 1358 5604 προσκεκρούκατε
1394 5535 1768 5606 πολυτρόπως,
1812 5535 1944 5589 ταύ-

351 5639 502 5695 τητοι
540 5623 724 5676 λοιπὸν
756 5626 882 5688 τοὺς
910 5625 1010 5696 τῆς
1055 5626 1312 5689 ἀπονοίας
1356 5628 1500 5689 ὑμᾶς
1539 5628 1810 5691 ἐξαιτήσω
1852 5628 1943 5681 λό-

2049 5168 2271 5222 missam
2320 5166 2531 5221 induxi.
2577 5166 2843 5231 Quoniam
2894 5177 3075 5222 autem
3122 5167 3221 5223 soli
3269 5183 3335 5223 ex
3382 5170 3632 5223 omnibus

2049 5268 2159 5313 tam
2198 5258 2498 5313 illustribus
2532 5274 2560 5310 a
2600 5273 2683 5311 me
2716 5258 2999 5313 beneﬁciis
3033 5258 3274 5327 dignati,
3307 5258 3635 5313 exacerbare

2048 5360 2103 5405 et
2135 5349 2316 5405 multis
2350 5350 2523 5405 modis
2555 5350 2833 5405 offendere
2868 5365 2953 5404 me
2990 5366 3094 5405 non
3129 5351 3398 5418 desinitis,
3432 5351 3633 5406 idcirco

2048 5444 2276 5513 posthac
2304 5442 2631 5497 dementiam
2662 5454 2897 5497 vestram
2926 5442 3177 5498 ulciscar.
3213 5442 3357 5498 Ultra
3386 5458 3479 5498 vos
3508 5461 3632 5513 pec-

2046 5551 2196 5597 care,
2221 5544 2274 5588 et
2301 5535 2519 5605 impune
2548 5536 2651 5589 huc
2676 5547 2969 5589 conversos
2997 5550 3101 5588 non
3133 5536 3328 5605 patiar.
3355 5533 3537 5605 Itaque
3565 5537 3631 5589 de

2048 5638 2247 5683 caetero
2291 5628 2599 5698 quicunque
2640 5627 2807 5682 Deum
2852 5629 3276 5698 contempserit,
3317 5636 3374 5684 et
3414 5629 3627 5684 Domini

424 5782 466 5817 ⁸⁷
512 5782 655 5839 Psal.
697 5798 877 5853 CXLVI,
906 5786 994 5840 10.
1075 5786 1118 5818 ⁸⁸
1179 5786 1320 5842 Psal.
1364 5804 1536 5854 xxxii,
1574 5788 1662 5843 l7.
1741 5779 1786 5821 τ’
1834 5787 1957 5845 Psal

2067 5806 2189 5857 xm,
2235 5791 2321 5845 l0.
2402 5792 2447 5823 "°
2489 5791 2644 5847 Deut.
2687 5807 2837 5846 χχχιι
2893 5791 2983 5847 '50.
