4132 6370
499 289 609 348 455

1528 284 1588 341 S.
1633 284 1915 341 CYRILIJ
1954 284 2429 340 ALEXANDRINI
2470 285 2792 342 ARCIIIEP.

3690 284 3791 342 $56

499 409 584 465 sui
616 405 925 462 voluntates
960 409 1284 473 aspernatus
1319 400 1483 455 fuerit
1504 443 1521 469 ,
1553 417 1616 457 ex
1657 402 1723 457 iis
1756 402 1848 470 qui
1886 411 1983 456 aut
2013 402 2093 472 ip-

2200 420 2347 471 γους.
2382 402 2495 456 Ούκ
2527 402 2789 473 ἀνέξομαι
2829 399 3293 473 πλημμελούντων
3336 399 3437 465 ἔτι,
3471 399 3566 454 καὶ
3599 399 3786 454 ἀνεπιο

497 516 618 556 sum
647 506 1047 571 cognoverunt,
1071 504 1165 549 aut
1189 496 1257 550 ab
1282 509 1349 551 eo
1375 510 1471 564 per
1494 495 1947 549 inhabitationem
1979 497 2095 565 spi-

500 593 753 648 ritualem
794 590 995 661 cogniti
1040 598 1193 653 sunt,
1235 587 1532 657 perniciem
1576 596 1632 642 et
1674 588 1952 642 interitum
1993 587 2094 643 sibi

501 688 624 741 inde
650 686 1011 755 comparabit.
1037 681 1403 749 Quamobrem
1433 680 1869 749 sapientissimus
1896 678 2095 734 Paulus

498 779 706 835 vocatis
736 794 803 833 ex
834 779 1087 849 gentibus
1120 789 1217 846 per
1246 774 1448 838 ﬁdem,
1482 774 1679 829 deinde
1710 773 1922 843 ignavia
1954 787 2093 843 qua-

501 873 622 924 dam
660 870 1069 935 laborantibus,
1105 880 1159 922 et
1193 865 1340 920 velut
1376 874 1674 921 retrorsum
1709 865 1862 920 abire
1897 880 2093 935 paran-

502 964 663 1025 tibus,
700 962 891 1017 scribit
923 961 975 1017 in
1004 963 1121 1016 haec
1147 960 1312 1015 verba
1341 976 1354 1012 :
1392 977 1410 1009 ι
1446 956 1603 1012 Nunc
1633 966 1813 1013 autem
1844 972 1966 1012 cum
1996 971 2092 1011 co-

501 1054 795 1124 guoveritis
824 1054 1027 1115 Deum,
1061 1054 1170 1106 imo
1198 1050 1406 1121 cogniti
1438 1049 1559 1105 sitis
1588 1066 1615 1102 a
1652 1049 1790 1116 Deo,
1820 1047 2094 1119 quomodo

496 1145 878 1201 convertimini
914 1145 1110 1200 iterum
1148 1144 1214 1197 ad
1253 1142 1469 1196 infirma
1505 1152 1561 1197 et
1595 1156 1767 1211 egena
1799 1140 2090 1206 elementa,

496 1237 693 1305 quibus
733 1235 911 1290 denuo
954 1234 1162 1289 servire
1204 1234 1370 1289 vultis
1395 1232 1484 1286 7‘?
1524 1250 1543 1284 ι
1591 1231 1759 1286 Norat
1804 1230 1950 1285 enim
1996 1244 2091 1284 eos

498 1328 660 1380 etiam
697 1334 823 1380 ante
859 1326 1015 1380 [idem
1052 1325 1267 1395 Opifex,
1302 1325 1393 1396 qui
1435 1323 1569 1378 nihil
1607 1323 1822 1393 penitus
1854 1324 2087 1393 ignorat.

498 1419 699 1474 Verum
730 1419 784 1473 in
817 1418 920 1479 his.
951 1426 1011 1472 ut
1042 1418 1178 1482 dixi,
1206 1417 1457 1472 fortassis
1483 1416 1724 1485 cognitio
1748 1414 2087 1474 soiritualem

499 1512 923 1566 fan‘iiliaritatem
956 1509 1339 1581 percommode
1368 1508 1665 1575 signiﬁcat.

2198 494 2429 567 τίμητον
2466 496 2701 566 ἐχόντων
2731 493 2830 567 τὴν
2868 496 2949 559 είς
2975 492 3135 548 τοῦτο
3163 493 3394 564 τροπήν.
3427 492 3636 546 Οὐκοῦν
3670 492 3789 546 ὀλέ-

2201 589 2330 660 θρου
2384 588 2644 660 πρόξενον
2696 586 2858 642 παντί
2910 604 2988 658 τῳ
3033 584 3220 639 λοιπὸν
3269 585 3330 637 τὸ
3375 586 3788 656 καταφρονῆσαι

2198 678 2367 743 Θεοῦ,
2415 678 2512 732 καὶ
2566 676 2902 731 δεσποτικῶν
2961 675 3230 745 ἀλογῆσαι
3297 674 3621 745 θελημάτων
3673 677 3788 739 τοῖς

2200 770 2571 839 ἐπεγνωκόσιν
2604 770 2790 833 αὐτὸν,
2830 772 2864 844 ἢ
2898 772 3264 842 ἐγνωσμένοις
3314 773 3444 844 παρ’
3480 771 3643 825 αὑτοῦ
3688 790 3789 826 κα-

2199 861 2274 914 τά
2297 877 2361 929 γε
2390 862 2483 916 τὸν
2518 863 2616 934 τῆς
2648 863 3025 935 πνευματικῆς
3056 864 3385 929 οίκειώσεως
3412 865 3633 936 τρόπον.
3678 865 3789 918 Kal

2201 952 2334 1020 γοῦν
2365 954 2395 1007 ό
2429 955 2739 1024 σοφώτατος
2764 955 2979 1021 Παῦλος
3005 958 3119 1022 τοῖς
3146 957 3206 1022 ἐξ
3233 957 3404 1012 ἐθνῶν
3432 957 3788 1029 κεκλημένοις

2198 1050 2287 1105 διὰ
2319 1052 2423 1122 τῆς
2458 1054 2713 1119 πίστεως,
2750 1050 2871 1108 εἷτα
2898 1053 3113 1108 νοσοῦσι
3144 1054 3207 1107 τὸ
3234 1054 3448 1120 ἄναλκι,
3478 1054 3573 1109 καὶ
3599 1054 3788 1109 ἀνόπιν

2199 1139 2391 1213 ὥσπερ
2448 1142 2586 1196 ίέναι
2651 1142 3160 1215 προτεθυμημένοις
3222 1144 3526 1198 ἐπιστέλλει
3594 1144 3785 1212 λέγων’

2204 1252 2223 1284 ι
2267 1233 2382 1288 Νῦν
2413 1234 2472 1288 δὲ
2501 1234 2722 1304 γνόντες
2766 1235 2919 1303 Θεὸν,
2970 1236 3171 1307 μᾶλλον
3207 1235 3264 1289 δὲ
3306 1236 3643 1306 γνωσθέντες
3684 1235 3789 1289 ὑπὸ

2197 1326 2356 1394 Θεοῦ,
2390 1328 2508 1392 πιῖις
2550 1329 2911 1401 ἐπιστρέφετε
2953 1331 3048 1385 ἐπὶ
3079 1331 3148 1385 τὰ
3197 1330 3399 1400 ἀσθενῆ
3456 1331 3553 1385 καὶ
3596 1327 3789 1398 πτωχὰ

2198 1420 2461 1488 στοιχεῖα,
2489 1413 2571 1484 οἷς
2600 1420 2762 1475 πάλιν
2796 1420 3004 1477 ἀνωθεν
3034 1422 3305 1477 δουλεύειν
3333 1422 3552 1487 θέλετε;
3582 1442 3601 1475 ι
3633 1422 3788 1493 ᾝδει

2202 1509 2302 1580 μὲν
2330 1510 2442 1583 γὰρ
2471 1510 2670 1577 αὐτοὺς
2703 1512 2801 1567 καὶ
2828 1514 2936 1586 πρὸ
2962 1513 3063 1584 τῆς
3092 1514 3328 1575 πίστεως
3363 1516 3390 1567 ό
3419 1511 3782 1584 Δημιουργόξ·

498 1609 684 1676 ἀγνοεῖ
710 1606 819 1677 γὰρ
865 1606 1002 1670 ὅλως
1029 1606 1138 1660 τῶν
1204 1605 1376 1659 ὄντων
1415 1605 1590 1670 οὐδὲν,
1626 1604 1741 1659 ἀλλ’
1784 1607 1842 1658 ἐν
1888 1604 2124 1674 τούτοις,
2161 1606 2239 1672 ὡς
2274 1607 2431 1681 ἔφην,
2504 1609 2912 1681 ὑποσημήνειεν
2958 1611 3027 1666 ἂν
3064 1612 3100 1683 ὴ
3144 1611 3348 1681 γνῶσις
3397 1606 3456 1665 εὖ
3499 1610 3643 1683 μάλα
3687 1614 3787 1680 τὴν

499 1703 877 1773 πνευματικὴν
904 1699 1232 1769 οἰκειότητα.

573 1792 737 1850 Vens.
774 1794 826 1848 3.
866 1792 926 1847 Si
963 1792 1307 1846 ambulabunt
1342 1795 1449 1847 duo
1484 1794 1541 1847 in
1578 1791 1806 1859 idipsum
1844 1790 2089 1858 omnino,

2271 1794 2341 1847 Ei
2364 1793 2769 1861 πορεύσονται
2791 1793 2901 1848 δύο
2923 1792 3242 1848 ἐπιτοαυτὸ
3264 1794 3550 1859 καθόλου,
3571 1793 3681 1848 ἐὰν
3697 1793 3783 1864 μὴ

498 1886 543 1939 si
578 1902 679 1938 non
712 1885 950 1938 noverint
984 1885 1118 1937 inter
1143 1886 1239 1941 se?
1984 1924 1989 1929 .

570 1975 761 2031 XXVI.
807 1975 1167 2030 Reconditum
1194 1984 1275 2030 est
1304 1975 1558 2045 aenigma,
1584 1975 1855 2030 obscurus
1881 1987 2083 2028 sermo.

500 2068 887 2123 Verumtamen
916 2067 1322 2121 enucleabimus
1349 2078 1406 2121 ιιι
1433 2067 1755 2137 poterimus.
1783 2065 2093 2136 Reprehen-

501 2164 657 2216 derat
694 2160 858 2230 igitur
896 2160 1208 2227 lsraelitas,
1247 2161 1505 2230 quoniam
1541 2159 1822 2229 prophetis
1863 2159 2091 2213 manda-

501 2262 627 2306 rant
670 2252 1027 2321 dixerantque
1077 2272 1089 2307 :
1136 2250 1216 2305 Ne
1258 2251 1617 2320 prophetetis.
1667 2252 1784 2317 Qua
1826 2263 1989 2320 porro
2027 2250 2093 2303 de

500 2357 661 2396 causa
705 2342 851 2413 loqui
895 2351 1120 2398 sanctos
1168 2342 1465 2411 improvide
1503 2343 1805 2408 vetuerint,
1848 2342 2092 2397 dicamus

500 2441 736 2503 oportet.
777 2433 912 2501 Quia
950 2435 1095 2489 enim
1135 2433 1310 2489 tristia
1349 2433 1455 2488 illis
1491 2434 1559 2488 ab
1596 2433 1737 2488 irato
1779 2434 1887 2489 Deo
1922 2447 2091 2488 even-

502 2534 653 2591 tura,
686 2532 742 2579 et
775 2540 870 2590 ea,
905 2540 999 2595 per
1028 2541 1149 2596 qua:
1182 2533 1496 2596 peccatores
1522 2525 1647 2580 vitae
1678 2525 1856 2579 studia
1889 2525 1942 2580 in
1975 2540 2092 2582 me-

501 2616 608 2673 lius
631 2627 844 2673 mutare
868 2628 1295 2674 consentaneum
1324 2625 1466 2683 erat,
1491 2616 1907 2682 denuntiabant,
1928 2633 2093 2673 even-

504 2717 615 2762 tqu
649 2708 1032 2779 praedictorum
1063 2709 1340 2773 timentes,
1375 2717 1433 2763 ut
1462 2717 1545 2764 est
1574 2709 1889 2773 verisimile,
1920 2708 2091 2764 obniti

502 2801 629 2865 illis,
675 2811 725 2856 et
768 2800 1025 2857 reluctari
1068 2801 1495 2867 contendebant,
1538 2801 1706 2872 276
1741 2801 1834 2871 qui
1878 2800 2092 2856 animos

501 2894 645 2963 vulgi
687 2893 754 2949 ad
796 2894 983 2949 illicita
1025 2894 1282 2950 inducere
1319 2905 1648 2949 consuerant
1684 2912 1697 2948 :
1734 2895 1936 2964 quique
1968 2908 2090 2948 cum

506 2990 783 3060 subjectos
804 2987 1151 3051 seducerent,
1174 2986 1468 3058 prophetas
1492 2987 1981 3058 reprehendebant,
2006 2998 2093 3039 er-

505 3093 691 3137 rantes
733 3081 885 3151 quasi
934 3090 1081 3133 recta
1122 3079 1212 3133 via
1259 3079 1574 3149 gradientes
1617 3078 2091 3134 commendabant.

504 3174 739 3229 Proinde
767 3189 862 3228 ore
889 3170 1041 3227 lsaia:
1067 3170 1211 3226 Deus
1239 3188 1253 3224 :
1291 3188 1309 3223 ι
1344 3170 1545 3240 Popule
1575 3185 1751 3234 meus,
1781 3170 1975 3238 inquit,
2002 3170 2094 3240 qui

506 3278 559 3322 te
600 3268 815 3322 beatum
850 3266 1069 3332 dicunt,
1108 3263 1210 3332 ipsi
1251 3273 1302 3319 te
1336 3264 1645 3332 decipiunt,
1678 3272 1734 3317 et
1762 3263 1905 3316 viam
1944 3276 2098 3332 gres-

505 3374 663 3414 suum
715 3368 930 3414 tuorunt
973 3357 1237 3426 dissipant
1265 3356 1333 3411 ⁷³.
1386 3375 1405 3408 ι
1454 3354 1776 3425 increpabat
1824 3362 2004 3409 autem
2044 3364 2100 3410 et

505 3449 757 3504 Amasias
786 3448 1044 3504 sacerdos
1079 3446 1266 3503 Bethel
1292 3447 1461 3503 Amos
1492 3448 1834 3517 prophetam,
1863 3460 1985 3499 cum
2018 3445 2102 3500 di—

506 3550 657 3598 ceret
689 3559 704 3596 :
744 3559 764 3593 (
809 3540 912 3608 Qui
945 3540 1117 3604 vides,
1154 3538 1406 3609 gradere,
1442 3537 1565 3609 iuge
1609 3538 1661 3592 in
1704 3547 1905 3593 terram
1937 3535 2098 3603 Juda,

506 3642 561 3688 et
596 3632 723 3687 illuc
754 3629 1054 3695 descende,
1084 3640 1139 3684 et
1172 3629 1523 3700 prophetabis
1555 3629 1627 3683 ibi
1647 3668 1663 3692 ,
1701 3628 1753 3683 in
1786 3627 1973 3683 Bethel
2006 3642 2101 3682 au-

508 3735 616 3780 tem
649 3740 753 3780 non
784 3723 1007 3793 adjicies
1037 3720 1175 3776 ultra
1208 3729 1269 3774 ut
1298 3723 1591 3791 prophetes
1615 3721 1684 3776 ⁷³.
1721 3740 1741 3773 ι
1778 3719 1880 3788 Qui
1918 3728 2098 3775 autem

508 3818 790 3889 prophetis
828 3832 896 3872 ex
938 3814 1108 3870 multo
1151 3823 1375 3883 stupore
1413 3823 1467 3868 et
1507 3828 1699 3883 magna
1744 3812 2101 3883 perversitate

509 3924 724 3964 morum
754 3922 874 3964 sese
898 3904 1276 3977 opponebam,
1308 3904 1596 3960 elevabant
1626 3918 1738 3958 rem
1757 3944 1773 3970 ,
1804 3904 2097 3972 tingentes.

509 4012 562 4057 et
594 4003 722 4056 illud
752 4002 992 4057 dicentes
1025 4018 1042 4056 :
1079 4019 1099 4054 ι
1132 4000 1251 4057 Νοιι
1282 3999 1430 4055 misit
1463 4007 1515 4053 te
1544 3996 1804 4053 Dominus
1827 3998 1894 4051 ⁷⁸.
1936 4015 1954 4049 ι
1989 3994 2098 4050 Ca-

511 4093 677 4164 stigat
711 4092 872 4162 igitur
899 4106 1028 4155 eos,
1060 4091 1315 4161 quoniam
1348 4088 1640 4160 prophetas
1671 4088 1739 4142 ab
1771 4102 1837 4142 eo
1871 4087 2097 4153 missos,

510 4201 618 4239 non
648 4184 881 4253 desuper
904 4192 961 4238 et
991 4197 1018 4238 a
1049 4181 1162 4237 Deo
1194 4192 1483 4252 apportare
1510 4193 1787 4234 sermones
1814 4178 2096 4244 dicebant,

512 4278 605 4331 sed
648 4290 743 4331 eos
784 4290 814 4329 a
858 4288 917 4330 se
959 4273 1135 4344 potius
1176 4271 1441 4328 conﬁctos
1479 4269 1713 4333 eﬂutire,
1751 4278 1806 4323 et
1848 4284 1877 4322 a
1919 4279 2099 4325 mente

2200 1882 2581 1953 γνωρίσωσιν
2612 1883 2865 1951 ἑαυτούς
2882 1900 2903 1949 ;

2270 1976 2415 2043 KQ".
2459 1975 2605 2031 Βαθὺ
2648 1977 2745 2047 μὲν
2776 1975 2836 2029 τὸ
2880 1975 3133 2046 αἴνιγμα,
3161 1975 3256 2029 καὶ
3284 1975 3525 2047 ἀμυδρὸς
3551 1978 3579 2030 ὁ
3604 1975 3780 2045 λόγος.

2200 2066 2347 2138 Πλὴν
2374 2068 2608 2139 ἐροῦμεν
2630 2068 2704 2132 ὡς
2735 2068 2835 2122 ἔνι.
2860 2069 3171 2139 Κατῃτιᾶτο
3202 2068 3382 2121 τοίνυν
3414 2068 3505 2121 τὸν
3547 2070 3783 2137 Ἰσραὴλ,

2198 2160 2281 2213 ὅτι
2330 2164 2444 2225 τοῖς
2499 2162 2809 2232 προφήταις
2863 2160 3189 2223 ἐνετέλλετο,
3239 2160 3529 2228 λέγοντες’
3579 2161 3653 2214 Ού
3709 2162 3784 2231 μὴ

2200 2253 2637 2325 προφητεύσητε.
2670 2253 2783 2307 Kal
2826 2253 2914 2306 διὰ
2943 2253 3106 2306 ποίαν
3131 2253 3312 2306 αίτίαν
3344 2253 3620 2322 ἐπετίμων
3649 2254 3787 2320 ἀφυ-

2199 2346 2413 2409 λάκτως
2443 2349 2564 2410 ταῖς
2592 2344 2703 2399 τῶν
2744 2344 2914 2415 ἁγίων
2962 2348 3191 2417 φωναῖς,
3246 2345 3420 2399 εἰπεῖν
3467 2347 3781 2413 ἀναγκαῖον.

2212 2438 2431 2511 Ἐπειδὴ
2460 2439 2570 2510 γὰρ
2596 2436 2991 2511 ἀπήγγελ[λ]ον
3020 2436 3091 2490 τὰ
3110 2438 3169 2504 ἐξ
3191 2437 3362 2508 ὀργῆς
3390 2436 3625 2508 ἐσόμενα
3653 2454 3783 2489 σκυ-

2200 2529 2417 2603 θρωπά,
2471 2531 2567 2584 καὶ
2612 2530 2682 2586 τὰ
2730 2530 2797 2583 δι’
2849 2524 2925 2584 ὧν
2972 2525 3041 2602 ἦν
3088 2529 3235 2591 είκὺς
3286 2528 3493 2582 ἑαυτῶν
3528 2529 3785 2599 ἀμείνους

2199 2623 2419 2679 ἔσεσθαι
2462 2625 2590 2688 τοὺς
2634 2622 3047 2694 ἡμαρτηκότας,
3082 2621 3315 2685 δεδιότες
3353 2639 3459 2675 που
3488 2622 3629 2692 τάχα
3676 2620 3784 2675 τῶν

2198 2716 2540 2787 λαληθέντων
2570 2715 2669 2787 τὴν
2698 2715 2946 2779 ἐκὸασιν,
2989 2714 3265 2786 ἐμελέτων
3307 2715 3407 2783 τὴν
3451 2715 3782 2780 ἀντίστασιν,

2198 2811 2294 2862 καὶ
2325 2808 2695 2877 ἀντέπραττον
2750 2806 2933 2869 αὐτοῖς
2978 2807 3027 2858 οί
3069 2805 3178 2859 τῶν
3208 2805 3478 2873 ἀγελαίων
3519 2805 3610 2859 τὸν
3638 2805 3780 2870 νοῦν,

2199 2902 2284 2971 ἐφ’
2319 2899 2355 2955 ὃ.
2386 2900 2461 2971 μὴ
2496 2899 2795 2971 προσῆκεν,
2833 2898 3192 2968 ἀποκομίζειν
3222 2898 3495 2962 είωθότες,
3526 2899 3619 2951 καὶ
3648 2898 3784 2953 πλαο

2199 2993 2401 3057 νῶντες
2451 2993 2578 3054 τοὺς
2631 2989 3091 3060 ὺπεζευγμένους.
3155 2990 3466 3061 Ἐπετίμων
3520 2990 3639 3061 μὲν,
3672 2995 3783 3055 τοῖς

2200 3085 2534 3158 προφήταις,
2579 3082 2904 3152 ἀπεδέχοντο
2945 3081 3002 3134 δὲ
3042 3082 3169 3146 τοὺς
3204 3082 3673 3154 πεπλανημένους,
3708 3086 3783 3149 ὡς

2197 3179 2297 3249 τὴν
2327 3175 2545 3229 εὐθεῖαν
2573 3173 2750 3238 ίόντας
2775 3172 2983 3245 τρίϐον.
3015 3174 3308 3243 Τοιγάρτοι
3330 3176 3465 3246 φησὶ
3488 3175 3577 3228 διά
3604 3178 3785 3249 φωνῆς

2210 3270 2432 3323 Ἡσαΐου
2454 3268 2587 3331 Θεός
2603 3284 2617 3300 ο
2638 3287 2657 3318 ι
2676 3267 2817 3330 Λαός
2836 3283 2965 3337 μου,
2980 3267 3029 3321 oi
3050 3267 3449 3337 μακαρίζοντες
3466 3268 3630 3338 ὑμᾶς,
3645 3270 3783 3322 πλα-

2198 3362 2361 3417 νῶσιν
2378 3363 2546 3433 ὑμᾶς,
2563 3360 2657 3415 καὶ
2675 3358 2774 3431 τὴν
2791 3359 2978 3431 τρίϐον
2997 3359 3105 3413 τῶν
3123 3359 3300 3414 ποδῶν
3317 3361 3345 3414 ὑ
3353 3360 3471 3431 μῶν
3486 3360 3786 3431 ταράσσου⁶

2201 3475 2305 3511 σιν.
2328 3475 2346 3508 ι
2375 3454 2643 3525 Ἐπετίμα
2660 3453 2715 3507 δὲ
2736 3452 2830 3507 καὶ
2855 3452 3123 3525 Ἀμασίας
3144 3454 3172 3507 ὁ
3188 3454 3365 3525 ίερεὺς
3380 3454 3583 3526 Βαιθὴλ
3607 3456 3662 3507 Ἀ
3672 3453 3787 3524 μὼς

2198 3549 2277 3622 τῷ
2309 3549 2587 3621 προφήτῃ,
2623 3546 2797 3617 λέγων
2818 3561 2834 3577 °
2871 3562 2893 3599 ι
2941 3546 3001 3599 '0
3035 3545 3200 3619 ὁρῶν,
3237 3546 3441 3618 βάδιζε,
3472 3546 3786 3619 ἐκχώρησον

2199 3643 2280 3705 εἰς
2319 3639 2425 3711 γῆν
2472 3638 2665 3704 Ἰούδα,
2700 3638 2797 3692 καὶ
2824 3637 2942 3691 ἐκεῖ
2970 3636 3255 3705 καταϐίου,
3289 3639 3385 3692 καὶ
3414 3640 3532 3693 ἐκεῖ
3573 3656 3788 3711 προφη-

2198 3733 2432 3797 τεύσεις,
2461 3732 2541 3794 είς
2574 3730 2631 3784 δέ
2661 3729 2864 3800 Βαιθὴλ
2894 3729 2997 3783 οὐκ
3025 3729 3107 3782 ἔτι
3149 3728 3225 3801 μὴ
3256 3730 3498 3802 προσθῇς
3527 3730 3622 3785 τοῦ
3651 3748 3785 3803 προ-

2200 3820 2490 3895 φητεῦσαι.
2535 3840 2554 3873 ι
2594 3821 2657 3873 Ol
2687 3820 2743 3873 δέ
2782 3836 2844 3889 γε
2878 3823 2992 3882 τοῖς
3023 3821 3331 3891 προφήταις
3372 3820 3785 3892 ἀνθεστηκότες,

2200 3916 2265 3968 ἐκ
2294 3912 2497 3984 πολλῆς
2540 3912 2682 3979 ἄγαν
2732 3910 3051 3980 σκαιότητος
3095 3910 3190 3962 καὶ
3236 3909 3566 3981 δυστροπίας
3607 3910 3786 3981 δεινῆς

2199 4004 2433 4077 ἐλαφρὸν
2460 4003 2867 4058 ὑπεπλάττοντο
2890 4002 2991 4073 τὴν
3027 4000 3363 4067 ἀντίστασιν,
3400 4002 3577 4055 ἐκεῖνο
3604 4001 3786 4071 λέγον-

2195 4113 2313 4159 τες·
2364 4115 2383 4147 ι
2435 4095 2551 4148 Οὐκ
2593 4092 2910 4147 ἀπέσταλκέ
2959 4109 3019 4146 σε
3066 4091 3294 4164 Κύριος.
3352 4111 3371 4144 ι
3425 4094 3783 4147 Καταιτιᾶται

2199 4188 2380 4241 τοίνυν
2430 4185 2650 4247 αὐτοὺς,
2705 4184 2788 4237 ὅτι
2820 4183 2946 4245 τοὺς
2994 4183 3125 4253 παρ’
3178 4181 3343 4235 αὑτοῦ
3394 4182 3682 4253 προφήτας
3723 4183 3783 4234 ού

2200 4278 2327 4340 τοὺς
2354 4275 2561 4330 ἄνωθεν
2596 4274 2834 4342 ἔφασκον
2862 4272 2956 4325 καὶ
2986 4270 3136 4342 παρά
3182 4269 3319 4323 Θεοῦ
3346 4267 3681 4339 διακομίζειν
3709 4268 3789 4321 λό-

510 4368 892 4424 universorum
922 4364 1136 4420 Domini
1166 4362 1512 4419 abhorrentia
1542 4361 1788 4432 proloqui
1814 4361 2095 4415 existima-

2202 4385 2359 4437 γους·
2403 4365 2572 4438 ᾣοντο
2621 4365 2679 4418 δὲ
2724 4364 2924 4435 μᾶλλον
2964 4363 3072 4417 ἀπὸ
3117 4363 3216 4433 τῆς
3268 4360 3419 4430 σφῶν
3466 4361 3786 4434 ἐρεύγεσθαι

509 4460 660 4515 bant.
701 4459 908 4515 idcirco
951 4458 1029 4512 ait
1068 4473 1083 4512 :
1124 4457 1166 4511 Ο
1212 4454 1582 4526 imprudentes
1623 4461 1677 4509 et
1719 4450 1929 4517 stolidi,
1970 4468 2095 4506 num

2205 4461 2452 4532 γνώμης,
2482 4457 2647 4529 ἕτερά
2670 4474 2729 4510 τε
2757 4457 2910 4528 παρὰ
2943 4456 3012 4509 τὰ
3041 4455 3303 4527 δοκοῦντα
3349 4453 3533 4507 λαλεῖν
3568 4452 3645 4524 τῷ
3678 4453 3785 4505 τῶν

511 4554 603 4624 qui
645 4553 711 4608 de
748 4552 901 4606 vobis
939 4550 1225 4605 instituent
1264 4547 1557 4603 amicitiam
1597 4556 1652 4601 et
1689 4546 1936 4601 eamdem
1976 4547 2099 4601 vita:

513 4647 656 4699 viam
687 4642 1059 4705 ambulabunt,
1091 4641 1135 4695 si
1167 4641 1308 4695 inter
1332 4654 1392 4696 se
1425 4654 1532 4694 non
1563 4638 1836 4701 noverint,
1864 4636 1965 4693 hoc
1994 4646 2097 4703 est,

513 4738 557 4791 si
595 4750 804 4789 morum
843 4732 1259 4789 similitudinem
1294 4732 1746 4800 voluntatumque
1778 4730 2098 4784 consensio-

515 4841 639 4880 nem
681 4840 788 4879 non
833 4822 1351 4878 animadverterint?
1388 4820 1563 4877 Omne
1598 4821 1743 4875 enim
1782 4820 1985 4874 animal
2027 4820 2104 4875 si-

516 4914 643 4970 mile
672 4913 887 4984 diligit,
923 4923 980 4968 et
1014 4914 1078 4967 ad
1111 4912 1343 4968 similem
1374 4911 1476 4967 sibi
1510 4911 1671 4965 homo
1697 4924 1756 4965 se
1784 4910 2099 4981 applicabit.

516 5008 575 5062 Si
607 5006 681 5061 ita
712 5016 825 5071 est,
856 5015 916 5059 ut
945 5012 1058 5070 est,
1087 5019 1194 5073 quo
1226 5011 1387 5073 pacto
1415 5003 1711 5073 prophetas
1734 5002 1880 5056 velut
1912 5001 2103 5056 amici-

520 5101 591 5154 tia
621 5107 677 5154 et
705 5095 999 5153 dilectione
1028 5110 1147 5150 mea
1175 5094 1428 5162 dignatus
1453 5108 1630 5149 essem
1658 5103 1880 5149 sanctus
1906 5108 2029 5164 ego,
2057 5093 2102 5148 si

519 5191 621 5259 ipsi
664 5186 837 5244 sancti
866 5202 972 5243 non
1003 5184 1276 5241 fuissent?
1312 5184 1594 5251 Quomodo
1629 5185 1792 5255 igitur
1826 5183 2105 5255 persequi-

522 5282 654 5339 mini
686 5289 938 5344 sanctos,
967 5278 1163 5350 quibus
1188 5288 1244 5333 et
1277 5290 1556 5332 sermones
1586 5290 1736 5331 meos
1762 5275 2104 5341 concredidi,

519 5389 656 5445 quos
677 5384 733 5427 ut
756 5373 927 5427 bonos
952 5369 1151 5441 recepi,
1176 5369 1430 5424 nimirum
1454 5369 1697 5425 eamdem
1721 5368 1887 5423 veluti
1909 5366 2099 5421 volun-

522 5475 691 5519 tatum
719 5465 861 5519 viam
894 5479 1103 5520 mecum
1138 5462 1541 5534 ingredientes?
1570 5462 1723 5529 Quod
1752 5461 1895 5516 enim
1928 5460 2057 5514 mihi
2078 5500 2095 5527 ,

524 5559 663 5615 idem
696 5558 800 5614 illis
826 5557 1079 5630 placitqu
1107 5558 1232 5613 erit.
1256 5555 1433 5623 Quare
1463 5555 1751 5626 pr0phetas
1780 5554 2062 5623 increpare
2080 5590 2097 5617 ,

2204 4554 2340 4606 ὅλων
2388 4552 2654 4623 Δεσπότῃ.
2710 4549 2981 4621 Ταύτῃτοί
3029 4543 3354 4618 φησιν·.Ὦ
3400 4547 3650 4599 ἀσύνετοι
3696 4545 3787 4597 καὶ

2206 4639 2577 4710 παράφρονες,
2623 4634 2735 4708 ἆρά
2775 4654 2920 4700 τινες
2964 4636 3024 4703 ἐξ
3072 4637 3225 4708 ὑμῶν
3267 4635 3588 4707 γενήσονται
3622 4634 3781 4704 φίλοι,

2205 4730 2301 4782 καὶ
2361 4729 2460 4798 τὴν
2522 4728 2691 4799 αὐτὴν
2742 4725 3052 4797 βαδιοῦνται
3117 4724 3211 4779 τοῦ
3265 4724 3382 4796 βίου
3434 4724 3642 4795 τρίϐον,
3688 4724 3789 4778 οὐκ

2200 4818 2503 4887 ἐγνωκότες
2551 4816 2798 4882 ἑαυτοὺς,
2852 4817 3021 4887 ἤγουν
3067 4816 3355 4887 ἀλλήλους,
3405 4817 3702 4880 τουτέστιν,
3738 4815 3787 4868 εί

2205 4912 2281 4984 μὴ
2332 4910 2593 4983 ἀλλήλους
2641 4909 2925 4964 τεθὲανται
2962 4909 3280 4981 ίσοτρόπους
3308 4927 3369 4963 τε
3411 4910 3504 4962 καὶ
3543 4906 3785 4979 όμογνὼα

2209 5018 2411 5073 μονας;
2461 5002 2579 5055 Πᾶν
2604 5000 2713 5070 γὰρ
2754 4998 2893 5063 ζῶον
2934 4999 3126 5070 ἀγαπᾷ
3157 4998 3220 5052 τὸ
3253 5000 3438 5070 ὅμοιον
3476 4997 3663 5061 αὑτοῦ,
3695 4996 3788 5049 καὶ

2200 5094 2278 5165 τῷ
2323 5093 2496 5165 ὁμοίῳ
2548 5090 2715 5147 αὑτοῦ
2766 5090 3303 5163 προσκολληθήσεται
3356 5091 3515 5161 ἀνήρ.
3571 5090 3681 5143 Καὶ
3737 5088 3787 5139 εἰ

2200 5184 2361 5239 τοῦτο
2380 5186 2525 5239 ἐστιν
2555 5182 2775 5256 ἀληθὲς,
2803 5183 2921 5247 πῶς
2956 5182 3022 5236 ἂν
3055 5181 3322 5253 ἐδεξάμην
3345 5182 3473 5245 τοὺς
3506 5181 3785 5253 προφήτας

2202 5277 2364 5330 οἱονεί
2396 5294 2512 5341 πως
2538 5276 2620 5339 είς
2646 5273 2828 5346 φιλίαν
2854 5274 2948 5327 καὶ
2977 5273 3276 5344 ἀγάπησιν,
3304 5272 3459 5341 ἀγιος
3503 5270 3578 5325 ὢν
3600 5268 3784 5332 αὐτὸς.
3857 5290 3862 5294 -

2206 5368 2252 5419 εἰ
2292 5368 2367 5437 μὴ
2417 5366 2512 5420 καὶ
2552 5366 2706 5419 αὐτοὶ
2734 5364 3023 5432 γεγόνασιν
3053 5364 3232 5433 ἆγιοις
3276 5363 3400 5427 Πῶς
3434 5357 3527 5416 οὖν
3564 5360 3788 5414 διώκετε

2204 5458 2329 5520 τοὺς
2360 5456 2569 5524 ἁγίους,
2602 5450 2684 5518 οἷς
2723 5457 2818 5509 καὶ
2853 5454 2979 5518 τοὺς
3008 5455 3175 5525 ἐμοὺς
3214 5454 3531 5527 τεθάρῤηκα
3577 5452 3786 5520 λόγους,

2208 5552 2301 5615 οὒς
2336 5549 2698 5621 προσηκάμην
2730 5548 2805 5612 ὡς
2833 5548 3091 5617 ἀγαθοὺς,
3123 5547 3289 5601 οἱονεὶ
3330 5548 3429 5602 τὴν
3456 5546 3627 5618 αὐτὴν
3663 5542 3790 5615 ἐμοὶ

594 5748 637 5779 ⁷⁸
678 5746 848 5802 Galat.
882 5762 954 5814 tv,
991 5744 1044 5800 9.
1121 5745 1167 5777 τ’
1201 5744 1302 5800 lsa.
1348 5758 1429 5810 ιιι,
1474 5743 1557 5799 1'2.
1634 5743 1680 5775 ⁷³
1720 5744 1884 5798 Amos
1911 5757 2003 5809 vn,
2042 5739 2095 5796 Η

2200 5740 2245 5796 5.
2320 5739 2367 5771 ⁷³
2394 5737 2594 5795 Jerem.
2637 5752 2795 5803 thtt,
2826 5735 2879 5789 2.
