4132 6370
368 342 471 407 ιδγ

1324 336 1880 400 COMMENTARIUS
1915 336 1983 392 ΙΝ
2025 336 2212 394 AMOS
2249 332 2694 395 PROPHETAM.

3544 337 3649 394 458

369 464 685 535 βαδίζοντας
723 463 830 517 τῶν
867 461 1190 534 θελημάτων
1216 461 1371 527 666v;
1416 462 1480 514 Ὃ
1514 460 1624 531 γὰρ
1653 458 1719 513 ἂν
1753 457 1957 528 βουλοί·

2063 457 2308 527 sequitur
2331 465 2390 512 ut
2415 456 2561 512 aliud
2588 456 2719 511 nihil
2749 457 2839 521 sil,
2863 470 3024 526 quam
3058 471 3143 512 me
3173 458 3346 527 ipsum
3378 457 3432 513 in
3465 473 3650 528 repre-

371 577 480 629 μην
513 558 645 627 ἐγὼ,
673 557 831 611 τοῦτο
857 557 951 610 καὶ
976 554 1156 610 αὐτῶν
1192 554 1346 607 ἔσται
1377 554 1613 624 θέλημα.
1654 549 1862 604 Οὐκοῦν
1899 550 1959 601 τὸ

367 653 675 722 προφήταις
704 650 985 720 ἐπιτιμᾷν,
1016 647 1169 701 οὐδὲν
1198 646 1383 718 ἕτερόν
1417 648 1585 709 ἐστιν,
1620 643 1653 714 ἥ
1684 644 1801 697 κατ’
1824 642 1961 713 ἐμοῦ

367 738 554 792 λοιπὸν
586 738 861 792 ποιεῖσθαι
906 738 1008 808 τὴν
1047 736 1358 807 ἐπίπληξιν.
1409 734 1663 788 Τοιοῦτόν
1708 750 1761 786 τι
1797 734 1893 786 καὶ
1934 733 1962 785 6

366 828 559 901 Σωτὴρ
606 831 719 891 τοῖς
774 828 950 896 ἁγίοις
986 829 1119 898 φησὶ
1168 826 1467 898 μαθηταῖς·
1513 842 1533 877 t
1567 825 1628 877 '0
1675 823 1963 893 δεχόμενος

368 924 511 993 ὑμᾶς
550 924 650 994 ἐμὲ
688 923 936 993 δέχεται’
974 922 1068 975 καὶ
1113 916 1141 973 6
1180 921 1254 991 μὴ
1312 920 1640 989 δεχόμενος,
1698 919 1761 971 οὐ
1813 916 1963 987 δέχε-

365 1030 457 1068 ται
485 1014 578 1068 τὸν
606 1013 1006 1068 ἀποστείλαντά
1049 1031 1140 1086 με.
1184 1033 1200 1065 ι
1240 1010 1581 1083 Προσέταττε
1620 1010 1677 1065 δὲ
1717 1012 1833 1073 τοῖς
1873 1009 1961 1075 ἐξ·

365 1106 508 1159 ωθου
518 1106 698 1176 μένοις
720 1106 811 1159 καὶ
830 1103 992 1159 αὐτὸν
1013 1105 1422 1176 ἀπομάττεσθαι
1439 1104 1531 1157 τὸν
1550 1099 1826 1173 κονιορτὸν
1850 1101 1961 1154 τῶν

367 1197 567 1261 ποδῶν,
608 1198 798 1262 εἰπὼν,
837 1199 920 1251 ὅτι
968 1198 1321 1269 ἀνεκτότερον
1361 1197 1515 1250 ἔσται
1560 1198 1631 1267 γῇ
1684 1193 1957 1264 Σοδόμων.

367 1288 400 1358 ἢ
451 1290 517 1359 τῇ
571 1289 724 1342 πόλει
777 1290 982 1362 ἐκείνῃ.
1030 1288 1360 1362 Προσίεσθαι
1399 1288 1464 1360 δὴ
1515 1282 1608 1341 οῦν
1661 1287 1960 1355 ἀναγκαῖον

366 1378 494 1442 τοὺς
527 1379 595 1432 τὰ
626 1379 761 1432 Θεοῦ
802 1381 1227 1452 πρεσϐεύοντας,
1260 1380 1352 1434 καὶ
1399 1379 1469 1432 τὰ
1515 1378 1665 1449 αὐτῷ
1696 1376 1962 1430 δοκοῦντα

367 1468 872 1540 διαπορθμεύοντας
916 1468 996 1534 είς
1043 1472 1220 1541 ἡμᾶς·
1266 1469 1449 1532 ὁποῖός
1494 1486 1577 1533 τις
1610 1462 1679 1538 ἦν
1722 1465 1957 1525 Παῦλος,

2061 549 2328 604 hensione
2353 564 2577 621 ponere.
2605 548 2738 605 Tale
2765 550 3021 619 quiddam
3053 558 3106 606 et
3138 549 3388 607 Salvator
3412 552 3650 622 discipu.

2060 642 2128 697 lis
2168 643 2373 699 sanctis
2411 644 2487 697 ait
2522 662 2536 697 :
2577 661 2595 695 ι
2636 642 2736 710 Qui
2768 658 2867 699 vos
2913 644 3138 714 recipit,
3174 659 3261 699 me
3298 643 3526 714 recipit;
3557 644 3651 714 qui

2063 748 2167 786 non
2204 733 2396 802 recipit
2424 749 2542 799 vos,
2576 747 2683 789 non
2716 735 2909 804 recipit
2938 751 3063 791 eum
3096 736 3189 807 qui
3225 751 3312 792 me
3345 736 3493 793 misit
3516 737 3583 791 ⁷⁸.
3623 754 3645 789 ι

2063 824 2234 880 Jussit
2262 834 2522 896 prmterea
2542 865 2556 889 ,
2587 826 2712 881 dum
2744 827 3098 897 pellerentur,
3129 829 3294 884 etiam
3328 828 3503 898 ipsum
3534 829 3651 899 pul-

2065 931 2247 971 verem
2283 918 2477 987 pedum
2511 928 2796 983 excutere,
2832 920 3068 987 addens,
3107 939 3125 972 ε
3170 920 3504 977 tolerabilius
3536 920 3651 975 fore

2067 1016 2227 1062 terrae
2244 1009 2601 1066 Sodomorum
2626 1011 2679 1065 in
2699 1012 2784 1066 die
2802 1012 3009 1079 judicii,
3029 1029 3192 1084 quam
3213 1013 3422 1068 civitati
3449 1012 3603 1068 illi".
3625 1032 3644 1066 ι

2064 1098 2109 1151 Α
2135 1100 2241 1155 Deo
2265 1101 2430 1172 igitur
2450 1102 2672 1172 legatos,
2698 1113 2752 1159 et
2776 1103 2893 1171 ejus
2920 1104 3115 1175 placita
3142 1106 3207 1159 ad
3233 1121 3335 1160 nos
3361 1104 3653 1161 alferentes

2067 1192 2416 1245 admittamus
2455 1201 2687 1262 oportet.
2729 1193 2915 1260 Qualis
2953 1203 3073 1249 erat
3113 1194 3331 1263 Paulus,
3369 1197 3521 1266 cujus
3563 1195 3650 1249 illa

2066 1296 2203 1335 vox:
2227 1301 2244 1332 ‹
2276 1281 2381 1337 Pro
2402 1282 2622 1339 Christo
2644 1285 2912 1354 legatione
2937 1285 3232 1357 fungimur,
3260 1296 3515 1356 tanquam
3543 1288 3652 1343 Deo

2066 1387 2162 1442 per
2184 1389 2283 1429 nos
2308 1376 2652 1433 exhortante.
2678 1376 3043 1434 Obsecramus
3068 1395 3166 1450 pro
3190 1379 3432 1447 Christo,
3462 1396 3654 1436 recon-

2067 1466 2322 1520 ciliamini
2358 1468 2467 1522 Deo
2491 1470 2555 1522 ⁷⁷.
2594 1489 2612 1520 ι

366 1560 576 1628 λέγων’
614 1580 633 1613 ι
678 1562 849 1634 ’Υπὲρ
884 1563 1122 1635 Χριστοῦ
1185 1562 1587 1634 πρεσὸεύομεν,
1621 1558 1698 1623 ὡς
1744 1558 1838 1612 τοῦ
1906 1555 2042 1609 Θεοῦ
2094 1559 2537 1629 παρακαλοῦντος
2589 1564 2655 1615 δι’
2701 1564 2877 1635 ήμῶν,
2912 1565 3142 1637 δεόμεθα
3199 1568 3341 1639 ὑπὲρ
3390 1563 3649 1638 Χριστοῦ,

367 1654 751 1725 καταλλάγητε
780 1654 858 1726 τῷ
887 1655 1027 1726 Θεῷ.
1068 1674 1087 1707 ι

440 1748 509 1799 El
547 1714 851 1814 ἐρεύξεται
881 1714 1041 1801 λέων
1084 1749 1154 1801 ἐκ
1198 1747 1307 1802 τοῦ
1340 1746 1571 1817 δρυμοῦ
1602 1745 1811 1810 αὑτοῦ,
1857 1742 1957 1809 θή-

2136 1714 2298 1795 Vens.
2333 1742 2387 1796 4.
2426 1741 2486 1797 Si
2523 1745 2689 1815 rugiet
2726 1745 2807 1798 leo
2841 1746 2905 1799 de
2939 1747 3078 1800 saltu
3118 1764 3235 1814 suo,
3272 1751 3509 1818 prwdam
3547 1768 3653 1806 non

361 1855 482 1905 ραν
510 1840 621 1891 οὐκ
660 1839 851 1906 exter;
892 1841 961 1894 Εὶ
994 1837 1175 1893 δώσει
1207 1840 1481 1908 σκύμνος
1524 1838 1736 1907 φωνὴν
1772 1835 1961 1889 αὐτοῦ

366 1929 435 1982 ἐκ
486 1930 597 1998 τῆς
640 1929 915 2000 μάνδρας
965 1930 1153 1985 αὑτοῦ
1212 1930 1506 1993 καθόλου,
1572 1929 1680 1983 ἐὰν
1723 1926 1809 1995 μὴ
1860 1928 1962 1993 ἀρ-

368 2021 536 2089 πάσῃ
567 2038 658 2085 τι;
1292 2058 1295 2059 ν

441 2116 568 2167 ΚΖ’.
612 2114 674 2168 ΟΞ
708 2113 777 2167 τὰ
806 2111 915 2165 τῶν
965 2112 1173 2184 Θηρίων
1208 2110 1792 2185 πολυπραγμονοῦντες
1838 2109 1958 2180 ἔθη,

368 2207 501 2274 φασὶ
543 2206 634 2258 τὸν
668 2205 857 2258 λέοντα
894 2202 1103 2274 τροφῆς
1156 2206 1213 2256 ὲν
1262 2203 1440 2271 ἐνδείᾳ
1489 2202 1754 2270 γεγονότα
1804 2216 1963 2272 περι-

369 2297 560 2367 φοιτᾷν
593 2294 864 2359 εύσθενῶς
893 2295 995 2366 ὅρη
1019 2312 1079 2347 τε
1109 2292 1204 2347 καὶ
1232 2294 1411 2357 νάπας
1446 2293 1540 2348 καὶ
1572 2294 1811 2365 δρυμοὺς
1836 2292 1962 2363 τῇδε

368 2388 592 2441 κάκεῖσε
624 2386 716 2439 τὸν
758 2384 1037 2456 ὀφθαλμὸν
1069 2388 1527 2455 περιστρέφοντα,
1564 2383 1658 2436 καί
1685 2401 1739 2435 τι
1767 2381 1873 2435 τῶν
1903 2384 1962 2434 ἐν

368 2478 523 2542 ὕλαις
557 2479 902 2549 βοσκομένων
948 2478 1151 2530 λαϐεῖν.
1200 2477 1455 2531 Ἐπειδὰν
1498 2476 1555 2528 δὲ
1601 2474 1865 2545 Θεάσηταί
1909 2492 1961 2527 τι

366 2568 477 2622 τῶν
509 2567 831 2638 ἐπιτηδείων
881 2569 963 2629 εἰς
1006 2566 1238 2636 τροφὴν,
1287 2560 1407 2619 εἶτα
1440 2565 1667 2634 γένηται
1708 2564 1959 2633 πλησίον,

368 2660 547 2717 δεινόν
581 2677 633 2713 τι
664 2659 755 2711 καὶ
780 2657 1011 2726 δυσηχὲς
1048 2655 1397 2727 βρυχώμενον
1428 2654 1697 2708 ποιεῖσθαι
1719 2655 1817 2724 τὴν
1845 2654 1962 2721 ἔφοο

367 2755 476 2806 δον.
512 2753 573 2806 El
600 2752 656 2805 δὲ
684 2751 747 2821 δὴ
774 2749 1166 2820 άποκομίζοιτο
1194 2751 1304 2813 τοῖς
1349 2748 1612 2819 σκύμνοις
1635 2747 1705 2801 τὰ
1730 2748 1808 2809 είς
1840 2763 1963 2816 τρο-

369 2844 497 2915 φὴν,
534 2840 653 2898 εἶτα
683 2843 896 2911 γένοιτο
922 2842 1022 2912 τῆς
1056 2840 1298 2912 μάνδρας
1326 2840 1516 2909 ἐγγὺς,
1548 2838 1962 2909 ἁναθρώσκουσι

367 2937 631 2999 κάκεῖνοι,
668 2934 759 2988 καὶ
795 2935 892 2987 σὺν
918 2933 1012 3005 βοῇ
1040 2932 1296 2995 λαϐόντες
1337 2932 1729 3002 σπαράττουσι.
1765 2928 1830 2981 Τί
1854 2927 1964 2981 τοί-

367 3044 484 3089 νυν,
520 3027 708 3098 φησὶν,
745 3024 994 3079 αἰτιᾶσθε
1033 3024 1189 3087 Θεὸν,
1221 3023 1302 3075 ὅτι
1332 3023 1439 3095 πρὸ
1482 3022 1583 3091 τῆς
1627 3021 1734 3074 τῶν
1771 3019 1961 3073 δεινῶν

368 3119 563 3188 ἐφόδου
595 3116 826 3171 ποιεῖται
860 3118 959 3187 τὴν
992 3117 1259 3187 ἁπειλήν;
1292 3116 1356 3167 Τι
1400 3113 1455 3168 δὲ
1487 3114 1581 3167 καὶ
1621 3114 1805 3175 αὐτοῖς
1843 3114 1962 3165 ἐπι-

367 3211 587 3280 τρίςετε
616 3211 728 3271 τοῖς
761 3210 1092 3280 προφήταις,
1123 3208 1205 3261 ὅτι
1233 3207 1328 3260 καὶ
1359 3208 1513 3259 αὐτοὶ
1561 3207 1659 3276 τῆς
1689 3204 1960 3276 ὑμετέρας

370 3301 626 3363 ἀσεϐείας
686 3299 1203 3371 κατακεκράγασιν;
1279 3296 1421 3366 Ἐγὼ
1490 3298 1592 3367 μὲν
1651 3296 1760 3368 γὰρ
1810 3297 1962 3349 ἔοικα

369 3393 563 3457 λέοντι,
616 3394 771 3463 φησὶ,
814 3392 895 3463 τῷ
944 3393 1080 3465 πρὸς
1129 3392 1301 3463 θῆρας
1346 3390 1559 3444 εἰωθότι
1593 3390 1741 3463 βοᾷν,
1770 3408 1961 3461 μονον-

369 3489 488 3557 ουχὶ
506 3488 600 3540 καὶ
619 3486 1042 3558 προαπειλοῦντι
1063 3485 1162 3557 τὴν
1180 3485 1367 3555 ἔφοδον
1388 3502 1402 3515 ·
1440 3484 1670 3555 σκύμνοι
1689 3485 1745 3539 δὲ
1771 3484 1961 3555 ὥσπερ

370 3582 417 3631 οἱ
465 3579 590 3649 ἐμοί
625 3581 782 3645 εἰσιν,
832 3581 880 3633 οἱ
920 3581 1027 3634 πᾶν
1060 3580 1121 3633 τὸ
1151 3581 1283 3652 ἐμὸν
1325 3580 1445 3644 ἔθος
1487 3582 1956 3652 ἀπομιμούμενοι·

371 3671 819 3739 κατακεκράγασι
855 3669 985 3741 γὰρ,
1017 3671 1092 3735 ὡς
1132 3670 1291 3741 ἔφην,
1320 3670 1428 3723 τῶν
1462 3671 1744 3724 δυσσεϐεϊν
1771 3669 1959 3723 εἰωθό-

366 3778 496 3815 των.
550 3761 692 3814 Ἀλλ’
718 3760 909 3831 ὥςπερ
947 3765 1062 3826 τοῖς
1099 3764 1155 3815 ἐν
1207 3763 1358 3833 ὄρεσι
1402 3761 1561 3827 ζώοις
1595 3763 1694 3815 οὐκ
1724 3762 1959 3833 ἀκερδὴς

368 3851 708 3923 παντελῶςὴ
739 3852 1199 3924 προαναφώνησις
1234 3852 1328 3906 τοῦ
1362 3852 1547 3925 θηρὸς,
1580 3853 1958 3907 κατασοϐοῦσα

369 3943 510 4012 πρὸς
538 3943 717 4015 φυγὴν
744 3945 875 4015 πρὶν
904 3943 1106 3997 ἁλῶναι
1135 3945 1320 4015 τυχὸν,
1353 3944 1494 3998 οὕτω
1516 3946 1609 3998 καὶ
1638 3947 1751 4008 τοῖς
1778 3946 1960 4019 ἁμαρ-

368 4034 590 4086 τάνουσι
619 4036 1016 4106 χρησιμωτάτη
1044 4034 1164 4088 λίαν
1203 4038 1235 4106 ἠ
1277 4036 1384 4107 πρὸ
1412 4037 1519 4089 τῶν
1547 4036 1734 4089 δεινῶν
1758 4037 1955 4107 ἀπειλή

367 4140 426 4177 τε
458 4127 553 4178 καὶ
597 4127 1016 4198 προαγόρευσις,
1060 4127 1372 4198 μεθιστῶσα
1407 4128 1543 4198 πρὸς
1591 4128 1953 4197 μετάγνωσιν,

369 4215 466 4268 καὶ
512 4216 799 4288 ἀποφυγὴν
850 4217 959 4270 τῶν
1009 4218 1442 4289 ἡμαρτημένων.
1501 4218 1691 4272 Λέοντι
1745 4220 1809 4290 δὴ
1862 4217 1956 4273 οὖν

370 4307 563 4361 ἑαυτὸν
598 4308 924 4376 παρεικάζει
955 4308 1108 4375 Θεὸς,
1141 4312 1201 4362 οὺ
1239 4310 1503 4381 πρότερον
1537 4309 1950 4381 ἐπιθρώσκοντι,

2063 1831 2297 1887 habens?
2331 1832 2393 1888 Si
2430 1835 2574 1888 dabit
2611 1836 2817 1890 catulus
2855 1853 3030 1891 vocem
3066 1855 3218 1893 suam
3256 1858 3322 1894 ex
3361 1843 3520 1896 cubili
3556 1861 3652 1898 suo

2064 1925 2297 1990 omnino,
2330 1928 2432 1979 nisi
2466 1930 2695 1996 rapuerit
2729 1930 2971 2000 aliquid?

2133 2105 2296 2175 277
2339 2105 2553 2161 XXVII.
2596 2108 2697 2175 Qui
2758 2119 2982 2167 naturas
3026 2113 3266 2170 ferarum
3328 2118 3652 2189 exquisitius

2061 2198 2449 2268 pervestigant,
2504 2212 2732 2256 narrant
2782 2203 2991 2259 leonem
3035 2207 3364 2263 esurientem
3416 2220 3650 2279 montes,

2063 2287 2231 2343 saltus
2273 2299 2329 2344 et
2381 2304 2603 2347 nemora
2654 2296 2966 2350 contentius
3019 2300 3324 2369 pervagari,
3375 2301 3482 2357 huc
3521 2302 3651 2361 illuc

2064 2380 2253 2437 oculos
2278 2381 2651 2449 circumferre,
2682 2398 2737 2439 et
2775 2387 3051 2457 quidpiam
3079 2390 3277 2445 ibidem
3308 2394 3647 2462 pascentium

2065 2487 2276 2543 rapere.
2327 2470 2429 2529 Ubi
2463 2484 2643 2531 autem
2682 2476 2884 2546 aliquid
2940 2480 3039 2534 sibi
3081 2482 3149 2535 ad
3200 2496 3351 2537 esum
3394 2484 3647 2541 idoneum

2064 2567 2445 2634 conspexerit,
2508 2568 2821 2636 propiorem
2914 2568 3116 2625 factum
3198 2573 3535 2631 horribiliter
3594 2588 3653 2632 et

2063 2657 2269 2711 absone
2298 2657 2561 2726 rugiendo
2600 2660 2836 2727 praedam
2876 2660 3155 2718 invadere.
3192 2663 3343 2730 Quod
3376 2667 3422 2721 si
3452 2668 3653 2725 catulis

2063 2762 2246 2803 escam
2289 2758 2581 2820 apportans
2619 2752 2851 2807 lustrum
2887 2756 3152 2823 attigerit,
3186 2758 3408 2815 exsilire
3445 2760 3569 2817 illos
3598 2775 3653 2816 et

2064 2853 2186 2893 cum
2222 2840 2465 2897 clamore
2492 2845 2728 2912 praedam
2764 2851 3157 2915 apprehensam
3200 2850 3484 2907 dilaniare.
3510 2852 3652 2921 Quid

2064 2946 2219 3001 ergo,
2248 2933 2443 3003 inquit,
2478 2934 2643 2990 Deum
2675 2936 3110 3003 ealumniamini,
3147 2957 3268 2996 cum
3296 2953 3422 2999 ante
3448 2947 3654 3002 adven-

2068 3032 2179 3078 tum
2213 3024 2583 3080 calamitatum
2614 3027 3017 3083 comminatur?
3045 3029 3183 3096 Quid
3214 3048 3378 3100 super
3417 3038 3654 3105 prophe-

2067 3116 2138 3170 tis
2168 3117 2283 3185 ejus
2312 3116 2563 3181 fremitis,
2597 3133 2718 3172 cum
2747 3128 2801 3174 et
2832 3119 2932 3190 ipsi
2969 3137 3133 3192 super
3159 3135 3339 3179 vestra
3373 3127 3652 3196 impietate

2062 3204 2357 3260 clamorem
2399 3208 2606 3261 edunt?
2643 3209 2754 3280 Ego
2784 3211 2927 3264 enim
2966 3211 3176 3267 leonem
3220 3215 3425 3284 imitor,
3452 3219 3649 3291 inquit,

2061 3294 2153 3364 qui
2188 3306 2378 3350 contra
2412 3297 2617 3354 bestias
2659 3300 2897 3355 clamare
2929 3304 3234 3369 consuevit,
3268 3314 3321 3359 et
3357 3321 3650 3378 propemo-

2061 3388 2188 3442 dum
2229 3390 2421 3443 minari
2451 3392 2601 3457 prius
2628 3406 2687 3446 se
2734 3393 3151 3465 impressionem
3196 3397 3508 3469 facturum;
3553 3417 3651 3458 cav

2062 3480 2156 3533 tuli
2190 3489 2368 3535 autem
2394 3483 2798 3551 quodammodo
2823 3487 2928 3540 mei
2960 3497 3108 3553 sunt,
3137 3489 3228 3557 qui
3254 3505 3447 3548 omnes
3467 3508 3649 3552 mores

2063 3589 2209 3627 meos
2249 3574 2514 3629 referunt.
2560 3574 2812 3631 Clamant
2855 3580 3024 3641 enim,
3081 3591 3139 3634 ut
3183 3583 3314 3649 dixi,
3360 3586 3647 3642 adversum

2059 3680 2154 3720 eos
2196 3667 2395 3735 quibus
2439 3668 2604 3737 impie
2643 3684 2806 3738 agere
2853 3672 2907 3726 in
2962 3676 3352 3731 consuetudine
3395 3687 3502 3734 est.
3541 3680 3648 3735 Sed

2060 3757 2517 3825 quemadmodum
2563 3757 2695 3815 leris
2746 3763 3023 3818 montanis
3071 3763 3260 3821 bellum
3304 3767 3464 3837 hujus
3512 3784 3648 3839 prte-

2061 3850 2261 3906 missus
2306 3851 2512 3907 clamor
2548 3868 2652 3907 non
2700 3862 2781 3909 est
2826 3854 3199 3912 incommodus
3233 3858 3415 3928 plane,
3451 3861 3649 3931 quippe

2060 3941 2126 3995 ad
2162 3941 2340 4011 fugam
2371 3956 2467 3997 eas
2496 3942 2779 4012 impellens
2817 3954 3109 4015 antequam
3146 3946 3287 4002 forte
3318 3950 3642 4018 capiantur;

2059 4034 2131 4088 ita
2160 4050 2378 4105 quoque
2402 4037 2754 4106 peccantibus
2787 4047 2913 4091 ante
2936 4038 3168 4104 cladem,
3200 4049 3254 4094 et
3284 4055 3475 4110 pinnas
3497 4054 3647 4098 com-

2061 4127 2306 4190 minatio,
2345 4137 2399 4180 et
2449 4127 2747 4197 praedictio,
2806 4144 2912 4198 qua
2957 4133 3213 4185 commoti
3254 4134 3321 4186 ad
3368 4135 3644 4202 poeniten-

2061 4222 2189 4275 tiam
2237 4230 2292 4275 et
2314 4219 2492 4290 fugam
2526 4230 2874 4289 peccatorum
2908 4236 2967 4276 se
2993 4223 3139 4288 dent,
3173 4224 3331 4296 longe
3360 4237 3445 4281 est
3470 4227 3645 4282 utilis-

2059 4314 2215 4368 sima.
2265 4310 2398 4368 Cum
2450 4312 2604 4367 leone
2647 4314 2830 4383 itaque
2879 4314 3018 4369 Deus
3068 4331 3127 4370 se
3183 4329 3482 4388 comparat,
3537 4336 3643 4376 non

369 4399 463 4452 καὶ
493 4400 563 4453 τά
600 4399 659 4465 ἐξ
691 4400 860 4472 ὀργῆς
891 4400 1150 4469 ἐπάγοντί
1172 4418 1335 4468 τισιν,
1369 4405 1417 4454 εὶ
1458 4402 1533 4473 μὴ
1560 4405 1953 4473 προαναφαίνοι

2063 4405 2214 4476 prius
2251 4405 2543 4471 insiliente,
2572 4415 2628 4461 et
2673 4422 2739 4461 ex
2778 4408 2860 4461 ira
2909 4409 3146 4476 prtedam
3182 4411 3496 4476 devorante,
3538 4416 3645 4470 nisi

367 4491 467 4563 τὴν
512 4492 766 4561 ἀπειλὴν,
820 4493 908 4545 ἵνα
959 4493 1348 4563 μετανοοῦντες
1400 4491 1677 4558 σώζοιντο,
1714 4495 1819 4566 πρὸ
1857 4498 1957 4568 τῆς

367 4583 556 4638 δεινῶν
588 4584 777 4653 ἐφόδου
814 4585 1103 4657 φάρμακον
1150 4586 1339 4657 ὥσπερ
1369 4588 1451 4649 εἰς
1485 4588 1759 4658 σωτηρίαν
1806 4589 1960 4660 δεχό-

374 4693 524 4747 μενοι
557 4675 667 4729 τῶν
699 4677 973 4747 ἐσομένων
1017 4682 1116 4750 τὴν
1155 4680 1578 4752 προαγόρευσιν.

441 4769 512 4821 El
552 4766 820 4820 πεσεῖται
848 4767 1059 4837 ὄρνεον
1082 4770 1181 4823 ἐπὶ
1210 4768 1324 4836 τὴν
1354 4767 1472 4839 γῆν
1515 4769 1661 4823 ἄνευ
1688 4770 1957 4835 ὶξευτοῦς

370 4860 441 4914 Ei
470 4858 838 4927 σταθήσεται
866 4861 1043 4930 παγίς
1074 4861 1172 4917 ἐπὶ
1202 4861 1311 4930 τῆς
1348 4861 1456 4932 γῆς
1494 4861 1641 4915 ἄνευ
1674 4862 1783 4915 τοῦ
1806 4867 1956 4916 συλ-

369 4952 579 5004 λαϐεῖν
608 4970 660 5004 τι
680 4958 713 5021 ,‘j

442 5042 577 5097 KH'.
621 5043 925 5113 Πεποίηται
959 5044 1058 5114 μὲν
1099 5044 1174 5107 ὡς
1224 5041 1282 5109 ἐξ
1328 5044 1642 5115 ὁμοιώσεως
1680 5044 1775 5097 καὶ
1807 5044 1902 5098 νῦν
1930 5048 1959 5098 6

369 5134 548 5203 λόγος.
592 5136 818 5200 Ἰξευταὶ
860 5137 959 5205 μὲν
992 5136 1100 5206 γὰρ
1140 5134 1207 5189 τὰ
1239 5137 1297 5188 ὲν
1331 5140 1518 5205 φυτοῖς
1553 5138 1811 5207 ἱζήσαντα
1848 5137 1958 5190 τῶν

373 5227 669 5298 στρουθίων
702 5228 1098 5299 εὐτεχνέστατα
1128 5229 1518 5301 καταφέρουσι.
1557 5229 1755 5298 Παγίσι
1785 5229 1841 5281 δὲ
1863 5224 1957 5282 οὖν

374 5319 670 5373 συνθελῶσί
697 5337 840 5385 τινες
887 5321 946 5374 τὸ
985 5322 1361 5392 ἁλισκόμενον.
1402 5322 1585 5375 ’Ἑοικε
1632 5321 1689 5375 δὲ
1732 5322 1760 5373 6
1801 5322 1958 5390 λόγος

370 5412 704 5466 αἰνίττεσθαι
731 5412 849 5467 νυνὶ
876 5412 965 5466 διὰ
995 5412 1104 5466 τῶν
1138 5412 1435 5485 στρουθίων
1483 5413 1581 5484 μὲν
1607 5415 1733 5477 τοὺς
1777 5414 1957 5484 ὑψηλὰ

373 5505 592 5576 φρονεῖν
626 5503 905 5567 εἰωθότας,
943 5504 1068 5567 τοὺς
1101 5504 1367 5569 ἀλαζόνας
1408 5504 1501 5557 τὸν
1540 5504 1688 5570 νοῦν,
1727 5505 1820 5558 καὶ
1864 5522 1960 5576 με·

370 5596 612 5669 τεώρους
644 5595 743 5659 τὰς
781 5596 1006 5667 φρένας,
1040 5597 1134 5649 καὶ
1176 5596 1236 5650 τὸ
1268 5596 1679 5667 συναπάγεσθαι
1718 5601 1829 5662 τοῖς
1860 5616 1959 5651 τα-

440 5775 489 5808 τ⁸
515 5775 704 5831 Matth.
737 5790 792 5840 ι,
832 5775 922 5830 40.

697 5873 976 5933 ΡΑτιιοι..
1019 5874 1134 5933 Gn.
1170 5873 1378 5935 LXXI.

2063 4496 2239 4551 minas
2272 4496 2613 4565 prtemiserit,
2649 4506 2708 4551 ut
2732 4498 3062 4567 pteuitentes
3095 4510 3219 4555 ante
3255 4501 3518 4556 malorum
3543 4506 3642 4559 ad-

2059 4597 2277 4643 ventum
2317 4587 2617 4652 salventur,
2647 4589 2799 4657 quasi
2837 4589 3191 4659 pharmacum
3224 4593 3461 4648 salutare
3495 4594 3642 4649 futu-

2059 4692 2242 4730 rorum
2276 4677 2590 4731 vaticinium
2618 4678 2998 4747 suscipientes.

2133 4771 2294 4824 Vens.
2325 4771 2376 4824 5.
2423 4768 2482 4823 Si
2508 4770 2658 4824 cadet
2693 4773 2802 4824 avis
2835 4772 2890 4825 in
2936 4782 3133 4826 terram
3169 4774 3364 4844 absque
3404 4775 3645 4843 aucupe?

2061 4861 2121 4916 Si
2161 4870 2422 4915 statuetur
2458 4861 2673 4931 laqueus
2732 4865 2788 4917 in
2824 4873 2964 4917 terra
3005 4866 3119 4919 sine
3160 4881 3219 4919 eo
3266 4866 3406 4937 quod
3455 4882 3644 4935 appre-

2058 4954 2248 5005 hendat
2277 4954 2521 5024 aliquid?

2135 5043 2367 5099 XXVIII.
2415 5045 2586 5099 Etiam
2627 5062 2768 5101 nunc
2813 5047 3166 5104 similitudine
3195 5050 3429 5120 quadam
3460 5063 3643 5104 sermo

2064 5146 2297 5191 constat.
2341 5140 2591 5208 Aucupes
2634 5139 2777 5191 enim
2810 5140 3150 5207 passerculos
3194 5141 3480 5196 arboribus
3517 5143 3645 5197 insi-

2065 5228 2257 5283 dentes
2305 5231 2443 5283 miro
2487 5231 2719 5285 artiﬁcio
2769 5232 3047 5301 dejiciunt.
3086 5233 3313 5299 Quidam
3356 5234 3645 5289 tendiculis

2062 5330 2249 5390 captos
2288 5322 2517 5377 elidunt.
2563 5321 2826 5379 Videntur
2869 5326 3031 5379 verba
3070 5326 3184 5379 haec
3227 5326 3328 5379 sub
3364 5326 3645 5382 involucra

2062 5414 2297 5481 quodam
2349 5412 2590 5468 indicare
2634 5412 3071 5482 passerculorum
3117 5414 3337 5467 nomine
3381 5428 3496 5478 eos,
3547 5414 3644 5483 qui

2063 5502 2240 5559 solent
2269 5500 2435 5556 altum
2465 5516 2656 5573 sapere
2680 5502 2748 5568 ⁷⁸,
2791 5512 3110 5573 arrogantes
3140 5504 3362 5569 animis,
3385 5514 3437 5559 et
3469 5505 3643 5560 elatos

2064 5598 2263 5661 corde,
2307 5594 2603 5652 humilibus
2646 5597 2956 5652 consentire
3000 5611 3106 5651 non
3150 5596 3644 5667 sustinentes;per

1034 5774 1080 5805 ⁷⁸
1116 5775 1226 5830 ibid
1261 5776 1348 5829 15.
1424 5776 1468 5807 ⁷⁷
1510 5776 1549 5831 Il
1592 5777 1718 5833 Cor.
1756 5792 1808 5845 v,
1843 5777 1933 5832 20.
2009 5776 2057 5809 ’⁷⁸
2102 5774 2261 5834 Rom.
2304 5792 2402 5839 xu,
2435 5776 2488 5830 5.

3178 5868 3247 5928 15
