4132 6370
495 293 599 349 459

1528 290 1585 344 S.
1628 287 1894 344 CYRIILI
1934 287 2408 345 ALEXANDRINI
2447 287 2768 344 AllClllEP.

3661 283 3766 338 ιῡο

499 403 788 461 tendiculis
819 411 998 460 autem
1038 412 1226 474 captos
1266 412 1604 461 terrenorum
1637 412 1901 466 amantes,
1935 403 2078 457 sola-

2193 403 2392 464 πεινοῖς
2438 401 2537 454 οὐκ
2589 400 2950 471 ἀνεχομένους
2979 417 2991 430 ο
3033 401 3120 453 διὰ
3176 400 3232 453 δὲ
3283 399 3389 453 τῶν
3436 399 3491 453 ἐν
3542 398 3767 468 παγίσιν

498 509 604 558 que
636 493 874 550 carnalia
905 503 961 550 et
989 494 1291 565 saginantia
1321 504 1718 550 consectantes.
1751 493 1956 562 Aucupi
1993 509 2082 546 au-

499 599 608 642 tem
641 596 696 641 et
725 587 932 656 laqueo?
958 601 1175 642 rursum
1215 601 1275 641 se
1319 587 1583 641 assimilat
1619 586 1781 652 Deus,
1817 584 2080 656 superbos

499 683 569 738 ad
611 692 808 737 terram
853 681 1166 748 deturbans,
1219 690 1273 734 et
1302 681 1456 749 quasi
1499 678 1863 747 confringens,
1911 686 1966 733 et
2012 677 2082 732 ad

500 771 824 844 supplicium
879 780 1124 842 captans,
1169 773 1262 842 qui
1315 780 1529 826 terrena
1578 779 1785 824 tantum
1839 769 2077 838 sapiunt.

500 864 671 918 Erant
701 882 722 917 ι
753 873 932 918 autem
967 861 1222 918 Israelita:
1259 871 1598 932 arrogantes,
1634 871 1689 916 et
1719 859 1809 916 Dei
1841 870 2082 914 contem-

499 967 710 1027 ptores,
759 957 1161 1026 prophetasque
1216 956 1665 1025 aspernabantur,
1707 963 1762 1008 et
1810 952 1980 1024 legem
2029 953 2079 1006 in

502 1048 797 1119 postremis
826 1048 1117 1103 habebant.
1147 1043 1313 1116 278
1342 1046 1511 1100 Erant
1541 1054 1802 1116 praaterea
1851 1043 2080 1098 munda-

503 1142 592 1197 nis
620 1139 844 1195 involuti
870 1138 1120 1209 negotiis,
1152 1149 1206 1193 et
1233 1136 1772 1192 tantummodo’ﬂuxa
1805 1143 1858 1189 et
1884 1136 2082 1188 caduca

503 1228 996 1302 persequebantur,
1029 1242 1258 1296 quorum
1308 1227 1557 1281 absurdis
1589 1225 1975 1296 cupiditatibus
2008 1225 2086 1278 vi-

502 1322 598 1388 cti,
639 1336 668 1375 a
715 1319 809 1376 Dei
844 1319 1009 1374 verbo
1036 1318 1397 1390 refugiebant,
1444 1329 1500 1372 et
1543 1317 1609 1372 ad
1647 1318 1902 1371 virtutem
1951 1315 2083 1370 invi-

506 1413 746 1466 tantibus
805 1409 1201 1480 repugnabant.
1258 1409 1518 1463 Dicebaut
1572 1407 1716 1462 enim
1765 1406 2080 1476 prophetis:

501 1501 812 1572 Loquimini
847 1501 970 1568 alia,
1001 1509 1056 1556 et
1099 1513 1367 1566 errorem,
1408 1514 1504 1553 seu
1539 1499 1892 1569 imposturam
1930 1497 2086 1552 nobis

501 1593 665 1648 aliam
715 1592 1051 1646 annuntiate.
1110 1589 1168 1645 Si
1218 1591 1383 1660 igitur
1421 1605 1521 1660 ego
1559 1606 1701 1656 sum,
1750 1590 1946 1659 inquit,
1993 1588 2084 1656 qui

501 1685 675 1740 instar
692 1685 913 1754 aucupis
931 1684 1190 1754 superbos
1209 1681 1426 1750 dejicio,
1448 1693 1502 1737 et
1521 1683 1666 1736 velut
1685 1683 1876 1752 laqueo
1897 1690 2084 1752 captos

2185 493 2557 563 ἁλισκομένων
2591 493 2700 544 τῶν
2749 491 3006 561 ἐπιγείων
3042 493 3169 556 τοὺς
3208 491 3464 562 ἐραστὰς,
3501 491 3596 543 καὶ
3629 489 3770 560 μόνον.

2184 587 2482 656 ζητοῦντας
2514 583 2581 638 τὰ
2616 584 2872 656 σαρκικὰ,
2921 587 3016 638 καὶ
3063 584 3510 638 καταπιαίνοντα.
3561 583 3765 656 Ἱξευτῇ

2183 679 2261 742 δὲ,
2294 677 2387 730 καὶ
2417 677 2607 744 παγίδι
2642 677 2803 729 πάλιν
2835 676 3023 730 ἐαυτὸν
3054 677 3377 747 παρεικάζει
3407 676 3559 739 Θεὸς,
3594 693 3765 729 κατα-

2185 771 2462 840 κομίζοντι
2499 769 2597 838 μέν
2627 771 2706 831 εἰς
2740 769 2844 838 γῆν
2876 770 3003 831 τοὺς
3036 768 3443 839 ὑπερηφάνους,
3477 765 3766 820 συνθλῶντι

2185 865 2238 917 δέ
2271 861 2478 930 ῶσπερ,
2515 861 2608 912 καὶ
2654 859 2946 932 ἀγρεύοντι
2979 859 3115 931 πρὸς
3144 859 3415 930 τιμωρίαν
3460 850 3586 922 τοὺς
3634 859 3770 928 μόνα

2185 957 2512 1026 φρονοῦντας
2563 957 2631 1008 τὰ
2677 953 2769 1005 ἐπὶ
2799 951 2900 1020 τῆς
2932 952 3056 1022 γῆς.
3116 945 3400 1015 Ἀλαζόνες
3421 942 3485 1002 ’δὲ
3524 944 3666 1020 ἦσαν
3717 951 3766 1002 οἱ

2186 1047 2244 1112 ἐξ
2303 1048 2553 1120 Ἰσραὴλ,
2610 1044 3076 1115 καταφρονοῦντες
3124 1041 3290 1106 Θεοῦ,
3339 1043 3434 1096 καὶ
3486 1042 3768 1113 προφήτας

2187 1139 2636 1210 παραιτούμενοι,
2693 1137 2786 1190 καὶ
2825 1135 3187 1205 ἀτιμάζοντες
3240 1134 3424 1203 νόμον.
3477 1129 3658 1187 *Ησαν
3713 1131 3769 1186 δὲ

2185 1232 2335 1284 οὐδὲν
2368 1226 2530 1303 ἦττον
2570 1230 2664 1282 καὶ
2714 1228 2961 1299 γλίσχροι
3012 1226 3133 1280 λίαν
3179 1226 3310 1297 περὶ
3351 1225 3421 1279 τὰ
3470 1225 3529 1278 ἐν
3580 1227 3771 1295 κόσμῳ

2187 1321 2455 1393 πρακτέα,
2494 1320 2586 1374 καὶ
2641 1318 2778 1390 μόνα
2823 1315 3114 1387 ζητοῦντες
3143 1315 3212 1370 τὰ
3262 1315 3356 1368 ἐπὶ
3387 1316 3487 1386 τῆς
3536 1315 3661 1386 γῆς,
3695 1309 3771 1368 ὧν

2186 1413 2305 1473 ταῖς
2359 1410 2608 1472 ἐκτόποις
2661 1407 2978 1478 ἐπιθυμίαις
3021 1405 3346 1478 ἡττώμενοι,
3376 1404 3467 1458 τὸν
3499 1404 3592 1458 τοῦ
3637 1403 3771 1458 Θεοῦ

2185 1503 2344 1572 λόγον
2381 1502 2441 1554 οὐ
2478 1499 2796 1571 προσίεσαν,
2843 1497 3216 1568 ἀντέπραττον
3270 1495 3325 1548 δὲ
3369 1497 3480 1560 τοῖς
3511 1491 3770 1568 καλοῦσιν

2187 1599 2266 1657 εἰς
2299 1595 2518 1664 ἀρετήν.
2553 1593 2830 1660 Ἕφασκον
2879 1590 2990 1659 γάρ
3039 1590 3151 1651 τοῖς
3201 1589 3546 1659 προφήταις·
3603 1585 3771 1640 Ἀλλα

2189 1688 2318 1756 ἡμῖν
2350 1687 2582 1748 λαλεῖτε,
2603 1683 2697 1738 καὶ
2718 1681 3076 1750 ἁναγγέλλετε
3108 1680 3238 1752 ἡμῖν
3262 1680 3458 1751 ἑτέραν
3482 1679 3766 1752 πλάνησιν.

503 1775 772 1832 suffocare
817 1775 1009 1830 solitus
1056 1789 1200 1839 sum,
1241 1776 1330 1843 qui
1376 1789 1527 1829 more
1555 1775 1792 1844 vulpium
1843 1782 1936 1827 aut
1967 1789 2085 1826 mu-

2193 1745 2361 1848 tinae
2393 1773 2486 1830 οὖν
2513 1745 2622 1845 ἐγώ
2657 1777 2797 1845 εἰμι,
2829 1745 3014 1843 φησὶν,
3049 1775 3078 1826 ό
3105 1745 3162 1825 ἐν
3207 1745 3415 1836 ἰξευτοῦ
3444 1745 3771 1843 τρόπῳκα-

502 1865 643 1921 rium
678 1864 907 1936 negotiis
945 1863 1232 1919 mundanis
1266 1864 1530 1919 tenaciter
1561 1863 1918 1928 inhaerebant,
1954 1861 2084 1931 quid

504 1957 704 2014 frustra
734 1965 953 2013 sanctos
972 1957 1382 2027 persequimini,
1407 1956 1534 2026 quia
1563 1963 1777 2011 tantum
1807 1969 2085 2011 sermones

503 2061 656 2102 meos
703 2049 769 2102 ad
804 2063 900 2103 vos
938 2047 1238 2116 perferunt,
1289 2062 1410 2102 cum
1450 2063 1552 2118 ego
1595 2047 1946 2104 nihilominus
1990 2047 2085 2101 ira:

505 2154 640 2196 ineas
678 2139 731 2194 in
774 2139 969 2211 impios
1000 2151 1278 2211 conceptae
1301 2138 1672 2197 satisfaciam?

485 2511 487 2513 .
580 2467 743 2521 Vsus.
779 2464 834 2520 6.
877 2465 938 2518 Si
977 2463 1223 2517 clamabit
1256 2463 1381 2517 tuba
1420 2463 1472 2517 in
1513 2465 1740 2532 civitate,
1771 2475 1818 2519 et
1867 2469 2086 2535 papulas

505 2575 610 2614 non
657 2554 1004 2626 expavescet?
1054 2547 1123 2609 Si
1157 2556 1254 2608 erit
1308 2555 1508 2608 malum
1556 2558 1611 2610 in
1663 2557 1895 2623 civitate,
1948 2559 2088 2628 quod

504 2650 761 2705 Dominus
788 2665 889 2701 non
917 2647 1039 2715 fecit
1063 2647 1088 2700 .’

587 2781 782 2836 XXIX.
827 2781 938 2851 Ego
979 2780 1227 2851 quidem,
1266 2781 1458 2848 inquit,
1509 2797 1604 2850 pro
1649 2782 1726 2836 ira
1768 2798 1885 2836 mea
1934 2781 2090 2840 malis

503 2892 599 2929 vos
629 2885 846 2939 macto;
880 2872 1152 2941 propheta).
1196 2885 1374 2926 autem
1417 2873 1575 2928 utiles
1609 2861 1754 2939 sunt,
1785 2883 1840 2928 et
1872 2877 2088 2940 subser-

504 2969 660 3022 viunt
689 2967 754 3020 ad
786 2967 946 3021 verba
981 2975 1208 3020 tantum.
1247 2965 1508 3020 Deferunt
1535 2967 1678 3019 enim
1721 2967 1787 3019 ad
1816 2981 1932 3034 vos,
1970 2983 2088 3036 qua:

2189 1866 2441 1937 ταφέρων
2469 1868 2596 1930 τοὺς
2630 1863 3032 1936 ὑπερηφάνους,
3066 1864 3161 1917 καὶ
3186 1862 3262 1926 ώς
3288 1863 3344 1916 ἐν
3367 1861 3517 1926 τάξει
3548 1862 3774 1931 παγίδος

2192 1957 2420 2029 συνθλᾷν
2468 1955 2672 2019 εἰωθὼς
2722 1956 2814 2008 τὸν
2853 1953 3135 2018 ἀλώπεκος
3178 1949 3418 2024 δίκην,ἢ
3464 1952 3597 2023 μυὸς
3654 1952 3773 2020 γλί-

2193 2067 2372 2122 σχρως
2411 2047 2602 2119 ἔχοντα
2640 2047 2773 2118 πρὸς
2819 2045 2888 2099 τὰ
2936 2047 2993 2098 ἐν
3031 2044 3220 2116 κόσμῳ
3261 2042 3532 2115 πρακτέα,
3577 2042 3631 2096 τί
3670 2043 3775 2114 μά-

2188 2159 2287 2211 την
2319 2139 2543 2193 διώκετε
2589 2138 2716 2202 τοὺς
2747 2138 2956 2207 ἁγίους,
2995 2137 3076 2190 ὅτι
3126 2136 3322 2206 μόνους
3369 2137 3451 2200 είς
3485 2136 3629 2206 ὑμᾶς
3660 2135 3774 2190 δια-

2189 2230 2476 2300 κομίζουσι
2529 2228 2741 2296 λόγους,
2806 2227 2940 2298 ἐμοῦ
3007 2224 3338 2298 πληροῦντος
3380 2225 3448 2280 τά
3482 2224 3542 2291 ἐξ
3607 2227 3776 2299 ὀργῆς

2189 2326 2303 2388 τοῖς
2334 2322 2650 2376 δυσσεϐέσιν
2679 2319 3139 2392 ἀπερριμμένης;

2266 2483 2335 2536 El
2388 2479 2658 2548 φωνήσει
2696 2475 2966 2546 σάλπιγξ
3015 2475 3086 2530 ἐν
3134 2476 3330 2537 πόλει,
3364 2471 3462 2527 καὶ
3511 2472 3662 2536 λαὸς
3702 2473 3774 2527 οὐ

2194 2570 2594 2640 πτοηθήσεται
2612 2586 2630 2633 ;
2651 2571 2722 2623 El
2741 2567 2913 2623 ἔσται
2941 2567 3120 2622 κακία
3149 2567 3218 2618 ἐν
3236 2567 3429 2630 πόλει,
3453 2563 3535 2632 ἢν
3560 2565 3777 2632 Κύριος

2195 2665 2306 2716 οὐκ
2335 2663 2624 2728 ἐποίησεν
2641 2676 2662 2725 ;

2279 2793 2420 2862 Ἐγὼ
2451 2793 2570 2864 μὲν,
2603 2794 2790 2864 φησὶν,
2822 2791 3014 2859 ἐπάγω
3056 2788 3126 2844 τὰ
3174 2789 3234 2855 ἐξ
3279 2789 3472 2861 ὀργῆς,
3509 2790 3776 2861 ,χρήσιμοι

2193 2885 2270 2950 δέ,
2318 2887 2412 2938 καὶ
2445 2888 2660 2956 μεσῖται
2706 2885 2845 2955 πρὸς
2885 2882 3079 2953 μόνους
3110 2882 3248 2935 είσὶν
3290 2883 3339 2936 οί
3374 2885 3648 2954 προφῆται
3686 2882 3775 2936 λό-

2193 2993 2343 3044 γους.
2378 2975 2851 3047 Διαπορθμεόουσι
2891 2973 3000 3044 γὰρ
3029 2973 3110 3038 είς
3149 2974 3294 3044 ὑμᾶς
3323 2973 3466 3046 άπερ
3496 2974 3562 3027 ἂν
3595 2973 3778 3039 αὐτοῖς

505 3061 638 3132 ipsis
665 3075 761 3130 per
792 3058 1056 3128 Spiritum
1089 3061 1305 3111 mando.
1349 3057 1455 3111 Sed
1491 3056 1763 3127 negligitis
1793 3057 2000 3122 forsan,
2033 3069 2088 3112 et

2193 3067 2509 3138 ἐντέλλομαι
2559 3067 2646 3121 διὰ
2703 3065 2799 3121 τοῦ
2853 3063 3193 3135 Πνεύματος.
3270 3065 3409 3119 Ἀλλ’
3463 3065 3777 3137 ὀλιγωρεῖτε

504 3154 827 3208 verberibus
871 3167 964 3206 eos
1023 3151 1140 3206 dire
1188 3150 1468 3219 accipitis,
1520 3159 1737 3218 propter
1784 3164 2091 3205 sermonem

505 3259 896 3315 nonnunquam
957 3243 1260 3307 duntaxat,
1324 3257 1485 3310 quem
1549 3241 1841 3310 aliquando
1902 3243 2090 3296 edunt.

507 3336 649 3404 Quid
690 3349 820 3390 vero
867 3333 1106 3395 tandem,
1157 3331 1243 3385 dic
1275 3331 1434 3394 mihi,
1466 3331 1550 3386 his
1593 3331 1936 3400 perfecistis?
1961 3331 2094 3398 Quis

508 3429 672 3482 timor
712 3441 806 3480 vos
840 3423 1021 3494 cepit?
1054 3433 1147 3478 aut
1175 3438 1336 3492 quam
1374 3422 1728 3478 mutationem
1771 3423 1837 3477 ad
1867 3425 2092 3479 meliora

508 3517 858 3576 instituistis?
895 3515 951 3569 lu
984 3515 1208 3570 civitate
1251 3513 1469 3583 quidem
1519 3514 1565 3569 si
1599 3515 1905 3569 resonuerit
1941 3515 2091 3577 tuba,

509 3611 707 3665 bellum
741 3609 809 3664 ab
843 3606 1091 3662 hostibus
1115 3613 1321 3659 motum
1348 3613 1403 3658 et
1423 3612 1757 3658 armatorum
1789 3606 2090 3660 adventum

509 3700 930 3766 denuntiaverit,
949 3699 1071 3769 quis
1089 3699 1222 3753 adeo
1245 3711 1461 3752 omnem
1486 3697 1690 3752 doloris
1711 3712 1929 3753 sensum
1953 3699 2092 3752 ami-

509 3795 604 3862 sit,
628 3803 687 3849 ut
717 3809 823 3849 non
853 3791 1227 3848 incredibilem
1255 3793 1555 3844 futurorum
1581 3790 1844 3845 malorum
1891 3802 2092 3846 metum

511 3885 815 3955 concipiat?
851 3885 980 3939 Meae
1025 3893 1206 3938 autem
1243 3885 1382 3938 tubae
1418 3882 1595 3936 futura
1633 3883 1929 3952 praecinere
1959 3900 2096 3938 nun-

511 3993 674 4048 quam
730 3976 1006 4040 desinunt,
1055 3982 1111 4030 et
1144 3989 1242 4029 vos
1294 3983 1474 4028 tamen
1526 3974 1659 4027 nihil
1715 3973 1840 4028 inde
1889 3977 2095 4030 emolu-

515 4069 681 4122 menti
725 4066 1022 4139 percipitis.
1057 4065 1301 4134 Cumque
1349 4065 1664 4136 intelligatis
1697 4079 1794 4120 vos
1825 4065 1893 4121 ab
1927 4067 2096 4121 hosti-

418 4171 420 4173 '
511 4157 613 4213 bus
665 4157 1007 4211 devastatum
1059 4156 1145 4220 iri,
1195 4166 1383 4210 contra
1435 4156 1806 4224 hujuscemodi
1858 4165 2096 4212 terrores

419 4303 422 4308 λ
511 4247 801 4304 cﬂerimiui
827 4246 1196 4314 vehementer,
1231 4257 1291 4302 ut
1330 4247 1578 4303 fortassis
1607 4249 1770 4303 etiam
1805 4249 2094 4305 denuntia-

516 4337 741 4404 tionem,
791 4352 889 4392 ceu
937 4351 1053 4392 rem
1097 4351 1292 4391 vanam
1325 4338 1634 4404 irrideatis;
1692 4341 1821 4409 quin
1863 4348 1917 4394 et
1963 4339 2092 4394 illud

2194 3161 2337 3229 τάχα
2371 3176 2496 3224 που,
2550 3158 2643 3212 καὶ
2693 3157 2944 3212 ἀλλοιᾶτε
2997 3157 3222 3226 σφόδρα,
3265 3157 3359 3210 καὶ
3414 3157 3548 3228 πρὸς
3585 3157 3777 3227 μόνους

2195 3252 2320 3315 τοὺς
2365 3251 2496 3322 παρ’
2523 3252 2705 3304 αὐτῶν
2736 3250 2848 3302 ἐσθ’
2880 3251 2969 3302 ὅτε
2993 3249 3206 3318 λόγους.
3240 3249 3304 3302 Τί
3334 3249 3440 3320 γὰρ
3469 3249 3625 3313 ὅλως,
3657 3249 3777 3303 είπέ

2199 3361 2309 3413 μοι,
2335 3343 2422 3397 διὰ
2447 3343 2645 3396 τούτων
2673 3341 2957 3412 ὠφέλησθε
2977 3359 2990 3407 ;
3012 3342 3170 3405 Ποῖος
3199 3342 3340 3412 ὑμᾶς
3373 3340 3548 3394 εἰσέδυ
3577 3340 3774 3410 φόϐος;

2200 3437 2270 3488 Ἢ
2302 3435 2423 3489 τίνα
2457 3433 2756 3505 μεταϐολὴν
2793 3433 3065 3504 ἐσχήκατε
3107 3432 3244 3503 πρὸς
3291 3432 3350 3485 τὸ
3383 3432 3643 3502 ἀμεινον;
3691 3433 3777 3485 Ἐν

2195 3526 2348 3579 πόλει
2398 3526 2498 3597 μὲν
2541 3523 2650 3594 γὰρ
2688 3528 2737 3578 εἰ
2787 3525 3159 3595 ἀναφωνήσειε
3214 3522 3468 3592 σάλπιγξ,
3516 3523 3608 3576 τὸν
3643 3521 3775 3594 παρ’

2196 3618 2406 3688 ἐχθρῶν
2467 3617 2691 3688 ἥκοντα,
2752 3616 2847 3671 καὶ
2895 3615 3255 3687 κεκινημένον
3305 3614 3776 3686 περιαγγέλλουσα

2196 3707 2453 3777 πόλεμον,
2487 3708 2568 3770 τίς
2597 3705 2770 3768 οὕτως
2801 3705 3118 3776 ἀνάλγητος,
3160 3705 3235 3768 ὼς
3273 3705 3349 3776 μὴ
3388 3705 3564 3776 πάντη
3594 3722 3655 3758 τε
3683 3705 3777 3759 καὶ

2198 3795 2418 3858 πάντως
2455 3795 2550 3848 τὸν
2613 3795 2678 3848 ἐκ
2719 3793 2828 3847 τῶν
2873 3795 3148 3865 ἐσομένων
3201 3795 3386 3848 κακῶν
3437 3795 3775 3857 εἰσδέξασθαι

2197 3887 2400 3956 φόϐον;
2441 3887 2502 3939 Ai
2537 3885 2594 3938 δὲ
2624 3887 2756 3956 ἐμαὶ
2797 3885 3096 3953 σάλπιγγες
3140 3884 3200 3937 οὐ
3229 3884 3614 3952 διαλελοίπασι,
3646 3905 3777 3958 προ-

2197 3974 2581 4045 αναφωνοῦσαί
2624 3992 2684 4028 τε
2731 3973 2802 4028 τὰ
2843 3973 3124 4046 μέλλοντα.
3177 3975 3315 4028 Ἀλλ’
3349 3975 3632 4047 ὠφέλησθε
3676 3977 3776 4048 μὲν

2198 4066 2478 4130 παντελῶς
2507 4065 2677 4132 οὐδὲν,
2704 4063 3064 4136 μανθάνοντες
3090 4065 3146 4119 δέ
3175 4066 3257 4119 ότι
3287 4067 3777 4140 καταδῃωθὴσεσθε

2199 4160 2328 4232 παρ’
2357 4157 2588 4230 ἐχθρῶν,
2614 4157 3068 4229 κατευμεγεθεῖτε
3091 4157 3211 4212 λίαν
3240 4158 3348 4212 τῶν
3380 4162 3458 4224 είς
3483 4160 3642 4213 τοῦτο
3669 4162 3778 4215 δει-

2201 4253 2408 4324 μάτων,
2441 4251 2516 4315 ὠς
2543 4251 2683 4322 τάχα
2729 4267 2834 4304 που
2883 4252 2978 4304 καὶ
3024 4250 3301 4322 διαγελᾷν,
3349 4251 3424 4316 ὡς
3469 4253 3673 4307 εἰκαῖόν
3724 4271 3776 4308 τι

2200 4346 2410 4417 χρῆμα,
2445 4345 2541 4414 τὴν
2576 4341 2994 4414 προαγόρευσιν.
3024 4341 3128 4398 Καὶ
3165 4343 3274 4414 μὴν
3302 4345 3524 4398 κάκεῖνο
3568 4344 3694 4416 βοᾷν
3717 4345 3780 4399 τὸ

512 4429 808 4491 usitatum,
862 4437 917 4483 et
963 4429 1286 4484 vecordibus
1350 4437 1671 4484 consuetum
1731 4431 2085 4487 acclametis:

2197 4435 2448 4507 σύνηθες,
2478 4435 2705 4498 καὶτοῖς
2737 4434 3154 4504 ἀπονοουμένοις
3178 4434 3421 4506 ἐντριϐἐς
3440 4452 3454 4466 ο
3487 4455 3506 4488 ι
3561 4437 3622 4489 Ἡ
3650 4438 3780 4508 ὅρα-

519 4537 538 4570 ι
582 4517 729 4574 Visio
773 4534 935 4588 quam
971 4519 1057 4572 hic
1101 4518 1263 4582 videt,
1306 4529 1428 4588 post
1458 4520 1573 4574 dies
1615 4519 1813 4576 multos
1859 4522 2091 4588 eveniet,

512 4609 561 4665 si
616 4612 866 4677 eveniet,
926 4619 980 4664 et
1039 4613 1090 4666 in
1160 4621 1401 4681 tempora
1459 4612 1613 4681 longa
1669 4613 1770 4668 iste
1831 4615 2094 4668 vaticina-

512 4704 684 4758 tur".
718 4722 737 4756 ι
788 4703 928 4770 Quid
960 4705 1125 4772 igitur
1158 4719 1420 4760 onerosos
1468 4705 1662 4760 ducitis
1707 4705 1870 4760 veluti
1918 4708 2098 4762 bucci-

2195 4547 2279 4593 σις
2315 4531 2382 4600 ἢν
2416 4521 2570 4590 οὗτος
2617 4528 2737 4597 ὁρᾷ,
2773 4527 2854 4590 είς
2881 4526 3096 4598 ἡμέρας
3130 4526 3351 4592 πολλὰς,
3389 4527 3486 4581 καὶ
3529 4529 3609 4592 είς
3653 4546 3780 4582 και-

2198 4623 2324 4693 ροὺς
2373 4620 2619 4692 μακροὺς
2665 4611 2818 4681 οὗτος
2853 4615 3206 4688 προφητεύει.
3258 4637 3275 4670 ι
3319 4618 3385 4671 Τί
3433 4615 3526 4673 οὖν
3557 4619 3780 4690 ἡγεῖσθε

2197 4712 2507 4783 φορτικοὺς,
2535 4712 2662 4773 τοὺς
2693 4709 2858 4762 οἱονεὶ
2889 4707 3270 4774 σαλπίζοντας,
3293 4710 3343 4761 εί
3366 4709 3534 4780 μηδὲν
3559 4709 3778 4781 ⁴ἡγεῖσθε

512 4796 598 4850 nis
645 4807 922 4861 canentes,
973 4797 1016 4851 si
1065 4797 1226 4852 verba
1269 4811 1456 4851 eorum
1506 4812 1603 4866 pro
1655 4798 1823 4853 nihilo
1867 4801 2088 4867 putatis?

2196 4804 2322 4865 τοὺς
2349 4801 2539 4869 λόγους
2565 4818 2578 4859 ;
2629 4799 2766 4852 Ἀλλ’
2800 4800 2931 4862 ἴσως
2959 4799 3136 4852 ἐκεῖνό
3168 4816 3323 4868 φατε,
3345 4800 3419 4862 ῶς
3449 4800 3508 4852 οὐ
3543 4801 3780 4871 μετρίως
3818 4862 3827 4878 Ι

516 4885 624 4941 Sed
664 4885 894 4942 fortasse
939 4887 1070 4943 illud
1120 4889 1538 4958 respondebitis.
1589 4905 1696 4945 non
1749 4892 2092 4947 mediocriter

513 4992 698 5032 rerum
747 4987 942 5033 eventu
982 4994 1078 5034 vos
1113 4980 1449 5036 contristari.
1490 4981 1571 5034 An
1621 4981 1788 5051 igitur
1841 5001 1859 5034 ι
1895 4982 2089 5036 Malum

512 5070 617 5124 erit
670 5069 809 5124 forte
836 5069 886 5123 in
947 5070 1186 5138 civitate,
1233 5071 1376 5142 quod
1416 5070 1678 5127 Dominus
1713 5088 1817 5127 non
1874 5072 2038 5129 fecit?
2067 5093 2085 5126 ι

508 5157 744 5215 Perinde
787 5175 850 5215 ac
890 5161 932 5215 si
1001 5162 1187 5217 dicat:
1218 5161 1355 5216 Num
1385 5166 1674 5233 quisquam
1715 5165 1992 5218 hominum
2025 5167 2090 5220 ad

509 5249 784 5305 civitatem
822 5260 913 5304 aut
947 5253 1172 5319 morbis,
1209 5263 1300 5308 aut
1329 5253 1722 5322 obsidionibus,
1754 5264 1847 5309 aut
1877 5256 2090 5325 frugum

511 5340 990 5412 corruptionibus,
1046 5353 1139 5396 aut
1203 5343 1308 5397 alio
1362 5344 1522 5400 simili
1583 5348 1740 5401 modo
1789 5349 2090 5401 vexandam

513 5431 783 5486 sufﬁciat?
832 5433 982 5498 Quod
1035 5435 1077 5489 si
1135 5435 1417 5490 hominum
1473 5437 1651 5493 nullus
1711 5439 1813 5493 ista
1873 5421 2124 5506 fecerit,'

511 5526 801 5594 potiusque
831 5525 883 5578 in
925 5537 1191 5594 potestate
1235 5538 1287 5585 et
1319 5531 1559 5600 potentia
1602 5530 1695 5588 Dei
1729 5531 1905 5602 posita
1937 5541 2088 5600 sunt,

583 5701 629 5733 τ’
664 5700 859 5758 Ezech.
903 5717 998 5770 xu,
1042 5703 1131 5757 27.

2200 4893 2506 4947 καταλυπεῖ
2537 4892 2644 4945 τῶν
2679 4892 2931 4963 πράξεων
2964 4892 3000 4960 ἡ
3044 4891 3288 4954 ἔκϐασις.
3325 4886 3472 4960 Ἀρα
3500 4888 3592 4945 οὖν
3629 4892 3777 4945 ἐσται

2206 5005 2224 5036 ι
2257 4984 2514 5048 Κάκωσις
2541 4985 2599 5037 ἐν
2625 4983 2775 5036 πόλει
2800 4982 2980 5053 τυχὸν,
2999 4983 3065 5053 ἣν
3091 4982 3291 5053 Κύριος
3314 4983 3413 5036 οὐκ
3441 4983 3698 5054 ἐποίησεν
3719 5000 3731 5047 ;
3752 5001 3771 5034 ι

2201 5071 2426 5142 Ὅμοιον
2451 5071 2527 5133 ὡς
2559 5073 2606 5123 εἰ
2638 5071 2786 5140 λέγοι
2811 5086 2825 5100 ·
2856 5067 3002 5141 Ἀρα
3031 5071 3114 5134 τίς
3146 5069 3298 5124 ἔσται
3329 5072 3438 5126 τῶν
3479 5074 3537 5128 ἐν
3567 5073 3777 5143 ἀνθρώο

2198 5179 2321 5226 ποις
2351 5163 2534 5226 ἱκανὸς
2567 5162 2646 5225 είς
2673 5180 2734 5231 γε
2767 5162 2827 5216 τὸ
2859 5162 3120 5216 δύνασθαι
3161 5166 3411 5218 κακῶσαι
3444 5165 3599 5219 πόλιν
3627 5166 3660 5236 ἢ
3689 5166 3777 5219 νό-

2201 5255 2397 5326 σοις,ἢ
2442 5255 2800 5325 πολιορκίαις,
2833 5254 2865 5324 ἢ
2911 5255 3140 5326 καρπῶν
3177 5256 3623 5328 ωταφθοραῖςμῆ
3659 5258 3779 5313 καθ’

2193 5348 2381 5420 ἕτερόν
2410 5365 2532 5403 τινα
2565 5347 2804 5402 τοιοῦτον
2849 5347 3084 5418 τρόπον;
3133 5350 3197 5404 Ei
3235 5349 3291 5402 δέ
3338 5349 3641 5422 ἀνθρώπων
3681 5351 3779 5422 μὲν

2194 5439 2368 5503 οὐδεὶς
2396 5439 2571 5494 τοιάδε
2600 5439 2847 5510 δράσειεν
2877 5439 2964 5506 ἂν,
3001 5443 3178 5496 κεῖται
3211 5442 3267 5494 δὲ
3303 5442 3503 5514 μᾶλλον
3532 5445 3590 5498 ἐν
3626 5444 3777 5509 ἐξου-

2196 5531 2287 5600 σίᾳ
2336 5531 2428 5585 καὶ
2455 5531 2683 5600 δυνάμει
2716 5531 2875 5600 Θεοῦ,
2909 5532 2962 5587 τί
2989 5536 3100 5598 τοῖς
3141 5537 3570 5605 προαγγέλλουσι
3614 5538 3776 5609 χαλε-
