4132 6370
340 322 440 385 1164

1287 333 1847 391 COMMENTARIUS
1890 335 1957 389 IN
1998 336 2190 393 AMOS
2229 337 2673 395 PROPHETAM.

3515 343 3622 400 469.

343 452 599 515 παίνετε;
623 449 815 503 Καίτοι
849 451 1194 522 μεταγνῶναι
1218 454 1358 518 δέον,
1390 457 1485 509 καὶ
1513 458 1634 520 ταῖς
1660 458 1739 521 εἰς
1764 457 1922 511 τοῦτο

2048 460 2192 530 379
2211 462 2339 531 quid
2374 469 2458 517 est
2486 477 2584 517 cur
2631 460 3125 532 przennntiantibus
3161 462 3501 519 irascimini?
3527 465 3622 517 At-

345 544 541 613 ροπαῖς
571 542 1018 611 ἐκμειλίσσεσοαι
1051 543 1142 596 τὸν
1170 544 1563 616 λελυπημένον,
1601 550 1696 599 καὶ
1730 548 1933 601 κακοῦν

348 632 604 705 ἰσχύοντα
648 638 774 699 τοὺς
813 635 1225 706 ἡμαρτηκότας.
1264 637 1480 690 Κακίαν
1513 638 1577 708 δὴ
1624 642 1680 693 ἐν
1724 640 1935 704 τούτοις

345 727 613 797 νοήσομεν
642 728 933 797 γινομένην
962 729 1019 779 ἐν
1049 729 1237 781 πόλεσι
1277 731 1429 800 παρά
1458 730 1706 794 Θεοῦμού
1737 734 1935 803 φαυλό-

345 835 505 888 τητα,
541 818 615 889 μὴ
644 819 855 886 γένοιτο
878 836 889 848 ³
933 821 1177 874 κάκωσιν
1218 822 1275 874 δὲ
1308 823 1527 891 μᾶλλον,
1575 825 1695 894 ἦτοι
1723 826 1819 894 τὴν
1850 828 1934 894 ἐφ’

347 908 549 979 ὁτῳοῦν
588 910 757 979 ὀργήν
792 928 848 962 τε
881 912 975 964 καὶ
1015 911 1248 980 κίνησιν,
1280 914 1345 983 ἢν
1382 915 1494 976 τοῖς
1528 915 1935 984 ἁμαρτάνουσιν

347 1001 710 1071 ἐπαρτήσειεν
735 1001 821 1064 ἂν,
854 1002 1204 1073 ἐπιστρέφειν
1234 1005 1543 1057 ἀναπείθων
1576 1008 1669 1059 ἐπὶ
1705 1011 1774 1061 τά
1801 1025 1936 1076 πρε-

349 1091 682 1164 πωδέστερα.
712 1095 1022 1167 Γέγραπται
1050 1096 1177 1168 γὰρ,
1203 1098 1284 1149 ὅτι
1315 1115 1332 1147 ι
1386 1099 1477 1149 Ἐν
1503 1098 1665 1168 καμῷ
1688 1100 1787 1162 τάς
1820 1118 1937 1153 σια-

348 1186 513 1253 γόνας
532 1186 745 1254 ἄγξαις,
771 1186 879 1239 τῶν
913 1186 986 1257 μὴ
1015 1188 1340 1255 ἐγγιζόντων
1372 1189 1507 1257 πρὸς
1541 1190 1620 1243 σέ.
1657 1209 1675 1241 ι
1717 1191 1935 1259 Ἐπειδὴ

350 1277 461 1347 γάρ
494 1280 641 1329 ἐστιν
684 1278 909 1346 ἀγαθὸς,
964 1297 981 1328 ι
1038 1280 1147 1332 Καὶ
1186 1280 1394 1343 πάντας
1432 1280 1753 1350 ἀνθρώπους
1795 1280 1937 1333 θέλει

352 1369 613 1439 σωθῆναι,
647 1372 739 1423 καὶ
770 1373 849 1431 εἰς
879 1370 1173 1437 ἐπίγνωσιν
1202 1371 1463 1441 ἀληθείας
1492 1371 1681 1434 ἐλθεῖν,
1722 1391 1739 1423 ι
1777 1389 1939 1425 κατα-

353 1461 601 1523 6ιάζεταί
632 1480 747 1523 πως
777 1465 889 1525 τοῖς
920 1461 978 1524 ἐξ
1010 1462 1178 1530 ὀργῆς
1210 1463 1302 1513 ἐπὶ
1334 1462 1394 1514 τὸ
1418 1463 1659 1532 ἄμεινον,
1689 1463 1784 1516 καὶ
1806 1464 1939 1531 μεθ-

355 1554 562 1623 ίστησιν
606 1553 877 1616 εὑσθενῶς
932 1552 1045 1605 ἐσθ’
1087 1553 1177 1605 ὅτε
1227 1556 1339 1616 τοῖς
1404 1554 1644 1623 δείμασι,
1680 1555 1776 1608 καὶ
1820 1556 1940 1615 ταῖς

346 1644 628 1708 ἀπειλαῖς,
665 1644 759 1708 οὓς
789 1646 890 1699 οὑκ
919 1644 1202 1698 ἀναπείθει
1232 1645 1410 1714 λόγος,
1444 1648 1541 1700 καὶ
1650 1647 1757 1700 τῶν
1797 1663 1937 1717 συμ-

352 1737 625 1809 φερόντων
652 1737 947 1809 ύφήγησις.

428 1917 586 1970 Διότι
631 1919 702 1971 οὐ
731 1917 819 1986 μὴ
866 1917 1092 1989 ποιήσῃ
1130 1921 1346 1987 Κύριος
1397 1918 1658 1989 πρᾶγμα,
1704 1920 1813 1974 ἐὰν
1848 1919 1934 1989 μὴ

353 2010 727 2079 ἀποκαλύψῃ
767 2010 1048 2065 παιδείαν
1083 2012 1234 2079 πρὸς
1271 2012 1415 2078 τοὺς
1446 2012 1707 2079 δούλους
1749 2014 1938 2067 αὐτοῦ

351 2100 505 2169 πρὸς
536 2101 681 2168 τοὺς
704 2101 1035 2171 προφήτας.
1068 2102 1233 2157 Λέων
1268 2102 1588 2171 ἐρεύξεται,
1625 2103 1725 2157 καὶ
1755 2105 1845 2169 τίς
1866 2107 1938 2159 οὐ

352 2193 794 2261 φοϐηθήσεται;
863 2198 1076 2262 Κύριος
1106 2192 1437 2261 ἐλάλησεν,
1484 2196 1581 2248 καὶ
1628 2194 1721 2261 τίς
1756 2196 1826 2249 οὐ
1850 2196 1937 2265 μὴ

353 2281 743 2349 προφητεύσει)
767 2298 781 2347 ;
1094 2330 1097 2333 .

425 2372 505 2427 A’.
537 2373 650 2442 Οὐχ
686 2373 736 2425 οἱ
764 2372 1061 2443 προφῆται,
1097 2374 1250 2443 φησὶ,
1290 2374 1358 2428 τά
1391 2372 1451 2439 ἐξ
1480 2375 1648 2445 όργῆς
1676 2374 1941 2442 ὲπάγουσί

354 2463 542 2531 ποθεν,
592 2464 869 2536 ἄνθρωποι
899 2466 1009 2536 γὰρ
1045 2467 1137 2519 καὶ
1169 2467 1323 2520 αὐτοί
1356 2469 1464 2520 εἰσι
1502 2468 1622 2522 καθ’
1659 2468 1804 2537 ὑμᾶς
1846 2467 1942 2537 τὴν

354 2556 539 2631 φύσιν,
556 2557 875 2629 τετίμηνται
897 2559 953 2612 δὲ
982 2559 1135 2629 παρά
1155 2558 1290 2612 Θεοῦ
1315 2559 1394 2629 τῷ
1416 2561 1591 2613 πάντα
1630 2559 1940 2629 μανθάνειν,

351 2647 390 2702 ἃ
416 2648 482 2701 ἂν
522 2647 765 2718 βούλοιτο
794 2648 1055 2720 πληροῦν,
1106 2650 1203 2701 καὶ
1249 2648 1439 2702 πόλεσί
1498 2667 1557 2703 τε
1608 2651 1702 2702 καὶ
1739 2648 1943 2719 χώραις

353 2740 586 2811 ἐπάγειν
633 2740 815 2809 ἁγαθά
856 2743 1038 2812 τυχὸν,
1088 2743 1120 2813 ἢ
1169 2744 1237 2797 τὰ
1277 2742 1467 2797 λυπεῖν
1503 2743 1750 2796 εἰωθότα.
1807 2743 1943 2795 Ἀλλ’

356 2832 488 2897 ῐσως
509 2832 645 2903 πρὸς
661 2832 823 2886 τοῦτό
850 2851 988 2901 φατε
1008 2850 1021 2863 ·
1051 2834 1492 2888 Μανθανέτωσαν
1514 2837 1561 2887 εί
1590 2835 1757 2899 δοκεῖ,
1782 2834 1946 2887 πλου-

353 2922 619 2976 τείτωσαν
658 2922 808 2993 παρά
848 2921 942 2975 σοῦ
971 2923 1081 2976 τῶν
1118 2924 1391 2993 ἐσομένων
1431 2923 1533 2994 τὴν
1559 2923 1780 2991 γνῶσιν,
1828 2924 1944 2977 δια-

353 3013 671 3085 τρανούσθω
704 3014 881 3067 πάντα
922 3013 1108 3078 αὐτοῖς
1151 3014 1221 3067 τά
1261 3016 1568 3085 μυστήρια’
1616 3013 1946 3068 λαλείτωσαν

355 3106 412 3159 δὲ
460 3106 670 3177 μηδενὶ,
709 3107 846 3176 μήτε
894 3106 993 3176 μὲν
1024 3108 1142 3170 ταῖς
1171 3106 1280 3159 τῶν
1318 3104 1725 3176 ἁποσειομένων
1753 3107 1946 3168 αὐτοὺς

2034 555 2123 621 qui
2168 554 2486 623 resipiscere
2528 553 2831 621 Oportebat,
2878 561 2934 607 et
2981 552 3362 608 occasionibus
3406 553 3471 607 ad
3520 554 3624 611 hoc

2037 645 2251 698 idoneis
2283 646 2496 711 placare
2519 646 2814 707 irritatum,
2845 655 2899 699 et
2924 644 3012 713 qui
3044 656 3355 714 peccatores
3381 644 3625 717 aliligere

2040 745 2234 804 potest.
2268 734 2503 790 Proinde
2536 735 2619 789 his
2655 735 2833 790 verbis
2864 735 3227 805 intelligamus
3266 735 3391 791 licet
3422 737 3621 791 malum

2038 827 2239 881 factum
2297 829 2348 881 in
2400 828 2714 881 civitatibus
2760 842 2790 880 a
2846 826 2956 881 Deo
3008 827 3248 896 aliquid,
3312 843 3417 881 non
3462 827 3625 883 aliine

2040 916 2329 983 nequitiae;
2365 917 2545 970 absit!
2578 918 2672 971 sed
2704 916 3047 971 amictionem
3082 919 3274 987 magis,
3316 919 3428 973 sive
3462 920 3623 985 iram,

2038 1022 2360 1075 quacunque
2388 1009 2454 1061 de
2496 1022 2683 1071 causa,
2715 1016 2770 1062 et
2812 1008 3262 1078 indignationem,
3289 1024 3449 1078 quam
3495 1026 3624 1079 pec-

2038 1100 2292 1153 cantibus
2329 1099 2643 1163 intenderit,
2682 1114 2788 1168 quo
2812 1114 2905 1153 eos
2950 1100 3015 1155 ad
3064 1101 3372 1155 honestiora
3402 1102 3625 1171 pellice-

2041 1200 2142 1244 ret.
2179 1191 2449 1259 Scriptum
2485 1200 2568 1246 est
2598 1192 2741 1245 enim
2774 1209 2788 1245 :
2824 1208 2842 1242 ι
2880 1192 2935 1245 In
2973 1207 3128 1246 camo
3158 1202 3214 1247 et
3250 1178 3402 1248 freno
3434 1195 3626 1248 maxil-

2042 1280 2123 1335 las
2184 1296 2370 1335 corum
2427 1283 2772 1348 constringe,
2826 1283 2915 1351 qui
2970 1298 3076 1337 non
3127 1285 3503 1352 approximuut
3557 1288 3622 1340 ad

2045 1380 2095 1426 te
2114 1370 2180 1424 ⁸ο.
2216 1389 2234 1422 ι
2275 1370 2544 1437 Quoniam
2575 1372 2718 1425 enim
2750 1373 2923 1426 bonus
2947 1382 3049 1435 est,
3088 1392 3105 1423 ι
3140 1373 3204 1426 Ει
3228 1389 3416 1429 omnes
3442 1375 3616 1429 humi.

2043 1479 2141 1518 nes
2188 1463 2305 1517 vult
2354 1463 2533 1517 salvos
2587 1463 2729 1526 ﬁeri,
2776 1474 2833 1517 et
2881 1464 2948 1518 ad
2995 1464 3325 1533 agnitionem
3378 1466 3623 1521 veritatis

2044 1553 2228 1606 venire
2252 1554 2337 1616 ει,
2373 1572 2391 1604 ι
2451 1553 2731 1621 suppliciis
2781 1569 2847 1607 ex
2904 1554 2983 1607 ira
3046 1553 3212 1609 illatis
3280 1556 3345 1609 ad
3401 1558 3623 1612 meliora

2044 1645 2442 1712 quodamntodo
2469 1645 2763 1713 compellit,
2796 1655 2851 1699 et
2874 1645 3073 1713 quibus
3107 1646 3270 1700 verba
3307 1646 3656 1717 utiliumque.

2046 1735 2288 1788 doctrina
2334 1740 2647 1803 prrccedens
2688 1750 2792 1789 non
2842 1738 3153 1805 persuadet,
3200 1751 3294 1792 eos
3330 1738 3629 1795 terroribus

1970 1817 2013 1871 Β
2045 1835 2207 1894 atque
2238 1826 2398 1879 minis
2427 1826 2491 1878 ad
2523 1828 2778 1880 virtutem
2809 1826 3035 1880 inducit.

2116 1915 2279 1968 Vens.
2326 1916 2383 1978 7,
2424 1915 2477 1969 8.
2522 1914 2661 1980 Quia
2710 1933 2812 1969 non
2854 1918 3011 1984 faciet
3062 1916 3318 1972 Dominus
3359 1936 3488 1983 rem,
3527 1921 3631 1973 nisi

2045 2006 2342 2060 revelaverit
2371 2008 2721 2060 eruditionem
2755 2009 2824 2060 ad
2851 2024 3024 2062 servos
3057 2026 3178 2063 suos
3203 2010 3500 2079 prophetas.
3524 2010 3630 2065 Leo

2046 2100 2238 2169 rugict,
2274 2109 2319 2152 et
2353 2100 2468 2170 quis
2510 2117 2611 2153 non
2649 2101 2887 2154 timebit?
2936 2101 3191 2155 Dominus
3218 2103 3424 2158 locutus
3450 2116 3548 2169 est,
3583 2116 3630 2159 et

2044 2196 2162 2263 quis
2192 2211 2294 2247 non
2324 2195 2649 2263 prapltelabit
2670 2197 2696 2250 7

2119 2366 2289 2424 XXX.
2331 2367 2445 2423 Non
2472 2370 2768 2439 prophetae,
2795 2371 2991 2441 inquit,
3022 2388 3211 2443 pmnas
3237 2375 3358 2429 irati
3382 2375 3631 2432 alicunde

2050 2457 2345 2524 invehunt;
2393 2460 2610 2528 quando
2651 2469 2708 2516 et
2760 2462 2861 2531 ipsi
2915 2462 3165 2519 homines
3212 2474 3361 2531 sunt,
3389 2477 3629 2522 vestrum

2050 2558 2243 2603 natura
2272 2550 2494 2604 similes.
2524 2550 2679 2607 Hunc
2718 2564 2899 2608 autem
2939 2568 2969 2607 a
3000 2554 3108 2610 Deo
3136 2557 3395 2611 honorem
3439 2573 3631 2614 conse-

2052 2640 2159 2692 cuti
2190 2650 2335 2703 sunt,
2369 2651 2428 2693 ut
2452 2642 2634 2695 norint
2665 2642 2847 2696 omnia
2887 2658 3009 2713 quae
3044 2644 3143 2713 ipsi
3183 2645 3359 2700 facere
3386 2645 3630 2711 libuerit,

2051 2740 2107 2785 et
2138 2745 2256 2799 qua:
2282 2730 2502 2786 urbibus
2525 2742 2689 2802 atque
2727 2734 3038 2802 regionibus
3067 2735 3323 2790 inducere
3346 2737 3630 2793 commoda

2054 2822 2215 2886 forte,
2272 2832 2366 2876 aut
2430 2824 2769 2879 incommoda
2831 2826 3084 2880 voluerit.
3133 2827 3241 2883 Sed
3300 2829 3629 2889 occurretis.

2053 2912 2248 2980 opinor
2282 2935 2292 2967 :
2322 2923 2677 2984 cognoscant,
2720 2917 2765 2970 si
2795 2918 2864 2970 ita
2901 2919 3149 2984 videtur;
3182 2921 3371 2975 notitia
3415 2920 3629 2975 futuro-

2057 3021 2174 3059 rum
2211 3006 2307 3060 ahs
2351 3016 2405 3061 te
2431 3019 2764 3079 augeantur;
2811 3011 3119 3066 revelentur
3165 3013 3273 3068 illis
3300 3015 3484 3069 omnia
3513 3031 3630 3087 my-

2055 3100 2243 3167 steria,
2281 3100 2570 3169 loquantur
2608 3111 2789 3158 autem
2832 3106 3058 3168 nemini,
3094 3122 3193 3161 nec
3231 3121 3323 3162 eos
3370 3107 3633 3179 repellen-

357 3199 547 3261 ἀκοαῖς
592 3198 956 3267 ἐνηχείτωσάν
993 3216 1133 3252 τινα.
1188 3199 1252 3251 Τί
1286 3194 1379 3252 οῦν
1411 3198 1546 3269 πρὸς
1581 3196 1754 3251 ταῦτα
1792 3200 1943 3269 παρά

2057 3193 2189 3243 tium
2227 3192 2450 3247 auribus
2486 3196 2727 3262 quaedam
2754 3196 3025 3251 insonent.
3054 3198 3190 3264 Quid
3223 3200 3386 3269 igitur
3422 3176 3487 3254 ad
3517 3200 3633 3255 haec

357 3288 530 3348 Θεοῦ;
568 3305 587 3338 ι
620 3288 769 3340 Λέων
800 3289 1102 3360 ὲρεύξεται,
1132 3290 1228 3343 καὶ
1260 3290 1343 3354 τίς
1372 3291 1433 3343 ού
1467 3289 1835 3360 φοϐηθήσεται
1862 3307 1877 3353 ;
1920 3308 1938 3341 ι

359 3385 424 3437 Εἰ
461 3384 569 3455 γὰρ
602 3385 659 3437 ἐν
685 3384 764 3455 τῷ
799 3384 1120 3456 βρυχᾶσθαι,
1141 3386 1296 3456 φησὶ,
1316 3385 1406 3438 τὸν
1436 3384 1627 3437 λέοντα
1661 3403 1678 3433 ι
1707 3382 1781 3436 Τὸ
1806 3400 1945 3435 παν·

361 3476 690 3530 αλκέστατον
725 3475 832 3528 τῶν
864 3475 1067 3545 Θηρίων
1093 3494 1111 3527 ι
1147 3476 1265 3540 ούκΙ
1294 3475 1361 3528 ἂν
1396 3474 1606 3542 γένοιτό
1635 3490 1717 3536 τις
1745 3472 1943 3542 ἀτερά-

365 3588 482 3639 μων
512 3570 708 3633 οὖτως,
743 3570 835 3621 καὶ
867 3569 1121 3639 σοϐαρὸς,
1148 3569 1223 3631 ὡς
1260 3567 1334 3636 μὴ
1360 3566 1700 3633 εἰσδέξασθαι
1732 3568 1943 3628 πτοίαν,

362 3660 481 3724 πῶς
529 3660 595 3713 ἂν
639 3659 774 3712 Θεοῦ
815 3658 1101 3721 λαλοῦντος
1148 3658 1242 3710 τοῦ
1291 3657 1507 3709 πάντων
1537 3655 1809 3719 ἐπέκεινα,
1851 3654 1946 3707 καὶ

362 3739 727 3820 ἀπαγγέλλειν
778 3751 960 3813 αὐτοῖς
1017 3749 1446 3820 προστάττοντος
1484 3747 1520 3801 ἃ
1566 3746 1943 3816 μανθάνουσιν,

362 3844 463 3897 οὐκ
492 3844 558 3896 ἂν
580 3843 789 3896 ἔδεισαν
818 3842 909 3894 τὸν
950 3841 1388 3911 προστετακότα;
1430 3840 1506 3892 Οὐ
1537 3840 1644 3909 γάρ
1686 3840 1791 3891 εἰσι
1824 3837 1947 3890 καθ’

363 3934 508 4003 ὑμᾶς
562 3932 1003 4003 καταφρονηταὶ,
1049 3931 1142 3984 καὶ
1194 3931 1478 3997 ἄτεγκτοι,
1535 3931 1628 3981 καὶ
1674 3929 1731 3980 ἐν
1774 3928 1949 3980 οὐδενὶ

365 4024 677 4093 ποιούμενοι
720 4023 861 4092 λόγῳ
904 4020 976 4074 τὰ
1006 4021 1085 4091 τῷ
1125 4021 1343 4074 πάντων
1376 4018 1633 4071 δοκοῦντα
1679 4017 1944 4089 Δεσπότῃ.

364 4113 651 4185 Πανταχοῦ
690 4111 978 4184 τοιγαροῦν
1015 4111 1375 4181 ἀσφαλίζεται
1415 4111 1537 4172 τοὺς
1585 4108 1807 4177 ἁγίους,
1856 4110 1949 4162 καὶ

366 4206 627 4261 ἀποσοϐεῖ
677 4206 787 4259 τῶν
833 4204 1127 4277 προφητῶν
1166 4204 1266 4266 τὰς
1319 4203 1427 4255 τῶν
1480 4202 1949 4255 ἐθελοκακούντων

368 4297 590 4367 eius“.
631 4297 805 4352 Τοῦτο
829 4296 885 4350 δὲ
918 4292 985 4367 ἦν
1012 4295 1199 4365 ἕτερον
1233 4294 1384 4347 οὐδὲν
1413 4294 1445 4364 ἢ
1480 4294 1580 4363 τῆς
1599 4292 1950 4363 καθηκούσης

367 4386 647 4457 φροντίδος
682 4385 889 4450 ἀξιοῦν.
928 4385 1003 4438 Τὸ
1048 4385 1159 4455 γὰρ
1202 4386 1267 4437 ἐκ
1318 4384 1481 4454 μέσου
1514 4384 1783 4435 ποιεῖσθαι
1824 4385 1949 4448 τοὺς

2049 3281 2237 3334 Deus?
2282 3301 2299 3333 ‹
2327 3280 2437 3337 Leo
2480 3286 2676 3354 rugiet,
2708 3286 2829 3354 quis
2884 3302 2989 3340 non
3026 3289 3279 3342 timebit?
3306 3309 3325 3341 ι
3365 3290 3421 3344 Si
3462 3290 3630 3355 enim,

2047 3376 2177 3427 dum
2213 3375 2357 3444 rugit
2392 3375 2493 3437 leo,
2540 3377 2737 3443 inquit,
2778 3396 2797 3429 ι
2825 3379 3119 3433 bestiarum
3151 3380 3481 3435 fortissimus
3496 3380 3564 3445 ”,
3604 3398 3626 3434 ι

2048 3479 2208 3519 nemo
2254 3465 2324 3517 ita
2366 3466 2688 3534 prmfractus
2740 3467 2905 3523 fuerit
2958 3479 3014 3524 et
3064 3471 3322 3536 insolens,
3376 3472 3467 3541 qui
3523 3486 3630 3527 non

2048 3563 2336 3622 pavescat,
2389 3558 2695 3623 quomodo,
2752 3557 2864 3613 Deo
2918 3558 3174 3628 loquente
3234 3561 3632 3631 mandanteque

2049 3645 2201 3713 ipsis,
2236 3657 2292 3699 ut
2322 3662 2441 3714 qua:
2471 3646 2809 3719 cognoscunt
2836 3652 3182 3720 annuntieut,
3218 3653 3494 3723 iubentem
3522 3660 3627 3709 no’n

2050 3737 2365 3791 timebunt?
2398 3738 2585 3809 Neque
2618 3742 2761 3794 enim
2790 3752 2914 3795 sunt
2953 3743 3094 3797 sicut
3127 3759 3245 3809 vos,
3278 3755 3630 3814 contempto-

2048 3844 2137 3883 res
2174 3840 2229 3884 et
2277 3830 2466 3897 ferrei,
2506 3832 2707 3901 quique
2750 3836 2991 3889 omnium
3029 3836 3256 3890 Domino
3287 3836 3401 3891 visa
3445 3836 3629 3893 ﬂocci-

2047 3921 2309 3989 pendant.
2356 3921 2601 3992 Undique
2644 3925 2809 3992 igitur
2860 3928 3157 3983 communit
3186 3940 3445 3994 sanctos,
3500 3938 3556 3983 et
3595 3944 3627 3983 a

2049 4013 2327 4083 pmphetis
2361 4025 2555 4084 sponte
2598 4032 2693 4069 sua
2722 4018 3092 4085 improborum
3146 4019 3370 4089 injurias
3404 4022 3623 4075 avertit.

2049 4104 2105 4159 Id
2162 4120 2379 4175 quoque
2435 4106 2568 4160 nihil
2635 4117 2719 4161 est
2771 4109 2952 4174 aliud,
3004 4126 3165 4179 quam
3226 4112 3435 4166 decenti
3494 4126 3628 4167 cura

2050 4197 2302 4265 populum
2352 4198 2582 4268 dignari.
2634 4198 2768 4253 Nam
2807 4202 2874 4255 de
2921 4202 3096 4255 medio
3134 4202 3321 4257 tollere
3368 4204 3627 4269 medicos,

2052 4289 2181 4358 quid
2216 4289 2359 4344 aliud
2399 4291 2470 4344 sit
2505 4306 2666 4360 quam
2699 4302 2934 4360 :egrotos
2976 4295 3178 4348 auxilio
3208 4295 3476 4364 spoliare?
3516 4296 3629 4353 Hoc

2054 4384 2180 4436 item
2235 4382 2452 4438 Davidis
2506 4399 2641 4438 voce
2708 4398 3005 4453 prmmonet
3056 4404 3069 4439 :
3122 4406 3141 4438 ι
3173 4386 3350 4443 Nolite
3406 4396 3629 4457 tangere

372 4486 611 4558 ἰατροὺς,
662 4484 815 4537 οὐδὲν
862 4482 928 4536 ἂν
969 4484 1077 4552 εἴη,
1110 4482 1143 4552 ἦ
1174 4483 1634 4551 ἀνεπικουρήτους
1683 4480 1943 4532 ἐπιτελεῖν

2054 4475 2293 4529 christos
2344 4476 2581 4531 meos”.
2616 4494 2632 4526 ι
2670 4476 2733 4530 Et
2784 4478 2851 4531 ad
2905 4478 3050 4546 ipsos
3095 4481 3384 4549 prophetas
3431 4478 3627 4534 alicubi

367 4579 493 4641 τοὺς
524 4577 969 4650 ἡρρωστηκότας.
997 4575 1169 4628 Τοῦτό
1195 4592 1277 4627 τοι
1314 4574 1409 4626 καὶ
1446 4573 1532 4626 διὰ
1574 4571 1757 4641 φωνῆς
1788 4570 1952 4623 Δαὸὶδ

370 4671 753 4739 προαναφωνεῖ
771 4684 785 4698 ·
816 4687 833 4719 ι
862 4669 953 4738 Μὴ
982 4666 1218 4721 ἅπτεσθε
1248 4664 1357 4717 τῶν
1381 4664 1617 4734 χριστῶν
1652 4681 1771 4732 μου.
1798 4683 1815 4714 ι
1842 4662 1952 4714 Καὶ

370 4757 508 4827 πρὸς
538 4757 735 4820 αὐτοὺς
760 4757 817 4810 δέ
837 4756 937 4810 πού
956 4773 1089 4824 φησι
1112 4756 1237 4816 τοὺς
1266 4755 1547 4824 προφήτας
1568 4770 1581 4783 ·
1616 4773 1632 4802 ι
1661 4752 1771 4803 Καὶ
1800 4751 1951 4803 ἔσται

369 4850 399 4902 ὁ
427 4849 727 4917 ἁπτόμενος
770 4849 943 4919 ὑμῶν,
987 4849 1063 4911 ὡς
1101 4850 1128 4900 ό
1168 4846 1470 4913 ἁπτόμενος
1501 4844 1601 4913 τῆς
1640 4844 1810 4914 κόρης
1852 4841 1946 4895 τοῦ

370 4938 648 5009 ὀφθαλμοῦ
685 4958 808 5011 μου.
840 4959 858 4991 ι
897 4940 1165 5009 Ἀδικήσει
1202 4939 1311 5009 γὰρ
1348 4940 1407 4989 οὐ
1431 4937 1665 5006 μετρίως
1690 4935 1788 5005 τὴν
1814 4935 1942 4986 ἐαυ-

2056 4570 2133 4622 ait
2176 4586 2189 4622 :
2222 4588 2239 4620 ι
2272 4569 2341 4623 Ει
2385 4572 2510 4633 erit,
2566 4573 2654 4641 qui
2714 4572 2953 4641 tetigerit
2982 4572 3148 4643 280
3177 4588 3291 4636 vos,
3328 4573 3486 4643 quasi
3535 4576 3627 4642 qui

2057 4669 2302 4729 tangeret
2345 4662 2603 4730 pupillam
2638 4663 2782 4716 oculi
2832 4664 2935 4717 mei
2954 4664 3024 4717 ⁸⁸.
3059 4683 3077 4716 ι
3123 4664 3276 4719 Haud
3315 4665 3460 4719 enim
3507 4680 3628 4720 me-

2054 4752 2310 4806 diocriter
2350 4752 2496 4806 laedit
2523 4755 2756 4807 animam
2788 4770 2961 4821 suam,
3004 4757 3093 4826 qni
3122 4772 3284 4826 super
3312 4766 3627 4812 sanctorum

2052 4844 2317 4911 capitibus
2356 4843 2548 4899 stridet
2578 4845 2855 4910 dentibus,
2895 4858 2949 4901 et
2978 4862 3070 4902 eos
3115 4849 3318 4903 invadit
3356 4848 3542 4918 impie,
3574 4858 3631 4901 et

2049 4933 2322 5001 quidpiam
2366 4933 2641 5003 indignum
2680 4935 2731 4988 in
2760 4950 2854 4991 eos
2896 4939 3097 4992 audere
3134 4953 3240 4992 non
3288 4937 3625 4991 reformidat.

370 5033 465 5085 τοῦ
490 5032 711 5103 ψυχὴνὸ
738 5036 856 5096 ταῖς
882 5032 989 5085 τῶν
1011 5033 1181 5099 ἁγίων
1202 5030 1463 5099 κεφαλαῖς
1529 5026 1823 5098 ἐπιτρίζων
1888 5026 2013 5090 τοὺς
2050 5026 2289 5092 ὀδόντας,
2318 5028 2411 5080 καὶ
2450 5028 2680 5091 ἀνοσίως
2719 5029 3105 5102 ἐπιφυόμενος,
3138 5032 3230 5084 καί
3266 5049 3318 5084 τι
3343 5030 3449 5085 τῶν
3475 5028 3628 5083 ἐκτό-

370 5144 489 5184 πων
524 5126 749 5193 ἐπάγειν
770 5125 829 5177 οὑ
868 5124 1319 5194 παραιτούμενος.

454 5218 878 5286 Ἀπαγγείλατε
917 5214 1132 5283 χώραις
1170 5214 1240 5265 ἑν
1298 5210 1659 5278 Ἀσσυρίοις,
1708 5208 1804 5261 καὶ
1851 5206 1947 5259 ἐπὶ

369 5311 500 5376 ταῖς
540 5308 752 5378 χώραις
786 5308 857 5360 ἐν
898 5305 975 5375 γῇ
1020 5305 1313 5372 Αἰγύπτῳ,
1368 5302 1466 5354 καὶ
1511 5302 1750 5353 εἴπατεο
1808 5301 1953 5351 Συν-

370 5403 593 5472 άχθητε
641 5404 728 5468 εὶς
775 5399 841 5452 τὸ
885 5399 1021 5465 ὅρος
1080 5396 1426 5464 Σαμαρείας,
1480 5392 1577 5446 καὶ
1621 5391 1774 5443 ἴδετε
1816 5395 1952 5445 θαυ-

366 5493 571 5561 μαστὰ
596 5490 795 5545 πολλὰ
848 5489 917 5541 ὲν
969 5484 1136 5555 μέσῳ
1192 5482 1401 5550 αὐτῆς,
1456 5481 1553 5535 καὶ
1616 5477 1953 5532 καταδυνα-

372 5584 581 5639 arcta?
612 5566 680 5635 ἐν
705 5578 879 5643 αὐτῇ.
922 5578 1030 5631 Καὶ
1072 5578 1184 5629 οὐκ
1220 5575 1371 5643 ἔγνω
1407 5572 1445 5626 ἂ
1473 5572 1643 5625 ἔσται
1678 5568 1955 5624 ἐναντίον

2128 5199 2289 5254 Vens.
2345 5201 2497 5255 9-H.
2540 5202 2863 5257 Annuntiate
2890 5206 3183 5274 regionibus
3216 5209 3268 5261 in
3296 5211 3551 5280 Assyriis,
3580 5223 3631 5267 et

2053 5291 2108 5344 in
2140 5294 2432 5358 regionibus
2461 5294 2513 5344 in
2552 5306 2691 5346 terra
2728 5292 2971 5364 Egypli,
3004 5306 3049 5349 et
3092 5298 3251 5351 dicite
3281 5315 3299 5352 :
3327 5298 3630 5372 Congrega-

2055 5384 2187 5435 mtni
2227 5384 2281 5435 in
2330 5394 2553 5437 montem
2582 5386 2865 5453 Samariar,
2902 5398 2949 5441 et
2970 5390 3135 5442 videte
3167 5392 3434 5445 mirabilia
3464 5396 3632 5449 multa

2056 5477 2113 5529 in
2139 5476 2310 5529 medio
2338 5476 2472 5545 ejus,
2497 5488 2545 5530 et
2573 5480 2955 5547 Oppressionem
2980 5481 3034 5533 in
3062 5498 3144 5533 ea.
3168 5479 3233 5534 Et
3265 5470 3631 5554 non'cognovit

2057 5583 2172 5636 quae
2198 5580 2346 5621 erunt
2382 5572 2649 5624 contraria
2687 5572 2869 5637 ipsius,
2900 5572 3029 5625 dicit
3062 5572 3336 5639 Dominus,
3371 5577 3631 5631 thesauri-

448 5780 492 5812 ⁸⁸
520 5779 660 5836 Psal.
698 5794 846 5843 xm,
877 5777 931 5832 9.
1007 5777 1049 5808 ⁸⁸
1078 5774 1095 5828 l
1125 5773 1264 5829 Tim.
1293 5789 1355 5840 ιι,
1384 5773 1440 5829 4.
1514 5774 1558 5804 ⁸¹
1583 5771 1740 5827 Prov.
1773 5784 1902 5831 xxx,
1940 5768 1943 5815 ἰ

2107 5766 2153 5798 ⁸³
2180 5764 2321 5821 Psal.
2387 5780 2491 5830 CIV,
2536 5766 2623 5819 15.
2700 5767 2743 5798 ⁸³
2773 5767 2934 5823 chh.
2974 5786 3030 5838 ιι,
3064 5771 3115 5825 8.
