4132 6370
486 320 594 376 463

1524 313 1582 369 S.
1627 310 1896 368 CYRILLI
1934 308 2409 369 ALEXANDRINI
2448 310 2772 367 ARCIIIEP.

3665 309 3771 365 ιω

487 451 667 495 rantes
719 439 1022 510 iniquitates
1071 447 1119 492 et
1170 438 1435 492 miseriam
1488 437 1546 490 in
1597 437 1894 507 regionibus
1934 437 2065 492 suis.

2190 434 2385 506 ιύτῆς,
2431 435 2594 506 λέγει
2645 435 2880 502 Κύριος,
2927 437 2978 488 ot
3029 431 3488 502 θησαυρίζοντες
3533 431 3770 497 ἀδικίας

488 533 715 602 Propter
741 533 839 586 hoc
867 533 980 586 lucc
1020 530 1149 585 dicit
1194 529 1457 584 Dominus
1483 529 1628 584 Deus
1652 545 1671 584 :
1702 528 1896 600 Tyrus,
1942 540 1990 583 et
2019 531 2076 583 in

489 626 716 678 circuitu
771 633 914 678 terra
972 632 1065 676 tua
1108 623 1316 677 deserta
1363 623 1487 686 erit,
1545 634 1591 676 et
1639 624 1879 676 detrahet
1925 623 1989 676 de
2026 631 2074 675 te

488 719 852 788 fortitudinem
877 734 1045 785 tuam,
1073 729 1123 774 et
1148 719 1464 785 diripiantur
1492 720 1726 787 regiones
1767 730 1891 772 tute.

559 981 754 1039 XXXI.
797 982 1033 1039 Rursum
1066 984 1306 1038 minatur
1347 1000 1406 1040 se
1443 986 1719 1040 illaturum
1767 985 1922 1054 ipsis,
1959 999 2077 1055 quae

489 1090 557 1130 eo
597 1075 962 1146 improbitatis
1008 1089 1349 1146 progressos,
1387 1085 1446 1130 ut
1491 1091 1520 1130 a
1559 1075 1668 1130 Deo
1714 1076 1994 1151 resiliunt,
2023 1085 2079 1130 et

493 1168 786 1237 prOphetas
826 1166 1180 1237 objurgitent,
1207 1175 1262 1222 et
1304 1182 1400 1237 per
1442 1166 1664 1238 Moysen
1703 1169 1911 1223 sancita
1984 1169 2080 1224 de-

492 1267 711 1329 spuant,
756 1260 1109 1314 meritissimo
1159 1259 1432 1314 sustinere
1462 1274 1527 1313 ac
1575 1260 1783 1329 perpeti
1837 1276 1936 1330 par
1981 1261 2074 1315 sit.

495 1352 788 1408 Sciendum
837 1367 1001 1423 porro
1057 1351 1340 1406 Hebrmatn
1405 1352 1701 1407 editionem
1765 1352 2080 1420 discrepare

494 1447 601 1501 hoc
652 1445 772 1500 loco
812 1445 880 1500 ab
939 1445 1386 1514 interpretatione
1441 1445 1819 1513 Septuaginta.
1864 1443 2076 1499 Hebraei

492 1553 730 1610 namque
757 1538 1068 1602 ediderunt,
1101 1555 1120 1588 ι
1144 1538 1468 1592 aununtiate
1493 1538 1545 1592 in
1569 1537 1877 1607 regionibus
1896 1537 2080 1603 Azoti,

493 1641 550 1686 et
582 1632 635 1686 in
679 1629 992 1700 regionibus
1023 1639 1180 1684 terra:
1210 1627 1456 1700 Egypti.
1489 1648 1512 1680 ι
1548 1629 1899 1698 Septuaginta
1927 1646 2076 1697 vero,

500 1741 518 1774 ι
549 1722 870 1777 annuntiate
897 1721 1214 1788 regionibus
1242 1723 1294 1776 in
1323 1722 1570 1791 Assyria,
1603 1731 1658 1776 et
1685 1721 1738 1776 in
1771 1722 2080 1792 regionibus

2177 527 2278 582 καί
2339 527 2747 594 ταλαιπωρίαν
2795 525 2866 578 ἐν
2911 524 3040 591 ταῖς
3095 523 3314 594 χώραις
3377 523 3599 578 αὐτῶν.
3667 525 3772 576 Διά

2177 619 2354 674 τοῦτο
2375 619 2518 674 τάδε
2539 619 2705 688 λέγει
2734 619 2954 686 Κύριος
2987 619 3022 670 ό
3061 619 3206 684 Θεός
3225 634 3238 648 ο
3272 618 3478 684 Τύρος,
3521 617 3621 671 καί
3670 635 3772 672 uv-

2179 709 2403 764 κλόθεν
2425 710 2462 778 ἡ
2491 708 2568 778 γῆ
2592 722 2711 763 σου
2745 706 3216 777 ἐρημωθήσεται,
3268 707 3368 760 καὶ
3409 706 3656 770 κατάξει
3701 707 3770 760 ἐκ

2179 800 2296 855 σοῦ
2341 800 2457 870 τὴν
2505 801 2690 870 ἰσχύν
2721 817 2860 864 σου,
2892 801 2989 854 καὶ
3029 799 3543 870 διαρπαγήσογται
3571 802 3633 854 al
3661 798 3774 868 χῶ-

2173 892 2279 960 ραί
2309 907 2449 946 σου.

2251 985 2379 1037 AA'.
2441 983 2684 1036 Ἀπειλεῖ
2718 981 2783 1053 δὴ
2842 982 3004 1054 πάλιν
3047 983 3276 1051 ἐπάγειν
3316 983 3502 1047 αὐτοῖς
3527 983 3670 1054 ἅπερ
3706 977 3775 1053 ἦν

2180 1077 2327 1140 εἰκὸς
2374 1077 2665 1146 ὑπομεῖναι
2703 1076 2800 1129 καὶ
2842 1074 3040 1129 παθεῖν
3109 1078 3236 1139 τοὺς
3275 1077 3355 1139 εἰς
3389 1075 3550 1130 τοῦτο
3591 1075 3774 1129 λοιπὸν

2180 1168 2518 1240 ἀφιγμένους
2546 1167 2902 1239 φαυλότητος,
2945 1167 3022 1231 ὡς
3067 1167 3450 1238 ἀποθρώσκειν
3483 1164 3643 1230 Θεοῦ,
3680 1166 3776 1220 καὶ

2181 1263 2493 1332 προφήταις
2551 1262 2836 1332 ἐπιτιμᾷν,
2880 1261 2978 1315 καὶ
3013 1259 3280 1331 άλογῆσαι
3344 1258 3624 1322 παντελῶς
3668 1257 3777 1311 τῶν

2181 1355 2272 1409 διὰ
2303 1354 2548 1418 Μωσέως
2573 1351 3038 1424 τεθεσπισμένων.
3089 1352 3286 1405 Ἰστέον
3311 1352 3368 1405 δὲ
3395 1353 3478 1405 ὄτι
3501 1350 3778 1420 διαπειρῶν

2180 1461 2346 1514 νηκεν
2391 1445 2450 1496 ἐν
2492 1443 2705 1506 τούτοις
2736 1443 2835 1513 ἥτε
2866 1443 2976 1495 τῶν
3020 1442 3294 1512 Ἐϐραίων
3339 1441 3570 1506 ἕκδοσις,
3611 1442 3705 1494 καὶ
3741 1443 3774 1511 ἡ

2181 1535 2287 1586 τῶν
2329 1533 2738 1604 Ἐϐδομήκοντα
2776 1534 2988 1604 γραφή.
3038 1533 3282 1604 Ἑϐραῖοι
3331 1532 3430 1604 μὲν
3466 1533 3575 1601 γὰρ
3624 1531 3778 1584 ἐκδε-

2180 1627 2441 1692 δὼκασιν,
2500 1648 2518 1679 ι
2562 1625 2960 1694 Ἀπαγγείλατε
2999 1625 3206 1697 χώραις
3245 1627 3302 1679 ἐν
3344 1623 3643 1690 ’Δζωτίοις,
3686 1623 3779 1676 καὶ

2184 1722 2278 1773 ἐπὶ
2309 1723 2427 1783 ταῖς
2464 1719 2674 1790 χώραις
2702 1719 2804 1790 τῆς
2840 1718 3142 1788 Αἰγύπτου.
3179 1737 3199 1771 ι
3242 1719 3306 1772 Ol
3332 1717 3389 1771 δέ
3416 1733 3480 1785 γε
3518 1715 3779 1786 Ἐὅδομή-

493 1815 736 1887 Egypti.
772 1834 790 1866 ι
826 1815 892 1869 Ει
930 1814 1139 1870 Azotus
1163 1815 1390 1885 quidem
1421 1815 1620 1871 Judaaa:
1649 1816 1846 1884 vicina,
1894 1818 2077 1882 credo,

2190 1832 2372 1879 κοντα,
2414 1832 2432 1865 ι
2473 1812 2872 1883 Ἀπαγγείλατε
2908 1811 3114 1883 χώραις
3153 1812 3210 1864 ἐν
3249 1810 3529 1880 Ἀσσυρίᾳ,
3555 1809 3648 1862 καὶ
3686 1808 3780 1860 ἐπὶ

495 1917 551 1963 et
593 1905 829 1962 confinis
857 1917 962 1974 est,
1010 1907 1224 1976 magnis
1256 1917 1437 1962 autem
1471 1908 1663 1977 spatiis
1697 1909 1766 1962 ab
1796 1924 1858 1964 ea
1891 1909 2082 1963 dissita

494 2001 869 2072 Assyriorum,
925 2001 1028 2056 hoc
1081 2009 1185 2065 est,
1240 1998 1531 2056 Persarum
1592 2001 1763 2070 regio,
1817 2003 1881 2055 ad
1937 2002 2083 2072 ipsos

495 2102 665 2160 prope
720 2089 980 2144 terminos
1030 2088 1269 2144 Orientis
1308 2092 1516 2159 jacens.
1566 2087 1845 2145 Sentimus
1896 2091 2082 2160 igitur,

498 2183 636 2238 nihil
685 2182 804 2236 fore
855 2183 1040 2248 alieni,
1104 2183 1220 2236 sive
1276 2181 1454 2236 Azotii
1498 2182 1658 2248 forte,
1713 2183 1829 2238 sive
1873 2183 2084 2253 Assyrii

497 2275 790 2329 dicantur:
819 2286 1051 2344 utroque
1089 2273 1236 2327 enim
1270 2274 1428 2328 modo
1464 2289 1588 2329 vera
1630 2275 1974 2346 reperiuntur
2000 2275 2086 2329 di-

497 2369 702 2424 vinitus
733 2368 1010 2439 inspirataa
1059 2367 1359 2438 Scriptura:
1407 2372 1593 2433 verba,
1630 2373 2084 2440 quemadmodum

498 2463 664 2517 etiam
715 2469 1031 2518 contextum
1083 2462 1420 2532 propositum
1475 2462 1818 2519 declarantes
1859 2463 2086 2519 demon-

499 2556 816 2611 strabimus.
850 2555 988 2610 Nam
1021 2556 1166 2626 quod
1198 2555 1490 2621 indicatur,
1520 2556 1766 2611 hiswrize
1800 2558 2084 2627 cujusdam

499 2649 1082 2704 commonefactionem
1135 2648 1323 2713 habet,
1377 2665 1441 2703 ex
1493 2658 1688 2718 quarto
1745 2651 1972 2721 Regum,
2032 2660 2088 2705 et

504 2741 749 2796 secundo
772 2741 1250 2812 Paralipomenon,
1279 2758 1442 2812 quam
1478 2743 1922 2798 commemorabo
1962 2744 2088 2799 bre-

499 2833 744 2901 vissime,
775 2842 834 2886 ut
862 2847 930 2888 ne
962 2832 1260 2887 scientibus
1286 2833 1552 2888 verbosus
1587 2834 1792 2889 videar.
1818 2835 2088 2906 Regnavit

500 2926 776 2996 quondam
808 2923 1197 2995 Hierdsolymis
1220 2923 1518 2990 Manasses,
1541 2925 1681 2980 tilius
1704 2927 1920 2996 quidem
1951 2927 2089 2982 Eze-

501 3015 657 3078 chiae,
694 3029 879 3069 verum
922 3015 1060 3082 patri
1094 3013 1340 3068 moribus
1373 3013 1662 3070 admodum
1697 3017 2000 3083 dissimilis,
2031 3027 2089 3073 et

2180 1905 2282 1970 τὰς
2317 1903 2504 1976 χώρας
2540 1904 2638 1974 τῆς
2665 1903 2969 1972 Αἰγύπτου.
3024 1902 3136 1956 Καὶ
3168 1899 3418 1964 Ἄζωτος
3451 1900 3552 1971 μὲν
3583 1897 3779 1968 γείτων

2182 2000 2323 2070 τάχα
2351 2016 2474 2064 που,
2515 1997 2612 2051 καὶ
2649 1997 2848 2068 ὅμορός
2892 1999 3007 2049 ἐστι
3045 1997 3112 2066 τῇ
3149 1993 3259 2049 τῶν
3290 1993 3561 2049 Ἰουδαίων
3602 1991 3778 2064 χώρᾳ,

2183 2089 2466 2161 διῴκισται
2513 2090 2570 2144 δὲ
2612 2088 2735 2142 λίαν
2779 2090 2812 2160 ή
2859 2089 2968 2141 τῶν
3015 2087 3341 2158 Ἀσσυρίων,
3387 2085 3690 2149 τουτέστιν,
3743 2086 3779 2154 ἡ

2185 2182 2412 2255 Περσῶν
2442 2183 2537 2237 καὶ
2581 2182 2784 2254 Μήδων
2821 2181 2960 2253 πρὸς
2997 2181 3180 2243 αὐτοῖς
3206 2179 3369 2233 οἱονεί
3399 2195 3518 2242 πως
3545 2178 3781 2249 τέρμασι

2186 2277 2283 2346 τῆς
2314 2275 2454 2338 ἐώας
2484 2275 2735 2346 κειμένη.
2773 2275 2958 2345 Φαμὲν
2983 2271 3100 2340 οὖν,
3137 2275 3219 2327 ὅτι
3258 2273 3320 2325 τὸ
3359 2270 3564 2325 λυποῦν
3607 2269 3780 2334 οὐδὲν,

2187 2367 2292 2420 κᾶν
2340 2369 2388 2420 εἰ
2425 2366 2674 2431 Ἀζώτιοι
2715 2366 2900 2436 τυχὸν,
2951 2367 3120 2436 ἤγουν
3167 2363 3445 2436 Ἀσσύριοι
3492 2363 3781 2433 λέγωνται.

2187 2459 2327 2513 Κατ’
2355 2460 2524 2529 ἀμφω
2555 2459 2662 2530 γὰρ
2689 2458 2984 2528 ἀληθεύσει
3026 2460 3126 2528 τῆς
3167 2455 3527 2510 θεοπνεύστου
3561 2456 3602 2508 Γ
3609 2453 3786 2527 ραφῆς

2185 2550 2216 2602 ὁ
2247 2548 2427 2617 λόγος,
2458 2547 2714 2620 καθάπερ
2753 2547 2946 2619 ἀμέλει
2978 2546 3049 2600 τὰ
3085 2549 3142 2599 ἐν
3179 2545 3259 2616 τῷ
3290 2543 3645 2617 προκειμένῳ
3671 2543 3788 2596 δια-

2189 2640 2488 2711 σαφοῦντες
2519 2638 2882 2710 ἐπιδείξομεν.
2909 2639 3064 2709 Ἔχει
3088 2637 3189 2708 μὲν
3212 2638 3454 2708 ἱστορίας
3480 2636 3787 2708 ἀνάμνησιν

2187 2737 2250 2790 τὺ
2287 2735 2618 2807 δηλούμενον
2659 2735 2718 2786 ἐν
2771 2735 2837 2805 τῇ
2884 2733 3123 2804 τετάρτῃ
3173 2731 3283 2785 τῶν
3328 2729 3630 2785 Βασιλειῶν
3671 2747 3786 2783 κει-

2194 2829 2386 2900 μένην,
2454 2826 2551 2881 uel.
2597 2827 2655 2881 ἐν
2707 2828 2772 2897 τῇ
2815 2825 3047 2896 δευτέρᾳ
3089 2823 3202 2878 τῶν
3259 2822 3784 2894 Παραλειπομένων.

2190 2922 2499 2991 Ποιήσομαι
2527 2920 2585 2972 δὲ
2619 2918 2718 2991 τὴν
2741 2919 3022 2989 ἀφήγησιν
3049 2911 3108 2970 εῦ
3141 2916 3286 2988 μάλα
3315 2915 3785 2987 συνεσταλμένως,

2189 3014 2265 3077 ὼς
2311 3013 2378 3066 ἂν
2420 3013 2494 3084 μὴ
2545 3011 2762 3081 δοκοίην
2807 3012 2865 3063 ἐν
2907 3009 3074 3063 εἰδόσι
3123 3010 3518 3081 μακρηγορεῖν.
3561 3008 3789 3061 Βεδασί-

501 3124 532 3162 a
569 3109 771 3178 pietate
797 3121 925 3176 erga
970 3105 1137 3161 Deum
1199 3107 1628 3173 remotissimus,
1668 3108 1833 3162 homo
1862 3124 2086 3179 perver-

2190 3105 2351 3158 λευκε
2395 3102 2540 3157 κατά
2581 3106 2809 3176 καιροὺς
2837 3105 2896 3157 ἐν
2941 3101 3335 3173 Ἰεροσολύμοις
3369 3102 3688 3172 Μανασσῆς,
3730 3101 3790 3164 ὃς

504 3213 618 3265 sus,
635 3206 688 3252 et
715 3196 782 3253 ad
803 3195 1017 3266 quidvis
1046 3194 1316 3250 nefarium
1335 3197 1755 3266 perpetrandum
1780 3207 2084 3267 promptus,

502 3293 868 3348 exsecrandus
901 3301 958 3348 et
999 3290 1264 3348 idolorum
1298 3292 1498 3355 cultor,
1533 3295 1949 3365 daeunonumque
1982 3298 2085 3351 im-

502 3387 746 3455 posuit-is
807 3385 1038 3441 mirifice
1093 3387 1363 3442 addictus.
1435 3386 1535 3442 Hic
1597 3387 1789 3444 altaria
1859 3400 1914 3444 et
1962 3390 2088 3445 fana

503 3475 636 3531 Baal
693 3475 1003 3530 aediﬁcavit.
1056 3475 1283 3531 Omnem
1342 3476 1588 3532 militiam
1648 3479 1773 3534 coeli
1819 3481 2086 3536 adoravit.

503 3569 666 3640 281
698 3567 797 3622 Per
831 3569 1009 3637 ignem
1038 3567 1178 3624 ﬁlios
1203 3584 1334 3640 suos
1375 3569 1634 3626 traduxit.
1665 3571 1891 3641 Collegit
1921 3587 2092 3642 augu-

503 3676 616 3726 res,
643 3671 698 3715 et
724 3661 922 3730 quibus
955 3660 1195 3714 studium
1263 3661 1584 3729 mentiendi,
1632 3663 1838 3732 quique
1894 3665 2088 3733 prieci-

503 3767 668 3822 puum
694 3767 756 3806 ac
788 3751 1061 3822 singulare
1081 3752 1334 3820 quiddam
1371 3753 1515 3808 scire
1577 3753 1911 3824 ferebantur,
1966 3772 2090 3812 cum

503 3852 690 3899 essent
715 3845 1047 3914 ignorantes,
1083 3853 1138 3898 ct
1168 3845 1380 3900 ecorde
1432 3860 1530 3900 suo
1572 3849 1755 3916 potius
1797 3847 2089 3918 loqueren-

505 3945 596 3990 tur
629 3952 644 4002 ;
679 3946 735 3990 et
761 3936 952 3991 modus
981 3945 1242 3991 extremae
1268 3936 1511 3991 omnium
1558 3939 1811 4007 nequitiac
1863 3938 2094 3996 fortasse

504 4026 684 4083 nullus
714 4034 833 4082 erat
851 4027 1094 4097 omnino,
1126 4027 1349 4082 cuinon
1403 4028 1650 4099 impense
1693 4045 1913 4100 operam
1961 4036 2094 4088 dare

503 4119 686 4175 vellet.
723 4119 800 4174 Eo
830 4120 1123 4190 rege,Deus
1153 4135 1248 4190 per
1269 4122 1584 4190 prophetam
1615 4121 1683 4178 de
1709 4121 2008 4180 Jerusalem
2037 4135 2094 4182 et

505 4220 616 4267 tota
652 4212 929 4281 provincia
977 4210 1281 4266 Judaeorum
1304 4213 1475 4267 dixit:
1506 4231 1525 4264 ι
1550 4213 1690 4270 Ecce
1713 4231 1814 4286 ego
1839 4217 2090 4274 inducam

504 4319 669 4372 super
703 4305 957 4374 pupulum
988 4304 1132 4358 hunc
1169 4304 1326 4370 mala,
1355 4313 1413 4360 ut
1458 4307 1771 4377 quicunque
1838 4311 2091 4380 audierit,

508 4397 744 4450 tinniant
773 4399 946 4452 amba:
969 4412 1128 4452 aures
1149 4397 1266 4468 ejus
1292 4397 1358 4450 ⁸⁵.
1401 4416 1420 4450 ι
1471 4397 1766 4469 Postquam
1817 4400 2096 4460 Manasses

505 4489 661 4556 obiit,
688 4488 860 4543 Anton
889 4488 1034 4544 [llius
1055 4489 1172 4558 ejus
1197 4490 1248 4543 in
1283 4505 1448 4560 regno
1472 4493 1755 4558 successit,
1783 4494 1911 4549 mali
1947 4496 2094 4551 corvi
2128 4479 2170 4534 ί)

508 4585 710 4639 malum
738 4599 922 4638 ovum.
947 4583 1152 4638 Eadem
1192 4598 1311 4652 quae
1347 4583 1456 4649 ille,
1493 4583 1547 4638 in
1614 4586 1821 4642 honore
1885 4588 2092 4644 habuit.

513 4675 658 4730 Vixit
690 4690 851 4742 porro
879 4675 1157 4730 biennium
1191 4684 1426 4730 tantum.
1469 4676 1600 4733 Post
1629 4677 1772 4734 hunc
1821 4679 1876 4734 in
1909 4694 2092 4749 regem

507 4775 705 4819 unctus
723 4775 807 4820 est
829 4762 1028 4828 Josias,
1061 4763 1204 4818 Iilius
1239 4764 1378 4832 ejus,
1408 4765 1488 4818 vir
1513 4765 1750 4834 sapiens,
1809 4776 1862 4821 et
1897 4767 2093 4832 solers,

508 4856 712 4926 Deique
743 4858 1177 4912 amantissimus.
1217 4855 1291 4910 lle
1337 4871 1404 4910 eo
1459 4857 1775 4912 vaticinium
1801 4858 1970 4913 edidit
2004 4873 2096 4913 ve-

507 4950 664 5005 niens
682 4948 737 5003 in
766 4947 955 5002 Bethel
989 4949 1150 5002 homo
1213 4947 1326 5012 Dei,
1369 4946 1654 5002 Jeroboam
1709 4957 1888 5004 stante
1933 4965 2098 5020 super

508 5043 699 5108 altare,
717 5042 971 5098 etvitulis
995 5041 1338 5098 immolandis
1371 5041 1565 5097 festum
1598 5042 1740 5098 diem
1800 5045 2097 5102 dedicatio-

507 5133 596 5189 nis
623 5134 741 5204 ejus
765 5133 1091 5188 celebrante.
1119 5134 1210 5187 Ait
1236 5133 1416 5188 enim:
1475 5152 1492 5184 ι
1542 5133 1748 5196 Altare,
1804 5133 1919 5191 haec
1965 5137 2096 5192 dicit

508 5224 770 5280 Dominus
802 5243 814 5277 :
844 5225 982 5280 Ecce
1008 5223 1152 5279 [ilius
1177 5235 1431 5282 nascetur
1457 5225 1637 5279 domui
1690 5225 1882 5293 David,
1910 5225 2089 5284 Josias

508 5320 816 5381 uomine,et
847 5315 1145 5372 immolabit
1170 5331 1332 5386 super
1350 5327 1400 5372 te
1427 5319 1734 5374 sacerdotes
1753 5320 2092 5376 excelsorum

509 5408 934 5476 sacriﬁcaptium
969 5422 1131 5478 super
1149 5415 1221 5474 te,
1254 5417 1308 5463 et
1333 5423 1456 5464 ossn
1519 5408 1796 5464 hominum
1849 5426 2011 5481 super
2043 5421 2094 5467 te

509 5501 761 5556 incendet
793 5500 861 5556 ⁸⁸.
904 5519 922 5551 ι
951 5499 1088 5556 Ιηίιο
1109 5497 1373 5569 siquidem
1413 5516 1597 5570 regno,
1626 5501 1800 5558 Josias
1830 5504 2093 5560 idolorum

511 5592 734 5648 delubra
766 5593 1050 5659 destruxit,
1084 5593 1274 5649 altaria
1298 5593 1513 5659 evertit,
1533 5593 1683 5650 lucos
1711 5597 2096 5665 succidit,cur-

584 5769 719 5826 “IV
752 5771 884 5842 Reg.
918 5773 1146 5840 3X51").
1226 5773 1270 5806 ⁸³
1295 5771 1356 5826 lll
1384 5773 1516 5843 Reg.
1553 5788 1669 5839 vni,
1705 5773 1765 5829 9..

2201 3197 2441 3269 Ἐζεχίου
2484 3197 2585 3268 μὲν
2614 3193 2682 3268 ἦν
2708 3197 2842 3261 υίὸς,
2875 3197 3237 3268 ἐτερότροπος
3281 3195 3339 3248 δὲ
3389 3195 3529 3259 λίαν,
3563 3195 3658 3248 καὶ
3692 3195 3790 3264 τῆς

2187 3291 2282 3345 τοῦ
2313 3290 2520 3361 πατρὸς
2557 3289 2841 3353 εὐσεϐείας
2860 3288 2936 3351 ὼς
2961 3289 3240 3343 ἀποτάτω.
3274 3286 3472 3355 Γέγονε
3510 3285 3619 3357 γὰρ
3650 3286 3790 3357 ἀνὴρ

2189 3384 2447 3456 πονηρὸς,
2485 3383 2579 3438 καὶ
2604 3383 2742 3455 πρὸς
2781 3383 2890 3437 πᾶν
2913 3379 3096 3437 ὁτιοῦν
3122 3381 3232 3435 τῶν
3267 3380 3517 3434 ἐκτόπων
3550 3379 3788 3442 εὔκολος,

2193 3479 2473 3551 βδελυρὸς,
2506 3478 2603 3533 καὶ
2635 3477 3056 3550 εἰδωλολάτρης,
3099 3478 3194 3532 καὶ
3226 3479 3345 3540 ταῖς
3376 3477 3484 3531 τῶν
3519 3477 3791 3549 δαιμόνων

2191 3575 2433 3637 ἀπάταις
2459 3573 2522 3626 οὐ
2550 3571 2787 3644 μετρίως
2804 3573 3220 3644 προσκείμενος.
3259 3565 3431 3635 οὗτος
3469 3571 3791 3642 ἀνεδείματο

2195 3667 2436 3739 βωμοὺς,
2466 3667 2563 3720 καὶ
2585 3666 2788 3738 τεμένη
2819 3666 2898 3736 τῷ
2931 3665 3100 3720 Βάαλ.
3124 3664 3583 3737 Προσκεκύνηκεν
3605 3666 3788 3735 ἁπάσῃ

2191 3763 2259 3831 τῇ
2289 3760 2518 3831 στρατιᾷ
2543 3757 2638 3812 τοῦ
2668 3758 2922 3828 οὐρανοῦ.
2973 3759 3246 3828 Διήγαγεν
3297 3757 3354 3811 ἐν
3400 3757 3534 3828 πυρί
3571 3758 3639 3810 τὰ
3686 3756 3791 3809 ἴδια

2192 3854 2382 3917 τέκνα,
2438 3851 2882 3923 συγκεκρότηκεν
2925 3849 3342 3914 οἰωνοσκόπους,
3392 3849 3489 3904 καὶ
3535 3851 3664 3912 τοὺς
3708 3847 3792 3912 οἷς

2198 3943 2399 4015 μελέτη
2444 3942 2506 3996 τὸ
2553 3942 2892 4012 ψευδοεπεῖν,
2943 3945 3071 4006 τοὺς
3112 3941 3394 4012 οἰομένους
3431 3941 3530 4012 μέν
3577 3958 3631 3994 τι
3679 3940 3788 3993 τῶν

2195 4035 2512 4105 ἀναγκαίων
2540 4035 2758 4102 εἰδέναι,
2790 4035 2865 4107 μὴ
2895 4034 2994 4105 μέν
3017 4050 3098 4087 τοι
3125 4034 3221 4087 καὶ
3241 4033 3470 4098 εἰδότας,
3491 4032 3784 4097 λαλοῦντας

2193 4127 2254 4181 δέ
2294 4125 2496 4198 μᾶλλον
2538 4125 2608 4179 τά
2647 4125 2755 4179 ἀπὸ
2796 4124 3025 4196 καρδίας
3068 4123 3269 4177 αὐτῶν.
3318 4123 3428 4177 Καὶ
3474 4123 3675 4194 τρόπος
3717 4118 3786 4194 ἦν

2195 4222 2338 4293 τάχα
2369 4218 2650 4283 παντελῶς
2681 4217 2861 4281 οὐδεὶς
2903 4217 3003 4287 τῆς
3037 4217 3268 4270 ἁπασῶν
3307 4218 3547 4288 ἐσχάτης
3584 4217 3790 4285 φαυλό-

2194 4331 2380 4385 τητος,
2415 4315 2529 4376 τοῖς
2568 4311 2778 4365 ἐκείνου
2809 4310 3114 4381 Θελήμασιν
3141 4309 3583 4380 ἀνεπιτήδευτος.
3614 4309 3788 4363 Αὐτοῦ

2197 4408 2254 4461 δέ
2293 4405 2670 4477 βασιλεύοντος
2693 4403 2798 4474 ἔφη
2860 4421 2962 4457 που
3008 4401 3140 4467 Θεὸς
3178 4401 3267 4456 διὰ
3291 4401 3477 4472 φωνῆς
3508 4403 3790 4472 προφήτου

2202 4499 2328 4571 περί
2363 4516 2420 4551 τε
2445 4499 2544 4569 τῆς
2599 4495 2972 4568 Ἰερουσαλὴμ,
3013 4495 3109 4549 καὶ
3152 4495 3332 4566 πάσης
3378 4496 3479 4567 τῆς
3531 4493 3792 4558 Ἰουδαίας

2201 4589 2384 4662 χώρας
2409 4606 2422 4620 ·
2459 4609 2476 4641 ι
2501 4589 2633 4642 Ἰδοὺ
2668 4587 2778 4657 ἐγὼ
2801 4588 2994 4656 ἐπάγω
3021 4587 3116 4641 ἐπὶ
3143 4586 3235 4640 τὸν
3253 4585 3385 4641 λαὸν
3404 4585 3595 4641 τοῦτον
3623 4585 3790 4651 κακὰ,

2201 4681 2342 4735 ὥστε
2383 4681 2588 4745 παντὸς
2629 4679 2920 4744 ἀκούοντος
2961 4679 3122 4744 αὐτὰ,
3157 4679 3352 4749 ἡχήσει
3391 4679 3681 4749 ἀμφότερα
3721 4679 3792 4732 τὰ

2202 4766 2317 4827 ὦτα
2337 4771 2524 4828 αὑτοῦ.
2559 4791 2577 4824 ι
2630 4772 2854 4843 Ἐπειδὴ
2883 4771 2940 4824 δὲ
2977 4770 3367 4843 τετελεύτηκεν
3410 4771 3439 4822 ό
3471 4769 3791 4842 Μανασσῆς,

2200 4865 2502 4935 διαδέχεται
2527 4865 2588 4918 τὸ
2616 4865 2896 4936 σκῆπτρον
2933 4862 3118 4934 Ἀμὼν
3141 4865 3169 4916 ό
3193 4862 3307 4925 υίὸς
3345 4860 3534 4927 αὑτοῦ,
3562 4861 3662 4931 τῆς
3694 4861 3788 4914 τοῦ

2203 4955 2406 5026 πατρὸς
2432 4955 2769 5026 φαυλότητος
2790 4953 3035 5008 ἀποδέων
3055 4953 3230 5007 οὐδέν.
3255 4953 3532 5024 Τετίμηκε
3559 4952 3668 5022 γὰρ
3689 4951 3792 5004 ὅσα

2203 5048 2475 5113 κάκεῖνος.
2505 5049 2643 5116 ’Έτη
2673 5049 2730 5103 δὲ
2758 5048 2894 5119 μόνα
2917 5047 3104 5101 διεϐίω
3126 5047 3245 5100 δύο.
3277 5041 3410 5099 Εἶτα
3442 5046 3561 5116 μετ’
3583 5045 3793 5098 ἐκεῖνον

2202 5138 2487 5212 κέχρισται
2525 5141 2688 5194 πάλιν
2723 5142 2803 5204 εἰς
2841 5139 3065 5210 βασιλέα
3127 5137 3341 5201 Ἰωσίας
3379 5139 3406 5191 ό
3442 5137 3557 5201 υίὸς
3599 5134 3791 5198 αὐτοῦ,

2201 5232 2388 5302 σοφὸς,
2413 5233 2506 5285 καὶ
2531 5232 2788 5304 ἀγχίνους
2815 5231 2979 5304 ἀνὴρ,
3004 5231 3226 5286 καὶτῶν
3260 5231 3344 5285 ὅτι
3374 5229 3608 5301 μάλιστα
3644 5226 3795 5297 φιλο-

2202 5323 2512 5378 θεωτάτων.
2549 5325 2721 5377 Αὑτὸν
2750 5325 3162 5396 προεκήρυττεν
3203 5322 3506 5393 ἀφιγμένος
3546 5321 3627 5383 εἰς
3663 5319 3794 5374 Βαι-

2203 5415 2304 5483 θὴλ
2336 5416 2364 5468 ὁ
2398 5414 2688 5486 ἄνθρωπος
2734 5415 2830 5469 τοῦ
2879 5414 3038 5481 Θεοῦ,
3087 5415 3372 5488 Ἰεροδοάμ
3423 5412 3656 5476 ἑστῶτος
3698 5412 3792 5464 ἐπὶ

2200 5505 2296 5560 τοῦ
2324 5506 2735 5578 Θυσιαστηρίου,
2789 5509 2885 5562 καὶ
2933 5508 3340 5577 ἐγκαινίζοντος
3372 5503 3789 5576 ταῖςεδαμάλεσι

2202 5599 2300 5672 τὴν
2333 5601 2547 5672 ἑορτήν.
2585 5603 2731 5674 Ἔφη
2759 5603 2869 5676 γάρ
2897 5603 3058 5657 οὕτω·
3125 5622 3144 5655 ι
3171 5602 3592 5673 Θυσιαστήριον,
3640 5598 3790 5668 λέγει
