4132 6370
338 458 444 516 465

561 589 575 602 .
613 571 728 602 Ἰἓηξ

339 572 541 644 Κύριος

338 666 510 737 ὄνομα
534 664 705 735 αὐτῷ,
734 664 828 717 καὶ
854 662 1006 717 θύσει
1029 664 1121 716 ἐπὶ
1144 663 1203 717 σὲ
1222 666 1346 729 τοὺς
1367 667 1532 735 ἱερεῖς
1556 665 1664 717 τῶν
1683 664 1923 735 ὑψηλῶν,

337 756 448 810 τῶν
474 756 805 809 ἐπιθυόντων
840 756 934 808 ἐπὶ
974 755 1055 820 σέ,
1090 754 1186 808 καὶ
1228 757 1364 810 ὀστᾶ
1405 754 1709 826 ἀνθρώπων
1761 771 1930 808 κατα-

344 850 535 905 καύσει
567 850 659 902 ἐπὶ
685 848 764 903 σέ.
792 868 810 901 ι
845 848 1256 911 Βεϐασιλευκὼς
1279 847 1389 919 γάρ
1432 847 1663 913 Ἰωσίας,
1711 847 1930 901 καθεῖλε

346 942 445 1013 μὲν
498 939 569 993 τὰ
632 940 741 992 τῶν
795 940 1028 993 εἰδώλων
1081 940 1335 1011 τεμένη,
1376 939 1687 1009 κατέσκαψε
1736 939 1793 992 δέ
1863 939 1933 991 τά

348 1035 747 1103 θυσιαστήρια,
806 1032 1142 1102 κατηφάνισε
1191 1033 1259 1087 τὰ
1302 1032 1464 1103 ἄλση,
1518 1032 1825 1086 κατέκαυσε
1872 1032 1934 1085 τὸ

350 1124 503 1194 ἆρμα
529 1122 622 1176 τοῦ
655 1122 829 1192 ἡλίου,
859 1124 1168 1193 κατέσφαξε
1205 1124 1332 1188 τοὺς
1368 1125 1533 1196 ἱερεῖς
1565 1124 1673 1176 τῶν
1717 1123 1936 1193 ὑψηλῶν

351 1217 410 1271 ἐν
441 1213 665 1286 Βαιθὴλ.
700 1214 834 1268 ὀστᾶ
857 1215 1159 1287 ἀνθρώπων
1185 1216 1488 1287 ἐνέπρησεν
1510 1215 1604 1268 ἐπὶ
1632 1214 1727 1268 τοῦ
1757 1214 1938 1268 θυσια-

351 1306 570 1378 στηρίου
605 1305 712 1359 τῶν
740 1305 1045 1373 δαμάλεων,
1083 1306 1254 1377 ἦλασε
1288 1308 1414 1369 τοὺς
1438 1306 1710 1374 γνώστας,
1744 1305 1939 1374 ψευδο-

352 1403 639 1470 προφήτας
669 1398 733 1468 δὴ
756 1398 917 1467 λέγω,
950 1400 1044 1452 καὶ
1078 1399 1490 1470 ψευδομάντεις,
1520 1399 1617 1453 καὶ
1646 1400 1941 1468 ἐγγαστρι-

358 1491 581 1561 μύθους.
612 1491 895 1543 Ἑκέλευσε
930 1494 1170 1562 κρατεῖν,
1205 1493 1299 1545 καὶ
1322 1492 1526 1562 ἰσχύειν
1546 1493 1606 1544 ἐν
1633 1492 1711 1562 τῷ
1728 1489 1942 1561 Ἰσραὴλ

353 1582 419 1636 τὰ
457 1580 547 1635 διὰ
579 1582 823 1645 Μωσέως
852 1581 1273 1653 τεθεσπισμένα.
1317 1584 1433 1636 Ἐπ’
1472 1583 1639 1638 αὐτοῦ
1678 1583 1942 1637 τεθύκασι

353 1674 446 1728 τὸν
476 1673 669 1744 ἀμνὸν,
700 1674 794 1729 καὶ
819 1674 879 1727 τὸ
910 1674 1101 1745 Πάσχα
1130 1674 1477 1729 τετελέκασιν
1526 1676 1940 1748 Ἰεροσολύμοις.

367 1766 587 1837 Ἐπειδὴ
604 1767 658 1819 δὲ
688 1762 755 1838 ἦν
775 1766 1001 1834 ἀγαθὸς,
1028 1767 1123 1820 καὶ
1144 1768 1367 1838 γνήσιος
1390 1767 1527 1839 μετὰ
1546 1767 1706 1832 Θεοῦ,
1736 1768 1943 1838 πέμπει

356 1859 494 1930 πρὸς
535 1858 723 1911 Ὀλδὰν
752 1859 850 1928 τὴν
881 1860 1194 1931 προφήτην,
1237 1859 1699 1914 διαπυνθάνεσθαι
1741 1860 1941 1931 ζητῶν,

358 1953 407 2005 εἰ
436 1951 702 2023 κατέληξε
737 1950 837 2021 τῆς
879 1952 1099 2022 ὀργῆςό
1145 1951 1252 2006 τῶν
1286 1952 1423 2005 ὅλων
1458 1952 1757 2023 Δεσπότης,
1802 1955 1851 2006 εί
1882 1954 1942 2006 ἐν

359 2041 511 2111 καλῷ
536 2043 778 2095 κείσεται
808 2043 903 2111 τῆς
925 2043 1226 2114 εὐημερίας
1257 2045 1286 2096 6
1314 2044 1555 2116 Ἰσραὴλ.
1588 2045 1683 2097 καὶ
1712 2046 1943 2116 ἀργήσει

354 2134 543 2187 λοιπὸν
570 2136 639 2188 τὰ
665 2134 753 2187 διὰ
786 2137 970 2205 φωνῆς
1004 2136 1299 2205 προφητῶν
1322 2136 1410 2188 ἐπ’
1448 2136 1630 2189 αὐτῶν
1655 2152 1945 2207 προαπηγ-

356 2226 621 2297 γελμένα.
674 2227 739 2279 Ἠ
766 2227 822 2279 δέ
852 2226 990 2298 πρὸς
1023 2226 1222 2291 αὐτούς
1241 2246 1254 2259 ι
1297 2246 1315 2277 ι
1342 2228 1482 2281 Τάδε
1516 2228 1664 2297 λέγει
1690 2228 1893 2300 Κύριος
1918 2230 1947 2283 ό

356 2318 489 2382 Θεὸς
546 2317 796 2389 Ἰσραήλ·
839 2317 1042 2373 Εἴπατε
1092 2318 1170 2390 τῷ
1220 2320 1376 2391 ἀνδρὶ
1430 2319 1508 2391 τῷ
1567 2322 1947 2375 ἀποστείλαντι

358 2409 503 2482 ὑμᾶς
532 2410 667 2481 πρὸς
698 2411 766 2481 μέ
790 2426 803 2441 ·
844 2410 969 2464 τάδε
999 2410 1148 2481 λέγει
1178 2410 1405 2485 Κύριοςο
1456 2412 1587 2467 Ἰδοὺ
1623 2411 1735 2483 ἐγὼ
1758 2414 1951 2481 ἐπάγω

359 2502 506 2557 κακά
532 2501 622 2555 ἐπὶ
652 2501 743 2555 τὸν
770 2502 934 2555 τόπον
966 2501 1177 2567 τοῦτον,
1213 2503 1309 2556 καὶ
1334 2504 1428 2556 ἐπὶ
1454 2505 1581 2567 τοὺς
1604 2504 1951 2568 ἐνοικοῦντας

360 2593 508 2664 αὐτῷ
559 2593 768 2655 πάντας
810 2595 936 2657 τοὺς
968 2595 1163 2663 λόγους
1192 2594 1287 2648 τοῦ
1321 2595 1555 2666 βιϐλίου,
1602 2595 1697 2661 οὓς
1738 2596 1954 2665 ἀνέγνω

363 2686 617 2758 βασιλεὺς
666 2685 853 2739 Ἰούδα.
895 2685 1034 2739 Ἀνθ’
1068 2679 1143 2739 ὧν
1182 2686 1541 2755 ἐγκατέλιπόν
1572 2704 1663 2757 με,
1706 2688 1801 2739 καὶ
1830 2686 1955 2738 ἐθυ-

366 2779 507 2853 μίων
535 2778 679 2841 θεοῖς
724 2779 954 2848 ἑτέροις,
992 2779 1143 2843 ὅπως
1184 2779 1583 2851 παροργήσωσί
1624 2798 1691 2851 με
1743 2780 1802 2832 ἐν
1842 2782 1955 2843 τοῖς

362 2872 549 2945 εργοις
578 2871 687 2925 τῶν
713 2870 916 2943 χειρῶν
940 2871 1145 2938 αὐτῶν,
1182 2872 1279 2925 καὶ
1297 2870 1705 2941 ἐκκαυθήσεται
1732 2874 1760 2925 6
1787 2871 1959 2942 θυμός

369 2982 472 3034 μου
501 2967 561 3018 ἐν
597 2964 677 3033 τῷ
720 2964 870 3034 τόπῳ
921 2964 1115 3034 τούτῳ,
1166 2963 1263 3018 καὶ
1304 2963 1364 3017 οὐ
1414 2962 1793 3035 σϐεσθήσεται.
1850 2965 1962 3017 Καὶ

367 3058 505 3130 πρὸς
536 3056 760 3128 βασιλέα
799 3056 970 3109 ’ἰούδα
1002 3057 1094 3109 τὸν
1123 3054 1521 3110 ἀποστείλαντα
1547 3055 1691 3124 ὑμᾶς
1726 3055 1963 3124 ζητῆσαι

367 3150 459 3211 τὸν
490 3146 712 3218 Κύριον,
740 3146 866 3200 τάδε
891 3148 1067 3217 ἐρεῖτε
1097 3145 1233 3217 πρὸς
1257 3146 1423 3198 αὐτόν
1441 3161 1456 3177 ·
1501 3145 1641 3198 Τάδε
1664 3144 1817 3212 λέγει
1848 3145 1962 3197 Κύ-

1292 457 1847 515 COMMENTARIUS
1888 458 1957 513 IN
1994 459 2187 516 ΑΜοὸ
2226 461 2670 517 PROPHETAM.

3507 461 3611 518 466

630 571 744 624 Ιδοὺ
776 571 889 634 υίὸς
923 569 1167 624 τίκτεται
1203 569 1279 642 τῷ
1304 573 1439 644 οῐκῳ
1473 572 1660 637 Δαϐἰδ,
1706 571 1917 634 Ἰωσίας
1948 592 1961 633 λ

2069 590 2139 628 tm
2173 575 2305 631 solis
2326 577 2649 641 combussit,
2669 576 2979 630 sacerdotes
3014 588 3348 630 exeesorum
3415 575 3465 628 in
3508 574 3613 631 Βε-

2036 667 2141 721 thel
2184 669 2458 729 mactavit,
2485 683 2605 722 ossa
2633 668 2906 721 hominum
2933 681 3093 736 super
3122 667 3291 720 altare
3319 667 3608 723 vitulorum

2034 758 2512 825 incendit,ariolos
2561 758 2786 828 expulit,
2825 760 3320 829 pseudoprophetas
3367 761 3612 830 inquam,

2032 859 2086 904 ct
2107 850 2270 907 falsos
2299 859 2466 917 vates,
2496 862 2551 907 et
2580 852 2668 921 qui
2703 851 2755 906 in
2782 864 2971 908 ventre
3026 853 3351 916 daemonem,
3382 853 3618 909 interro-

2034 942 2285 1012 gantibus
2305 958 2569 1012 responsa
2600 943 2816 998 dantem
2843 944 3113 999 habebant
3134 945 3201 998 ⁸⁷.
3246 944 3377 1011 Quae
3406 944 3618 1016 Moyses

2036 1036 2327 1099 sanxisset,
2354 1036 2407 1089 in
2429 1035 2592 1090 Israel
2628 1036 3011 1091 auctoritatem
3044 1037 3291 1090 obtinere
3326 1046 3380 1091 et
3437 1037 3620 1090 valere

2032 1127 2214 1199 jussit.
2240 1126 2352 1183 Sub
2373 1141 2438 1183 eo
2466 1142 2662 1199 agnum
2689 1127 3058 1195 immolarunt,
3090 1138 3142 1183 et
3197 1128 3401 1183 Pascha
3431 1128 3621 1183 Hiero-

2039 1217 2263 1290 solymis
2315 1227 2564 1289 egerunt.
2619 1218 2891 1285 Quoniam
2938 1226 3119 1273 autem
3174 1220 3349 1275 bonus
3388 1228 3527 1282 erat,
3568 1226 3625 1273 et

2040 1328 2160 1367 cum
2194 1313 2305 1367 Deo
2338 1313 2551 1367 sincere
2601 1311 2828 1381 agebat,
2899 1312 2964 1365 ad
3016 1310 3201 1366 Oldam
3249 1310 3625 1381 prophetidem

2042 1414 2446 1476 percunctatum
2464 1406 2854 1474 quzesitumque
2871 1406 3034 1466 misit,
3054 1420 3180 1459 num
3197 1404 3446 1459 desiisset
3463 1402 3625 1457 irasci

2043 1497 2418 1551 universorum
2454 1497 2738 1559 Dominus;
2768 1513 2895 1550 num
2928 1499 3066 1553 bene
3115 1497 3352 1551 futurum
3410 1496 3627 1551 Israeli-

2046 1589 2136 1654 tis,
2172 1599 2227 1644 et
2256 1598 2529 1643 cessatura
2546 1598 2689 1644 esset
2719 1588 2973 1657 deinceps
3037 1588 3422 1657 prophetarum
3479 1588 3628 1641 voci-

2044 1682 2145 1737 bus
2172 1680 2279 1736 illis
2315 1682 2670 1750 przenuntiata
2695 1681 3015 1735 calamitas?
3046 1679 3177 1746 Qua:
3198 1680 3270 1734 ita
3312 1678 3627 1746 reSpondit:

2052 1788 2071 1823 ι
2104 1768 2231 1825 Haec
2261 1770 2390 1825 dicit
2418 1769 2675 1826 Dominus
2705 1769 2850 1826 Deus
2896 1768 3062 1826 Israel
3097 1786 3109 1822 :
3143 1769 3315 1825 Dicite
3369 1771 3488 1823 viro
3538 1767 3633 1838 qui

2049 1863 2197 1918 misit
2222 1877 2317 1919 vos
2340 1863 2408 1918 ad
2437 1877 2525 1918 me
2550 1881 2564 1919 :
2594 1861 2721 1919 Haec
2755 1862 2882 1919 dicit
2908 1861 3167 1918 Dominus
3195 1878 3210 1915 :
3243 1861 3382 1916 Ecce
3401 1876 3501 1930 ego
3546 1860 3632 1915 iu-

2050 1956 2240 2011 ducam
2264 1957 2405 2010 mala
2427 1972 2588 2026 super
2621 1956 2796 2010 locum
2822 1956 3007 2023 istum,
3038 1962 3092 2009 et
3144 1969 3305 2025 super
3348 1953 3627 2008 habitato-

2044 2065 2130 2105 res
2164 2048 2301 2119 ejus,
2332 2058 2631 2118 cunctaque
2653 2046 2932 2103 maledicta
2956 2090 2971 2113 ,
2997 2062 3117 2117 qua:
3165 2048 3366 2117 scripta
3408 2036 3537 2101 su'nt
3580 2043 3636 2099 in

2049 2142 2187 2196 libro
2218 2143 2340 2207 hoc,
2373 2156 2532 2210 quem
2553 2140 2793 2210 legitrex
2814 2139 2984 2206 Iuda;
3033 2141 3158 2210 quia
3218 2140 3628 2209 dereliquerunt

2050 2250 2158 2300 me,
2197 2244 2248 2289 et
2280 2234 2722 2289 sacriﬁcaverunt
2751 2233 2856 2289 diis
2876 2231 3086 2297 alienis,
3117 2241 3175 2287 ut
3210 2248 3295 2287 me
3328 2233 3393 2287 ad
3419 2233 3638 2286 iraeun--

2051 2329 2193 2383 diam
2223 2334 2581 2397 provocarent
2608 2326 2661 2380 in
2694 2326 2906 2381 cunctis
2928 2326 3185 2394 operibus
3223 2339 3482 2380 manuum
3510 2338 3639 2377 sua-

2053 2436 2193 2474 rum.
2227 2419 2293 2472 Et
2323 2416 2680 2472 succendetur
2703 2415 2853 2469 furor
2882 2413 3047 2485 282
3078 2426 3229 2469 meus
3266 2427 3430 2483 super
3456 2411 3637 2465 locum

2056 2512 2242 2573 istum,
2270 2517 2323 2562 ct
2346 2523 2449 2561 non
2481 2506 2880 2574 exstinguetur.
2912 2506 2993 2559 Ad
3025 2518 3203 2573 regem
3247 2511 3427 2559 autem
3478 2500 3638 2564 Iuda,

2056 2602 2145 2671 qui
2181 2600 2330 2654 misit
2351 2614 2445 2653 vos
2470 2598 2535 2651 ad
2581 2596 2929 2666 quaerendum
2979 2596 3291 2659 Dominum,
3340 2594 3421 2649 sic
3466 2593 3641 2663 loqui-

2060 2692 2189 2745 mini
2225 2689 2399 2749 :VHme
2448 2689 2579 2743 dicit
2630 2688 2887 2743 Dominus
2929 2688 3071 2742 Deus
3121 2685 3321 2742 Israel:
3376 2684 3642 2752 Quoniam

2061 2782 2254 2838 audisti
2286 2781 2449 2836 verba
2478 2779 2786 2843 voluminis,
2819 2788 2873 2835 et
2898 2777 3199 2834 emollitum
3228 2785 3314 2831 est
3343 2791 3440 2831 cor
3470 2784 3643 2838 tuum,

2062 2885 2117 2931 et
2144 2875 2458 2930 humiliatus
2488 2888 2547 2928 es
2588 2873 2641 2927 in
2693 2880 2986 2943 conspectu
3025 2870 3122 2926 Dei
3181 2885 3347 2941 super
3401 2868 3485 2925 his
3529 2883 3648 2937 quae

2066 2967 2210 3021 dicta
2235 2972 2362 3021 sunt
2384 2972 2573 3019 contra
2608 2963 2783 3017 locum
2815 2962 2957 3016 hunc
2975 2961 3386 3017 ethabitatores
3424 2957 3649 3013 Jerusa-

2067 3058 2193 3121 lem,
2235 3056 2351 3112 fore
2389 3056 2442 3110 in
2490 3054 2814 3110 deletionem
2854 3061 2909 3107 et
2956 3052 3323 3117 maledictum,
3346 3058 3402 3107 et
3439 3049 3648 3106 scidisti

2068 3148 2389 3203 vestimenta
2436 3152 2547 3207 tua,
2593 3151 2648 3198 et
2690 3141 2883 3199 ﬂevisti
2933 3157 3117 3197 coram
3161 3155 3270 3206 me,
3300 3155 3401 3212 ego
3435 3153 3653 3210 quoque

375 3257 491 3313 ριος
530 3242 558 3293 6
600 3240 732 3303 Θεὸς
785 3236 1041 3310 Ἰσραήλ·
1092 3240 1156 3292 Οἱ
1204 3237 1352 3307 λόγοι
1403 3254 1505 3308 μου
1554 3235 1648 3301 οὓς
1702 3237 1961 3307 ἤκουσας,

2071 3239 2317 3297 exaudivi
2354 3246 2425 3304 te,
2452 3236 2583 3292 dicit
2611 3233 2893 3291 Dominus.
2922 3234 3063 3290 Ecce
3091 3248 3192 3304 ego
3225 3242 3276 3290 te
3312 3233 3558 3303 colligam
3584 3231 3653 3286 ad

374 3333 490 3388 ἀνθ’
522 3326 597 3387 ὧν
630 3332 914 3402 άπαλύνθη
942 3334 975 3402 ἡ
1013 3330 1211 3402 καρδία
1245 3348 1361 3395 σου,
1401 3330 1496 3384 καὶ
1528 3330 1834 3401 ἐνετράπης
1858 3329 1968 3383 ἀπὸ

374 3422 671 3494 προσώπου
714 3422 945 3493 Κυρίου,
973 3422 1049 3485 ὡς
1079 3423 1319 3493 ἤκουσας
1344 3422 1445 3475 ὅσα
1481 3420 1719 3492 ἐλάλησα
1746 3420 1839 3473 ἐπὶ
1874 3420 1965 3475 τὸν

372 3517 536 3575 τόπον
562 3515 774 3578 τοῦτον,
812 3516 907 3568 καὶ
939 3514 1034 3566 ἐπὶ
1065 3515 1193 3578 τοὺς
1234 3514 1578 3577 ἐνοικοῦντας
1619 3511 1787 3582 αὐτῷ,
1826 3506 1967 3565 εἶναι

376 3610 459 3672 εἰς
491 3609 819 3678 ἀφανισμὸν,
855 3608 951 3661 καὶ
988 3609 1069 3671 είς
1102 3607 1375 3678 καθάραν,
1420 3608 1515 3660 καὶ
1562 3605 1855 3677 διέρῤηξας
1897 3606 1967 3658 τά

378 3699 573 3771 ἱμάτιά
634 3716 750 3763 σου,
821 3701 915 3753 καὶ
971 3698 1240 3763 ἔκλαυσας
1284 3697 1518 3752 ἐνώπιόν
1562 3714 1664 3767 μου
1693 3713 1706 3727 ’
1763 3696 1857 3751 καί
1902 3714 1965 3765 γε

378 3793 491 3862 ἐγὼ
530 3794 777 3864 ηκουσα,
820 3792 972 3861 λέγει
1030 3790 1273 3863 Κύριοςο
1346 3791 1457 3844 ίδοὺ
1510 3788 1842 3860 προστίθημι
1904 3805 1965 3841 σε

2078 3343 2263 3405 patres
2289 3341 2430 3396 tuos,
2455 3328 2777 3385 etiul‘ereris
2801 3328 2855 3383 in
2884 3327 3191 3397 sepulcrum
3224 3336 3372 3381 tuum
3402 3326 3456 3381 in
3497 3337 3652 3395 pace,

2074 3442 2174 3482 nec
2201 3423 2457 3479 videbunt
2481 3420 2622 3476 oculi
2655 3420 2730 3475 tui
2757 3434 2921 3474 omne
2949 3420 3147 3475 malum
3179 3419 3321 3489 quod
3346 3434 3445 3490 ego
3496 3419 3657 3472 indu-

2073 3528 2259 3573 cturus
2300 3530 2421 3571 sum
2448 3527 2611 3581 super
2644 3512 2818 3567 locum
2849 3513 3007 3567 istum
3053 3521 3107 3568 et
3134 3527 3297 3583 super
3323 3511 3658 3566 habitatores

2072 3606 2189 3676 ejus
2218 3605 2284 3659 ⁸⁸.
2324 3622 2343 3656 ι
2378 3604 2445 3658 Ει
2467 3602 2687 3672 impleta
2723 3612 2829 3656 est»
2858 3603 3168 3673 promissio.
3227 3600 3443 3656 Distulit
3509 3599 3656 3654 enim

2075 3699 2210 3752 iram
2278 3696 2657 3752 universorum
2728 3694 2989 3751 Dominus
3041 3707 3139 3764 per
3212 3702 3427 3764 tempus
3504 3690 3660 3761 regni

2071 3804 2221 3857 ejus.

381 3887 519 3961 πρὸς
550 3888 676 3950 τοὺς
702 3886 951 3957 πατέρας
977 3903 1096 3949 σου,
1127 3884 1223 3939 καὶ
1253 3884 1566 3955 συναχθήσῃ
1590 3884 1671 3947 εἰς
1726 3882 1816 3936 τὸν
1840 3882 2010 3952 τάφον
2047 3901 2142 3937 σου
2175 3886 2232 3938 ἐν
2259 3884 2470 3957 εἰρήνῃ,
2506 3884 2601 3939 καί
2674 3882 2773 3936 οὐκ
2801 3879 3098 3951 ὀφθήσεται
3134 3879 3191 3931 ἐν
3229 3880 3339 3941 τοῖς
3365 3875 3665 3946 ὀφθαλμοῖς

382 3998 503 4047 σου,
538 3981 595 4034 ἐν
636 3980 771 4033 πᾶσι
802 3981 916 4042 τοῖς
945 3979 1141 4040 κακοῖς
1166 3970 1273 4040 ὀἷς
1316 3976 1426 4045 ἐγώ
1464 3978 1579 4045 εἰμι
1615 3975 1849 4044 ἐπάγων,
1889 3975 1981 4028 ἐπὶ
2018 3976 2109 4028 τὸν
2145 3978 2309 4030 τόπον
2336 3976 2547 4040 τοῦτον,
2604 3974 2698 4029 καὶ
2725 3974 2819 4027 ἐπὶ⁵
2846 3973 2973 4035 τοὺς
3036 3969 3424 4031 κατοικοῦντας
3446 3966 3660 4020 αὐτόν.»

383 4078 495 4133 Καὶ
514 4076 869 4148 πεπλήρωται
901 4076 1000 4146 μὲν
1030 4073 1347 4144 ὑπόσχεσις.
1394 4072 1715 4125 Ἀνεϐάλετο
1766 4072 1881 4142 γάρ,
1907 4072 2005 4142 τὴν
2043 4073 2214 4145 ὀργὴν
2244 4076 2272 4127 6
2304 4074 2414 4126 τῶν
2438 4072 2575 4125 ὅλων
2616 4070 2893 4141 Δεσπότης
2917 4068 3009 4121 τὸν
3071 4066 3170 4136 τῆς
3203 4064 3477 4135 βασιλείας
3500 4060 3666 4115 αὑτοῦ

385 4174 599 4244 καιρόν.

457 4262 642 4318 Ἦσαν
675 4264 733 4318 δέ
764 4262 1065 4334 τρίακοντά
1096 4278 1156 4313 τε
1192 4259 1287 4330 ἔτη
1332 4259 1426 4312 καί
1458 4260 1538 4312 ἓν.
1587 4260 1675 4315 Ἑν
1710 4258 1767 4311 δέ
1805 4276 1867 4326 γε
1900 4258 1981 4330 τῷ

386 4356 589 4426 λοίσθῳ
616 4353 795 4427 καιρῷ
817 4345 1253 4423 κατεστράτευσε
1282 4351 1378 4420 τῆς
1409 4350 1726 4414 Βαϐυλῶνος
1750 4348 1981 4420 Φαραὼν

389 4448 591 4521 Νεχαὼ
621 4450 719 4519 τῆς
740 4446 1057 4516 Αἰγυπτίων
1083 4448 1111 4498 6
1136 4446 1460 4515 ἡγούμενος,
1491 4444 1588 4497 καὶ
1624 4442 1724 4513 τῆς
1753 4443 1983 4510 ἐνεγκα-

395 4543 565 4613 μένης
598 4541 772 4607 ἐξέθει
812 4540 1178 4609 πανστρατιᾷ.
1225 4537 1442 4606 Ἐπειδὴ
1477 4536 1532 4588 δὲ
1564 4531 1633 4606 ἦν
1680 4534 1890 4597 Ἰωσίας
1928 4534 1985 4586 ἐν

393 4635 687 4705 ὑποψίαις,
715 4633 790 4705 μὴ
825 4629 935 4703 ἄρα
971 4632 1070 4702 τὴν
1122 4630 1293 4683 ’ἰούδα
1332 4629 1697 4700 καταδῃιῦσων
1733 4627 1982 4695 ἀφίκετο,

394 4728 485 4783 τὸν
518 4726 756 4797 πολέμου
780 4726 940 4796 νόμον
960 4723 1250 4787 ὡπλίζετο,
1281 4725 1373 4775 καὶ
1401 4721 1751 4785 ὑπαντιάζειν
1768 4720 1980 4789 ἤθελεν.

408 4822 468 4873 Ὀ
516 4820 573 4873 δέ
616 4820 926 4889 ἀποχωρεῖν
972 4816 1243 4878 ἐκέλευεν,
1291 4814 1605 4882 ἐπείγεσθαι
1660 4813 1839 4882 φήσας
1888 4811 1983 4864 ἐπὶ

398 4912 489 4965 τὸν
521 4911 766 4980 ποταμὸν
794 4910 1116 4979 Εὐφράτην,
1153 4911 1247 4961 καὶ
1286 4909 1365 4970 εἰς
1400 4908 1499 4978 τὴν
1528 4906 1635 4959 τῶν
1680 4905 1980 4974 Ἀσσυρίων

399 5001 833 5073 ἀποκομίζεσθαι
878 4999 1087 5071 χώραν.
1144 4997 1365 5068 Ἐπειδὴ
1404 4997 1461 5051 δέ
1504 4995 1599 5049 καὶ
1647 4995 1788 5064 μετὰ
1830 4993 1988 5046 τοῦτο

403 5092 1069 5165 περιττῶς-συνετάττετο,
1105 5089 1399 5161 πλήττεται
1433 5088 1531 5159 μέν
1566 5085 1720 5155 ἐντῷ
1745 5085 1984 5155 πολέμῳ.

403 5184 646 5249 Τεθνεὼς
663 5184 742 5249 δὲ,
776 5184 961 5237 λοιπὸν
981 5183 1121 5237 οἴκοι
1139 5199 1199 5236 τε
1224 5182 1321 5235 καί
1354 5182 1413 5233 ἐν
1442 5182 1555 5242 τοῖς
1598 5177 1990 5250 Ἱεροσολύμοις

405 5277 511 5332 ὑπὸ
541 5276 650 5329 τῶν
676 5276 893 5331 οἰκείων
921 5275 1296 5343 ἀνεκομίζετο.
1328 5273 1441 5326 Καὶ⁴
1467 5271 1753 5343 κέχρισται
1792 5270 1890 5341 μὲν
1910 5270 1989 5333 είς

410 5369 634 5441 βασιλέα
674 5370 899 5440 Ἰωάχας
927 5372 955 5422 ὁ
989 5370 1103 5432 υίὸς
1134 5368 1323 5424 αὑτοῦ.
1364 5366 1559 5438 Τρίτον
1605 5366 1661 5418 δὲ
1705 5363 1855 5435 μόλις
1884 5364 1999 5416 δια-

407 5462 705 5517 τελέσαντα
737 5462 883 5532 μῆνα
915 5462 1216 5532 μετέστησε
1247 5459 1355 5513 τῶν
1384 5461 1678 5531 σκήπτρων
1711 5459 1740 5510 6
1767 5454 1998 5527 Φαραὼν

410 5553 741 5626 Νεχαὼ,καὶ
766 5555 1073 5625 δεσμεύσας
1090 5550 1235 5624 εἶχεν
1264 5554 1321 5605 ἐν
1349 5550 1612 5620 Αἰγύπτῳ
1639 5567 1704 5619 τη
1717 5548 1995 5619 ρούμενον.

431 5644 550 5701 Ἐπὶ
572 5647 785 5710 πολλοῖς
811 5647 867 5700 δὲ
902 5647 1152 5717 χρήμασι
1182 5644 1471 5699 κατένευσε
1507 5642 1660 5711 μόλις
1695 5639 2000 5711 βασιλεύειν

418 5740 478 5794 ἐν
512 5740 909 5811 Ἱεροσολύμοις
962 5740 1055 5793 τὸν
1123 5736 1448 5806 Ἐλιακεὶμ,
1488 5735 1655 5805 ἤγουν
1722 5734 1998 5803 Ἰωακεὶμ,

496 5917 538 5951 ⁸³
566 5916 629 5973 IV
670 5917 799 5989 Reg.
835 5934 990 5983 χχιιι,
1028 5916 1248 5988 passim.
1325 5914 1369 5947 "
1395 5912 1461 5969 IV
1492 5911 1624 5986 Reg.
1660 5927 1793 5978 χχιι,
1860 5913 1921 5966 IG
1956 5908 2044 5963 20.

2160 4260 2541 4315 Praeterierunt
2567 4269 2749 4315 autem
2783 4253 2907 4311 anni
2929 4266 3068 4307 unus
3097 4265 3259 4321 supra
3286 4250 3528 4318 triginta,
3546 4264 3668 4303 cum

2090 4352 2155 4405 ad
2174 4363 2475 4406 extremum
2502 4352 2713 4406 Pharao
2734 4343 3249 4414 Nechao,,prineeps
3300 4340 3539 4411 Egypti,
3571 4339 3671 4395 ad-

2092 4457 2282 4497 versus
2312 4441 2641 4513 Babylonem
2675 4436 3015 4509 expeditione
3061 4441 3331 4504 suscepta,
3384 4444 3494 4487 toto
3547 4447 3671 4485 cum

2094 4533 2338 4587 eXercitu
2360 4547 2391 4587 e
2422 4532 2589 4600 patria
2606 4530 2865 4585 excurrit.
2879 4527 3013 4595 Quia
3043 4538 3171 4579 vero
3189 4521 3368 4578 Josias
3393 4522 3671 4585 regionem

2090 4622 2225 4679 Juda
2252 4631 2583 4676 vastaturum
2619 4619 2912 4673 adventare
2935 4612 3332 4681 suspicabatur,
3368 4618 3425 4662 ut
3460 4608 3513 4662 in
3536 4606 3676 4661 bello

2092 4730 2241 4770 arma
2266 4714 2893 4784 sumpsit,etoceurrere
2926 4704 3204 4774 cogitavit.
3235 4701 3337 4768 Qui
3366 4716 3490 4754 eum
3524 4714 3677 4755 rece-

2090 4806 2418 4876 derejussit,
2448 4804 2726 4873 professus
2743 4815 2802 4855 se
2825 4799 2891 4853 ad
2922 4796 3250 4866 Euphratem
3284 4791 3501 4846 ﬂuvium
3522 4787 3679 4843 festi-

2090 4916 2242 4967 nare,
2269 4913 2301 4953 e
2364 4897 2415 4953 ἰι
2451 4896 2715 4966 \ssyriam
2744 4891 3096 4948 contendere.
3128 4885 3266 4954 Quia
3317 4892 3502 4938 tamen
3537 4879 3679 4935 nihi-

2091 4992 2323 5046 Iominus
2345 5004 2560 5043 manum
2593 4996 2797 5041 temere
2822 4981 3113 5045 conseruit,
3181 4979 3235 5033 in
3292 4976 3477 5047 praelio
3521 4988 3683 5029 oceu-

2095 5084 2232 5147 buit,
2261 5093 2315 5138 et
2346 5084 2563 5136 domum
2601 5075 3077 5146 Hierosolymama
3110 5070 3226 5125 suis
3243 5075 3554 5136 reportatus
3570 5072 3680 5131 est,

2094 5189 2149 5235 et
2178 5186 2374 5232 unctus
2395 5177 2446 5230 iu
2477 5189 2656 5244 regem
2685 5172 2925 5228 Joachaz
2948 5168 3089 5223 illius
3112 5166 3247 5237 ejus.
3269 5164 3371 5232 Qui
3408 5176 3530 5217 cum
3594 5158 3686 5214 vix

2098 5271 2370 5325 trimestre
2404 5274 2703 5337 regnasset,
2723 5275 2939 5334 sceptro
2963 5271 3185 5315 exutum
3210 5267 3263 5313 et
3281 5258 3520 5311 vinctum
3544 5252 3681 5309 Pha-

2104 5379 2197 5419 rao
2229 5361 2442 5417 Nechao
2474 5361 2527 5415 in
2553 5358 2785 5430 A'Igypto
2815 5357 2916 5412 sub
2944 5353 3189 5410 custodia
3230 5349 3492 5413 servavit,
3519 5356 3575 5403 et
3594 5346 3688 5401 vix

2102 5454 2292 5525 grandi
2347 5460 2567 5521 accepta
2611 5448 2834 5519 pecunia
2922 5444 3131 5508 annuit,
3182 5450 3241 5495 ut
3296 5438 3543 5503 Eliaclm,
3572 5437 3689 5493 sive

2102 5547 2330 5609 Joacim,
2379 5547 2493 5615 ipse
2552 5556 2766 5615 quoque
2817 5539 2963 5595 Josia
3014 5537 3251 5608 genitus,
3299 5529 3690 5602 Hierosolymis

2106 5647 2375 5710 regnaret.
2402 5637 2607 5693 Pressit
2658 5645 2834 5690 autem
2880 5634 3015 5686 adeo
3038 5627 3295 5685 lsraelem
3323 5624 3562 5684 Nechao.
3592 5621 3691 5676 Sa-

2108 5731 2422 5797 maritanos,
2451 5730 2691 5800 inquam,
2747 5734 2800 5781 et
2839 5720 3381 5793 llierosolymitanos,
3427 5726 3486 5772 ut
3526 5714 3705 5770 etiam.
