4132 6370
454 445 559 505 467

1412 438 1502 501 ,5.
1545 433 1824 491 CYRILLI
1864 431 2342 491 ALEXANDIHNI
2378 427 2702 486 ARCHIEP‘.

3614 425 3734 480 4⁵68.

449 562 649 618 tributa
679 557 878 630 populo
909 568 1064 613 terra:
1085 556 1247 612 totius
1277 556 1598 626 imponeret,
1632 561 1686 607 et
1748 551 2031 622 vectigalia

2160 553 2250 606 ιίδν
2281 551 2410 605 ὄντα
2449 551 2545 604 καὶ
2577 546 2744 601 αὑτὸν
2797 541 3027 596 Ἰωσίου.
3076 539 3449 604 Κατεὸιάζετο
3483 539 3539 594 δὲ
3583 538 3741 595 οὕτω.

447 659 516 711 ab
535 653 786 710 omnibus
837 651 1100 720 exigeret.
1151 649 1210 704 In
1268 649 1372 704 hoc
1413 662 1593 701 rerum
1635 643 2030 707 statn,Joacim

445 759 671 817 regnum
715 743 1153 806 administrante,
1186 736 1962 798 ascenditNabuchodonosor,
1981 742 2036 787 et

447 833 732 905 occupavit
750 832 1171 902 Hierosolymam
1203 831 1295 892 ita,
1326 839 1386 882 ut
1413 828 1635 882 Eliacim
1693 827 1745 880 in
1797 826 2032 880 servitu!

449 937 556 981 tem
583 925 871 993 redigeret,
907 931 963 978 et
1010 923 1058 977 ei
1110 936 1326 991 quoque
1370 921 1575 975 tributa
1609 918 1918 986 imperaret,
1949 925 2034 969 to-

446 1028 666 1086 tamque
687 1015 844 1086 plane
874 1015 1061 1070 urbem
1087 1014 1238 1068 ferro
1261 1013 1657 1068 devastaret”.
1692 1009 1878 1079 Neque
1909 1022 2035 1062 vero

445 1107 728 1164 sceleratis
763 1105 1074 1162 hominibus
1098 1105 1201 1159 hac
1224 1119 1478 1159 mensura
1501 1103 1897 1158 calamitatibus
1941 1100 2044 1153 ad-.

447 1197 734 1253 meticndis
764 1195 966 1266 quievit
1011 1194 1174 1258 Deus,
1211 1193 1306 1249 sed
1367 1193 1590 1261 insuper
1635 1191 1833 1261 adjecit
1891 1188 2039 1243 aliud

447 1302 633 1360 grave,
661 1298 717 1341 et
774 1285 1244 1341 onerosissimum.
1293 1283 1376 1338 Ab
1425 1285 1571 1338 omni
1621 1284 1764 1336 enim
1812 1280 2037 1334 ﬁnitima

446 1381 671 1450 regione
704 1388 755 1433 et
786 1387 951 1442 terra,
989 1393 1018 1431 a
1049 1377 1201 1447 Syris
1229 1387 1378 1444 puta,
1399 1385 1451 1428 ct
1477 1374 1675 1446 Tyriis,
1703 1383 1752 1425 et
1811 1371 2049 1433 Azutiis,

449 1471 788 1535 etldummis,
815 1479 870 1525 et
890 1468 1052 1538 283
1097 1467 1346 1523 Moabitis
1393 1466 1820 1519 latrunculorum
1871 1472 2043 1516 coetus

446 1571 547 1630 per
575 1556 693 1612 loca
721 1557 1089 1610 discurrentes
1115 1553 1352 1609 Iudaeam
1398 1553 1887 1622 depopulabantur.
1953 1550 2045 1605 Sic

437 1649 592 1705 enim
627 1647 888 1717 scriptum
941 1653 1024 1700 est
1060 1645 1112 1700 iu
1134 1654 1328 1714 quarto
1376 1644 1582 1715 Regum
1613 1662 1627 1697 :
1661 1661 1678 1694 ι
1718 1643 2046 1709 Τυιιιοωρῑι

451 1737 651 1796 tributa
677 1738 919 1808 exigere,
957 1745 1016 1791 ut
1040 1736 1232 1792 darent
1279 1745 1564 1806 argentum
1597 1736 1656 1790 in.
1691 1749 1751 1788 os
1799 1733 2046 1787 Pharao-

451 1832 558 1897 nis,
594 1839 648 1885 et
667 1828 735 1883 ab
763 1842 1086 1899 unoquoque
1102 1841 1201 1896 pro
1239 1827 1442 1881 viribus
1465 1841 1655 1880 aurum
1685 1835 1737 1881 et
1765 1833 2044 1893 argentum

2135 645 2228 697 τὸν
2273 642 2514 713 Ἰσραὴλ,
2543 641 2670 702 τούς
2708 655 2767 691 τε
2791 639 2850 690 ὲν
2873 633 3180 706 Σαμαρείᾳ,
3212 634 3374 705 φημὶ,
3401 634 3495 686 καὶ
3519 632 3645 697 τοὺς
3666 636 3738 687 ἐν

2149 733 2568 805 Ἱεροσολύμοις,
2619 732 2692 794 ὡς
2739 729 2834 783 καὶ
2873 728 3114 799 δασμοὺς
3163 725 3431 779 ἐπιθεῖναι
3475 726 3588 787 τοῖς
3624 723 3735 777 ἀνὰ

2138 830 2317 882 πᾶσαν
2342 825 2550 897 χώραν,
2581 824 2676 878 καί¹
2699 821 2828 891 τέλη
2854 819 3005 892 παρὰ
3047 819 3264 872 πάντων
3290 817 3493 886 ζητεῖν.
3544 813 3730 884 Ἐχόν-

2136 938 2244 973 των
2265 912 2366 972 ὧδε
2394 917 2502 971 τῶν
2541 916 2817 986 πράξεων,
2863 913 2960 965 καὶ
2992 911 3268 973 διέποντος
3307 908 3405 978 τὴν
3457 906 3742 977 βασιλείαν.

2150 1013 2427 1081 Ἰωα-κεὶμ,
2479 1008 2648 1076 ἀνέϐη
2691 1003 3183 1075 Ναϐοψχοδονόσορ.
3230 999 3626 1068 Κατεκρὰτησε
3674 995 3739 1048 δὲ

2138 1102 2281 1156 οὕτω
2302 1102 2413 1155 τῶν
2456 1097 2866 1172 Ἰεροσολύμων,
2909 1097 2985 1158 ὠς
3016 1095 3157 1148 έλεῖν
3191 1093 3288 1164 μὲν
3317 1093 3398 1155 είς
3421 1089 3608 1144 δοῦλον
3640 1087 3733 1141 τὸν

2152 1195 2457 1264 Ἐλιακείμ,
2513 1191 2927 1261 δασμολογῆσαι
2956 1187 3015 1241 δὲ
3047 1185 3142 1240 καὶ
3189 1185 3370 1249 αὑτὸν,
3407 1183 3504 1236 καὶ
3552 1183 3733 1234 πᾶσαν

2143 1284 2328 1349 ἁπλῶς
2353 1283 2706 1354 καταδῃῶσαι
2739 1284 2839 1352 τὴν
2870 1281 3042 1335 πόλιν.
3089 1279 3199 1332 Kal
3228 1277 3288 1330 οὑ
3333 1275 3496 1346 μέχρι
3525 1272 3734 1327 τούτων

2143 1377 2438 1447 ἐπεμέτρει
2464 1375 2597 1438 Θεὸς
2625 1377 2736 1437 τοῖς
2779 1374 2996 1426 ἀνόσιον
3027 1370 3332 1441 πεπραχόσι
3375 1369 3476 1440 τὴν
3521 1383 3734 1437 συμφο-

2149 1469 2268 1540 ρὰν,
2300 1465 2598 1538 προσετίθη
2627 1465 2686 1518 δέ
2712 1482 2767 1517 τι
2814 1464 2907 1517 καὶ
2936 1464 3124 1531 ἕτερον
3158 1459 3444 1530 δυσαχθὲς,
3482 1457 3576 1510 καὶ
3605 1473 3744 1525 φορ-μ

2142 1558 2468 1613 τικώτατον.
2510 1557 2642 1610 Ἀπὸ
2672 1555 2850 1625 πάσης
2882 1554 2988 1626 γὰρ
3022 1555 3123 1623 τῆς
3166 1549 3498 1622 περιοικίδος
3536 1548 3640 1617 γῆς
3676 1564 3737 1598 τε

2146 1651 2242 1703 καὶ
2276 1649 2480 1720 χώρας,
2527 1647 2637 1701 ἀπό
2680 1664 2740 1700 τε
2794 1646 3004 1717 Σύρων,
3061 1643 3226 1715 φημὶ,
3264 1642 3479 1712 Τυρίων
3533 1656 3595 1691 τε
3643 1638 3741 1691 καὶ

2159 1741 2451 1806 Ἀζωτίων,
2519 1738 2855 1810 Ἰδουμαίων,
2930 1736 3026 1790 καὶ
3095 1733 3423 1798 Μωαϐιτῶν,
3469 1729 3752 1802 λῃστρικὰ,

2151 1834 2579 1905 συγκροτήματα
2622 1830 2763 1884 κατὰ
2809 1830 3009 1892 τόπους
3044 1828 3301 1880 ἐκθέοντα
3331 1825 3429 1894 τὴν
3465 1822 3574 1876 τῶν
3609 1822 3738 1874 Ἰου-

449 1908 790 1994 exigebatur,
815 1936 844 1974 a
878 1934 1004 1990 rege
1035 1929 1214 1986 terrae,
1269 1930 1327 1972 ut
1369 1920 1528 1973 daret
1589 1918 1716 1973 illud
1776 1915 2042 1972 Pharaoni

2160 1924 2310 1977 Ξαίων
2357 1922 2740 1991 κατεληῖζοντο
2787 1921 2912 1990 γῆν.
2965 1920 3284 1990 Γέγραπται
3320 1915 3428 1986 γὰρ
3463 1913 3637 1974 οὕτως
3679 1913 3748 1964 ὲν

449 2015 692 2073 Nechao.
718 2014 916 2086 Viginti
949 2013 1186 2083 quinque
1211 2028 1478 2067 annorum
1520 2020 1640 2066 erat
1679 2009 1886 2065 Joacim
1919 2025 2040 2063 cum

451 2125 682 2182 regnare
723 2109 1000 2178 caepisset,
1030 2117 1084 2162 et
1108 2106 1356 2161 undecim
1381 2105 1538 2160 annis
1583 2104 1829 2174 regnavit
1873 2104 1926 2156 in
1961 2101 2045 2155 .le-

452 2203 710 2268 rusaletn,
745 2210 800 2256 et
831 2201 960 2258 fecit
988 2199 1184 2253 malum
1218 2213 1403 2253 coram
1430 2196 1674 2259 Domino,
1694 2195 1848 2262 juxta
1863 2192 2042 2248 omnia

453 2313 574 2368 quae
594 2297 836 2352 fecerant
862 2303 1044 2365 patres
1069 2290 1186 2360 ejus
1218 2291 1287 2344 9°.
1309 2287 1571 2347 Indiebus
1592 2287 1708 2354 ejus
1742 2287 1894 2341 venit
1942 2283 2046 2338 Na.-

453 2391 874 2450 hucbodonosor
896 2388 949 2443 in
970 2398 1196 2450 terram,
1226 2392 1280 2439 et
1315 2382 1494 2440 lactus
1523 2389 1608 2436 est
1646 2383 1692 2435 ei
1728 2396 1915 2435 servus
1947 2380 2044 2432 tri-

453 2487 558 2541 bus
577 2483 760 2548 annis,
779 2490 833 2537 et
862 2493 1078 2533 rursum
1101 2474 1378 2530 rebellavit
1406 2481 1593 2527 contra
1619 2485 1763 2526 eum.
1797 2470 2048 2524 Immisit-

455 2587 561 2642 que
581 2571 631 2627 ei
655 2569 918 2625 Dominus
949 2565 1282 2621 latrunculos
1307 2563 1688 2625 Cbaldaeos,et
1715 2559 2048 2614 latrunculos

455 2663 673 2736 Tyrios,
703 2671 758 2717 et
778 2658 1114 2715 latrunculos
1146 2656 1511 2722 Moabitas,.et
1533 2653 1766 2708 ﬁliorum
1816 2654 2046 2706 Ammon

455 2765 646 2814 contra
671 2753 975 2810 Samariam
1007 2751 1076 2802 ἰ.
1121 2769 1140 2801 ι
1167 2748 1292 2805 Haec
1349 2747 1513 2818 igitur
1545 2745 1726 2800 omnia
1774 2742 1961 2810 Israel,
1994 2752 2052 2794 ut

460 2851 552 2906 Dei
580 2848 766 2919 gloria:
783 2854 1123 2914 contemptor
1153 2855 1205 2897 et
1231 2841 1395 2910 impie
1413 2849 1723 2907 corruptus,
1745 2838 1869 2893 dum
1887 2853 2048 2906 opera

461 2957 714 2999 manuum
733 2954 951 2996 suarum
981 2939 1210 2991 adorare
1242 2934 1428 2996 voluit,
1460 2947 1750 3003 perpessus
1781 2940 1886 2985 est.
1911 2928 2049 2982 Nar-

461 3043 578 3088 rata
601 3047 634 3088 a
656 3032 812 3087 nobis
829 3039 1091 3100 quantum
1125 3026 1256 3082 satis
1293 3026 1394 3081 fuit
1427 3023 1677 3088 historia,
1709 3038 1806 3092 age
1851 3036 2050 3091 propo-
2077 3039 2083 3044 ·

459 3129 626 3185 situm
652 3124 972 3195 explicando
1009 3121 1264 3191 deinceps
1292 3134 1694 3190 percurramus.
1735 3138 1762 3169 ι.
1823 3115 2050 3172 Annuu-

463 3223 595 3277 tiate
623 3219 934 3291 regionibus
979 3217 1035 3273 in
1081 3217 1306 3287 Assyria
1344 3224 1400 3269 et
1452 3212 1712 3284 A'Igypto,
1756 3222 1808 3267 et
1848 3211 2048 3264 dicite:

2145 2018 2255 2077 τοῖς
2284 2011 2788 2083 Παραλειπομένοις
2815 2027 2828 2039 ·
2868 2029 2886 2060 ‹
2913 2009 3046 2061 Τότε
3076 2007 3283 2079 ἤρξατο
3325 2001 3748 2074 φορολογεῖσθαι-

2145 2106 2239 2160 τοῦ
2265 2104 2447 2158 δοῦναι
2469 2105 2530 2156 τὸ
2548 2103 2810 2174 ἀργύριον
2834 2101 2925 2155 ἐπὶ
2953 2102 3128 2170 στόμα
3143 2096 3362 2168 Φαραὼ,
3387 2097 3483 2149 καὶ
3511 2095 3753 2155 ἕκαστος-

2146 2197 2290 2252 κατὰ
2316 2197 2546 2266 δύναμιν
2569 2197 2830 2266 ἀπῃτεῖτο
2875 2192 2936 2246 τὸ
2974 2193 3258 2264 ἀργύριον,
3293 2189 3384 2242 καὶ
3421 2188 3482 2241 τὸ
3519 2185 3742 2258 χρυσίον

2148 2289 2301 2361 παρὰ
2361 2289 2453 2341 τοῦ
2490 2291 2588 2359 τῆς
2635 2287 2740 2355 γῆς
2791 2284 3080 2355 βασιλέως,
3137 2281 3320 2334 δοῦναι
3373 2277 3504 2331 αὐτὸ
3543 2273 3743 2346 Φαραὼ

2147 2379 2364 2451 Νεχαώ.
2404 2381 2592 2433 Εἴκοσι
2641 2378 2732 2431 καὶ
2777 2378 2942 2430 πέντε
2993 2375 3130 2434 ἐτῶν
3172 2371 3426 2440 Ἰωακεῖμ
3462 2365 3532 2439 ἦν
3580 2369 3636 2421 ἐν
3662 2365 3753 2436 τῷ

2151 2472 2454 2544 βασιλεύειν
2505 2470 2690 2531 αὐτὸν,
2739 2469 2834 2521 καὶ
2892 2467 3090 2520 ἕνδεκα
3145 2463 3241 2533 ἔτη
3285 2459 3633 2513 ἐϐασίλευσεν
3683 2458 3743 2509 ὲν

2161 2562 2538 2635 Ἰερουσαλὴμ.
2580 2562 2673 2614 καί¹
2701 2559 2926 2629 ἐποίησε
2960 2557 3021 2611 τὸ
3064 2555 3300 2625 πονηρὸν
3341 2550 3583 2606 ἐναντίον
3625 2550 3750 2601 Κυ-.

2153 2657 2290 2727 ρίου,
2326 2655 2472 2709 κατὰ.
2500 2653 2677 2707 πάντα
2728 2654 2830 2706 ὅσα
2875 2649 3138 2720 ἐποίησαν
3182 2648 3230 2700 οἱ
3269 2643 3508 2715 πατέρες
3551 2641 3753 2703 otii-coni,

2164 2749 2252 2800 Ἐν
2274 2748 2393 2809 ταῖς
2419 2744 2656 2814 ἡμέραις
2689 2741 2855 2795 αὐτοῦ
2885 2736 3018 2810 ἦλθε
3042 2735 3511 2806 Ναϐουχοδονόσορ
3538 2734 3616 2795 είς
3642 2732 3744 2802 τὴν

2150 2838 2276 2906 γῆν,
2311 2835 2404 2887 καὶ
2437 2829 2505 2904 ἦν
2527 2831 2794 2886 δουλεύων
2826 2829 2988 2898 αὐτῷ,
3014 2827 3108 2898 έτη
3138 2827 3287 2898 τρία.
3317 2825 3427 2876 Kal
3454 2821 3750 2875 ἀπέστειλε

2151 2927 2358 2998 Κύριος
2381 2926 2460 2988 είς
2482 2924 2678 2986 αὐτοὺς
2701 2922 2827 2983 τοὺς
2852 2918 3175 2980 Χαλδαίους,
3214 2915 3309 2968 καὶ
3342 2915 3612 2986 λῃστήρια
3641 2912 3753 2965 Τύο.

2157 3037 2286 3089 ρων,
2315 3018 2408 3075 καῗι
2430 3016 2701 3086 λῃστήρια
2732 3011 3060 3075 Μωαϐιτῶν,
3104 3010 3198 3062 καὶ
3227 3009 3360 3061 υἱῶν
3395 3007 3576 3077 Ἀμὼν
3607 3005 3746 3059 κατὰ

2151 3113 2252 3181 τῆς
2281 3107 2616 3180 Σαμαρείας.
2643 3125 2662 3157 ι
2716 3105 2888 3160 Ταυτὶ
2913 3103 2978 3174 δὴ
3005 3103 3188 3155 πάντα.
3209 3100 3411 3170 συνέᾶη
3443 3099 3636 3152 παθεῖν
3673 3098 3758 3161 σϋςρ

2157 3201 2415 3273 ὑϐρικότα
2449 3199 2541 3252 τὸν
2591 3197 2812 3268 Ἰσραὴλ
2843 3198 2922 3258 εἰς
2968 3195 3066 3263 τὴν
3109 3193 3202 3247 τοῦ
3243 3192 3380 3245 Θεοῦ
3427 3192 3609 3256 δόξαν,
3658 3195 3748 3243 καὶ

461 3312 877 3384 Congregamini
905 3312 1218 3366 inmontem
1248 3281 1618 3372 Sarnariagvet
1663 3305 1845 3359 videte
1887 3302 2052 3357 mira-

2160 3293 2386 3352 ἀνοσίως
2406 3287 2973 3362 κατεφθαρμένονὲπὶ
2997 3285 3057 3337 τὸ
3083 3283 3370 3355 βούλεσθαι
3397 3281 3748 3351 προσκυνεῖν,

462 3407 590 3463 bilia
620 3404 856 3460 multain
889 3403 1068 3458 medio
1089 3401 1301 3471 ejus,et
1347 3397 1755 3468 oppressionem
1795 3397 1848 3449 in
1898 3411 1985 3448 ea.
2026 3413 2052 3444 ι.

465 3501 699 3555 Tantum
737 3496 1080 3566 non,inquit,
1110 3509 1273 3563 quam
1295 3491 1584 3547 celerrime
1620 3491 1744 3559 quis
1771 3486 2057 3542 annuntiat

465 3594 735 3668 Egyptiis
749 3605 806 3650 et
827 3593 1088 3665 Assyriis,
1113 3603 1168 3648 et
1191 3608 1354 3647 manu
1377 3591 1552 3646 valida
1585 3591 1864 3644 incursent
1897 3602 2055 3640 mon-

467 3697 551 3745 tes
601 3688 879 3753 Samaria},
943 3686 1058 3741 sive
1125 3686 1399 3755 regionem
1453 3683 1624 3752 ipsam
1675 3697 1700 3734 :-
1750 3690 2055 3734 montosam

467 3781 667 3852 quippe
689 3781 878 3835 dicunt
901 3793 1041 3834 esse.
1067 3777 1203 3833 Cum
1232 3776 1498 3840 venerint,
1534 3773 1796 3827 videbunt
1834 3771 1885 3824 in
1939 3769 2056 3836 ipsa

469 3872 741 3928 mirabilia
765 3871 931 3926 multa
981 3880 1036 3924 et
1076 3867 1481 3938 oppressionem
1540 3863 1910 3933 improvisum.
1960 3858 2059 3923 Qui

469 3966 615 4023 enim
640 3965 772 4020 olim
800 3962 1109 4025 vincebant,
1149 3958 1490 4015 miserabiles
1543 3965 1726 4018 erunt,
1781 3951 2059 4008 servitutis

470 4059 656 4128 iugum
685 4057 945 4122 ferentes,
967 4055 1164 4121 inquit.
1194 4052 1295 4117 Qui
1327 4049 1674 4120 supercilium
1731 4047 1781 4098 in
1835 4044 2064 4098 sublime

471 4157 665 4206 contra
698 4162 888 4203 omnes
921 4155 1129 4215 gentes,
1150 4153 1209 4198 ut
1237 4142 1402 4196 verbo
1430 4140 1630 4201 dicam,
1648 4138 1948 4207 erigebant,
1966 4135 2063 4187 mi-

478 4243 721 4308 serandi,
751 4251 806 4297 et
861 4241 962 4296 sub
987 4239 1215 4309 pedibus
1247 4237 1485 4292 hostium
1513 4235 1767 4306 prostrati
1786 4231 2061 4301 iacebunt,

477 4342 536 4388 et
587 4341 794 4387 tantam
820 4331 1161 4403 tyrannidem
1181 4329 1555 4398 patientur,ut
1611 4325 1776 4377 vitam
1832 4323 2066 4377 retinere

479 4425 536 4482 in
572 4425 858 4488 servitute,
889 4434 946 4478 et
991 4423 1249 4477 tributum
1296 4418 1530 4487 pendere
1566 4415 1860 4470 victoribus
1928 4412 2068 4466 satis

481 4518 740 4575 habeant.
777 4535 796 4568 ι
837 4513 947 4570 Sed
971 4531 1075 4569 non
1108 4511 1361 4581 cognovit
1388 4509 1658 4572 Samaria,
1724 4505 1918 4575 inquit,
1946 4519 2066 4573 quae

483 4618 650 4666 erunt
674 4617 863 4663 contra
887 4607 1080 4676 ipsam,
1120 4623 1140 4656 ι
1174 4604 1276 4659 hoc
1307 4611 1553 4670 est,,qu:e
1578 4599 1676 4667 ipsi
1703 4598 1928 4650 adversa
1948 4612 2071 4649 eve-

2155 3389 2270 3449 τοῖς
2305 3385 2487 3456 ἔργοις
2520 3383 2628 3436 τῶν
2668 3379 2867 3450 χειρῶν
2921 3377 3120 3430 αὐτῶν.
3176 3375 3488 3446 Εἰρημένης
3540 3372 3605 3443 δὴ
3657 3367 3752 3425 οὖν

2157 3477 2527 3550 ἀποχρώντως
2552 3477 2682 3545 ἡμῖν
2709 3472 2810 3541 τῆς
2843 3469 3107 3539 ἱστορίας,
3146 3469 3280 3538 φέρε
3308 3467 3368 3519 τὸ
3411 3468 3572 3536 ῥητὸν
3620 3466 3748 3518 tim.—

2159 3573 2428 3643 τροχὰδην
2456 3570 2704 3630 ἐπιόντες
2730 3566 3001 3634 λέγωμεν.
3051 3583 3068 3614 ι
3104 3559 3500 3630 Ἀπαγγείλατε
3539 3555 3760 3628 χώραις-

2161 3666 2220 3718 ὲν
2261 3661 2547 3732 Ἀσσυρίᾳ,
2571 3658 2667 3712 καὶ
2699 3657 2791 3709 ἐπὶ
2817 3655 2917 3718 τὰς
2955 3653 3139 3723 χώρας
3176 3653 3276 3721 τῆς
3309 3649 3608 3718 Αἰγύπτου,
3659 3648 3753 3700 καὶ

2163 3759 2384 3811 εἴπατε-
2406 3751 2717 3822 Συνάχθητε
2765 3748 2857 3800 ἐπὶ
2883 3746 2944 3799 τὸ
2967 3746 3090 3816 ὅρος
3135 3745 3233 3814 τῆς
3272 3739 3607 3811 Σαμαρείας,
3657 3736 3763 3790 καὶ

2164 3850 2300 3902 ίδετε
2340 3842 2631 3915 Θαυμαστὰ
2661 3839 2830 3893 πολλὰ
2859 3840 2916 3891 ἐν
2945 3837 3095 3908 μέσῳ
3118 3835 3306 3904 αὐτῆς,
3338 3833 3433 3885 καὶ
3457 3829 3554 3901 τὴν
3587 3846 3758 3881 κατα-

2165 3937 2486 3992 δυναστείαν
2537 3933 2636 4004 τὴν
2680 3933 2736 3983 ὲν
2784 3931 2943 3999 αὐτῇ.
2971 3946 2988 3977 ι
3055 3922 3355 3996 Μονονουχὶ
3383 3921 3512 3992 γὰρ,
3566 3920 3752 3988 φησὶν,

2167 4025 2557 4096 ἁπαγγελλέτω
2579 4041 2660 4086 τις
2742 4021 2905 4090 τάχος
2926 4015 3242 4086 Αἰγυπτίοις
3294 4012 3388 4066 καὶ
3424 4010 3764 4078 Ἀσσυρίοις,

2169 4125 2263 4176 καὶ⁴
2295 4118 2672 4174 καταοεόντων
2715 4111 2986 4174 εὐσθενῶς
3023 4109 3091 4162 τὰ
3120 4107 3222 4179 ὅρη
3267 4104 3605 4176 Σαμαρείας,
3635 4102 3763 4173 ἢτοι

2169 4215 2266 4285 τὴν
2296 4211 2481 4283 χώραν
2510 4209 2708 4278 αὐτὴν·
2765 4186 3138 4275 ὀρεινὴνγὰρ,
3174 4195 3314 4252 εἶναί
3352 4212 3537 4267 φασιν.
3585 4197 3647 4248 Οί
3697 4192 3760 4246 δὲ

2171 4304 2391 4360 ἐπειδὰν
2430 4303 2641 4373 ἥκω-σιν
2693 4297 2913 4367 ὅψονται
2954 4295 3012 4355 ὲν
3061 4294 3199 4363 αὐτῇ
3242 4289 3532 4362 θαυμαστὰ
3564 4286 3763 4351 πολλὰ,

2173 4398 2266 4459 καὶ
2297 4395 2561 4461 ἀδόκητον
2589 4387 3074 4445 καταδυναστείαν.
3120 4385 3184 4438 Oi
3215 4382 3323 4454 γὰρ
3352 4381 3521 4434 πάλαι
3561 4379 3759 4432 νικῶνφ

2172 4513 2282 4559 τες,
2311 4492 2556 4556 ὲλεεινοὶ,
2589 4489 2682 4542 καὶ
2701 4489 2758 4540 ὲν
2781 4484 2995 4554 δουλείᾳ
3023 4482 3254 4545 ἔσονται,
3275 4479 3457 4549 φησίν.
3489 4479 3562 4530 Οἱ·
3589 4476 3653 4543 ὀφ
3665 4475 3761 4545 ρὺν

2176 4585 2528 4646 ἀνασπῶντες
2585 4581 2684 4649 τὴν
2729 4577 3000 4649 ὑπερτενῆ
3049 4573 3191 4627 κατὰ
3224 4573 3463 4632 πάντων,
3506 4570 3581 4631 ὡς
3631 4567 3763 4628 ἔπος

485 4701 660 4756 nient.
688 4662 922 4762 Deinde;
943 4697 1032 4750 ubi
1067 4716 1085 4747 ‹
1133 4695 1200 4768 de
1250 4702 1448 4749 caetero
1503 4662 1930 4745 thesaurizantes
1967 4686 2055 4738 ini-

2177 4681 2371 4741 εἰπεῖν,
2398 4676 2508 4728 τῶν
2539 4672 2728 4736 ἐθνῶν,
2767 4669 2976 4739 οἰκτροὶ
2997 4667 3293 4728 κείσονται,
3341 4663 3436 4714 καὶ
3463 4662 3765 4731 κατερριμη

486 4793 774 4864 quitatem,
807 4800 860 4844 et
885 4789 1162 4844 miseriam
1205 4788 1260 4842 in
1317 4785 1634 4854 regionibus
1696 4779 1844 4836 suis?
1875 4800 1892 4830 ›
1932 4778 2072 4844 Quid

487 4885 632 4939 enim
672 4881 894 4953 profuit,
930 4881 1124 4950 inquit,
1157 4879 1386 4934 avaritia
1414 4885 1468 4931 et
1517 4874 1794 4930 cumulare
1823 4880 2069 4941 peccata,

489 4978 617 5033 dum
648 4975 837 5030 nolunt
864 4975 1004 5027 scire
1034 4987 1154 5040 quae
1186 4971 1277 5026 Dei
1305 4968 1470 5024 sunt?
1497 4967 1634 5022 Num
1680 4980 1848 5033 usque
1873 4963 1939 5016 ad
1969 4963 2071 5014 As-

489 5071 758 5142 syriorum
783 5078 837 5120 et
866 5065 1237 5135 Egyptiorum
1262 5062 1624 5118 incursionem
1664 5059 1846 5112 clades
1874 5071 2063 5125 pecca-

489 5164 701 5220 toribus
738 5158 1054 5214 diﬂ'eretur?
1098 5157 1474 5225 Nequaquam,
1532 5154 1609 5206 ait
1648 5169 1660 5203 :
1723 5170 1742 5202 ι
1783 5151 2074 5218 Propterea

491 5256 609 5312 ha‘c
629 5253 761 5308 dicit
790 5251 1044 5307 Dominus
1071 5267 1085 5302 :
1131 5248 1328 5320 Tyrus,
1361 5257 1416 5301 et
1452 5255 1593 5300 terra
1626 5244 1680 5297 in
1732 5243 1961 5298 circuitu
1985 5248 2076 5296 tuo

493 5345 847 5408 desolabitur,
876 5353 933 5397 et
958 5340 1294 5410 confi‘ingam
1316 5354 1382 5393 ex
1416 5347 1468 5392 te
1497 5336 1660 5391 robur
1692 5344 1864 5397 tuum,
1903 5340 1959 5388 et
1988 5332 2074 5385 di-

492 5438 758 5506 ripientur
783 5436 1031 5506 regiones
1057 5443 1178 5489 tute.
1209 5451 1230 5485 ι
1262 5430 1415 5497 Quod
1457 5429 1676 5492 dicitur,
1743 5445 1770 5477 «ς
1812 5425 2010 5495 Tyrus,
2055 5441 2072 5473 ι

497 5527 665 5600 284
690 5539 744 5583 et
774 5548 792 5579 ‹
831 5528 882 5581 in
908 5528 1160 5592 circuitu,
1193 5545 1211 5578 ι
1246 5525 1325 5580 sic
1369 5522 1652 5592 intelliges.
1707 5523 1751 5574 A
1803 5520 1967 5590 Tyro,
1995 5518 2080 5570 in-

497 5622 635 5690 quit,
657 5621 1136 5690 etacircumjccta
1190 5629 1330 5674 terra
1397 5616 1730 5671 desolabitur
1773 5613 1919 5682 regio
1968 5621 2080 5672 tua,

501 5713 904 5770 incursantibus
952 5731 1072 5770 eam
1113 5712 1534 5768 latrunculorum
1611 5706 1881 5777 gregibus.
1932 5703 2084 5757 Tunc

571 5890 617 5926 ⁶⁹
645 5892 712 5947 ιν
746 5893 879 5965 Reg.
908 5909 1055 5960 χχιι,
1093 5891 1254 5960 1,10.
1337 5886 1465 5945 σοιν
1496 5887 1622 5955 [‘u-g.
1667 5899 1823 5952 χχιιι,
1861 5880 2048 5938 ’ὗΒ-ὅἹ.

2187 4771 2367 4842 μένοι,
2387 4767 2480 4821 καὶ
2508 4766 2614 4819 ὑπὸ
2656 4764 2822 4822 πόδας
2864 4759 3096 4831 ἐχθρῶν.
3141 4756 3252 4812 Καὶ
3301 4754 3570 4824 τοσαύτην
3627 4754 3765 4806 ὑπο-

2188 4860 2411 4932 μενοῦσι
2451 4853 2936 4916 καταδυναστείαν,
2980 4851 3063 4916 ὡς,
3101 4847 3385 4918 ἀγαπητὸν
3417 4845 3668 4917 ἡγεῖσθαι
3702 4845 3770 4897 τὸ

2185 4955 2477 5020 σώζεσθαι,
2509 4954 2606 5006 καὶ
2627 4952 2725 5024 ζῇν
2756 4952 2813 5004 ὲν
2845 4948 3082 5019 δουλείᾳ,
3115 4945 3209 5000 καὶ
3241 4942 3446 5013 δασμὸν
3490 4937 3780 5007 εἰσφέρειν.

2181 5051 2296 5111 τοῖς
2335 5045 2668 5118 νενικηκόσι.
2710 5063 2728 5095 ι
2766 5041 2905 5095 Ἀλλ’
2940 5041 3042 5094 οὐκ
3080 5037 3244 5106 ἔγνω,
3285 5033 3469 5106 φησιν,
3510 5033 3544 5100 ἡ
3582 5032 3770 5098 Σαμαο
3821 5091 3828 5101 θ

2187 5141 2305 5213 ρεία
2335 5139 2370 5193 ἃ
2403 5140 2555 5191 ἔσται
2595 5135 2833 5190 ἐναντίον
2860 5132 3052 5201 αὐτῆς,
3083 5149 3101 5181 ι
3153 5127 3451 5187 τουτέστιν,
3481 5123 3517 5177 δι
3555 5121 3771 5192 συμϐή-

2185 5254 2334 5290 σεται
2380 5237 2498 5289 κατ’
2542 5232 2734 5302 αὐτῆς.
2760 5227 2915 5295 Εἶτα,
2957 5225 3058 5279 ποῦ
3111 5243 3130 5276 ‹
3182 5222 3381 5278 Λοιπὸν
3417 5221 3466 5272 οἱ
3507 5214 3776 5288 θησαυρίον

2187 5333 2371 5396 ζοντες
2435 5328 2650 5382 ἀδικίαν
2710 5325 2804 5378 καὶ
2871 5317 3242 5389 ταλαιπωρίαν
3289 5317 3345 5369 ὲν
3397 5316 3517 5376 ταῖς
3563 5308 3773 5381 χώραις

2186 5422 2364 5478 αὐτῶν
2389 5437 2403 5484 ;
2427 5439 2444 5471 ι
2484 5419 2550 5471 Τί
2580 5417 2687 5487 γὰρ
2721 5415 2929 5484 ὤνησεν
2962 5415 2992 5482 ἡ
3029 5407 3332 5475 πλεονεξία,
3384 5405 3538 5475 φησι,
3585 5400 3678 5454 καὶ
3707 5399 3774 5452 τὸ

2189 5513 2450 5585 σωρεύειν
2480 5511 2676 5571 αὐτοὺς
2717 5506 3010 5577 ἁμαρτίαν,
3048 5501 3138 5555 διὰ
3163 5500 3223 5554 τὸ
3255 5498 3328 5571 μὴ
3357 5497 3532 5550 Οέλειν
3571 5491 3775 5546 εἰδέναι

2188 5609 2258 5661 τὰ
2291 5606 2383 5660 τοῦ
2415 5603 2584 5668 Θεοῦς
2611 5596 2739 5671 'Ap’
2766 5594 2858 5654 οὖν
2896 5596 3055 5668 μέχρι
3096 5594 3198 5665 τῆς
3240 5589 3541 5671 Ἀσσυρίων
3577 5603 3638 5638 τε
3678 5582 3784 5637 καὶ

2191 5698 2502 5768 Αἰγυπτίων
2535 5667 2724 5764 ἐφόδου
2759 5692 2824 5746 τὰ
2853 5667 2952 5761 τῆς
2986 5667 3268 5761 συμφορᾶς
3296 5667 3405 5747 τοῖς
3430 5676 3780 5753 ἡμαρτηκόσι

2127 5879 2169 5910 ἰ
2196 5875 2262 5931 1V
2292 5873 2428 5945 Reg.
2465 5885 2614 5938 xm,
2647 5869 2694 5937 l,
2724 5869 2778 5924 “3.
