  <div class='ocr_page' id='page_1' title='image "/cluster/home/n/w/nwhite01/storage/ocr_20150623/71/nnc1.0046980199/252.png"; bbox 0 0 4132 6370; ppageno 0'>
   <div class='ocr_carea' id='block_1_1' title="bbox 402 372 507 428">
    <p class='ocr_par' dir='ltr' id='par_1_1' title="bbox 402 372 507 428">
     <span class='ocr_line' id='line_1_1' title="bbox 402 372 507 428; baseline 0.01 -1"><span class='ocrx_word' id='word_1_1' title='bbox 402 372 507 428; x_wconf 68' lang='grc'>469</span> 
     </span>
    </p>
   </div>
   <div class='ocr_carea' id='block_1_2' title="bbox 1370 384 2746 446">
    <p class='ocr_par' dir='ltr' id='par_1_2' title="bbox 1370 384 2746 446">
     <span class='ocr_line' id='line_1_2' title="bbox 1370 384 2746 446; baseline 0.005 -8"><span class='ocrx_word' id='word_1_2' title='bbox 1370 384 1926 444; x_wconf 63' lang='lat' dir='ltr'>COMMENTARIUS</span> <span class='ocrx_word' id='word_1_3' title='bbox 1969 388 2033 443; x_wconf 79' lang='lat' dir='ltr'>IN</span> <span class='ocrx_word' id='word_1_4' title='bbox 2076 388 2263 443; x_wconf 76' lang='lat' dir='ltr'>AMOS</span> <span class='ocrx_word' id='word_1_5' title='bbox 2305 388 2746 446; x_wconf 75' lang='lat' dir='ltr'>PROPIIETAM.</span> 
     </span>
    </p>
   </div>
   <div class='ocr_carea' id='block_1_3' title="bbox 3568 394 3673 451">
    <p class='ocr_par' dir='ltr' id='par_1_3' title="bbox 3568 394 3673 451">
     <span class='ocr_line' id='line_1_3' title="bbox 3568 394 3673 451; baseline 0 -1"><span class='ocrx_word' id='word_1_6' title='bbox 3568 394 3673 451; x_wconf 65' lang='lat'>47-0</span> 
     </span>
    </p>
   </div>
   <div class='ocr_carea' id='block_1_4' title="bbox 404 498 1985 585">
    <p class='ocr_par' dir='ltr' id='par_1_4' title="bbox 404 498 1985 578">
     <span class='ocr_line' id='line_1_4' title="bbox 404 498 1985 578; baseline 0.008 -27"><span class='ocrx_word' id='word_1_7' title='bbox 404 498 675 561; x_wconf 84' lang='grc' dir='ltr'>κείσεται;</span> <span class='ocrx_word' id='word_1_8' title='bbox 699 498 983 570; x_wconf 79' lang='grc' dir='ltr'>Οὐδαμῶς,</span> <span class='ocrx_word' id='word_1_9' title='bbox 1006 502 1157 573; x_wconf 85' lang='grc' dir='ltr'>φησί.</span> <span class='ocrx_word' id='word_1_10' title='bbox 1200 521 1217 553; x_wconf 79' lang='grc' dir='ltr'>ι</span> <span class='ocrx_word' id='word_1_11' title='bbox 1242 504 1339 558; x_wconf 77' lang='grc' dir='ltr'>Διά</span> <span class='ocrx_word' id='word_1_12' title='bbox 1361 506 1520 560; x_wconf 87' lang='grc' dir='ltr'>τοῦτο</span> <span class='ocrx_word' id='word_1_13' title='bbox 1546 508 1671 562; x_wconf 87' lang='grc' dir='ltr'>τάδε</span> <span class='ocrx_word' id='word_1_14' title='bbox 1699 508 1847 578; x_wconf 80' lang='grc' dir='ltr'>λέγει</span> <span class='ocrx_word' id='word_1_15' title='bbox 1872 510 1985 563; x_wconf 83' lang='grc' dir='ltr'>Κύ-</span> 
     </span>
    </p>
   </div>
   <div class='ocr_carea' id='block_1_5' title="bbox 2090 498 3675 585">
    <p class='ocr_par' dir='ltr' id='par_1_5' title="bbox 2090 511 3675 585">
     <span class='ocr_line' id='line_1_5' title="bbox 2090 511 3675 585; baseline 0.007 -19"><span class='ocrx_word' id='word_1_16' title='bbox 2090 511 2228 566; x_wconf 89' lang='lat' dir='ltr'><strong>enim</strong></span> <span class='ocrx_word' id='word_1_17' title='bbox 2257 511 2422 567; x_wconf 87' lang='lat' dir='ltr'><strong>robur</strong></span> <span class='ocrx_word' id='word_1_18' title='bbox 2452 524 2597 566; x_wconf 89' lang='lat' dir='ltr'><strong>tuum</strong></span> <span class='ocrx_word' id='word_1_19' title='bbox 2628 512 2994 585; x_wconf 76' lang='lat' dir='ltr'><strong>confringent,</strong></span> <span class='ocrx_word' id='word_1_20' title='bbox 3040 528 3162 583; x_wconf 90' lang='lat' dir='ltr'><strong>pro,</strong></span> <span class='ocrx_word' id='word_1_21' title='bbox 3188 516 3367 573; x_wconf 88' lang='lat' dir='ltr'><strong>omnis</strong></span> <span class='ocrx_word' id='word_1_22' title='bbox 3389 517 3561 575; x_wconf 87' lang='lat' dir='ltr'><strong>virtus</strong></span> <span class='ocrx_word' id='word_1_23' title='bbox 3585 529 3675 577; x_wconf 81' lang='lat' dir='ltr'>tua</span> 
     </span>
    </p>
   </div>
   <div class='ocr_carea' id='block_1_6' title="bbox 405 589 1983 671">
    <p class='ocr_par' dir='ltr' id='par_1_6' title="bbox 405 589 1983 671">
     <span class='ocr_line' id='line_1_6' title="bbox 405 589 1983 671; baseline 0.009 -30"><span class='ocrx_word' id='word_1_24' title='bbox 405 605 519 659; x_wconf 87' lang='grc' dir='ltr'>ριος</span> <span class='ocrx_word' id='word_1_25' title='bbox 547 589 576 641; x_wconf 84' lang='grc' dir='ltr'>ὁ</span> <span class='ocrx_word' id='word_1_26' title='bbox 610 589 741 653; x_wconf 88' lang='grc' dir='ltr'>Θεός</span> <span class='ocrx_word' id='word_1_27' title='bbox 766 609 779 621; x_wconf 76' lang='grc'><strong><em>³</em></strong></span> <span class='ocrx_word' id='word_1_28' title='bbox 811 593 1005 663; x_wconf 84' lang='grc' dir='ltr'>Τύρος,</span> <span class='ocrx_word' id='word_1_29' title='bbox 1040 595 1135 647; x_wconf 65' lang='grc' dir='ltr'>καὶ</span> <span class='ocrx_word' id='word_1_30' title='bbox 1170 594 1503 670; x_wconf 84' lang='grc' dir='ltr'>κύκλωθενή</span> <span class='ocrx_word' id='word_1_31' title='bbox 1536 600 1608 670; x_wconf 81' lang='grc' dir='ltr'>γῆ</span> <span class='ocrx_word' id='word_1_32' title='bbox 1646 618 1737 652; x_wconf 87' lang='grc' dir='ltr'>σου</span> <span class='ocrx_word' id='word_1_33' title='bbox 1767 604 1983 671; x_wconf 78' lang='grc' dir='ltr'>ἐρημω-</span> 
     </span>
    </p>
   </div>
   <div class='ocr_carea' id='block_1_7' title="bbox 404 678 1981 763">
    <p class='ocr_par' dir='ltr' id='par_1_7' title="bbox 404 678 1981 763">
     <span class='ocr_line' id='line_1_7' title="bbox 404 678 1981 763; baseline 0.011 -33"><span class='ocrx_word' id='word_1_34' title='bbox 404 678 647 750; x_wconf 81' lang='grc' dir='ltr'>θήσεται,</span> <span class='ocrx_word' id='word_1_35' title='bbox 678 683 770 734; x_wconf 74' lang='grc' dir='ltr'>καὶ</span> <span class='ocrx_word' id='word_1_36' title='bbox 807 685 1025 750; x_wconf 77' lang='grc' dir='ltr'>κατάξω</span> <span class='ocrx_word' id='word_1_37' title='bbox 1067 688 1129 739; x_wconf 74' lang='grc' dir='ltr'>ἐκ</span> <span class='ocrx_word' id='word_1_38' title='bbox 1158 687 1248 740; x_wconf 88' lang='grc' dir='ltr'>σοῦ</span> <span class='ocrx_word' id='word_1_39' title='bbox 1292 689 1445 759; x_wconf 79' lang='grc' dir='ltr'>ἰσχύν</span> <span class='ocrx_word' id='word_1_40' title='bbox 1479 707 1593 753; x_wconf 91' lang='grc' dir='ltr'>σου,</span> <span class='ocrx_word' id='word_1_41' title='bbox 1626 694 1720 745; x_wconf 70' lang='grc' dir='ltr'>καὶ</span> <span class='ocrx_word' id='word_1_42' title='bbox 1752 692 1981 763; x_wconf 84' lang='grc' dir='ltr'>διαρπα-</span> 
     </span>
    </p>
   </div>
   <div class='ocr_carea' id='block_1_8' title="bbox 404 770 1985 853">
    <p class='ocr_par' dir='ltr' id='par_1_8' title="bbox 404 770 1985 853">
     <span class='ocr_line' id='line_1_8' title="bbox 404 770 1985 853; baseline 0.011 -31"><span class='ocrx_word' id='word_1_43' title='bbox 404 770 663 841; x_wconf 84' lang='grc' dir='ltr'>γήσονταί</span> <span class='ocrx_word' id='word_1_44' title='bbox 696 774 752 827; x_wconf 81' lang='grc' dir='ltr'>αἱ</span> <span class='ocrx_word' id='word_1_45' title='bbox 780 775 951 845; x_wconf 82' lang='grc' dir='ltr'><strong>χῶραι</strong></span> <span class='ocrx_word' id='word_1_46' title='bbox 986 795 1103 831; x_wconf 92' lang='grc' dir='ltr'>σου.</span> <span class='ocrx_word' id='word_1_47' title='bbox 1141 797 1158 830; x_wconf 77' lang='grc' dir='ltr'>ι</span> <span class='ocrx_word' id='word_1_48' title='bbox 1196 780 1269 831; x_wconf 85' lang='grc' dir='ltr'>Τὸ</span> <span class='ocrx_word' id='word_1_49' title='bbox 1298 781 1353 834; x_wconf 83' lang='grc' dir='ltr'>δὲ</span> <span class='ocrx_word' id='word_1_50' title='bbox 1395 801 1412 832; x_wconf 88' lang='grc'><strong>‹</strong></span> <span class='ocrx_word' id='word_1_51' title='bbox 1435 782 1631 853; x_wconf 80' lang='grc' dir='ltr'>Τύρος,</span> <span class='ocrx_word' id='word_1_52' title='bbox 1660 803 1679 835; x_wconf 74' lang='grc' dir='ltr'>ι</span> <span class='ocrx_word' id='word_1_53' title='bbox 1712 786 1806 838; x_wconf 79' lang='grc' dir='ltr'>καὶ</span> <span class='ocrx_word' id='word_1_54' title='bbox 1842 803 1859 836; x_wconf 77' lang='grc' dir='ltr'>ι</span> <span class='ocrx_word' id='word_1_55' title='bbox 1891 785 1985 838; x_wconf 88' lang='grc' dir='ltr'>κύ-</span> 
     </span>
    </p>
   </div>
   <div class='ocr_carea' id='block_1_9' title="bbox 404 859 1984 947">
    <p class='ocr_par' dir='ltr' id='par_1_9' title="bbox 404 859 1984 947">
     <span class='ocr_line' id='line_1_9' title="bbox 404 859 1984 947; baseline 0.01 -33"><span class='ocrx_word' id='word_1_56' title='bbox 404 861 630 929; x_wconf 86' lang='grc' dir='ltr'>κλωθεν,</span> <span class='ocrx_word' id='word_1_57' title='bbox 662 884 680 916; x_wconf 74' lang='grc' dir='ltr'>ι</span> <span class='ocrx_word' id='word_1_58' title='bbox 728 859 831 920; x_wconf 84' lang='grc' dir='ltr'>ῶδέ</span> <span class='ocrx_word' id='word_1_59' title='bbox 868 886 968 921; x_wconf 80' lang='grc' dir='ltr'>που</span> <span class='ocrx_word' id='word_1_60' title='bbox 1006 872 1231 942; x_wconf 80' lang='grc' dir='ltr'>νοήσῃς.</span> <span class='ocrx_word' id='word_1_61' title='bbox 1275 872 1406 925; x_wconf 91' lang='grc' dir='ltr'>Ἀπό</span> <span class='ocrx_word' id='word_1_62' title='bbox 1442 874 1539 944; x_wconf 84' lang='grc' dir='ltr'>τῆς</span> <span class='ocrx_word' id='word_1_63' title='bbox 1584 874 1783 946; x_wconf 82' lang='grc' dir='ltr'>Τύρου,</span> <span class='ocrx_word' id='word_1_64' title='bbox 1828 878 1984 947; x_wconf 67' lang='grc' dir='ltr'>φησι,</span> 
     </span>
    </p>
   </div>
   <div class='ocr_carea' id='block_1_10' title="bbox 403 954 1985 1039">
    <p class='ocr_par' dir='ltr' id='par_1_10' title="bbox 403 954 1985 1039">
     <span class='ocr_line' id='line_1_10' title="bbox 403 954 1985 1039; baseline 0.009 -34"><span class='ocrx_word' id='word_1_65' title='bbox 403 954 499 1007; x_wconf 75' lang='grc' dir='ltr'>καὶ</span> <span class='ocrx_word' id='word_1_66' title='bbox 522 955 629 1008; x_wconf 74' lang='grc' dir='ltr'>ἀπὸ</span> <span class='ocrx_word' id='word_1_67' title='bbox 657 958 755 1027; x_wconf 81' lang='grc' dir='ltr'>τῆς</span> <span class='ocrx_word' id='word_1_68' title='bbox 787 960 1083 1029; x_wconf 84' lang='grc' dir='ltr'>κύκλωθεν,</span> <span class='ocrx_word' id='word_1_69' title='bbox 1114 963 1208 1016; x_wconf 83' lang='grc' dir='ltr'>καὶ</span> <span class='ocrx_word' id='word_1_70' title='bbox 1239 965 1519 1036; x_wconf 78' lang='grc' dir='ltr'>περιοίκου</span> <span class='ocrx_word' id='word_1_71' title='bbox 1557 966 1662 1037; x_wconf 83' lang='grc' dir='ltr'>γῆς</span> <span class='ocrx_word' id='word_1_72' title='bbox 1691 967 1985 1039; x_wconf 80' lang='grc' dir='ltr'>ἐρημωοή-</span> 
     </span>
    </p>
   </div>
   <div class='ocr_carea' id='block_1_11' title="bbox 403 1047 1984 1131">
    <p class='ocr_par' dir='ltr' id='par_1_11' title="bbox 403 1047 1984 1131">
     <span class='ocr_line' id='line_1_11' title="bbox 403 1047 1984 1131; baseline 0.009 -33"><span class='ocrx_word' id='word_1_73' title='bbox 403 1047 556 1099; x_wconf 76' lang='grc' dir='ltr'>σεταί</span> <span class='ocrx_word' id='word_1_74' title='bbox 591 1052 739 1119; x_wconf 86' lang='grc' dir='ltr'>σουή</span> <span class='ocrx_word' id='word_1_75' title='bbox 778 1052 948 1122; x_wconf 82' lang='grc' dir='ltr'>χώρα,</span> <span class='ocrx_word' id='word_1_76' title='bbox 980 1056 1353 1109; x_wconf 85' lang='grc' dir='ltr'>καταθεόντων</span> <span class='ocrx_word' id='word_1_77' title='bbox 1396 1058 1565 1124; x_wconf 77' lang='grc' dir='ltr'>αὐτῆς</span> <span class='ocrx_word' id='word_1_78' title='bbox 1602 1061 1984 1131; x_wconf 82' lang='grc' dir='ltr'>συγκροτημά-</span> 
     </span>
    </p>
   </div>
   <div class='ocr_carea' id='block_1_12' title="bbox 403 1135 1977 1219">
    <p class='ocr_par' dir='ltr' id='par_1_12' title="bbox 403 1135 1977 1219">
     <span class='ocr_line' id='line_1_12' title="bbox 403 1135 1977 1219; baseline 0.01 -33"><span class='ocrx_word' id='word_1_79' title='bbox 403 1151 510 1188; x_wconf 88' lang='grc' dir='ltr'>των</span> <span class='ocrx_word' id='word_1_80' title='bbox 532 1135 863 1219; x_wconf 59' lang='grc' dir='ltr'>λῃστρικῶν.</span> <span class='ocrx_word' id='word_1_81' title='bbox 896 1144 1028 1196; x_wconf 87' lang='grc' dir='ltr'>Τότε</span> <span class='ocrx_word' id='word_1_82' title='bbox 1063 1145 1170 1216; x_wconf 84' lang='grc' dir='ltr'>γάρ</span> <span class='ocrx_word' id='word_1_83' title='bbox 1205 1163 1297 1198; x_wconf 91' lang='grc' dir='ltr'>σου</span> <span class='ocrx_word' id='word_1_84' title='bbox 1333 1148 1627 1214; x_wconf 79' lang='grc' dir='ltr'>κατάξουσι</span> <span class='ocrx_word' id='word_1_85' title='bbox 1664 1147 1765 1219; x_wconf 86' lang='grc' dir='ltr'>τὴν</span> <span class='ocrx_word' id='word_1_86' title='bbox 1803 1150 1977 1219; x_wconf 75' lang='grc' dir='ltr'>ἰσχὺν,</span> 
     </span>
    </p>
   </div>
   <div class='ocr_carea' id='block_1_13' title="bbox 2088 600 3676 680">
    <p class='ocr_par' dir='ltr' id='par_1_13' title="bbox 2088 600 3676 680">
     <span class='ocr_line' id='line_1_13' title="bbox 2088 600 3676 680; baseline 0.006 -25"><span class='ocrx_word' id='word_1_87' title='bbox 2088 600 2483 670; x_wconf 82' lang='lat' dir='ltr'><strong>conl‘ringetur,</strong></span> <span class='ocrx_word' id='word_1_88' title='bbox 2511 612 2565 657; x_wconf 88' lang='lat' dir='ltr'>et</span> <span class='ocrx_word' id='word_1_89' title='bbox 2594 602 2871 657; x_wconf 84' lang='lat' dir='ltr'><strong>confracta</strong></span> <span class='ocrx_word' id='word_1_90' title='bbox 2891 604 3045 673; x_wconf 88' lang='lat' dir='ltr'><strong>quasi</strong></span> <span class='ocrx_word' id='word_1_91' title='bbox 3071 606 3348 676; x_wconf 73' lang='lat' dir='ltr'>languebit</span> <span class='ocrx_word' id='word_1_92' title='bbox 3392 616 3448 663; x_wconf 90' lang='lat' dir='ltr'>et</span> <span class='ocrx_word' id='word_1_93' title='bbox 3494 617 3676 680; x_wconf 87' lang='lat' dir='ltr'><strong>torpe-</strong></span> 
     </span>
    </p>
   </div>
   <div class='ocr_carea' id='block_1_14' title="bbox 2089 690 3674 770">
    <p class='ocr_par' dir='ltr' id='par_1_14' title="bbox 2089 690 3674 770">
     <span class='ocr_line' id='line_1_14' title="bbox 2089 690 3674 770; baseline 0.008 -24"><span class='ocrx_word' id='word_1_94' title='bbox 2089 700 2222 746; x_wconf 89' lang='lat' dir='ltr'><strong>scet.</strong></span> <span class='ocrx_word' id='word_1_95' title='bbox 2260 690 2441 757; x_wconf 84' lang='lat' dir='ltr'><strong>Quare</strong></span> <span class='ocrx_word' id='word_1_96' title='bbox 2491 694 2537 747; x_wconf 91' lang='lat' dir='ltr'>si</span> <span class='ocrx_word' id='word_1_97' title='bbox 2582 693 2719 748; x_wconf 83' lang='lat' dir='ltr'><strong>forte</strong></span> <span class='ocrx_word' id='word_1_98' title='bbox 2774 696 2825 748; x_wconf 89' lang='lat' dir='ltr'>in</span> <span class='ocrx_word' id='word_1_99' title='bbox 2880 694 3227 752; x_wconf 84' lang='lat' dir='ltr'><strong>Hebraeorum</strong></span> <span class='ocrx_word' id='word_1_100' title='bbox 3280 698 3518 755; x_wconf 91' lang='lat' dir='ltr'><strong>editione</strong></span> <span class='ocrx_word' id='word_1_101' title='bbox 3566 712 3674 770; x_wconf 87' lang='lat' dir='ltr'><strong>est,</strong></span> 
     </span>
    </p>
   </div>
   <div class='ocr_carea' id='block_1_15' title="bbox 2094 784 3673 861">
    <p class='ocr_par' dir='ltr' id='par_1_15' title="bbox 2094 784 3673 861">
     <span class='ocr_line' id='line_1_15' title="bbox 2094 784 3673 861; baseline 0.009 -27"><span class='ocrx_word' id='word_1_102' title='bbox 2094 801 2114 833; x_wconf 75' lang='grc' dir='ltr'>ι</span> <span class='ocrx_word' id='word_1_103' title='bbox 2142 784 2453 838; x_wconf 92' lang='lat' dir='ltr'><strong>annuntiate</strong></span> <span class='ocrx_word' id='word_1_104' title='bbox 2476 785 2784 854; x_wconf 76' lang='lat' dir='ltr'><strong>regionibus</strong></span> <span class='ocrx_word' id='word_1_105' title='bbox 2814 786 2865 840; x_wconf 92' lang='lat' dir='ltr'>in</span> <span class='ocrx_word' id='word_1_106' title='bbox 2908 788 3131 855; x_wconf 78' lang='lat' dir='ltr'><strong>Azotiis,</strong></span> <span class='ocrx_word' id='word_1_107' title='bbox 3176 808 3194 841; x_wconf 74' lang='grc' dir='ltr'>ι</span> <span class='ocrx_word' id='word_1_108' title='bbox 3223 798 3279 844; x_wconf 90' lang='lat' dir='ltr'>et</span> <span class='ocrx_word' id='word_1_109' title='bbox 3339 792 3393 846; x_wconf 91' lang='lat' dir='ltr'>in</span> <span class='ocrx_word' id='word_1_110' title='bbox 3437 791 3673 861; x_wconf 87' lang='lat' dir='ltr'><strong>Septua-</strong></span> 
     </span>
    </p>
   </div>
   <div class='ocr_carea' id='block_1_16' title="bbox 2092 875 3672 946">
    <p class='ocr_par' dir='ltr' id='par_1_16' title="bbox 2092 875 3672 946">
     <span class='ocr_line' id='line_1_16' title="bbox 2092 875 3672 946; baseline 0.008 -19"><span class='ocrx_word' id='word_1_111' title='bbox 2092 876 2256 944; x_wconf 79' lang='lat' dir='ltr'><strong>ginta,</strong></span> <span class='ocrx_word' id='word_1_112' title='bbox 2280 894 2300 926; x_wconf 77' lang='lat' dir='ltr'>r</span> <span class='ocrx_word' id='word_1_113' title='bbox 2334 875 2388 929; x_wconf 90' lang='lat' dir='ltr'>in</span> <span class='ocrx_word' id='word_1_114' title='bbox 2415 876 2659 946; x_wconf 82' lang='lat' dir='ltr'><strong>Assyria,</strong></span> <span class='ocrx_word' id='word_1_115' title='bbox 2697 896 2715 927; x_wconf 73' lang='grc' dir='ltr'>ι</span> <span class='ocrx_word' id='word_1_116' title='bbox 2751 879 2926 932; x_wconf 69' lang='lat' dir='ltr'><strong>amba:</strong></span> <span class='ocrx_word' id='word_1_117' title='bbox 2973 894 3156 933; x_wconf 83' lang='lat' dir='ltr'><strong>verum</strong></span> <span class='ocrx_word' id='word_1_118' title='bbox 3202 882 3407 937; x_wconf 90' lang='lat' dir='ltr'><strong>dicunt.</strong></span> <span class='ocrx_word' id='word_1_119' title='bbox 3430 881 3545 938; x_wconf 89' lang='lat' dir='ltr'><strong>Non</strong></span> <span class='ocrx_word' id='word_1_120' title='bbox 3579 898 3672 939; x_wconf 85' lang='lat' dir='ltr'><strong>so-</strong></span> 
     </span>
    </p>
   </div>
   <div class='ocr_carea' id='block_1_17' title="bbox 2095 967 3673 1042">
    <p class='ocr_par' dir='ltr' id='par_1_17' title="bbox 2095 967 3673 1042">
     <span class='ocr_line' id='line_1_17' title="bbox 2095 967 3673 1042; baseline 0.006 -22"><span class='ocrx_word' id='word_1_121' title='bbox 2095 968 2202 1022; x_wconf 89' lang='lat' dir='ltr'>lum</span> <span class='ocrx_word' id='word_1_122' title='bbox 2235 967 2433 1037; x_wconf 79' lang='lat' dir='ltr'><strong>quippe</strong></span> <span class='ocrx_word' id='word_1_123' title='bbox 2480 969 2708 1039; x_wconf 82' lang='lat' dir='ltr'><strong>Assyrii,</strong></span> <span class='ocrx_word' id='word_1_124' title='bbox 2759 969 2852 1023; x_wconf 91' lang='lat' dir='ltr'>sed</span> <span class='ocrx_word' id='word_1_125' title='bbox 2911 971 3073 1024; x_wconf 87' lang='lat' dir='ltr'><strong>etiam</strong></span> <span class='ocrx_word' id='word_1_126' title='bbox 3098 971 3219 1042; x_wconf 86' lang='lat' dir='ltr'><strong>Syri</strong></span> <span class='ocrx_word' id='word_1_127' title='bbox 3247 974 3497 1029; x_wconf 83' lang='lat' dir='ltr'><strong>etAzotii</strong></span> <span class='ocrx_word' id='word_1_128' title='bbox 3550 990 3673 1030; x_wconf 89' lang='lat' dir='ltr'>cum</span> 
     </span>
    </p>
   </div>
   <div class='ocr_carea' id='block_1_18' title="bbox 2092 1052 3764 1145">
    <p class='ocr_par' dir='ltr' id='par_1_18' title="bbox 2092 1052 3764 1145">
     <span class='ocr_line' id='line_1_18' title="bbox 2092 1052 3764 1145; baseline 0.006 -31"><span class='ocrx_word' id='word_1_129' title='bbox 2092 1061 2263 1130; x_wconf 88' lang='lat' dir='ltr'><strong>c0piis</strong></span> <span class='ocrx_word' id='word_1_130' title='bbox 2291 1060 2545 1115; x_wconf 87' lang='lat' dir='ltr'><strong>lsraelem</strong></span> <span class='ocrx_word' id='word_1_131' title='bbox 2576 1062 3026 1145; x_wconf 81' lang='lat' dir='ltr'><strong>incursarunt,et</strong></span> <span class='ocrx_word' id='word_1_132' title='bbox 3060 1064 3334 1120; x_wconf 86' lang='lat' dir='ltr'><strong>latronum</strong></span> <span class='ocrx_word' id='word_1_133' title='bbox 3388 1081 3539 1123; x_wconf 92' lang='lat' dir='ltr'><strong>more</strong></span> <span class='ocrx_word' id='word_1_134' title='bbox 3590 1068 3675 1123; x_wconf 89' lang='lat' dir='ltr'><strong>di-</strong></span> <span class='ocrx_word' id='word_1_135' title='bbox 3760 1052 3764 1057; x_wconf 46' lang='grc'><em>’</em></span> 
     </span>
    </p>
   </div>
   <div class='ocr_carea' id='block_1_19' title="bbox 2090 1158 2375 1207">
    <p class='ocr_par' dir='ltr' id='par_1_19' title="bbox 2090 1158 2375 1207">
     <span class='ocr_line' id='line_1_19' title="bbox 2090 1158 2375 1207; baseline 0.014 -4"><span class='ocrx_word' id='word_1_136' title='bbox 2090 1158 2375 1207; x_wconf 72' lang='lat' dir='ltr'><strong>vexarunt.</strong></span> 
     </span>
    </p>
   </div>
   <div class='ocr_carea' id='block_1_20' title="bbox 402 1214 3677 1317">
    <p class='ocr_par' dir='ltr' id='par_1_20' title="bbox 402 1214 3677 1317">
     <span class='ocr_line' id='line_1_20' title="bbox 402 1214 3677 1317; baseline 0.007 -38"><span class='ocrx_word' id='word_1_137' title='bbox 402 1228 523 1280; x_wconf 75' lang='grc' dir='ltr'>ἀντὶ</span> <span class='ocrx_word' id='word_1_138' title='bbox 559 1214 676 1295; x_wconf 71' lang='grc' dir='ltr'>τοῦ,</span> <span class='ocrx_word' id='word_1_139' title='bbox 714 1232 863 1284; x_wconf 81' lang='grc' dir='ltr'>πᾶσα</span> <span class='ocrx_word' id='word_1_140' title='bbox 893 1214 1151 1303; x_wconf 65' lang='grc' dir='ltr'>δύναμίς</span> <span class='ocrx_word' id='word_1_141' title='bbox 1186 1252 1279 1288; x_wconf 92' lang='grc' dir='ltr'>σου</span> <span class='ocrx_word' id='word_1_142' title='bbox 1326 1214 1819 1310; x_wconf 81' lang='grc' dir='ltr'>συνθραυθήσεται,</span> <span class='ocrx_word' id='word_1_143' title='bbox 1858 1214 2148 1310; x_wconf 67' lang='grc' dir='ltr'>μονονουχὶ</span> <span class='ocrx_word' id='word_1_144' title='bbox 2180 1241 2272 1293; x_wconf 76' lang='grc' dir='ltr'>καὶ</span> <span class='ocrx_word' id='word_1_145' title='bbox 2339 1241 2609 1312; x_wconf 86' lang='grc' dir='ltr'>ἀτονήσει</span> <span class='ocrx_word' id='word_1_146' title='bbox 2650 1244 3131 1317; x_wconf 82' lang='grc' dir='ltr'>συγκεκλασμένη.</span> <span class='ocrx_word' id='word_1_147' title='bbox 3180 1247 3410 1314; x_wconf 82' lang='grc' dir='ltr'>Οὐκοῦν,</span> <span class='ocrx_word' id='word_1_148' title='bbox 3444 1250 3493 1301; x_wconf 83' lang='grc' dir='ltr'>εί</span> <span class='ocrx_word' id='word_1_149' title='bbox 3524 1239 3677 1317; x_wconf 59' lang='grc' dir='ltr'>λέγοδ</span> 
     </span>
    </p>
   </div>
   <div class='ocr_carea' id='block_1_21' title="bbox 402 1317 3676 1410">
    <p class='ocr_par' dir='ltr' id='par_1_21' title="bbox 402 1317 3676 1410">
     <span class='ocr_line' id='line_1_21' title="bbox 402 1317 3676 1410; baseline 0.007 -41"><span class='ocrx_word' id='word_1_150' title='bbox 402 1317 563 1410; x_wconf 79' lang='grc' dir='ltr'>τυχὸν</span> <span class='ocrx_word' id='word_1_151' title='bbox 614 1320 646 1389; x_wconf 80' lang='grc' dir='ltr'><strong>ἡ</strong></span> <span class='ocrx_word' id='word_1_152' title='bbox 685 1320 794 1372; x_wconf 91' lang='grc' dir='ltr'>τῶν</span> <span class='ocrx_word' id='word_1_153' title='bbox 831 1321 1097 1390; x_wconf 77' lang='grc' dir='ltr'>Ἐϐραίων</span> <span class='ocrx_word' id='word_1_154' title='bbox 1167 1324 1397 1390; x_wconf 78' lang='grc' dir='ltr'>ἔκδυσις,</span> <span class='ocrx_word' id='word_1_155' title='bbox 1445 1346 1463 1377; x_wconf 74' lang='grc' dir='ltr'>ι</span> <span class='ocrx_word' id='word_1_156' title='bbox 1502 1328 1901 1397; x_wconf 79' lang='grc' dir='ltr'>Ἀπαγγείλατε</span> <span class='ocrx_word' id='word_1_157' title='bbox 1968 1329 2174 1400; x_wconf 82' lang='grc' dir='ltr'>χώραις</span> <span class='ocrx_word' id='word_1_158' title='bbox 2215 1332 2272 1384; x_wconf 78' lang='grc' dir='ltr'>ὲν</span> <span class='ocrx_word' id='word_1_159' title='bbox 2309 1330 2606 1396; x_wconf 83' lang='grc' dir='ltr'>Ἀζωτίοις,</span> <span class='ocrx_word' id='word_1_160' title='bbox 2642 1351 2659 1382; x_wconf 72' lang='grc' dir='ltr'>ι</span> <span class='ocrx_word' id='word_1_161' title='bbox 2693 1335 2789 1388; x_wconf 78' lang='grc' dir='ltr'>καὶ</span> <span class='ocrx_word' id='word_1_162' title='bbox 2839 1337 2887 1387; x_wconf 88' lang='grc' dir='ltr'>εί</span> <span class='ocrx_word' id='word_1_163' title='bbox 2923 1336 3037 1406; x_wconf 80' lang='grc' dir='ltr'>ἔχει</span> <span class='ocrx_word' id='word_1_164' title='bbox 3068 1337 3232 1391; x_wconf 88' lang='grc' dir='ltr'>πάλιν</span> <span class='ocrx_word' id='word_1_165' title='bbox 3276 1341 3309 1410; x_wconf 88' lang='grc' dir='ltr'>ή</span> <span class='ocrx_word' id='word_1_166' title='bbox 3340 1340 3448 1393; x_wconf 90' lang='grc' dir='ltr'>τῶν</span> <span class='ocrx_word' id='word_1_167' title='bbox 3494 1340 3676 1393; x_wconf 73' lang='grc' dir='ltr'>Ἐὁδοο</span> 
     </span>
    </p>
   </div>
   <div class='ocr_carea' id='block_1_22' title="bbox 406 1408 3675 1501">
    <p class='ocr_par' dir='ltr' id='par_1_22' title="bbox 406 1408 3675 1501">
     <span class='ocr_line' id='line_1_22' title="bbox 406 1408 3675 1501; baseline 0.007 -42"><span class='ocrx_word' id='word_1_168' title='bbox 406 1408 648 1478; x_wconf 85' lang='grc' dir='ltr'>μήκοντα</span> <span class='ocrx_word' id='word_1_169' title='bbox 685 1410 764 1471; x_wconf 83' lang='grc' dir='ltr'>τὸ,</span> <span class='ocrx_word' id='word_1_170' title='bbox 812 1414 908 1465; x_wconf 78' lang='grc' dir='ltr'>«ὲν</span> <span class='ocrx_word' id='word_1_171' title='bbox 951 1414 1227 1487; x_wconf 80' lang='grc' dir='ltr'>Ἀσσυρίᾳ,</span> <span class='ocrx_word' id='word_1_172' title='bbox 1254 1437 1273 1469; x_wconf 74' lang='grc' dir='ltr'>ι</span> <span class='ocrx_word' id='word_1_173' title='bbox 1316 1418 1605 1488; x_wconf 78' lang='grc' dir='ltr'>ἀληθεύσει</span> <span class='ocrx_word' id='word_1_174' title='bbox 1646 1422 1764 1473; x_wconf 85' lang='grc' dir='ltr'>κατ’</span> <span class='ocrx_word' id='word_1_175' title='bbox 1809 1420 1977 1491; x_wconf 78' lang='grc' dir='ltr'>ἄμφω</span> <span class='ocrx_word' id='word_1_176' title='bbox 2014 1423 2074 1476; x_wconf 85' lang='grc' dir='ltr'>τὸ</span> <span class='ocrx_word' id='word_1_177' title='bbox 2138 1424 2448 1493; x_wconf 80' lang='grc' dir='ltr'>εἰρημένον.</span> <span class='ocrx_word' id='word_1_178' title='bbox 2487 1425 2807 1494; x_wconf 89' lang='grc' dir='ltr'>Διήρπασαν</span> <span class='ocrx_word' id='word_1_179' title='bbox 2878 1428 2986 1499; x_wconf 76' lang='grc' dir='ltr'>γὰρ</span> <span class='ocrx_word' id='word_1_180' title='bbox 3019 1429 3118 1481; x_wconf 80' lang='grc' dir='ltr'>οὐκ</span> <span class='ocrx_word' id='word_1_181' title='bbox 3171 1408 3446 1500; x_wconf 79' lang='grc' dir='ltr'>Ἀσσύριοι</span> <span class='ocrx_word' id='word_1_182' title='bbox 3493 1431 3675 1501; x_wconf 85' lang='grc' dir='ltr'>μόνον,</span> 
     </span>
    </p>
   </div>
   <div class='ocr_carea' id='block_1_23' title="bbox 402 1503 3479 1596">
    <p class='ocr_par' dir='ltr' id='par_1_23' title="bbox 402 1503 3479 1596">
     <span class='ocr_line' id='line_1_23' title="bbox 402 1503 3479 1596; baseline 0.007 -41"><span class='ocrx_word' id='word_1_183' title='bbox 402 1503 661 1596; x_wconf 78' lang='grc' dir='ltr'>ἀλλὰκαὶ</span> <span class='ocrx_word' id='word_1_184' title='bbox 695 1507 853 1578; x_wconf 87' lang='grc' dir='ltr'>Σύροι</span> <span class='ocrx_word' id='word_1_185' title='bbox 890 1511 982 1562; x_wconf 81' lang='grc' dir='ltr'>καὶ</span> <span class='ocrx_word' id='word_1_186' title='bbox 1022 1511 1268 1576; x_wconf 77' lang='grc' dir='ltr'>Ἀζώτιοι</span> <span class='ocrx_word' id='word_1_187' title='bbox 1301 1515 1654 1587; x_wconf 82' lang='grc' dir='ltr'>καταπληθὺν</span> <span class='ocrx_word' id='word_1_188' title='bbox 1698 1518 2073 1589; x_wconf 80' lang='grc' dir='ltr'>ἐκτρέχοντες,</span> <span class='ocrx_word' id='word_1_189' title='bbox 2108 1520 2204 1571; x_wconf 76' lang='grc' dir='ltr'>καὶ</span> <span class='ocrx_word' id='word_1_190' title='bbox 2234 1519 2425 1589; x_wconf 85' lang='grc' dir='ltr'>τρόπῳ</span> <span class='ocrx_word' id='word_1_191' title='bbox 2458 1519 2717 1590; x_wconf 79' lang='grc' dir='ltr'>λῃστείας</span> <span class='ocrx_word' id='word_1_192' title='bbox 2759 1520 3073 1587; x_wconf 80' lang='grc' dir='ltr'>ἀδικοῦντες</span> <span class='ocrx_word' id='word_1_193' title='bbox 3103 1524 3195 1577; x_wconf 82' lang='grc' dir='ltr'>τὸν</span> <span class='ocrx_word' id='word_1_194' title='bbox 3241 1524 3479 1596; x_wconf 83' lang='grc' dir='ltr'>Ἰσραήλ.</span> 
     </span>
    </p>
   </div>
   <div class='ocr_carea' id='block_1_24' title="bbox 480 1595 1984 1678">
    <p class='ocr_par' dir='ltr' id='par_1_24' title="bbox 480 1595 1984 1678">
     <span class='ocr_line' id='line_1_24' title="bbox 480 1595 1984 1678; baseline 0.011 -30"><span class='ocrx_word' id='word_1_195' title='bbox 480 1595 624 1650; x_wconf 81' lang='grc' dir='ltr'>Τάδε</span> <span class='ocrx_word' id='word_1_196' title='bbox 645 1598 807 1667; x_wconf 76' lang='grc' dir='ltr'>λέγει</span> <span class='ocrx_word' id='word_1_197' title='bbox 832 1602 1045 1670; x_wconf 78' lang='grc' dir='ltr'>Κύριος</span> <span class='ocrx_word' id='word_1_198' title='bbox 1065 1620 1077 1633; x_wconf 94' lang='grc'><strong>·</strong></span> <span class='ocrx_word' id='word_1_199' title='bbox 1114 1607 1222 1658; x_wconf 70' lang='lat' dir='ltr'>&quot;Or</span> <span class='ocrx_word' id='word_1_200' title='bbox 1246 1606 1472 1673; x_wconf 78' lang='grc' dir='ltr'>τρόπον</span> <span class='ocrx_word' id='word_1_201' title='bbox 1497 1608 1643 1663; x_wconf 82' lang='grc' dir='ltr'>ὅταν</span> <span class='ocrx_word' id='word_1_202' title='bbox 1693 1610 1984 1678; x_wconf 77' lang='grc' dir='ltr'>ἐκσπάσῃ</span> 
     </span>
    </p>
   </div>
   <div class='ocr_carea' id='block_1_25' title="bbox 405 1686 1984 1769">
    <p class='ocr_par' dir='ltr' id='par_1_25' title="bbox 405 1686 1984 1769">
     <span class='ocr_line' id='line_1_25' title="bbox 405 1686 1984 1769; baseline 0.014 -32"><span class='ocrx_word' id='word_1_203' title='bbox 405 1686 629 1756; x_wconf 60' lang='grc' dir='ltr'>ποιμὴν</span> <span class='ocrx_word' id='word_1_204' title='bbox 666 1690 735 1743; x_wconf 84' lang='grc' dir='ltr'>ἐκ</span> <span class='ocrx_word' id='word_1_205' title='bbox 766 1694 1063 1762; x_wconf 83' lang='grc' dir='ltr'>στόματος</span> <span class='ocrx_word' id='word_1_206' title='bbox 1105 1696 1210 1751; x_wconf 85' lang='grc' dir='ltr'>τοῦ</span> <span class='ocrx_word' id='word_1_207' title='bbox 1248 1698 1500 1765; x_wconf 78' lang='grc' dir='ltr'>λέοντος</span> <span class='ocrx_word' id='word_1_208' title='bbox 1544 1701 1653 1755; x_wconf 82' lang='grc' dir='ltr'>δύο</span> <span class='ocrx_word' id='word_1_209' title='bbox 1689 1702 1903 1769; x_wconf 76' lang='grc' dir='ltr'>σκέλη,</span> <span class='ocrx_word' id='word_1_210' title='bbox 1946 1702 1984 1769; x_wconf 80' lang='grc' dir='ltr'><strong>ἢ</strong></span> 
     </span>
    </p>
   </div>
   <div class='ocr_carea' id='block_1_26' title="bbox 402 1779 1986 1861">
    <p class='ocr_par' dir='ltr' id='par_1_26' title="bbox 402 1779 1986 1861">
     <span class='ocr_line' id='line_1_26' title="bbox 402 1779 1986 1861; baseline 0.01 -31"><span class='ocrx_word' id='word_1_211' title='bbox 402 1779 588 1833; x_wconf 75' lang='grc' dir='ltr'>λοϐόν</span> <span class='ocrx_word' id='word_1_212' title='bbox 604 1781 802 1848; x_wconf 85' lang='grc' dir='ltr'>ὠτίου,</span> <span class='ocrx_word' id='word_1_213' title='bbox 825 1784 1013 1850; x_wconf 80' lang='grc' dir='ltr'>οὕτως</span> <span class='ocrx_word' id='word_1_214' title='bbox 1033 1785 1567 1856; x_wconf 74' lang='grc' dir='ltr'>ἐκσπασθήο-οντίιι</span> <span class='ocrx_word' id='word_1_215' title='bbox 1586 1793 1701 1845; x_wconf 77' lang='grc' dir='ltr'>υἱοὶ</span> <span class='ocrx_word' id='word_1_216' title='bbox 1718 1792 1986 1861; x_wconf 77' lang='grc' dir='ltr'>Ἰσραὴλ,</span> 
     </span>
    </p>
   </div>
   <div class='ocr_carea' id='block_1_27' title="bbox 2166 1610 3677 1685">
    <p class='ocr_par' dir='ltr' id='par_1_27' title="bbox 2166 1610 3677 1685">
     <span class='ocr_line' id='line_1_27' title="bbox 2166 1610 3677 1685; baseline 0.004 -20"><span class='ocrx_word' id='word_1_217' title='bbox 2166 1610 2331 1667; x_wconf 74' lang='lat' dir='ltr'><strong>Vsus.</strong></span> <span class='ocrx_word' id='word_1_218' title='bbox 2368 1610 2454 1664; x_wconf 79' lang='grc'>12.</span> <span class='ocrx_word' id='word_1_219' title='bbox 2486 1610 2613 1666; x_wconf 63' lang='lat' dir='ltr'><strong>llaec</strong></span> <span class='ocrx_word' id='word_1_220' title='bbox 2642 1612 2773 1665; x_wconf 82' lang='lat' dir='ltr'><strong>dicit</strong></span> <span class='ocrx_word' id='word_1_221' title='bbox 2792 1612 3045 1668; x_wconf 75' lang='lat' dir='ltr'><strong>Dominus</strong></span> <span class='ocrx_word' id='word_1_222' title='bbox 3080 1631 3097 1668; x_wconf 90' lang='lat'><strong><em>:</em></strong></span> <span class='ocrx_word' id='word_1_223' title='bbox 3147 1614 3297 1670; x_wconf 80' lang='lat' dir='ltr'><strong>Sicut</strong></span> <span class='ocrx_word' id='word_1_224' title='bbox 3359 1615 3543 1670; x_wconf 78' lang='lat' dir='ltr'><strong>avellet</strong></span> <span class='ocrx_word' id='word_1_225' title='bbox 3583 1624 3677 1685; x_wconf 80' lang='lat' dir='ltr'><strong>pa&#39;</strong></span> 
     </span>
    </p>
   </div>
   <div class='ocr_carea' id='block_1_28' title="bbox 2093 1703 3672 1775">
    <p class='ocr_par' dir='ltr' id='par_1_28' title="bbox 2093 1703 3672 1775">
     <span class='ocr_line' id='line_1_28' title="bbox 2093 1703 3672 1775; baseline 0.005 -18"><span class='ocrx_word' id='word_1_226' title='bbox 2093 1714 2199 1757; x_wconf 84' lang='lat' dir='ltr'><strong>star</strong></span> <span class='ocrx_word' id='word_1_227' title='bbox 2223 1704 2287 1757; x_wconf 86' lang='lat' dir='ltr'>de</span> <span class='ocrx_word' id='word_1_228' title='bbox 2314 1719 2401 1757; x_wconf 82' lang='lat' dir='ltr'>ore</span> <span class='ocrx_word' id='word_1_229' title='bbox 2426 1703 2589 1757; x_wconf 78' lang='lat' dir='ltr'><strong>leonis</strong></span> <span class='ocrx_word' id='word_1_230' title='bbox 2612 1705 2719 1757; x_wconf 85' lang='lat' dir='ltr'>duo</span> <span class='ocrx_word' id='word_1_231' title='bbox 2757 1723 2931 1771; x_wconf 86' lang='lat' dir='ltr'><strong>crum,</strong></span> <span class='ocrx_word' id='word_1_232' title='bbox 2965 1719 3055 1761; x_wconf 85' lang='lat' dir='ltr'>aut</span> <span class='ocrx_word' id='word_1_233' title='bbox 3074 1719 3361 1762; x_wconf 77' lang='lat' dir='ltr'><strong>extremum</strong></span> <span class='ocrx_word' id='word_1_234' title='bbox 3392 1710 3672 1775; x_wconf 75' lang='lat' dir='ltr'><strong>auriculw,</strong></span> 
     </span>
    </p>
   </div>
   <div class='ocr_carea' id='block_1_29' title="bbox 2096 1793 3675 1865">
    <p class='ocr_par' dir='ltr' id='par_1_29' title="bbox 2096 1793 3675 1865">
     <span class='ocr_line' id='line_1_29' title="bbox 2096 1793 3675 1865; baseline 0.004 -17"><span class='ocrx_word' id='word_1_235' title='bbox 2096 1796 2171 1848; x_wconf 85' lang='lat' dir='ltr'>sic</span> <span class='ocrx_word' id='word_1_236' title='bbox 2188 1793 2475 1848; x_wconf 81' lang='lat' dir='ltr'><strong>avellenlur</strong></span> <span class='ocrx_word' id='word_1_237' title='bbox 2502 1794 2606 1862; x_wconf 82' lang='lat' dir='ltr'><strong>ﬁlii</strong></span> <span class='ocrx_word' id='word_1_238' title='bbox 2660 1793 2847 1861; x_wconf 82' lang='lat' dir='ltr'><strong>Israel,</strong></span> <span class='ocrx_word' id='word_1_239' title='bbox 2888 1799 2977 1865; x_wconf 87' lang='lat' dir='ltr'><strong>qui</strong></span> <span class='ocrx_word' id='word_1_240' title='bbox 3030 1798 3288 1852; x_wconf 62' lang='lat' dir='ltr'><strong>habitant:</strong></span> <span class='ocrx_word' id='word_1_241' title='bbox 3322 1801 3382 1853; x_wconf 75' lang='lat' dir='ltr'>in</span> <span class='ocrx_word' id='word_1_242' title='bbox 3424 1800 3675 1854; x_wconf 82' lang='lat' dir='ltr'><strong>Samaria</strong></span> 
     </span>
    </p>
   </div>
   <div class='ocr_carea' id='block_1_30' title="bbox 405 1870 1985 1972">
    <p class='ocr_par' dir='ltr' id='par_1_30' title="bbox 405 1870 1985 1951">
     <span class='ocr_line' id='line_1_30' title="bbox 405 1870 1985 1951; baseline 0.011 -31"><span class='ocrx_word' id='word_1_243' title='bbox 405 1870 458 1921; x_wconf 77' lang='lat' dir='ltr'>oi</span> <span class='ocrx_word' id='word_1_244' title='bbox 511 1871 932 1940; x_wconf 81' lang='grc' dir='ltr'>κατοικοῦντες</span> <span class='ocrx_word' id='word_1_245' title='bbox 982 1876 1053 1928; x_wconf 83' lang='grc' dir='ltr'>ἐν</span> <span class='ocrx_word' id='word_1_246' title='bbox 1116 1880 1447 1948; x_wconf 76' lang='grc' dir='ltr'>Σαμαρείᾳ,</span> <span class='ocrx_word' id='word_1_247' title='bbox 1515 1881 1829 1935; x_wconf 74' lang='grc' dir='ltr'>κατέναντι</span> <span class='ocrx_word' id='word_1_248' title='bbox 1880 1879 1985 1951; x_wconf 78' lang='grc' dir='ltr'>τῆς</span> 
     </span>
    </p>
   </div>
   <div class='ocr_carea' id='block_1_31' title="bbox 2090 1870 3005 1972">
    <p class='ocr_par' dir='ltr' id='par_1_31' title="bbox 2096 1886 3005 1954">
     <span class='ocr_line' id='line_1_31' title="bbox 2096 1886 3005 1954; baseline 0.007 -15"><span class='ocrx_word' id='word_1_249' title='bbox 2096 1896 2279 1941; x_wconf 79' lang='lat' dir='ltr'><strong>contra</strong></span> <span class='ocrx_word' id='word_1_250' title='bbox 2316 1888 2530 1954; x_wconf 85' lang='lat' dir='ltr'><strong>tribum,</strong></span> <span class='ocrx_word' id='word_1_251' title='bbox 2559 1896 2610 1942; x_wconf 76' lang='lat' dir='ltr'>et</span> <span class='ocrx_word' id='word_1_252' title='bbox 2640 1889 2695 1942; x_wconf 86' lang='lat' dir='ltr'><strong>in</strong></span> <span class='ocrx_word' id='word_1_253' title='bbox 2724 1886 3005 1945; x_wconf 85' lang='lat' dir='ltr'><strong>Damasco.</strong></span> 
     </span>
    </p>
   </div>
   <div class='ocr_carea' id='block_1_32' title="bbox 403 1960 1204 2038">
    <p class='ocr_par' dir='ltr' id='par_1_32' title="bbox 403 1960 1204 2038">
     <span class='ocr_line' id='line_1_32' title="bbox 403 1960 1204 2038; baseline 0.015 -24"><span class='ocrx_word' id='word_1_254' title='bbox 403 1960 624 2030; x_wconf 63' lang='grc' dir='ltr'>φυλῆς,</span> <span class='ocrx_word' id='word_1_255' title='bbox 662 1965 761 2018; x_wconf 79' lang='grc' dir='ltr'>καὶ</span> <span class='ocrx_word' id='word_1_256' title='bbox 784 1966 853 2019; x_wconf 79' lang='grc' dir='ltr'>ἐν</span> <span class='ocrx_word' id='word_1_257' title='bbox 890 1968 1204 2038; x_wconf 74' lang='grc' dir='ltr'>Δαμασκῷ.</span> 
     </span>
    </p>
   </div>
   <div class='ocr_carea' id='block_1_33' title="bbox 476 2052 1992 2137">
    <p class='ocr_par' dir='ltr' id='par_1_33' title="bbox 476 2052 1992 2137">
     <span class='ocr_line' id='line_1_33' title="bbox 476 2052 1992 2137; baseline 0.013 -35"><span class='ocrx_word' id='word_1_258' title='bbox 476 2052 602 2104; x_wconf 88' lang='lat' dir='ltr'><strong>AB&#39;.</strong></span> <span class='ocrx_word' id='word_1_259' title='bbox 641 2054 925 2127; x_wconf 86' lang='grc' dir='ltr'>Ἐπιτήρει</span> <span class='ocrx_word' id='word_1_260' title='bbox 966 2060 1268 2131; x_wconf 77' lang='grc' dir='ltr'>πανταχοῦ,</span> <span class='ocrx_word' id='word_1_261' title='bbox 1311 2064 1406 2117; x_wconf 73' lang='grc' dir='ltr'>καὶ</span> <span class='ocrx_word' id='word_1_262' title='bbox 1444 2066 1646 2137; x_wconf 81' lang='grc' dir='ltr'>σφόδρα</span> <span class='ocrx_word' id='word_1_263' title='bbox 1686 2066 1992 2137; x_wconf 80' lang='grc' dir='ltr'>θαυμάσεις</span> 
     </span>
    </p>
   </div>
   <div class='ocr_carea' id='block_1_34' title="bbox 402 2140 1989 2227">
    <p class='ocr_par' dir='ltr' id='par_1_34' title="bbox 402 2140 1989 2227">
     <span class='ocr_line' id='line_1_34' title="bbox 402 2140 1989 2227; baseline 0.008 -30"><span class='ocrx_word' id='word_1_264' title='bbox 402 2140 517 2211; x_wconf 80' lang='grc' dir='ltr'>τῆς.</span> <span class='ocrx_word' id='word_1_265' title='bbox 534 2145 1003 2217; x_wconf 53' lang='grc' dir='ltr'>προφητείαςιτὴνμ</span> <span class='ocrx_word' id='word_1_266' title='bbox 1021 2149 1202 2218; x_wconf 60' lang='grc' dir='ltr'>νῆψιν.</span> <span class='ocrx_word' id='word_1_267' title='bbox 1249 2153 1466 2225; x_wconf 82' lang='grc' dir='ltr'>Ἐπειδὴ</span> <span class='ocrx_word' id='word_1_268' title='bbox 1497 2156 1604 2227; x_wconf 83' lang='grc' dir='ltr'>γὰρ</span> <span class='ocrx_word' id='word_1_269' title='bbox 1624 2157 1724 2209; x_wconf 87' lang='grc' dir='ltr'>οὐκ</span> <span class='ocrx_word' id='word_1_270' title='bbox 1755 2157 1989 2210; x_wconf 82' lang='grc' dir='ltr'>εἰσάπαν</span> 
     </span>
    </p>
   </div>
   <div class='ocr_carea' id='block_1_35' title="bbox 401 2234 1990 2321">
    <p class='ocr_par' dir='ltr' id='par_1_35' title="bbox 401 2234 1990 2321">
     <span class='ocr_line' id='line_1_35' title="bbox 401 2234 1990 2321; baseline 0.013 -37"><span class='ocrx_word' id='word_1_271' title='bbox 401 2234 680 2288; x_wconf 80' lang='grc' dir='ltr'>ἀπόλωλεν</span> <span class='ocrx_word' id='word_1_272' title='bbox 727 2239 755 2290; x_wconf 88' lang='grc' dir='ltr'><strong>ὁ</strong></span> <span class='ocrx_word' id='word_1_273' title='bbox 816 2238 1053 2312; x_wconf 82' lang='grc' dir='ltr'>Ἰσραὴλ,</span> <span class='ocrx_word' id='word_1_274' title='bbox 1109 2244 1379 2299; x_wconf 84' lang='grc' dir='ltr'>σέσωσται</span> <span class='ocrx_word' id='word_1_275' title='bbox 1426 2246 1483 2299; x_wconf 84' lang='grc' dir='ltr'>δὲ</span> <span class='ocrx_word' id='word_1_276' title='bbox 1525 2248 1587 2301; x_wconf 86' lang='grc' dir='ltr'>τὸ</span> <span class='ocrx_word' id='word_1_277' title='bbox 1640 2250 1990 2321; x_wconf 88' lang='grc' dir='ltr'>κατάλειμμα</span> 
     </span>
    </p>
   </div>
   <div class='ocr_carea' id='block_1_36' title="bbox 401 2326 1990 2411">
    <p class='ocr_par' dir='ltr' id='par_1_36' title="bbox 401 2326 1990 2411">
     <span class='ocr_line' id='line_1_36' title="bbox 401 2326 1990 2411; baseline 0.012 -35"><span class='ocrx_word' id='word_1_278' title='bbox 401 2326 542 2379; x_wconf 85' lang='grc' dir='ltr'>κατά</span> <span class='ocrx_word' id='word_1_279' title='bbox 573 2344 636 2394; x_wconf 88' lang='grc' dir='ltr'>γε</span> <span class='ocrx_word' id='word_1_280' title='bbox 662 2328 759 2399; x_wconf 80' lang='grc' dir='ltr'>τὴν</span> <span class='ocrx_word' id='word_1_281' title='bbox 772 2328 993 2385; x_wconf 80' lang='grc' dir='ltr'>Ἡσαΐου</span> <span class='ocrx_word' id='word_1_282' title='bbox 1017 2335 1220 2406; x_wconf 72' lang='grc' dir='ltr'>φωνὴν,</span> <span class='ocrx_word' id='word_1_283' title='bbox 1254 2336 1343 2391; x_wconf 77' lang='grc' dir='ltr'>ἵνα</span> <span class='ocrx_word' id='word_1_284' title='bbox 1372 2337 1647 2411; x_wconf 73' lang='grc' dir='ltr'>μὴοδοκοίη</span> <span class='ocrx_word' id='word_1_285' title='bbox 1672 2341 1990 2411; x_wconf 79' lang='grc' dir='ltr'>ψευδοεπεῖν</span> 
     </span>
    </p>
   </div>
   <div class='ocr_carea' id='block_1_37' title="bbox 399 2417 1989 2504">
    <p class='ocr_par' dir='ltr' id='par_1_37' title="bbox 399 2417 1989 2504">
     <span class='ocr_line' id='line_1_37' title="bbox 399 2417 1989 2504; baseline 0.012 -35"><span class='ocrx_word' id='word_1_286' title='bbox 399 2418 433 2487; x_wconf 82' lang='grc' dir='ltr'>ή</span> <span class='ocrx_word' id='word_1_287' title='bbox 472 2417 719 2489; x_wconf 88' lang='grc' dir='ltr'>ἀλήθεια,</span> <span class='ocrx_word' id='word_1_288' title='bbox 778 2426 1121 2498; x_wconf 82' lang='grc' dir='ltr'>συνεισφέρει</span> <span class='ocrx_word' id='word_1_289' title='bbox 1168 2429 1276 2499; x_wconf 76' lang='grc' dir='ltr'>γὰρ</span> <span class='ocrx_word' id='word_1_290' title='bbox 1326 2432 1542 2493; x_wconf 85' lang='grc' dir='ltr'>πάντως</span> <span class='ocrx_word' id='word_1_291' title='bbox 1591 2436 1712 2497; x_wconf 85' lang='grc' dir='ltr'>ταῖς</span> <span class='ocrx_word' id='word_1_292' title='bbox 1750 2452 1989 2504; x_wconf 84' lang='grc' dir='ltr'>προαγο-</span> 
     </span>
    </p>
   </div>
   <div class='ocr_carea' id='block_1_38' title="bbox 404 2508 1989 2597">
    <p class='ocr_par' dir='ltr' id='par_1_38' title="bbox 404 2508 1989 2597">
     <span class='ocr_line' id='line_1_38' title="bbox 404 2508 1989 2597; baseline 0.012 -37"><span class='ocrx_word' id='word_1_293' title='bbox 404 2508 619 2579; x_wconf 68' lang='lat' dir='ltr'><strong>patiam:</strong></span> <span class='ocrx_word' id='word_1_294' title='bbox 639 2511 748 2565; x_wconf 88' lang='grc' dir='ltr'>τῶν</span> <span class='ocrx_word' id='word_1_295' title='bbox 775 2514 960 2567; x_wconf 83' lang='grc' dir='ltr'>κακῶν</span> <span class='ocrx_word' id='word_1_296' title='bbox 988 2516 1078 2568; x_wconf 75' lang='grc' dir='ltr'>τὸν</span> <span class='ocrx_word' id='word_1_297' title='bbox 1104 2518 1163 2582; x_wconf 78' lang='grc' dir='ltr'>ἐξ</span> <span class='ocrx_word' id='word_1_298' title='bbox 1190 2521 1528 2592; x_wconf 74' lang='grc' dir='ltr'>ἡμερότητος</span> <span class='ocrx_word' id='word_1_299' title='bbox 1566 2523 1731 2577; x_wconf 75' lang='grc' dir='ltr'>ἔλεον.</span> <span class='ocrx_word' id='word_1_300' title='bbox 1778 2526 1989 2597; x_wconf 80' lang='grc' dir='ltr'>Ὠσπερ</span> 
     </span>
    </p>
   </div>
   <div class='ocr_carea' id='block_1_39' title="bbox 400 2600 1988 2686">
    <p class='ocr_par' dir='ltr' id='par_1_39' title="bbox 400 2600 1988 2686">
     <span class='ocr_line' id='line_1_39' title="bbox 400 2600 1988 2686; baseline 0.013 -35"><span class='ocrx_word' id='word_1_301' title='bbox 400 2600 600 2665; x_wconf 81' lang='grc' dir='ltr'>τοίνυν,</span> <span class='ocrx_word' id='word_1_302' title='bbox 650 2606 803 2675; x_wconf 81' lang='grc' dir='ltr'>φησὶ,</span> <span class='ocrx_word' id='word_1_303' title='bbox 849 2609 1199 2677; x_wconf 87' lang='grc' dir='ltr'>κορεσθέντος</span> <span class='ocrx_word' id='word_1_304' title='bbox 1255 2613 1488 2677; x_wconf 79' lang='grc' dir='ltr'>λέοντος,</span> <span class='ocrx_word' id='word_1_305' title='bbox 1538 2616 1633 2669; x_wconf 72' lang='grc' dir='ltr'>καὶ</span> <span class='ocrx_word' id='word_1_306' title='bbox 1678 2616 1737 2668; x_wconf 76' lang='grc' dir='ltr'>τὸ</span> <span class='ocrx_word' id='word_1_307' title='bbox 1785 2616 1988 2686; x_wconf 79' lang='grc' dir='ltr'>ληφθὲν</span> 
     </span>
    </p>
   </div>
   <div class='ocr_carea' id='block_1_40' title="bbox 402 2694 1989 2780">
    <p class='ocr_par' dir='ltr' id='par_1_40' title="bbox 402 2694 1989 2780">
     <span class='ocr_line' id='line_1_40' title="bbox 402 2694 1989 2780; baseline 0.011 -35"><span class='ocrx_word' id='word_1_308' title='bbox 402 2694 640 2760; x_wconf 79' lang='grc' dir='ltr'>εἰσάπαξ</span> <span class='ocrx_word' id='word_1_309' title='bbox 686 2699 1107 2769; x_wconf 81' lang='grc' dir='ltr'>κατεδηδοκότος</span> <span class='ocrx_word' id='word_1_310' title='bbox 1139 2702 1296 2767; x_wconf 81' lang='grc' dir='ltr'>ζῶον,</span> <span class='ocrx_word' id='word_1_311' title='bbox 1338 2706 1493 2773; x_wconf 89' lang='grc' dir='ltr'>ὀλίγα</span> <span class='ocrx_word' id='word_1_312' title='bbox 1532 2708 1683 2777; x_wconf 83' lang='grc' dir='ltr'>μόλις</span> <span class='ocrx_word' id='word_1_313' title='bbox 1722 2708 1989 2780; x_wconf 86' lang='grc' dir='ltr'>ἀπομένει</span> 
     </span>
    </p>
   </div>
   <div class='ocr_carea' id='block_1_41' title="bbox 408 2783 1990 2871">
    <p class='ocr_par' dir='ltr' id='par_1_41' title="bbox 408 2783 1990 2871">
     <span class='ocr_line' id='line_1_41' title="bbox 408 2783 1990 2871; baseline 0.013 -37"><span class='ocrx_word' id='word_1_314' title='bbox 408 2783 657 2855; x_wconf 72' lang='grc' dir='ltr'>λείψανα,</span> <span class='ocrx_word' id='word_1_315' title='bbox 692 2788 786 2841; x_wconf 88' lang='grc' dir='ltr'>δύο</span> <span class='ocrx_word' id='word_1_316' title='bbox 822 2790 985 2860; x_wconf 82' lang='grc' dir='ltr'>σκέλη</span> <span class='ocrx_word' id='word_1_317' title='bbox 1032 2794 1213 2864; x_wconf 80' lang='grc' dir='ltr'>τυχὸν,</span> <span class='ocrx_word' id='word_1_318' title='bbox 1256 2796 1288 2866; x_wconf 87' lang='grc' dir='ltr'>ἢ</span> <span class='ocrx_word' id='word_1_319' title='bbox 1330 2799 1423 2850; x_wconf 77' lang='grc' dir='ltr'>καὶ</span> <span class='ocrx_word' id='word_1_320' title='bbox 1475 2798 1639 2852; x_wconf 84' lang='grc' dir='ltr'>ὠτίου</span> <span class='ocrx_word' id='word_1_321' title='bbox 1675 2800 1861 2871; x_wconf 76' lang='grc' dir='ltr'>μέρος,</span> <span class='ocrx_word' id='word_1_322' title='bbox 1894 2802 1990 2855; x_wconf 82' lang='grc' dir='ltr'>καὶ</span> 
     </span>
    </p>
   </div>
   <div class='ocr_carea' id='block_1_42' title="bbox 404 2878 1990 2965">
    <p class='ocr_par' dir='ltr' id='par_1_42' title="bbox 404 2878 1990 2965">
     <span class='ocr_line' id='line_1_42' title="bbox 404 2878 1990 2965; baseline 0.012 -35"><span class='ocrx_word' id='word_1_323' title='bbox 404 2878 579 2932; x_wconf 81' lang='grc' dir='ltr'>ταῦτα</span> <span class='ocrx_word' id='word_1_324' title='bbox 606 2881 885 2947; x_wconf 86' lang='grc' dir='ltr'>κλαίοντες</span> <span class='ocrx_word' id='word_1_325' title='bbox 905 2887 952 2938; x_wconf 88' lang='grc' dir='ltr'>οί</span> <span class='ocrx_word' id='word_1_326' title='bbox 988 2886 1218 2959; x_wconf 81' lang='grc' dir='ltr'>βοτῆρες</span> <span class='ocrx_word' id='word_1_327' title='bbox 1254 2890 1632 2959; x_wconf 77' lang='grc' dir='ltr'>συλλέγουσινο</span> <span class='ocrx_word' id='word_1_328' title='bbox 1665 2893 1807 2947; x_wconf 77' lang='grc' dir='ltr'>οὕτω</span> <span class='ocrx_word' id='word_1_329' title='bbox 1837 2895 1990 2965; x_wconf 87' lang='grc' dir='ltr'>γενή-</span> 
     </span>
    </p>
   </div>
   <div class='ocr_carea' id='block_1_43' title="bbox 404 2974 1988 3052">
    <p class='ocr_par' dir='ltr' id='par_1_43' title="bbox 404 2974 1988 3052">
     <span class='ocr_line' id='line_1_43' title="bbox 404 2974 1988 3052; baseline 0.011 -33"><span class='ocrx_word' id='word_1_330' title='bbox 404 2984 556 3022; x_wconf 86' lang='grc' dir='ltr'>σεται</span> <span class='ocrx_word' id='word_1_331' title='bbox 596 2974 704 3035; x_wconf 83' lang='grc' dir='ltr'>τοῖς</span> <span class='ocrx_word' id='word_1_332' title='bbox 732 2974 867 3038; x_wconf 76' lang='grc' dir='ltr'>υἱοῖς</span> <span class='ocrx_word' id='word_1_333' title='bbox 909 2974 1127 3046; x_wconf 80' lang='grc' dir='ltr'>Ἰσραὴλ</span> <span class='ocrx_word' id='word_1_334' title='bbox 1164 2980 1276 3041; x_wconf 78' lang='grc' dir='ltr'>τοῖς</span> <span class='ocrx_word' id='word_1_335' title='bbox 1306 2980 1364 3032; x_wconf 79' lang='grc' dir='ltr'>ἐν</span> <span class='ocrx_word' id='word_1_336' title='bbox 1402 2980 1709 3052; x_wconf 74' lang='grc' dir='ltr'>Σαμαρείᾳ,</span> <span class='ocrx_word' id='word_1_337' title='bbox 1744 2983 1835 3035; x_wconf 79' lang='grc' dir='ltr'>καὶ</span> <span class='ocrx_word' id='word_1_338' title='bbox 1875 2988 1988 3047; x_wconf 83' lang='grc' dir='ltr'>τοῖς</span> 
     </span>
    </p>
   </div>
   <div class='ocr_carea' id='block_1_44' title="bbox 402 3062 1981 3145">
    <p class='ocr_par' dir='ltr' id='par_1_44' title="bbox 402 3062 1981 3145">
     <span class='ocr_line' id='line_1_44' title="bbox 402 3062 1981 3145; baseline 0.009 -33"><span class='ocrx_word' id='word_1_339' title='bbox 402 3062 757 3117; x_wconf 78' lang='grc' dir='ltr'>κατοικοῦσιν</span> <span class='ocrx_word' id='word_1_340' title='bbox 786 3067 844 3118; x_wconf 84' lang='grc' dir='ltr'>ὲν</span> <span class='ocrx_word' id='word_1_341' title='bbox 868 3068 1169 3138; x_wconf 82' lang='grc' dir='ltr'>Δαμασκῷ,</span> <span class='ocrx_word' id='word_1_342' title='bbox 1212 3072 1324 3133; x_wconf 84' lang='grc' dir='ltr'>τοῖς</span> <span class='ocrx_word' id='word_1_343' title='bbox 1367 3090 1382 3122; x_wconf 84' lang='grc' dir='ltr'>ι</span> <span class='ocrx_word' id='word_1_344' title='bbox 1411 3072 1700 3126; x_wconf 84' lang='grc' dir='ltr'>κατέναντι</span> <span class='ocrx_word' id='word_1_345' title='bbox 1736 3074 1931 3145; x_wconf 81' lang='grc' dir='ltr'>φυλῆς,</span> <span class='ocrx_word' id='word_1_346' title='bbox 1962 3095 1981 3127; x_wconf 74' lang='grc' dir='ltr'>ι</span> 
     </span>
    </p>
   </div>
   <div class='ocr_carea' id='block_1_45' title="bbox 400 3153 1988 3236">
    <p class='ocr_par' dir='ltr' id='par_1_45' title="bbox 400 3153 1988 3236">
     <span class='ocr_line' id='line_1_45' title="bbox 400 3153 1988 3236; baseline 0.009 -31"><span class='ocrx_word' id='word_1_347' title='bbox 400 3153 668 3221; x_wconf 81' lang='grc' dir='ltr'>τουτέστι,</span> <span class='ocrx_word' id='word_1_348' title='bbox 702 3159 813 3220; x_wconf 84' lang='grc' dir='ltr'>τοϊς</span> <span class='ocrx_word' id='word_1_349' title='bbox 836 3157 1007 3229; x_wconf 84' lang='grc' dir='ltr'>ἐχθρά</span> <span class='ocrx_word' id='word_1_350' title='bbox 1032 3162 1424 3233; x_wconf 82' lang='grc' dir='ltr'>πεφρονηκόσι,</span> <span class='ocrx_word' id='word_1_351' title='bbox 1451 3163 1546 3216; x_wconf 78' lang='grc' dir='ltr'>καὶ</span> <span class='ocrx_word' id='word_1_352' title='bbox 1571 3164 1988 3236; x_wconf 85' lang='grc' dir='ltr'>ἀνθισταμένοις</span> 
     </span>
    </p>
   </div>
   <div class='ocr_carea' id='block_1_46' title="bbox 2166 2062 3673 2132">
    <p class='ocr_par' dir='ltr' id='par_1_46' title="bbox 2166 2062 3673 2132">
     <span class='ocr_line' id='line_1_46' title="bbox 2166 2062 3673 2132; baseline 0.003 -15"><span class='ocrx_word' id='word_1_353' title='bbox 2166 2062 2375 2118; x_wconf 68' lang='lat' dir='ltr'>XXXII.</span> <span class='ocrx_word' id='word_1_354' title='bbox 2410 2065 2646 2119; x_wconf 82' lang='lat' dir='ltr'><strong>Observa</strong></span> <span class='ocrx_word' id='word_1_355' title='bbox 2671 2064 2890 2132; x_wconf 87' lang='lat' dir='ltr'><strong>ubique,</strong></span> <span class='ocrx_word' id='word_1_356' title='bbox 2921 2073 2975 2118; x_wconf 91' lang='lat' dir='ltr'>et</span> <span class='ocrx_word' id='word_1_357' title='bbox 3004 2064 3362 2121; x_wconf 83' lang='lat' dir='ltr'><strong>admiraberis</strong></span> <span class='ocrx_word' id='word_1_358' title='bbox 3382 2066 3673 2122; x_wconf 84' lang='lat' dir='ltr'><strong>vehemen-</strong></span> 
     </span>
    </p>
   </div>
   <div class='ocr_carea' id='block_1_47' title="bbox 2092 2155 3672 2226">
    <p class='ocr_par' dir='ltr' id='par_1_47' title="bbox 2092 2155 3672 2226">
     <span class='ocr_line' id='line_1_47' title="bbox 2092 2155 3672 2226; baseline 0.003 -17"><span class='ocrx_word' id='word_1_359' title='bbox 2092 2164 2172 2209; x_wconf 90' lang='lat' dir='ltr'>ter</span> <span class='ocrx_word' id='word_1_360' title='bbox 2200 2158 2481 2226; x_wconf 73' lang='lat' dir='ltr'><strong>propheta:</strong></span> <span class='ocrx_word' id='word_1_361' title='bbox 2501 2157 2917 2226; x_wconf 88' lang='lat' dir='ltr'><strong>providentiam.</strong></span> <span class='ocrx_word' id='word_1_362' title='bbox 2965 2155 3102 2222; x_wconf 82' lang='lat' dir='ltr'><strong>Quia</strong></span> <span class='ocrx_word' id='word_1_363' title='bbox 3156 2158 3299 2212; x_wconf 90' lang='lat' dir='ltr'><strong>enim</strong></span> <span class='ocrx_word' id='word_1_364' title='bbox 3351 2174 3454 2214; x_wconf 93' lang='lat' dir='ltr'>non</span> <span class='ocrx_word' id='word_1_365' title='bbox 3499 2167 3672 2214; x_wconf 90' lang='lat' dir='ltr'><strong>totum</strong></span> 
     </span>
    </p>
   </div>
   <div class='ocr_carea' id='block_1_48' title="bbox 2088 2246 3664 2319">
    <p class='ocr_par' dir='ltr' id='par_1_48' title="bbox 2088 2246 3664 2319">
     <span class='ocr_line' id='line_1_48' title="bbox 2088 2246 3664 2319; baseline 0.003 -19"><span class='ocrx_word' id='word_1_366' title='bbox 2088 2246 2339 2302; x_wconf 90' lang='lat' dir='ltr'><strong>lsraelcm</strong></span> <span class='ocrx_word' id='word_1_367' title='bbox 2365 2248 2526 2303; x_wconf 84' lang='lat' dir='ltr'><strong>simul</strong></span> <span class='ocrx_word' id='word_1_368' title='bbox 2561 2248 2814 2317; x_wconf 84' lang='lat' dir='ltr'><strong>perdidit,</strong></span> <span class='ocrx_word' id='word_1_369' title='bbox 2840 2249 2935 2303; x_wconf 88' lang='lat' dir='ltr'>sed</span> <span class='ocrx_word' id='word_1_370' title='bbox 2961 2249 3204 2317; x_wconf 54' lang='lat' dir='ltr'><strong>reliquias</strong></span> <span class='ocrx_word' id='word_1_371' title='bbox 3249 2253 3495 2319; x_wconf 64' lang='lat' dir='ltr'><strong>quaedam</strong></span> <span class='ocrx_word' id='word_1_372' title='bbox 3531 2266 3664 2307; x_wconf 89' lang='lat' dir='ltr'><strong>con-</strong></span> 
     </span>
    </p>
   </div>
   <div class='ocr_carea' id='block_1_49' title="bbox 2090 2342 3671 2410">
    <p class='ocr_par' dir='ltr' id='par_1_49' title="bbox 2090 2342 3671 2410">
     <span class='ocr_line' id='line_1_49' title="bbox 2090 2342 3671 2410; baseline 0.004 -15"><span class='ocrx_word' id='word_1_373' title='bbox 2090 2351 2319 2396; x_wconf 69' lang='lat' dir='ltr'><strong>servata:</strong></span> <span class='ocrx_word' id='word_1_374' title='bbox 2353 2352 2478 2395; x_wconf 92' lang='lat' dir='ltr'><strong>sunt</strong></span> <span class='ocrx_word' id='word_1_375' title='bbox 2507 2344 2573 2406; x_wconf 84' lang='grc'>⁹²,</span> <span class='ocrx_word' id='word_1_376' title='bbox 2604 2342 2896 2397; x_wconf 90' lang='lat' dir='ltr'><strong>secundum</strong></span> <span class='ocrx_word' id='word_1_377' title='bbox 2959 2358 3147 2399; x_wconf 88' lang='lat' dir='ltr'><strong>vocem</strong></span> <span class='ocrx_word' id='word_1_378' title='bbox 3179 2343 3351 2410; x_wconf 82' lang='lat' dir='ltr'><strong>Isaiae,</strong></span> <span class='ocrx_word' id='word_1_379' title='bbox 3380 2360 3447 2401; x_wconf 91' lang='lat' dir='ltr'>ne</span> <span class='ocrx_word' id='word_1_380' title='bbox 3469 2345 3671 2402; x_wconf 89' lang='lat' dir='ltr'><strong>veritas</strong></span> 
     </span>
    </p>
   </div>
   <div class='ocr_carea' id='block_1_50' title="bbox 2093 2430 3668 2504">
    <p class='ocr_par' dir='ltr' id='par_1_50' title="bbox 2093 2430 3668 2504">
     <span class='ocr_line' id='line_1_50' title="bbox 2093 2430 3668 2504; baseline 0.004 -20"><span class='ocrx_word' id='word_1_381' title='bbox 2093 2430 2284 2484; x_wconf 84' lang='lat' dir='ltr'><strong>falsum</strong></span> <span class='ocrx_word' id='word_1_382' title='bbox 2304 2432 2506 2485; x_wconf 84' lang='lat' dir='ltr'><strong>dixisse</strong></span> <span class='ocrx_word' id='word_1_383' title='bbox 2530 2432 2827 2493; x_wconf 86' lang='lat' dir='ltr'><strong>videretur,</strong></span> <span class='ocrx_word' id='word_1_384' title='bbox 2858 2432 3077 2486; x_wconf 87' lang='lat' dir='ltr'><strong>onmiuo</strong></span> <span class='ocrx_word' id='word_1_385' title='bbox 3130 2448 3251 2487; x_wconf 94' lang='lat' dir='ltr'>cum</span> <span class='ocrx_word' id='word_1_386' title='bbox 3301 2435 3668 2504; x_wconf 54' lang='lat' dir='ltr'><strong>praedictioni-</strong></span> 
     </span>
    </p>
   </div>
   <div class='ocr_carea' id='block_1_51' title="bbox 2092 2523 3671 2584">
    <p class='ocr_par' dir='ltr' id='par_1_51' title="bbox 2092 2523 3671 2584">
     <span class='ocr_line' id='line_1_51' title="bbox 2092 2523 3671 2584; baseline 0.003 -6"><span class='ocrx_word' id='word_1_387' title='bbox 2092 2525 2194 2578; x_wconf 88' lang='lat' dir='ltr'>bus</span> <span class='ocrx_word' id='word_1_388' title='bbox 2224 2523 2484 2578; x_wconf 89' lang='lat' dir='ltr'><strong>malorum</strong></span> <span class='ocrx_word' id='word_1_389' title='bbox 2521 2524 2681 2577; x_wconf 89' lang='lat' dir='ltr'><strong>simul</strong></span> <span class='ocrx_word' id='word_1_390' title='bbox 2713 2524 3096 2579; x_wconf 67' lang='lat' dir='ltr'><strong>misericordiae</strong></span> <span class='ocrx_word' id='word_1_391' title='bbox 3139 2540 3205 2580; x_wconf 78' lang='lat' dir='ltr'><strong>ex</strong></span> <span class='ocrx_word' id='word_1_392' title='bbox 3250 2527 3671 2584; x_wconf 83' lang='lat' dir='ltr'><strong>mansuetudine</strong></span> 
     </span>
    </p>
   </div>
   <div class='ocr_carea' id='block_1_52' title="bbox 2094 2616 3671 2685">
    <p class='ocr_par' dir='ltr' id='par_1_52' title="bbox 2094 2616 3671 2685">
     <span class='ocr_line' id='line_1_52' title="bbox 2094 2616 3671 2685; baseline 0.003 -16"><span class='ocrx_word' id='word_1_393' title='bbox 2094 2616 2355 2672; x_wconf 89' lang='lat' dir='ltr'><strong>meminit.</strong></span> <span class='ocrx_word' id='word_1_394' title='bbox 2414 2616 2874 2681; x_wconf 86' lang='lat' dir='ltr'><strong>Quemadmodum</strong></span> <span class='ocrx_word' id='word_1_395' title='bbox 2929 2616 3091 2685; x_wconf 80' lang='lat' dir='ltr'><strong>igitur</strong></span> <span class='ocrx_word' id='word_1_396' title='bbox 3118 2617 3318 2671; x_wconf 87' lang='lat' dir='ltr'><strong>satiato</strong></span> <span class='ocrx_word' id='word_1_397' title='bbox 3378 2618 3552 2683; x_wconf 86' lang='lat' dir='ltr'><strong>leone,</strong></span> <span class='ocrx_word' id='word_1_398' title='bbox 3586 2619 3671 2673; x_wconf 90' lang='lat' dir='ltr'><strong>in-</strong></span> 
     </span>
    </p>
   </div>
   <div class='ocr_carea' id='block_1_53' title="bbox 2092 2705 3672 2775">
    <p class='ocr_par' dir='ltr' id='par_1_53' title="bbox 2092 2705 3672 2775">
     <span class='ocr_line' id='line_1_53' title="bbox 2092 2705 3672 2775; baseline 0.003 -16"><span class='ocrx_word' id='word_1_399' title='bbox 2092 2706 2229 2775; x_wconf 87' lang='lat' dir='ltr'><strong>quit,</strong></span> <span class='ocrx_word' id='word_1_400' title='bbox 2255 2721 2376 2759; x_wconf 92' lang='lat' dir='ltr'>cum</span> <span class='ocrx_word' id='word_1_401' title='bbox 2396 2705 2692 2774; x_wconf 88' lang='lat' dir='ltr'><strong>solivagam</strong></span> <span class='ocrx_word' id='word_1_402' title='bbox 2737 2706 3068 2761; x_wconf 87' lang='lat' dir='ltr'><strong>animantem</strong></span> <span class='ocrx_word' id='word_1_403' title='bbox 3101 2708 3259 2762; x_wconf 90' lang='lat' dir='ltr'><strong>simul</strong></span> <span class='ocrx_word' id='word_1_404' title='bbox 3288 2718 3344 2763; x_wconf 88' lang='lat' dir='ltr'>et</span> <span class='ocrx_word' id='word_1_405' title='bbox 3390 2709 3563 2765; x_wconf 85' lang='lat' dir='ltr'><strong>semel</strong></span> <span class='ocrx_word' id='word_1_406' title='bbox 3576 2711 3672 2764; x_wconf 86' lang='lat' dir='ltr'><strong>de-</strong></span> 
     </span>
    </p>
   </div>
   <div class='ocr_carea' id='block_1_54' title="bbox 2091 2796 3671 2867">
    <p class='ocr_par' dir='ltr' id='par_1_54' title="bbox 2091 2796 3671 2867">
     <span class='ocr_line' id='line_1_54' title="bbox 2091 2796 3671 2867; baseline 0.003 -17"><span class='ocrx_word' id='word_1_407' title='bbox 2091 2796 2303 2851; x_wconf 84' lang='lat' dir='ltr'><strong>voravit</strong></span> <span class='ocrx_word' id='word_1_408' title='bbox 2339 2796 2471 2863; x_wconf 80' lang='lat' dir='ltr'><strong>;vix</strong></span> <span class='ocrx_word' id='word_1_409' title='bbox 2526 2812 2706 2866; x_wconf 70' lang='lat' dir='ltr'><strong>parvae</strong></span> <span class='ocrx_word' id='word_1_410' title='bbox 2748 2797 2991 2867; x_wconf 79' lang='lat' dir='ltr'><strong>reliquiae</strong></span> <span class='ocrx_word' id='word_1_411' title='bbox 3025 2810 3321 2863; x_wconf 89' lang='lat' dir='ltr'><strong>remanent,</strong></span> <span class='ocrx_word' id='word_1_412' title='bbox 3370 2802 3478 2856; x_wconf 91' lang='lat' dir='ltr'>duo</span> <span class='ocrx_word' id='word_1_413' title='bbox 3508 2814 3671 2857; x_wconf 83' lang='lat' dir='ltr'><strong>crura</strong></span> 
     </span>
    </p>
   </div>
   <div class='ocr_carea' id='block_1_55' title="bbox 2093 2885 3671 2959">
    <p class='ocr_par' dir='ltr' id='par_1_55' title="bbox 2093 2885 3671 2959">
     <span class='ocr_line' id='line_1_55' title="bbox 2093 2885 3671 2959; baseline 0.003 -20"><span class='ocrx_word' id='word_1_414' title='bbox 2093 2892 2240 2955; x_wconf 86' lang='lat' dir='ltr'><strong>puta,</strong></span> <span class='ocrx_word' id='word_1_415' title='bbox 2268 2885 2536 2939; x_wconf 89' lang='lat' dir='ltr'><strong>autetiam</strong></span> <span class='ocrx_word' id='word_1_416' title='bbox 2568 2900 2695 2953; x_wconf 89' lang='lat' dir='ltr'><strong>pars</strong></span> <span class='ocrx_word' id='word_1_417' title='bbox 2717 2887 2992 2952; x_wconf 68' lang='lat' dir='ltr'><strong>auriculas,</strong></span> <span class='ocrx_word' id='word_1_418' title='bbox 3018 2901 3219 2957; x_wconf 88' lang='lat' dir='ltr'><strong>easque</strong></span> <span class='ocrx_word' id='word_1_419' title='bbox 3253 2900 3499 2959; x_wconf 80' lang='lat' dir='ltr'><strong>pastores</strong></span> <span class='ocrx_word' id='word_1_420' title='bbox 3532 2889 3671 2945; x_wconf 79' lang='lat' dir='ltr'><strong>[len-</strong></span> 
     </span>
    </p>
   </div>
   <div class='ocr_carea' id='block_1_56' title="bbox 2096 2979 3670 3048">
    <p class='ocr_par' dir='ltr' id='par_1_56' title="bbox 2096 2979 3670 3048">
     <span class='ocr_line' id='line_1_56' title="bbox 2096 2979 3670 3048; baseline 0.003 -16"><span class='ocrx_word' id='word_1_421' title='bbox 2096 2988 2174 3032; x_wconf 88' lang='lat' dir='ltr'>tes</span> <span class='ocrx_word' id='word_1_422' title='bbox 2202 2979 2495 3048; x_wconf 90' lang='lat' dir='ltr'><strong>colligunt;</strong></span> <span class='ocrx_word' id='word_1_423' title='bbox 2520 2980 2589 3031; x_wconf 89' lang='lat' dir='ltr'>ita</span> <span class='ocrx_word' id='word_1_424' title='bbox 2630 2982 2725 3032; x_wconf 76' lang='lat' dir='ltr'><strong>lict</strong></span> <span class='ocrx_word' id='word_1_425' title='bbox 2743 2979 2863 3035; x_wconf 83' lang='lat' dir='ltr'><strong>ﬁliis</strong></span> <span class='ocrx_word' id='word_1_426' title='bbox 2893 2979 3080 3045; x_wconf 89' lang='lat' dir='ltr'><strong>lsrael,</strong></span> <span class='ocrx_word' id='word_1_427' title='bbox 3113 2982 3417 3035; x_wconf 86' lang='lat' dir='ltr'><strong>Samariam</strong></span> <span class='ocrx_word' id='word_1_428' title='bbox 3461 2993 3517 3037; x_wconf 90' lang='lat' dir='ltr'>et</span> <span class='ocrx_word' id='word_1_429' title='bbox 3565 2982 3670 3037; x_wconf 90' lang='lat' dir='ltr'>Da—</span> 
     </span>
    </p>
   </div>
   <div class='ocr_carea' id='block_1_57' title="bbox 2095 3070 3666 3136">
    <p class='ocr_par' dir='ltr' id='par_1_57' title="bbox 2095 3070 3666 3136">
     <span class='ocr_line' id='line_1_57' title="bbox 2095 3070 3666 3136; baseline 0.002 -13"><span class='ocrx_word' id='word_1_430' title='bbox 2095 3084 2333 3125; x_wconf 90' lang='lat' dir='ltr'><strong>mascum</strong></span> <span class='ocrx_word' id='word_1_431' title='bbox 2360 3070 2751 3134; x_wconf 76' lang='lat' dir='ltr'><strong>habitantibus,</strong></span> <span class='ocrx_word' id='word_1_432' title='bbox 2782 3088 2801 3121; x_wconf 76' lang='grc' dir='ltr'>ι</span> <span class='ocrx_word' id='word_1_433' title='bbox 2836 3081 3023 3125; x_wconf 89' lang='lat' dir='ltr'><strong>contra</strong></span> <span class='ocrx_word' id='word_1_434' title='bbox 3082 3072 3301 3136; x_wconf 88' lang='lat' dir='ltr'><strong>tribum,</strong></span> <span class='ocrx_word' id='word_1_435' title='bbox 3337 3091 3355 3123; x_wconf 72' lang='grc' dir='ltr'>ι</span> <span class='ocrx_word' id='word_1_436' title='bbox 3414 3074 3517 3128; x_wconf 86' lang='lat' dir='ltr'>hoc</span> <span class='ocrx_word' id='word_1_437' title='bbox 3560 3082 3666 3135; x_wconf 84' lang='lat' dir='ltr'><strong>est,</strong></span> 
     </span>
    </p>
   </div>
   <div class='ocr_carea' id='block_1_58' title="bbox 2091 3161 3670 3234">
    <p class='ocr_par' dir='ltr' id='par_1_58' title="bbox 2091 3161 3670 3234">
     <span class='ocr_line' id='line_1_58' title="bbox 2091 3161 3670 3234; baseline 0.001 -17"><span class='ocrx_word' id='word_1_438' title='bbox 2091 3161 2398 3217; x_wconf 69' lang='lat' dir='ltr'><strong>Judzcorum</strong></span> <span class='ocrx_word' id='word_1_439' title='bbox 2428 3162 2626 3217; x_wconf 90' lang='lat' dir='ltr'><strong>tribum</strong></span> <span class='ocrx_word' id='word_1_440' title='bbox 2651 3163 2794 3217; x_wconf 87' lang='lat' dir='ltr'><strong>odiis</strong></span> <span class='ocrx_word' id='word_1_441' title='bbox 2838 3164 3308 3232; x_wconf 85' lang='lat' dir='ltr'><strong>prosequentibus,</strong></span> <span class='ocrx_word' id='word_1_442' title='bbox 3362 3165 3521 3233; x_wconf 91' lang='lat' dir='ltr'><strong>eique</strong></span> <span class='ocrx_word' id='word_1_443' title='bbox 3548 3180 3670 3234; x_wconf 89' lang='lat' dir='ltr'><strong>per-</strong></span> 
     </span>
    </p>
   </div>
   <div class='ocr_carea' id='block_1_59' title="bbox 400 3248 1985 3333">
    <p class='ocr_par' dir='ltr' id='par_1_59' title="bbox 400 3248 1985 3330">
     <span class='ocr_line' id='line_1_59' title="bbox 400 3248 1985 3330; baseline 0.008 -30"><span class='ocrx_word' id='word_1_444' title='bbox 400 3248 489 3301; x_wconf 72' lang='grc' dir='ltr'>ἀεὶ</span> <span class='ocrx_word' id='word_1_445' title='bbox 524 3252 589 3320; x_wconf 86' lang='grc' dir='ltr'>τῇ</span> <span class='ocrx_word' id='word_1_446' title='bbox 634 3250 743 3304; x_wconf 90' lang='grc' dir='ltr'>τῶν</span> <span class='ocrx_word' id='word_1_447' title='bbox 788 3252 1057 3306; x_wconf 82' lang='grc' dir='ltr'>Ἰουδαίων</span> <span class='ocrx_word' id='word_1_448' title='bbox 1098 3255 1258 3327; x_wconf 82' lang='grc' dir='ltr'>φυλῇ.</span> <span class='ocrx_word' id='word_1_449' title='bbox 1309 3256 1373 3308; x_wconf 77' lang='lat' dir='ltr'><strong>Oi</strong></span> <span class='ocrx_word' id='word_1_450' title='bbox 1425 3256 1526 3328; x_wconf 85' lang='grc' dir='ltr'>μὲν</span> <span class='ocrx_word' id='word_1_451' title='bbox 1570 3258 1680 3330; x_wconf 89' lang='grc' dir='ltr'>γάρ</span> <span class='ocrx_word' id='word_1_452' title='bbox 1712 3258 1985 3323; x_wconf 79' lang='grc' dir='ltr'>οἰκοῦντες</span> 
     </span>
    </p>
   </div>
   <div class='ocr_carea' id='block_1_60' title="bbox 2090 3248 3671 3333">
    <p class='ocr_par' dir='ltr' id='par_1_60' title="bbox 2092 3252 3671 3323">
     <span class='ocr_line' id='line_1_60' title="bbox 2092 3252 3671 3323; baseline 0.001 -16"><span class='ocrx_word' id='word_1_453' title='bbox 2092 3264 2254 3323; x_wconf 85' lang='lat' dir='ltr'><strong>peluo</strong></span> <span class='ocrx_word' id='word_1_454' title='bbox 2273 3252 2708 3307; x_wconf 79' lang='lat' dir='ltr'><strong>adversantibus.</strong></span> <span class='ocrx_word' id='word_1_455' title='bbox 2732 3253 2922 3308; x_wconf 55' lang='lat' dir='ltr'><strong>Incolae</strong></span> <span class='ocrx_word' id='word_1_456' title='bbox 2954 3254 3099 3308; x_wconf 88' lang='lat' dir='ltr'><strong>enim</strong></span> <span class='ocrx_word' id='word_1_457' title='bbox 3129 3254 3392 3308; x_wconf 72' lang='lat' dir='ltr'><strong>Samaria:</strong></span> <span class='ocrx_word' id='word_1_458' title='bbox 3433 3255 3483 3308; x_wconf 90' lang='lat' dir='ltr'>vi</span> <span class='ocrx_word' id='word_1_459' title='bbox 3527 3256 3671 3322; x_wconf 86' lang='lat' dir='ltr'><strong>capti</strong></span> 
     </span>
    </p>
   </div>
   <div class='ocr_carea' id='block_1_61' title="bbox 400 3340 1986 3423">
    <p class='ocr_par' dir='ltr' id='par_1_61' title="bbox 400 3340 1986 3423">
     <span class='ocr_line' id='line_1_61' title="bbox 400 3340 1986 3423; baseline 0.008 -29"><span class='ocrx_word' id='word_1_460' title='bbox 400 3340 499 3413; x_wconf 78' lang='grc' dir='ltr'>τὴν</span> <span class='ocrx_word' id='word_1_461' title='bbox 530 3343 845 3414; x_wconf 85' lang='grc' dir='ltr'>Σαμάρειαν</span> <span class='ocrx_word' id='word_1_462' title='bbox 889 3346 1108 3416; x_wconf 79' lang='grc' dir='ltr'>ἥλωσαν</span> <span class='ocrx_word' id='word_1_463' title='bbox 1140 3349 1507 3419; x_wconf 86' lang='grc' dir='ltr'>κατακράτος,</span> <span class='ocrx_word' id='word_1_464' title='bbox 1548 3353 1642 3404; x_wconf 49' lang='grc' dir='ltr'>καί⁵</span> <span class='ocrx_word' id='word_1_465' title='bbox 1673 3351 1986 3423; x_wconf 84' lang='grc' dir='ltr'>πεπόρθην-</span> 
     </span>
    </p>
   </div>
   <div class='ocr_carea' id='block_1_62' title="bbox 400 3436 1985 3514">
    <p class='ocr_par' dir='ltr' id='par_1_62' title="bbox 400 3436 1985 3514">
     <span class='ocr_line' id='line_1_62' title="bbox 400 3436 1985 3514; baseline 0.007 -29"><span class='ocrx_word' id='word_1_466' title='bbox 400 3450 493 3487; x_wconf 86' lang='grc' dir='ltr'>ται</span> <span class='ocrx_word' id='word_1_467' title='bbox 527 3436 660 3506; x_wconf 69' lang='grc' dir='ltr'>παρ’</span> <span class='ocrx_word' id='word_1_468' title='bbox 706 3436 939 3507; x_wconf 76' lang='grc' dir='ltr'>ἐχθρῶν,</span> <span class='ocrx_word' id='word_1_469' title='bbox 1002 3440 1092 3491; x_wconf 79' lang='grc' dir='ltr'>καὶ</span> <span class='ocrx_word' id='word_1_470' title='bbox 1128 3439 1546 3510; x_wconf 83' lang='grc' dir='ltr'>δαπανήσαντος</span> <span class='ocrx_word' id='word_1_471' title='bbox 1594 3441 1688 3495; x_wconf 83' lang='grc' dir='ltr'>τοῦ</span> <span class='ocrx_word' id='word_1_472' title='bbox 1745 3442 1985 3514; x_wconf 86' lang='grc' dir='ltr'>πολέμου</span> 
     </span>
    </p>
   </div>
   <div class='ocr_carea' id='block_1_63' title="bbox 408 3526 1987 3602">
    <p class='ocr_par' dir='ltr' id='par_1_63' title="bbox 408 3526 1987 3602">
     <span class='ocr_line' id='line_1_63' title="bbox 408 3526 1987 3602; baseline 0.005 -26"><span class='ocrx_word' id='word_1_473' title='bbox 408 3526 691 3596; x_wconf 76' lang='grc' dir='ltr'>μονονουχὶ</span> <span class='ocrx_word' id='word_1_474' title='bbox 751 3527 1095 3598; x_wconf 85' lang='grc' dir='ltr'>σύμπαντας,</span> <span class='ocrx_word' id='word_1_475' title='bbox 1146 3530 1317 3597; x_wconf 83' lang='grc' dir='ltr'>ὀλίγοι</span> <span class='ocrx_word' id='word_1_476' title='bbox 1369 3532 1563 3602; x_wconf 74' lang='grc' dir='ltr'>κομιδῇ</span> <span class='ocrx_word' id='word_1_477' title='bbox 1617 3531 1987 3602; x_wconf 78' lang='grc' dir='ltr'>διεκομίζοντο</span> 
     </span>
    </p>
   </div>
   <div class='ocr_carea' id='block_1_64' title="bbox 405 3617 1985 3694">
    <p class='ocr_par' dir='ltr' id='par_1_64' title="bbox 405 3617 1985 3694">
     <span class='ocr_line' id='line_1_64' title="bbox 405 3617 1985 3694; baseline 0.006 -25"><span class='ocrx_word' id='word_1_478' title='bbox 405 3617 578 3686; x_wconf 83' lang='grc' dir='ltr'>μόλις,</span> <span class='ocrx_word' id='word_1_479' title='bbox 612 3619 706 3671; x_wconf 78' lang='grc' dir='ltr'>καὶ</span> <span class='ocrx_word' id='word_1_480' title='bbox 740 3620 850 3672; x_wconf 79' lang='grc' dir='ltr'>τῶν</span> <span class='ocrx_word' id='word_1_481' title='bbox 892 3620 1204 3674; x_wconf 86' lang='grc' dir='ltr'>τεθνεώτων</span> <span class='ocrx_word' id='word_1_482' title='bbox 1251 3622 1475 3693; x_wconf 78' lang='grc' dir='ltr'>λείψανα</span> <span class='ocrx_word' id='word_1_483' title='bbox 1522 3624 1895 3694; x_wconf 88' lang='grc' dir='ltr'>μεμενήκασιν</span> <span class='ocrx_word' id='word_1_484' title='bbox 1928 3627 1985 3679; x_wconf 78' lang='grc' dir='ltr'>ἐν</span> 
     </span>
    </p>
   </div>
   <div class='ocr_carea' id='block_1_65' title="bbox 400 3709 1986 3787">
    <p class='ocr_par' dir='ltr' id='par_1_65' title="bbox 400 3709 1986 3787">
     <span class='ocr_line' id='line_1_65' title="bbox 400 3709 1986 3787; baseline 0.008 -28"><span class='ocrx_word' id='word_1_485' title='bbox 400 3712 471 3781; x_wconf 79' lang='grc' dir='ltr'>τῇ</span> <span class='ocrx_word' id='word_1_486' title='bbox 500 3709 673 3782; x_wconf 76' lang='grc' dir='ltr'>χώρα.</span> <span class='ocrx_word' id='word_1_487' title='bbox 706 3712 912 3780; x_wconf 78' lang='grc' dir='ltr'>Ἥγουν</span> <span class='ocrx_word' id='word_1_488' title='bbox 930 3713 1025 3765; x_wconf 69' lang='grc' dir='ltr'>καὶ</span> <span class='ocrx_word' id='word_1_489' title='bbox 1053 3713 1175 3766; x_wconf 87' lang='grc' dir='ltr'>καθ’</span> <span class='ocrx_word' id='word_1_490' title='bbox 1192 3712 1381 3787; x_wconf 72' lang='grc' dir='ltr'>ἕτερον</span> <span class='ocrx_word' id='word_1_491' title='bbox 1402 3713 1623 3783; x_wconf 83' lang='grc' dir='ltr'>τρόπον.</span> <span class='ocrx_word' id='word_1_492' title='bbox 1644 3713 1986 3787; x_wconf 81' lang='grc' dir='ltr'>ὲξεσπάσθη-</span> 
     </span>
    </p>
   </div>
   <div class='ocr_carea' id='block_1_66' title="bbox 404 3805 1987 3878">
    <p class='ocr_par' dir='ltr' id='par_1_66' title="bbox 404 3805 1987 3878">
     <span class='ocr_line' id='line_1_66' title="bbox 404 3805 1987 3878; baseline 0.003 -21"><span class='ocrx_word' id='word_1_493' title='bbox 404 3821 524 3866; x_wconf 86' lang='grc' dir='ltr'>σαν,</span> <span class='ocrx_word' id='word_1_494' title='bbox 565 3805 641 3868; x_wconf 84' lang='grc' dir='ltr'>ὡς</span> <span class='ocrx_word' id='word_1_495' title='bbox 692 3807 755 3859; x_wconf 87' lang='grc' dir='ltr'>ὲκ</span> <span class='ocrx_word' id='word_1_496' title='bbox 794 3807 1060 3876; x_wconf 85' lang='grc' dir='ltr'>στόματος</span> <span class='ocrx_word' id='word_1_497' title='bbox 1084 3806 1315 3869; x_wconf 84' lang='grc' dir='ltr'>λέοντος.</span> <span class='ocrx_word' id='word_1_498' title='bbox 1380 3808 1834 3878; x_wconf 82' lang='grc' dir='ltr'>Ἀπενηνεγμένοι</span> <span class='ocrx_word' id='word_1_499' title='bbox 1888 3809 1987 3878; x_wconf 88' lang='grc' dir='ltr'>μὲν</span> 
     </span>
    </p>
   </div>
   <div class='ocr_carea' id='block_1_67' title="bbox 404 3896 1985 3972">
    <p class='ocr_par' dir='ltr' id='par_1_67' title="bbox 404 3896 1985 3972">
     <span class='ocr_line' id='line_1_67' title="bbox 404 3896 1985 3972; baseline 0.004 -24"><span class='ocrx_word' id='word_1_500' title='bbox 404 3898 484 3960; x_wconf 80' lang='grc' dir='ltr'>είς</span> <span class='ocrx_word' id='word_1_501' title='bbox 533 3896 632 3966; x_wconf 75' lang='grc' dir='ltr'>τὴν</span> <span class='ocrx_word' id='word_1_502' title='bbox 692 3899 1005 3969; x_wconf 83' lang='grc' dir='ltr'>Ἀσσυρίαν,</span> <span class='ocrx_word' id='word_1_503' title='bbox 1050 3900 1269 3961; x_wconf 85' lang='grc' dir='ltr'>ἀνέντες</span> <span class='ocrx_word' id='word_1_504' title='bbox 1330 3899 1385 3952; x_wconf 86' lang='grc' dir='ltr'>δὲ</span> <span class='ocrx_word' id='word_1_505' title='bbox 1436 3899 1577 3952; x_wconf 81' lang='grc' dir='ltr'>κατὰ</span> <span class='ocrx_word' id='word_1_506' title='bbox 1615 3901 1843 3972; x_wconf 82' lang='grc' dir='ltr'>καιροὺς</span> <span class='ocrx_word' id='word_1_507' title='bbox 1884 3903 1985 3967; x_wconf 79' lang='grc' dir='ltr'>τῆς</span> 
     </span>
    </p>
   </div>
   <div class='ocr_carea' id='block_1_68' title="bbox 400 3987 1987 4062">
    <p class='ocr_par' dir='ltr' id='par_1_68' title="bbox 400 3987 1987 4062">
     <span class='ocr_line' id='line_1_68' title="bbox 400 3987 1987 4062; baseline 0.004 -22"><span class='ocrx_word' id='word_1_508' title='bbox 400 3987 799 4058; x_wconf 80' lang='grc' dir='ltr'>αἰχμαλωσίας,</span> <span class='ocrx_word' id='word_1_509' title='bbox 822 3990 1193 4062; x_wconf 83' lang='grc' dir='ltr'>ὑπενόστησαν</span> <span class='ocrx_word' id='word_1_510' title='bbox 1222 3991 1423 4054; x_wconf 63' lang='grc' dir='ltr'>¹ιιιάντες</span> <span class='ocrx_word' id='word_1_511' title='bbox 1454 3991 1552 4061; x_wconf 84' lang='grc' dir='ltr'>μὲν</span> <span class='ocrx_word' id='word_1_512' title='bbox 1575 3989 1660 4053; x_wconf 84' lang='grc' dir='ltr'>οὒ,</span> <span class='ocrx_word' id='word_1_513' title='bbox 1690 3991 1806 4043; x_wconf 78' lang='grc' dir='ltr'>ἀλλ’</span> <span class='ocrx_word' id='word_1_514' title='bbox 1830 3990 1987 4059; x_wconf 81' lang='grc' dir='ltr'>ὀλίγα</span> 
     </span>
    </p>
   </div>
   <div class='ocr_carea' id='block_1_69' title="bbox 401 4079 1987 4151">
    <p class='ocr_par' dir='ltr' id='par_1_69' title="bbox 401 4079 1987 4151">
     <span class='ocr_line' id='line_1_69' title="bbox 401 4079 1987 4151; baseline 0.003 -20"><span class='ocrx_word' id='word_1_515' title='bbox 401 4079 679 4143; x_wconf 86' lang='grc' dir='ltr'>παντελῶς</span> <span class='ocrx_word' id='word_1_516' title='bbox 702 4080 811 4134; x_wconf 90' lang='grc' dir='ltr'>τῶν</span> <span class='ocrx_word' id='word_1_517' title='bbox 839 4082 1317 4151; x_wconf 78' lang='grc' dir='ltr'>ἀποκομισθέντων</span> <span class='ocrx_word' id='word_1_518' title='bbox 1348 4081 1595 4149; x_wconf 66' lang='grc' dir='ltr'>λείψανα.</span> <span class='ocrx_word' id='word_1_519' title='bbox 1637 4080 1762 4133; x_wconf 84' lang='grc' dir='ltr'>Ὅτι</span> <span class='ocrx_word' id='word_1_520' title='bbox 1805 4081 1860 4134; x_wconf 82' lang='grc' dir='ltr'>δὲ</span> <span class='ocrx_word' id='word_1_521' title='bbox 1892 4084 1987 4135; x_wconf 74' lang='grc' dir='ltr'>καὶ</span> 
     </span>
    </p>
   </div>
   <div class='ocr_carea' id='block_1_70' title="bbox 400 4170 1986 4245">
    <p class='ocr_par' dir='ltr' id='par_1_70' title="bbox 400 4170 1986 4245">
     <span class='ocr_line' id='line_1_70' title="bbox 400 4170 1986 4245; baseline 0.001 -21"><span class='ocrx_word' id='word_1_522' title='bbox 400 4174 502 4244; x_wconf 82' lang='grc' dir='ltr'>τὴν</span> <span class='ocrx_word' id='word_1_523' title='bbox 516 4173 806 4243; x_wconf 81' lang='grc' dir='ltr'>Δαμασκὸν</span> <span class='ocrx_word' id='word_1_524' title='bbox 840 4174 980 4228; x_wconf 84' lang='grc' dir='ltr'>κατά</span> <span class='ocrx_word' id='word_1_525' title='bbox 1007 4176 1229 4244; x_wconf 76' lang='grc' dir='ltr'>καιροὺς</span> <span class='ocrx_word' id='word_1_526' title='bbox 1260 4170 1404 4244; x_wconf 77' lang='grc' dir='ltr'>εἶχεν</span> <span class='ocrx_word' id='word_1_527' title='bbox 1423 4173 1753 4245; x_wconf 83' lang='grc' dir='ltr'>ὀἈσσύριος</span> <span class='ocrx_word' id='word_1_528' title='bbox 1782 4174 1986 4242; x_wconf 87' lang='grc' dir='ltr'>Θεγλα-</span> 
     </span>
    </p>
   </div>
   <div class='ocr_carea' id='block_1_71' title="bbox 404 4260 1985 4337">
    <p class='ocr_par' dir='ltr' id='par_1_71' title="bbox 404 4260 1985 4337">
     <span class='ocr_line' id='line_1_71' title="bbox 404 4260 1985 4337; baseline 0 -19"><span class='ocrx_word' id='word_1_529' title='bbox 404 4264 678 4337; x_wconf 82' lang='grc' dir='ltr'>φαλασάρ,</span> <span class='ocrx_word' id='word_1_530' title='bbox 716 4266 810 4319; x_wconf 77' lang='grc' dir='ltr'>καὶ</span> <span class='ocrx_word' id='word_1_531' title='bbox 846 4260 1149 4337; x_wconf 62' lang='grc' dir='ltr'>μτῷκισεν</span> <span class='ocrx_word' id='word_1_532' title='bbox 1193 4268 1273 4329; x_wconf 88' lang='grc' dir='ltr'>είς</span> <span class='ocrx_word' id='word_1_533' title='bbox 1320 4266 1419 4337; x_wconf 85' lang='grc' dir='ltr'>τὴν</span> <span class='ocrx_word' id='word_1_534' title='bbox 1448 4265 1667 4330; x_wconf 80' lang='grc' dir='ltr'>ἑαυτοῦ,</span> <span class='ocrx_word' id='word_1_535' title='bbox 1702 4266 1865 4318; x_wconf 89' lang='grc' dir='ltr'>παντί</span> <span class='ocrx_word' id='word_1_536' title='bbox 1910 4283 1985 4337; x_wconf 84' lang='grc' dir='ltr'>τῳ</span> 
     </span>
    </p>
   </div>
   <div class='ocr_carea' id='block_1_72' title="bbox 405 4351 1984 4428">
    <p class='ocr_par' dir='ltr' id='par_1_72' title="bbox 405 4351 1984 4428">
     <span class='ocr_line' id='line_1_72' title="bbox 405 4351 1984 4428; baseline -0.003 -17"><span class='ocrx_word' id='word_1_537' title='bbox 405 4358 594 4427; x_wconf 82' lang='grc' dir='ltr'>σαφὲς.</span> <span class='ocrx_word' id='word_1_538' title='bbox 623 4358 873 4428; x_wconf 84' lang='grc' dir='ltr'>καθάπερ</span> <span class='ocrx_word' id='word_1_539' title='bbox 902 4351 1114 4427; x_wconf 80' lang='grc' dir='ltr'>ἐγῷμαι</span> <span class='ocrx_word' id='word_1_540' title='bbox 1133 4373 1145 4384; x_wconf 90' lang='grc'><strong>·</strong></span> <span class='ocrx_word' id='word_1_541' title='bbox 1180 4356 1255 4419; x_wconf 84' lang='grc' dir='ltr'>ὡς</span> <span class='ocrx_word' id='word_1_542' title='bbox 1285 4357 1394 4427; x_wconf 85' lang='grc' dir='ltr'>γάρ</span> <span class='ocrx_word' id='word_1_543' title='bbox 1414 4357 1472 4408; x_wconf 85' lang='grc' dir='ltr'>ὲν</span> <span class='ocrx_word' id='word_1_544' title='bbox 1496 4357 1561 4426; x_wconf 80' lang='grc' dir='ltr'>τῇ</span> <span class='ocrx_word' id='word_1_545' title='bbox 1610 4353 1845 4425; x_wconf 80' lang='grc' dir='ltr'>τετάρτῃ</span> <span class='ocrx_word' id='word_1_546' title='bbox 1876 4354 1984 4406; x_wconf 90' lang='grc' dir='ltr'>τῶν</span> 
     </span>
    </p>
   </div>
   <div class='ocr_carea' id='block_1_73' title="bbox 406 4447 1986 4521">
    <p class='ocr_par' dir='ltr' id='par_1_73' title="bbox 406 4447 1986 4521">
     <span class='ocr_line' id='line_1_73' title="bbox 406 4447 1986 4521; baseline -0.004 -17"><span class='ocrx_word' id='word_1_547' title='bbox 406 4450 705 4504; x_wconf 80' lang='grc' dir='ltr'>Βασιλειῶν</span> <span class='ocrx_word' id='word_1_548' title='bbox 743 4450 1074 4521; x_wconf 84' lang='grc' dir='ltr'>γέγραπται,</span> <span class='ocrx_word' id='word_1_549' title='bbox 1118 4448 1379 4519; x_wconf 77' lang='grc' dir='ltr'>κέκληταί</span> <span class='ocrx_word' id='word_1_550' title='bbox 1418 4465 1549 4500; x_wconf 82' lang='grc' dir='ltr'>ποτε</span> <span class='ocrx_word' id='word_1_551' title='bbox 1593 4447 1730 4516; x_wconf 85' lang='grc' dir='ltr'>πρὸς</span> <span class='ocrx_word' id='word_1_552' title='bbox 1763 4450 1986 4499; x_wconf 83' lang='grc' dir='ltr'>ἐπικου-</span> 
     </span>
    </p>
   </div>
   <div class='ocr_carea' id='block_1_74' title="bbox 408 4536 1984 4613">
    <p class='ocr_par' dir='ltr' id='par_1_74' title="bbox 408 4536 1984 4613">
     <span class='ocr_line' id='line_1_74' title="bbox 408 4536 1984 4613; baseline -0.004 -20"><span class='ocrx_word' id='word_1_553' title='bbox 408 4540 529 4613; x_wconf 89' lang='grc' dir='ltr'>ρίαν</span> <span class='ocrx_word' id='word_1_554' title='bbox 555 4541 650 4594; x_wconf 91' lang='grc' dir='ltr'>τοῦ</span> <span class='ocrx_word' id='word_1_555' title='bbox 691 4540 953 4611; x_wconf 84' lang='grc' dir='ltr'>βασιλέως</span> <span class='ocrx_word' id='word_1_556' title='bbox 999 4539 1187 4601; x_wconf 84' lang='grc' dir='ltr'>Ἰούδα,</span> <span class='ocrx_word' id='word_1_557' title='bbox 1212 4538 1590 4608; x_wconf 82' lang='grc' dir='ltr'>πολεμούντων</span> <span class='ocrx_word' id='word_1_558' title='bbox 1639 4536 1787 4606; x_wconf 82' lang='grc' dir='ltr'>αὐτῷ</span> <span class='ocrx_word' id='word_1_559' title='bbox 1832 4554 1984 4606; x_wconf 84' lang='grc' dir='ltr'>τηνι-</span> 
     </span>
    </p>
   </div>
   <div class='ocr_carea' id='block_1_75' title="bbox 2088 3344 3671 3414">
    <p class='ocr_par' dir='ltr' id='par_1_75' title="bbox 2088 3344 3671 3414">
     <span class='ocr_line' id='line_1_75' title="bbox 2088 3344 3671 3414; baseline 0.003 -17"><span class='ocrx_word' id='word_1_560' title='bbox 2088 3353 2143 3399; x_wconf 91' lang='lat' dir='ltr'>et</span> <span class='ocrx_word' id='word_1_561' title='bbox 2167 3345 2235 3399; x_wconf 91' lang='lat' dir='ltr'>ab</span> <span class='ocrx_word' id='word_1_562' title='bbox 2262 3344 2497 3399; x_wconf 87' lang='lat' dir='ltr'><strong>inimicis</strong></span> <span class='ocrx_word' id='word_1_563' title='bbox 2541 3346 2878 3414; x_wconf 81' lang='lat' dir='ltr'><strong>expugnati,</strong></span> <span class='ocrx_word' id='word_1_564' title='bbox 2927 3356 2981 3400; x_wconf 91' lang='lat' dir='ltr'>et</span> <span class='ocrx_word' id='word_1_565' title='bbox 3045 3360 3169 3400; x_wconf 89' lang='lat' dir='ltr'>cum</span> <span class='ocrx_word' id='word_1_566' title='bbox 3226 3345 3424 3400; x_wconf 81' lang='lat' dir='ltr'><strong>bellum</strong></span> <span class='ocrx_word' id='word_1_567' title='bbox 3476 3360 3671 3402; x_wconf 78' lang='lat' dir='ltr'><strong>omnes</strong></span> 
     </span>
    </p>
   </div>
   <div class='ocr_carea' id='block_1_76' title="bbox 2088 3436 3670 3505">
    <p class='ocr_par' dir='ltr' id='par_1_76' title="bbox 2088 3436 3670 3505">
     <span class='ocr_line' id='line_1_76' title="bbox 2088 3436 3670 3505; baseline 0.002 -17"><span class='ocrx_word' id='word_1_568' title='bbox 2088 3436 2479 3504; x_wconf 84' lang='lat' dir='ltr'><strong>propemodum</strong></span> <span class='ocrx_word' id='word_1_569' title='bbox 2528 3436 2974 3505; x_wconf 87' lang='lat' dir='ltr'><strong>consumpsisset,</strong></span> <span class='ocrx_word' id='word_1_570' title='bbox 3032 3437 3121 3490; x_wconf 80' lang='lat' dir='ltr'>vix</span> <span class='ocrx_word' id='word_1_571' title='bbox 3169 3438 3326 3505; x_wconf 82' lang='lat' dir='ltr'><strong>pauci</strong></span> <span class='ocrx_word' id='word_1_572' title='bbox 3376 3437 3670 3491; x_wconf 86' lang='lat' dir='ltr'><strong>admodum</strong></span> 
     </span>
    </p>
   </div>
   <div class='ocr_carea' id='block_1_77' title="bbox 2089 3527 3670 3595">
    <p class='ocr_par' dir='ltr' id='par_1_77' title="bbox 2089 3527 3670 3595">
     <span class='ocr_line' id='line_1_77' title="bbox 2089 3527 3670 3595; baseline 0.002 -16"><span class='ocrx_word' id='word_1_573' title='bbox 2089 3527 2436 3594; x_wconf 82' lang='lat' dir='ltr'><strong>transportati</strong></span> <span class='ocrx_word' id='word_1_574' title='bbox 2470 3536 2615 3587; x_wconf 89' lang='lat' dir='ltr'><strong>sunt.</strong></span> <span class='ocrx_word' id='word_1_575' title='bbox 2656 3539 3101 3595; x_wconf 90' lang='lat' dir='ltr'><strong>mortuorumque</strong></span> <span class='ocrx_word' id='word_1_576' title='bbox 3141 3530 3408 3583; x_wconf 84' lang='lat' dir='ltr'><strong>cadavera</strong></span> <span class='ocrx_word' id='word_1_577' title='bbox 3461 3530 3514 3582; x_wconf 92' lang='lat' dir='ltr'>in</span> <span class='ocrx_word' id='word_1_578' title='bbox 3583 3543 3670 3582; x_wconf 90' lang='lat' dir='ltr'><strong>re-</strong></span> 
     </span>
    </p>
   </div>
   <div class='ocr_carea' id='block_1_78' title="bbox 2086 3619 3671 3687">
    <p class='ocr_par' dir='ltr' id='par_1_78' title="bbox 2086 3619 3671 3687">
     <span class='ocr_line' id='line_1_78' title="bbox 2086 3619 3671 3687; baseline 0.003 -17"><span class='ocrx_word' id='word_1_579' title='bbox 2086 3620 2247 3687; x_wconf 87' lang='lat' dir='ltr'><strong>gione</strong></span> <span class='ocrx_word' id='word_1_580' title='bbox 2276 3628 2611 3675; x_wconf 89' lang='lat' dir='ltr'><strong>manserunt.</strong></span> <span class='ocrx_word' id='word_1_581' title='bbox 2632 3619 2757 3673; x_wconf 88' lang='lat' dir='ltr'><strong>Sive</strong></span> <span class='ocrx_word' id='word_1_582' title='bbox 2781 3621 2967 3686; x_wconf 83' lang='lat' dir='ltr'><strong>etiam,</strong></span> <span class='ocrx_word' id='word_1_583' title='bbox 2997 3621 3102 3674; x_wconf 89' lang='lat' dir='ltr'><strong>alio</strong></span> <span class='ocrx_word' id='word_1_584' title='bbox 3124 3620 3303 3684; x_wconf 93' lang='lat' dir='ltr'><strong>modo,</strong></span> <span class='ocrx_word' id='word_1_585' title='bbox 3325 3619 3470 3675; x_wconf 88' lang='lat' dir='ltr'><strong>velut</strong></span> <span class='ocrx_word' id='word_1_586' title='bbox 3494 3634 3525 3674; x_wconf 92' lang='lat' dir='ltr'>e</span> <span class='ocrx_word' id='word_1_587' title='bbox 3553 3621 3671 3674; x_wconf 81' lang='lat' dir='ltr'><strong>fau-</strong></span> 
     </span>
    </p>
   </div>
   <div class='ocr_carea' id='block_1_79' title="bbox 2087 3711 3667 3783">
    <p class='ocr_par' dir='ltr' id='par_1_79' title="bbox 2087 3711 3667 3783">
     <span class='ocr_line' id='line_1_79' title="bbox 2087 3711 3667 3783; baseline -0.002 -16"><span class='ocrx_word' id='word_1_588' title='bbox 2087 3714 2241 3768; x_wconf 89' lang='lat' dir='ltr'><strong>cibus</strong></span> <span class='ocrx_word' id='word_1_589' title='bbox 2275 3712 2453 3768; x_wconf 85' lang='lat' dir='ltr'><strong>leonis</strong></span> <span class='ocrx_word' id='word_1_590' title='bbox 2468 3714 2639 3782; x_wconf 86' lang='lat' dir='ltr'><strong>erepti</strong></span> <span class='ocrx_word' id='word_1_591' title='bbox 2672 3720 2819 3766; x_wconf 92' lang='lat' dir='ltr'><strong>sunt.</strong></span> <span class='ocrx_word' id='word_1_592' title='bbox 2847 3712 3078 3766; x_wconf 85' lang='lat' dir='ltr'><strong>Abducti</strong></span> <span class='ocrx_word' id='word_1_593' title='bbox 3098 3711 3243 3767; x_wconf 90' lang='lat' dir='ltr'><strong>enim</strong></span> <span class='ocrx_word' id='word_1_594' title='bbox 3280 3712 3332 3765; x_wconf 92' lang='lat' dir='ltr'>in</span> <span class='ocrx_word' id='word_1_595' title='bbox 3364 3711 3667 3783; x_wconf 69' lang='lat' dir='ltr'><strong>Assyriam,</strong></span> 
     </span>
    </p>
   </div>
   <div class='ocr_carea' id='block_1_80' title="bbox 2088 3804 3670 3875">
    <p class='ocr_par' dir='ltr' id='par_1_80' title="bbox 2088 3804 3670 3875">
     <span class='ocr_line' id='line_1_80' title="bbox 2088 3804 3670 3875; baseline -0.001 -15"><span class='ocrx_word' id='word_1_596' title='bbox 2088 3816 2141 3860; x_wconf 90' lang='lat' dir='ltr'>et</span> <span class='ocrx_word' id='word_1_597' title='bbox 2165 3815 2407 3875; x_wconf 89' lang='lat' dir='ltr'><strong>tempore</strong></span> <span class='ocrx_word' id='word_1_598' title='bbox 2425 3805 2641 3874; x_wconf 75' lang='lat' dir='ltr'><strong>expleto</strong></span> <span class='ocrx_word' id='word_1_599' title='bbox 2664 3805 2918 3860; x_wconf 87' lang='lat' dir='ltr'><strong>libertate</strong></span> <span class='ocrx_word' id='word_1_600' title='bbox 2947 3804 3155 3871; x_wconf 86' lang='lat' dir='ltr'><strong>donati,</strong></span> <span class='ocrx_word' id='word_1_601' title='bbox 3176 3816 3279 3858; x_wconf 84' lang='lat' dir='ltr'>non</span> <span class='ocrx_word' id='word_1_602' title='bbox 3298 3804 3516 3873; x_wconf 86' lang='lat' dir='ltr'><strong>quidem</strong></span> <span class='ocrx_word' id='word_1_603' title='bbox 3548 3817 3670 3859; x_wconf 88' lang='lat' dir='ltr'><strong>om-</strong></span> 
     </span>
    </p>
   </div>
   <div class='ocr_carea' id='block_1_81' title="bbox 2089 3895 3667 3965">
    <p class='ocr_par' dir='ltr' id='par_1_81' title="bbox 2089 3895 3667 3965">
     <span class='ocr_line' id='line_1_81' title="bbox 2089 3895 3667 3965; baseline 0 -15"><span class='ocrx_word' id='word_1_604' title='bbox 2089 3912 2205 3960; x_wconf 88' lang='lat' dir='ltr'><strong>nes,</strong></span> <span class='ocrx_word' id='word_1_605' title='bbox 2226 3899 2321 3951; x_wconf 90' lang='lat' dir='ltr'>sed</span> <span class='ocrx_word' id='word_1_606' title='bbox 2346 3896 2506 3965; x_wconf 87' lang='lat' dir='ltr'><strong>pauci</strong></span> <span class='ocrx_word' id='word_1_607' title='bbox 2536 3897 2760 3951; x_wconf 91' lang='lat' dir='ltr'><strong>omnino</strong></span> <span class='ocrx_word' id='word_1_608' title='bbox 2802 3910 2991 3950; x_wconf 88' lang='lat' dir='ltr'><strong>eorum</strong></span> <span class='ocrx_word' id='word_1_609' title='bbox 3032 3896 3124 3964; x_wconf 91' lang='lat' dir='ltr'>qui</span> <span class='ocrx_word' id='word_1_610' title='bbox 3168 3896 3393 3951; x_wconf 89' lang='lat' dir='ltr'><strong>abducti</strong></span> <span class='ocrx_word' id='word_1_611' title='bbox 3426 3895 3667 3958; x_wconf 83' lang='lat' dir='ltr'><strong>fuerant,</strong></span> 
     </span>
    </p>
   </div>
   <div class='ocr_carea' id='block_1_82' title="bbox 2089 3987 3666 4058">
    <p class='ocr_par' dir='ltr' id='par_1_82' title="bbox 2089 3987 3666 4058">
     <span class='ocr_line' id='line_1_82' title="bbox 2089 3987 3666 4058; baseline 0 -17"><span class='ocrx_word' id='word_1_612' title='bbox 2089 3989 2387 4043; x_wconf 75' lang='lat' dir='ltr'><strong>redierunt.</strong></span> <span class='ocrx_word' id='word_1_613' title='bbox 2422 3988 2689 4043; x_wconf 87' lang='lat' dir='ltr'><strong>Habuisse</strong></span> <span class='ocrx_word' id='word_1_614' title='bbox 2718 3996 2898 4043; x_wconf 87' lang='lat' dir='ltr'><strong>autem</strong></span> <span class='ocrx_word' id='word_1_615' title='bbox 2941 3987 3263 4044; x_wconf 82' lang='lat' dir='ltr'><strong>Damascum</strong></span> <span class='ocrx_word' id='word_1_616' title='bbox 3304 3988 3594 4058; x_wconf 86' lang='lat' dir='ltr'><strong>aliquando</strong></span> <span class='ocrx_word' id='word_1_617' title='bbox 3610 3996 3666 4043; x_wconf 88' lang='lat' dir='ltr'>et</span> 
     </span>
    </p>
   </div>
   <div class='ocr_carea' id='block_1_83' title="bbox 2088 4078 3669 4149">
    <p class='ocr_par' dir='ltr' id='par_1_83' title="bbox 2088 4078 3669 4149">
     <span class='ocr_line' id='line_1_83' title="bbox 2088 4078 3669 4149; baseline 0.001 -15"><span class='ocrx_word' id='word_1_618' title='bbox 2088 4080 2545 4149; x_wconf 78' lang='lat' dir='ltr'><strong>Theglaphalasar</strong></span> <span class='ocrx_word' id='word_1_619' title='bbox 2569 4079 2871 4149; x_wconf 83' lang='lat' dir='ltr'><strong>Assyrium,</strong></span> <span class='ocrx_word' id='word_1_620' title='bbox 2901 4090 2956 4134; x_wconf 89' lang='lat' dir='ltr'>et</span> <span class='ocrx_word' id='word_1_621' title='bbox 2979 4079 3126 4134; x_wconf 87' lang='lat' dir='ltr'><strong>cives</strong></span> <span class='ocrx_word' id='word_1_622' title='bbox 3156 4078 3277 4135; x_wconf 89' lang='lat' dir='ltr'><strong>illos</strong></span> <span class='ocrx_word' id='word_1_623' title='bbox 3307 4081 3358 4134; x_wconf 93' lang='lat' dir='ltr'>in</span> <span class='ocrx_word' id='word_1_624' title='bbox 3390 4081 3669 4149; x_wconf 86' lang='lat' dir='ltr'><strong>Assyriam</strong></span> 
     </span>
    </p>
   </div>
   <div class='ocr_carea' id='block_1_84' title="bbox 2090 4170 3667 4239">
    <p class='ocr_par' dir='ltr' id='par_1_84' title="bbox 2090 4170 3667 4239">
     <span class='ocr_line' id='line_1_84' title="bbox 2090 4170 3667 4239; baseline 0 -15"><span class='ocrx_word' id='word_1_625' title='bbox 2090 4172 2448 4236; x_wconf 86' lang='lat' dir='ltr'><strong>transtulisse,</strong></span> <span class='ocrx_word' id='word_1_626' title='bbox 2473 4172 2741 4225; x_wconf 90' lang='lat' dir='ltr'><strong>neminem</strong></span> <span class='ocrx_word' id='word_1_627' title='bbox 2769 4170 2919 4235; x_wconf 84' lang='lat' dir='ltr'><strong>latet,</strong></span> <span class='ocrx_word' id='word_1_628' title='bbox 2953 4181 3009 4223; x_wconf 89' lang='lat' dir='ltr'>ut</span> <span class='ocrx_word' id='word_1_629' title='bbox 3052 4172 3261 4239; x_wconf 88' lang='lat' dir='ltr'><strong>opinor.</strong></span> <span class='ocrx_word' id='word_1_630' title='bbox 3312 4170 3381 4226; x_wconf 92' lang='lat' dir='ltr'><strong>Ut</strong></span> <span class='ocrx_word' id='word_1_631' title='bbox 3410 4172 3553 4225; x_wconf 90' lang='lat' dir='ltr'><strong>enim</strong></span> <span class='ocrx_word' id='word_1_632' title='bbox 3614 4172 3667 4225; x_wconf 92' lang='lat' dir='ltr'>in</span> 
     </span>
    </p>
   </div>
   <div class='ocr_carea' id='block_1_85' title="bbox 2087 4263 3669 4332">
    <p class='ocr_par' dir='ltr' id='par_1_85' title="bbox 2087 4263 3669 4332">
     <span class='ocr_line' id='line_1_85' title="bbox 2087 4263 3669 4332; baseline -0.001 -15"><span class='ocrx_word' id='word_1_633' title='bbox 2087 4271 2279 4332; x_wconf 85' lang='lat' dir='ltr'><strong>quarto</strong></span> <span class='ocrx_word' id='word_1_634' title='bbox 2304 4264 2506 4332; x_wconf 81' lang='lat' dir='ltr'><strong>Regum</strong></span> <span class='ocrx_word' id='word_1_635' title='bbox 2540 4263 2792 4331; x_wconf 81' lang='lat' dir='ltr'><strong>legimus,</strong></span> <span class='ocrx_word' id='word_1_636' title='bbox 2811 4272 3034 4317; x_wconf 74' lang='lat' dir='ltr'><strong>vocatus</strong></span> <span class='ocrx_word' id='word_1_637' title='bbox 3056 4272 3141 4316; x_wconf 87' lang='lat' dir='ltr'>est</span> <span class='ocrx_word' id='word_1_638' title='bbox 3160 4263 3393 4330; x_wconf 85' lang='lat' dir='ltr'><strong>quodam</strong></span> <span class='ocrx_word' id='word_1_639' title='bbox 3429 4272 3669 4329; x_wconf 87' lang='lat' dir='ltr'><strong>tempore</strong></span> 
     </span>
    </p>
   </div>
   <div class='ocr_carea' id='block_1_86' title="bbox 2089 4352 3669 4423">
    <p class='ocr_par' dir='ltr' id='par_1_86' title="bbox 2089 4352 3669 4423">
     <span class='ocr_line' id='line_1_86' title="bbox 2089 4352 3669 4423; baseline -0.001 -14"><span class='ocrx_word' id='word_1_640' title='bbox 2089 4356 2143 4409; x_wconf 91' lang='lat' dir='ltr'>in</span> <span class='ocrx_word' id='word_1_641' title='bbox 2170 4355 2429 4410; x_wconf 82' lang='lat' dir='ltr'><strong>auxilium</strong></span> <span class='ocrx_word' id='word_1_642' title='bbox 2461 4356 2604 4421; x_wconf 76' lang='lat' dir='ltr'><strong>regis</strong></span> <span class='ocrx_word' id='word_1_643' title='bbox 2633 4354 2794 4419; x_wconf 84' lang='lat' dir='ltr'><strong>Juda,</strong></span> <span class='ocrx_word' id='word_1_644' title='bbox 2846 4355 3079 4418; x_wconf 88' lang='lat' dir='ltr'><strong>Phacee,</strong></span> <span class='ocrx_word' id='word_1_645' title='bbox 3120 4353 3231 4409; x_wconf 82' lang='lat' dir='ltr'><strong>lilio</strong></span> <span class='ocrx_word' id='word_1_646' title='bbox 3262 4352 3519 4409; x_wconf 76' lang='lat' dir='ltr'><strong>Romelize</strong></span> <span class='ocrx_word' id='word_1_647' title='bbox 3544 4368 3669 4423; x_wconf 69' lang='lat' dir='ltr'><strong>rege</strong></span> 
     </span>
    </p>
   </div>
   <div class='ocr_carea' id='block_1_87' title="bbox 2087 4445 3670 4517">
    <p class='ocr_par' dir='ltr' id='par_1_87' title="bbox 2087 4445 3670 4517">
     <span class='ocr_line' id='line_1_87' title="bbox 2087 4445 3670 4517; baseline -0.001 -17"><span class='ocrx_word' id='word_1_648' title='bbox 2087 4446 2272 4511; x_wconf 88' lang='lat' dir='ltr'><strong>Israel,</strong></span> <span class='ocrx_word' id='word_1_649' title='bbox 2308 4447 2470 4517; x_wconf 77' lang='lat'>285</span> <span class='ocrx_word' id='word_1_650' title='bbox 2496 4457 2547 4502; x_wconf 90' lang='lat' dir='ltr'>et</span> <span class='ocrx_word' id='word_1_651' title='bbox 2576 4448 2721 4513; x_wconf 84' lang='lat' dir='ltr'><strong>Rasi,</strong></span> <span class='ocrx_word' id='word_1_652' title='bbox 2759 4462 2885 4513; x_wconf 81' lang='lat' dir='ltr'><strong>rege</strong></span> <span class='ocrx_word' id='word_1_653' title='bbox 2918 4446 3107 4515; x_wconf 69' lang='lat' dir='ltr'><strong>Syriae.</strong></span> <span class='ocrx_word' id='word_1_654' title='bbox 3131 4446 3278 4500; x_wconf 89' lang='lat' dir='ltr'><strong>illum</strong></span> <span class='ocrx_word' id='word_1_655' title='bbox 3309 4445 3670 4516; x_wconf 83' lang='lat' dir='ltr'><strong>oppugnanti-</strong></span> 
     </span>
    </p>
   </div>
   <div class='ocr_carea' id='block_1_88' title="bbox 2088 4536 3666 4606">
    <p class='ocr_par' dir='ltr' id='par_1_88' title="bbox 2088 4536 3666 4606">
     <span class='ocr_line' id='line_1_88' title="bbox 2088 4536 3666 4606; baseline -0.004 -12"><span class='ocrx_word' id='word_1_656' title='bbox 2088 4540 2207 4594; x_wconf 89' lang='lat' dir='ltr'><strong>bus.</strong></span> <span class='ocrx_word' id='word_1_657' title='bbox 2242 4537 2341 4593; x_wconf 89' lang='lat' dir='ltr'>Ubi</span> <span class='ocrx_word' id='word_1_658' title='bbox 2387 4538 2555 4601; x_wconf 86' lang='lat' dir='ltr'><strong>veuit,</strong></span> <span class='ocrx_word' id='word_1_659' title='bbox 2609 4538 2775 4592; x_wconf 69' lang='lat' dir='ltr'><strong>[lasin</strong></span> <span class='ocrx_word' id='word_1_660' title='bbox 2836 4538 3056 4598; x_wconf 85' lang='lat' dir='ltr'><strong>occidit,</strong></span> <span class='ocrx_word' id='word_1_661' title='bbox 3118 4537 3287 4606; x_wconf 87' lang='lat' dir='ltr'><strong>ipsam</strong></span> <span class='ocrx_word' id='word_1_662' title='bbox 3340 4536 3666 4590; x_wconf 83' lang='lat' dir='ltr'><strong>Damascum</strong></span> 
     </span>
    </p>
   </div>
   <div class='ocr_carea' id='block_1_89' title="bbox 406 4620 2323 4703">
    <p class='ocr_par' dir='ltr' id='par_1_89' title="bbox 406 4620 2323 4703">
     <span class='ocr_line' id='line_1_89' title="bbox 406 4620 2323 4703; baseline 0 -18"><span class='ocrx_word' id='word_1_663' title='bbox 406 4633 536 4687; x_wconf 76' lang='grc' dir='ltr'>κάδε</span> <span class='ocrx_word' id='word_1_664' title='bbox 584 4634 760 4686; x_wconf 78' lang='grc' dir='ltr'>Φακεὲ</span> <span class='ocrx_word' id='word_1_665' title='bbox 804 4633 898 4687; x_wconf 88' lang='grc' dir='ltr'>τοῦ</span> <span class='ocrx_word' id='word_1_666' title='bbox 954 4633 1230 4703; x_wconf 85' lang='grc' dir='ltr'>Ῥομελίου</span> <span class='ocrx_word' id='word_1_667' title='bbox 1280 4630 1546 4700; x_wconf 82' lang='grc' dir='ltr'>βασιλέως</span> <span class='ocrx_word' id='word_1_668' title='bbox 1600 4630 1836 4701; x_wconf 83' lang='grc' dir='ltr'>Ἰσραὴλ,</span> <span class='ocrx_word' id='word_1_669' title='bbox 1885 4631 1979 4682; x_wconf 77' lang='grc' dir='ltr'>καὶ</span> <span class='ocrx_word' id='word_1_670' title='bbox 2015 4620 2056 4673; x_wconf 85' lang='grc' dir='ltr'>Ῑ)</span> <span class='ocrx_word' id='word_1_671' title='bbox 2086 4632 2226 4699; x_wconf 85' lang='lat' dir='ltr'><strong>cepit</strong></span> <span class='ocrx_word' id='word_1_672' title='bbox 2256 4631 2323 4685; x_wconf 72' lang='grc'>’³.</span> 
     </span>
    </p>
   </div>
   <div class='ocr_carea' id='block_1_90' title="bbox 408 4715 3668 4797">
    <p class='ocr_par' dir='ltr' id='par_1_90' title="bbox 408 4715 3668 4797">
     <span class='ocr_line' id='line_1_90' title="bbox 408 4715 3668 4797; baseline -0.002 -18"><span class='ocrx_word' id='word_1_673' title='bbox 408 4727 509 4796; x_wconf 87' lang='grc' dir='ltr'>μέν</span> <span class='ocrx_word' id='word_1_674' title='bbox 533 4744 617 4779; x_wconf 90' lang='grc' dir='ltr'>τοι</span> <span class='ocrx_word' id='word_1_675' title='bbox 662 4728 755 4780; x_wconf 84' lang='grc' dir='ltr'>καὶ</span> <span class='ocrx_word' id='word_1_676' title='bbox 799 4727 1043 4780; x_wconf 82' lang='grc' dir='ltr'>Ῥαασὼν</span> <span class='ocrx_word' id='word_1_677' title='bbox 1088 4725 1351 4797; x_wconf 84' lang='grc' dir='ltr'>βασιλέως</span> <span class='ocrx_word' id='word_1_678' title='bbox 1418 4724 1635 4791; x_wconf 71' lang='grc' dir='ltr'>Συρίαςο</span> <span class='ocrx_word' id='word_1_679' title='bbox 1689 4724 2013 4793; x_wconf 84' lang='grc' dir='ltr'>Ἀφιγμένος</span> <span class='ocrx_word' id='word_1_680' title='bbox 2056 4724 2111 4777; x_wconf 83' lang='grc' dir='ltr'>δὲ</span> <span class='ocrx_word' id='word_1_681' title='bbox 2147 4725 2238 4777; x_wconf 83' lang='grc' dir='ltr'>τόν</span> <span class='ocrx_word' id='word_1_682' title='bbox 2272 4742 2343 4783; x_wconf 67' lang='grc' dir='ltr'>τε,</span> <span class='ocrx_word' id='word_1_683' title='bbox 2388 4724 2636 4777; x_wconf 83' lang='grc' dir='ltr'>Ῥαασὼν</span> <span class='ocrx_word' id='word_1_684' title='bbox 2666 4724 2974 4786; x_wconf 83' lang='grc' dir='ltr'>ἀπέκτεινε,</span> <span class='ocrx_word' id='word_1_685' title='bbox 3030 4725 3123 4774; x_wconf 76' lang='grc' dir='ltr'>καὶ</span> <span class='ocrx_word' id='word_1_686' title='bbox 3173 4721 3340 4793; x_wconf 76' lang='grc' dir='ltr'>αὐτὴν</span> <span class='ocrx_word' id='word_1_687' title='bbox 3414 4715 3523 4773; x_wconf 81' lang='grc' dir='ltr'>εἷλε</span> <span class='ocrx_word' id='word_1_688' title='bbox 3569 4717 3668 4790; x_wconf 82' lang='grc' dir='ltr'>τὴν</span> 
     </span>
    </p>
   </div>
   <div class='ocr_carea' id='block_1_91' title="bbox 406 4820 712 4891">
    <p class='ocr_par' dir='ltr' id='par_1_91' title="bbox 406 4820 712 4891">
     <span class='ocr_line' id='line_1_91' title="bbox 406 4820 712 4891; baseline 0.01 -18"><span class='ocrx_word' id='word_1_689' title='bbox 406 4820 712 4891; x_wconf 72' lang='grc' dir='ltr'>Δαμασκόν.</span> 
     </span>
    </p>
   </div>
   <div class='ocr_carea' id='block_1_92' title="bbox 478 4913 1980 4987">
    <p class='ocr_par' dir='ltr' id='par_1_92' title="bbox 478 4913 1980 4987">
     <span class='ocr_line' id='line_1_92' title="bbox 478 4913 1980 4987; baseline -0.003 -18"><span class='ocrx_word' id='word_1_690' title='bbox 478 4917 539 4969; x_wconf 86' lang='grc' dir='ltr'>Εί</span> <span class='ocrx_word' id='word_1_691' title='bbox 562 4918 616 4969; x_wconf 80' lang='grc' dir='ltr'>δὲ</span> <span class='ocrx_word' id='word_1_692' title='bbox 654 4916 715 4987; x_wconf 89' lang='grc' dir='ltr'>δή</span> <span class='ocrx_word' id='word_1_693' title='bbox 740 4932 822 4977; x_wconf 86' lang='grc' dir='ltr'>τις</span> <span class='ocrx_word' id='word_1_694' title='bbox 847 4915 1022 4967; x_wconf 73' lang='grc' dir='ltr'>ἕλοιτο</span> <span class='ocrx_word' id='word_1_695' title='bbox 1050 4915 1145 4969; x_wconf 81' lang='grc' dir='ltr'>καὶ</span> <span class='ocrx_word' id='word_1_696' title='bbox 1175 4917 1270 4968; x_wconf 74' lang='grc' dir='ltr'>ἐπὶ</span> <span class='ocrx_word' id='word_1_697' title='bbox 1298 4916 1507 4978; x_wconf 79' lang='grc' dir='ltr'>πάντας</span> <span class='ocrx_word' id='word_1_698' title='bbox 1530 4914 1851 4986; x_wconf 80' lang='grc' dir='ltr'>ἀνθρώπους</span> <span class='ocrx_word' id='word_1_699' title='bbox 1881 4913 1980 4984; x_wconf 87' lang='grc' dir='ltr'>τὴν</span> 
     </span>
    </p>
   </div>
   <div class='ocr_carea' id='block_1_93' title="bbox 405 5004 1983 5077">
    <p class='ocr_par' dir='ltr' id='par_1_93' title="bbox 405 5004 1983 5077">
     <span class='ocr_line' id='line_1_93' title="bbox 405 5004 1983 5077; baseline 0 -18"><span class='ocrx_word' id='word_1_700' title='bbox 405 5008 470 5059; x_wconf 79' lang='grc' dir='ltr'>ἐκ</span> <span class='ocrx_word' id='word_1_701' title='bbox 498 5006 597 5076; x_wconf 86' lang='grc' dir='ltr'>τῆς</span> <span class='ocrx_word' id='word_1_702' title='bbox 631 5005 1010 5077; x_wconf 84' lang='grc' dir='ltr'>προκειμένων</span> <span class='ocrx_word' id='word_1_703' title='bbox 1055 5004 1287 5073; x_wconf 87' lang='grc' dir='ltr'>δύναμιν</span> <span class='ocrx_word' id='word_1_704' title='bbox 1342 5008 1665 5077; x_wconf 63' lang='grc' dir='ltr'>ἀποφέρειν,</span> <span class='ocrx_word' id='word_1_705' title='bbox 1713 5007 1814 5059; x_wconf 75' lang='grc' dir='ltr'>οὐκ</span> <span class='ocrx_word' id='word_1_706' title='bbox 1874 5006 1983 5059; x_wconf 80' lang='grc' dir='ltr'>ἀπὸ</span> 
     </span>
    </p>
   </div>
   <div class='ocr_carea' id='block_1_94' title="bbox 409 5092 1985 5166">
    <p class='ocr_par' dir='ltr' id='par_1_94' title="bbox 409 5092 1985 5166">
     <span class='ocr_line' id='line_1_94' title="bbox 409 5092 1985 5166; baseline 0.004 -21"><span class='ocrx_word' id='word_1_707' title='bbox 409 5092 613 5146; x_wconf 88' lang='grc' dir='ltr'>σκοποῦ</span> <span class='ocrx_word' id='word_1_708' title='bbox 652 5094 934 5164; x_wconf 85' lang='grc' dir='ltr'>βαδιεῖται.</span> <span class='ocrx_word' id='word_1_709' title='bbox 966 5095 1199 5165; x_wconf 85' lang='grc' dir='ltr'>Συνήσει</span> <span class='ocrx_word' id='word_1_710' title='bbox 1234 5096 1341 5166; x_wconf 83' lang='grc' dir='ltr'>γὰρ</span> <span class='ocrx_word' id='word_1_711' title='bbox 1371 5096 1455 5165; x_wconf 78' lang='grc' dir='ltr'>δὴ,</span> <span class='ocrx_word' id='word_1_712' title='bbox 1493 5097 1587 5150; x_wconf 78' lang='grc' dir='ltr'>καὶ</span> <span class='ocrx_word' id='word_1_713' title='bbox 1617 5096 1737 5149; x_wconf 87' lang='grc' dir='ltr'>λίαν</span> <span class='ocrx_word' id='word_1_714' title='bbox 1764 5096 1939 5166; x_wconf 85' lang='grc' dir='ltr'>ὀρθῶς</span> <span class='ocrx_word' id='word_1_715' title='bbox 1965 5136 1985 5160; x_wconf 45' lang='grc' dir='ltr'>,η</span> 
     </span>
    </p>
   </div>
   <div class='ocr_carea' id='block_1_95' title="bbox 406 5186 1980 5259">
    <p class='ocr_par' dir='ltr' id='par_1_95' title="bbox 406 5186 1980 5259">
     <span class='ocr_line' id='line_1_95' title="bbox 406 5186 1980 5259; baseline 0.003 -22"><span class='ocrx_word' id='word_1_716' title='bbox 406 5187 582 5240; x_wconf 78' lang='grc' dir='ltr'>ἐκεῖνο</span> <span class='ocrx_word' id='word_1_717' title='bbox 615 5186 1090 5257; x_wconf 88' lang='grc' dir='ltr'>διενθυμούμενος,</span> <span class='ocrx_word' id='word_1_718' title='bbox 1142 5189 1218 5251; x_wconf 86' lang='grc' dir='ltr'>ώς</span> <span class='ocrx_word' id='word_1_719' title='bbox 1249 5189 1465 5259; x_wconf 74' lang='grc' dir='ltr'>ἥρπασε</span> <span class='ocrx_word' id='word_1_720' title='bbox 1504 5189 1602 5257; x_wconf 84' lang='grc' dir='ltr'>μὲν</span> <span class='ocrx_word' id='word_1_721' title='bbox 1644 5191 1672 5241; x_wconf 90' lang='grc' dir='ltr'>ὁ</span> <span class='ocrx_word' id='word_1_722' title='bbox 1701 5188 1945 5251; x_wconf 82' lang='grc' dir='ltr'>Σατανᾶς</span> <span class='ocrx_word' id='word_1_723' title='bbox 1965 5228 1980 5253; x_wconf 91' lang='grc'>,</span> 
     </span>
    </p>
   </div>
   <div class='ocr_carea' id='block_1_96' title="bbox 406 5278 1981 5351">
    <p class='ocr_par' dir='ltr' id='par_1_96' title="bbox 406 5278 1981 5351">
     <span class='ocr_line' id='line_1_96' title="bbox 406 5278 1981 5351; baseline 0 -20"><span class='ocrx_word' id='word_1_724' title='bbox 406 5279 501 5331; x_wconf 74' lang='grc' dir='ltr'>καὶ</span> <span class='ocrx_word' id='word_1_725' title='bbox 527 5278 851 5348; x_wconf 84' lang='grc' dir='ltr'>κατεδήδοκε</span> <span class='ocrx_word' id='word_1_726' title='bbox 876 5281 1002 5342; x_wconf 76' lang='grc' dir='ltr'>τοὺς</span> <span class='ocrx_word' id='word_1_727' title='bbox 1031 5280 1121 5332; x_wconf 74' lang='grc' dir='ltr'>ἐπὶ</span> <span class='ocrx_word' id='word_1_728' title='bbox 1141 5282 1241 5350; x_wconf 86' lang='grc' dir='ltr'>τῆς</span> <span class='ocrx_word' id='word_1_729' title='bbox 1270 5281 1393 5351; x_wconf 83' lang='grc' dir='ltr'>γῆς,</span> <span class='ocrx_word' id='word_1_730' title='bbox 1418 5280 1510 5332; x_wconf 72' lang='grc' dir='ltr'>καὶ</span> <span class='ocrx_word' id='word_1_731' title='bbox 1539 5279 1745 5349; x_wconf 83' lang='grc' dir='ltr'>θηρίων</span> <span class='ocrx_word' id='word_1_732' title='bbox 1776 5280 1981 5349; x_wconf 84' lang='grc' dir='ltr'>ἀνημέ-</span> 
     </span>
    </p>
   </div>
   <div class='ocr_carea' id='block_1_97' title="bbox 409 5369 1981 5442">
    <p class='ocr_par' dir='ltr' id='par_1_97' title="bbox 409 5369 1981 5442">
     <span class='ocr_line' id='line_1_97' title="bbox 409 5369 1981 5442; baseline -0.002 -17"><span class='ocrx_word' id='word_1_733' title='bbox 409 5388 518 5442; x_wconf 87' lang='grc' dir='ltr'>ρων</span> <span class='ocrx_word' id='word_1_734' title='bbox 578 5370 899 5441; x_wconf 89' lang='grc' dir='ltr'>δεινότερον·</span> <span class='ocrx_word' id='word_1_735' title='bbox 954 5371 1069 5425; x_wconf 83' lang='grc' dir='ltr'>ἀλλ’</span> <span class='ocrx_word' id='word_1_736' title='bbox 1118 5371 1386 5441; x_wconf 74' lang='grc' dir='ltr'>ἐπεφάνη,</span> <span class='ocrx_word' id='word_1_737' title='bbox 1438 5372 1531 5423; x_wconf 77' lang='grc' dir='ltr'>καὶ</span> <span class='ocrx_word' id='word_1_738' title='bbox 1591 5369 1923 5441; x_wconf 78' lang='grc' dir='ltr'>βεΰοήθηκεν</span> <span class='ocrx_word' id='word_1_739' title='bbox 1952 5370 1981 5421; x_wconf 88' lang='grc' dir='ltr'>ὀ</span> 
     </span>
    </p>
   </div>
   <div class='ocr_carea' id='block_1_98' title="bbox 406 5461 1979 5533">
    <p class='ocr_par' dir='ltr' id='par_1_98' title="bbox 406 5461 1979 5533">
     <span class='ocr_line' id='line_1_98' title="bbox 406 5461 1979 5533; baseline -0.001 -18"><span class='ocrx_word' id='word_1_740' title='bbox 406 5461 611 5532; x_wconf 80' lang='grc' dir='ltr'>ποιμὴν</span> <span class='ocrx_word' id='word_1_741' title='bbox 641 5464 669 5515; x_wconf 91' lang='grc' dir='ltr'>ὀ</span> <span class='ocrx_word' id='word_1_742' title='bbox 696 5463 881 5525; x_wconf 87' lang='grc' dir='ltr'>καλὸς,</span> <span class='ocrx_word' id='word_1_743' title='bbox 930 5465 958 5514; x_wconf 93' lang='grc' dir='ltr'>ὀ</span> <span class='ocrx_word' id='word_1_744' title='bbox 1002 5463 1099 5533; x_wconf 81' lang='grc' dir='ltr'>τὴν</span> <span class='ocrx_word' id='word_1_745' title='bbox 1128 5463 1305 5533; x_wconf 67' lang='grc' dir='ltr'>ψυχὴν</span> <span class='ocrx_word' id='word_1_746' title='bbox 1345 5462 1507 5515; x_wconf 80' lang='grc' dir='ltr'>αὑτοῦ</span> <span class='ocrx_word' id='word_1_747' title='bbox 1550 5462 1664 5525; x_wconf 72' lang='grc' dir='ltr'>θεὶς</span> <span class='ocrx_word' id='word_1_748' title='bbox 1702 5462 1843 5533; x_wconf 84' lang='grc' dir='ltr'>ὑπὲρ</span> <span class='ocrx_word' id='word_1_749' title='bbox 1873 5462 1979 5517; x_wconf 84' lang='grc' dir='ltr'>τῶν</span> 
     </span>
    </p>
   </div>
   <div class='ocr_carea' id='block_1_99' title="bbox 410 5555 1982 5633">
    <p class='ocr_par' dir='ltr' id='par_1_99' title="bbox 410 5555 1982 5633">
     <span class='ocr_line' id='line_1_99' title="bbox 410 5555 1982 5633; baseline 0 -25"><span class='ocrx_word' id='word_1_750' title='bbox 410 5555 719 5626; x_wconf 82' lang='grc' dir='ltr'>προϐάτων,</span> <span class='ocrx_word' id='word_1_751' title='bbox 741 5555 1036 5620; x_wconf 80' lang='grc' dir='ltr'>ἐξέσπασεν</span> <span class='ocrx_word' id='word_1_752' title='bbox 1066 5557 1212 5625; x_wconf 80' lang='grc' dir='ltr'>ἡμᾶς</span> <span class='ocrx_word' id='word_1_753' title='bbox 1247 5556 1371 5618; x_wconf 88' lang='grc' dir='ltr'>τούς</span> <span class='ocrx_word' id='word_1_754' title='bbox 1400 5573 1459 5607; x_wconf 88' lang='grc' dir='ltr'>τε</span> <span class='ocrx_word' id='word_1_755' title='bbox 1490 5556 1982 5633; x_wconf 74' lang='grc' dir='ltr'>ὑπολελειμμένους</span> 
     </span>
    </p>
   </div>
   <div class='ocr_carea' id='block_1_100' title="bbox 404 5647 1983 5719">
    <p class='ocr_par' dir='ltr' id='par_1_100' title="bbox 404 5647 1983 5719">
     <span class='ocr_line' id='line_1_100' title="bbox 404 5647 1983 5719; baseline 0.001 -18"><span class='ocrx_word' id='word_1_756' title='bbox 404 5650 464 5705; x_wconf 70' lang='grc' dir='ltr'>ὲν</span> <span class='ocrx_word' id='word_1_757' title='bbox 496 5647 651 5713; x_wconf 75' lang='grc' dir='ltr'>ζῶσι,</span> <span class='ocrx_word' id='word_1_758' title='bbox 688 5650 783 5703; x_wconf 82' lang='grc' dir='ltr'>καὶ</span> <span class='ocrx_word' id='word_1_759' title='bbox 828 5650 953 5712; x_wconf 78' lang='grc' dir='ltr'>τοὺς</span> <span class='ocrx_word' id='word_1_760' title='bbox 983 5650 1083 5718; x_wconf 78' lang='grc' dir='ltr'>ήδη</span> <span class='ocrx_word' id='word_1_761' title='bbox 1136 5648 1458 5711; x_wconf 83' lang='grc' dir='ltr'>τεθνεῶτας.</span> <span class='ocrx_word' id='word_1_762' title='bbox 1498 5652 1584 5712; x_wconf 85' lang='grc' dir='ltr'>Ὠς</span> <span class='ocrx_word' id='word_1_763' title='bbox 1621 5651 1727 5719; x_wconf 78' lang='grc' dir='ltr'>γάρ</span> <span class='ocrx_word' id='word_1_764' title='bbox 1763 5668 1924 5719; x_wconf 69' lang='grc' dir='ltr'>φησιν</span> <span class='ocrx_word' id='word_1_765' title='bbox 1956 5653 1983 5703; x_wconf 82' lang='grc' dir='ltr'>ὀ</span> 
     </span>
    </p>
   </div>
   <div class='ocr_carea' id='block_1_101' title="bbox 491 5829 1041 5899">
    <p class='ocr_par' dir='ltr' id='par_1_101' title="bbox 491 5829 1041 5899">
     <span class='ocr_line' id='line_1_101' title="bbox 491 5829 1041 5899; baseline -0.005 -12"><span class='ocrx_word' id='word_1_766' title='bbox 491 5829 665 5887; x_wconf 79' lang='lat' dir='ltr'><strong>&quot;lsa.</strong></span> <span class='ocrx_word' id='word_1_767' title='bbox 707 5848 911 5899; x_wconf 75' lang='lat' dir='ltr'><strong>xuw,</strong></span> <span class='ocrx_word' id='word_1_768' title='bbox 954 5831 1041 5886; x_wconf 76' lang='grc'>51.</span> 
     </span>
    </p>
   </div>
   <div class='ocr_carea' id='block_1_102' title="bbox 2162 4907 3667 4979">
    <p class='ocr_par' dir='ltr' id='par_1_102' title="bbox 2162 4907 3667 4979">
     <span class='ocr_line' id='line_1_102' title="bbox 2162 4907 3667 4979; baseline 0 -13"><span class='ocrx_word' id='word_1_769' title='bbox 2162 4912 2238 4966; x_wconf 80' lang='lat' dir='ltr'><strong>Ac</strong></span> <span class='ocrx_word' id='word_1_770' title='bbox 2271 4910 2316 4965; x_wconf 87' lang='lat' dir='ltr'>si</span> <span class='ocrx_word' id='word_1_771' title='bbox 2373 4909 2492 4979; x_wconf 91' lang='lat' dir='ltr'><strong>quis</strong></span> <span class='ocrx_word' id='word_1_772' title='bbox 2542 4908 2940 4979; x_wconf 89' lang='lat' dir='ltr'><strong>propositorum</strong></span> <span class='ocrx_word' id='word_1_773' title='bbox 2999 4907 3322 4962; x_wconf 88' lang='lat' dir='ltr'><strong>sententiam</strong></span> <span class='ocrx_word' id='word_1_774' title='bbox 3367 4912 3667 4978; x_wconf 88' lang='lat' dir='ltr'><strong>generatim</strong></span> 
     </span>
    </p>
   </div>
   <div class='ocr_carea' id='block_1_103' title="bbox 2094 4997 3667 5069">
    <p class='ocr_par' dir='ltr' id='par_1_103' title="bbox 2094 4997 3667 5069">
     <span class='ocr_line' id='line_1_103' title="bbox 2094 4997 3667 5069; baseline 0 -13"><span class='ocrx_word' id='word_1_775' title='bbox 2094 5004 2158 5056; x_wconf 86' lang='lat' dir='ltr'>ad</span> <span class='ocrx_word' id='word_1_776' title='bbox 2195 5015 2386 5057; x_wconf 89' lang='lat' dir='ltr'><strong>omnes</strong></span> <span class='ocrx_word' id='word_1_777' title='bbox 2441 5001 2689 5056; x_wconf 85' lang='lat' dir='ltr'><strong>homines</strong></span> <span class='ocrx_word' id='word_1_778' title='bbox 2740 4998 2945 5054; x_wconf 80' lang='lat' dir='ltr'><strong>referre</strong></span> <span class='ocrx_word' id='word_1_779' title='bbox 2988 4997 3240 5061; x_wconf 90' lang='lat' dir='ltr'><strong>voluerit,</strong></span> <span class='ocrx_word' id='word_1_780' title='bbox 3276 5013 3307 5053; x_wconf 89' lang='lat' dir='ltr'>a</span> <span class='ocrx_word' id='word_1_781' title='bbox 3354 5014 3519 5069; x_wconf 92' lang='lat' dir='ltr'><strong>scopo</strong></span> <span class='ocrx_word' id='word_1_782' title='bbox 3561 5018 3667 5057; x_wconf 88' lang='lat' dir='ltr'>non</span> 
     </span>
    </p>
   </div>
   <div class='ocr_carea' id='block_1_104' title="bbox 2091 5091 3669 5163">
    <p class='ocr_par' dir='ltr' id='par_1_104' title="bbox 2091 5091 3669 5163">
     <span class='ocr_line' id='line_1_104' title="bbox 2091 5091 3669 5163; baseline -0.001 -14"><span class='ocrx_word' id='word_1_783' title='bbox 2091 5096 2382 5151; x_wconf 88' lang='lat' dir='ltr'><strong>aberrabit.</strong></span> <span class='ocrx_word' id='word_1_784' title='bbox 2410 5093 2672 5163; x_wconf 86' lang='lat' dir='ltr'><strong>lntelliget</strong></span> <span class='ocrx_word' id='word_1_785' title='bbox 2706 5093 2849 5147; x_wconf 90' lang='lat' dir='ltr'><strong>enim</strong></span> <span class='ocrx_word' id='word_1_786' title='bbox 2876 5092 2976 5157; x_wconf 91' lang='lat' dir='ltr'><strong>sic,</strong></span> <span class='ocrx_word' id='word_1_787' title='bbox 3000 5099 3054 5145; x_wconf 92' lang='lat' dir='ltr'>et</span> <span class='ocrx_word' id='word_1_788' title='bbox 3075 5091 3375 5147; x_wconf 87' lang='lat' dir='ltr'><strong>rectissime</strong></span> <span class='ocrx_word' id='word_1_789' title='bbox 3420 5092 3669 5161; x_wconf 86' lang='lat' dir='ltr'><strong>quidem,</strong></span> 
     </span>
    </p>
   </div>
   <div class='ocr_carea' id='block_1_105' title="bbox 2093 5184 3665 5256">
    <p class='ocr_par' dir='ltr' id='par_1_105' title="bbox 2093 5184 3665 5256">
     <span class='ocr_line' id='line_1_105' title="bbox 2093 5184 3665 5256; baseline -0.001 -17"><span class='ocrx_word' id='word_1_790' title='bbox 2093 5188 2221 5241; x_wconf 90' lang='lat' dir='ltr'><strong>illud</strong></span> <span class='ocrx_word' id='word_1_791' title='bbox 2250 5186 2519 5256; x_wconf 84' lang='lat' dir='ltr'><strong>cogitans,</strong></span> <span class='ocrx_word' id='word_1_792' title='bbox 2547 5185 2803 5238; x_wconf 88' lang='lat' dir='ltr'><strong>Satanam</strong></span> <span class='ocrx_word' id='word_1_793' title='bbox 2846 5184 2899 5237; x_wconf 92' lang='lat' dir='ltr'>in</span> <span class='ocrx_word' id='word_1_794' title='bbox 2930 5192 3071 5237; x_wconf 90' lang='lat' dir='ltr'><strong>terra</strong></span> <span class='ocrx_word' id='word_1_795' title='bbox 3107 5193 3387 5237; x_wconf 89' lang='lat' dir='ltr'><strong>versantes</strong></span> <span class='ocrx_word' id='word_1_796' title='bbox 3417 5184 3665 5252; x_wconf 82' lang='lat' dir='ltr'><strong>rapuisse</strong></span> 
     </span>
    </p>
   </div>
   <div class='ocr_carea' id='block_1_106' title="bbox 2090 5274 3666 5345">
    <p class='ocr_par' dir='ltr' id='par_1_106' title="bbox 2090 5274 3666 5345">
     <span class='ocr_line' id='line_1_106' title="bbox 2090 5274 3666 5345; baseline -0.001 -13"><span class='ocrx_word' id='word_1_797' title='bbox 2090 5296 2153 5334; x_wconf 89' lang='lat' dir='ltr'>ac</span> <span class='ocrx_word' id='word_1_798' title='bbox 2186 5285 2477 5335; x_wconf 89' lang='lat' dir='ltr'><strong>devorasse</strong></span> <span class='ocrx_word' id='word_1_799' title='bbox 2504 5276 2740 5332; x_wconf 89' lang='lat' dir='ltr'><strong>atrocius</strong></span> <span class='ocrx_word' id='word_1_800' title='bbox 2762 5292 2923 5345; x_wconf 88' lang='lat' dir='ltr'><strong>quam</strong></span> <span class='ocrx_word' id='word_1_801' title='bbox 2952 5277 3215 5330; x_wconf 85' lang='lat' dir='ltr'><strong>iuunanes</strong></span> <span class='ocrx_word' id='word_1_802' title='bbox 3240 5274 3435 5330; x_wconf 62' lang='lat' dir='ltr'><strong>bellua:</strong></span> <span class='ocrx_word' id='word_1_803' title='bbox 3464 5274 3666 5333; x_wconf 79' lang='lat' dir='ltr'><strong>solent.</strong></span> 
     </span>
    </p>
   </div>
   <div class='ocr_carea' id='block_1_107' title="bbox 2086 5367 3672 5442">
    <p class='ocr_par' dir='ltr' id='par_1_107' title="bbox 2086 5367 3672 5442">
     <span class='ocr_line' id='line_1_107' title="bbox 2086 5367 3672 5442; baseline -0.004 -15"><span class='ocrx_word' id='word_1_804' title='bbox 2086 5374 2191 5428; x_wconf 85' lang='lat' dir='ltr'><strong>Sed</strong></span> <span class='ocrx_word' id='word_1_805' title='bbox 2229 5370 2538 5442; x_wconf 87' lang='lat' dir='ltr'><strong>apparuisse</strong></span> <span class='ocrx_word' id='word_1_806' title='bbox 2600 5378 2654 5424; x_wconf 90' lang='lat' dir='ltr'>et</span> <span class='ocrx_word' id='word_1_807' title='bbox 2682 5370 2987 5424; x_wconf 88' lang='lat' dir='ltr'><strong>occurrisse</strong></span> <span class='ocrx_word' id='word_1_808' title='bbox 3019 5377 3293 5435; x_wconf 85' lang='lat' dir='ltr'><strong>pastorem</strong></span> <span class='ocrx_word' id='word_1_809' title='bbox 3320 5367 3539 5434; x_wconf 91' lang='lat' dir='ltr'><strong>bonum,</strong></span> <span class='ocrx_word' id='word_1_810' title='bbox 3572 5370 3672 5435; x_wconf 83' lang='lat' dir='ltr'><strong>qui‘</strong></span> 
     </span>
    </p>
   </div>
   <div class='ocr_carea' id='block_1_108' title="bbox 2088 5459 3666 5533">
    <p class='ocr_par' dir='ltr' id='par_1_108' title="bbox 2088 5459 3666 5533">
     <span class='ocr_line' id='line_1_108' title="bbox 2088 5459 3666 5533; baseline -0.003 -13"><span class='ocrx_word' id='word_1_811' title='bbox 2088 5464 2267 5533; x_wconf 74' lang='lat' dir='ltr'><strong>posuit</strong></span> <span class='ocrx_word' id='word_1_812' title='bbox 2300 5464 2533 5518; x_wconf 89' lang='lat' dir='ltr'><strong>animam</strong></span> <span class='ocrx_word' id='word_1_813' title='bbox 2552 5477 2705 5517; x_wconf 90' lang='lat' dir='ltr'><strong>suam</strong></span> <span class='ocrx_word' id='word_1_814' title='bbox 2735 5476 2832 5529; x_wconf 91' lang='lat' dir='ltr'>pro</span> <span class='ocrx_word' id='word_1_815' title='bbox 2857 5460 3049 5515; x_wconf 83' lang='lat' dir='ltr'><strong>cvibus</strong></span> <span class='ocrx_word' id='word_1_816' title='bbox 3079 5459 3191 5514; x_wconf 90' lang='lat' dir='ltr'><strong>suis</strong></span> <span class='ocrx_word' id='word_1_817' title='bbox 3221 5459 3286 5524; x_wconf 69' lang='grc'>⁸⁸,</span> <span class='ocrx_word' id='word_1_818' title='bbox 3315 5468 3374 5515; x_wconf 86' lang='lat' dir='ltr'>et</span> <span class='ocrx_word' id='word_1_819' title='bbox 3400 5459 3666 5529; x_wconf 84' lang='lat' dir='ltr'><strong>eripuisse</strong></span> 
     </span>
    </p>
   </div>
   <div class='ocr_carea' id='block_1_109' title="bbox 2091 5547 3672 5624">
    <p class='ocr_par' dir='ltr' id='par_1_109' title="bbox 2091 5547 3672 5624">
     <span class='ocr_line' id='line_1_109' title="bbox 2091 5547 3672 5624; baseline -0.002 -16"><span class='ocrx_word' id='word_1_820' title='bbox 2091 5572 2187 5609; x_wconf 87' lang='lat' dir='ltr'>nus</span> <span class='ocrx_word' id='word_1_821' title='bbox 2216 5558 2417 5624; x_wconf 88' lang='lat' dir='ltr'><strong>quique</strong></span> <span class='ocrx_word' id='word_1_822' title='bbox 2460 5552 2635 5608; x_wconf 85' lang='lat' dir='ltr'><strong>relicti</strong></span> <span class='ocrx_word' id='word_1_823' title='bbox 2696 5566 2914 5605; x_wconf 88' lang='lat' dir='ltr'><strong>eramus</strong></span> <span class='ocrx_word' id='word_1_824' title='bbox 2962 5549 3104 5603; x_wconf 90' lang='lat' dir='ltr'><strong>inter</strong></span> <span class='ocrx_word' id='word_1_825' title='bbox 3143 5550 3311 5618; x_wconf 87' lang='lat' dir='ltr'><strong>vivos,</strong></span> <span class='ocrx_word' id='word_1_826' title='bbox 3335 5560 3391 5605; x_wconf 89' lang='lat' dir='ltr'>et</span> <span class='ocrx_word' id='word_1_827' title='bbox 3422 5549 3516 5619; x_wconf 91' lang='lat' dir='ltr'>qui</span> <span class='ocrx_word' id='word_1_828' title='bbox 3550 5547 3672 5619; x_wconf 83' lang='lat' dir='ltr'><strong>jam</strong></span> 
     </span>
    </p>
   </div>
   <div class='ocr_carea' id='block_1_110' title="bbox 2092 5640 3678 5709">
    <p class='ocr_par' dir='ltr' id='par_1_110' title="bbox 2092 5640 3678 5709">
     <span class='ocr_line' id='line_1_110' title="bbox 2092 5640 3678 5709; baseline -0.006 -6"><span class='ocrx_word' id='word_1_829' title='bbox 2092 5663 2309 5703; x_wconf 88' lang='lat' dir='ltr'><strong>eramus</strong></span> <span class='ocrx_word' id='word_1_830' title='bbox 2342 5646 2558 5704; x_wconf 89' lang='lat' dir='ltr'><strong>mortui.</strong></span> <span class='ocrx_word' id='word_1_831' title='bbox 2598 5643 2753 5709; x_wconf 88' lang='lat' dir='ltr'><strong>Nam,</strong></span> <span class='ocrx_word' id='word_1_832' title='bbox 2779 5653 2835 5696; x_wconf 91' lang='lat' dir='ltr'>ut</span> <span class='ocrx_word' id='word_1_833' title='bbox 2866 5642 2941 5697; x_wconf 87' lang='lat' dir='ltr'>ait</span> <span class='ocrx_word' id='word_1_834' title='bbox 2971 5642 3175 5697; x_wconf 87' lang='lat' dir='ltr'><strong>Psaltes</strong></span> <span class='ocrx_word' id='word_1_835' title='bbox 3205 5660 3216 5695; x_wconf 89' lang='lat'><strong>:</strong></span> <span class='ocrx_word' id='word_1_836' title='bbox 3258 5660 3275 5691; x_wconf 74' lang='grc' dir='ltr'>ι</span> <span class='ocrx_word' id='word_1_837' title='bbox 3309 5640 3487 5697; x_wconf 76' lang='lat' dir='ltr'><strong>&#39;Molas</strong></span> <span class='ocrx_word' id='word_1_838' title='bbox 3550 5642 3678 5697; x_wconf 73' lang='grc' dir='ltr'>ιω...</span> 
     </span>
    </p>
   </div>
   <div class='ocr_carea' id='block_1_111' title="bbox 1120 5826 2175 5903">
    <p class='ocr_par' dir='ltr' id='par_1_111' title="bbox 1120 5826 2175 5903">
     <span class='ocr_line' id='line_1_111' title="bbox 1120 5826 2175 5903; baseline -0.005 -20"><span class='ocrx_word' id='word_1_839' title='bbox 1120 5828 1251 5883; x_wconf 72' lang='lat' dir='ltr'>“IV</span> <span class='ocrx_word' id='word_1_840' title='bbox 1295 5831 1422 5903; x_wconf 71' lang='lat' dir='ltr'><strong>Reg.</strong></span> <span class='ocrx_word' id='word_1_841' title='bbox 1464 5844 1571 5894; x_wconf 72' lang='lat' dir='ltr'>xw,</span> <span class='ocrx_word' id='word_1_842' title='bbox 1604 5830 1655 5885; x_wconf 84' lang='lat'><strong>9.</strong></span> <span class='ocrx_word' id='word_1_843' title='bbox 1734 5826 1960 5882; x_wconf 76' lang='lat' dir='ltr'><strong>&quot;‘Joan.</strong></span> <span class='ocrx_word' id='word_1_844' title='bbox 1996 5844 2048 5886; x_wconf 68' lang='grc' dir='ltr'>χ,</span> <span class='ocrx_word' id='word_1_845' title='bbox 2090 5826 2175 5879; x_wconf 86' lang='lat' dir='ltr'>ll.</span> 
     </span>
    </p>
   </div>
  </div>
