  <div class='ocr_page' id='page_1' title='image "/cluster/home/n/w/nwhite01/storage/ocr_20150623/71/nnc1.0046980199/253.png"; bbox 0 0 4132 6370; ppageno 0'>
   <div class='ocr_carea' id='block_1_1' title="bbox 465 362 562 421">
    <p class='ocr_par' dir='ltr' id='par_1_1' title="bbox 465 362 562 421">
     <span class='ocr_line' id='line_1_1' title="bbox 465 362 562 421; baseline 0.01 -2"><span class='ocrx_word' id='word_1_1' title='bbox 465 362 562 421; x_wconf 73' lang='grc' dir='ltr'><em>ιη</em></span> 
     </span>
    </p>
   </div>
   <div class='ocr_carea' id='block_1_2' title="bbox 1470 359 2733 420">
    <p class='ocr_par' dir='ltr' id='par_1_2' title="bbox 1470 359 2733 420">
     <span class='ocr_line' id='line_1_2' title="bbox 1470 359 2733 420; baseline 0.001 -2"><span class='ocrx_word' id='word_1_2' title='bbox 1470 364 1529 419; x_wconf 92' lang='lat' dir='ltr'><strong><em>S.</em></strong></span> <span class='ocrx_word' id='word_1_3' title='bbox 1571 361 1850 420; x_wconf 82' lang='lat' dir='ltr'><strong><em>CYRILLI</em></strong></span> <span class='ocrx_word' id='word_1_4' title='bbox 1895 359 2369 416; x_wconf 74' lang='lat' dir='ltr'><strong><em>ALEXANDRINI</em></strong></span> <span class='ocrx_word' id='word_1_5' title='bbox 2411 362 2733 420; x_wconf 79' lang='lat' dir='ltr'><strong><em>ARCIIIEP.</em></strong></span> 
     </span>
    </p>
   </div>
   <div class='ocr_carea' id='block_1_3' title="bbox 3636 362 3748 421">
    <p class='ocr_par' dir='ltr' id='par_1_3' title="bbox 3636 362 3748 421">
     <span class='ocr_line' id='line_1_3' title="bbox 3636 362 3748 421; baseline 0.036 -4"><span class='ocrx_word' id='word_1_6' title='bbox 3636 362 3748 421; x_wconf 70' lang='grc'><strong><em>472</em></strong></span> 
     </span>
    </p>
   </div>
   <div class='ocr_carea' id='block_1_4' title="bbox 463 479 2026 554">
    <p class='ocr_par' dir='ltr' id='par_1_4' title="bbox 463 481 2026 554">
     <span class='ocr_line' id='line_1_4' title="bbox 463 481 2026 554; baseline -0.001 -19"><span class='ocrx_word' id='word_1_7' title='bbox 463 495 593 537; x_wconf 88' lang='lat' dir='ltr'><strong><em>num</em></strong></span> <span class='ocrx_word' id='word_1_8' title='bbox 613 481 884 554; x_wconf 79' lang='lat' dir='ltr'><strong><em>confregit</em></strong></span> <span class='ocrx_word' id='word_1_9' title='bbox 909 485 1170 542; x_wconf 82' lang='lat' dir='ltr'><strong><em>Dominus</em></strong></span> <span class='ocrx_word' id='word_1_10' title='bbox 1199 485 1268 540; x_wconf 79' lang='lat'><strong><em>&quot;.</em></strong></span> <span class='ocrx_word' id='word_1_11' title='bbox 1307 503 1326 537; x_wconf 74' lang='grc' dir='ltr'><strong><em>ι</em></strong></span> <span class='ocrx_word' id='word_1_12' title='bbox 1371 484 1440 538; x_wconf 86' lang='grc' dir='ltr'><em>Ει</em></span> <span class='ocrx_word' id='word_1_13' title='bbox 1470 485 1669 541; x_wconf 85' lang='lat' dir='ltr'><strong><em>Paulus</em></strong></span> <span class='ocrx_word' id='word_1_14' title='bbox 1697 502 1710 538; x_wconf 90' lang='lat'><strong>:</strong></span> <span class='ocrx_word' id='word_1_15' title='bbox 1752 503 1772 536; x_wconf 78' lang='grc' dir='ltr'><strong><em>ι</em></strong></span> <span class='ocrx_word' id='word_1_16' title='bbox 1804 482 2026 537; x_wconf 77' lang='lat' dir='ltr'><strong><em>Mortuu:</em></strong></span> 
     </span>
    </p>
   </div>
   <div class='ocr_carea' id='block_1_5' title="bbox 2133 479 3744 554">
    <p class='ocr_par' dir='ltr' id='par_1_5' title="bbox 2153 479 3744 553">
     <span class='ocr_line' id='line_1_5' title="bbox 2153 479 3744 553; baseline -0.002 -19"><span class='ocrx_word' id='word_1_17' title='bbox 2153 481 2408 544; x_wconf 85' lang='grc' dir='ltr'><em>Ψάλλων,</em></span> <span class='ocrx_word' id='word_1_18' title='bbox 2446 501 2464 534; x_wconf 78' lang='grc' dir='ltr'><strong><em>ι</em></strong></span> <span class='ocrx_word' id='word_1_19' title='bbox 2503 484 2613 546; x_wconf 80' lang='grc' dir='ltr'><strong><em>Τὰς</em></strong></span> <span class='ocrx_word' id='word_1_20' title='bbox 2646 482 2822 553; x_wconf 80' lang='grc' dir='ltr'>μύλας</span> <span class='ocrx_word' id='word_1_21' title='bbox 2873 481 2984 534; x_wconf 89' lang='grc' dir='ltr'><strong><em>τῶν</em></strong></span> <span class='ocrx_word' id='word_1_22' title='bbox 3035 479 3266 534; x_wconf 84' lang='grc' dir='ltr'><strong><em>λεόντων</em></strong></span> <span class='ocrx_word' id='word_1_23' title='bbox 3307 479 3599 534; x_wconf 87' lang='grc' dir='ltr'><em>συνέθλασε</em></span> <span class='ocrx_word' id='word_1_24' title='bbox 3626 479 3744 534; x_wconf 64' lang='lat' dir='ltr'><strong><em>K6-</em></strong></span> 
     </span>
    </p>
   </div>
   <div class='ocr_carea' id='block_1_6' title="bbox 463 561 2052 642">
    <p class='ocr_par' dir='ltr' id='par_1_6' title="bbox 463 561 2052 642">
     <span class='ocr_line' id='line_1_6' title="bbox 463 561 2052 642; baseline 0.002 -17"><span class='ocrx_word' id='word_1_25' title='bbox 463 581 570 638; x_wconf 89' lang='lat' dir='ltr'><strong><em>est,</em></strong></span> <span class='ocrx_word' id='word_1_26' title='bbox 593 576 894 642; x_wconf 81' lang='lat' dir='ltr'><strong><em>et’revixit,</em></strong></span> <span class='ocrx_word' id='word_1_27' title='bbox 931 561 1002 634; x_wconf 75' lang='grc' dir='ltr'><strong><em>ιη’</em></strong></span> <span class='ocrx_word' id='word_1_28' title='bbox 1017 576 1264 634; x_wconf 87' lang='lat' dir='ltr'><strong><em>vivorum</em></strong></span> <span class='ocrx_word' id='word_1_29' title='bbox 1297 584 1351 634; x_wconf 89' lang='lat' dir='ltr'><strong><em>et</em></strong></span> <span class='ocrx_word' id='word_1_30' title='bbox 1374 586 1714 634; x_wconf 90' lang='lat' dir='ltr'><strong><em>mortuorum</em></strong></span> <span class='ocrx_word' id='word_1_31' title='bbox 1742 574 2052 630; x_wconf 84' lang='lat' dir='ltr'><strong><em>dominare-</em></strong></span> 
     </span>
    </p>
   </div>
   <div class='ocr_carea' id='block_1_7' title="bbox 464 664 692 720">
    <p class='ocr_par' dir='ltr' id='par_1_7' title="bbox 464 664 692 720">
     <span class='ocr_line' id='line_1_7' title="bbox 464 664 692 720; baseline 0.004 -2"><span class='ocrx_word' id='word_1_32' title='bbox 464 673 554 720; x_wconf 86' lang='lat' dir='ltr'><strong><em>tur</em></strong></span> <span class='ocrx_word' id='word_1_33' title='bbox 571 664 639 720; x_wconf 80' lang='lat'><strong>“.</strong></span> <span class='ocrx_word' id='word_1_34' title='bbox 671 685 692 719; x_wconf 84' lang='grc'>›</span> 
     </span>
    </p>
   </div>
   <div class='ocr_carea' id='block_1_8' title="bbox 525 755 2052 825">
    <p class='ocr_par' dir='ltr' id='par_1_8' title="bbox 525 755 2052 825">
     <span class='ocr_line' id='line_1_8' title="bbox 525 755 2052 825; baseline 0.001 -14"><span class='ocrx_word' id='word_1_35' title='bbox 525 755 690 811; x_wconf 69' lang='lat' dir='ltr'><strong><em>Vens.</em></strong></span> <span class='ocrx_word' id='word_1_36' title='bbox 752 758 940 813; x_wconf 73' lang='grc'><strong><em>13-15.</em></strong></span> <span class='ocrx_word' id='word_1_37' title='bbox 985 758 1317 825; x_wconf 75' lang='lat' dir='ltr'><strong><em>Sacerdotes,</em></strong></span> <span class='ocrx_word' id='word_1_38' title='bbox 1351 761 1549 823; x_wconf 83' lang='lat' dir='ltr'><strong><em>audite,</em></strong></span> <span class='ocrx_word' id='word_1_39' title='bbox 1595 772 1642 815; x_wconf 92' lang='lat' dir='ltr'><strong><em>et</em></strong></span> <span class='ocrx_word' id='word_1_40' title='bbox 1685 759 2052 814; x_wconf 76' lang='lat' dir='ltr'><strong><em>contestamini</em></strong></span> 
     </span>
    </p>
   </div>
   <div class='ocr_carea' id='block_1_9' title="bbox 459 846 2050 919">
    <p class='ocr_par' dir='ltr' id='par_1_9' title="bbox 459 846 2050 919">
     <span class='ocr_line' id='line_1_9' title="bbox 459 846 2050 919; baseline 0.004 -20"><span class='ocrx_word' id='word_1_41' title='bbox 459 846 642 903; x_wconf 80' lang='lat' dir='ltr'><strong><em>domui</em></strong></span> <span class='ocrx_word' id='word_1_42' title='bbox 700 846 889 913; x_wconf 68' lang='lat' dir='ltr'><strong><em>Iacob,</em></strong></span> <span class='ocrx_word' id='word_1_43' title='bbox 919 851 1046 904; x_wconf 84' lang='lat' dir='ltr'><strong><em>dicit</em></strong></span> <span class='ocrx_word' id='word_1_44' title='bbox 1076 851 1333 906; x_wconf 78' lang='lat' dir='ltr'><strong><em>Dominus</em></strong></span> <span class='ocrx_word' id='word_1_45' title='bbox 1363 851 1503 906; x_wconf 81' lang='lat' dir='ltr'><strong><em>Deus</em></strong></span> <span class='ocrx_word' id='word_1_46' title='bbox 1542 854 1888 919; x_wconf 78' lang='lat' dir='ltr'><strong><em>omnipotens.</em></strong></span> <span class='ocrx_word' id='word_1_47' title='bbox 1908 850 2050 917; x_wconf 84' lang='lat' dir='ltr'><strong><em>Quia</em></strong></span> 
     </span>
    </p>
   </div>
   <div class='ocr_carea' id='block_1_10' title="bbox 459 940 2052 1015">
    <p class='ocr_par' dir='ltr' id='par_1_10' title="bbox 459 940 2052 1015">
     <span class='ocr_line' id='line_1_10' title="bbox 459 940 2052 1015; baseline 0.004 -21"><span class='ocrx_word' id='word_1_48' title='bbox 459 941 514 995; x_wconf 81' lang='lat' dir='ltr'><strong><em>in</em></strong></span> <span class='ocrx_word' id='word_1_49' title='bbox 546 940 651 1007; x_wconf 89' lang='lat' dir='ltr'><strong><em>die,</em></strong></span> <span class='ocrx_word' id='word_1_50' title='bbox 681 958 800 996; x_wconf 89' lang='lat' dir='ltr'><strong><em>cum</em></strong></span> <span class='ocrx_word' id='word_1_51' title='bbox 839 944 1070 999; x_wconf 80' lang='lat' dir='ltr'><strong><em>ulciscar</em></strong></span> <span class='ocrx_word' id='word_1_52' title='bbox 1090 946 1379 1013; x_wconf 65' lang='lat' dir='ltr'><strong><em>impietate:</em></strong></span> <span class='ocrx_word' id='word_1_53' title='bbox 1406 943 1577 999; x_wconf 76' lang='lat' dir='ltr'><strong><em>Israel</em></strong></span> <span class='ocrx_word' id='word_1_54' title='bbox 1631 961 1788 1015; x_wconf 73' lang='lat' dir='ltr'><strong><em>super</em></strong></span> <span class='ocrx_word' id='word_1_55' title='bbox 1829 961 1970 1007; x_wconf 87' lang='lat' dir='ltr'><strong><em>eum,</em></strong></span> <span class='ocrx_word' id='word_1_56' title='bbox 2000 956 2052 1000; x_wconf 86' lang='lat' dir='ltr'><strong><em>et</em></strong></span> 
     </span>
    </p>
   </div>
   <div class='ocr_carea' id='block_1_11' title="bbox 459 1032 2049 1106">
    <p class='ocr_par' dir='ltr' id='par_1_11' title="bbox 459 1032 2049 1106">
     <span class='ocr_line' id='line_1_11' title="bbox 459 1032 2049 1106; baseline 0.003 -20"><span class='ocrx_word' id='word_1_57' title='bbox 459 1032 688 1088; x_wconf 81' lang='lat' dir='ltr'><strong><em>ulciscar</em></strong></span> <span class='ocrx_word' id='word_1_58' title='bbox 723 1052 879 1103; x_wconf 80' lang='lat' dir='ltr'><strong><em>super</em></strong></span> <span class='ocrx_word' id='word_1_59' title='bbox 899 1037 1097 1091; x_wconf 83' lang='lat' dir='ltr'><strong><em>altaria</em></strong></span> <span class='ocrx_word' id='word_1_60' title='bbox 1127 1036 1396 1101; x_wconf 77' lang='lat' dir='ltr'><strong><em>Belliel,et</em></strong></span> <span class='ocrx_word' id='word_1_61' title='bbox 1452 1037 1807 1106; x_wconf 73' lang='lat' dir='ltr'><strong><em>suﬂ&#39;odientur</em></strong></span> <span class='ocrx_word' id='word_1_62' title='bbox 1847 1053 2049 1092; x_wconf 78' lang='lat' dir='ltr'><strong><em>cornua</em></strong></span> 
     </span>
    </p>
   </div>
   <div class='ocr_carea' id='block_1_12' title="bbox 458 1115 2049 1198">
    <p class='ocr_par' dir='ltr' id='par_1_12' title="bbox 458 1115 2049 1198">
     <span class='ocr_line' id='line_1_12' title="bbox 458 1115 2049 1198; baseline 0.003 -21"><span class='ocrx_word' id='word_1_63' title='bbox 458 1124 666 1192; x_wconf 85' lang='lat' dir='ltr'><strong><em>altaris,</em></strong></span> <span class='ocrx_word' id='word_1_64' title='bbox 692 1139 737 1180; x_wconf 85' lang='lat' dir='ltr'><strong><em>et</em></strong></span> <span class='ocrx_word' id='word_1_65' title='bbox 756 1129 943 1182; x_wconf 84' lang='lat' dir='ltr'><strong><em>cadent</em></strong></span> <span class='ocrx_word' id='word_1_66' title='bbox 966 1145 1126 1198; x_wconf 82' lang='lat' dir='ltr'><strong><em>super</em></strong></span> <span class='ocrx_word' id='word_1_67' title='bbox 1155 1115 1378 1185; x_wconf 59' lang='lat' dir='ltr'><strong><em>terram:</em></strong></span> <span class='ocrx_word' id='word_1_68' title='bbox 1399 1128 1740 1198; x_wconf 78' lang='lat' dir='ltr'><strong><em>Confundam</em></strong></span> <span class='ocrx_word' id='word_1_69' title='bbox 1781 1138 1832 1183; x_wconf 88' lang='lat' dir='ltr'><strong><em>et</em></strong></span> <span class='ocrx_word' id='word_1_70' title='bbox 1859 1145 2049 1197; x_wconf 88' lang='lat' dir='ltr'><strong><em>percu-</em></strong></span> 
     </span>
    </p>
   </div>
   <div class='ocr_carea' id='block_1_13' title="bbox 459 1214 2048 1289">
    <p class='ocr_par' dir='ltr' id='par_1_13' title="bbox 459 1214 2048 1289">
     <span class='ocr_line' id='line_1_13' title="bbox 459 1214 2048 1289; baseline 0.004 -22"><span class='ocrx_word' id='word_1_71' title='bbox 459 1214 590 1269; x_wconf 85' lang='lat' dir='ltr'><strong><em>tiam</em></strong></span> <span class='ocrx_word' id='word_1_72' title='bbox 615 1217 829 1272; x_wconf 85' lang='lat' dir='ltr'><strong><em>domum</em></strong></span> <span class='ocrx_word' id='word_1_73' title='bbox 859 1220 1134 1287; x_wconf 79' lang='lat' dir='ltr'><strong><em>pinnatam</em></strong></span> <span class='ocrx_word' id='word_1_74' title='bbox 1165 1237 1323 1289; x_wconf 80' lang='lat' dir='ltr'><strong><em>super</em></strong></span> <span class='ocrx_word' id='word_1_75' title='bbox 1353 1221 1567 1275; x_wconf 86' lang='lat' dir='ltr'><strong><em>domum</em></strong></span> <span class='ocrx_word' id='word_1_76' title='bbox 1589 1222 1902 1286; x_wconf 60' lang='lat' dir='ltr'><strong><em>activam,“</em></strong></span> <span class='ocrx_word' id='word_1_77' title='bbox 1931 1239 2048 1288; x_wconf 88' lang='lat' dir='ltr'><strong><em>per-</em></strong></span> 
     </span>
    </p>
   </div>
   <div class='ocr_carea' id='block_1_14' title="bbox 456 1306 2044 1384">
    <p class='ocr_par' dir='ltr' id='par_1_14' title="bbox 456 1306 2044 1384">
     <span class='ocr_line' id='line_1_14' title="bbox 456 1306 2044 1384; baseline 0.005 -23"><span class='ocrx_word' id='word_1_78' title='bbox 456 1306 605 1361; x_wconf 83' lang='lat' dir='ltr'><strong><em>ibunt</em></strong></span> <span class='ocrx_word' id='word_1_79' title='bbox 657 1310 842 1365; x_wconf 74' lang='lat' dir='ltr'><strong><em>domus</em></strong></span> <span class='ocrx_word' id='word_1_80' title='bbox 869 1315 1130 1378; x_wconf 67' lang='lat' dir='ltr'><strong><em>eburnea’,</em></strong></span> <span class='ocrx_word' id='word_1_81' title='bbox 1164 1324 1212 1368; x_wconf 86' lang='lat' dir='ltr'><strong><em>et</em></strong></span> <span class='ocrx_word' id='word_1_82' title='bbox 1240 1314 1566 1384; x_wconf 84' lang='lat' dir='ltr'><strong><em>adjicieutur</em></strong></span> <span class='ocrx_word' id='word_1_83' title='bbox 1601 1315 1789 1370; x_wconf 81' lang='lat' dir='ltr'><strong><em>domus</em></strong></span> <span class='ocrx_word' id='word_1_84' title='bbox 1841 1316 1966 1371; x_wconf 76' lang='lat' dir='ltr'><strong><em>alia:</em></strong></span> <span class='ocrx_word' id='word_1_85' title='bbox 1996 1327 2044 1371; x_wconf 86' lang='lat' dir='ltr'><strong><em>et</em></strong></span> 
     </span>
    </p>
   </div>
   <div class='ocr_carea' id='block_1_15' title="bbox 456 1398 1116 1468">
    <p class='ocr_par' dir='ltr' id='par_1_15' title="bbox 456 1398 1116 1468">
     <span class='ocr_line' id='line_1_15' title="bbox 456 1398 1116 1468; baseline 0.009 -14"><span class='ocrx_word' id='word_1_86' title='bbox 456 1398 666 1468; x_wconf 67' lang='lat' dir='ltr'><strong><em>multra,</em></strong></span> <span class='ocrx_word' id='word_1_87' title='bbox 688 1401 814 1455; x_wconf 86' lang='lat' dir='ltr'><strong><em>dicit</em></strong></span> <span class='ocrx_word' id='word_1_88' title='bbox 842 1402 1116 1460; x_wconf 75' lang='lat' dir='ltr'><strong><em>Dominus.</em></strong></span> 
     </span>
    </p>
   </div>
   <div class='ocr_carea' id='block_1_16' title="bbox 527 1669 2026 1749">
    <p class='ocr_par' dir='ltr' id='par_1_16' title="bbox 527 1669 2026 1749">
     <span class='ocr_line' id='line_1_16' title="bbox 527 1669 2026 1749; baseline 0.007 -23"><span class='ocrx_word' id='word_1_89' title='bbox 527 1669 766 1729; x_wconf 79' lang='lat' dir='ltr'><strong><em>XXXIII.</em></strong></span> <span class='ocrx_word' id='word_1_90' title='bbox 793 1672 952 1730; x_wconf 79' lang='lat' dir='ltr'><strong><em>Redit</em></strong></span> <span class='ocrx_word' id='word_1_91' title='bbox 986 1678 1055 1731; x_wconf 89' lang='lat' dir='ltr'><strong><em>ad</em></strong></span> <span class='ocrx_word' id='word_1_92' title='bbox 1081 1680 1452 1734; x_wconf 80' lang='lat' dir='ltr'><strong><em>narrationem</em></strong></span> <span class='ocrx_word' id='word_1_93' title='bbox 1484 1681 1788 1738; x_wconf 80' lang='lat' dir='ltr'><strong><em>evidentem</em></strong></span> <span class='ocrx_word' id='word_1_94' title='bbox 1812 1698 2026 1749; x_wconf 89' lang='lat' dir='ltr'><strong><em>eorum,</em></strong></span> 
     </span>
    </p>
   </div>
   <div class='ocr_carea' id='block_1_17' title="bbox 454 1766 2040 1836">
    <p class='ocr_par' dir='ltr' id='par_1_17' title="bbox 454 1766 2040 1836">
     <span class='ocr_line' id='line_1_17' title="bbox 454 1766 2040 1836; baseline 0.008 -19"><span class='ocrx_word' id='word_1_95' title='bbox 454 1777 576 1831; x_wconf 68' lang='lat' dir='ltr'><strong><em>quae</em></strong></span> <span class='ocrx_word' id='word_1_96' title='bbox 593 1773 816 1820; x_wconf 87' lang='lat' dir='ltr'><strong><em>manent</em></strong></span> <span class='ocrx_word' id='word_1_97' title='bbox 850 1766 1168 1836; x_wconf 85' lang='lat' dir='ltr'><strong><em>sceleratos,</em></strong></span> <span class='ocrx_word' id='word_1_98' title='bbox 1201 1772 1448 1827; x_wconf 90' lang='lat' dir='ltr'><strong><em>eumdem</em></strong></span> <span class='ocrx_word' id='word_1_99' title='bbox 1477 1786 1786 1828; x_wconf 82' lang='lat' dir='ltr'><strong><em>sermonem</em></strong></span> <span class='ocrx_word' id='word_1_100' title='bbox 1832 1775 2040 1830; x_wconf 84' lang='lat' dir='ltr'><strong><em>iterans</em></strong></span> 
     </span>
    </p>
   </div>
   <div class='ocr_carea' id='block_1_18' title="bbox 453 1854 2116 1932">
    <p class='ocr_par' dir='ltr' id='par_1_18' title="bbox 453 1854 2116 1932">
     <span class='ocr_line' id='line_1_18' title="bbox 453 1854 2116 1932; baseline 0.007 -22"><span class='ocrx_word' id='word_1_101' title='bbox 453 1864 508 1910; x_wconf 88' lang='lat' dir='ltr'><strong><em>et</em></strong></span> <span class='ocrx_word' id='word_1_102' title='bbox 537 1854 771 1912; x_wconf 88' lang='lat' dir='ltr'><strong><em>dilatans</em></strong></span> <span class='ocrx_word' id='word_1_103' title='bbox 797 1859 992 1926; x_wconf 75' lang='lat' dir='ltr'><strong><em>szepius</em></strong></span> <span class='ocrx_word' id='word_1_104' title='bbox 1007 1859 1076 1914; x_wconf 85' lang='lat' dir='ltr'><strong><em>ad</em></strong></span> <span class='ocrx_word' id='word_1_105' title='bbox 1102 1861 1390 1917; x_wconf 79' lang='lat' dir='ltr'><strong><em>utilitatem</em></strong></span> <span class='ocrx_word' id='word_1_106' title='bbox 1446 1864 1807 1920; x_wconf 87' lang='lat' dir='ltr'><strong><em>audientium.</em></strong></span> <span class='ocrx_word' id='word_1_107' title='bbox 1865 1864 2039 1932; x_wconf 83' lang='lat' dir='ltr'><strong><em>Quam</em></strong></span> <span class='ocrx_word' id='word_1_108' title='bbox 2076 1858 2116 1912; x_wconf 84' lang='grc' dir='ltr'><strong>Β</strong></span> 
     </span>
    </p>
   </div>
   <div class='ocr_carea' id='block_1_19' title="bbox 451 1948 2040 2026">
    <p class='ocr_par' dir='ltr' id='par_1_19' title="bbox 451 1948 2040 2026">
     <span class='ocr_line' id='line_1_19' title="bbox 451 1948 2040 2026; baseline 0.008 -26"><span class='ocrx_word' id='word_1_109' title='bbox 451 1958 568 2002; x_wconf 89' lang='lat' dir='ltr'><strong><em>rem</em></strong></span> <span class='ocrx_word' id='word_1_110' title='bbox 592 1963 700 2002; x_wconf 90' lang='lat' dir='ltr'><strong><em>non</em></strong></span> <span class='ocrx_word' id='word_1_111' title='bbox 731 1948 1124 2005; x_wconf 77' lang='lat' dir='ltr'><strong><em>infructuosam</em></strong></span> <span class='ocrx_word' id='word_1_112' title='bbox 1159 1967 1280 2008; x_wconf 90' lang='lat' dir='ltr'><strong><em>esse</em></strong></span> <span class='ocrx_word' id='word_1_113' title='bbox 1309 1955 1633 2025; x_wconf 80' lang='lat' dir='ltr'><strong><em>intelligens,</em></strong></span> <span class='ocrx_word' id='word_1_114' title='bbox 1659 1957 1873 2026; x_wconf 85' lang='lat' dir='ltr'><strong><em>opinor,</em></strong></span> <span class='ocrx_word' id='word_1_115' title='bbox 1904 1956 2040 2012; x_wconf 83' lang='lat' dir='ltr'><strong><em>Pau-</em></strong></span> 
     </span>
    </p>
   </div>
   <div class='ocr_carea' id='block_1_20' title="bbox 450 2035 2034 2107">
    <p class='ocr_par' dir='ltr' id='par_1_20' title="bbox 450 2035 2034 2107">
     <span class='ocr_line' id='line_1_20' title="bbox 450 2035 2034 2107; baseline 0.009 -18"><span class='ocrx_word' id='word_1_116' title='bbox 450 2035 538 2092; x_wconf 82' lang='lat' dir='ltr'><strong><em>lus</em></strong></span> <span class='ocrx_word' id='word_1_117' title='bbox 561 2038 1093 2107; x_wconf 86' lang='lat' dir='ltr'><strong><em>scribitquibusdam</em></strong></span> <span class='ocrx_word' id='word_1_118' title='bbox 1121 2059 1135 2094; x_wconf 89' lang='lat'><strong>:</strong></span> <span class='ocrx_word' id='word_1_119' title='bbox 1161 2061 1179 2094; x_wconf 77' lang='grc' dir='ltr'><strong><em>ι</em></strong></span> <span class='ocrx_word' id='word_1_120' title='bbox 1213 2042 1411 2099; x_wconf 89' lang='lat' dir='ltr'><strong><em>Eadem</em></strong></span> <span class='ocrx_word' id='word_1_121' title='bbox 1443 2046 1593 2102; x_wconf 87' lang='lat' dir='ltr'><strong><em>vobis</em></strong></span> <span class='ocrx_word' id='word_1_122' title='bbox 1643 2047 1884 2104; x_wconf 83' lang='lat' dir='ltr'><strong><em>scribere</em></strong></span> <span class='ocrx_word' id='word_1_123' title='bbox 1905 2051 2034 2103; x_wconf 88' lang='lat' dir='ltr'><strong><em>mihi</em></strong></span> 
     </span>
    </p>
   </div>
   <div class='ocr_carea' id='block_1_21' title="bbox 449 2130 2030 2204">
    <p class='ocr_par' dir='ltr' id='par_1_21' title="bbox 449 2130 2030 2204">
     <span class='ocr_line' id='line_1_21' title="bbox 449 2130 2030 2204; baseline 0.01 -20"><span class='ocrx_word' id='word_1_124' title='bbox 449 2130 671 2200; x_wconf 87' lang='lat' dir='ltr'><strong><em>quidem</em></strong></span> <span class='ocrx_word' id='word_1_125' title='bbox 705 2147 809 2188; x_wconf 91' lang='lat' dir='ltr'><strong><em>non</em></strong></span> <span class='ocrx_word' id='word_1_126' title='bbox 837 2133 1075 2204; x_wconf 82' lang='lat' dir='ltr'><strong><em>pigrum,</em></strong></span> <span class='ocrx_word' id='word_1_127' title='bbox 1105 2137 1258 2192; x_wconf 83' lang='lat' dir='ltr'><strong><em>vobis</em></strong></span> <span class='ocrx_word' id='word_1_128' title='bbox 1284 2148 1464 2194; x_wconf 90' lang='lat' dir='ltr'><strong><em>autem</em></strong></span> <span class='ocrx_word' id='word_1_129' title='bbox 1521 2146 1890 2200; x_wconf 87' lang='lat' dir='ltr'><strong><em>necessarium</em></strong></span> <span class='ocrx_word' id='word_1_130' title='bbox 1915 2149 1986 2204; x_wconf 79' lang='grc'><strong><em>⁸⁷.</em></strong></span> <span class='ocrx_word' id='word_1_131' title='bbox 2012 2168 2030 2200; x_wconf 75' lang='grc' dir='ltr'><strong><em>ι</em></strong></span> 
     </span>
    </p>
   </div>
   <div class='ocr_carea' id='block_1_22' title="bbox 447 2220 2033 2304">
    <p class='ocr_par' dir='ltr' id='par_1_22' title="bbox 447 2220 2033 2304">
     <span class='ocr_line' id='line_1_22' title="bbox 447 2220 2033 2304; baseline 0.012 -27"><span class='ocrx_word' id='word_1_132' title='bbox 447 2220 668 2278; x_wconf 79' lang='lat' dir='ltr'><strong><em>Mandat</em></strong></span> <span class='ocrx_word' id='word_1_133' title='bbox 695 2224 863 2295; x_wconf 80' lang='lat' dir='ltr'><strong><em>igitur</em></strong></span> <span class='ocrx_word' id='word_1_134' title='bbox 890 2227 1285 2297; x_wconf 85' lang='lat' dir='ltr'><strong><em>sacerdotibus,</em></strong></span> <span class='ocrx_word' id='word_1_135' title='bbox 1319 2241 1526 2288; x_wconf 87' lang='lat' dir='ltr'><strong><em>tantum</em></strong></span> <span class='ocrx_word' id='word_1_136' title='bbox 1575 2251 1683 2304; x_wconf 85' lang='lat' dir='ltr'><strong><em>non</em></strong></span> <span class='ocrx_word' id='word_1_137' title='bbox 1735 2238 2033 2296; x_wconf 82' lang='lat' dir='ltr'><strong><em>clarissima</em></strong></span> 
     </span>
    </p>
   </div>
   <div class='ocr_carea' id='block_1_23' title="bbox 445 2318 2036 2392">
    <p class='ocr_par' dir='ltr' id='par_1_23' title="bbox 445 2318 2036 2392">
     <span class='ocr_line' id='line_1_23' title="bbox 445 2318 2036 2392; baseline 0.012 -24"><span class='ocrx_word' id='word_1_138' title='bbox 445 2327 582 2372; x_wconf 81' lang='lat' dir='ltr'><strong><em>voce</em></strong></span> <span class='ocrx_word' id='word_1_139' title='bbox 606 2318 904 2371; x_wconf 85' lang='lat' dir='ltr'><strong><em>contestari</em></strong></span> <span class='ocrx_word' id='word_1_140' title='bbox 944 2319 1131 2386; x_wconf 88' lang='lat' dir='ltr'><strong><em>Israel,</em></strong></span> <span class='ocrx_word' id='word_1_141' title='bbox 1154 2330 1208 2376; x_wconf 91' lang='lat' dir='ltr'><strong><em>et</em></strong></span> <span class='ocrx_word' id='word_1_142' title='bbox 1241 2323 1452 2392; x_wconf 76' lang='lat' dir='ltr'><strong><em>singula</em></strong></span> <span class='ocrx_word' id='word_1_143' title='bbox 1515 2340 1642 2380; x_wconf 83' lang='lat' dir='ltr'><strong><em>mox</em></strong></span> <span class='ocrx_word' id='word_1_144' title='bbox 1692 2326 1873 2384; x_wconf 81' lang='lat' dir='ltr'><strong><em>futura</em></strong></span> <span class='ocrx_word' id='word_1_145' title='bbox 1930 2332 2036 2387; x_wconf 88' lang='lat' dir='ltr'><strong><em>illis</em></strong></span> 
     </span>
    </p>
   </div>
   <div class='ocr_carea' id='block_1_24' title="bbox 443 2406 2036 2490">
    <p class='ocr_par' dir='ltr' id='par_1_24' title="bbox 443 2406 2036 2490">
     <span class='ocr_line' id='line_1_24' title="bbox 443 2406 2036 2490; baseline 0.013 -29"><span class='ocrx_word' id='word_1_146' title='bbox 443 2406 763 2476; x_wconf 66' lang='lat' dir='ltr'><strong><em>praedicere.</em></strong></span> <span class='ocrx_word' id='word_1_147' title='bbox 798 2409 864 2465; x_wconf 85' lang='lat' dir='ltr'><strong><em>Et</em></strong></span> <span class='ocrx_word' id='word_1_148' title='bbox 885 2426 1148 2480; x_wconf 86' lang='lat' dir='ltr'><strong><em>quosnam</em></strong></span> <span class='ocrx_word' id='word_1_149' title='bbox 1175 2429 1309 2469; x_wconf 88' lang='lat' dir='ltr'><strong><em>voce</em></strong></span> <span class='ocrx_word' id='word_1_150' title='bbox 1350 2416 1402 2470; x_wconf 93' lang='lat' dir='ltr'><strong><em>in</em></strong></span> <span class='ocrx_word' id='word_1_151' title='bbox 1445 2417 1662 2490; x_wconf 83' lang='lat' dir='ltr'><strong><em>longum</em></strong></span> <span class='ocrx_word' id='word_1_152' title='bbox 1712 2435 2036 2490; x_wconf 82' lang='lat' dir='ltr'><strong><em>penetrante</em></strong></span> 
     </span>
    </p>
   </div>
   <div class='ocr_carea' id='block_1_25' title="bbox 443 2497 2028 2580">
    <p class='ocr_par' dir='ltr' id='par_1_25' title="bbox 443 2497 2028 2580">
     <span class='ocr_line' id='line_1_25' title="bbox 443 2497 2028 2580; baseline 0.01 -24"><span class='ocrx_word' id='word_1_153' title='bbox 443 2497 680 2556; x_wconf 74' lang='lat' dir='ltr'><strong><em>clamare</em></strong></span> <span class='ocrx_word' id='word_1_154' title='bbox 699 2502 880 2572; x_wconf 87' lang='lat' dir='ltr'><strong><em>jussos</em></strong></span> <span class='ocrx_word' id='word_1_155' title='bbox 917 2505 1278 2576; x_wconf 82' lang='lat' dir='ltr'><strong><em>intelligemus</em></strong></span> <span class='ocrx_word' id='word_1_156' title='bbox 1295 2509 1320 2562; x_wconf 65' lang='grc' dir='ltr'><strong>Τ</strong></span> <span class='ocrx_word' id='word_1_157' title='bbox 1336 2511 1531 2580; x_wconf 87' lang='lat' dir='ltr'><strong><em>ecquid</em></strong></span> <span class='ocrx_word' id='word_1_158' title='bbox 1555 2514 1868 2572; x_wconf 85' lang='lat' dir='ltr'><strong><em>sacerdotes</em></strong></span> <span class='ocrx_word' id='word_1_159' title='bbox 1888 2517 2028 2572; x_wconf 86' lang='lat' dir='ltr'><strong><em>vitu-</em></strong></span> 
     </span>
    </p>
   </div>
   <div class='ocr_carea' id='block_1_26' title="bbox 443 2589 2030 2679">
    <p class='ocr_par' dir='ltr' id='par_1_26' title="bbox 443 2589 2030 2679">
     <span class='ocr_line' id='line_1_26' title="bbox 443 2589 2030 2679; baseline 0.013 -35"><span class='ocrx_word' id='word_1_160' title='bbox 443 2589 643 2660; x_wconf 86' lang='lat' dir='ltr'><strong><em>lorum,</em></strong></span> <span class='ocrx_word' id='word_1_161' title='bbox 678 2602 772 2648; x_wconf 84' lang='lat' dir='ltr'><strong><em>aut</em></strong></span> <span class='ocrx_word' id='word_1_162' title='bbox 801 2595 1030 2652; x_wconf 88' lang='lat' dir='ltr'><strong><em>aliorum</em></strong></span> <span class='ocrx_word' id='word_1_163' title='bbox 1068 2597 1340 2666; x_wconf 75' lang='lat' dir='ltr'><strong><em>fanorum,</em></strong></span> <span class='ocrx_word' id='word_1_164' title='bbox 1374 2610 1466 2654; x_wconf 88' lang='lat' dir='ltr'><strong><em>aut</em></strong></span> <span class='ocrx_word' id='word_1_165' title='bbox 1521 2602 1838 2661; x_wconf 86' lang='lat' dir='ltr'><strong><em>idolorum?</em></strong></span> <span class='ocrx_word' id='word_1_166' title='bbox 1865 2610 2030 2679; x_wconf 82' lang='lat' dir='ltr'><strong><em>Atqui</em></strong></span> 
     </span>
    </p>
   </div>
   <div class='ocr_carea' id='block_1_27' title="bbox 443 2682 2027 2769">
    <p class='ocr_par' dir='ltr' id='par_1_27' title="bbox 443 2682 2027 2769">
     <span class='ocr_line' id='line_1_27' title="bbox 443 2682 2027 2769; baseline 0.013 -32"><span class='ocrx_word' id='word_1_167' title='bbox 443 2682 547 2739; x_wconf 88' lang='lat' dir='ltr'><strong><em>hoc</em></strong></span> <span class='ocrx_word' id='word_1_168' title='bbox 568 2684 882 2742; x_wconf 89' lang='lat' dir='ltr'><strong><em>incredibile</em></strong></span> <span class='ocrx_word' id='word_1_169' title='bbox 904 2689 1178 2748; x_wconf 76' lang='lat' dir='ltr'><strong><em>existimo.</em></strong></span> <span class='ocrx_word' id='word_1_170' title='bbox 1202 2687 1314 2746; x_wconf 84' lang='lat' dir='ltr'><strong><em>Nec</em></strong></span> <span class='ocrx_word' id='word_1_171' title='bbox 1329 2694 1474 2747; x_wconf 89' lang='lat' dir='ltr'><strong><em>enim</em></strong></span> <span class='ocrx_word' id='word_1_172' title='bbox 1531 2695 1606 2750; x_wconf 92' lang='lat' dir='ltr'><strong><em>illi</em></strong></span> <span class='ocrx_word' id='word_1_173' title='bbox 1637 2713 1732 2752; x_wconf 89' lang='lat' dir='ltr'><strong><em>sua</em></strong></span> <span class='ocrx_word' id='word_1_174' title='bbox 1764 2699 2027 2769; x_wconf 74' lang='lat' dir='ltr'><strong><em>ipsorum,</em></strong></span> 
     </span>
    </p>
   </div>
   <div class='ocr_carea' id='block_1_28' title="bbox 441 2774 2025 2858">
    <p class='ocr_par' dir='ltr' id='par_1_28' title="bbox 441 2774 2025 2858">
     <span class='ocr_line' id='line_1_28' title="bbox 441 2774 2025 2858; baseline 0.014 -31"><span class='ocrx_word' id='word_1_175' title='bbox 441 2781 498 2828; x_wconf 87' lang='lat' dir='ltr'><strong><em>et</em></strong></span> <span class='ocrx_word' id='word_1_176' title='bbox 520 2774 749 2831; x_wconf 84' lang='lat' dir='ltr'><strong><em>aliorum</em></strong></span> <span class='ocrx_word' id='word_1_177' title='bbox 805 2792 941 2843; x_wconf 88' lang='lat' dir='ltr'><strong><em>quos</em></strong></span> <span class='ocrx_word' id='word_1_178' title='bbox 1002 2782 1329 2839; x_wconf 83' lang='lat' dir='ltr'><strong><em>seduxeraut</em></strong></span> <span class='ocrx_word' id='word_1_179' title='bbox 1378 2786 1518 2841; x_wconf 89' lang='lat' dir='ltr'><strong><em>mala</em></strong></span> <span class='ocrx_word' id='word_1_180' title='bbox 1578 2791 2025 2858; x_wconf 76' lang='lat' dir='ltr'><strong><em>proclamassent.</em></strong></span> 
     </span>
    </p>
   </div>
   <div class='ocr_carea' id='block_1_29' title="bbox 442 2863 2030 2937">
    <p class='ocr_par' dir='ltr' id='par_1_29' title="bbox 442 2863 2030 2937">
     <span class='ocr_line' id='line_1_29' title="bbox 442 2863 2030 2937; baseline 0.012 -19"><span class='ocrx_word' id='word_1_181' title='bbox 442 2863 546 2932; x_wconf 86' lang='lat' dir='ltr'><strong><em>Qui</em></strong></span> <span class='ocrx_word' id='word_1_182' title='bbox 571 2881 700 2937; x_wconf 84' lang='lat' dir='ltr'><strong><em>ergo</em></strong></span> <span class='ocrx_word' id='word_1_183' title='bbox 724 2870 1036 2926; x_wconf 82' lang='lat' dir='ltr'><strong><em>sacerdotes</em></strong></span> <span class='ocrx_word' id='word_1_184' title='bbox 1093 2872 1221 2928; x_wconf 87' lang='lat' dir='ltr'><strong><em>huic</em></strong></span> <span class='ocrx_word' id='word_1_185' title='bbox 1279 2877 1488 2930; x_wconf 84' lang='lat' dir='ltr'><strong><em>muneri</em></strong></span> <span class='ocrx_word' id='word_1_186' title='bbox 1520 2879 1803 2934; x_wconf 86' lang='lat' dir='ltr'><strong><em>constituti</em></strong></span> <span class='ocrx_word' id='word_1_187' title='bbox 1863 2885 2030 2936; x_wconf 85' lang='lat' dir='ltr'><strong><em>sunt?</em></strong></span> 
     </span>
    </p>
   </div>
   <div class='ocr_carea' id='block_1_30' title="bbox 443 2956 2023 3027">
    <p class='ocr_par' dir='ltr' id='par_1_30' title="bbox 443 2956 2023 3027">
     <span class='ocr_line' id='line_1_30' title="bbox 443 2956 2023 3027; baseline 0.011 -18"><span class='ocrx_word' id='word_1_188' title='bbox 443 2956 543 3022; x_wconf 85' lang='lat' dir='ltr'><strong><em>Qui</em></strong></span> <span class='ocrx_word' id='word_1_189' title='bbox 576 2958 644 3012; x_wconf 87' lang='lat' dir='ltr'><strong><em>de</em></strong></span> <span class='ocrx_word' id='word_1_190' title='bbox 668 2957 875 3013; x_wconf 80' lang='lat' dir='ltr'><strong><em>familia</em></strong></span> <span class='ocrx_word' id='word_1_191' title='bbox 931 2959 1060 3015; x_wconf 82' lang='lat' dir='ltr'><strong><em>Levi</em></strong></span> <span class='ocrx_word' id='word_1_192' title='bbox 1104 2972 1282 3018; x_wconf 87' lang='lat' dir='ltr'><strong><em>erant.</em></strong></span> <span class='ocrx_word' id='word_1_193' title='bbox 1349 2964 1468 3020; x_wconf 82' lang='lat' dir='ltr'><strong><em>Non</em></strong></span> <span class='ocrx_word' id='word_1_194' title='bbox 1500 2968 1646 3022; x_wconf 91' lang='lat' dir='ltr'><strong><em>enim</em></strong></span> <span class='ocrx_word' id='word_1_195' title='bbox 1674 2983 1864 3026; x_wconf 87' lang='lat' dir='ltr'><strong><em>omnes</em></strong></span> <span class='ocrx_word' id='word_1_196' title='bbox 1920 2987 2023 3027; x_wconf 89' lang='lat' dir='ltr'><strong><em>una</em></strong></span> 
     </span>
    </p>
   </div>
   <div class='ocr_carea' id='block_1_31' title="bbox 441 3045 2025 3122">
    <p class='ocr_par' dir='ltr' id='par_1_31' title="bbox 441 3045 2025 3122">
     <span class='ocr_line' id='line_1_31' title="bbox 441 3045 2025 3122; baseline 0.012 -22"><span class='ocrx_word' id='word_1_197' title='bbox 441 3045 575 3116; x_wconf 85' lang='lat' dir='ltr'><strong><em>lapsi</em></strong></span> <span class='ocrx_word' id='word_1_198' title='bbox 599 3057 746 3113; x_wconf 89' lang='lat' dir='ltr'><strong><em>sunt,</em></strong></span> <span class='ocrx_word' id='word_1_199' title='bbox 771 3065 893 3106; x_wconf 91' lang='lat' dir='ltr'><strong><em>cum</em></strong></span> <span class='ocrx_word' id='word_1_200' title='bbox 919 3052 1004 3117; x_wconf 90' lang='lat' dir='ltr'><strong><em>iis,</em></strong></span> <span class='ocrx_word' id='word_1_201' title='bbox 1025 3054 1117 3122; x_wconf 89' lang='lat' dir='ltr'><strong><em>qui</em></strong></span> <span class='ocrx_word' id='word_1_202' title='bbox 1153 3055 1205 3108; x_wconf 93' lang='lat' dir='ltr'><strong><em>in</em></strong></span> <span class='ocrx_word' id='word_1_203' title='bbox 1231 3055 1477 3111; x_wconf 85' lang='lat' dir='ltr'><strong><em>Samaria</em></strong></span> <span class='ocrx_word' id='word_1_204' title='bbox 1509 3057 1564 3112; x_wconf 92' lang='lat' dir='ltr'><strong><em>in</em></strong></span> <span class='ocrx_word' id='word_1_205' title='bbox 1582 3073 1827 3116; x_wconf 89' lang='lat' dir='ltr'><strong><em>errorem</em></strong></span> <span class='ocrx_word' id='word_1_206' title='bbox 1876 3063 2025 3118; x_wconf 90' lang='lat' dir='ltr'><strong><em>abie-</em></strong></span> 
     </span>
    </p>
   </div>
   <div class='ocr_carea' id='block_1_32' title="bbox 2157 573 3745 646">
    <p class='ocr_par' dir='ltr' id='par_1_32' title="bbox 2157 573 3745 646">
     <span class='ocr_line' id='line_1_32' title="bbox 2157 573 3745 646; baseline 0 -16"><span class='ocrx_word' id='word_1_207' title='bbox 2157 592 2290 646; x_wconf 91' lang='grc' dir='ltr'><em>ριος.</em></span> <span class='ocrx_word' id='word_1_208' title='bbox 2323 576 2481 628; x_wconf 77' lang='grc' dir='ltr'><strong>»Καὶ</strong></span> <span class='ocrx_word' id='word_1_209' title='bbox 2527 576 2604 640; x_wconf 86' lang='grc' dir='ltr'><em>ὡς</em></span> <span class='ocrx_word' id='word_1_210' title='bbox 2659 578 2688 630; x_wconf 87' lang='grc' dir='ltr'><strong><em>ὁ</em></strong></span> <span class='ocrx_word' id='word_1_211' title='bbox 2736 575 2946 640; x_wconf 85' lang='grc' dir='ltr'><em>Παῦλός</em></span> <span class='ocrx_word' id='word_1_212' title='bbox 3005 591 3191 646; x_wconf 85' lang='grc' dir='ltr'><em>φησιν,</em></span> <span class='ocrx_word' id='word_1_213' title='bbox 3243 591 3262 624; x_wconf 75' lang='grc' dir='ltr'><strong><em>ι</em></strong></span> <span class='ocrx_word' id='word_1_214' title='bbox 3303 573 3598 641; x_wconf 78' lang='grc' dir='ltr'><strong><em>Ἀπέθανε,</em></strong></span> <span class='ocrx_word' id='word_1_215' title='bbox 3647 574 3745 636; x_wconf 64' lang='grc' dir='ltr'><em>καὶ,</em></span> 
     </span>
    </p>
   </div>
   <div class='ocr_carea' id='block_1_33' title="bbox 2153 665 3428 741">
    <p class='ocr_par' dir='ltr' id='par_1_33' title="bbox 2153 665 3428 741">
     <span class='ocr_line' id='line_1_33' title="bbox 2153 665 3428 741; baseline -0.005 -17"><span class='ocrx_word' id='word_1_216' title='bbox 2153 669 2337 741; x_wconf 73' lang='grc' dir='ltr'><strong><em>ἔζησε,</em></strong></span> <span class='ocrx_word' id='word_1_217' title='bbox 2371 668 2458 723; x_wconf 79' lang='grc' dir='ltr'><em>ἵνα</em></span> <span class='ocrx_word' id='word_1_218' title='bbox 2491 667 2710 734; x_wconf 81' lang='grc' dir='ltr'><strong><em>ζώντων</em></strong></span> <span class='ocrx_word' id='word_1_219' title='bbox 2738 668 2833 723; x_wconf 74' lang='grc' dir='ltr'><em>καὶ</em></span> <span class='ocrx_word' id='word_1_220' title='bbox 2865 669 3076 740; x_wconf 82' lang='grc' dir='ltr'>νεκρῶν</span> <span class='ocrx_word' id='word_1_221' title='bbox 3095 665 3380 740; x_wconf 82' lang='grc' dir='ltr'><strong><em>κυριεύσῃ.</em></strong></span> <span class='ocrx_word' id='word_1_222' title='bbox 3408 685 3428 718; x_wconf 68' lang='grc' dir='ltr'><strong><em>ι</em></strong></span> 
     </span>
    </p>
   </div>
   <div class='ocr_carea' id='block_1_34' title="bbox 2236 761 3745 835">
    <p class='ocr_par' dir='ltr' id='par_1_34' title="bbox 2236 761 3745 835">
     <span class='ocr_line' id='line_1_34' title="bbox 2236 761 3745 835; baseline -0.004 -15"><span class='ocrx_word' id='word_1_223' title='bbox 2236 765 2455 835; x_wconf 82' lang='grc' dir='ltr'><em>Ἰερεῒς,</em></span> <span class='ocrx_word' id='word_1_224' title='bbox 2483 766 2811 829; x_wconf 79' lang='grc' dir='ltr'><em>ἀκούσατε,</em></span> <span class='ocrx_word' id='word_1_225' title='bbox 2845 765 2944 820; x_wconf 77' lang='grc' dir='ltr'><em>καὶ</em></span> <span class='ocrx_word' id='word_1_226' title='bbox 2985 765 3466 833; x_wconf 79' lang='grc' dir='ltr'><em>ἐπιμαρτύρασθε</em></span> <span class='ocrx_word' id='word_1_227' title='bbox 3493 761 3575 827; x_wconf 84' lang='grc' dir='ltr'><em>τῷ</em></span> <span class='ocrx_word' id='word_1_228' title='bbox 3598 761 3745 824; x_wconf 82' lang='grc' dir='ltr'><em>οἴκῳ</em></span> 
     </span>
    </p>
   </div>
   <div class='ocr_carea' id='block_1_35' title="bbox 2165 852 3736 925">
    <p class='ocr_par' dir='ltr' id='par_1_35' title="bbox 2165 852 3736 925">
     <span class='ocr_line' id='line_1_35' title="bbox 2165 852 3736 925; baseline -0.005 -13"><span class='ocrx_word' id='word_1_229' title='bbox 2165 856 2396 922; x_wconf 80' lang='grc' dir='ltr'><em>Ἰακὼϐ,</em></span> <span class='ocrx_word' id='word_1_230' title='bbox 2453 857 2618 925; x_wconf 74' lang='grc' dir='ltr'><em>λέγει</em></span> <span class='ocrx_word' id='word_1_231' title='bbox 2675 858 2894 925; x_wconf 87' lang='grc' dir='ltr'><em>Κύριος</em></span> <span class='ocrx_word' id='word_1_232' title='bbox 2922 857 2956 910; x_wconf 86' lang='lat' dir='ltr'><strong><em>d</em></strong></span> <span class='ocrx_word' id='word_1_233' title='bbox 3007 857 3154 921; x_wconf 83' lang='grc' dir='ltr'><strong><em>Θεὸς</em></strong></span> <span class='ocrx_word' id='word_1_234' title='bbox 3205 857 3238 910; x_wconf 86' lang='lat' dir='ltr'><strong><em>d</em></strong></span> <span class='ocrx_word' id='word_1_235' title='bbox 3290 852 3736 922; x_wconf 80' lang='grc' dir='ltr'><strong><em>παντοκράτωρ.</em></strong></span> 
     </span>
    </p>
   </div>
   <div class='ocr_carea' id='block_1_36' title="bbox 2149 943 3740 1020">
    <p class='ocr_par' dir='ltr' id='par_1_36' title="bbox 2149 943 3740 1020">
     <span class='ocr_line' id='line_1_36' title="bbox 2149 943 3740 1020; baseline -0.004 -16"><span class='ocrx_word' id='word_1_236' title='bbox 2149 951 2309 1004; x_wconf 88' lang='grc' dir='ltr'><em>Διότι</em></span> <span class='ocrx_word' id='word_1_237' title='bbox 2360 950 2431 1004; x_wconf 74' lang='grc' dir='ltr'><em>ὲν</em></span> <span class='ocrx_word' id='word_1_238' title='bbox 2477 949 2555 1018; x_wconf 76' lang='grc' dir='ltr'><em>τῇ</em></span> <span class='ocrx_word' id='word_1_239' title='bbox 2606 950 2797 1020; x_wconf 80' lang='grc' dir='ltr'><em>ἡμέρᾳ</em></span> <span class='ocrx_word' id='word_1_240' title='bbox 2849 949 2996 1002; x_wconf 81' lang='grc' dir='ltr'><em>ὅταν</em></span> <span class='ocrx_word' id='word_1_241' title='bbox 3041 946 3256 1001; x_wconf 82' lang='grc' dir='ltr'><em>ἐκδικῶ</em></span> <span class='ocrx_word' id='word_1_242' title='bbox 3308 946 3592 1011; x_wconf 75' lang='grc' dir='ltr'><em>ἀσεϐείας</em></span> <span class='ocrx_word' id='word_1_243' title='bbox 3631 943 3740 998; x_wconf 88' lang='grc' dir='ltr'><em>τοῦ</em></span> 
     </span>
    </p>
   </div>
   <div class='ocr_carea' id='block_1_37' title="bbox 2163 1039 3742 1113">
    <p class='ocr_par' dir='ltr' id='par_1_37' title="bbox 2163 1039 3742 1113">
     <span class='ocr_line' id='line_1_37' title="bbox 2163 1039 3742 1113; baseline -0.005 -14"><span class='ocrx_word' id='word_1_244' title='bbox 2163 1041 2404 1113; x_wconf 74' lang='grc' dir='ltr'><em>Ἰσραὴλ</em></span> <span class='ocrx_word' id='word_1_245' title='bbox 2435 1042 2529 1096; x_wconf 81' lang='grc' dir='ltr'><strong><em>ἐπ’</em></strong></span> <span class='ocrx_word' id='word_1_246' title='bbox 2560 1043 2770 1110; x_wconf 83' lang='grc' dir='ltr'><em>αὑτὸν,</em></span> <span class='ocrx_word' id='word_1_247' title='bbox 2797 1042 2898 1097; x_wconf 75' lang='grc' dir='ltr'><em>καὶ</em></span> <span class='ocrx_word' id='word_1_248' title='bbox 2930 1041 3233 1108; x_wconf 80' lang='grc' dir='ltr'><strong><em>ἐκδικήσω</em></strong></span> <span class='ocrx_word' id='word_1_249' title='bbox 3282 1039 3381 1094; x_wconf 78' lang='grc' dir='ltr'><strong><em>ἐπὶ</em></strong></span> <span class='ocrx_word' id='word_1_250' title='bbox 3431 1041 3502 1094; x_wconf 84' lang='grc' dir='ltr'><em>τὰ</em></span> <span class='ocrx_word' id='word_1_251' title='bbox 3533 1043 3742 1094; x_wconf 63' lang='grc' dir='ltr'><em>θυσίας</em></span> 
     </span>
    </p>
   </div>
   <div class='ocr_carea' id='block_1_38' title="bbox 2149 1131 3742 1206">
    <p class='ocr_par' dir='ltr' id='par_1_38' title="bbox 2149 1131 3742 1206">
     <span class='ocr_line' id='line_1_38' title="bbox 2149 1131 3742 1206; baseline -0.002 -16"><span class='ocrx_word' id='word_1_252' title='bbox 2149 1135 2370 1206; x_wconf 82' lang='grc' dir='ltr'><em>στήρια</em></span> <span class='ocrx_word' id='word_1_253' title='bbox 2407 1134 2659 1202; x_wconf 72' lang='grc' dir='ltr'><em>Βαιθήλ.</em></span> <span class='ocrx_word' id='word_1_254' title='bbox 2690 1134 2801 1189; x_wconf 81' lang='grc' dir='ltr'><strong><em>Καὶ</em></strong></span> <span class='ocrx_word' id='word_1_255' title='bbox 2828 1131 3364 1202; x_wconf 67' lang='grc' dir='ltr'><em>κατασκαφήσεται</em></span> <span class='ocrx_word' id='word_1_256' title='bbox 3411 1133 3485 1188; x_wconf 84' lang='grc' dir='ltr'><em>τὰ</em></span> <span class='ocrx_word' id='word_1_257' title='bbox 3521 1131 3742 1200; x_wconf 82' lang='grc' dir='ltr'><em>κέρατα</em></span> 
     </span>
    </p>
   </div>
   <div class='ocr_carea' id='block_1_39' title="bbox 2147 1220 3738 1296">
    <p class='ocr_par' dir='ltr' id='par_1_39' title="bbox 2147 1220 3738 1296">
     <span class='ocr_line' id='line_1_39' title="bbox 2147 1220 3738 1296; baseline -0.004 -13"><span class='ocrx_word' id='word_1_258' title='bbox 2147 1229 2257 1283; x_wconf 85' lang='grc' dir='ltr'><em>τοῦ</em></span> <span class='ocrx_word' id='word_1_259' title='bbox 2290 1228 2727 1296; x_wconf 83' lang='grc' dir='ltr'><strong><em>θυσιαστηρίου</em></strong></span> <span class='ocrx_word' id='word_1_260' title='bbox 2747 1266 2763 1290; x_wconf 87' lang='grc'><strong><em>,</em></strong></span> <span class='ocrx_word' id='word_1_261' title='bbox 2806 1226 2908 1280; x_wconf 78' lang='grc' dir='ltr'><em>καὶ</em></span> <span class='ocrx_word' id='word_1_262' title='bbox 2958 1225 3287 1279; x_wconf 71' lang='grc' dir='ltr'><strong><em>πεσοῦνται</em></strong></span> <span class='ocrx_word' id='word_1_263' title='bbox 3311 1223 3411 1278; x_wconf 74' lang='grc' dir='ltr'><strong><em>ἐπὶ</em></strong></span> <span class='ocrx_word' id='word_1_264' title='bbox 3447 1221 3564 1291; x_wconf 77' lang='grc' dir='ltr'><em>τὴν</em></span> <span class='ocrx_word' id='word_1_265' title='bbox 3597 1220 3738 1291; x_wconf 81' lang='grc' dir='ltr'><em>τῆν.</em></span> 
     </span>
    </p>
   </div>
   <div class='ocr_carea' id='block_1_40' title="bbox 2150 1314 3742 1393">
    <p class='ocr_par' dir='ltr' id='par_1_40' title="bbox 2150 1314 3742 1393">
     <span class='ocr_line' id='line_1_40' title="bbox 2150 1314 3742 1393; baseline -0.006 -16"><span class='ocrx_word' id='word_1_266' title='bbox 2150 1319 2394 1393; x_wconf 73' lang='grc' dir='ltr'><em>Συγχεῶ</em></span> <span class='ocrx_word' id='word_1_267' title='bbox 2434 1320 2534 1375; x_wconf 78' lang='grc' dir='ltr'><em>καὶ</em></span> <span class='ocrx_word' id='word_1_268' title='bbox 2592 1318 2840 1383; x_wconf 79' lang='grc' dir='ltr'><em>πατάξω</em></span> <span class='ocrx_word' id='word_1_269' title='bbox 2869 1317 2978 1372; x_wconf 81' lang='grc' dir='ltr'><strong><em>τὸν</em></strong></span> <span class='ocrx_word' id='word_1_270' title='bbox 3013 1314 3182 1372; x_wconf 81' lang='grc' dir='ltr'><em>οἷκον</em></span> <span class='ocrx_word' id='word_1_271' title='bbox 3222 1316 3330 1370; x_wconf 82' lang='grc' dir='ltr'><em>τὸν</em></span> <span class='ocrx_word' id='word_1_272' title='bbox 3380 1317 3742 1384; x_wconf 79' lang='grc' dir='ltr'><em>περίπτερον</em></span> 
     </span>
    </p>
   </div>
   <div class='ocr_carea' id='block_1_41' title="bbox 2147 1402 3740 1475">
    <p class='ocr_par' dir='ltr' id='par_1_41' title="bbox 2147 1402 3740 1475">
     <span class='ocr_line' id='line_1_41' title="bbox 2147 1402 3740 1475; baseline -0.003 -11"><span class='ocrx_word' id='word_1_273' title='bbox 2147 1409 2248 1464; x_wconf 77' lang='grc' dir='ltr'><strong><em>ἐπὶ</em></strong></span> <span class='ocrx_word' id='word_1_274' title='bbox 2289 1409 2397 1464; x_wconf 86' lang='grc' dir='ltr'><em>τὸν</em></span> <span class='ocrx_word' id='word_1_275' title='bbox 2421 1405 2592 1463; x_wconf 83' lang='grc' dir='ltr'><em>οἷκον</em></span> <span class='ocrx_word' id='word_1_276' title='bbox 2615 1409 2723 1462; x_wconf 86' lang='grc' dir='ltr'><strong><em>τὸν</em></strong></span> <span class='ocrx_word' id='word_1_277' title='bbox 2762 1409 3021 1475; x_wconf 78' lang='grc' dir='ltr'><em>θερινὸν,</em></span> <span class='ocrx_word' id='word_1_278' title='bbox 3050 1407 3148 1461; x_wconf 74' lang='grc' dir='ltr'><em>καὶ</em></span> <span class='ocrx_word' id='word_1_279' title='bbox 3190 1407 3563 1462; x_wconf 75' lang='grc' dir='ltr'><em>ἀπολοῦνται</em></span> <span class='ocrx_word' id='word_1_280' title='bbox 3588 1402 3740 1461; x_wconf 81' lang='grc' dir='ltr'><em>οἴκοι</em></span> 
     </span>
    </p>
   </div>
   <div class='ocr_carea' id='block_1_42' title="bbox 2147 1495 3737 1572">
    <p class='ocr_par' dir='ltr' id='par_1_42' title="bbox 2147 1495 3737 1572">
     <span class='ocr_line' id='line_1_42' title="bbox 2147 1495 3737 1572; baseline -0.002 -16"><span class='ocrx_word' id='word_1_281' title='bbox 2147 1500 2562 1572; x_wconf 65' lang='grc' dir='ltr'><em>ἐλεφάντινοι,</em></span> <span class='ocrx_word' id='word_1_282' title='bbox 2617 1500 2716 1556; x_wconf 77' lang='grc' dir='ltr'><em>καὶ</em></span> <span class='ocrx_word' id='word_1_283' title='bbox 2763 1499 3286 1569; x_wconf 78' lang='grc' dir='ltr'><em>προστεθήσονται</em></span> <span class='ocrx_word' id='word_1_284' title='bbox 3340 1495 3496 1556; x_wconf 74' lang='grc' dir='ltr'><em>οἴκοι</em></span> <span class='ocrx_word' id='word_1_285' title='bbox 3547 1499 3737 1569; x_wconf 75' lang='grc' dir='ltr'><em>ἕτεροι</em></span> 
     </span>
    </p>
   </div>
   <div class='ocr_carea' id='block_1_43' title="bbox 2147 1593 2953 1664">
    <p class='ocr_par' dir='ltr' id='par_1_43' title="bbox 2147 1593 2953 1664">
     <span class='ocr_line' id='line_1_43' title="bbox 2147 1593 2953 1664; baseline -0.002 -16"><span class='ocrx_word' id='word_1_286' title='bbox 2147 1595 2246 1648; x_wconf 79' lang='grc' dir='ltr'><em>καὶ</em></span> <span class='ocrx_word' id='word_1_287' title='bbox 2267 1594 2506 1659; x_wconf 71' lang='grc' dir='ltr'><em>πολλοὶ,</em></span> <span class='ocrx_word' id='word_1_288' title='bbox 2529 1593 2691 1664; x_wconf 68' lang='grc' dir='ltr'><em>λέγει</em></span> <span class='ocrx_word' id='word_1_289' title='bbox 2719 1595 2953 1661; x_wconf 80' lang='grc' dir='ltr'><em>Κύριος.</em></span> 
     </span>
    </p>
   </div>
   <div class='ocr_carea' id='block_1_44' title="bbox 2219 1685 3738 1757">
    <p class='ocr_par' dir='ltr' id='par_1_44' title="bbox 2219 1685 3738 1757">
     <span class='ocr_line' id='line_1_44' title="bbox 2219 1685 3738 1757; baseline -0.001 -17"><span class='ocrx_word' id='word_1_290' title='bbox 2219 1687 2342 1741; x_wconf 79' lang='lat' dir='ltr'><strong><em>Al&quot;.</em></strong></span> <span class='ocrx_word' id='word_1_291' title='bbox 2396 1686 2676 1739; x_wconf 87' lang='grc' dir='ltr'><em>Ἐπάνεισι</em></span> <span class='ocrx_word' id='word_1_292' title='bbox 2731 1686 2896 1740; x_wconf 82' lang='grc' dir='ltr'><em>πάλιν</em></span> <span class='ocrx_word' id='word_1_293' title='bbox 2944 1687 3024 1750; x_wconf 81' lang='grc' dir='ltr'><strong><em>εἷς</em></strong></span> <span class='ocrx_word' id='word_1_294' title='bbox 3067 1685 3345 1757; x_wconf 80' lang='grc' dir='ltr'><strong><em>ἀφήγησιν</em></strong></span> <span class='ocrx_word' id='word_1_295' title='bbox 3390 1685 3597 1756; x_wconf 82' lang='grc' dir='ltr'><strong><em>ἐναργῆ</em></strong></span> <span class='ocrx_word' id='word_1_296' title='bbox 3627 1685 3738 1739; x_wconf 87' lang='grc' dir='ltr'><strong><em>τῶν</em></strong></span> 
     </span>
    </p>
   </div>
   <div class='ocr_carea' id='block_1_45' title="bbox 2147 1775 3734 1850">
    <p class='ocr_par' dir='ltr' id='par_1_45' title="bbox 2147 1775 3734 1850">
     <span class='ocr_line' id='line_1_45' title="bbox 2147 1775 3734 1850; baseline -0.002 -17"><span class='ocrx_word' id='word_1_297' title='bbox 2147 1777 2580 1850; x_wconf 78' lang='grc' dir='ltr'><em>συμϐησομένων</em></span> <span class='ocrx_word' id='word_1_298' title='bbox 2603 1779 2716 1840; x_wconf 83' lang='grc' dir='ltr'><em>τοῖς</em></span> <span class='ocrx_word' id='word_1_299' title='bbox 2743 1776 3066 1847; x_wconf 72' lang='grc' dir='ltr'><em>ἠσεϐηκόσι,</em></span> <span class='ocrx_word' id='word_1_300' title='bbox 3099 1776 3194 1830; x_wconf 74' lang='grc' dir='ltr'><em>τὸν</em></span> <span class='ocrx_word' id='word_1_301' title='bbox 3223 1775 3388 1830; x_wconf 83' lang='grc' dir='ltr'><em>αὐτὸν</em></span> <span class='ocrx_word' id='word_1_302' title='bbox 3413 1775 3734 1840; x_wconf 80' lang='grc' dir='ltr'><em>πλειστάκις</em></span> 
     </span>
    </p>
   </div>
   <div class='ocr_carea' id='block_1_46' title="bbox 2147 1869 3736 1942">
    <p class='ocr_par' dir='ltr' id='par_1_46' title="bbox 2147 1869 3736 1942">
     <span class='ocr_line' id='line_1_46' title="bbox 2147 1869 3736 1942; baseline -0.001 -17"><span class='ocrx_word' id='word_1_303' title='bbox 2147 1869 2495 1942; x_wconf 85' lang='grc' dir='ltr'><em>κατευρύνων</em></span> <span class='ocrx_word' id='word_1_304' title='bbox 2515 1870 2674 1938; x_wconf 87' lang='grc' dir='ltr'><em>λόγον</em></span> <span class='ocrx_word' id='word_1_305' title='bbox 2699 1871 2780 1933; x_wconf 79' lang='grc' dir='ltr'><em>εἰς</em></span> <span class='ocrx_word' id='word_1_306' title='bbox 2803 1869 2989 1940; x_wconf 77' lang='grc' dir='ltr'><em>ὄνησιν</em></span> <span class='ocrx_word' id='word_1_307' title='bbox 3005 1871 3117 1932; x_wconf 86' lang='grc' dir='ltr'><em>τοῖς</em></span> <span class='ocrx_word' id='word_1_308' title='bbox 3137 1869 3530 1940; x_wconf 80' lang='grc' dir='ltr'><strong><em>ἀκροωμένοις.</em></strong></span> <span class='ocrx_word' id='word_1_309' title='bbox 3553 1869 3736 1933; x_wconf 67' lang='grc' dir='ltr'><em>Ὅθεν,</em></span> 
     </span>
    </p>
   </div>
   <div class='ocr_carea' id='block_1_47' title="bbox 2146 1959 3735 2035">
    <p class='ocr_par' dir='ltr' id='par_1_47' title="bbox 2146 1959 3735 2035">
     <span class='ocr_line' id='line_1_47' title="bbox 2146 1959 3735 2035; baseline -0.003 -17"><span class='ocrx_word' id='word_1_310' title='bbox 2146 1959 2298 2035; x_wconf 71' lang='grc' dir='ltr'><em>οἶμαί</em></span> <span class='ocrx_word' id='word_1_311' title='bbox 2349 1981 2475 2024; x_wconf 85' lang='grc' dir='ltr'><em>που,</em></span> <span class='ocrx_word' id='word_1_312' title='bbox 2506 1961 2569 2015; x_wconf 83' lang='grc' dir='ltr'><em>τὸ</em></span> <span class='ocrx_word' id='word_1_313' title='bbox 2599 1962 2794 2034; x_wconf 77' lang='grc' dir='ltr'><em>χρῆμα</em></span> <span class='ocrx_word' id='word_1_314' title='bbox 2826 1961 3006 2025; x_wconf 76' lang='grc' dir='ltr'><em>συνεὶς</em></span> <span class='ocrx_word' id='word_1_315' title='bbox 3035 1961 3112 2024; x_wconf 83' lang='grc' dir='ltr'><em>ὡς</em></span> <span class='ocrx_word' id='word_1_316' title='bbox 3153 1960 3304 2014; x_wconf 77' lang='grc' dir='ltr'><em>ἐστιν</em></span> <span class='ocrx_word' id='word_1_317' title='bbox 3341 1962 3442 2015; x_wconf 79' lang='grc' dir='ltr'><em>οὐκ</em></span> <span class='ocrx_word' id='word_1_318' title='bbox 3474 1961 3735 2034; x_wconf 82' lang='grc' dir='ltr'><em>ἀκερδὲς,</em></span> 
     </span>
    </p>
   </div>
   <div class='ocr_carea' id='block_1_48' title="bbox 2147 2052 3738 2125">
    <p class='ocr_par' dir='ltr' id='par_1_48' title="bbox 2147 2052 3738 2125">
     <span class='ocr_line' id='line_1_48' title="bbox 2147 2052 3738 2125; baseline -0.004 -13"><span class='ocrx_word' id='word_1_319' title='bbox 2147 2055 2458 2112; x_wconf 75' lang='grc' dir='ltr'><em>ἐπιστέλλει</em></span> <span class='ocrx_word' id='word_1_320' title='bbox 2485 2055 2596 2108; x_wconf 74' lang='grc' dir='ltr'><em>τισὶ</em></span> <span class='ocrx_word' id='word_1_321' title='bbox 2622 2054 2834 2118; x_wconf 79' lang='grc' dir='ltr'><em>Παῦλος</em></span> <span class='ocrx_word' id='word_1_322' title='bbox 2854 2070 2868 2084; x_wconf 90' lang='grc'><strong>·</strong></span> <span class='ocrx_word' id='word_1_323' title='bbox 2904 2073 2921 2105; x_wconf 80' lang='grc' dir='ltr'><strong><em>ι</em></strong></span> <span class='ocrx_word' id='word_1_324' title='bbox 2957 2053 3038 2107; x_wconf 88' lang='grc' dir='ltr'>Τὰ</span> <span class='ocrx_word' id='word_1_325' title='bbox 3071 2052 3211 2106; x_wconf 81' lang='grc' dir='ltr'><em>αὐτὰ</em></span> <span class='ocrx_word' id='word_1_326' title='bbox 3227 2052 3410 2122; x_wconf 87' lang='grc' dir='ltr'><em>λέγειν</em></span> <span class='ocrx_word' id='word_1_327' title='bbox 3433 2054 3583 2123; x_wconf 83' lang='grc' dir='ltr'><em>ὑμῖν,</em></span> <span class='ocrx_word' id='word_1_328' title='bbox 3613 2053 3738 2125; x_wconf 77' lang='grc' dir='ltr'><strong><em>ἐμοὶ</em></strong></span> 
     </span>
    </p>
   </div>
   <div class='ocr_carea' id='block_1_49' title="bbox 2149 2144 3737 2220">
    <p class='ocr_par' dir='ltr' id='par_1_49' title="bbox 2149 2144 3737 2220">
     <span class='ocr_line' id='line_1_49' title="bbox 2149 2144 3737 2220; baseline -0.003 -19"><span class='ocrx_word' id='word_1_329' title='bbox 2149 2151 2248 2220; x_wconf 82' lang='grc' dir='ltr'><em>μὲν</em></span> <span class='ocrx_word' id='word_1_330' title='bbox 2278 2149 2378 2202; x_wconf 75' lang='grc' dir='ltr'><em>οὐκ</em></span> <span class='ocrx_word' id='word_1_331' title='bbox 2411 2147 2667 2218; x_wconf 73' lang='grc' dir='ltr'><em>ὀκνηρὸν,</em></span> <span class='ocrx_word' id='word_1_332' title='bbox 2703 2148 2832 2216; x_wconf 84' lang='grc' dir='ltr'><em>ύμῖν</em></span> <span class='ocrx_word' id='word_1_333' title='bbox 2861 2146 2918 2199; x_wconf 81' lang='grc' dir='ltr'><em>δὲ</em></span> <span class='ocrx_word' id='word_1_334' title='bbox 2948 2145 3212 2214; x_wconf 80' lang='grc' dir='ltr'><em>ἀσφαλές.</em></span> <span class='ocrx_word' id='word_1_335' title='bbox 3243 2164 3262 2197; x_wconf 71' lang='grc' dir='ltr'><strong><em>ι</em></strong></span> <span class='ocrx_word' id='word_1_336' title='bbox 3306 2145 3641 2216; x_wconf 81' lang='grc' dir='ltr'><em>Προστάττει</em></span> <span class='ocrx_word' id='word_1_337' title='bbox 3672 2144 3737 2216; x_wconf 72' lang='grc' dir='ltr'><em>δὴ</em></span> 
     </span>
    </p>
   </div>
   <div class='ocr_carea' id='block_1_50' title="bbox 2142 2236 3738 2311">
    <p class='ocr_par' dir='ltr' id='par_1_50' title="bbox 2142 2236 3738 2311">
     <span class='ocr_line' id='line_1_50' title="bbox 2142 2236 3738 2311; baseline -0.003 -17"><span class='ocrx_word' id='word_1_338' title='bbox 2142 2237 2237 2294; x_wconf 77' lang='grc' dir='ltr'><em>οὖν</em></span> <span class='ocrx_word' id='word_1_339' title='bbox 2267 2242 2394 2303; x_wconf 85' lang='grc' dir='ltr'><em>τοὺς</em></span> <span class='ocrx_word' id='word_1_340' title='bbox 2423 2239 2808 2311; x_wconf 79' lang='grc' dir='ltr'><em>ίερατεύοντας</em></span> <span class='ocrx_word' id='word_1_341' title='bbox 2838 2239 3121 2309; x_wconf 72' lang='grc' dir='ltr'><em>μονονουχὶ</em></span> <span class='ocrx_word' id='word_1_342' title='bbox 3153 2238 3249 2292; x_wconf 75' lang='grc' dir='ltr'><em>καὶ</em></span> <span class='ocrx_word' id='word_1_343' title='bbox 3295 2237 3432 2306; x_wconf 74' lang='grc' dir='ltr'><strong><em>ὑψοῦ</em></strong></span> <span class='ocrx_word' id='word_1_344' title='bbox 3468 2237 3566 2307; x_wconf 79' lang='grc' dir='ltr'><em>τὴν</em></span> <span class='ocrx_word' id='word_1_345' title='bbox 3600 2236 3738 2290; x_wconf 73' lang='grc' dir='ltr'><em>ἰδίαν</em></span> 
     </span>
    </p>
   </div>
   <div class='ocr_carea' id='block_1_51' title="bbox 2146 2327 3740 2403">
    <p class='ocr_par' dir='ltr' id='par_1_51' title="bbox 2146 2327 3740 2403">
     <span class='ocr_line' id='line_1_51' title="bbox 2146 2327 3740 2403; baseline 0.001 -19"><span class='ocrx_word' id='word_1_346' title='bbox 2146 2334 2324 2396; x_wconf 76' lang='grc' dir='ltr'><em>ἱέντας</em></span> <span class='ocrx_word' id='word_1_347' title='bbox 2365 2331 2550 2403; x_wconf 78' lang='grc' dir='ltr'><em>φωνὴν</em></span> <span class='ocrx_word' id='word_1_348' title='bbox 2584 2330 3066 2401; x_wconf 81' lang='grc' dir='ltr'><em>διαμαρτύρασθαι</em></span> <span class='ocrx_word' id='word_1_349' title='bbox 3113 2329 3192 2400; x_wconf 81' lang='grc' dir='ltr'><em>τῷ</em></span> <span class='ocrx_word' id='word_1_350' title='bbox 3233 2329 3471 2400; x_wconf 76' lang='grc' dir='ltr'><em>Ἰσραὴλ,</em></span> <span class='ocrx_word' id='word_1_351' title='bbox 3528 2327 3740 2385; x_wconf 72' lang='grc' dir='ltr'><em>ἕκαστά</em></span> 
     </span>
    </p>
   </div>
   <div class='ocr_carea' id='block_1_52' title="bbox 2139 2419 3739 2493">
    <p class='ocr_par' dir='ltr' id='par_1_52' title="bbox 2139 2419 3739 2493">
     <span class='ocr_line' id='line_1_52' title="bbox 2139 2419 3739 2493; baseline -0.004 -15"><span class='ocrx_word' id='word_1_352' title='bbox 2139 2443 2199 2478; x_wconf 87' lang='grc' dir='ltr'><strong><em>τε</em></strong></span> <span class='ocrx_word' id='word_1_353' title='bbox 2235 2425 2344 2478; x_wconf 90' lang='grc' dir='ltr'><strong><em>τῶν</em></strong></span> <span class='ocrx_word' id='word_1_354' title='bbox 2371 2426 2494 2478; x_wconf 82' lang='grc' dir='ltr'><em>ὅσον</em></span> <span class='ocrx_word' id='word_1_355' title='bbox 2523 2422 2677 2476; x_wconf 72' lang='grc' dir='ltr'><em>οὔπω</em></span> <span class='ocrx_word' id='word_1_356' title='bbox 2713 2421 3151 2493; x_wconf 79' lang='grc' dir='ltr'><em>συμϐησομένων</em></span> <span class='ocrx_word' id='word_1_357' title='bbox 3194 2419 3587 2493; x_wconf 82' lang='grc' dir='ltr'><em>προαγορεύειν</em></span> <span class='ocrx_word' id='word_1_358' title='bbox 3639 2421 3739 2473; x_wconf 61' lang='lat' dir='ltr'><strong><em>ac.</em></strong></span> 
     </span>
    </p>
   </div>
   <div class='ocr_carea' id='block_1_53' title="bbox 2138 2511 3737 2587">
    <p class='ocr_par' dir='ltr' id='par_1_53' title="bbox 2138 2511 3737 2587">
     <span class='ocr_line' id='line_1_53' title="bbox 2138 2511 3737 2587; baseline 0 -17"><span class='ocrx_word' id='word_1_359' title='bbox 2138 2520 2274 2582; x_wconf 87' lang='grc' dir='ltr'><em>τοῖς.</em></span> <span class='ocrx_word' id='word_1_360' title='bbox 2307 2516 2416 2569; x_wconf 76' lang='grc' dir='ltr'><strong><em>Καὶ</em></strong></span> <span class='ocrx_word' id='word_1_361' title='bbox 2448 2515 2601 2580; x_wconf 85' lang='grc' dir='ltr'><em>τίνας</em></span> <span class='ocrx_word' id='word_1_362' title='bbox 2655 2511 2764 2587; x_wconf 82' lang='grc' dir='ltr'><em>ἆρα</em></span> <span class='ocrx_word' id='word_1_363' title='bbox 2822 2517 3089 2586; x_wconf 85' lang='grc' dir='ltr'><em>νοήσομεν</em></span> <span class='ocrx_word' id='word_1_364' title='bbox 3136 2515 3265 2578; x_wconf 77' lang='grc' dir='ltr'><em>τοὺς</em></span> <span class='ocrx_word' id='word_1_365' title='bbox 3313 2514 3637 2584; x_wconf 87' lang='grc' dir='ltr'><em>διαπρύσιόν</em></span> <span class='ocrx_word' id='word_1_366' title='bbox 3681 2532 3737 2570; x_wconf 85' lang='grc' dir='ltr'><strong><em>τι</em></strong></span> 
     </span>
    </p>
   </div>
   <div class='ocr_carea' id='block_1_54' title="bbox 2140 2601 3737 2678">
    <p class='ocr_par' dir='ltr' id='par_1_54' title="bbox 2140 2601 3737 2678">
     <span class='ocr_line' id='line_1_54' title="bbox 2140 2601 3737 2678; baseline -0.003 -15"><span class='ocrx_word' id='word_1_367' title='bbox 2140 2612 2340 2678; x_wconf 88' lang='grc' dir='ltr'><em>φωνεῖν</em></span> <span class='ocrx_word' id='word_1_368' title='bbox 2391 2607 2890 2678; x_wconf 80' lang='grc' dir='ltr'><em>ἐπιτεταγμένους;</em></span> <span class='ocrx_word' id='word_1_369' title='bbox 2937 2601 3047 2678; x_wconf 85' lang='grc' dir='ltr'><em>ἆρα</em></span> <span class='ocrx_word' id='word_1_370' title='bbox 3100 2606 3229 2668; x_wconf 80' lang='grc' dir='ltr'><em>τοὺς</em></span> <span class='ocrx_word' id='word_1_371' title='bbox 3280 2604 3391 2658; x_wconf 90' lang='grc' dir='ltr'><strong><em>τῶν</em></strong></span> <span class='ocrx_word' id='word_1_372' title='bbox 3448 2604 3737 2675; x_wconf 86' lang='grc' dir='ltr'><em>δαμάλεων</em></span> 
     </span>
    </p>
   </div>
   <div class='ocr_carea' id='block_1_55' title="bbox 2140 2693 3734 2770">
    <p class='ocr_par' dir='ltr' id='par_1_55' title="bbox 2140 2693 3734 2770">
     <span class='ocr_line' id='line_1_55' title="bbox 2140 2693 3734 2770; baseline -0.003 -18"><span class='ocrx_word' id='word_1_373' title='bbox 2140 2699 2345 2770; x_wconf 72' lang='grc' dir='ltr'><em>ἱερέας,</em></span> <span class='ocrx_word' id='word_1_374' title='bbox 2402 2697 2435 2768; x_wconf 85' lang='grc' dir='ltr'>ἢ</span> <span class='ocrx_word' id='word_1_375' title='bbox 2482 2697 2609 2761; x_wconf 83' lang='grc' dir='ltr'><em>τοὺς</em></span> <span class='ocrx_word' id='word_1_376' title='bbox 2643 2696 2753 2749; x_wconf 88' lang='grc' dir='ltr'><strong><em>τῶν</em></strong></span> <span class='ocrx_word' id='word_1_377' title='bbox 2812 2694 3017 2763; x_wconf 78' lang='grc' dir='ltr'><em>ἐτέρων</em></span> <span class='ocrx_word' id='word_1_378' title='bbox 3063 2694 3344 2764; x_wconf 73' lang='grc' dir='ltr'><strong><em>⁸τῖεμενῶν,</em></strong></span> <span class='ocrx_word' id='word_1_379' title='bbox 3395 2693 3430 2765; x_wconf 80' lang='grc' dir='ltr'>ἢ</span> <span class='ocrx_word' id='word_1_380' title='bbox 3468 2693 3734 2760; x_wconf 64' lang='grc' dir='ltr'><em>εἰδώλωνξ</em></span> 
     </span>
    </p>
   </div>
   <div class='ocr_carea' id='block_1_56' title="bbox 2149 2785 3735 2859">
    <p class='ocr_par' dir='ltr' id='par_1_56' title="bbox 2149 2785 3735 2859">
     <span class='ocr_line' id='line_1_56' title="bbox 2149 2785 3735 2859; baseline -0.003 -15"><span class='ocrx_word' id='word_1_381' title='bbox 2149 2791 2310 2854; x_wconf 88' lang='grc' dir='ltr'><strong><em>Ἀλλ’,</em></strong></span> <span class='ocrx_word' id='word_1_382' title='bbox 2368 2785 2546 2859; x_wconf 75' lang='grc' dir='ltr'><em>οἶμαι,</em></span> <span class='ocrx_word' id='word_1_383' title='bbox 2599 2789 2759 2842; x_wconf 77' lang='grc' dir='ltr'><em>τοῦτο</em></span> <span class='ocrx_word' id='word_1_384' title='bbox 2815 2787 3100 2842; x_wconf 84' lang='grc' dir='ltr'><em>ἀπίθανον.</em></span> <span class='ocrx_word' id='word_1_385' title='bbox 3135 2787 3210 2839; x_wconf 80' lang='grc' dir='ltr'><em>Ού</em></span> <span class='ocrx_word' id='word_1_386' title='bbox 3255 2786 3364 2858; x_wconf 83' lang='grc' dir='ltr'><em>γὰρ</em></span> <span class='ocrx_word' id='word_1_387' title='bbox 3406 2785 3473 2840; x_wconf 82' lang='grc' dir='ltr'>ἂν</span> <span class='ocrx_word' id='word_1_388' title='bbox 3535 2788 3735 2840; x_wconf 77' lang='grc' dir='ltr'><em>ἐκεῖνοι</em></span> 
     </span>
    </p>
   </div>
   <div class='ocr_carea' id='block_1_57' title="bbox 2134 2877 3734 2954">
    <p class='ocr_par' dir='ltr' id='par_1_57' title="bbox 2134 2877 3734 2954">
     <span class='ocr_line' id='line_1_57' title="bbox 2134 2877 3734 2954; baseline -0.003 -18"><span class='ocrx_word' id='word_1_389' title='bbox 2134 2881 2462 2954; x_wconf 79' lang='grc' dir='ltr'><em>διεκήρυξαν</em></span> <span class='ocrx_word' id='word_1_390' title='bbox 2516 2881 2588 2934; x_wconf 88' lang='grc' dir='ltr'><strong><em>τά</em></strong></span> <span class='ocrx_word' id='word_1_391' title='bbox 2613 2898 2674 2934; x_wconf 86' lang='grc' dir='ltr'><strong><em>τε</em></strong></span> <span class='ocrx_word' id='word_1_392' title='bbox 2715 2878 2866 2949; x_wconf 86' lang='grc' dir='ltr'><em>σφῶν</em></span> <span class='ocrx_word' id='word_1_393' title='bbox 2905 2877 3089 2933; x_wconf 83' lang='grc' dir='ltr'><em>αὐτῶν</em></span> <span class='ocrx_word' id='word_1_394' title='bbox 3133 2878 3230 2932; x_wconf 70' lang='grc' dir='ltr'><em>καὶ</em></span> <span class='ocrx_word' id='word_1_395' title='bbox 3261 2879 3328 2937; x_wconf 76' lang='grc' dir='ltr'><em>τὰ</em></span> <span class='ocrx_word' id='word_1_396' title='bbox 3365 2879 3476 2932; x_wconf 85' lang='grc' dir='ltr'><strong><em>τῶν</em></strong></span> <span class='ocrx_word' id='word_1_397' title='bbox 3528 2880 3734 2950; x_wconf 77' lang='grc' dir='ltr'><em>ἑτέρων</em></span> 
     </span>
    </p>
   </div>
   <div class='ocr_carea' id='block_1_58' title="bbox 2133 2967 3733 3044">
    <p class='ocr_par' dir='ltr' id='par_1_58' title="bbox 2133 2967 3733 3044">
     <span class='ocr_line' id='line_1_58' title="bbox 2133 2967 3733 3044; baseline -0.003 -15"><span class='ocrx_word' id='word_1_398' title='bbox 2133 2975 2302 3040; x_wconf 83' lang='grc' dir='ltr'><em>κακὰ,</em></span> <span class='ocrx_word' id='word_1_399' title='bbox 2325 2973 2417 3038; x_wconf 85' lang='grc' dir='ltr'><em>οὒς</em></span> <span class='ocrx_word' id='word_1_400' title='bbox 2440 2973 2596 3028; x_wconf 75' lang='grc' dir='ltr'><em>αὐτοὶ</em></span> <span class='ocrx_word' id='word_1_401' title='bbox 2619 2990 2684 3026; x_wconf 87' lang='grc' dir='ltr'><strong><em>πε</em></strong></span> <span class='ocrx_word' id='word_1_402' title='bbox 2695 2973 3025 3044; x_wconf 81' lang='grc' dir='ltr'><em>πλανήκασι.</em></span> <span class='ocrx_word' id='word_1_403' title='bbox 3043 2971 3202 3034; x_wconf 85' lang='grc' dir='ltr'><em>Τίνες</em></span> <span class='ocrx_word' id='word_1_404' title='bbox 3231 2968 3326 3024; x_wconf 80' lang='grc' dir='ltr'><em>οὖν</em></span> <span class='ocrx_word' id='word_1_405' title='bbox 3354 2967 3465 3044; x_wconf 83' lang='grc' dir='ltr'><em>ἆρα</em></span> <span class='ocrx_word' id='word_1_406' title='bbox 3495 2989 3733 3042; x_wconf 87' lang='grc' dir='ltr'><em>προστε-</em></span> 
     </span>
    </p>
   </div>
   <div class='ocr_carea' id='block_1_59' title="bbox 2130 3062 3728 3138">
    <p class='ocr_par' dir='ltr' id='par_1_59' title="bbox 2130 3062 3728 3138">
     <span class='ocr_line' id='line_1_59' title="bbox 2130 3062 3728 3138; baseline -0.001 -17"><span class='ocrx_word' id='word_1_407' title='bbox 2130 3067 2392 3138; x_wconf 87' lang='grc' dir='ltr'><em>ταγμένοι</em></span> <span class='ocrx_word' id='word_1_408' title='bbox 2414 3066 2575 3118; x_wconf 74' lang='grc' dir='ltr'><em>τοῦτο</em></span> <span class='ocrx_word' id='word_1_409' title='bbox 2612 3065 2745 3136; x_wconf 82' lang='grc' dir='ltr'><em>δρᾷν</em></span> <span class='ocrx_word' id='word_1_410' title='bbox 2771 3065 2938 3136; x_wconf 76' lang='grc' dir='ltr'><em>ἱερεῖς</em></span> <span class='ocrx_word' id='word_1_411' title='bbox 2963 3081 2976 3129; x_wconf 91' lang='grc'>;</span> <span class='ocrx_word' id='word_1_412' title='bbox 3007 3065 3069 3117; x_wconf 83' lang='grc' dir='ltr'><strong>Οἱ</strong></span> <span class='ocrx_word' id='word_1_413' title='bbox 3100 3063 3159 3130; x_wconf 77' lang='grc' dir='ltr'><strong>ἐξ</strong></span> <span class='ocrx_word' id='word_1_414' title='bbox 3183 3065 3416 3135; x_wconf 81' lang='grc' dir='ltr'><em>αἵματος</em></span> <span class='ocrx_word' id='word_1_415' title='bbox 3438 3062 3532 3118; x_wconf 83' lang='grc' dir='ltr'><em>τοῦ</em></span> <span class='ocrx_word' id='word_1_416' title='bbox 3570 3064 3728 3119; x_wconf 78' lang='grc' dir='ltr'><em>Λευὶ.</em></span> 
     </span>
    </p>
   </div>
   <div class='ocr_carea' id='block_1_60' title="bbox 439 3136 2026 3231">
    <p class='ocr_par' dir='ltr' id='par_1_60' title="bbox 439 3136 2025 3224">
     <span class='ocr_line' id='line_1_60' title="bbox 439 3136 2025 3224; baseline 0.013 -34"><span class='ocrx_word' id='word_1_417' title='bbox 439 3143 587 3192; x_wconf 86' lang='lat' dir='ltr'><strong><em>runt.</em></strong></span> <span class='ocrx_word' id='word_1_418' title='bbox 624 3136 743 3192; x_wconf 82' lang='lat' dir='ltr'><strong><em>Non</em></strong></span> <span class='ocrx_word' id='word_1_419' title='bbox 766 3142 1143 3198; x_wconf 89' lang='lat' dir='ltr'><strong><em>sustinuerunt</em></strong></span> <span class='ocrx_word' id='word_1_420' title='bbox 1178 3146 1386 3200; x_wconf 86' lang='lat' dir='ltr'><strong><em>servire</em></strong></span> <span class='ocrx_word' id='word_1_421' title='bbox 1417 3148 1594 3204; x_wconf 92' lang='lat' dir='ltr'><strong><em>idolis.</em></strong></span> <span class='ocrx_word' id='word_1_422' title='bbox 1663 3151 1710 3205; x_wconf 88' lang='lat' dir='ltr'><strong>A</strong></span> <span class='ocrx_word' id='word_1_423' title='bbox 1763 3153 2025 3224; x_wconf 81' lang='lat' dir='ltr'><strong><em>religione</em></strong></span> 
     </span>
    </p>
   </div>
   <div class='ocr_carea' id='block_1_61' title="bbox 2133 3136 3803 3231">
    <p class='ocr_par' dir='ltr' id='par_1_61' title="bbox 2134 3136 3803 3231">
     <span class='ocr_line' id='line_1_61' title="bbox 2134 3136 3803 3231; baseline -0.002 -17"><span class='ocrx_word' id='word_1_424' title='bbox 2134 3162 2207 3214; x_wconf 87' lang='grc' dir='ltr'><strong>Οὐ</strong></span> <span class='ocrx_word' id='word_1_425' title='bbox 2247 3136 2367 3231; x_wconf 81' lang='grc' dir='ltr'><em>γὰρ</em></span> <span class='ocrx_word' id='word_1_426' title='bbox 2423 3159 2629 3222; x_wconf 82' lang='grc' dir='ltr'><em>πάντες</em></span> <span class='ocrx_word' id='word_1_427' title='bbox 2687 3156 3130 3228; x_wconf 87' lang='grc' dir='ltr'><em>συνωλισθή-κασι</em></span> <span class='ocrx_word' id='word_1_428' title='bbox 3175 3159 3289 3220; x_wconf 79' lang='grc' dir='ltr'><em>τοῖς</em></span> <span class='ocrx_word' id='word_1_429' title='bbox 3335 3159 3394 3210; x_wconf 83' lang='grc' dir='ltr'><strong><em>ὲν</em></strong></span> <span class='ocrx_word' id='word_1_430' title='bbox 3446 3157 3734 3230; x_wconf 67' lang='grc' dir='ltr'><em>Σαμαρείᾳ</em></span> <span class='ocrx_word' id='word_1_431' title='bbox 3801 3196 3803 3199; x_wconf 93' lang='grc'><strong><em>-</em></strong></span> 
     </span>
    </p>
   </div>
   <div class='ocr_carea' id='block_1_62' title="bbox 440 3225 2026 3321">
    <p class='ocr_par' dir='ltr' id='par_1_62' title="bbox 440 3233 2024 3317">
     <span class='ocr_line' id='line_1_62' title="bbox 440 3233 2024 3317; baseline 0.011 -32"><span class='ocrx_word' id='word_1_432' title='bbox 440 3241 618 3288; x_wconf 89' lang='lat' dir='ltr'><strong><em>autem</em></strong></span> <span class='ocrx_word' id='word_1_433' title='bbox 661 3233 1125 3292; x_wconf 85' lang='lat' dir='ltr'><strong><em>Samaritanorum</em></strong></span> <span class='ocrx_word' id='word_1_434' title='bbox 1197 3237 1550 3311; x_wconf 75' lang='lat' dir='ltr'><strong><em>refugientes,</em></strong></span> <span class='ocrx_word' id='word_1_435' title='bbox 1593 3242 2024 3317; x_wconf 78' lang='lat' dir='ltr'><strong><em>Hierosolymam</em></strong></span> 
     </span>
    </p>
   </div>
   <div class='ocr_carea' id='block_1_63' title="bbox 2133 3225 3730 3321">
    <p class='ocr_par' dir='ltr' id='par_1_63' title="bbox 2134 3225 3730 3321">
     <span class='ocr_line' id='line_1_63' title="bbox 2134 3225 3730 3321; baseline 0.001 -15"><span class='ocrx_word' id='word_1_436' title='bbox 2134 3225 2600 3321; x_wconf 76' lang='grc' dir='ltr'><em>πεπλανημένοις.</em></span> <span class='ocrx_word' id='word_1_437' title='bbox 2637 3250 2750 3307; x_wconf 75' lang='grc' dir='ltr'><strong><em>Οὐκ</em></strong></span> <span class='ocrx_word' id='word_1_438' title='bbox 2805 3225 3105 3321; x_wconf 75' lang='grc' dir='ltr'><em>ἠνέσχοντο</em></span> <span class='ocrx_word' id='word_1_439' title='bbox 3129 3249 3418 3321; x_wconf 81' lang='grc' dir='ltr'><em>λατρεύειν</em></span> <span class='ocrx_word' id='word_1_440' title='bbox 3465 3225 3730 3315; x_wconf 59' lang='grc' dir='ltr'><em>εἰδώλοις.</em></span> 
     </span>
    </p>
   </div>
   <div class='ocr_carea' id='block_1_64' title="bbox 438 3326 2026 3412">
    <p class='ocr_par' dir='ltr' id='par_1_64' title="bbox 438 3326 2026 3402">
     <span class='ocr_line' id='line_1_64' title="bbox 438 3326 2026 3402; baseline 0.008 -23"><span class='ocrx_word' id='word_1_441' title='bbox 438 3334 565 3379; x_wconf 84' lang='lat' dir='ltr'><strong><em>sunt</em></strong></span> <span class='ocrx_word' id='word_1_442' title='bbox 601 3326 826 3392; x_wconf 83' lang='lat' dir='ltr'><strong><em>reversi,</em></strong></span> <span class='ocrx_word' id='word_1_443' title='bbox 848 3326 917 3382; x_wconf 86' lang='lat' dir='ltr'><strong><em>de</em></strong></span> <span class='ocrx_word' id='word_1_444' title='bbox 962 3328 1159 3397; x_wconf 88' lang='lat' dir='ltr'><strong><em>quibus</em></strong></span> <span class='ocrx_word' id='word_1_445' title='bbox 1201 3331 1272 3385; x_wconf 89' lang='lat' dir='ltr'><strong><em>ita</em></strong></span> <span class='ocrx_word' id='word_1_446' title='bbox 1337 3333 1598 3402; x_wconf 88' lang='lat' dir='ltr'><strong><em>scriptum</em></strong></span> <span class='ocrx_word' id='word_1_447' title='bbox 1658 3345 1839 3391; x_wconf 81' lang='lat' dir='ltr'><strong><em>exstat</em></strong></span> <span class='ocrx_word' id='word_1_448' title='bbox 1889 3338 2026 3393; x_wconf 90' lang='lat' dir='ltr'><strong><em>libro</em></strong></span> 
     </span>
    </p>
   </div>
   <div class='ocr_carea' id='block_1_65' title="bbox 2133 3326 3732 3412">
    <p class='ocr_par' dir='ltr' id='par_1_65' title="bbox 2145 3339 3732 3412">
     <span class='ocr_line' id='line_1_65' title="bbox 2145 3339 3732 3412; baseline -0.003 -16"><span class='ocrx_word' id='word_1_449' title='bbox 2145 3343 2628 3412; x_wconf 80' lang='grc' dir='ltr'><em>Ἀποπηδήσαντες</em></span> <span class='ocrx_word' id='word_1_450' title='bbox 2660 3340 2716 3392; x_wconf 80' lang='grc' dir='ltr'><em>δὲ</em></span> <span class='ocrx_word' id='word_1_451' title='bbox 2773 3340 2874 3410; x_wconf 79' lang='grc' dir='ltr'><em>τῆς</em></span> <span class='ocrx_word' id='word_1_452' title='bbox 2922 3339 3296 3410; x_wconf 83' lang='grc' dir='ltr'><em>Σαμαρειτῶν,</em></span> <span class='ocrx_word' id='word_1_453' title='bbox 3356 3341 3732 3411; x_wconf 83' lang='grc' dir='ltr'><em>ύπενόστησαν</em></span> 
     </span>
    </p>
   </div>
   <div class='ocr_carea' id='block_1_66' title="bbox 436 3415 2026 3504">
    <p class='ocr_par' dir='ltr' id='par_1_66' title="bbox 436 3415 2024 3488">
     <span class='ocr_line' id='line_1_66' title="bbox 436 3415 2024 3488; baseline 0.009 -18"><span class='ocrx_word' id='word_1_454' title='bbox 436 3416 674 3471; x_wconf 88' lang='lat' dir='ltr'><strong><em>secundo</em></strong></span> <span class='ocrx_word' id='word_1_455' title='bbox 723 3415 1194 3488; x_wconf 82' lang='lat' dir='ltr'><strong><em>Paralipomenon.</em></strong></span> <span class='ocrx_word' id='word_1_456' title='bbox 1234 3421 1425 3479; x_wconf 90' lang='lat' dir='ltr'><strong><em>Sermo</em></strong></span> <span class='ocrx_word' id='word_1_457' title='bbox 1467 3434 1551 3480; x_wconf 86' lang='lat' dir='ltr'><strong><em>cst</em></strong></span> <span class='ocrx_word' id='word_1_458' title='bbox 1595 3425 1662 3482; x_wconf 91' lang='lat' dir='ltr'><strong><em>de</em></strong></span> <span class='ocrx_word' id='word_1_459' title='bbox 1716 3426 2024 3484; x_wconf 76' lang='lat' dir='ltr'><strong><em>Jeroboam.</em></strong></span> 
     </span>
    </p>
   </div>
   <div class='ocr_carea' id='block_1_67' title="bbox 2133 3415 3730 3504">
    <p class='ocr_par' dir='ltr' id='par_1_67' title="bbox 2133 3429 3730 3504">
     <span class='ocr_line' id='line_1_67' title="bbox 2133 3429 3730 3504; baseline 0.001 -17"><span class='ocrx_word' id='word_1_460' title='bbox 2133 3437 2215 3497; x_wconf 79' lang='grc' dir='ltr'><em>εἰς</em></span> <span class='ocrx_word' id='word_1_461' title='bbox 2252 3433 2624 3503; x_wconf 72' lang='grc' dir='ltr'><em>Ἰεροσόλυμαο</em></span> <span class='ocrx_word' id='word_1_462' title='bbox 2652 3429 2966 3503; x_wconf 85' lang='grc' dir='ltr'><em>γέγραπται</em></span> <span class='ocrx_word' id='word_1_463' title='bbox 3005 3432 3062 3485; x_wconf 85' lang='grc' dir='ltr'><em>δὲ</em></span> <span class='ocrx_word' id='word_1_464' title='bbox 3111 3431 3256 3486; x_wconf 76' lang='grc' dir='ltr'><em>οὕτω</em></span> <span class='ocrx_word' id='word_1_465' title='bbox 3294 3433 3424 3504; x_wconf 78' lang='grc' dir='ltr'><em>περὶ</em></span> <span class='ocrx_word' id='word_1_466' title='bbox 3461 3433 3640 3486; x_wconf 81' lang='grc' dir='ltr'><em>αὐτῶν</em></span> <span class='ocrx_word' id='word_1_467' title='bbox 3670 3435 3730 3489; x_wconf 76' lang='grc' dir='ltr'>ἐν</span> 
     </span>
    </p>
   </div>
   <div class='ocr_carea' id='block_1_68' title="bbox 436 3507 2026 3596">
    <p class='ocr_par' dir='ltr' id='par_1_68' title="bbox 436 3507 2026 3587">
     <span class='ocr_line' id='line_1_68' title="bbox 436 3507 2026 3587; baseline 0.011 -27"><span class='ocrx_word' id='word_1_468' title='bbox 436 3507 604 3581; x_wconf 63' lang='grc'>³86</span> <span class='ocrx_word' id='word_1_469' title='bbox 642 3508 844 3566; x_wconf 86' lang='lat' dir='ltr'><strong><em>Deinde</em></strong></span> <span class='ocrx_word' id='word_1_470' title='bbox 868 3511 985 3580; x_wconf 88' lang='lat' dir='ltr'><strong><em>ejus</em></strong></span> <span class='ocrx_word' id='word_1_471' title='bbox 1030 3515 1328 3582; x_wconf 86' lang='lat' dir='ltr'><strong><em>potentiam</em></strong></span> <span class='ocrx_word' id='word_1_472' title='bbox 1371 3531 1656 3587; x_wconf 76' lang='lat' dir='ltr'><strong><em>enarratis,</em></strong></span> <span class='ocrx_word' id='word_1_473' title='bbox 1690 3522 1765 3576; x_wconf 85' lang='lat' dir='ltr'><strong><em>ait</em></strong></span> <span class='ocrx_word' id='word_1_474' title='bbox 1805 3541 1818 3576; x_wconf 92' lang='lat'><strong>:</strong></span> <span class='ocrx_word' id='word_1_475' title='bbox 1861 3542 1880 3575; x_wconf 74' lang='grc' dir='ltr'><strong><em>ι</em></strong></span> <span class='ocrx_word' id='word_1_476' title='bbox 1917 3522 2026 3578; x_wconf 72' lang='lat' dir='ltr'><strong><em>Im-</em></strong></span> 
     </span>
    </p>
   </div>
   <div class='ocr_carea' id='block_1_69' title="bbox 2133 3507 3730 3596">
    <p class='ocr_par' dir='ltr' id='par_1_69' title="bbox 2133 3519 3730 3596">
     <span class='ocr_line' id='line_1_69' title="bbox 2133 3519 3730 3596; baseline 0.001 -18"><span class='ocrx_word' id='word_1_477' title='bbox 2133 3528 2194 3596; x_wconf 77' lang='grc' dir='ltr'><em>τῇ</em></span> <span class='ocrx_word' id='word_1_478' title='bbox 2226 3524 2458 3596; x_wconf 81' lang='grc' dir='ltr'><em>δευτέρᾳ</em></span> <span class='ocrx_word' id='word_1_479' title='bbox 2490 3524 2600 3578; x_wconf 87' lang='grc' dir='ltr'><strong><em>τῶν</em></strong></span> <span class='ocrx_word' id='word_1_480' title='bbox 2655 3523 3179 3593; x_wconf 87' lang='grc' dir='ltr'><em>Παραλειπομένων.</em></span> <span class='ocrx_word' id='word_1_481' title='bbox 3218 3525 3377 3578; x_wconf 83' lang='grc' dir='ltr'><em>Ἔστι</em></span> <span class='ocrx_word' id='word_1_482' title='bbox 3434 3525 3533 3595; x_wconf 85' lang='grc' dir='ltr'><strong><em>μὲν</em></strong></span> <span class='ocrx_word' id='word_1_483' title='bbox 3577 3519 3670 3578; x_wconf 82' lang='grc' dir='ltr'><strong><em>οὖν</em></strong></span> <span class='ocrx_word' id='word_1_484' title='bbox 3698 3527 3730 3579; x_wconf 77' lang='grc' dir='ltr'>ὁ</span> 
     </span>
    </p>
   </div>
   <div class='ocr_carea' id='block_1_70' title="bbox 436 3596 2026 3689">
    <p class='ocr_par' dir='ltr' id='par_1_70' title="bbox 436 3596 2018 3672">
     <span class='ocr_line' id='line_1_70' title="bbox 436 3596 2018 3672; baseline 0.014 -25"><span class='ocrx_word' id='word_1_485' title='bbox 436 3596 650 3662; x_wconf 76' lang='lat' dir='ltr'><strong><em>perarit</em></strong></span> <span class='ocrx_word' id='word_1_486' title='bbox 678 3611 843 3665; x_wconf 87' lang='lat' dir='ltr'><strong><em>super</em></strong></span> <span class='ocrx_word' id='word_1_487' title='bbox 869 3597 1062 3653; x_wconf 81' lang='lat' dir='ltr'><strong><em>ludam</em></strong></span> <span class='ocrx_word' id='word_1_488' title='bbox 1086 3609 1141 3656; x_wconf 88' lang='lat' dir='ltr'><strong><em>et</em></strong></span> <span class='ocrx_word' id='word_1_489' title='bbox 1169 3601 1473 3672; x_wconf 90' lang='lat' dir='ltr'><strong><em>Benjamin.</em></strong></span> <span class='ocrx_word' id='word_1_490' title='bbox 1500 3607 1822 3667; x_wconf 88' lang='lat' dir='ltr'><strong><em>Sacerdotes</em></strong></span> <span class='ocrx_word' id='word_1_491' title='bbox 1838 3624 2018 3668; x_wconf 91' lang='lat' dir='ltr'><strong><em>autem</em></strong></span> 
     </span>
    </p>
   </div>
   <div class='ocr_carea' id='block_1_71' title="bbox 2133 3596 3728 3689">
    <p class='ocr_par' dir='ltr' id='par_1_71' title="bbox 2133 3611 3728 3689">
     <span class='ocr_line' id='line_1_71' title="bbox 2133 3611 3728 3689; baseline 0.001 -20"><span class='ocrx_word' id='word_1_492' title='bbox 2133 3617 2287 3686; x_wconf 77' lang='grc' dir='ltr'><em>λόγος</em></span> <span class='ocrx_word' id='word_1_493' title='bbox 2311 3615 2557 3688; x_wconf 71' lang='grc' dir='ltr'><em>περὶτοῦ</em></span> <span class='ocrx_word' id='word_1_494' title='bbox 2603 3614 2907 3686; x_wconf 82' lang='grc' dir='ltr'><em>Ίεροϐοάμ.</em></span> <span class='ocrx_word' id='word_1_495' title='bbox 2944 3611 3077 3669; x_wconf 83' lang='grc' dir='ltr'><em>Εἶτα</em></span> <span class='ocrx_word' id='word_1_496' title='bbox 3132 3617 3234 3688; x_wconf 80' lang='grc' dir='ltr'><em>τὴν</em></span> <span class='ocrx_word' id='word_1_497' title='bbox 3295 3617 3523 3672; x_wconf 78' lang='grc' dir='ltr'><em>ἐνοῦσαν</em></span> <span class='ocrx_word' id='word_1_498' title='bbox 3577 3618 3728 3689; x_wconf 78' lang='grc' dir='ltr'><em>αὐτῷ</em></span> 
     </span>
    </p>
   </div>
   <div class='ocr_carea' id='block_1_72' title="bbox 435 3685 2018 3767">
    <p class='ocr_par' dir='ltr' id='par_1_72' title="bbox 435 3685 2018 3767">
     <span class='ocr_line' id='line_1_72' title="bbox 435 3685 2018 3767; baseline 0.013 -27"><span class='ocrx_word' id='word_1_499' title='bbox 435 3694 490 3740; x_wconf 91' lang='lat' dir='ltr'><strong><em>et</em></strong></span> <span class='ocrx_word' id='word_1_500' title='bbox 519 3685 738 3753; x_wconf 65' lang='lat' dir='ltr'><strong><em>Levites,</em></strong></span> <span class='ocrx_word' id='word_1_501' title='bbox 771 3689 864 3759; x_wconf 84' lang='lat' dir='ltr'><strong><em>qui</em></strong></span> <span class='ocrx_word' id='word_1_502' title='bbox 889 3702 1044 3761; x_wconf 81' lang='lat' dir='ltr'><strong><em>erant</em></strong></span> <span class='ocrx_word' id='word_1_503' title='bbox 1074 3692 1126 3746; x_wconf 92' lang='lat' dir='ltr'><strong><em>in</em></strong></span> <span class='ocrx_word' id='word_1_504' title='bbox 1157 3694 1416 3751; x_wconf 88' lang='lat' dir='ltr'><strong><em>universo</em></strong></span> <span class='ocrx_word' id='word_1_505' title='bbox 1438 3696 1625 3767; x_wconf 82' lang='lat' dir='ltr'><strong><em>Israel,</em></strong></span> <span class='ocrx_word' id='word_1_506' title='bbox 1657 3715 1926 3760; x_wconf 89' lang='lat' dir='ltr'><strong><em>venerunt</em></strong></span> <span class='ocrx_word' id='word_1_507' title='bbox 1953 3706 2018 3760; x_wconf 89' lang='lat' dir='ltr'><strong><em>ad</em></strong></span> 
     </span>
    </p>
   </div>
   <div class='ocr_carea' id='block_1_73' title="bbox 433 3780 2021 3860">
    <p class='ocr_par' dir='ltr' id='par_1_73' title="bbox 433 3780 2021 3860">
     <span class='ocr_line' id='line_1_73' title="bbox 433 3780 2021 3860; baseline 0.013 -29"><span class='ocrx_word' id='word_1_508' title='bbox 433 3791 558 3831; x_wconf 89' lang='lat' dir='ltr'><strong><em>eum</em></strong></span> <span class='ocrx_word' id='word_1_509' title='bbox 589 3792 654 3832; x_wconf 79' lang='lat' dir='ltr'><strong><em>ex</em></strong></span> <span class='ocrx_word' id='word_1_510' title='bbox 693 3780 946 3835; x_wconf 86' lang='lat' dir='ltr'><strong><em>omnibus</em></strong></span> <span class='ocrx_word' id='word_1_511' title='bbox 975 3782 1191 3840; x_wconf 87' lang='lat' dir='ltr'><strong><em>linibus.</em></strong></span> <span class='ocrx_word' id='word_1_512' title='bbox 1217 3785 1350 3852; x_wconf 80' lang='lat' dir='ltr'><strong><em>Quia</em></strong></span> <span class='ocrx_word' id='word_1_513' title='bbox 1405 3789 1780 3860; x_wconf 87' lang='lat' dir='ltr'><strong><em>relinquebant</em></strong></span> <span class='ocrx_word' id='word_1_514' title='bbox 1819 3793 2021 3854; x_wconf 60' lang='lat' dir='ltr'><strong><em>Levita;</em></strong></span> 
     </span>
    </p>
   </div>
   <div class='ocr_carea' id='block_1_74' title="bbox 437 3869 2022 3940">
    <p class='ocr_par' dir='ltr' id='par_1_74' title="bbox 437 3869 2022 3940">
     <span class='ocr_line' id='line_1_74' title="bbox 437 3869 2022 3940; baseline 0.009 -18"><span class='ocrx_word' id='word_1_515' title='bbox 437 3869 789 3923; x_wconf 85' lang='lat' dir='ltr'><strong><em>tabernacula</em></strong></span> <span class='ocrx_word' id='word_1_516' title='bbox 810 3870 1162 3930; x_wconf 85' lang='lat' dir='ltr'><strong><em>habitationis</em></strong></span> <span class='ocrx_word' id='word_1_517' title='bbox 1187 3891 1320 3940; x_wconf 72' lang='lat' dir='ltr'><strong><em>suae,</em></strong></span> <span class='ocrx_word' id='word_1_518' title='bbox 1357 3887 1412 3933; x_wconf 87' lang='lat' dir='ltr'><strong><em>et</em></strong></span> <span class='ocrx_word' id='word_1_519' title='bbox 1439 3882 1745 3937; x_wconf 82' lang='lat' dir='ltr'><strong><em>transibant</em></strong></span> <span class='ocrx_word' id='word_1_520' title='bbox 1803 3887 1871 3940; x_wconf 90' lang='lat' dir='ltr'><strong><em>ad</em></strong></span> <span class='ocrx_word' id='word_1_521' title='bbox 1924 3887 2022 3940; x_wconf 76' lang='lat' dir='ltr'><strong><em>Ju-</em></strong></span> 
     </span>
    </p>
   </div>
   <div class='ocr_carea' id='block_1_75' title="bbox 432 3960 2020 4041">
    <p class='ocr_par' dir='ltr' id='par_1_75' title="bbox 432 3960 2020 4041">
     <span class='ocr_line' id='line_1_75' title="bbox 432 3960 2020 4041; baseline 0.013 -27"><span class='ocrx_word' id='word_1_522' title='bbox 432 3960 556 4016; x_wconf 88' lang='lat' dir='ltr'><strong><em>dam</em></strong></span> <span class='ocrx_word' id='word_1_523' title='bbox 584 3972 640 4018; x_wconf 89' lang='lat' dir='ltr'><strong><em>et</em></strong></span> <span class='ocrx_word' id='word_1_524' title='bbox 677 3961 1002 4029; x_wconf 82' lang='lat' dir='ltr'><strong><em>Jerusalem,</em></strong></span> <span class='ocrx_word' id='word_1_525' title='bbox 1055 3983 1121 4022; x_wconf 86' lang='lat' dir='ltr'><strong><em>eo</em></strong></span> <span class='ocrx_word' id='word_1_526' title='bbox 1175 3969 1321 4038; x_wconf 91' lang='lat' dir='ltr'><strong><em>quod</em></strong></span> <span class='ocrx_word' id='word_1_527' title='bbox 1366 3972 1657 4041; x_wconf 88' lang='lat' dir='ltr'><strong><em>abjecisset</em></strong></span> <span class='ocrx_word' id='word_1_528' title='bbox 1715 3991 1808 4032; x_wconf 88' lang='lat' dir='ltr'><strong><em>eos</em></strong></span> <span class='ocrx_word' id='word_1_529' title='bbox 1862 3977 2020 4034; x_wconf 79' lang='lat' dir='ltr'><strong><em>Jero-</em></strong></span> 
     </span>
    </p>
   </div>
   <div class='ocr_carea' id='block_1_76' title="bbox 429 4051 2020 4151">
    <p class='ocr_par' dir='ltr' id='par_1_76' title="bbox 429 4051 2020 4151">
     <span class='ocr_line' id='line_1_76' title="bbox 429 4051 2020 4151; baseline 0.011 -45"><span class='ocrx_word' id='word_1_530' title='bbox 429 4051 686 4120; x_wconf 87' lang='lat' dir='ltr'><strong><em>boam,et</em></strong></span> <span class='ocrx_word' id='word_1_531' title='bbox 719 4055 920 4123; x_wconf 89' lang='lat' dir='ltr'><strong><em>posteri</em></strong></span> <span class='ocrx_word' id='word_1_532' title='bbox 958 4057 1094 4123; x_wconf 86' lang='lat' dir='ltr'><strong><em>ejus,</em></strong></span> <span class='ocrx_word' id='word_1_533' title='bbox 1133 4074 1203 4113; x_wconf 92' lang='lat' dir='ltr'><strong><em>ne</em></strong></span> <span class='ocrx_word' id='word_1_534' title='bbox 1227 4064 1533 4120; x_wconf 87' lang='lat' dir='ltr'><strong><em>sacerdotio</em></strong></span> <span class='ocrx_word' id='word_1_535' title='bbox 1597 4065 2020 4151; x_wconf 76' lang='lat' dir='ltr'><strong><em>Domiullunge-</em></strong></span> 
     </span>
    </p>
   </div>
   <div class='ocr_carea' id='block_1_77' title="bbox 430 4147 2016 4234">
    <p class='ocr_par' dir='ltr' id='par_1_77' title="bbox 430 4147 2016 4234">
     <span class='ocr_line' id='line_1_77' title="bbox 430 4147 2016 4234; baseline 0.012 -36"><span class='ocrx_word' id='word_1_536' title='bbox 430 4153 644 4200; x_wconf 89' lang='lat' dir='ltr'><strong><em>rentur.</em></strong></span> <span class='ocrx_word' id='word_1_537' title='bbox 679 4147 816 4213; x_wconf 79' lang='lat' dir='ltr'><strong><em>Quia</em></strong></span> <span class='ocrx_word' id='word_1_538' title='bbox 881 4149 1166 4205; x_wconf 87' lang='lat' dir='ltr'><strong><em>constituit</em></strong></span> <span class='ocrx_word' id='word_1_539' title='bbox 1197 4151 1302 4210; x_wconf 85' lang='lat' dir='ltr'><strong><em>sibi</em></strong></span> <span class='ocrx_word' id='word_1_540' title='bbox 1377 4155 1692 4234; x_wconf 76' lang='lat' dir='ltr'><strong><em>sacerdotes</em></strong></span> <span class='ocrx_word' id='word_1_541' title='bbox 1767 4147 2016 4217; x_wconf 32' lang='lat' dir='ltr'><strong><em>excelso-</em></strong></span> 
     </span>
    </p>
   </div>
   <div class='ocr_carea' id='block_1_78' title="bbox 430 4237 2014 4324">
    <p class='ocr_par' dir='ltr' id='par_1_78' title="bbox 430 4237 2014 4324">
     <span class='ocr_line' id='line_1_78' title="bbox 430 4237 2014 4324; baseline 0.012 -35"><span class='ocrx_word' id='word_1_542' title='bbox 430 4251 550 4291; x_wconf 89' lang='lat' dir='ltr'><strong><em>rum</em></strong></span> <span class='ocrx_word' id='word_1_543' title='bbox 582 4237 649 4291; x_wconf 80' lang='grc'><strong><em>³⁸.</em></strong></span> <span class='ocrx_word' id='word_1_544' title='bbox 687 4258 705 4290; x_wconf 75' lang='grc' dir='ltr'><strong><em>ι</em></strong></span> <span class='ocrx_word' id='word_1_545' title='bbox 747 4237 879 4293; x_wconf 87' lang='lat' dir='ltr'><strong><em>Nam</em></strong></span> <span class='ocrx_word' id='word_1_546' title='bbox 902 4241 1029 4311; x_wconf 87' lang='lat' dir='ltr'><strong><em>quia</em></strong></span> <span class='ocrx_word' id='word_1_547' title='bbox 1053 4242 1107 4296; x_wconf 91' lang='lat' dir='ltr'><strong><em>hi</em></strong></span> <span class='ocrx_word' id='word_1_548' title='bbox 1133 4242 1200 4297; x_wconf 87' lang='lat' dir='ltr'><strong><em>de</em></strong></span> <span class='ocrx_word' id='word_1_549' title='bbox 1224 4245 1422 4314; x_wconf 88' lang='lat' dir='ltr'><strong><em>quibus</em></strong></span> <span class='ocrx_word' id='word_1_550' title='bbox 1449 4246 1738 4318; x_wconf 90' lang='lat' dir='ltr'><strong><em>loquimur.</em></strong></span> <span class='ocrx_word' id='word_1_551' title='bbox 1768 4267 1872 4307; x_wconf 81' lang='lat' dir='ltr'><strong><em>non</em></strong></span> <span class='ocrx_word' id='word_1_552' title='bbox 1916 4269 2014 4324; x_wconf 82' lang='lat' dir='ltr'><strong><em>pa-</em></strong></span> 
     </span>
    </p>
   </div>
   <div class='ocr_carea' id='block_1_79' title="bbox 429 4330 2012 4407">
    <p class='ocr_par' dir='ltr' id='par_1_79' title="bbox 429 4330 2012 4407">
     <span class='ocr_line' id='line_1_79' title="bbox 429 4330 2012 4407; baseline 0.009 -22"><span class='ocrx_word' id='word_1_553' title='bbox 429 4345 548 4385; x_wconf 91' lang='lat' dir='ltr'><strong><em>rum</em></strong></span> <span class='ocrx_word' id='word_1_554' title='bbox 577 4330 767 4387; x_wconf 82' lang='lat' dir='ltr'><strong><em>oli&#39;ensi</em></strong></span> <span class='ocrx_word' id='word_1_555' title='bbox 797 4332 1034 4400; x_wconf 79' lang='lat' dir='ltr'><strong><em>fuerant,</em></strong></span> <span class='ocrx_word' id='word_1_556' title='bbox 1056 4344 1110 4390; x_wconf 89' lang='lat' dir='ltr'><strong><em>et</em></strong></span> <span class='ocrx_word' id='word_1_557' title='bbox 1143 4340 1486 4406; x_wconf 75' lang='lat' dir='ltr'><strong><em>cognatione,</em></strong></span> <span class='ocrx_word' id='word_1_558' title='bbox 1515 4352 1567 4396; x_wconf 91' lang='lat' dir='ltr'><strong><em>el</em></strong></span> <span class='ocrx_word' id='word_1_559' title='bbox 1596 4350 1765 4407; x_wconf 87' lang='lat' dir='ltr'><strong><em>sorte,</em></strong></span> <span class='ocrx_word' id='word_1_560' title='bbox 1791 4354 1845 4398; x_wconf 89' lang='lat' dir='ltr'><strong><em>et</em></strong></span> <span class='ocrx_word' id='word_1_561' title='bbox 1890 4345 2012 4400; x_wconf 84' lang='lat' dir='ltr'><strong><em>olli-</em></strong></span> 
     </span>
    </p>
   </div>
   <div class='ocr_carea' id='block_1_80' title="bbox 427 4423 2008 4507">
    <p class='ocr_par' dir='ltr' id='par_1_80' title="bbox 427 4423 2008 4507">
     <span class='ocr_line' id='line_1_80' title="bbox 427 4423 2008 4507; baseline 0.011 -31"><span class='ocrx_word' id='word_1_562' title='bbox 427 4423 514 4477; x_wconf 88' lang='lat' dir='ltr'><strong><em>cio</em></strong></span> <span class='ocrx_word' id='word_1_563' title='bbox 546 4423 663 4492; x_wconf 90' lang='lat' dir='ltr'><strong><em>ipso</em></strong></span> <span class='ocrx_word' id='word_1_564' title='bbox 686 4426 1028 4483; x_wconf 81' lang='lat' dir='ltr'><strong><em>sacriﬁcandi</em></strong></span> <span class='ocrx_word' id='word_1_565' title='bbox 1049 4431 1281 4500; x_wconf 88' lang='lat' dir='ltr'><strong><em>expulsi,</em></strong></span> <span class='ocrx_word' id='word_1_566' title='bbox 1300 4435 1611 4489; x_wconf 87' lang='lat' dir='ltr'><strong><em>necessario</em></strong></span> <span class='ocrx_word' id='word_1_567' title='bbox 1635 4436 1768 4502; x_wconf 88' lang='lat' dir='ltr'><strong><em>ipsis</em></strong></span> <span class='ocrx_word' id='word_1_568' title='bbox 1796 4441 2008 4507; x_wconf 89' lang='lat' dir='ltr'><strong><em>potissi-</em></strong></span> 
     </span>
    </p>
   </div>
   <div class='ocr_carea' id='block_1_81' title="bbox 2125 3705 3726 3781">
    <p class='ocr_par' dir='ltr' id='par_1_81' title="bbox 2125 3705 3726 3781">
     <span class='ocr_line' id='line_1_81' title="bbox 2125 3705 3726 3781; baseline 0.002 -21"><span class='ocrx_word' id='word_1_569' title='bbox 2125 3709 2355 3780; x_wconf 88' lang='grc' dir='ltr'><em>δύναμιν</em></span> <span class='ocrx_word' id='word_1_570' title='bbox 2377 3708 2760 3779; x_wconf 75' lang='grc' dir='ltr'><em>ἐξηγούμενος,</em></span> <span class='ocrx_word' id='word_1_571' title='bbox 2791 3708 2925 3778; x_wconf 83' lang='grc' dir='ltr'><strong><em>φησί</em></strong></span> <span class='ocrx_word' id='word_1_572' title='bbox 2946 3724 2960 3738; x_wconf 82' lang='lat'><strong><em>°</em></strong></span> <span class='ocrx_word' id='word_1_573' title='bbox 3005 3728 3024 3760; x_wconf 79' lang='grc' dir='ltr'><strong><em>ι</em></strong></span> <span class='ocrx_word' id='word_1_574' title='bbox 3070 3709 3184 3761; x_wconf 77' lang='grc' dir='ltr'><strong><em>Καὶ</em></strong></span> <span class='ocrx_word' id='word_1_575' title='bbox 3235 3705 3378 3780; x_wconf 83' lang='grc' dir='ltr'><em>ἦσαν</em></span> <span class='ocrx_word' id='word_1_576' title='bbox 3410 3710 3558 3781; x_wconf 87' lang='grc' dir='ltr'><em>αύτῷ</em></span> <span class='ocrx_word' id='word_1_577' title='bbox 3590 3710 3726 3763; x_wconf 67' lang='grc' dir='ltr'><em>Ἰού-ε</em></span> 
     </span>
    </p>
   </div>
   <div class='ocr_carea' id='block_1_82' title="bbox 2124 3799 3723 3876">
    <p class='ocr_par' dir='ltr' id='par_1_82' title="bbox 2124 3799 3723 3876">
     <span class='ocr_line' id='line_1_82' title="bbox 2124 3799 3723 3876; baseline 0.003 -22"><span class='ocrx_word' id='word_1_578' title='bbox 2124 3801 2243 3864; x_wconf 89' lang='grc' dir='ltr'><em>δας,</em></span> <span class='ocrx_word' id='word_1_579' title='bbox 2277 3802 2372 3855; x_wconf 52' lang='grc' dir='ltr'><strong><em>καί¹</em></strong></span> <span class='ocrx_word' id='word_1_580' title='bbox 2408 3800 2692 3872; x_wconf 85' lang='grc' dir='ltr'><em>Βενιαμίν.</em></span> <span class='ocrx_word' id='word_1_581' title='bbox 2725 3802 2787 3856; x_wconf 82' lang='lat' dir='ltr'><strong><em>0i</em></strong></span> <span class='ocrx_word' id='word_1_582' title='bbox 2813 3803 3057 3864; x_wconf 85' lang='grc' dir='ltr'><em>Λευῖται,</em></span> <span class='ocrx_word' id='word_1_583' title='bbox 3091 3803 3187 3856; x_wconf 77' lang='grc' dir='ltr'><em>καὶ</em></span> <span class='ocrx_word' id='word_1_584' title='bbox 3216 3805 3264 3856; x_wconf 84' lang='grc' dir='ltr'><em>οἱ</em></span> <span class='ocrx_word' id='word_1_585' title='bbox 3289 3804 3474 3874; x_wconf 78' lang='grc' dir='ltr'><em>ἱερεῖς,</em></span> <span class='ocrx_word' id='word_1_586' title='bbox 3515 3799 3723 3876; x_wconf 81' lang='grc' dir='ltr'><em>οἳῆσαν</em></span> 
     </span>
    </p>
   </div>
   <div class='ocr_carea' id='block_1_83' title="bbox 2124 3889 3720 3963">
    <p class='ocr_par' dir='ltr' id='par_1_83' title="bbox 2124 3889 3720 3963">
     <span class='ocr_line' id='line_1_83' title="bbox 2124 3889 3720 3963; baseline 0.003 -19"><span class='ocrx_word' id='word_1_587' title='bbox 2124 3891 2183 3950; x_wconf 80' lang='grc' dir='ltr'><em>ἐν</em></span> <span class='ocrx_word' id='word_1_588' title='bbox 2210 3892 2377 3944; x_wconf 74' lang='grc' dir='ltr'><em>παντὶ</em></span> <span class='ocrx_word' id='word_1_589' title='bbox 2400 3891 2639 3963; x_wconf 84' lang='grc' dir='ltr'><em>Ἰσραὴλ,</em></span> <span class='ocrx_word' id='word_1_590' title='bbox 2675 3889 3024 3961; x_wconf 80' lang='grc' dir='ltr'><strong><em>συνήχθησαν</em></strong></span> <span class='ocrx_word' id='word_1_591' title='bbox 3051 3893 3187 3962; x_wconf 79' lang='grc' dir='ltr'><em>πρὸς</em></span> <span class='ocrx_word' id='word_1_592' title='bbox 3221 3893 3385 3947; x_wconf 84' lang='grc' dir='ltr'><em>αὐτὸν</em></span> <span class='ocrx_word' id='word_1_593' title='bbox 3414 3897 3476 3948; x_wconf 82' lang='grc' dir='ltr'><em>ὲκ</em></span> <span class='ocrx_word' id='word_1_594' title='bbox 3503 3894 3720 3953; x_wconf 84' lang='grc' dir='ltr'><em>πάντων</em></span> 
     </span>
    </p>
   </div>
   <div class='ocr_carea' id='block_1_84' title="bbox 2121 3984 3720 4058">
    <p class='ocr_par' dir='ltr' id='par_1_84' title="bbox 2121 3984 3720 4058">
     <span class='ocr_line' id='line_1_84' title="bbox 2121 3984 3720 4058; baseline 0 -19"><span class='ocrx_word' id='word_1_595' title='bbox 2121 3984 2231 4040; x_wconf 86' lang='grc' dir='ltr'><strong><em>τῶν</em></strong></span> <span class='ocrx_word' id='word_1_596' title='bbox 2252 3985 2436 4056; x_wconf 84' lang='grc' dir='ltr'><em>ὁρίων.</em></span> <span class='ocrx_word' id='word_1_597' title='bbox 2460 3987 2584 4038; x_wconf 88' lang='grc' dir='ltr'><em>Ὅτι</em></span> <span class='ocrx_word' id='word_1_598' title='bbox 2609 3985 2971 4053; x_wconf 75' lang='grc' dir='ltr'><em>ἐγκατέλιπον</em></span> <span class='ocrx_word' id='word_1_599' title='bbox 2987 3987 3037 4040; x_wconf 88' lang='grc' dir='ltr'><em>οἱ</em></span> <span class='ocrx_word' id='word_1_600' title='bbox 3053 3987 3275 4042; x_wconf 82' lang='grc' dir='ltr'><em>Λευῖται</em></span> <span class='ocrx_word' id='word_1_601' title='bbox 3295 3985 3364 4039; x_wconf 81' lang='grc' dir='ltr'><em>τὰ</em></span> <span class='ocrx_word' id='word_1_602' title='bbox 3385 3985 3720 4058; x_wconf 80' lang='grc' dir='ltr'><em>σκηνώματα</em></span> 
     </span>
    </p>
   </div>
   <div class='ocr_carea' id='block_1_85' title="bbox 2123 4077 3718 4150">
    <p class='ocr_par' dir='ltr' id='par_1_85' title="bbox 2123 4077 3718 4150">
     <span class='ocr_line' id='line_1_85' title="bbox 2123 4077 3718 4150; baseline 0.001 -20"><span class='ocrx_word' id='word_1_603' title='bbox 2123 4077 2221 4148; x_wconf 80' lang='grc' dir='ltr'><em>τῆς</em></span> <span class='ocrx_word' id='word_1_604' title='bbox 2254 4077 2642 4148; x_wconf 81' lang='grc' dir='ltr'><em>κατασχέσεως</em></span> <span class='ocrx_word' id='word_1_605' title='bbox 2688 4078 2889 4144; x_wconf 81' lang='grc' dir='ltr'><em>αὐτῶν,</em></span> <span class='ocrx_word' id='word_1_606' title='bbox 2930 4079 3025 4132; x_wconf 72' lang='grc' dir='ltr'><em>καὶ</em></span> <span class='ocrx_word' id='word_1_607' title='bbox 3050 4077 3426 4150; x_wconf 80' lang='grc' dir='ltr'><em>ἐπορεύθησαν</em></span> <span class='ocrx_word' id='word_1_608' title='bbox 3475 4080 3556 4142; x_wconf 80' lang='grc' dir='ltr'><strong><em>εἰς</em></strong></span> <span class='ocrx_word' id='word_1_609' title='bbox 3591 4079 3718 4137; x_wconf 75' lang='grc' dir='ltr'><em>Ἰού·</em></span> 
     </span>
    </p>
   </div>
   <div class='ocr_carea' id='block_1_86' title="bbox 2124 4170 3712 4245">
    <p class='ocr_par' dir='ltr' id='par_1_86' title="bbox 2124 4170 3712 4245">
     <span class='ocr_line' id='line_1_86' title="bbox 2124 4170 3712 4245; baseline 0.002 -22"><span class='ocrx_word' id='word_1_610' title='bbox 2124 4170 2218 4228; x_wconf 88' lang='grc' dir='ltr'><strong><em>δαν</em></strong></span> <span class='ocrx_word' id='word_1_611' title='bbox 2250 4172 2309 4226; x_wconf 80' lang='grc' dir='ltr'>ἐν</span> <span class='ocrx_word' id='word_1_612' title='bbox 2351 4170 2731 4243; x_wconf 81' lang='grc' dir='ltr'><em>Ἰερουσαλὴμ,</em></span> <span class='ocrx_word' id='word_1_613' title='bbox 2759 4173 2840 4225; x_wconf 85' lang='grc' dir='ltr'><em>ὅτι</em></span> <span class='ocrx_word' id='word_1_614' title='bbox 2871 4172 3131 4239; x_wconf 79' lang='grc' dir='ltr'><em>ἐξέϐαλεν</em></span> <span class='ocrx_word' id='word_1_615' title='bbox 3155 4173 3360 4237; x_wconf 79' lang='grc' dir='ltr'><em>αὐτοὺς</em></span> <span class='ocrx_word' id='word_1_616' title='bbox 3396 4173 3712 4245; x_wconf 75' lang='grc' dir='ltr'><em>Ἱεροεοὰμ,</em></span> 
     </span>
    </p>
   </div>
   <div class='ocr_carea' id='block_1_87' title="bbox 2126 4261 3716 4337">
    <p class='ocr_par' dir='ltr' id='par_1_87' title="bbox 2126 4261 3716 4337">
     <span class='ocr_line' id='line_1_87' title="bbox 2126 4261 3716 4337; baseline 0.003 -23"><span class='ocrx_word' id='word_1_617' title='bbox 2126 4263 2218 4314; x_wconf 72' lang='grc' dir='ltr'><strong><em>καὶ</em></strong></span> <span class='ocrx_word' id='word_1_618' title='bbox 2249 4262 2354 4316; x_wconf 75' lang='grc' dir='ltr'><em>υἱοὶ</em></span> <span class='ocrx_word' id='word_1_619' title='bbox 2378 4261 2568 4326; x_wconf 76' lang='grc' dir='ltr'><em>αὐτοῦ,</em></span> <span class='ocrx_word' id='word_1_620' title='bbox 2592 4263 2686 4316; x_wconf 80' lang='grc' dir='ltr'><em>τοῦ</em></span> <span class='ocrx_word' id='word_1_621' title='bbox 2713 4265 2787 4334; x_wconf 82' lang='grc' dir='ltr'>μὴ</span> <span class='ocrx_word' id='word_1_622' title='bbox 2830 4263 3166 4336; x_wconf 86' lang='grc' dir='ltr'><em>λειτουργεῖν</em></span> <span class='ocrx_word' id='word_1_623' title='bbox 3207 4264 3286 4337; x_wconf 85' lang='grc' dir='ltr'><em>τῷ</em></span> <span class='ocrx_word' id='word_1_624' title='bbox 3335 4266 3549 4337; x_wconf 84' lang='grc' dir='ltr'><em>Κυρίῳ.</em></span> <span class='ocrx_word' id='word_1_625' title='bbox 3607 4266 3716 4329; x_wconf 57' lang='grc' dir='ltr'><strong><em>Καὶ</em></strong></span> 
     </span>
    </p>
   </div>
   <div class='ocr_carea' id='block_1_88' title="bbox 2120 4356 3718 4433">
    <p class='ocr_par' dir='ltr' id='par_1_88' title="bbox 2120 4356 3718 4433">
     <span class='ocr_line' id='line_1_88' title="bbox 2120 4356 3718 4433; baseline 0.004 -25"><span class='ocrx_word' id='word_1_626' title='bbox 2120 4356 2422 4427; x_wconf 77' lang='grc' dir='ltr'><em>κατέστησε</em></span> <span class='ocrx_word' id='word_1_627' title='bbox 2476 4358 2602 4421; x_wconf 76' lang='grc' dir='ltr'><em>τοὺς</em></span> <span class='ocrx_word' id='word_1_628' title='bbox 2657 4360 2824 4429; x_wconf 78' lang='grc' dir='ltr'><em>ἱερεῖς</em></span> <span class='ocrx_word' id='word_1_629' title='bbox 2861 4359 2970 4413; x_wconf 90' lang='grc' dir='ltr'><strong><em>τῶν</em></strong></span> <span class='ocrx_word' id='word_1_630' title='bbox 3000 4359 3242 4429; x_wconf 63' lang='grc' dir='ltr'><em>ὑψηλῶν.</em></span> <span class='ocrx_word' id='word_1_631' title='bbox 3277 4379 3296 4412; x_wconf 74' lang='grc' dir='ltr'><strong><em>ι</em></strong></span> <span class='ocrx_word' id='word_1_632' title='bbox 3341 4362 3562 4433; x_wconf 82' lang='grc' dir='ltr'><em>Ἐπειδὴ</em></span> <span class='ocrx_word' id='word_1_633' title='bbox 3605 4361 3718 4433; x_wconf 76' lang='grc' dir='ltr'><em>γὰρ</em></span> 
     </span>
    </p>
   </div>
   <div class='ocr_carea' id='block_1_89' title="bbox 2118 4442 3713 4524">
    <p class='ocr_par' dir='ltr' id='par_1_89' title="bbox 2118 4442 3713 4524">
     <span class='ocr_line' id='line_1_89' title="bbox 2118 4442 3713 4524; baseline 0.003 -22"><span class='ocrx_word' id='word_1_634' title='bbox 2118 4444 2263 4502; x_wconf 77' lang='grc' dir='ltr'><em>οὗτοι</em></span> <span class='ocrx_word' id='word_1_635' title='bbox 2297 4449 2427 4519; x_wconf 77' lang='grc' dir='ltr'><em>περὶ</em></span> <span class='ocrx_word' id='word_1_636' title='bbox 2459 4442 2534 4502; x_wconf 85' lang='grc' dir='ltr'><em>ὧν</em></span> <span class='ocrx_word' id='word_1_637' title='bbox 2561 4452 2589 4501; x_wconf 84' lang='grc' dir='ltr'>ὁ</span> <span class='ocrx_word' id='word_1_638' title='bbox 2643 4450 2822 4519; x_wconf 90' lang='grc' dir='ltr'><em>λόγος,</em></span> <span class='ocrx_word' id='word_1_639' title='bbox 2869 4452 2930 4504; x_wconf 83' lang='grc' dir='ltr'><strong><em>ού</em></strong></span> <span class='ocrx_word' id='word_1_640' title='bbox 2969 4453 3204 4522; x_wconf 81' lang='grc' dir='ltr'><em>μετρίως</em></span> <span class='ocrx_word' id='word_1_641' title='bbox 3237 4451 3560 4524; x_wconf 90' lang='grc' dir='ltr'><em>λελύπηντο,</em></span> <span class='ocrx_word' id='word_1_642' title='bbox 3621 4454 3713 4507; x_wconf 78' lang='grc' dir='ltr'><em>καὶ</em></span> 
     </span>
    </p>
   </div>
   <div class='ocr_carea' id='block_1_90' title="bbox 426 4516 2026 4630">
    <p class='ocr_par' dir='ltr' id='par_1_90' title="bbox 426 4516 2010 4630">
     <span class='ocr_line' id='line_1_90' title="bbox 426 4516 2010 4614; baseline 0.012 -46"><span class='ocrx_word' id='word_1_643' title='bbox 426 4530 574 4569; x_wconf 90' lang='lat' dir='ltr'><strong><em>mum</em></strong></span> <span class='ocrx_word' id='word_1_644' title='bbox 604 4516 865 4572; x_wconf 86' lang='lat' dir='ltr'><strong><em>idolorum</em></strong></span> <span class='ocrx_word' id='word_1_645' title='bbox 915 4520 1175 4589; x_wconf 77' lang='lat' dir='ltr'><strong><em>ipsorum,</em></strong></span> <span class='ocrx_word' id='word_1_646' title='bbox 1229 4532 1285 4579; x_wconf 91' lang='lat' dir='ltr'><strong><em>et</em></strong></span> <span class='ocrx_word' id='word_1_647' title='bbox 1338 4522 1601 4580; x_wconf 76' lang='lat' dir='ltr'><strong><em>Samariae</em></strong></span> <span class='ocrx_word' id='word_1_648' title='bbox 1648 4531 2010 4614; x_wconf 69' lang='lat' dir='ltr'><strong><em>vastationem</em></strong></span> 
     </span>
     <span class='ocr_line' id='line_1_91' title="bbox 426 4609 1595 4630; baseline 0.01 -6"><span class='ocrx_word' id='word_1_649' title='bbox 426 4609 768 4630; x_wconf 60' lang='lat'><strong><em>__-____._-_-</em></strong></span> <span class='ocrx_word' id='word_1_650' title='bbox 796 4614 1046 4630; x_wconf 14' lang='lat' dir='ltr'><strong><em>______H..</em></strong></span> <span class='ocrx_word' id='word_1_651' title='bbox 1265 4617 1277 4630; x_wconf 90' lang='lat'><em>.</em></span> <span class='ocrx_word' id='word_1_652' title='bbox 1487 4619 1498 4630; x_wconf 89' lang='lat'><em>.</em></span> <span class='ocrx_word' id='word_1_653' title='bbox 1565 4620 1595 4630; x_wconf 12' lang='lat'><strong><em>.7</em></strong></span> 
     </span>
    </p>
   </div>
   <div class='ocr_carea' id='block_1_91' title="bbox 2133 4516 3712 4630">
    <p class='ocr_par' dir='ltr' id='par_1_91' title="bbox 2133 4516 3712 4618">
     <span class='ocr_line' id='line_1_92' title="bbox 2133 4516 3712 4618; baseline 0.005 -26"><span class='ocrx_word' id='word_1_654' title='bbox 2133 4516 2441 4608; x_wconf 37' lang='grc' dir='ltr'><em>συγγενεῖ-ας</em></span> <span class='ocrx_word' id='word_1_655' title='bbox 2457 4542 2552 4595; x_wconf 77' lang='grc' dir='ltr'><em>καὶ</em></span> <span class='ocrx_word' id='word_1_656' title='bbox 2569 4542 2669 4612; x_wconf 85' lang='grc' dir='ltr'><em>κλή</em></span> <span class='ocrx_word' id='word_1_657' title='bbox 2679 4516 2771 4614; x_wconf 81' lang='grc' dir='ltr'><strong><em>ρου</em></strong></span> <span class='ocrx_word' id='word_1_658' title='bbox 2809 4516 3234 4616; x_wconf 77' lang='grc' dir='ltr'><em>ἀπεληλαμένοι,</em></span> <span class='ocrx_word' id='word_1_659' title='bbox 3253 4546 3350 4599; x_wconf 77' lang='grc' dir='ltr'><em>καὶ</em></span> <span class='ocrx_word' id='word_1_660' title='bbox 3369 4516 3712 4618; x_wconf 71' lang='grc' dir='ltr'><em>λειτουργίας</em></span> 
     </span>
    </p>
   </div>
   <div class='ocr_carea' id='block_1_92' title="bbox 421 4609 2013 4684">
    <p class='ocr_par' dir='ltr' id='par_1_92' title="bbox 421 4609 2013 4684">
     <span class='ocr_line' id='line_1_93' title="bbox 421 4609 2013 4684; baseline 0.013 -24"><span class='ocrx_word' id='word_1_661' title='bbox 421 4609 772 4678; x_wconf 78' lang='lat' dir='ltr'><strong><em>promulgare</em></strong></span> <span class='ocrx_word' id='word_1_662' title='bbox 796 4614 1052 4682; x_wconf 68' lang='lat' dir='ltr'><strong><em>praecepit</em></strong></span> <span class='ocrx_word' id='word_1_663' title='bbox 1079 4631 1093 4668; x_wconf 91' lang='lat'><strong>:</strong></span> <span class='ocrx_word' id='word_1_664' title='bbox 1136 4617 1536 4684; x_wconf 86' lang='lat' dir='ltr'><strong><em>quodammodo</em></strong></span> <span class='ocrx_word' id='word_1_665' title='bbox 1565 4620 1635 4674; x_wconf 90' lang='lat' dir='ltr'><strong><em>ita</em></strong></span> <span class='ocrx_word' id='word_1_666' title='bbox 1675 4609 1778 4677; x_wconf 75' lang='lat' dir='ltr'><strong><em>eos</em></strong></span> <span class='ocrx_word' id='word_1_667' title='bbox 1811 4639 2013 4679; x_wconf 80' lang='lat' dir='ltr'><strong><em>conso-</em></strong></span> 
     </span>
    </p>
   </div>
   <div class='ocr_carea' id='block_1_93' title="bbox 424 4698 2009 4780">
    <p class='ocr_par' dir='ltr' id='par_1_93' title="bbox 424 4698 2009 4780">
     <span class='ocr_line' id='line_1_94' title="bbox 424 4698 2009 4780; baseline 0.011 -27"><span class='ocrx_word' id='word_1_668' title='bbox 424 4698 545 4754; x_wconf 88' lang='lat' dir='ltr'><strong><em>lans</em></strong></span> <span class='ocrx_word' id='word_1_669' title='bbox 567 4709 622 4754; x_wconf 91' lang='lat' dir='ltr'><strong><em>et</em></strong></span> <span class='ocrx_word' id='word_1_670' title='bbox 651 4701 870 4765; x_wconf 87' lang='lat' dir='ltr'><strong><em>docens,</em></strong></span> <span class='ocrx_word' id='word_1_671' title='bbox 899 4705 1169 4774; x_wconf 82' lang='lat' dir='ltr'><strong><em>sapientes</em></strong></span> <span class='ocrx_word' id='word_1_672' title='bbox 1201 4723 1265 4763; x_wconf 87' lang='lat' dir='ltr'><strong><em>ea</em></strong></span> <span class='ocrx_word' id='word_1_673' title='bbox 1287 4725 1407 4780; x_wconf 68' lang='lat' dir='ltr'><strong><em>qua:</em></strong></span> <span class='ocrx_word' id='word_1_674' title='bbox 1436 4712 1530 4767; x_wconf 88' lang='lat' dir='ltr'><strong><em>Dei</em></strong></span> <span class='ocrx_word' id='word_1_675' title='bbox 1561 4725 1685 4768; x_wconf 90' lang='lat' dir='ltr'><strong><em>sunt</em></strong></span> <span class='ocrx_word' id='word_1_676' title='bbox 1707 4715 1776 4780; x_wconf 71' lang='grc'><strong><em>³⁸,</em></strong></span> <span class='ocrx_word' id='word_1_677' title='bbox 1805 4726 1862 4770; x_wconf 89' lang='lat' dir='ltr'><strong><em>et</em></strong></span> <span class='ocrx_word' id='word_1_678' title='bbox 1885 4719 2009 4771; x_wconf 84' lang='lat' dir='ltr'><strong><em>uni-</em></strong></span> 
     </span>
    </p>
   </div>
   <div class='ocr_carea' id='block_1_94' title="bbox 423 4794 2008 4875">
    <p class='ocr_par' dir='ltr' id='par_1_94' title="bbox 423 4794 2008 4875">
     <span class='ocr_line' id='line_1_95' title="bbox 423 4794 2008 4875; baseline 0.013 -31"><span class='ocrx_word' id='word_1_679' title='bbox 423 4803 702 4846; x_wconf 87' lang='lat' dir='ltr'><strong><em>versorum</em></strong></span> <span class='ocrx_word' id='word_1_680' title='bbox 733 4794 942 4849; x_wconf 87' lang='lat' dir='ltr'><strong><em>Domini</em></strong></span> <span class='ocrx_word' id='word_1_681' title='bbox 967 4807 1235 4862; x_wconf 88' lang='lat' dir='ltr'><strong><em>amantes,</em></strong></span> <span class='ocrx_word' id='word_1_682' title='bbox 1261 4817 1366 4855; x_wconf 92' lang='lat' dir='ltr'><strong><em>non</em></strong></span> <span class='ocrx_word' id='word_1_683' title='bbox 1391 4819 1514 4857; x_wconf 89' lang='lat' dir='ltr'><strong><em>cum</em></strong></span> <span class='ocrx_word' id='word_1_684' title='bbox 1565 4806 1688 4861; x_wconf 88' lang='lat' dir='ltr'><strong><em>aliis</em></strong></span> <span class='ocrx_word' id='word_1_685' title='bbox 1712 4808 2008 4875; x_wconf 85' lang='lat' dir='ltr'><strong><em>perituros,</em></strong></span> 
     </span>
    </p>
   </div>
   <div class='ocr_carea' id='block_1_95' title="bbox 419 4883 2009 4962">
    <p class='ocr_par' dir='ltr' id='par_1_95' title="bbox 419 4883 2009 4962">
     <span class='ocr_line' id='line_1_96' title="bbox 419 4883 2009 4962; baseline 0.013 -25"><span class='ocrx_word' id='word_1_686' title='bbox 419 4883 517 4938; x_wconf 83' lang='lat' dir='ltr'><strong><em>sed</em></strong></span> <span class='ocrx_word' id='word_1_687' title='bbox 557 4884 694 4938; x_wconf 88' lang='lat' dir='ltr'><strong><em>iram</em></strong></span> <span class='ocrx_word' id='word_1_688' title='bbox 727 4885 963 4943; x_wconf 81' lang='lat' dir='ltr'><strong><em>divinam</em></strong></span> <span class='ocrx_word' id='word_1_689' title='bbox 1000 4902 1278 4948; x_wconf 85' lang='lat' dir='ltr'><strong><em>evasurus.</em></strong></span> <span class='ocrx_word' id='word_1_690' title='bbox 1321 4893 1551 4962; x_wconf 83' lang='lat' dir='ltr'><strong><em>Quando</em></strong></span> <span class='ocrx_word' id='word_1_691' title='bbox 1579 4898 1726 4954; x_wconf 90' lang='lat' dir='ltr'><strong><em>enim</em></strong></span> <span class='ocrx_word' id='word_1_692' title='bbox 1767 4901 2009 4956; x_wconf 81' lang='lat' dir='ltr'><strong><em>vindica-</em></strong></span> 
     </span>
    </p>
   </div>
   <div class='ocr_carea' id='block_1_96' title="bbox 417 4977 2008 5060">
    <p class='ocr_par' dir='ltr' id='par_1_96' title="bbox 417 4977 2008 5060">
     <span class='ocr_line' id='line_1_97' title="bbox 417 4977 2008 5060; baseline 0.011 -32"><span class='ocrx_word' id='word_1_693' title='bbox 417 4989 570 5042; x_wconf 71' lang='lat' dir='ltr'><strong><em>vere,</em></strong></span> <span class='ocrx_word' id='word_1_694' title='bbox 606 4977 801 5046; x_wconf 90' lang='lat' dir='ltr'><strong><em>inquit,</em></strong></span> <span class='ocrx_word' id='word_1_695' title='bbox 823 4979 878 5034; x_wconf 93' lang='lat' dir='ltr'><strong><em>in</em></strong></span> <span class='ocrx_word' id='word_1_696' title='bbox 910 4979 1183 5039; x_wconf 85' lang='lat' dir='ltr'><strong><em>lsraelitas</em></strong></span> <span class='ocrx_word' id='word_1_697' title='bbox 1235 4998 1458 5058; x_wconf 87' lang='lat' dir='ltr'><strong><em>propter</em></strong></span> <span class='ocrx_word' id='word_1_698' title='bbox 1514 5001 1736 5060; x_wconf 88' lang='lat' dir='ltr'><strong><em>peccata</em></strong></span> <span class='ocrx_word' id='word_1_699' title='bbox 1795 5007 2008 5057; x_wconf 89' lang='lat' dir='ltr'><strong><em>eorum,</em></strong></span> 
     </span>
    </p>
   </div>
   <div class='ocr_carea' id='block_1_97' title="bbox 423 5065 2010 5148">
    <p class='ocr_par' dir='ltr' id='par_1_97' title="bbox 423 5065 2010 5148">
     <span class='ocr_line' id='line_1_98' title="bbox 423 5065 2010 5148; baseline 0.015 -30"><span class='ocrx_word' id='word_1_700' title='bbox 423 5083 444 5118; x_wconf 79' lang='grc' dir='ltr'><strong><em>ι</em></strong></span> <span class='ocrx_word' id='word_1_701' title='bbox 479 5065 631 5123; x_wconf 90' lang='lat' dir='ltr'><strong><em>Tunc</em></strong></span> <span class='ocrx_word' id='word_1_702' title='bbox 664 5068 830 5129; x_wconf 89' lang='lat' dir='ltr'><strong><em>etiam</em></strong></span> <span class='ocrx_word' id='word_1_703' title='bbox 875 5071 1110 5130; x_wconf 89' lang='lat' dir='ltr'><strong><em>ulciscar</em></strong></span> <span class='ocrx_word' id='word_1_704' title='bbox 1155 5091 1316 5148; x_wconf 86' lang='lat' dir='ltr'><strong><em>super</em></strong></span> <span class='ocrx_word' id='word_1_705' title='bbox 1355 5080 1542 5136; x_wconf 85' lang='lat' dir='ltr'><strong><em>altaria</em></strong></span> <span class='ocrx_word' id='word_1_706' title='bbox 1598 5080 1807 5138; x_wconf 87' lang='lat' dir='ltr'><strong><em>Betbel.</em></strong></span> <span class='ocrx_word' id='word_1_707' title='bbox 1833 5084 2010 5142; x_wconf 79' lang='lat' dir='ltr'><strong><em>Sull‘o-</em></strong></span> 
     </span>
    </p>
   </div>
   <div class='ocr_carea' id='block_1_98' title="bbox 419 5157 2000 5234">
    <p class='ocr_par' dir='ltr' id='par_1_98' title="bbox 419 5157 2000 5234">
     <span class='ocr_line' id='line_1_99' title="bbox 419 5157 2000 5234; baseline 0.013 -24"><span class='ocrx_word' id='word_1_708' title='bbox 419 5157 643 5213; x_wconf 88' lang='lat' dir='ltr'><strong><em>dientur</em></strong></span> <span class='ocrx_word' id='word_1_709' title='bbox 675 5162 820 5216; x_wconf 88' lang='lat' dir='ltr'><strong><em>enim</em></strong></span> <span class='ocrx_word' id='word_1_710' title='bbox 852 5179 1062 5220; x_wconf 85' lang='lat' dir='ltr'><strong><em>cornua</em></strong></span> <span class='ocrx_word' id='word_1_711' title='bbox 1077 5182 1289 5234; x_wconf 90' lang='lat' dir='ltr'><strong><em>eorum,</em></strong></span> <span class='ocrx_word' id='word_1_712' title='bbox 1321 5180 1376 5224; x_wconf 87' lang='lat' dir='ltr'><strong><em>et</em></strong></span> <span class='ocrx_word' id='word_1_713' title='bbox 1401 5173 1598 5228; x_wconf 79' lang='lat' dir='ltr'><strong><em>cadent</em></strong></span> <span class='ocrx_word' id='word_1_714' title='bbox 1619 5177 1670 5228; x_wconf 92' lang='lat' dir='ltr'><strong><em>in</em></strong></span> <span class='ocrx_word' id='word_1_715' title='bbox 1713 5187 1936 5232; x_wconf 89' lang='lat' dir='ltr'><strong><em>terram.</em></strong></span> <span class='ocrx_word' id='word_1_716' title='bbox 1981 5197 2000 5230; x_wconf 75' lang='grc' dir='ltr'><strong><em>ι</em></strong></span> 
     </span>
    </p>
   </div>
   <div class='ocr_carea' id='block_1_99' title="bbox 414 5251 2008 5331">
    <p class='ocr_par' dir='ltr' id='par_1_99' title="bbox 414 5251 2008 5331">
     <span class='ocr_line' id='line_1_100' title="bbox 414 5251 2008 5331; baseline 0.013 -26"><span class='ocrx_word' id='word_1_717' title='bbox 414 5251 498 5305; x_wconf 82' lang='lat' dir='ltr'><strong><em>Au</em></strong></span> <span class='ocrx_word' id='word_1_718' title='bbox 524 5253 687 5321; x_wconf 75' lang='lat' dir='ltr'><strong><em>igitur</em></strong></span> <span class='ocrx_word' id='word_1_719' title='bbox 706 5257 986 5327; x_wconf 84' lang='lat' dir='ltr'><strong><em>hucusque</em></strong></span> <span class='ocrx_word' id='word_1_720' title='bbox 1002 5268 1208 5315; x_wconf 87' lang='lat' dir='ltr'><strong><em>tantum</em></strong></span> <span class='ocrx_word' id='word_1_721' title='bbox 1234 5267 1493 5331; x_wconf 84' lang='lat' dir='ltr'><strong><em>procedet</em></strong></span> <span class='ocrx_word' id='word_1_722' title='bbox 1527 5267 1763 5325; x_wconf 84' lang='lat' dir='ltr'><strong><em>vastatio</em></strong></span> <span class='ocrx_word' id='word_1_723' title='bbox 1816 5269 2008 5326; x_wconf 87' lang='lat' dir='ltr'><strong><em>Sama-</em></strong></span> 
     </span>
    </p>
   </div>
   <div class='ocr_carea' id='block_1_100' title="bbox 415 5344 2005 5437">
    <p class='ocr_par' dir='ltr' id='par_1_100' title="bbox 415 5344 2005 5437">
     <span class='ocr_line' id='line_1_101' title="bbox 415 5344 2005 5437; baseline 0.014 -38"><span class='ocrx_word' id='word_1_724' title='bbox 415 5344 531 5410; x_wconf 67' lang='lat' dir='ltr'><strong><em>riae,</em></strong></span> <span class='ocrx_word' id='word_1_725' title='bbox 563 5355 618 5402; x_wconf 89' lang='lat' dir='ltr'><strong><em>et</em></strong></span> <span class='ocrx_word' id='word_1_726' title='bbox 652 5348 881 5406; x_wconf 79' lang='lat' dir='ltr'><strong><em>sulliciet</em></strong></span> <span class='ocrx_word' id='word_1_727' title='bbox 904 5354 1102 5423; x_wconf 88' lang='lat' dir='ltr'><strong><em>templa</em></strong></span> <span class='ocrx_word' id='word_1_728' title='bbox 1134 5355 1400 5413; x_wconf 82' lang='lat' dir='ltr'><strong><em>duntaxat</em></strong></span> <span class='ocrx_word' id='word_1_729' title='bbox 1424 5359 1710 5416; x_wconf 89' lang='lat' dir='ltr'><strong><em>destruere</em></strong></span> <span class='ocrx_word' id='word_1_730' title='bbox 1753 5378 1869 5430; x_wconf 90' lang='lat' dir='ltr'><strong><em>eos,</em></strong></span> <span class='ocrx_word' id='word_1_731' title='bbox 1913 5368 2005 5437; x_wconf 90' lang='lat' dir='ltr'><strong><em>qui</em></strong></span> 
     </span>
    </p>
   </div>
   <div class='ocr_carea' id='block_1_101' title="bbox 415 5439 2002 5530">
    <p class='ocr_par' dir='ltr' id='par_1_101' title="bbox 415 5439 2002 5530">
     <span class='ocr_line' id='line_1_102' title="bbox 415 5439 2002 5530; baseline 0.013 -37"><span class='ocrx_word' id='word_1_732' title='bbox 415 5439 609 5494; x_wconf 81' lang='lat' dir='ltr'><strong><em>altaria</em></strong></span> <span class='ocrx_word' id='word_1_733' title='bbox 631 5442 846 5499; x_wconf 89' lang='lat' dir='ltr'><strong><em>diruere</em></strong></span> <span class='ocrx_word' id='word_1_734' title='bbox 867 5447 1172 5504; x_wconf 83' lang='lat' dir='ltr'><strong><em>etevellere</em></strong></span> <span class='ocrx_word' id='word_1_735' title='bbox 1225 5449 1360 5518; x_wconf 88' lang='lat' dir='ltr'><strong><em>jussi</em></strong></span> <span class='ocrx_word' id='word_1_736' title='bbox 1427 5455 1591 5510; x_wconf 85' lang='lat' dir='ltr'><strong><em>sunt?</em></strong></span> <span class='ocrx_word' id='word_1_737' title='bbox 1646 5455 2002 5530; x_wconf 84' lang='lat' dir='ltr'><strong><em>Neutiquam.</em></strong></span> 
     </span>
    </p>
   </div>
   <div class='ocr_carea' id='block_1_102' title="bbox 420 5531 2001 5621">
    <p class='ocr_par' dir='ltr' id='par_1_102' title="bbox 420 5531 2001 5621">
     <span class='ocr_line' id='line_1_103' title="bbox 420 5531 2001 5621; baseline 0.016 -39"><span class='ocrx_word' id='word_1_738' title='bbox 420 5547 442 5582; x_wconf 72' lang='grc' dir='ltr'><strong><em>ι</em></strong></span> <span class='ocrx_word' id='word_1_739' title='bbox 481 5531 818 5590; x_wconf 86' lang='lat' dir='ltr'><strong><em>Confuudam</em></strong></span> <span class='ocrx_word' id='word_1_740' title='bbox 845 5541 1011 5605; x_wconf 89' lang='lat' dir='ltr'><strong><em>enim,</em></strong></span> <span class='ocrx_word' id='word_1_741' title='bbox 1049 5541 1242 5612; x_wconf 89' lang='lat' dir='ltr'><strong><em>inquit,</em></strong></span> <span class='ocrx_word' id='word_1_742' title='bbox 1277 5553 1332 5598; x_wconf 87' lang='lat' dir='ltr'><strong><em>et</em></strong></span> <span class='ocrx_word' id='word_1_743' title='bbox 1388 5550 1686 5614; x_wconf 90' lang='lat' dir='ltr'><strong><em>percutiam</em></strong></span> <span class='ocrx_word' id='word_1_744' title='bbox 1723 5551 2001 5621; x_wconf 88' lang='lat' dir='ltr'><strong><em>pinnatam</em></strong></span> 
     </span>
    </p>
   </div>
   <div class='ocr_carea' id='block_1_103' title="bbox 413 5623 2002 5704">
    <p class='ocr_par' dir='ltr' id='par_1_103' title="bbox 413 5623 2002 5704">
     <span class='ocr_line' id='line_1_104' title="bbox 413 5623 2002 5704; baseline 0.014 -24"><span class='ocrx_word' id='word_1_745' title='bbox 413 5623 908 5701; x_wconf 89' lang='lat' dir='ltr'><strong><em>domum,ctsuper</em></strong></span> <span class='ocrx_word' id='word_1_746' title='bbox 941 5634 1157 5692; x_wconf 89' lang='lat' dir='ltr'><strong><em>domum</em></strong></span> <span class='ocrx_word' id='word_1_747' title='bbox 1197 5640 1460 5696; x_wconf 66' lang='lat' dir='ltr'><strong><em>aestivam.</em></strong></span> <span class='ocrx_word' id='word_1_748' title='bbox 1500 5662 1519 5694; x_wconf 72' lang='grc' dir='ltr'><strong><em>ι</em></strong></span> <span class='ocrx_word' id='word_1_749' title='bbox 1584 5642 1760 5700; x_wconf 83' lang='lat' dir='ltr'><strong><em>Vitam</em></strong></span> <span class='ocrx_word' id='word_1_750' title='bbox 1803 5646 2002 5704; x_wconf 92' lang='lat' dir='ltr'><strong><em>delica-</em></strong></span> 
     </span>
    </p>
   </div>
   <div class='ocr_carea' id='block_1_104' title="bbox 2122 4634 3712 4711">
    <p class='ocr_par' dir='ltr' id='par_1_104' title="bbox 2122 4634 3712 4711">
     <span class='ocr_line' id='line_1_105' title="bbox 2122 4634 3712 4711; baseline 0.004 -24"><span class='ocrx_word' id='word_1_751' title='bbox 2122 4634 2323 4703; x_wconf 78' lang='grc' dir='ltr'><em>αὐτῆς,</em></span> <span class='ocrx_word' id='word_1_752' title='bbox 2378 4635 2698 4704; x_wconf 75' lang='grc' dir='ltr'><em>ἀναγκαίως</em></span> <span class='ocrx_word' id='word_1_753' title='bbox 2746 4637 2931 4700; x_wconf 81' lang='grc' dir='ltr'><em>αὐτοῖς</em></span> <span class='ocrx_word' id='word_1_754' title='bbox 2989 4637 3053 4708; x_wconf 86' lang='grc' dir='ltr'><em>δὴ</em></span> <span class='ocrx_word' id='word_1_755' title='bbox 3121 4639 3359 4709; x_wconf 88' lang='grc' dir='ltr'><em>μάλιστα</em></span> <span class='ocrx_word' id='word_1_756' title='bbox 3417 4642 3712 4711; x_wconf 82' lang='grc' dir='ltr'><em>κηρύττειν</em></span> 
     </span>
    </p>
   </div>
   <div class='ocr_carea' id='block_1_105' title="bbox 2122 4727 3710 4804">
    <p class='ocr_par' dir='ltr' id='par_1_105' title="bbox 2122 4727 3710 4804">
     <span class='ocr_line' id='line_1_106' title="bbox 2122 4727 3710 4804; baseline 0.004 -25"><span class='ocrx_word' id='word_1_757' title='bbox 2122 4727 2460 4798; x_wconf 77' lang='grc' dir='ltr'><em>προστέταχε</em></span> <span class='ocrx_word' id='word_1_758' title='bbox 2489 4728 2598 4781; x_wconf 91' lang='grc' dir='ltr'><strong><em>τῶν</em></strong></span> <span class='ocrx_word' id='word_1_759' title='bbox 2626 4727 2860 4782; x_wconf 81' lang='grc' dir='ltr'><em>εἰδώλων</em></span> <span class='ocrx_word' id='word_1_760' title='bbox 2891 4729 3072 4783; x_wconf 85' lang='grc' dir='ltr'><em>αὐτῶν</em></span> <span class='ocrx_word' id='word_1_761' title='bbox 3110 4732 3204 4784; x_wconf 77' lang='grc' dir='ltr'><em>καὶ</em></span> <span class='ocrx_word' id='word_1_762' title='bbox 3231 4731 3335 4802; x_wconf 83' lang='grc' dir='ltr'><em>τῆς</em></span> <span class='ocrx_word' id='word_1_763' title='bbox 3391 4733 3710 4804; x_wconf 81' lang='grc' dir='ltr'><em>Σαμαρείας</em></span> 
     </span>
    </p>
   </div>
   <div class='ocr_carea' id='block_1_106' title="bbox 2115 4819 3707 4898">
    <p class='ocr_par' dir='ltr' id='par_1_106' title="bbox 2115 4819 3707 4898">
     <span class='ocr_line' id='line_1_107' title="bbox 2115 4819 3707 4898; baseline 0.004 -27"><span class='ocrx_word' id='word_1_764' title='bbox 2115 4819 2213 4890; x_wconf 76' lang='grc' dir='ltr'><em>τὴν</em></span> <span class='ocrx_word' id='word_1_765' title='bbox 2242 4820 2510 4892; x_wconf 83' lang='grc' dir='ltr'><em>πόρθησιν</em></span> <span class='ocrx_word' id='word_1_766' title='bbox 2533 4863 2548 4887; x_wconf 94' lang='grc'><strong><em>,</em></strong></span> <span class='ocrx_word' id='word_1_767' title='bbox 2588 4822 2750 4875; x_wconf 75' lang='grc' dir='ltr'><em>οἱονεί</em></span> <span class='ocrx_word' id='word_1_768' title='bbox 2780 4841 2896 4887; x_wconf 90' lang='grc' dir='ltr'><strong><em>πως</em></strong></span> <span class='ocrx_word' id='word_1_769' title='bbox 2929 4824 3451 4898; x_wconf 85' lang='grc' dir='ltr'><em>παραμυθούμενος,</em></span> <span class='ocrx_word' id='word_1_770' title='bbox 3503 4827 3594 4880; x_wconf 75' lang='grc' dir='ltr'><em>καὶ</em></span> <span class='ocrx_word' id='word_1_771' title='bbox 3627 4827 3707 4879; x_wconf 86' lang='grc' dir='ltr'><em>δι-</em></span> 
     </span>
    </p>
   </div>
   <div class='ocr_carea' id='block_1_107' title="bbox 2117 4911 3708 4986">
    <p class='ocr_par' dir='ltr' id='par_1_107' title="bbox 2117 4911 3708 4986">
     <span class='ocr_line' id='line_1_108' title="bbox 2117 4911 3708 4986; baseline 0.004 -25"><span class='ocrx_word' id='word_1_772' title='bbox 2117 4911 2358 4978; x_wconf 80' lang='grc' dir='ltr'><em>δάσκων,</em></span> <span class='ocrx_word' id='word_1_773' title='bbox 2387 4913 2468 4966; x_wconf 82' lang='grc' dir='ltr'><em>ὅτι</em></span> <span class='ocrx_word' id='word_1_774' title='bbox 2502 4912 2569 4966; x_wconf 82' lang='grc' dir='ltr'><em>τὰ</em></span> <span class='ocrx_word' id='word_1_775' title='bbox 2605 4913 2742 4967; x_wconf 78' lang='grc' dir='ltr'><em>Θεοῦ</em></span> <span class='ocrx_word' id='word_1_776' title='bbox 2770 4917 2989 4986; x_wconf 80' lang='grc' dir='ltr'><em>φρονεῖν</em></span> <span class='ocrx_word' id='word_1_777' title='bbox 3022 4915 3314 4986; x_wconf 83' lang='grc' dir='ltr'><em>ᾑρημένοι,</em></span> <span class='ocrx_word' id='word_1_778' title='bbox 3346 4917 3441 4969; x_wconf 71' lang='grc' dir='ltr'><em>καὶ</em></span> <span class='ocrx_word' id='word_1_779' title='bbox 3481 4916 3572 4970; x_wconf 80' lang='grc' dir='ltr'><em>τὸν</em></span> <span class='ocrx_word' id='word_1_780' title='bbox 3599 4915 3708 4969; x_wconf 87' lang='grc' dir='ltr'><strong><em>τῶν</em></strong></span> 
     </span>
    </p>
   </div>
   <div class='ocr_carea' id='block_1_108' title="bbox 2117 5003 3754 5080">
    <p class='ocr_par' dir='ltr' id='par_1_108' title="bbox 2117 5003 3754 5080">
     <span class='ocr_line' id='line_1_109' title="bbox 2117 5003 3754 5080; baseline 0.002 -23"><span class='ocrx_word' id='word_1_781' title='bbox 2117 5003 2255 5059; x_wconf 81' lang='grc' dir='ltr'><em>ὅλων</em></span> <span class='ocrx_word' id='word_1_782' title='bbox 2282 5004 2560 5074; x_wconf 85' lang='grc' dir='ltr'><em>Δεσπότην</em></span> <span class='ocrx_word' id='word_1_783' title='bbox 2597 5006 2971 5076; x_wconf 80' lang='grc' dir='ltr'><em>ἠγαπηκότες,</em></span> <span class='ocrx_word' id='word_1_784' title='bbox 3019 5007 3080 5059; x_wconf 81' lang='grc' dir='ltr'><strong><em>ού</em></strong></span> <span class='ocrx_word' id='word_1_785' title='bbox 3139 5007 3566 5061; x_wconf 82' lang='grc' dir='ltr'><em>συναπολοῦνται</em></span> <span class='ocrx_word' id='word_1_786' title='bbox 3595 5010 3708 5072; x_wconf 88' lang='grc' dir='ltr'><em>τοῖς</em></span> <span class='ocrx_word' id='word_1_787' title='bbox 3748 5067 3754 5080; x_wconf 40' lang='grc'><strong>1</strong></span> 
     </span>
    </p>
   </div>
   <div class='ocr_carea' id='block_1_109' title="bbox 2115 5095 3758 5171">
    <p class='ocr_par' dir='ltr' id='par_1_109' title="bbox 2115 5095 3758 5171">
     <span class='ocr_line' id='line_1_110' title="bbox 2115 5095 3758 5171; baseline 0.001 -21"><span class='ocrx_word' id='word_1_788' title='bbox 2115 5095 2330 5159; x_wconf 80' lang='grc' dir='ltr'><em>ἄλλοις,</em></span> <span class='ocrx_word' id='word_1_789' title='bbox 2385 5097 2502 5150; x_wconf 86' lang='grc' dir='ltr'><em>ἀλλ’</em></span> <span class='ocrx_word' id='word_1_790' title='bbox 2528 5097 2632 5162; x_wconf 77' lang='grc' dir='ltr'><strong><em>ἔξω</em></strong></span> <span class='ocrx_word' id='word_1_791' title='bbox 2681 5097 2955 5151; x_wconf 86' lang='grc' dir='ltr'><em>κείσονται</em></span> <span class='ocrx_word' id='word_1_792' title='bbox 3014 5099 3116 5168; x_wconf 82' lang='grc' dir='ltr'><em>τῆς</em></span> <span class='ocrx_word' id='word_1_793' title='bbox 3159 5099 3350 5170; x_wconf 84' lang='grc' dir='ltr'><em>ὀργῆς.</em></span> <span class='ocrx_word' id='word_1_794' title='bbox 3402 5099 3570 5152; x_wconf 84' lang='grc' dir='ltr'><em>Ὅταν</em></span> <span class='ocrx_word' id='word_1_795' title='bbox 3597 5099 3712 5171; x_wconf 79' lang='grc' dir='ltr'><em>γὰρ.</em></span> <span class='ocrx_word' id='word_1_796' title='bbox 3749 5112 3758 5144; x_wconf 75' lang='lat' dir='ltr'><strong><em>t</em></strong></span> 
     </span>
    </p>
   </div>
   <div class='ocr_carea' id='block_1_110' title="bbox 2116 5190 3704 5264">
    <p class='ocr_par' dir='ltr' id='par_1_110' title="bbox 2116 5190 3704 5264">
     <span class='ocr_line' id='line_1_111' title="bbox 2116 5190 3704 5264; baseline 0.003 -23"><span class='ocrx_word' id='word_1_797' title='bbox 2116 5190 2456 5260; x_wconf 74' lang='grc' dir='ltr'><em>ἐπιφέροιμι,</em></span> <span class='ocrx_word' id='word_1_798' title='bbox 2521 5191 2676 5263; x_wconf 79' lang='grc' dir='ltr'><em>φησὶ,</em></span> <span class='ocrx_word' id='word_1_799' title='bbox 2726 5195 2838 5254; x_wconf 85' lang='grc' dir='ltr'><em>τοῖς</em></span> <span class='ocrx_word' id='word_1_800' title='bbox 2894 5191 2954 5256; x_wconf 77' lang='grc' dir='ltr'><strong><em>ἐξ</em></strong></span> <span class='ocrx_word' id='word_1_801' title='bbox 3005 5192 3223 5263; x_wconf 81' lang='grc' dir='ltr'><em>Ἰσραὴλ</em></span> <span class='ocrx_word' id='word_1_802' title='bbox 3281 5193 3380 5256; x_wconf 87' lang='grc' dir='ltr'><em>τὰς</em></span> <span class='ocrx_word' id='word_1_803' title='bbox 3429 5193 3704 5264; x_wconf 86' lang='grc' dir='ltr'><em>ἁμαρτίας</em></span> 
     </span>
    </p>
   </div>
   <div class='ocr_carea' id='block_1_111' title="bbox 2115 5281 3703 5355">
    <p class='ocr_par' dir='ltr' id='par_1_111' title="bbox 2115 5281 3703 5355">
     <span class='ocr_line' id='line_1_112' title="bbox 2115 5281 3703 5355; baseline -0.003 -17"><span class='ocrx_word' id='word_1_804' title='bbox 2115 5281 2315 5347; x_wconf 83' lang='grc' dir='ltr'><em>αὐτῶν,</em></span> <span class='ocrx_word' id='word_1_805' title='bbox 2371 5301 2390 5334; x_wconf 73' lang='grc' dir='ltr'><strong><em>ι</em></strong></span> <span class='ocrx_word' id='word_1_806' title='bbox 2432 5283 2566 5335; x_wconf 90' lang='grc' dir='ltr'><strong><em>Τότε</em></strong></span> <span class='ocrx_word' id='word_1_807' title='bbox 2601 5282 2693 5335; x_wconf 72' lang='grc' dir='ltr'><em>καὶ</em></span> <span class='ocrx_word' id='word_1_808' title='bbox 2753 5283 3028 5353; x_wconf 78' lang='grc' dir='ltr'><em>ἐκδικήσω</em></span> <span class='ocrx_word' id='word_1_809' title='bbox 3067 5284 3159 5336; x_wconf 76' lang='grc' dir='ltr'><strong><em>ἐπὶ</em></strong></span> <span class='ocrx_word' id='word_1_810' title='bbox 3217 5283 3288 5337; x_wconf 83' lang='grc' dir='ltr'><em>τὰ</em></span> <span class='ocrx_word' id='word_1_811' title='bbox 3343 5283 3703 5355; x_wconf 84' lang='grc' dir='ltr'><em>θυσιαστήρια</em></span> 
     </span>
    </p>
   </div>
   <div class='ocr_carea' id='block_1_112' title="bbox 2112 5375 3702 5448">
    <p class='ocr_par' dir='ltr' id='par_1_112' title="bbox 2112 5375 3702 5448">
     <span class='ocr_line' id='line_1_113' title="bbox 2112 5375 3702 5448; baseline 0.003 -21"><span class='ocrx_word' id='word_1_812' title='bbox 2112 5375 2337 5446; x_wconf 85' lang='grc' dir='ltr'><em>Βαιθήλ·</em></span> <span class='ocrx_word' id='word_1_813' title='bbox 2369 5378 2859 5447; x_wconf 83' lang='grc' dir='ltr'><em>κατασκαφήσεται</em></span> <span class='ocrx_word' id='word_1_814' title='bbox 2881 5376 2990 5448; x_wconf 86' lang='grc' dir='ltr'><em>γὰρ</em></span> <span class='ocrx_word' id='word_1_815' title='bbox 3015 5376 3083 5430; x_wconf 83' lang='grc' dir='ltr'><em>τὰ</em></span> <span class='ocrx_word' id='word_1_816' title='bbox 3123 5378 3331 5448; x_wconf 88' lang='grc' dir='ltr'><em>κέρατα</em></span> <span class='ocrx_word' id='word_1_817' title='bbox 3360 5377 3563 5441; x_wconf 79' lang='grc' dir='ltr'><em>αὐτῶν,</em></span> <span class='ocrx_word' id='word_1_818' title='bbox 3607 5377 3702 5432; x_wconf 74' lang='grc' dir='ltr'><em>καὶ</em></span> 
     </span>
    </p>
   </div>
   <div class='ocr_carea' id='block_1_113' title="bbox 2113 5465 3701 5542">
    <p class='ocr_par' dir='ltr' id='par_1_113' title="bbox 2113 5465 3701 5542">
     <span class='ocr_line' id='line_1_114' title="bbox 2113 5465 3701 5542; baseline 0.002 -23"><span class='ocrx_word' id='word_1_819' title='bbox 2113 5467 2405 5520; x_wconf 80' lang='grc' dir='ltr'><em>πεσοῦνται</em></span> <span class='ocrx_word' id='word_1_820' title='bbox 2439 5469 2530 5522; x_wconf 70' lang='grc' dir='ltr'><strong><em>ἐπὶ</em></strong></span> <span class='ocrx_word' id='word_1_821' title='bbox 2556 5468 2656 5539; x_wconf 85' lang='grc' dir='ltr'><em>τὴν</em></span> <span class='ocrx_word' id='word_1_822' title='bbox 2683 5469 2807 5539; x_wconf 82' lang='grc' dir='ltr'><em>γῆν.</em></span> <span class='ocrx_word' id='word_1_823' title='bbox 2847 5488 2865 5520; x_wconf 76' lang='grc' dir='ltr'><strong><em>ι</em></strong></span> <span class='ocrx_word' id='word_1_824' title='bbox 2902 5465 3030 5540; x_wconf 70' lang='grc' dir='ltr'><strong><em>Ἆρ’</em></strong></span> <span class='ocrx_word' id='word_1_825' title='bbox 3055 5465 3148 5524; x_wconf 82' lang='grc' dir='ltr'><strong><em>οὖν</em></strong></span> <span class='ocrx_word' id='word_1_826' title='bbox 3190 5470 3353 5542; x_wconf 87' lang='grc' dir='ltr'><em>μέχρι</em></span> <span class='ocrx_word' id='word_1_827' title='bbox 3372 5469 3579 5523; x_wconf 88' lang='grc' dir='ltr'><em>τούτων</em></span> <span class='ocrx_word' id='word_1_828' title='bbox 3601 5469 3701 5538; x_wconf 84' lang='grc' dir='ltr'><em>τῆς</em></span> 
     </span>
    </p>
   </div>
   <div class='ocr_carea' id='block_1_114' title="bbox 2110 5561 3699 5638">
    <p class='ocr_par' dir='ltr' id='par_1_114' title="bbox 2110 5561 3699 5638">
     <span class='ocr_line' id='line_1_115' title="bbox 2110 5561 3699 5638; baseline 0.002 -26"><span class='ocrx_word' id='word_1_829' title='bbox 2110 5561 2478 5632; x_wconf 88' lang='grc' dir='ltr'><em>Σαμαρείαςὴ</em></span> <span class='ocrx_word' id='word_1_830' title='bbox 2516 5561 2804 5632; x_wconf 85' lang='grc' dir='ltr'><em>πόρθησις,</em></span> <span class='ocrx_word' id='word_1_831' title='bbox 2839 5563 2934 5616; x_wconf 73' lang='grc' dir='ltr'><em>καὶ</em></span> <span class='ocrx_word' id='word_1_832' title='bbox 2968 5563 3192 5636; x_wconf 81' lang='grc' dir='ltr'><em>ἀρκέσει</em></span> <span class='ocrx_word' id='word_1_833' title='bbox 3225 5563 3386 5634; x_wconf 90' lang='grc' dir='ltr'><em>μόνον</em></span> <span class='ocrx_word' id='word_1_834' title='bbox 3404 5564 3474 5617; x_wconf 83' lang='grc' dir='ltr'><em>τὰ</em></span> <span class='ocrx_word' id='word_1_835' title='bbox 3497 5562 3699 5638; x_wconf 85' lang='grc' dir='ltr'><em>τεμένη</em></span> 
     </span>
    </p>
   </div>
   <div class='ocr_carea' id='block_1_115' title="bbox 2109 5653 3698 5728">
    <p class='ocr_par' dir='ltr' id='par_1_115' title="bbox 2109 5653 3698 5728">
     <span class='ocr_line' id='line_1_116' title="bbox 2109 5653 3698 5728; baseline 0.001 -22"><span class='ocrx_word' id='word_1_836' title='bbox 2109 5653 2358 5708; x_wconf 86' lang='grc' dir='ltr'><em>καθελεῖν</em></span> <span class='ocrx_word' id='word_1_837' title='bbox 2415 5657 2528 5720; x_wconf 86' lang='grc' dir='ltr'><em>τοῖς</em></span> <span class='ocrx_word' id='word_1_838' title='bbox 2575 5655 2878 5728; x_wconf 75' lang='grc' dir='ltr'><em>καταδῃοῦν</em></span> <span class='ocrx_word' id='word_1_839' title='bbox 2925 5656 3406 5728; x_wconf 79' lang='grc' dir='ltr'><em>ὲπιτεταγμένοις,</em></span> <span class='ocrx_word' id='word_1_840' title='bbox 3453 5658 3546 5712; x_wconf 71' lang='grc' dir='ltr'><em>καὶ</em></span> <span class='ocrx_word' id='word_1_841' title='bbox 3599 5673 3698 5719; x_wconf 51' lang='grc' dir='ltr'><em>κατ</em></span> 
     </span>
    </p>
   </div>
   <div class='ocr_carea' id='block_1_116' title="bbox 482 5821 2026 5924">
    <p class='ocr_par' dir='ltr' id='par_1_116' title="bbox 482 5821 2026 5918">
     <span class='ocr_line' id='line_1_117' title="bbox 482 5821 2026 5918; baseline 0.03 -57"><span class='ocrx_word' id='word_1_842' title='bbox 482 5821 528 5861; x_wconf 77' lang='grc' dir='ltr'><strong><em>οι</em></strong></span> <span class='ocrx_word' id='word_1_843' title='bbox 551 5822 694 5884; x_wconf 61' lang='lat' dir='ltr'><strong><em>p53],</em></strong></span> <span class='ocrx_word' id='word_1_844' title='bbox 728 5843 858 5898; x_wconf 75' lang='grc' dir='ltr'><em>ωἰι,</em></span> <span class='ocrx_word' id='word_1_845' title='bbox 893 5832 942 5888; x_wconf 85' lang='lat'><strong><em>7.</em></strong></span> <span class='ocrx_word' id='word_1_846' title='bbox 1025 5835 1245 5894; x_wconf 76' lang='lat' dir='ltr'><strong><em>&quot;Rom.</em></strong></span> <span class='ocrx_word' id='word_1_847' title='bbox 1283 5855 1393 5908; x_wconf 74' lang='lat' dir='ltr'><strong><em>xw,</em></strong></span> <span class='ocrx_word' id='word_1_848' title='bbox 1432 5841 1481 5896; x_wconf 80' lang='lat'><strong><em>9.</em></strong></span> <span class='ocrx_word' id='word_1_849' title='bbox 1561 5845 1602 5877; x_wconf 75' lang='grc'><strong><em>’⁷</em></strong></span> <span class='ocrx_word' id='word_1_850' title='bbox 1632 5844 1885 5918; x_wconf 64' lang='lat' dir='ltr'><strong><em>Philipp,</em></strong></span> <span class='ocrx_word' id='word_1_851' title='bbox 1914 5864 1972 5904; x_wconf 86' lang='grc' dir='ltr'><strong><em>ιιι</em></strong></span> <span class='ocrx_word' id='word_1_852' title='bbox 2012 5851 2026 5906; x_wconf 84' lang='grc'><strong>1</strong></span> 
     </span>
    </p>
   </div>
   <div class='ocr_carea' id='block_1_117' title="bbox 2133 5821 3362 5924">
    <p class='ocr_par' dir='ltr' id='par_1_117' title="bbox 2141 5851 3362 5924">
     <span class='ocr_line' id='line_1_118' title="bbox 2141 5851 3362 5924; baseline 0.003 -17"><span class='ocrx_word' id='word_1_853' title='bbox 2141 5852 2184 5884; x_wconf 69' lang='grc'><strong><em>³⁸</em></strong></span> <span class='ocrx_word' id='word_1_854' title='bbox 2208 5851 2250 5908; x_wconf 91' lang='lat' dir='ltr'><strong><em>ll</em></strong></span> <span class='ocrx_word' id='word_1_855' title='bbox 2283 5854 2457 5912; x_wconf 84' lang='lat' dir='ltr'><strong><em>I‘aral.</em></strong></span> <span class='ocrx_word' id='word_1_856' title='bbox 2501 5870 2575 5924; x_wconf 81' lang='lat' dir='ltr'><strong><em>xl,</em></strong></span> <span class='ocrx_word' id='word_1_857' title='bbox 2612 5855 2795 5912; x_wconf 64' lang='lat' dir='ltr'><strong><em>I2.H.</em></strong></span> <span class='ocrx_word' id='word_1_858' title='bbox 2876 5859 2921 5892; x_wconf 79' lang='lat'><strong>&quot;</strong></span> <span class='ocrx_word' id='word_1_859' title='bbox 2950 5855 3159 5914; x_wconf 84' lang='lat' dir='ltr'><strong><em>Coloss.</em></strong></span> <span class='ocrx_word' id='word_1_860' title='bbox 3195 5870 3278 5923; x_wconf 83' lang='lat' dir='ltr'><strong><em>tu,</em></strong></span> <span class='ocrx_word' id='word_1_861' title='bbox 3309 5855 3362 5915; x_wconf 65' lang='grc' dir='ltr'><em>τ’..</em></span> 
     </span>
    </p>
   </div>
  </div>
