4132 6370
382 372 495 429 ιτδ

1351 365 1903 424 COMMENTARIUS
1943 368 2012 423 IN
2051 369 2237 427 AMOS
2276 370 2721 430 PROPIIETMI.

3562 367 3669 424 474

386 501 663 557 τασκαψαι
718 488 1131 559 θυσιαστήρια;
1180 486 1477 558 Οὐμενουν.
1525 508 1544 541 ι
1583 488 1810 558 Συγχεῶ
1842 488 1972 560 γὰρ,

2093 499 2192 545 tam
2223 492 2469 548 viventes
2496 494 2549 548 in
2586 492 2930 558 Samaria,et
2948 488 3141 558 amplis
3197 486 3401 542 divitiis
3428 488 3664 557 praediti,

391 581 564 652 φησι,
626 582 720 633 καὶ
789 579 1015 644 πατάξω
1072 579 1163 632 τὸν
1218 576 1368 633 οἷκον
1437 580 1530 633 τὸν
1598 580 1971 651 περίπτερον,

388 672 483 725 ἐπὶ
516 672 607 725 τὸν
639 667 788 727 οἷκον
812 671 904 723 τὸν
932 670 1162 740 θερινόν.
1200 689 1217 722 ι
1260 672 1325 723 Ὅ
1352 670 1409 724 δὲ
1450 671 1699 741 βούλεται
1737 671 1931 743 δηλοῦν
1958 713 1973 736 ,

388 762 629 816 τοιοῦτόν
664 764 803 814 ἐστι’
830 762 1148 832 τρυφῶντες
1173 763 1222 816 οἱ
1250 764 1307 815 ὲν
1336 766 1403 834 τῇ
1445 763 1751 834 Σαμαρείᾳ.
1786 764 1882 816 καὶ
1913 764 1976 816 τὸ

388 856 453 909 ἐκ
510 852 605 906 τοῦ
664 852 914 905 πλουτεῖν
971 854 1186 924 ἔχοντες
1243 854 1461 918 πλάτος,
1520 855 1701 917 οἴκους
1759 856 1977 917 ἑαυτοῖς

387 944 791 1009 κατεσκεύαζον
824 946 1136 1017 χειμερίους
1176 963 1237 999 τε
1273 947 1368 999 καὶ
1396 946 1664 1017 θερινούς.
1719 947 1830 1000 Καὶ
1882 946 1974 1000 τὸν

390 1037 489 1108 μὲν
520 1038 803 1109 χειμέριον
837 1039 1093 1111 ὀνομάζει
1134 1039 1490 1110 περίπτερον,
1524 1038 1620 1092 τὸν
1642 1040 1807 1093 οἱονεὶ
1838 1056 1974 1092 παν-

386 1128 615 1200 ταχόθεν
637 1134 879 1202 πτεροῖς,
912 1132 945 1202 ἢ
976 1132 1184 1200 τείχεσι
1236 1131 1697 1203 περιεζωσμένον,
1742 1131 1828 1184 ἵνα
1856 1133 1978 1193 ταῖς

386 1222 481 1275 τοῦ
528 1224 800 1295 χειμῶνος
849 1224 1105 1295 ἐμϐολαῖς
1144 1226 1427 1295 μονονουχὶ
1466 1224 1562 1278 καὶ
1598 1218 1974 1296 ἀπρόσιτος

385 1314 611 1386 Θερινὸν
640 1316 698 1370 δὲ
748 1317 842 1370 τὸν
890 1316 1198 1387 ἀνειμένον,
1269 1317 1363 1369 καὶ
1426 1318 1547 1378 ταῖς
1589 1314 1699 1367 τῶν
1758 1315 1980 1385 ἀνέμων

386 1404 697 1470 ἐπιπνοίαις
728 1406 1069 1478 ἐκκείμενον.
1118 1407 1329 1461 Οὐκοῦν
1367 1409 1477 1470 τοῖς
1535 1405 1976 1477 θυσιαστηρίοις,

2081 585 2276 641 domos
2305 587 2405 641 sibi
2438 588 2693 641 hibernas
2721 594 2777 639 et
2796 584 3015 639 aestivas
3038 581 3362 638 condebant.
3390 580 3457 635 Et
3483 580 3668 635 hiber-

2084 688 2208 727 nam
2243 675 2460 743 quidem
2485 685 2642 730 vocat
2664 675 3019 747 περίπτερον,
3051 672 3199 727 velut
3226 671 3465 739 undique
3487 670 3669 737 pinnis
3742 685 3746 691 ’

2085 768 2365 822 autmuris
2385 768 2641 832 cinctam,
2679 778 2738 823 ut
2768 768 3090 824 hiemalibus
3141 765 3394 837 procellis
3459 772 3667 819 tantum

2086 874 2191 913 non
2214 859 2496 915 inaccessa
2529 862 2634 928 sit;
2674 862 2915 916 aestivam
2950 869 3129 916 autem
3160 859 3420 914 laxiorem
3453 864 3510 911 et
3538 868 3670 908 ven-

2085 960 2260 1005 torum
2290 952 2562 1009 amatibus
2603 956 2927 1024 expositam.
2986 953 3156 1024 Igitur
3207 966 3332 1009 cum
3382 947 3668 1009 altaribus,

2077 1042 2272 1112 inquit,
2304 1043 2553 1099 sull'ossis
2575 1055 2629 1099 et
2659 1045 2867 1100 eversis
2897 1045 3060 1099 simul
3082 1041 3433 1105 confundam,
3465 1048 3519 1093 et
3542 1054 3669 1107 per-

2078 1136 2279 1191 cutiam
2304 1137 2493 1192 domos
2519 1138 2778 1193 hibernas
2810 1149 2864 1194 et
2902 1140 3141 1194 aestivas.
3193 1136 3452 1191 Peribunt
3505 1134 3669 1187 etiam

2082 1228 2271 1281 domus
2312 1228 2564 1284 eburneae
2591 1230 2632 1283 ί.
2667 1229 3007 1286 Meminimus
3035 1229 3224 1285 Achab
3266 1234 3579 1295 regnantem
3614 1223 3668 1275 in

2088 1318 2333 1374 Samaria
2364 1320 2524 1377 talem
2550 1324 2651 1377 sibi
2683 1325 2903 1379 domum
2946 1326 3239 1379 excitasse.
3279 1340 3298 1373 ι
3333 1319 3671 1388 Adjicieutur

2086 1424 2247 1477 porro
2274 1413 2463 1466 etalia:
2493 1416 2695 1479 multa},
2732 1432 2751 1466 s
2804 1415 2999 1484 inquit,
3036 1416 3139 1469 hoc
3185 1422 3291 1477 est,
3352 1408 3671 1463 interiorum

388 1498 544 1567 φησὶ,
571 1502 687 1564 τοῖς
714 1501 1193 1571 κατεσκαμμένοις
1213 1498 1350 1569 ὁμοῦ
1384 1498 1602 1569 συγχεῶ
1628 1498 1723 1552 καὶ
1749 1497 1978 1562 πατάξω

2093 1510 2140 1556 et
2176 1490 2713 1573 obscuriorum,sive
2750 1508 3056 1561 tenuiorum
3095 1516 3152 1560 et
3198 1503 3525 1571 vulgarium.
3568 1498 3672 1550 Pe-

388 1589 571 1654 οἷκους
595 1608 655 1645 τε
710 1592 1026 1664 χειμερίους
1085 1593 1179 1646 καὶ
1226 1590 1491 1664 θερινούς.
1535 1590 1887 1644 ’Δπολοῦνται
1920 1590 1977 1644 δὲ

2093 1592 2174 1645 riit
2205 1592 2388 1661 itaque
2421 1606 2819 1665 consequenter
2854 1606 2964 1651 tota
2992 1595 3263 1661 Samaria,
3293 1594 3454 1645 domo
3503 1586 3675 1657 quali-

390 1680 484 1735 καὶ
498 1678 637 1736 οἶκοι
663 1684 1018 1752 ἐλεφάντινοι.
1034 1686 1116 1740 Με
1126 1686 1230 1755 μνή
1240 1683 1379 1755 μεθα
1392 1683 1447 1737 δὲ
1462 1684 1545 1737 ὅτι
1571 1680 1975 1753 βεϐασιλευκὼς

2093 1685 2172 1738 bet
2197 1698 2574 1754 conquassata.

404 1774 608 1845 Ἀχαάϐ
636 1778 695 1831 ἐν
724 1779 1008 1851 Σαμαρείᾳ
1069 1779 1309 1833 τοιοῦτον
1363 1778 1544 1848 ἐαυτῷ
1593 1777 1998 1832 κατεσκεύασεν
2062 1775 2230 1835 οἷκον.
2273 1802 2290 1833 ι
2330 1785 2796 1856 Προστεθήσονται
2820 1785 2877 1838 δὲ
2902 1786 2995 1838 καὶ
3018 1785 3195 1854 ἕτεροι
3223 1780 3431 1843 πολλοι,
3464 1797 3482 1828 ι
3520 1775 3674 1845 φησὶ,

388 1867 704 1932 τουτέστιν,
752 1872 804 1923 οἱ
856 1871 967 1925 τῶν
1019 1871 1473 1942 ὐποϐεϐηκότων,
1540 1871 1635 1925 καὶ
1699 1870 2091 1941 ἀσημοτέρων,
2155 1873 2324 1943 ἤγουν
2394 1876 2609 1929 λεπτῶν
2652 1896 2711 1930 τε
2779 1879 2874 1932 καὶ
2945 1877 3240 1945 ἀγελαίων.
3286 1869 3515 1926 Διόλωλε
3544 1866 3675 1936 γοῦν

390 1960 580 2015 ἆπασα
633 1963 819 2018 λοιπὸν
860 1967 893 2034 ή
945 1965 1261 2036 Σαμάρεια,
1302 1965 1505 2028 παντὸς
1542 1964 1692 2017 οἴκου
1744 1964 2267 2034 κατασεσεισμένου.

460 2056 527 2110 Τί
555 2053 647 2112 οὖν
686 2059 939 2113 ἐντεῦθεν
965 2060 1246 2132 εἰσόμεθα,
1267 2060 1403 2131 όρθά
1425 2064 1642 2131 φρονεῖν
1671 2059 1972 2131 ᾑρημένοι;

2155 2062 2294 2127 Quid
2322 2063 2488 2135 igitur
2514 2064 2640 2119 hinc
2666 2065 2957 2127 discemus,
2983 2064 3027 2119 si
3063 2077 3256 2133 sapere
3307 2059 3674 2119 voluerimus?

402 2148 491 2212 Ὡς
526 2149 678 2204 οὐδὲν
706 2151 890 2222 ὀνήσει
920 2152 1245 2225 λαμπρότης
1285 2152 1524 2224 κοσμικὴ
1562 2153 1689 2215 τοὺς
1718 2151 1942 2221 ἔχοντας
1964 2191 1979 2215 ,

390 2240 452 2294 ού
482 2241 730 2307 πλοῦτος,
769 2243 830 2297 οὐ
854 2242 1003 2308 δόξα,
1039 2245 1138 2316 οὐχ
1166 2244 1353 2316 ’ἐτερόν
1384 2262 1439 2297 τι
1479 2244 1585 2297 τῶν
1624 2246 1707 2306 είς
1728 2243 1941 2314 τρυφὴν
1965 2284 1980 2307 ,

389 2336 491 2405 τῆς
516 2336 597 2399 είς
630 2335 762 2390 Θεὸν
784 2337 1033 2409 ἀπούσης
1074 2338 1320 2409 ἀγάπης,
1356 2339 1449 2391 καὶ
1479 2339 1599 2391 κατ’
1634 2338 1825 2390 οὐδένα
1858 2336 1983 2407 τρό-

392 2442 495 2479 πον
519 2428 898 2499 τετιμημένης
953 2430 1083 2499 παρ’
1112 2431 1249 2500 ἡμῖν
1297 2430 1397 2500 τῆς
1444 2428 1813 2499 δικαιοσύνης.
1852 2446 1870 2479 t
1908 2428 1983 2480 Οὐ

392 2515 502 2587 γὰρ
543 2516 889 2589 ὠφελήσουσι
940 2520 1202 2591 θησαυροὶ
1258 2522 1515 2591 ἀνόμους,
1555 2540 1574 2573 ι
1610 2520 1753 2574 κατά
1802 2520 1864 2573 τὸ
1892 2536 1986 2587 γε·

392 2610 736 2681 γραμμένον.
781 2634 798 2664 ι
836 2613 1162 2685 Δικαιοσύνη
1212 2614 1267 2666 δὲ
1309 2612 1498 2685 ῥύεται
1552 2614 1619 2666 ἐκ
1670 2613 1924 2667 θανάτου.
1962 2630 1979 2663 ι

394 2702 608 2756 Οὐκοῦν
639 2702 724 2772 εἴη
762 2704 854 2757 καὶ
899 2705 1124 2775 ἄμεινον
1169 2704 1321 2777 παρά
1380 2703 1499 2775 Θεῷ
1525 2704 1587 2758 τὸ
1641 2704 1988 2775 δικαιοσύνης

395 2794 551 2866 ιρᾷν,
593 2796 689 2848 καὶ
736 2796 1093 2868 θησαυρίζειν
1152 2799 1210 2850 ἐν
1265 2798 1537 2869 οὐρανοῖς,
1584 2797 1684 2866 τῆς
1727 2796 1837 2849 τῶν
1876 2797 1987 2851 ἄνω

396 2884 681 2953 γλίχεσθαι
719 2885 917 2957 μονῶν,
954 2888 1048 2940 καὶ
1080 2889 1179 2958 τῆς
1212 2889 1293 2947 είς
1321 2886 1453 2941 Θεὸν
1474 2886 1688 2949 ἐλπίδος
1717 2886 1988 2957 ἠρτῆσθαι

398 2976 600 3045 φιλεῖν,
636 2975 717 3030 Τά
750 2977 979 3049 μὲνγὰρ
1011 2980 1070 3033 ὲν
1084 2978 1218 3048 τῷδε
1241 2978 1319 3049 τῷ
1349 2979 1543 3049 κόσμῳ
1581 2980 1755 3051 μικρά
1772 2982 1833 3032 τέ
1873 2983 1989 3033 ἐστι

396 3069 493 3129 καὶ
515 3069 847 3141 πρόσκαιρα,
886 3073 981 3124 καὶ
1020 3072 1320 3142 οὐδαμόθεν
1380 3071 1494 3143 ἔχει
1548 3073 1609 3125 τὸ
1655 3072 1887 3144 βεϐηκὸς
1911 3073 1991 3135 είς

397 3161 722 3230 ἀσφάλειαν,
748 3162 821 3216 τὰ
870 3162 927 3216 δὲ
958 3166 1053 3217 καὶ
1096 3164 1269 3235 μένει,
1315 3165 1411 3218 καὶ
1462 3163 1718 3232 σώζεται,
1753 3166 1991 3229 καὶτοῖς

398 3254 728 3325 ἀπεράντοις
754 3254 915 3309 αίῶσι
942 3273 1006 3309 συ
1015 3256 1425 3328 μπαρομαρτεῖ.

1018 3391 1245 3445 ΚΕΦΑΛ
1256 3432 1269 3445 .
1301 3394 1375 3445 Δ’.

486 3526 804 3593 Ἀκούσατε
860 3526 967 3580 τὸν
1028 3527 1219 3595 λόγον
1270 3524 1504 3588 τοῦτον,
1544 3524 1832 3593 δαμάλεις
1884 3522 1991 3592 τῆς

402 3620 821 3685 Βασανίτιδος,
871 3622 932 3673 ai
973 3613 1156 3673 οὖσαι
1194 3618 1265 3671 ἐν
1299 3614 1377 3681 τῷ
1406 3616 1529 3684 ὄρει
1550 3616 1904 3686 Σαμαρείας,
1938 3618 1997 3668 αὶ

403 3712 1046 3768 καταδυναστεύουσαι
1089 3708 1402 3778 πτωχοὺς,
1462 3708 1562 3763 καὶ
1621 3708 1997 3762 καταπατοῦ-

404 3821 510 3864 σαι
562 3804 848 3873 πένητας,
897 3805 957 3857 αἱ
994 3802 1287 3871 λέγουσαι
1324 3800 1452 3867 τοῖς
1507 3802 1739 3868 κυρίοις
1776 3798 1992 3853 αὐτῶνθ

418 3889 687 3953 Ἐπίδοτε
710 3896 857 3968 ἡμῖν
880 3896 1041 3962 ὅπως
1066 3896 1313 3963 πίωμεν.
1352 3893 1588 3963 Ὀμνύει
1612 3893 1831 3960 Κύριος
1848 3892 1998 3945 κατὰ

406 3988 527 4043 τῶν
547 3990 733 4059 ἁγίων
756 3988 964 4049 αὐτοῦ,
989 3986 1140 4039 διότι
1170 3983 1299 4038 ἰδοὺ
1342 3982 1554 4051 ἡμέραι
1600 3981 1879 4050 ἔρχονται
1906 3980 1998 4048 ἐφ’

405 4082 600 4153 ὑμᾶς,
644 4080 746 4136 καί
797 4080 1103 4148 λήψονται
1140 4074 1299 4147 ὖμᾶς
1321 4077 1391 4130 ἐν
1432 4074 1662 4140 ὅπλοις,
1706 4074 1803 4127 καί
1855 4072 1998 4138 τοὺς

402 4175 533 4245 μεθ’
566 4172 734 4242 ὑμῶν
783 4173 870 4238 εις
915 4170 1175 4238 λέϐητας
1227 4168 1474 4239 ἔμποροι
1528 4166 1713 4235 λιμοί.
1753 4165 1861 4219 Kal
1901 4166 1999 4228 ἐξ·

407 4265 823 4335 εγεχθήσεσθε
891 4262 1114 4333 γυμναὶ
1162 4261 1480 4316 κατέναντι
1531 4258 1859 4327 ἀλλήλων,
1898 4258 1999 4311 καὶ

408 4355 899 4427 ἀπορῤιςρήσεσθε
938 4354 1072 4424 περὶ
1110 4354 1179 4408 τὸ
1237 4353 1375 4422 ὄρος
1420 4352 1487 4407 τὸ
1525 4350 1791 4422 Ῥεμνᾶν,
1835 4350 1998 4421 ,λέγει

409 4451 627 4519 Κύριος
650 4452 683 4504 ό
706 4450 871 4513 Θεός.

482 4543 601 4599 AA'.
658 4541 753 4595 ‘Ex
776 4540 977 4610 πολλῆς
1010 4541 1149 4608 ἄγαν
1187 4538 1517 4610 ἀγερωχίας,
1562 4538 1655 4591 καὶ
1698 4539 1910 4610 τρυφῆς
1946 4539 1997 4591 οἱ

408 4634 855 4707 τῆςΣαμαρείας
885 4633 1361 4703 περιφανέστεροι,
1395 4632 1489 4685 καὶ
1518 4634 1638 4694 ταῖς
1676 4633 1740 4685 ὲκ
1764 4631 1996 4685 πλούτου

2086 2153 2402 2209 Claritatem
2430 2156 2759 2210 mundanam
2808 2155 3137 2209 habentibus
3189 2152 3327 2207 nihil
3386 2152 3674 2221 prodesse,

2088 2261 2192 2301 non
2216 2246 2453 2311 divitias,
2483 2263 2590 2303 non
2622 2248 2871 2317 gloriam,
2898 2261 3004 2299 non
3038 2246 3181 2299 aliud
3216 2243 3490 2313 quidpiam
3516 2241 3678 2295 molle

2087 2354 2151 2394 ac
2168 2340 2476 2405 delicatum,
2501 2340 2544 2394 si
2568 2340 2805 2395 cbaritas
2836 2353 2963 2409 erga
3004 2336 3171 2391 Deum
3203 2336 3366 2400 absit,
3410 2344 3466 2388 et
3529 2333 3677 2388 nullo

2089 2430 2475 2499 modojustitia
2508 2448 2538 2485 a
2570 2432 2725 2487 nobis
2749 2430 2982 2486 colatur.
3015 2449 3033 2481 ι
3068 2427 3183 2482 Νοιι
3204 2428 3348 2481 enim
3379 2426 3679 2495 proderunt

2090 2525 2331 2579 thesauri
2367 2525 2587 2595 iniquis,
2618 2544 2636 2578 ›
2659 2525 2975 2594 sicut287
3000 2524 3260 2591 scriptum
3283 2532 3399 2577 est:
3422 2537 3441 2572 ι
3464 2518 3677 2589 justitia

2089 2624 2271 2670 autem
2327 2616 2523 2671 liberat
2578 2632 2607 2669 a
2652 2626 2827 2670 morte
2882 2617 2924 2669 ’.
2954 2634 2970 2666 ι
3004 2614 3195 2684 Itaque
3229 2620 3284 2668 et
3330 2610 3540 2681 gratius
3567 2608 3677 2662 Deo

2092 2708 2770 2777 fueritamarejustitiam,
2807 2718 2862 2763 et
2918 2710 3234 2763 thesaurum
3292 2702 3572 2760 cumulare
3623 2700 3676 2754 in

2092 2799 2279 2865 ccelis;
2312 2815 2545 2868 superna
2578 2808 2785 2853 tantum
2817 2798 3226 2866 concupiscere,
3274 2801 3331 2849 et
3378 2793 3617 2846 libenter
3646 2802 3677 2841 a

2092 2908 2187 2962 spe
2220 2894 2272 2946 in
2303 2893 2468 2948 Deum
2502 2896 2752 2963 pendere.
2808 2892 3019 2946 Etenim
3055 2905 3175 2958 quas
3211 2889 3264 2943 in
3324 2887 3426 2941 hoc
3475 2881 3680 2938 mundo

2093 2995 2241 3051 sunt,
2263 2987 2455 3056 exigua
2478 2996 2919 3055 ettempornnea,
2941 2994 2996 3037 et
3022 2983 3167 3036 nulla
3197 2996 3261 3036 ex
3306 2988 3461 3049 parte
3511 2973 3681 3030 stabi-

2095 3079 2165 3132 lia
2199 3094 2262 3133 ac
2292 3086 2401 3133 tuta
2427 3089 2577 3143 sunt,
2612 3078 2700 3132 illa
2736 3092 2867 3132 vero
2888 3085 2941 3131 et
2975 3081 3214 3138 manent,
3241 3087 3299 3127 se
3334 3073 3679 3131 conservant,

2093 3180 2144 3224 et
2176 3168 2436 3224 intinitati
2462 3169 2789 3226 szeculsrum
2822 3184 2942 3223 sese
2972 3175 3191 3237 aequant
3218 3164 3261 3218 ³.

2737 3387 2888 3448 CAP.
2952 3387 3040 3441 IV.

2174 3531 2333 3584 Vsus.
2358 3530 2473 3583 1-5.
2500 3527 2693 3580 Audite
2712 3527 2919 3579 verbum
2944 3526 3109 3589 istud,
3136 3541 3304 3579 vacca:
3333 3524 3686 3593 Basanitidis,

2098 3637 2216 3690 qua:
2242 3621 2367 3674 estis
2396 3619 2452 3672 in
2484 3627 2659 3671 monte
2686 3615 2971 3680 Samariaz,
3000 3631 3118 3685 qua:
3158 3615 3455 3684 opprimitis
3482 3618 3689 3670 ruendi-

2100 3728 2209 3775 σοι,
2251 3719 2299 3764 et
2326 3708 2645 3764 conculcatis
2684 3724 2959 3775 pauperes,
2999 3707 3227 3760 dicentes
3268 3706 3496 3762 dominis
3527 3709 3636 3762 suis
3667 3724 3688 3763 :

2102 3803 2238 3857 Date
2292 3803 2439 3856 nobis
2506 3811 2563 3855 ut
2619 3801 2880 3855 bibamus.
2905 3798 3066 3853 Jurat
3112 3798 3478 3863 Dominusper
3503 3807 3691 3853 sancta

2100 3911 2219 3957 sua,
2239 3894 2491 3963 quoniam
2520 3909 2635 3946 ecce
2652 3893 2759 3946 dies
2796 3892 2996 3946 venient
3023 3907 3180 3958 super
3194 3908 3303 3956 vos,
3337 3902 3383 3945 et
3403 3890 3585 3944 tollent
3603 3907 3690 3945 vos

2102 3988 2157 4040 in
2190 3986 2376 4050 armis,
2413 4000 2459 4039 et
2496 4002 2582 4038 eos
2611 3985 2702 4053 qui
2731 3986 3021 4051 vobiscum,
3046 3984 3098 4037 in
3127 3982 3316 4036 lebetes
3342 3984 3689 4052 negotiatores

2101 4080 2422 4149 pestilentes.
2469 4077 2535 4131 Et
2576 4078 2870 4146 e/fcremini
2906 4077 3062 4129 nuda:
3113 4086 3298 4129 contra
3339 4075 3580 4136 invicem,
3640 4084 3689 4126 et

2101 4172 2456 4243 projiriemini
2489 4188 2647 4241 super
2672 4180 2901 4224 montem
2937 4168 3234 4230 Rhemnan,
3276 4169 3402 4221 dicit
3432 4165 3688 4219 Dominus

2103 4262 2267 4317 Deus.

2177 4531 2420 4590 XXXIV.
2461 4530 2537 4585 Ex
2607 4545 2801 4601 magna
2860 4528 3024 4583 nimis
3092 4524 3365 4591 superbia,
3414 4533 3471 4579 et
3510 4523 3691 4578 studio

2103 4630 2548 4687 illecebrosarum
2594 4623 2930 4693 voluptatum
2968 4617 3301 4674 Samaritani
3339 4616 3685 4684 insigniores,

410 4729 750 4800 περιουσίαις
770 4726 879 4781 τῶν
902 4726 1075 4778 ἄλλων
1090 4726 1307 4779 πάντων
1324 4725 1427 4777 ὐπε
1437 4723 1729 4793 ρκείμενοι.
1747 4723 1988 4795 καθάπερ

2104 4733 2159 4780 et
2182 4738 2365 4780 rerum
2399 4719 2745 4776 alliuentibus
2790 4715 2964 4785 copiis
3014 4712 3227 4768 czeteris
3274 4710 3528 4765 omnibus
3553 4708 3690 4764 emi-

411 4820 548 4891 ἔφην
569 4820 794 4891 ἀρτίως,
825 4819 1009 4882 οἴκους
1035 4821 1245 4881 ἑαυτοῖς
1273 4815 1675 4880 κατεσκεύαζον
1709 4814 1997 4887 λαμπρούς

409 4930 471 4966 τε
500 4914 596 4966 κα)⁵
628 4911 1144 4972 πολυτελεστάτους,
1174 4910 1269 4963 καὶ
1290 4910 1598 4980 πρέποντας
1626 4909 1738 4970 τοῖς
1761 4910 1995 4980 καιροῖς,

411 5006 643 5078 χειμῶνί
687 5023 768 5068 τε,
797 5006 959 5076 φημὶ,
981 5006 1075 5058 καὶ
1098 5004 1267 5074 θέρει,
1298 5003 1348 5056 οἳ
1377 5004 1471 5057 καὶ
1504 5003 1586 5057 ὄτι
1614 5003 1795 5070 πάντη
1813 5020 1873 5054 τε
1902 5003 1997 5055 καὶ

414 5100 630 5163 πάντως
674 5097 1036 5161 ἀπολοῦνται,
1091 5094 1434 5166 προεκήρυξε
1488 5094 1549 5148 τὸ
1588 5094 1993 5166 χρησμῴδημα.

411 5192 620 5256 Αὐτοὺς
646 5191 710 5262 δὴ
743 5187 837 5246 οὖν
896 5193 1003 5262 ἄρα
1032 5192 1156 5253 τοὺς
1184 5188 1293 5241 τῶν
1329 5187 1495 5241 οἴκων
1550 5187 1837 5248 δεσπότας,
1869 5188 1997 5249 τοὺς

410 5286 534 5349 ταῖς
559 5284 826 5355 ὲξιτήλοις
866 5285 1098 5354 τρυφαῖς
1140 5280 1595 5335 καταπιαίνεσοαι
1632 5279 1997 5349 μεμελετηκό-

410 5395 530 5443 τας,
562 5376 821 5447 δαμάλεις
855 5375 1120 5429 ἀποκαλεί
1156 5374 1254 5443 τῆς
1290 5371 1652 5435 Βασανίτιδος.
1680 5370 1847 5441 Χώρα
1889 5371 1931 5423 δ’
1964 5373 1997 5441 ἡ

412 5470 703 5533 Βασανῖτις
763 5468 982 5531 εὐϐοτός
1030 5485 1089 5520 τε
1122 5467 1215 5520 καὶ
1263 5464 1525 5535 εὐανθὴς,
1564 5463 1659 5517 καὶ
1716 5464 1848 5516 πολύ
1880 5463 1999 5517 λίαν

415 5561 737 5632 ἐπιτηδείως
767 5559 965 5629 ἔχουσα
1007 5558 1145 5629 πρὸς
1204 5558 1265 5610 τὸ
1317 5556 1576 5610 δύνασθαι
1623 5555 2000 5608 καταπιαίνειν

414 5651 749 5723 ἀμφιλαφῶς
772 5650 840 5704 τά
866 5651 924 5703 ὲν
946 5650 1079 5721 αὐτῇ
1112 5649 1435 5720 βοσκόμενα.
1473 5648 1562 5711 Ὠς
1581 5643 1674 5701 οὖν
1706 5644 2003 5700 εὐπαθοῦν-

495 5835 511 5867 ¹
536 5834 602 5899 IIl
633 5834 762 5907 Reg.
809 5851 943 5901 xin,
972 5834 1058 5890 39.
1138 5837 1156 5867 ³
1181 5834 1339 5891 I’rov.
1372 5852 1423 5900 κ,
1454 5833 1505 5887 ‘2.

1586 5834 1604 5864 ³
1628 5830 1672 5887 ιι
1701 5834 1826 5888 Cor.
1865 5847 1937 5897 iv,
1971 5831 2052 5886 18.

2106 4816 2403 4881 nentiores,
2436 4815 2578 4869 sicut
2611 4825 2776 4880 supra
2821 4806 2959 4872 dixi,
2986 4806 3131 4860 ades
3158 4803 3261 4860 sibi
3290 4800 3601 4871 splendidas
3624 4815 3690 4854 ac

2100 4906 2622 4979 sumptuosissimas,
2682 4912 2737 4959 et
2785 4902 2852 4957 ad
2900 4910 3137 4969 tempus,
3189 4897 3484 4953 hibernum
3532 4905 3686 4962 puta,

2100 5003 2458 5071 aestivumque
2497 4996 2938 5053 accommodatas
2964 4993 3328 5057 aediﬁcabant,
3362 5004 3498 5059 quas
3513 4987 3691 5042 omni-

2102 5092 2277 5148 modis
2320 5090 2643 5161 penitusque
2690 5087 2957 5157 perituras
2979 5083 3258 5141 oraculum
3282 5078 3689 5152 praznuntiavit.

2100 5184 2250 5253 Ipsos
2274 5186 2455 5253 itaque
2475 5183 2669 5238 :edium
2699 5182 2968 5243 dominos,
3018 5180 3107 5248 qui
3146 5175 3566 5230 vanescentibus
3589 5187 3685 5224 vo-

2102 5276 2397 5345 luptatibus
2439 5290 2560 5329 sese
2603 5274 2924 5334 l‘arciebaut,
2972 5285 3165 5324 vaccas
3211 5264 3540 5320 Basnuitidis
3588 5280 3686 5332 ap-

2102 5368 2283 5436 pellat.
2318 5365 2587 5420 Basauitis
2636 5365 2780 5434 regio
2838 5372 2922 5417 est
2958 5362 3121 5416 ubere
3162 5358 3330 5430 gleba:
3370 5353 3601 5410 fecunda
3631 5362 3686 5407 et

2104 5461 2315 5525 ﬂorida,
2344 5469 2397 5513 et
2422 5462 2489 5513 ad
2523 5469 2806 5527 pascentes
2838 5457 2888 5509 in
2924 5471 2990 5510 eo
3018 5468 3208 5523 greges
3242 5466 3403 5520 quam
3442 5446 3685 5517 pinguis-

2104 5554 2273 5609 simos
2310 5551 2621 5607 elﬁciendos
2671 5551 2725 5604 in
2777 5548 2969 5619 primis
3029 5546 3245 5600 idonea.
3300 5542 3479 5609 Quare
3534 5549 3595 5594 ut
3625 5556 3685 5595 se

2106 5646 2249 5704 laute
2274 5656 2592 5716 tractantes,
2626 5656 2679 5702 et
2707 5644 2818 5701 cuti
2851 5644 3104 5699 curanda:
3124 5639 3519 5707 deditissimos,
3543 5637 3682 5697 deli‘
