  <div class='ocr_page' id='page_1' title='image "/cluster/home/n/w/nwhite01/storage/ocr_20150623/71/nnc1.0046980199/255.png"; bbox 0 0 4132 6370; ppageno 0'>
   <div class='ocr_carea' id='block_1_1' title="bbox 492 340 601 401">
    <p class='ocr_par' dir='ltr' id='par_1_1' title="bbox 492 340 601 401">
     <span class='ocr_line' id='line_1_1' title="bbox 492 340 601 401; baseline 0.037 -4"><span class='ocrx_word' id='word_1_1' title='bbox 492 340 601 401; x_wconf 65' lang='grc' dir='ltr'><strong>ὃτὸ</strong></span> 
     </span>
    </p>
   </div>
   <div class='ocr_carea' id='block_1_2' title="bbox 1491 345 2749 404">
    <p class='ocr_par' dir='ltr' id='par_1_2' title="bbox 1491 345 2749 404">
     <span class='ocr_line' id='line_1_2' title="bbox 1491 345 2749 404; baseline 0.004 -5"><span class='ocrx_word' id='word_1_2' title='bbox 1491 347 1546 400; x_wconf 80' lang='lat'><strong>8.</strong></span> <span class='ocrx_word' id='word_1_3' title='bbox 1592 345 1873 402; x_wconf 71' lang='lat' dir='ltr'><strong>CYRILLI</strong></span> <span class='ocrx_word' id='word_1_4' title='bbox 1911 345 2398 402; x_wconf 73' lang='lat' dir='ltr'><strong>ALEXANDRINI‘</strong></span> <span class='ocrx_word' id='word_1_5' title='bbox 2424 347 2749 404; x_wconf 63' lang='lat' dir='ltr'><strong>ARCHIEP.‘</strong></span> 
     </span>
    </p>
   </div>
   <div class='ocr_carea' id='block_1_3' title="bbox 3662 351 3768 406">
    <p class='ocr_par' dir='ltr' id='par_1_3' title="bbox 3662 351 3768 406">
     <span class='ocr_line' id='line_1_3' title="bbox 3662 351 3768 406; baseline 0.009 -1"><span class='ocrx_word' id='word_1_6' title='bbox 3662 351 3768 406; x_wconf 55' lang='lat'><strong>436</strong></span> 
     </span>
    </p>
   </div>
   <div class='ocr_carea' id='block_1_4' title="bbox 494 456 2059 542">
    <p class='ocr_par' dir='ltr' id='par_1_4' title="bbox 494 456 2059 536">
     <span class='ocr_line' id='line_1_4' title="bbox 494 456 2059 536; baseline 0.006 -25"><span class='ocrx_word' id='word_1_7' title='bbox 494 456 714 526; x_wconf 69' lang='lat' dir='ltr'><strong>eiusque</strong></span> <span class='ocrx_word' id='word_1_8' title='bbox 741 458 931 513; x_wconf 75' lang='lat' dir='ltr'><strong>studio</strong></span> <span class='ocrx_word' id='word_1_9' title='bbox 953 458 1239 522; x_wconf 77' lang='lat' dir='ltr'><strong>habentes,</strong></span> <span class='ocrx_word' id='word_1_10' title='bbox 1280 459 1423 517; x_wconf 88' lang='lat' dir='ltr'><strong>Deus</strong></span> <span class='ocrx_word' id='word_1_11' title='bbox 1450 464 1633 519; x_wconf 80' lang='lat' dir='ltr'><strong>vaccis</strong></span> <span class='ocrx_word' id='word_1_12' title='bbox 1656 463 1830 521; x_wconf 87' lang='lat' dir='ltr'><strong>Basan</strong></span> <span class='ocrx_word' id='word_1_13' title='bbox 1849 479 2059 536; x_wconf 84' lang='lat' dir='ltr'><strong>compa-</strong></span> 
     </span>
    </p>
   </div>
   <div class='ocr_carea' id='block_1_5' title="bbox 2162 456 3770 542">
    <p class='ocr_par' dir='ltr' id='par_1_5' title="bbox 2182 463 3770 542">
     <span class='ocr_line' id='line_1_5' title="bbox 2182 463 3770 542; baseline 0.003 -26"><span class='ocrx_word' id='word_1_14' title='bbox 2182 479 2283 527; x_wconf 87' lang='grc' dir='ltr'><strong>τας</strong></span> <span class='ocrx_word' id='word_1_15' title='bbox 2318 463 2480 533; x_wconf 85' lang='grc' dir='ltr'>ἄγαν,</span> <span class='ocrx_word' id='word_1_16' title='bbox 2522 464 2618 518; x_wconf 70' lang='grc' dir='ltr'><strong>καὶ</strong></span> <span class='ocrx_word' id='word_1_17' title='bbox 2651 465 2850 538; x_wconf 80' lang='grc' dir='ltr'>ἄριστα</span> <span class='ocrx_word' id='word_1_18' title='bbox 2913 466 3351 538; x_wconf 78' lang='grc' dir='ltr'><strong>τεθραμμένους,</strong></span> <span class='ocrx_word' id='word_1_19' title='bbox 3413 466 3508 520; x_wconf 69' lang='grc' dir='ltr'><strong>καὶ</strong></span> <span class='ocrx_word' id='word_1_20' title='bbox 3539 467 3770 542; x_wconf 58' lang='grc' dir='ltr'>μελέτην</span> 
     </span>
    </p>
   </div>
   <div class='ocr_carea' id='block_1_6' title="bbox 494 550 2077 629">
    <p class='ocr_par' dir='ltr' id='par_1_6' title="bbox 494 550 2077 629">
     <span class='ocr_line' id='line_1_6' title="bbox 494 550 2077 629; baseline 0.008 -27"><span class='ocrx_word' id='word_1_21' title='bbox 494 557 602 604; x_wconf 89' lang='lat' dir='ltr'><strong>rat.</strong></span> <span class='ocrx_word' id='word_1_22' title='bbox 626 550 772 618; x_wconf 86' lang='lat' dir='ltr'><strong>Quos</strong></span> <span class='ocrx_word' id='word_1_23' title='bbox 809 561 1054 618; x_wconf 80' lang='lat' dir='ltr'><strong>accusat,</strong></span> <span class='ocrx_word' id='word_1_24' title='bbox 1097 554 1242 623; x_wconf 91' lang='lat' dir='ltr'><strong>quod</strong></span> <span class='ocrx_word' id='word_1_25' title='bbox 1288 555 1662 625; x_wconf 78' lang='lat' dir='ltr'><strong>opprimerent</strong></span> <span class='ocrx_word' id='word_1_26' title='bbox 1702 573 1987 629; x_wconf 81' lang='lat' dir='ltr'><strong>pauperes,</strong></span> <span class='ocrx_word' id='word_1_27' title='bbox 2020 566 2077 614; x_wconf 86' lang='lat' dir='ltr'><strong>et</strong></span> 
     </span>
    </p>
   </div>
   <div class='ocr_carea' id='block_1_7' title="bbox 494 644 2071 719">
    <p class='ocr_par' dir='ltr' id='par_1_7' title="bbox 494 644 2071 719">
     <span class='ocr_line' id='line_1_7' title="bbox 494 644 2071 719; baseline 0.006 -23"><span class='ocrx_word' id='word_1_28' title='bbox 494 649 708 697; x_wconf 78' lang='lat' dir='ltr'><strong>tantum</strong></span> <span class='ocrx_word' id='word_1_29' title='bbox 781 657 885 698; x_wconf 88' lang='lat' dir='ltr'><strong>non</strong></span> <span class='ocrx_word' id='word_1_30' title='bbox 929 644 1156 713; x_wconf 86' lang='lat' dir='ltr'><strong>pedibus</strong></span> <span class='ocrx_word' id='word_1_31' title='bbox 1203 646 1317 701; x_wconf 89' lang='lat' dir='ltr'><strong>suis</strong></span> <span class='ocrx_word' id='word_1_32' title='bbox 1376 647 1653 704; x_wconf 89' lang='lat' dir='ltr'><strong>mendicos</strong></span> <span class='ocrx_word' id='word_1_33' title='bbox 1713 658 2071 719; x_wconf 84' lang='lat' dir='ltr'><strong>protererent.</strong></span> 
     </span>
    </p>
   </div>
   <div class='ocr_carea' id='block_1_8' title="bbox 497 732 2076 810">
    <p class='ocr_par' dir='ltr' id='par_1_8' title="bbox 497 732 2076 810">
     <span class='ocr_line' id='line_1_8' title="bbox 497 732 2076 810; baseline 0.007 -25"><span class='ocrx_word' id='word_1_34' title='bbox 497 750 533 785; x_wconf 77' lang='grc' dir='ltr'><strong>ι.</strong></span> <span class='ocrx_word' id='word_1_35' title='bbox 578 732 782 790; x_wconf 89' lang='lat' dir='ltr'><strong>Pascua</strong></span> <span class='ocrx_word' id='word_1_36' title='bbox 839 736 985 790; x_wconf 87' lang='lat' dir='ltr'><strong>enim</strong></span> <span class='ocrx_word' id='word_1_37' title='bbox 1043 737 1272 792; x_wconf 79' lang='lat' dir='ltr'><strong>divitum</strong></span> <span class='ocrx_word' id='word_1_38' title='bbox 1325 747 1452 793; x_wconf 87' lang='lat' dir='ltr'><strong>sunt</strong></span> <span class='ocrx_word' id='word_1_39' title='bbox 1509 742 1865 810; x_wconf 67' lang='lat' dir='ltr'><strong>pauperes‘,</strong></span> <span class='ocrx_word' id='word_1_40' title='bbox 1941 762 1961 796; x_wconf 82' lang='grc'><strong>›</strong></span> <span class='ocrx_word' id='word_1_41' title='bbox 2018 749 2076 798; x_wconf 90' lang='lat' dir='ltr'><strong>ut</strong></span> 
     </span>
    </p>
   </div>
   <div class='ocr_carea' id='block_1_9' title="bbox 489 827 2075 897">
    <p class='ocr_par' dir='ltr' id='par_1_9' title="bbox 489 827 2075 897">
     <span class='ocr_line' id='line_1_9' title="bbox 489 827 2075 897; baseline 0.006 -17"><span class='ocrx_word' id='word_1_42' title='bbox 489 827 754 897; x_wconf 90' lang='lat' dir='ltr'><strong>scriptum</strong></span> <span class='ocrx_word' id='word_1_43' title='bbox 785 839 888 884; x_wconf 92' lang='lat' dir='ltr'><strong>est.</strong></span> <span class='ocrx_word' id='word_1_44' title='bbox 926 829 1144 885; x_wconf 90' lang='lat' dir='ltr'><strong>Addens</strong></span> <span class='ocrx_word' id='word_1_45' title='bbox 1177 841 1356 886; x_wconf 89' lang='lat' dir='ltr'><strong>autem</strong></span> <span class='ocrx_word' id='word_1_46' title='bbox 1407 849 1420 885; x_wconf 91' lang='lat'><strong>:</strong></span> <span class='ocrx_word' id='word_1_47' title='bbox 1464 851 1484 885; x_wconf 76' lang='grc' dir='ltr'>σ</span> <span class='ocrx_word' id='word_1_48' title='bbox 1536 833 1788 890; x_wconf 87' lang='lat' dir='ltr'><strong>Dicentes</strong></span> <span class='ocrx_word' id='word_1_49' title='bbox 1841 836 2075 891; x_wconf 88' lang='lat' dir='ltr'><strong>dominis</strong></span> 
     </span>
    </p>
   </div>
   <div class='ocr_carea' id='block_1_10' title="bbox 487 916 2074 996">
    <p class='ocr_par' dir='ltr' id='par_1_10' title="bbox 487 916 2074 996">
     <span class='ocr_line' id='line_1_10' title="bbox 487 916 2074 996; baseline 0.008 -25"><span class='ocrx_word' id='word_1_50' title='bbox 487 916 646 973; x_wconf 86' lang='lat' dir='ltr'><strong>suis:</strong></span> <span class='ocrx_word' id='word_1_51' title='bbox 682 917 818 973; x_wconf 92' lang='lat' dir='ltr'><strong>Date</strong></span> <span class='ocrx_word' id='word_1_52' title='bbox 845 921 1000 976; x_wconf 87' lang='lat' dir='ltr'><strong>nobis</strong></span> <span class='ocrx_word' id='word_1_53' title='bbox 1063 930 1128 977; x_wconf 89' lang='lat' dir='ltr'><strong>ut</strong></span> <span class='ocrx_word' id='word_1_54' title='bbox 1174 923 1446 990; x_wconf 81' lang='lat' dir='ltr'><strong>bibamus,</strong></span> <span class='ocrx_word' id='word_1_55' title='bbox 1512 944 1531 978; x_wconf 74' lang='grc' dir='ltr'><strong>ι</strong></span> <span class='ocrx_word' id='word_1_56' title='bbox 1567 927 1684 996; x_wconf 83' lang='lat' dir='ltr'><strong>jugi</strong></span> <span class='ocrx_word' id='word_1_57' title='bbox 1729 928 2074 996; x_wconf 85' lang='lat' dir='ltr'><strong>impatientes</strong></span> 
     </span>
    </p>
   </div>
   <div class='ocr_carea' id='block_1_11' title="bbox 488 1009 2069 1090">
    <p class='ocr_par' dir='ltr' id='par_1_11' title="bbox 488 1009 2069 1090">
     <span class='ocr_line' id='line_1_11' title="bbox 488 1009 2069 1090; baseline 0.009 -31"><span class='ocrx_word' id='word_1_58' title='bbox 488 1021 584 1063; x_wconf 88' lang='lat' dir='ltr'><strong>eos</strong></span> <span class='ocrx_word' id='word_1_59' title='bbox 616 1009 907 1082; x_wconf 74' lang='lat' dir='ltr'><strong>significat,</strong></span> <span class='ocrx_word' id='word_1_60' title='bbox 951 1020 1005 1068; x_wconf 86' lang='lat' dir='ltr'><strong>et</strong></span> <span class='ocrx_word' id='word_1_61' title='bbox 1037 1016 1442 1082; x_wconf 87' lang='lat' dir='ltr'><strong>possessoribus</strong></span> <span class='ocrx_word' id='word_1_62' title='bbox 1471 1019 1666 1072; x_wconf 88' lang='lat' dir='ltr'><strong>cedere</strong></span> <span class='ocrx_word' id='word_1_63' title='bbox 1697 1020 1937 1085; x_wconf 91' lang='lat' dir='ltr'><strong>nescios,</strong></span> <span class='ocrx_word' id='word_1_64' title='bbox 1972 1021 2069 1090; x_wconf 88' lang='lat' dir='ltr'><strong>qui</strong></span> 
     </span>
    </p>
   </div>
   <div class='ocr_carea' id='block_1_12' title="bbox 486 1100 2070 1180">
    <p class='ocr_par' dir='ltr' id='par_1_12' title="bbox 486 1100 2070 1180">
     <span class='ocr_line' id='line_1_12' title="bbox 486 1100 2070 1180; baseline 0.009 -26"><span class='ocrx_word' id='word_1_65' title='bbox 486 1100 633 1156; x_wconf 90' lang='lat' dir='ltr'><strong>velut</strong></span> <span class='ocrx_word' id='word_1_66' title='bbox 666 1103 877 1173; x_wconf 86' lang='lat' dir='ltr'><strong>regium</strong></span> <span class='ocrx_word' id='word_1_67' title='bbox 920 1105 975 1160; x_wconf 93' lang='lat' dir='ltr'><strong>in</strong></span> <span class='ocrx_word' id='word_1_68' title='bbox 1009 1120 1104 1161; x_wconf 89' lang='lat' dir='ltr'><strong>eos</strong></span> <span class='ocrx_word' id='word_1_69' title='bbox 1145 1107 1428 1177; x_wconf 89' lang='lat' dir='ltr'><strong>imperium</strong></span> <span class='ocrx_word' id='word_1_70' title='bbox 1455 1111 1796 1178; x_wconf 84' lang='lat' dir='ltr'><strong>obtinerent;</strong></span> <span class='ocrx_word' id='word_1_71' title='bbox 1837 1113 1931 1168; x_wconf 91' lang='lat' dir='ltr'><strong>sed</strong></span> <span class='ocrx_word' id='word_1_72' title='bbox 1959 1112 2070 1180; x_wconf 83' lang='lat' dir='ltr'><strong>jam</strong></span> 
     </span>
    </p>
   </div>
   <div class='ocr_carea' id='block_1_13' title="bbox 486 1194 2073 1271">
    <p class='ocr_par' dir='ltr' id='par_1_13' title="bbox 486 1194 2073 1271">
     <span class='ocr_line' id='line_1_13' title="bbox 486 1194 2073 1271; baseline 0.008 -24"><span class='ocrx_word' id='word_1_73' title='bbox 486 1207 554 1247; x_wconf 83' lang='lat' dir='ltr'><strong>ex</strong></span> <span class='ocrx_word' id='word_1_74' title='bbox 596 1194 957 1252; x_wconf 87' lang='lat' dir='ltr'><strong>immoderata</strong></span> <span class='ocrx_word' id='word_1_75' title='bbox 1005 1200 1317 1267; x_wconf 84' lang='lat' dir='ltr'><strong>arrogantia</strong></span> <span class='ocrx_word' id='word_1_76' title='bbox 1350 1201 1516 1255; x_wconf 88' lang='lat' dir='ltr'><strong>etiam</strong></span> <span class='ocrx_word' id='word_1_77' title='bbox 1544 1202 1676 1271; x_wconf 83' lang='lat' dir='ltr'><strong>ipsis</strong></span> <span class='ocrx_word' id='word_1_78' title='bbox 1703 1204 1936 1260; x_wconf 89' lang='lat' dir='ltr'><strong>dominis</strong></span> <span class='ocrx_word' id='word_1_79' title='bbox 1959 1205 2073 1260; x_wconf 89' lang='lat' dir='ltr'><strong>suis</strong></span> 
     </span>
    </p>
   </div>
   <div class='ocr_carea' id='block_1_14' title="bbox 485 1285 2072 1358">
    <p class='ocr_par' dir='ltr' id='par_1_14' title="bbox 485 1285 2072 1358">
     <span class='ocr_line' id='line_1_14' title="bbox 485 1285 2072 1358; baseline 0.011 -22"><span class='ocrx_word' id='word_1_80' title='bbox 485 1285 704 1340; x_wconf 87' lang='lat' dir='ltr'><strong>modum</strong></span> <span class='ocrx_word' id='word_1_81' title='bbox 735 1291 1026 1356; x_wconf 85' lang='lat' dir='ltr'><strong>quemdam</strong></span> <span class='ocrx_word' id='word_1_82' title='bbox 1052 1289 1360 1356; x_wconf 86' lang='lat' dir='ltr'><strong>familiaris,</strong></span> <span class='ocrx_word' id='word_1_83' title='bbox 1391 1309 1454 1348; x_wconf 88' lang='lat' dir='ltr'><strong>ac</strong></span> <span class='ocrx_word' id='word_1_84' title='bbox 1484 1294 1794 1351; x_wconf 61' lang='lat' dir='ltr'><strong>domesticae</strong></span> <span class='ocrx_word' id='word_1_85' title='bbox 1815 1297 2072 1358; x_wconf 84' lang='lat' dir='ltr'><strong>obedien-</strong></span> 
     </span>
    </p>
   </div>
   <div class='ocr_carea' id='block_1_15' title="bbox 486 1379 2069 1459">
    <p class='ocr_par' dir='ltr' id='par_1_15' title="bbox 486 1379 2069 1459">
     <span class='ocr_line' id='line_1_15' title="bbox 486 1379 2069 1459; baseline 0.008 -29"><span class='ocrx_word' id='word_1_86' title='bbox 486 1379 574 1432; x_wconf 63' lang='lat' dir='ltr'><strong>tiaz</strong></span> <span class='ocrx_word' id='word_1_87' title='bbox 599 1380 1034 1448; x_wconf 69' lang='lat' dir='ltr'><strong>praescribentes.</strong></span> <span class='ocrx_word' id='word_1_88' title='bbox 1077 1384 1246 1455; x_wconf 74' lang='lat'><strong>288</strong></span> <span class='ocrx_word' id='word_1_89' title='bbox 1273 1385 1487 1440; x_wconf 82' lang='lat' dir='ltr'><strong>Audere</strong></span> <span class='ocrx_word' id='word_1_90' title='bbox 1517 1387 1659 1440; x_wconf 91' lang='lat' dir='ltr'><strong>enim</strong></span> <span class='ocrx_word' id='word_1_91' title='bbox 1694 1389 1876 1444; x_wconf 86' lang='lat' dir='ltr'><strong>dicere</strong></span> <span class='ocrx_word' id='word_1_92' title='bbox 1929 1405 2069 1459; x_wconf 82' lang='lat' dir='ltr'><strong>prae-</strong></span> 
     </span>
    </p>
   </div>
   <div class='ocr_carea' id='block_1_16' title="bbox 483 1467 2070 1549">
    <p class='ocr_par' dir='ltr' id='par_1_16' title="bbox 483 1467 2070 1549">
     <span class='ocr_line' id='line_1_16' title="bbox 483 1467 2070 1549; baseline 0.01 -30"><span class='ocrx_word' id='word_1_93' title='bbox 483 1467 675 1536; x_wconf 83' lang='lat' dir='ltr'><strong>positis</strong></span> <span class='ocrx_word' id='word_1_94' title='bbox 699 1479 753 1524; x_wconf 87' lang='lat' dir='ltr'><strong>et</strong></span> <span class='ocrx_word' id='word_1_95' title='bbox 786 1469 1104 1539; x_wconf 84' lang='lat' dir='ltr'><strong>majoribus,</strong></span> <span class='ocrx_word' id='word_1_96' title='bbox 1147 1475 1280 1529; x_wconf 87' lang='lat' dir='ltr'><strong>Date</strong></span> <span class='ocrx_word' id='word_1_97' title='bbox 1312 1476 1466 1530; x_wconf 89' lang='lat' dir='ltr'><strong>nobis</strong></span> <span class='ocrx_word' id='word_1_98' title='bbox 1497 1486 1554 1530; x_wconf 88' lang='lat' dir='ltr'><strong>ut</strong></span> <span class='ocrx_word' id='word_1_99' title='bbox 1596 1479 1863 1543; x_wconf 86' lang='lat' dir='ltr'><strong>bibamus,</strong></span> <span class='ocrx_word' id='word_1_100' title='bbox 1895 1481 2070 1549; x_wconf 76' lang='lat' dir='ltr'><strong>magis</strong></span> 
     </span>
    </p>
   </div>
   <div class='ocr_carea' id='block_1_17' title="bbox 481 1556 2067 1638">
    <p class='ocr_par' dir='ltr' id='par_1_17' title="bbox 481 1556 2067 1638">
     <span class='ocr_line' id='line_1_17' title="bbox 481 1556 2067 1638; baseline 0.011 -26"><span class='ocrx_word' id='word_1_101' title='bbox 481 1556 584 1613; x_wconf 85' lang='lat' dir='ltr'><strong>sibi</strong></span> <span class='ocrx_word' id='word_1_102' title='bbox 641 1559 962 1628; x_wconf 73' lang='lat' dir='ltr'><strong>ministrari,</strong></span> <span class='ocrx_word' id='word_1_103' title='bbox 1002 1577 1164 1632; x_wconf 87' lang='lat' dir='ltr'><strong>quam</strong></span> <span class='ocrx_word' id='word_1_104' title='bbox 1215 1565 1529 1622; x_wconf 85' lang='lat' dir='ltr'><strong>ministrare</strong></span> <span class='ocrx_word' id='word_1_105' title='bbox 1581 1570 1911 1638; x_wconf 84' lang='lat' dir='ltr'><strong>cupient-ium</strong></span> <span class='ocrx_word' id='word_1_106' title='bbox 1961 1583 2067 1629; x_wconf 81' lang='lat' dir='ltr'><strong>est.</strong></span> 
     </span>
    </p>
   </div>
   <div class='ocr_carea' id='block_1_18' title="bbox 481 1648 2068 1734">
    <p class='ocr_par' dir='ltr' id='par_1_18' title="bbox 481 1648 2068 1734">
     <span class='ocr_line' id='line_1_18' title="bbox 481 1648 2068 1734; baseline 0.012 -34"><span class='ocrx_word' id='word_1_107' title='bbox 481 1648 738 1716; x_wconf 67' lang='lat' dir='ltr'><strong>Quaenam</strong></span> <span class='ocrx_word' id='word_1_108' title='bbox 769 1666 900 1722; x_wconf 83' lang='lat' dir='ltr'><strong>ergo</strong></span> <span class='ocrx_word' id='word_1_109' title='bbox 926 1656 1040 1721; x_wconf 85' lang='lat' dir='ltr'><strong>jam</strong></span> <span class='ocrx_word' id='word_1_110' title='bbox 1082 1656 1276 1711; x_wconf 88' lang='lat' dir='ltr'><strong>horum</strong></span> <span class='ocrx_word' id='word_1_111' title='bbox 1310 1667 1393 1713; x_wconf 91' lang='lat' dir='ltr'><strong>est</strong></span> <span class='ocrx_word' id='word_1_112' title='bbox 1450 1659 1625 1719; x_wconf 84' lang='lat' dir='ltr'><strong>futura</strong></span> <span class='ocrx_word' id='word_1_113' title='bbox 1678 1663 1939 1730; x_wconf 81' lang='lat' dir='ltr'><strong>canditio,</strong></span> <span class='ocrx_word' id='word_1_114' title='bbox 1976 1666 2068 1734; x_wconf 88' lang='lat' dir='ltr'><strong>qui</strong></span> 
     </span>
    </p>
   </div>
   <div class='ocr_carea' id='block_1_19' title="bbox 482 1743 2066 1824">
    <p class='ocr_par' dir='ltr' id='par_1_19' title="bbox 482 1743 2066 1824">
     <span class='ocr_line' id='line_1_19' title="bbox 482 1743 2066 1824; baseline 0.009 -26"><span class='ocrx_word' id='word_1_115' title='bbox 482 1743 590 1799; x_wconf 78' lang='lat' dir='ltr'><strong>liuc</strong></span> <span class='ocrx_word' id='word_1_116' title='bbox 620 1744 844 1801; x_wconf 69' lang='lat' dir='ltr'><strong>insanire</strong></span> <span class='ocrx_word' id='word_1_117' title='bbox 875 1749 1227 1817; x_wconf 87' lang='lat' dir='ltr'><strong>prodierunt?</strong></span> <span class='ocrx_word' id='word_1_118' title='bbox 1263 1771 1281 1803; x_wconf 79' lang='grc' dir='ltr'><strong>ι</strong></span> <span class='ocrx_word' id='word_1_119' title='bbox 1318 1751 1493 1818; x_wconf 70' lang='lat' dir='ltr'><strong>iurat,</strong></span> <span class='ocrx_word' id='word_1_120' title='bbox 1556 1756 1748 1824; x_wconf 84' lang='lat' dir='ltr'><strong>inquit,</strong></span> <span class='ocrx_word' id='word_1_121' title='bbox 1807 1757 2066 1813; x_wconf 91' lang='lat' dir='ltr'><strong>Dominus</strong></span> 
     </span>
    </p>
   </div>
   <div class='ocr_carea' id='block_1_20' title="bbox 479 1841 2065 1915">
    <p class='ocr_par' dir='ltr' id='par_1_20' title="bbox 479 1841 2065 1915">
     <span class='ocr_line' id='line_1_20' title="bbox 479 1841 2065 1915; baseline 0.01 -24"><span class='ocrx_word' id='word_1_122' title='bbox 479 1851 577 1904; x_wconf 78' lang='lat' dir='ltr'><strong>per</strong></span> <span class='ocrx_word' id='word_1_123' title='bbox 607 1846 796 1893; x_wconf 88' lang='lat' dir='ltr'><strong>saneta</strong></span> <span class='ocrx_word' id='word_1_124' title='bbox 838 1854 957 1906; x_wconf 90' lang='lat' dir='ltr'><strong>sua,</strong></span> <span class='ocrx_word' id='word_1_125' title='bbox 999 1860 1018 1892; x_wconf 76' lang='grc' dir='ltr'><strong>ι</strong></span> <span class='ocrx_word' id='word_1_126' title='bbox 1054 1841 1106 1897; x_wconf 94' lang='lat' dir='ltr'><strong>id</strong></span> <span class='ocrx_word' id='word_1_127' title='bbox 1145 1852 1229 1898; x_wconf 90' lang='lat' dir='ltr'><strong>est</strong></span> <span class='ocrx_word' id='word_1_128' title='bbox 1286 1859 1384 1914; x_wconf 82' lang='lat' dir='ltr'><strong>per</strong></span> <span class='ocrx_word' id='word_1_129' title='bbox 1432 1847 1916 1915; x_wconf 81' lang='lat' dir='ltr'><strong>sanctiﬁcationes,</strong></span> <span class='ocrx_word' id='word_1_130' title='bbox 1949 1853 2065 1907; x_wconf 89' lang='lat' dir='ltr'><strong>sive</strong></span> 
     </span>
    </p>
   </div>
   <div class='ocr_carea' id='block_1_21' title="bbox 481 1928 2065 2006">
    <p class='ocr_par' dir='ltr' id='par_1_21' title="bbox 481 1928 2065 2006">
     <span class='ocr_line' id='line_1_21' title="bbox 481 1928 2065 2006; baseline 0.011 -26"><span class='ocrx_word' id='word_1_131' title='bbox 481 1928 746 1999; x_wconf 88' lang='lat' dir='ltr'><strong>mysteria</strong></span> <span class='ocrx_word' id='word_1_132' title='bbox 783 1930 927 2001; x_wconf 63' lang='lat' dir='ltr'><strong>(quae</strong></span> <span class='ocrx_word' id='word_1_133' title='bbox 952 1941 1134 1990; x_wconf 90' lang='lat' dir='ltr'><strong>tamen</strong></span> <span class='ocrx_word' id='word_1_134' title='bbox 1163 1935 1278 2006; x_wconf 92' lang='lat' dir='ltr'><strong>ipse</strong></span> <span class='ocrx_word' id='word_1_135' title='bbox 1312 1946 1414 2001; x_wconf 90' lang='lat' dir='ltr'><strong>est,</strong></span> <span class='ocrx_word' id='word_1_136' title='bbox 1449 1937 1649 1993; x_wconf 90' lang='lat' dir='ltr'><strong>nullum</strong></span> <span class='ocrx_word' id='word_1_137' title='bbox 1681 1941 1825 1996; x_wconf 90' lang='lat' dir='ltr'><strong>enim</strong></span> <span class='ocrx_word' id='word_1_138' title='bbox 1857 1958 1917 1998; x_wconf 91' lang='lat' dir='ltr'><strong>se</strong></span> <span class='ocrx_word' id='word_1_139' title='bbox 1947 1961 2065 1998; x_wconf 86' lang='lat' dir='ltr'><strong>ma-</strong></span> 
     </span>
    </p>
   </div>
   <div class='ocr_carea' id='block_1_22' title="bbox 473 2014 2067 2103">
    <p class='ocr_par' dir='ltr' id='par_1_22' title="bbox 473 2014 2067 2103">
     <span class='ocr_line' id='line_1_22' title="bbox 473 2014 2067 2103; baseline 0.014 -34"><span class='ocrx_word' id='word_1_140' title='bbox 473 2014 649 2081; x_wconf 77' lang='lat' dir='ltr'><strong>jorem</strong></span> <span class='ocrx_word' id='word_1_141' title='bbox 684 2020 872 2085; x_wconf 87' lang='lat' dir='ltr'><strong>habet,</strong></span> <span class='ocrx_word' id='word_1_142' title='bbox 897 2038 992 2091; x_wconf 90' lang='lat' dir='ltr'><strong>per</strong></span> <span class='ocrx_word' id='word_1_143' title='bbox 1030 2039 1189 2093; x_wconf 92' lang='lat' dir='ltr'><strong>quem</strong></span> <span class='ocrx_word' id='word_1_144' title='bbox 1235 2025 1434 2099; x_wconf 89' lang='lat' dir='ltr'><strong>juret),</strong></span> <span class='ocrx_word' id='word_1_145' title='bbox 1471 2033 1727 2098; x_wconf 83' lang='lat' dir='ltr'><strong>quoniam</strong></span> <span class='ocrx_word' id='word_1_146' title='bbox 1759 2046 2067 2103; x_wconf 85' lang='lat' dir='ltr'><strong>sequentur</strong></span> 
     </span>
    </p>
   </div>
   <div class='ocr_carea' id='block_1_23' title="bbox 479 2114 2063 2190">
    <p class='ocr_par' dir='ltr' id='par_1_23' title="bbox 479 2114 2063 2190">
     <span class='ocr_line' id='line_1_23' title="bbox 479 2114 2063 2190; baseline 0.014 -30"><span class='ocrx_word' id='word_1_147' title='bbox 479 2115 721 2178; x_wconf 88' lang='lat' dir='ltr'><strong>tempora</strong></span> <span class='ocrx_word' id='word_1_148' title='bbox 757 2122 812 2166; x_wconf 92' lang='lat' dir='ltr'><strong>et</strong></span> <span class='ocrx_word' id='word_1_149' title='bbox 842 2114 978 2180; x_wconf 90' lang='lat' dir='ltr'><strong>dies,</strong></span> <span class='ocrx_word' id='word_1_150' title='bbox 1013 2119 1229 2184; x_wconf 89' lang='lat' dir='ltr'><strong>quando</strong></span> <span class='ocrx_word' id='word_1_151' title='bbox 1275 2129 1328 2172; x_wconf 84' lang='lat' dir='ltr'><strong>et</strong></span> <span class='ocrx_word' id='word_1_152' title='bbox 1382 2136 1475 2174; x_wconf 92' lang='lat' dir='ltr'><strong>vos</strong></span> <span class='ocrx_word' id='word_1_153' title='bbox 1520 2121 1667 2190; x_wconf 87' lang='lat' dir='ltr'><strong>ipsos</strong></span> <span class='ocrx_word' id='word_1_154' title='bbox 1693 2123 1766 2177; x_wconf 88' lang='lat' dir='ltr'><strong>ita</strong></span> <span class='ocrx_word' id='word_1_155' title='bbox 1802 2125 1948 2180; x_wconf 81' lang='lat' dir='ltr'><strong>luxui</strong></span> <span class='ocrx_word' id='word_1_156' title='bbox 1981 2129 2063 2182; x_wconf 81' lang='lat' dir='ltr'><strong>in-</strong></span> 
     </span>
    </p>
   </div>
   <div class='ocr_carea' id='block_1_24' title="bbox 481 2197 2067 2277">
    <p class='ocr_par' dir='ltr' id='par_1_24' title="bbox 481 2197 2067 2277">
     <span class='ocr_line' id='line_1_24' title="bbox 481 2197 2067 2277; baseline 0.015 -26"><span class='ocrx_word' id='word_1_157' title='bbox 481 2197 788 2269; x_wconf 85' lang='lat' dir='ltr'><strong>dulgentes,</strong></span> <span class='ocrx_word' id='word_1_158' title='bbox 809 2205 1153 2277; x_wconf 62' lang='lat' dir='ltr'><strong>crapulaaque</strong></span> <span class='ocrx_word' id='word_1_159' title='bbox 1179 2218 1229 2262; x_wconf 88' lang='lat' dir='ltr'><strong>et</strong></span> <span class='ocrx_word' id='word_1_160' title='bbox 1256 2209 1463 2265; x_wconf 86' lang='lat' dir='ltr'><strong>deliciis</strong></span> <span class='ocrx_word' id='word_1_161' title='bbox 1503 2212 1877 2272; x_wconf 88' lang='lat' dir='ltr'><strong>incumbentes</strong></span> <span class='ocrx_word' id='word_1_162' title='bbox 1907 2219 2067 2275; x_wconf 85' lang='lat' dir='ltr'><strong>timor</strong></span> 
     </span>
    </p>
   </div>
   <div class='ocr_carea' id='block_1_25' title="bbox 479 2288 2063 2381">
    <p class='ocr_par' dir='ltr' id='par_1_25' title="bbox 479 2288 2063 2381">
     <span class='ocr_line' id='line_1_25' title="bbox 479 2288 2063 2381; baseline 0.017 -39"><span class='ocrx_word' id='word_1_163' title='bbox 479 2288 610 2345; x_wconf 89' lang='lat' dir='ltr'><strong>dura</strong></span> <span class='ocrx_word' id='word_1_164' title='bbox 654 2293 894 2362; x_wconf 87' lang='lat' dir='ltr'><strong>patiendi</strong></span> <span class='ocrx_word' id='word_1_165' title='bbox 926 2298 992 2351; x_wconf 89' lang='lat' dir='ltr'><strong>ad</strong></span> <span class='ocrx_word' id='word_1_166' title='bbox 1030 2298 1242 2354; x_wconf 88' lang='lat' dir='ltr'><strong>labores</strong></span> <span class='ocrx_word' id='word_1_167' title='bbox 1274 2301 1569 2370; x_wconf 85' lang='lat' dir='ltr'><strong>militares,</strong></span> <span class='ocrx_word' id='word_1_168' title='bbox 1613 2316 1668 2361; x_wconf 90' lang='lat' dir='ltr'><strong>et</strong></span> <span class='ocrx_word' id='word_1_169' title='bbox 1698 2322 1850 2365; x_wconf 88' lang='lat' dir='ltr'><strong>arma</strong></span> <span class='ocrx_word' id='word_1_170' title='bbox 1875 2326 2063 2381; x_wconf 83' lang='lat' dir='ltr'><strong>capes-</strong></span> 
     </span>
    </p>
   </div>
   <div class='ocr_carea' id='block_1_26' title="bbox 476 2382 2065 2472">
    <p class='ocr_par' dir='ltr' id='par_1_26' title="bbox 476 2382 2065 2472">
     <span class='ocr_line' id='line_1_26' title="bbox 476 2382 2065 2472; baseline 0.016 -37"><span class='ocrx_word' id='word_1_171' title='bbox 476 2382 644 2438; x_wconf 90' lang='lat' dir='ltr'><strong>senda</strong></span> <span class='ocrx_word' id='word_1_172' title='bbox 691 2384 951 2454; x_wconf 88' lang='lat' dir='ltr'><strong>impellet.</strong></span> <span class='ocrx_word' id='word_1_173' title='bbox 992 2387 1364 2449; x_wconf 80' lang='lat' dir='ltr'><strong>Nihilominus</strong></span> <span class='ocrx_word' id='word_1_174' title='bbox 1403 2397 1566 2451; x_wconf 86' lang='lat' dir='ltr'><strong>etiam</strong></span> <span class='ocrx_word' id='word_1_175' title='bbox 1600 2398 1682 2454; x_wconf 91' lang='lat' dir='ltr'><strong>sic</strong></span> <span class='ocrx_word' id='word_1_176' title='bbox 1719 2413 2065 2472; x_wconf 88' lang='lat' dir='ltr'><strong>comparatos</strong></span> 
     </span>
    </p>
   </div>
   <div class='ocr_carea' id='block_1_27' title="bbox 475 2475 2065 2562">
    <p class='ocr_par' dir='ltr' id='par_1_27' title="bbox 475 2475 2065 2562">
     <span class='ocr_line' id='line_1_27' title="bbox 475 2475 2065 2562; baseline 0.015 -35"><span class='ocrx_word' id='word_1_177' title='bbox 475 2475 754 2532; x_wconf 88' lang='lat' dir='ltr'><strong>abducent</strong></span> <span class='ocrx_word' id='word_1_178' title='bbox 795 2494 918 2535; x_wconf 87' lang='lat' dir='ltr'><strong>cum</strong></span> <span class='ocrx_word' id='word_1_179' title='bbox 975 2483 1315 2542; x_wconf 85' lang='lat' dir='ltr'><strong>charissimis</strong></span> <span class='ocrx_word' id='word_1_180' title='bbox 1365 2488 1574 2555; x_wconf 80' lang='lat' dir='ltr'><strong>liberis,</strong></span> <span class='ocrx_word' id='word_1_181' title='bbox 1609 2500 1663 2545; x_wconf 93' lang='lat' dir='ltr'><strong>et</strong></span> <span class='ocrx_word' id='word_1_182' title='bbox 1691 2496 1975 2562; x_wconf 84' lang='lat' dir='ltr'><strong>uxoribus,</strong></span> <span class='ocrx_word' id='word_1_183' title='bbox 2009 2507 2065 2552; x_wconf 87' lang='lat' dir='ltr'><strong>et</strong></span> 
     </span>
    </p>
   </div>
   <div class='ocr_carea' id='block_1_28' title="bbox 474 2565 2064 2658">
    <p class='ocr_par' dir='ltr' id='par_1_28' title="bbox 474 2565 2064 2658">
     <span class='ocr_line' id='line_1_28' title="bbox 474 2565 2064 2658; baseline 0.016 -38"><span class='ocrx_word' id='word_1_184' title='bbox 474 2565 866 2638; x_wconf 84' lang='lat' dir='ltr'><strong>adulatoribus,</strong></span> <span class='ocrx_word' id='word_1_185' title='bbox 899 2575 990 2643; x_wconf 92' lang='lat' dir='ltr'><strong>qui</strong></span> <span class='ocrx_word' id='word_1_186' title='bbox 1036 2577 1316 2634; x_wconf 83' lang='lat' dir='ltr'><strong>vobiscum</strong></span> <span class='ocrx_word' id='word_1_187' title='bbox 1368 2592 1673 2650; x_wconf 80' lang='lat' dir='ltr'><strong>versantes,</strong></span> <span class='ocrx_word' id='word_1_188' title='bbox 1707 2586 2064 2658; x_wconf 77' lang='lat' dir='ltr'><strong>longe-pluri~</strong></span> 
     </span>
    </p>
   </div>
   <div class='ocr_carea' id='block_1_29' title="bbox 474 2657 2062 2741">
    <p class='ocr_par' dir='ltr' id='par_1_29' title="bbox 474 2657 2062 2741">
     <span class='ocr_line' id='line_1_29' title="bbox 474 2657 2062 2741; baseline 0.016 -28"><span class='ocrx_word' id='word_1_189' title='bbox 474 2657 579 2714; x_wconf 85' lang='lat' dir='ltr'><strong>mis</strong></span> <span class='ocrx_word' id='word_1_190' title='bbox 608 2658 860 2719; x_wconf 88' lang='lat' dir='ltr'><strong>laudibus</strong></span> <span class='ocrx_word' id='word_1_191' title='bbox 901 2665 1056 2722; x_wconf 89' lang='lat' dir='ltr'><strong>vobis</strong></span> <span class='ocrx_word' id='word_1_192' title='bbox 1071 2683 1291 2738; x_wconf 25' lang='lat' dir='ltr'><strong>semper.</strong></span> <span class='ocrx_word' id='word_1_193' title='bbox 1308 2671 1643 2741; x_wconf 89' lang='lat' dir='ltr'><strong>plauserunt,</strong></span> <span class='ocrx_word' id='word_1_194' title='bbox 1677 2686 1731 2731; x_wconf 89' lang='lat' dir='ltr'><strong>et</strong></span> <span class='ocrx_word' id='word_1_195' title='bbox 1769 2687 1851 2732; x_wconf 92' lang='lat' dir='ltr'><strong>ter</strong></span> <span class='ocrx_word' id='word_1_196' title='bbox 1870 2657 2062 2738; x_wconf 84' lang='lat' dir='ltr'><strong>beatos</strong></span> 
     </span>
    </p>
   </div>
   <div class='ocr_carea' id='block_1_30' title="bbox 475 2753 2061 2832">
    <p class='ocr_par' dir='ltr' id='par_1_30' title="bbox 475 2753 2061 2832">
     <span class='ocr_line' id='line_1_30' title="bbox 475 2753 2061 2832; baseline 0.016 -28"><span class='ocrx_word' id='word_1_197' title='bbox 475 2753 842 2810; x_wconf 89' lang='lat' dir='ltr'><strong>nominarunt.</strong></span> <span class='ocrx_word' id='word_1_198' title='bbox 877 2756 1005 2814; x_wconf 76' lang='lat' dir='ltr'><strong>Haec</strong></span> <span class='ocrx_word' id='word_1_199' title='bbox 1043 2761 1188 2816; x_wconf 87' lang='lat' dir='ltr'><strong>enim</strong></span> <span class='ocrx_word' id='word_1_200' title='bbox 1221 2763 1566 2822; x_wconf 86' lang='lat' dir='ltr'><strong>adulatorum</strong></span> <span class='ocrx_word' id='word_1_201' title='bbox 1612 2769 1760 2825; x_wconf 88' lang='lat' dir='ltr'><strong>natio</strong></span> <span class='ocrx_word' id='word_1_202' title='bbox 1796 2771 2061 2832; x_wconf 78' lang='lat' dir='ltr'><strong>altoribus</strong></span> 
     </span>
    </p>
   </div>
   <div class='ocr_carea' id='block_1_31' title="bbox 471 2841 2059 2933">
    <p class='ocr_par' dir='ltr' id='par_1_31' title="bbox 471 2841 2059 2933">
     <span class='ocr_line' id='line_1_31' title="bbox 471 2841 2059 2933; baseline 0.016 -37"><span class='ocrx_word' id='word_1_203' title='bbox 471 2841 589 2899; x_wconf 87' lang='lat' dir='ltr'><strong>suis</strong></span> <span class='ocrx_word' id='word_1_204' title='bbox 615 2857 834 2916; x_wconf 85' lang='lat' dir='ltr'><strong>semper</strong></span> <span class='ocrx_word' id='word_1_205' title='bbox 863 2849 1154 2906; x_wconf 88' lang='lat' dir='ltr'><strong>acclamat.</strong></span> <span class='ocrx_word' id='word_1_206' title='bbox 1215 2852 1324 2910; x_wconf 87' lang='lat' dir='ltr'><strong>Sed</strong></span> <span class='ocrx_word' id='word_1_207' title='bbox 1369 2855 1444 2911; x_wconf 89' lang='lat' dir='ltr'><strong>illi</strong></span> <span class='ocrx_word' id='word_1_208' title='bbox 1499 2857 1625 2928; x_wconf 88' lang='lat' dir='ltr'><strong>igne</strong></span> <span class='ocrx_word' id='word_1_209' title='bbox 1676 2860 2059 2933; x_wconf 89' lang='lat' dir='ltr'><strong>incendentur,</strong></span> 
     </span>
    </p>
   </div>
   <div class='ocr_carea' id='block_1_32' title="bbox 477 2935 2061 3026">
    <p class='ocr_par' dir='ltr' id='par_1_32' title="bbox 477 2935 2061 3026">
     <span class='ocr_line' id='line_1_32' title="bbox 477 2935 2061 3026; baseline 0.015 -37"><span class='ocrx_word' id='word_1_210' title='bbox 477 2935 795 3005; x_wconf 77' lang='lat' dir='ltr'><strong>pestilentes</strong></span> <span class='ocrx_word' id='word_1_211' title='bbox 829 2942 974 2996; x_wconf 90' lang='lat' dir='ltr'><strong>enim</strong></span> <span class='ocrx_word' id='word_1_212' title='bbox 1008 2955 1153 3012; x_wconf 90' lang='lat' dir='ltr'><strong>sunt,</strong></span> <span class='ocrx_word' id='word_1_213' title='bbox 1175 2953 1230 3000; x_wconf 89' lang='lat' dir='ltr'><strong>et</strong></span> <span class='ocrx_word' id='word_1_214' title='bbox 1283 2946 1431 3002; x_wconf 84' lang='lat' dir='ltr'><strong>aliud</strong></span> <span class='ocrx_word' id='word_1_215' title='bbox 1473 2949 1607 3006; x_wconf 85' lang='lat' dir='ltr'><strong>nihil</strong></span> <span class='ocrx_word' id='word_1_216' title='bbox 1653 2953 2061 3026; x_wconf 56' lang='lat' dir='ltr'><strong>recipient,,qui</strong></span> 
     </span>
    </p>
   </div>
   <div class='ocr_carea' id='block_1_33' title="bbox 471 3025 2062 3116">
    <p class='ocr_par' dir='ltr' id='par_1_33' title="bbox 471 3025 2062 3116">
     <span class='ocr_line' id='line_1_33' title="bbox 471 3025 2062 3116; baseline 0.016 -37"><span class='ocrx_word' id='word_1_217' title='bbox 471 3025 748 3095; x_wconf 87' lang='lat' dir='ltr'><strong>improbos</strong></span> <span class='ocrx_word' id='word_1_218' title='bbox 799 3038 856 3086; x_wconf 90' lang='lat' dir='ltr'><strong>et</strong></span> <span class='ocrx_word' id='word_1_219' title='bbox 917 3036 1158 3102; x_wconf 90' lang='lat' dir='ltr'><strong>peccatis</strong></span> <span class='ocrx_word' id='word_1_220' title='bbox 1209 3036 1426 3094; x_wconf 83' lang='lat' dir='ltr'><strong>deditus</strong></span> <span class='ocrx_word' id='word_1_221' title='bbox 1483 3041 1784 3098; x_wconf 78' lang='lat' dir='ltr'><strong>observant</strong></span> <span class='ocrx_word' id='word_1_222' title='bbox 1802 3057 1858 3101; x_wconf 85' lang='lat' dir='ltr'><strong>et</strong></span> <span class='ocrx_word' id='word_1_223' title='bbox 1887 3025 2062 3116; x_wconf 84' lang='lat' dir='ltr'><strong>suspi-</strong></span> 
     </span>
    </p>
   </div>
   <div class='ocr_carea' id='block_1_34' title="bbox 471 3115 2129 3220">
    <p class='ocr_par' dir='ltr' id='par_1_34' title="bbox 471 3115 2129 3220">
     <span class='ocr_line' id='line_1_34' title="bbox 471 3115 2129 3220; baseline 0.016 -50"><span class='ocrx_word' id='word_1_224' title='bbox 471 3115 644 3174; x_wconf 88' lang='lat' dir='ltr'><strong>ciunt.</strong></span> <span class='ocrx_word' id='word_1_225' title='bbox 675 3119 784 3175; x_wconf 84' lang='lat' dir='ltr'><strong>Vos</strong></span> <span class='ocrx_word' id='word_1_226' title='bbox 808 3131 989 3178; x_wconf 85' lang='lat' dir='ltr'><strong>autem</strong></span> <span class='ocrx_word' id='word_1_227' title='bbox 1034 3125 1220 3181; x_wconf 86' lang='lat' dir='ltr'><strong>nudati</strong></span> <span class='ocrx_word' id='word_1_228' title='bbox 1261 3127 1454 3199; x_wconf 83' lang='lat' dir='ltr'><strong>gloria,</strong></span> <span class='ocrx_word' id='word_1_229' title='bbox 1488 3142 1544 3185; x_wconf 90' lang='lat' dir='ltr'><strong>et</strong></span> <span class='ocrx_word' id='word_1_230' title='bbox 1575 3133 1643 3189; x_wconf 89' lang='lat' dir='ltr'><strong>ab</strong></span> <span class='ocrx_word' id='word_1_231' title='bbox 1669 3137 1924 3192; x_wconf 87' lang='lat' dir='ltr'><strong>omnibus</strong></span> <span class='ocrx_word' id='word_1_232' title='bbox 1961 3115 2056 3194; x_wconf 82' lang='lat' dir='ltr'><strong>de—</strong></span> <span class='ocrx_word' id='word_1_233' title='bbox 2087 3163 2129 3220; x_wconf 70' lang='grc' dir='ltr'><strong>ρ</strong></span> 
     </span>
    </p>
   </div>
   <div class='ocr_carea' id='block_1_35' title="bbox 470 3207 2059 3303">
    <p class='ocr_par' dir='ltr' id='par_1_35' title="bbox 470 3207 2059 3303">
     <span class='ocr_line' id='line_1_35' title="bbox 470 3207 2059 3303; baseline 0.019 -43"><span class='ocrx_word' id='word_1_234' title='bbox 470 3207 611 3265; x_wconf 88' lang='lat' dir='ltr'><strong>liciis</strong></span> <span class='ocrx_word' id='word_1_235' title='bbox 641 3215 1010 3282; x_wconf 90' lang='lat' dir='ltr'><strong>semotissimi,</strong></span> <span class='ocrx_word' id='word_1_236' title='bbox 1050 3226 1105 3272; x_wconf 86' lang='lat' dir='ltr'><strong>et</strong></span> <span class='ocrx_word' id='word_1_237' title='bbox 1161 3223 1330 3277; x_wconf 90' lang='lat' dir='ltr'><strong>veteri</strong></span> <span class='ocrx_word' id='word_1_238' title='bbox 1390 3223 1477 3278; x_wconf 91' lang='lat' dir='ltr'><strong>illa</strong></span> <span class='ocrx_word' id='word_1_239' title='bbox 1509 3224 1774 3285; x_wconf 86' lang='lat' dir='ltr'><strong>felicitate</strong></span> <span class='ocrx_word' id='word_1_240' title='bbox 1802 3231 2059 3303; x_wconf 85' lang='lat' dir='ltr'><strong>deinceps</strong></span> 
     </span>
    </p>
   </div>
   <div class='ocr_carea' id='block_1_36' title="bbox 468 3301 2056 3395">
    <p class='ocr_par' dir='ltr' id='par_1_36' title="bbox 468 3301 2056 3395">
     <span class='ocr_line' id='line_1_36' title="bbox 468 3301 2056 3395; baseline 0.018 -41"><span class='ocrx_word' id='word_1_241' title='bbox 468 3301 690 3371; x_wconf 86' lang='lat' dir='ltr'><strong>privati,</strong></span> <span class='ocrx_word' id='word_1_242' title='bbox 727 3306 1070 3365; x_wconf 89' lang='lat' dir='ltr'><strong>abducemini</strong></span> <span class='ocrx_word' id='word_1_243' title='bbox 1103 3313 1246 3369; x_wconf 91' lang='lat' dir='ltr'><strong>servi</strong></span> <span class='ocrx_word' id='word_1_244' title='bbox 1283 3324 1337 3370; x_wconf 90' lang='lat' dir='ltr'><strong>et</strong></span> <span class='ocrx_word' id='word_1_245' title='bbox 1379 3316 1602 3388; x_wconf 86' lang='lat' dir='ltr'><strong>captivi,</strong></span> <span class='ocrx_word' id='word_1_246' title='bbox 1644 3338 1664 3372; x_wconf 75' lang='grc' dir='ltr'><strong>ι</strong></span> <span class='ocrx_word' id='word_1_247' title='bbox 1704 3321 1770 3377; x_wconf 88' lang='grc' dir='ltr'>Ει</span> <span class='ocrx_word' id='word_1_248' title='bbox 1799 3301 2056 3395; x_wconf 79' lang='lat' dir='ltr'><strong>projicie-</strong></span> 
     </span>
    </p>
   </div>
   <div class='ocr_carea' id='block_1_37' title="bbox 471 3393 2055 3486">
    <p class='ocr_par' dir='ltr' id='par_1_37' title="bbox 471 3393 2055 3486">
     <span class='ocr_line' id='line_1_37' title="bbox 471 3393 2055 3486; baseline 0.017 -38"><span class='ocrx_word' id='word_1_249' title='bbox 471 3393 625 3464; x_wconf 89' lang='lat' dir='ltr'><strong>mini,</strong></span> <span class='ocrx_word' id='word_1_250' title='bbox 662 3397 855 3468; x_wconf 89' lang='lat' dir='ltr'><strong>inquit,</strong></span> <span class='ocrx_word' id='word_1_251' title='bbox 920 3403 973 3458; x_wconf 91' lang='lat' dir='ltr'><strong>in</strong></span> <span class='ocrx_word' id='word_1_252' title='bbox 1011 3414 1252 3462; x_wconf 79' lang='lat' dir='ltr'><strong>montem</strong></span> <span class='ocrx_word' id='word_1_253' title='bbox 1305 3407 1612 3477; x_wconf 83' lang='lat' dir='ltr'><strong>Rhemnan,</strong></span> <span class='ocrx_word' id='word_1_254' title='bbox 1659 3433 1679 3467; x_wconf 72' lang='grc' dir='ltr'><strong>ι</strong></span> <span class='ocrx_word' id='word_1_255' title='bbox 1718 3417 1811 3486; x_wconf 91' lang='lat' dir='ltr'><strong>qui</strong></span> <span class='ocrx_word' id='word_1_256' title='bbox 1869 3393 1955 3474; x_wconf 83' lang='lat' dir='ltr'><strong>est</strong></span> <span class='ocrx_word' id='word_1_257' title='bbox 2000 3421 2055 3475; x_wconf 86' lang='lat' dir='ltr'><strong>in</strong></span> 
     </span>
    </p>
   </div>
   <div class='ocr_carea' id='block_1_38' title="bbox 467 3483 2053 3576">
    <p class='ocr_par' dir='ltr' id='par_1_38' title="bbox 467 3483 2053 3576">
     <span class='ocr_line' id='line_1_38' title="bbox 467 3483 2053 3576; baseline 0.016 -37"><span class='ocrx_word' id='word_1_258' title='bbox 467 3483 746 3554; x_wconf 78' lang='lat' dir='ltr'><strong>Armenia,</strong></span> <span class='ocrx_word' id='word_1_259' title='bbox 776 3489 830 3544; x_wconf 93' lang='lat' dir='ltr'><strong>in</strong></span> <span class='ocrx_word' id='word_1_260' title='bbox 879 3495 1142 3550; x_wconf 76' lang='lat' dir='ltr'><strong>extremis</strong></span> <span class='ocrx_word' id='word_1_261' title='bbox 1187 3498 1498 3556; x_wconf 89' lang='lat' dir='ltr'><strong>recessibus</strong></span> <span class='ocrx_word' id='word_1_262' title='bbox 1560 3483 1849 3560; x_wconf 76' lang='lat' dir='ltr'><strong>Persarum</strong></span> <span class='ocrx_word' id='word_1_263' title='bbox 1877 3509 2053 3576; x_wconf 91' lang='lat' dir='ltr'><strong>situs;</strong></span> 
     </span>
    </p>
   </div>
   <div class='ocr_carea' id='block_1_39' title="bbox 468 3578 2058 3665">
    <p class='ocr_par' dir='ltr' id='par_1_39' title="bbox 468 3578 2058 3665">
     <span class='ocr_line' id='line_1_39' title="bbox 468 3578 2058 3665; baseline 0.018 -33"><span class='ocrx_word' id='word_1_264' title='bbox 468 3578 662 3656; x_wconf 74' lang='lat' dir='ltr'><strong>vicina:</strong></span> <span class='ocrx_word' id='word_1_265' title='bbox 693 3583 840 3639; x_wconf 85' lang='lat' dir='ltr'><strong>enim</strong></span> <span class='ocrx_word' id='word_1_266' title='bbox 876 3593 932 3640; x_wconf 90' lang='lat' dir='ltr'><strong>et</strong></span> <span class='ocrx_word' id='word_1_267' title='bbox 953 3590 1307 3647; x_wconf 66' lang='lat' dir='ltr'><strong>conterminae</strong></span> <span class='ocrx_word' id='word_1_268' title='bbox 1348 3594 1596 3665; x_wconf 80' lang='lat' dir='ltr'><strong>regiones</strong></span> <span class='ocrx_word' id='word_1_269' title='bbox 1645 3606 1794 3653; x_wconf 91' lang='lat' dir='ltr'><strong>sunt.</strong></span> <span class='ocrx_word' id='word_1_270' title='bbox 1845 3600 2058 3659; x_wconf 76' lang='lat' dir='ltr'><strong>Licebit</strong></span> 
     </span>
    </p>
   </div>
   <div class='ocr_carea' id='block_1_40' title="bbox 468 3671 2052 3765">
    <p class='ocr_par' dir='ltr' id='par_1_40' title="bbox 468 3671 2052 3765">
     <span class='ocr_line' id='line_1_40' title="bbox 468 3671 2052 3765; baseline 0.017 -39"><span class='ocrx_word' id='word_1_271' title='bbox 468 3671 638 3740; x_wconf 72' lang='lat' dir='ltr'><strong>igitur</strong></span> <span class='ocrx_word' id='word_1_272' title='bbox 686 3675 812 3732; x_wconf 81' lang='lat' dir='ltr'><strong>hinc</strong></span> <span class='ocrx_word' id='word_1_273' title='bbox 846 3682 1160 3750; x_wconf 90' lang='lat' dir='ltr'><strong>perspicere</strong></span> <span class='ocrx_word' id='word_1_274' title='bbox 1191 3683 1246 3740; x_wconf 90' lang='lat' dir='ltr'><strong>in</strong></span> <span class='ocrx_word' id='word_1_275' title='bbox 1279 3689 1537 3743; x_wconf 89' lang='lat' dir='ltr'><strong>acerbum</strong></span> <span class='ocrx_word' id='word_1_276' title='bbox 1571 3689 1732 3746; x_wconf 85' lang='lat' dir='ltr'><strong>linem</strong></span> <span class='ocrx_word' id='word_1_277' title='bbox 1765 3694 2052 3765; x_wconf 87' lang='lat' dir='ltr'><strong>voluptua-</strong></span> 
     </span>
    </p>
   </div>
   <div class='ocr_carea' id='block_1_41' title="bbox 469 3765 2050 3846">
    <p class='ocr_par' dir='ltr' id='par_1_41' title="bbox 469 3765 2050 3846">
     <span class='ocr_line' id='line_1_41' title="bbox 469 3765 2050 3846; baseline 0.016 -27"><span class='ocrx_word' id='word_1_278' title='bbox 469 3765 567 3820; x_wconf 88' lang='lat' dir='ltr'><strong>riis</strong></span> <span class='ocrx_word' id='word_1_279' title='bbox 594 3769 830 3825; x_wconf 85' lang='lat' dir='ltr'><strong>studium</strong></span> <span class='ocrx_word' id='word_1_280' title='bbox 856 3771 1098 3842; x_wconf 90' lang='lat' dir='ltr'><strong>ipsorum</strong></span> <span class='ocrx_word' id='word_1_281' title='bbox 1129 3777 1452 3836; x_wconf 89' lang='lat' dir='ltr'><strong>desiturum.</strong></span> <span class='ocrx_word' id='word_1_282' title='bbox 1476 3780 1630 3838; x_wconf 87' lang='lat' dir='ltr'><strong>Sicut</strong></span> <span class='ocrx_word' id='word_1_283' title='bbox 1652 3785 1738 3840; x_wconf 79' lang='lat' dir='ltr'><strong>ait</strong></span> <span class='ocrx_word' id='word_1_284' title='bbox 1757 3785 2050 3846; x_wconf 71' lang='lat' dir='ltr'><strong>Salvator:</strong></span> 
     </span>
    </p>
   </div>
   <div class='ocr_carea' id='block_1_42' title="bbox 471 3856 2054 3954">
    <p class='ocr_par' dir='ltr' id='par_1_42' title="bbox 471 3856 2054 3954">
     <span class='ocr_line' id='line_1_42' title="bbox 471 3856 2054 3954; baseline 0.018 -44"><span class='ocrx_word' id='word_1_285' title='bbox 471 3876 492 3910; x_wconf 77' lang='grc' dir='ltr'><strong>ι</strong></span> <span class='ocrx_word' id='word_1_286' title='bbox 529 3856 681 3915; x_wconf 86' lang='lat' dir='ltr'><strong>Beati</strong></span> <span class='ocrx_word' id='word_1_287' title='bbox 710 3863 802 3932; x_wconf 85' lang='lat' dir='ltr'><strong>qui</strong></span> <span class='ocrx_word' id='word_1_288' title='bbox 839 3863 1024 3937; x_wconf 81' lang='lat' dir='ltr'><strong>lugent</strong></span> <span class='ocrx_word' id='word_1_289' title='bbox 1051 3868 1094 3924; x_wconf 81' lang='grc'><strong>⁸.</strong></span> <span class='ocrx_word' id='word_1_290' title='bbox 1147 3888 1167 3921; x_wconf 74' lang='grc' dir='ltr'><strong>ι</strong></span> <span class='ocrx_word' id='word_1_291' title='bbox 1213 3871 1475 3930; x_wconf 90' lang='lat' dir='ltr'><strong>Desinunt</strong></span> <span class='ocrx_word' id='word_1_292' title='bbox 1507 3877 1650 3931; x_wconf 86' lang='lat' dir='ltr'><strong>enim</strong></span> <span class='ocrx_word' id='word_1_293' title='bbox 1689 3879 1742 3933; x_wconf 92' lang='lat' dir='ltr'><strong>in</strong></span> <span class='ocrx_word' id='word_1_294' title='bbox 1787 3879 2054 3954; x_wconf 80' lang='lat' dir='ltr'><strong>lacrymas</strong></span> 
     </span>
    </p>
   </div>
   <div class='ocr_carea' id='block_1_43' title="bbox 465 3949 2052 4030">
    <p class='ocr_par' dir='ltr' id='par_1_43' title="bbox 465 3949 2052 4030">
     <span class='ocr_line' id='line_1_43' title="bbox 465 3949 2052 4030; baseline 0.017 -26"><span class='ocrx_word' id='word_1_295' title='bbox 465 3949 705 4021; x_wconf 77' lang='lat' dir='ltr'><strong>deliciae;</strong></span> <span class='ocrx_word' id='word_1_296' title='bbox 743 3956 868 4013; x_wconf 81' lang='lat' dir='ltr'><strong>linis</strong></span> <span class='ocrx_word' id='word_1_297' title='bbox 896 3967 1078 4016; x_wconf 87' lang='lat' dir='ltr'><strong>autem</strong></span> <span class='ocrx_word' id='word_1_298' title='bbox 1138 3961 1398 4020; x_wconf 85' lang='lat' dir='ltr'><strong>laborum</strong></span> <span class='ocrx_word' id='word_1_299' title='bbox 1447 3982 1512 4023; x_wconf 92' lang='lat' dir='ltr'><strong>ac</strong></span> <span class='ocrx_word' id='word_1_300' title='bbox 1571 3970 1819 4026; x_wconf 90' lang='lat' dir='ltr'><strong>dolorum</strong></span> <span class='ocrx_word' id='word_1_301' title='bbox 1853 3985 1937 4029; x_wconf 90' lang='lat' dir='ltr'><strong>est</strong></span> <span class='ocrx_word' id='word_1_302' title='bbox 1965 3992 2052 4030; x_wconf 79' lang='lat' dir='ltr'><strong>re.-</strong></span> 
     </span>
    </p>
   </div>
   <div class='ocr_carea' id='block_1_44' title="bbox 465 4042 2051 4126">
    <p class='ocr_par' dir='ltr' id='par_1_44' title="bbox 465 4042 2051 4126">
     <span class='ocr_line' id='line_1_44' title="bbox 465 4042 2051 4126; baseline 0.017 -30"><span class='ocrx_word' id='word_1_303' title='bbox 465 4042 639 4112; x_wconf 87' lang='lat' dir='ltr'><strong>quies.</strong></span> <span class='ocrx_word' id='word_1_304' title='bbox 669 4044 904 4115; x_wconf 79' lang='lat' dir='ltr'><strong>ldipsum</strong></span> <span class='ocrx_word' id='word_1_305' title='bbox 965 4061 1194 4108; x_wconf 89' lang='lat' dir='ltr'><strong>testatur</strong></span> <span class='ocrx_word' id='word_1_306' title='bbox 1227 4057 1445 4126; x_wconf 85' lang='lat' dir='ltr'><strong>quidam</strong></span> <span class='ocrx_word' id='word_1_307' title='bbox 1473 4059 1558 4115; x_wconf 90' lang='lat' dir='ltr'><strong>bis</strong></span> <span class='ocrx_word' id='word_1_308' title='bbox 1586 4063 1802 4119; x_wconf 86' lang='lat' dir='ltr'><strong>verbis:</strong></span> <span class='ocrx_word' id='word_1_309' title='bbox 1833 4064 2051 4122; x_wconf 66' lang='lat' dir='ltr'><strong>«Bono-</strong></span> 
     </span>
    </p>
   </div>
   <div class='ocr_carea' id='block_1_45' title="bbox 465 4137 2054 4216">
    <p class='ocr_par' dir='ltr' id='par_1_45' title="bbox 465 4137 2054 4216">
     <span class='ocr_line' id='line_1_45' title="bbox 465 4137 2054 4216; baseline 0.016 -27"><span class='ocrx_word' id='word_1_310' title='bbox 465 4149 587 4190; x_wconf 88' lang='lat' dir='ltr'><strong>rum</strong></span> <span class='ocrx_word' id='word_1_311' title='bbox 619 4137 1089 4200; x_wconf 82' lang='lat' dir='ltr'><strong>laboruml‘ructus</strong></span> <span class='ocrx_word' id='word_1_312' title='bbox 1107 4145 1595 4214; x_wconf 73' lang='lat' dir='ltr'><strong>gloriosus°.iNec</strong></span> <span class='ocrx_word' id='word_1_313' title='bbox 1629 4153 1924 4212; x_wconf 79' lang='lat' dir='ltr'><strong>absurdum</strong></span> <span class='ocrx_word' id='word_1_314' title='bbox 1981 4163 2054 4216; x_wconf 89' lang='lat' dir='ltr'><strong>sit</strong></span> 
     </span>
    </p>
   </div>
   <div class='ocr_carea' id='block_1_46' title="bbox 465 4228 2049 4309">
    <p class='ocr_par' dir='ltr' id='par_1_46' title="bbox 465 4228 2049 4309">
     <span class='ocr_line' id='line_1_46' title="bbox 465 4228 2049 4309; baseline 0.018 -29"><span class='ocrx_word' id='word_1_315' title='bbox 465 4228 740 4299; x_wconf 88' lang='lat' dir='ltr'><strong>conjicere</strong></span> <span class='ocrx_word' id='word_1_316' title='bbox 767 4247 866 4302; x_wconf 91' lang='lat' dir='ltr'><strong>per</strong></span> <span class='ocrx_word' id='word_1_317' title='bbox 891 4250 1091 4292; x_wconf 88' lang='lat' dir='ltr'><strong>vaccas</strong></span> <span class='ocrx_word' id='word_1_318' title='bbox 1130 4239 1460 4298; x_wconf 89' lang='lat' dir='ltr'><strong>Basanitidis</strong></span> <span class='ocrx_word' id='word_1_319' title='bbox 1503 4247 1756 4304; x_wconf 82' lang='lat' dir='ltr'><strong>mulieres</strong></span> <span class='ocrx_word' id='word_1_320' title='bbox 1787 4249 2049 4309; x_wconf 76' lang='lat' dir='ltr'><strong>Samarize</strong></span> 
     </span>
    </p>
   </div>
   <div class='ocr_carea' id='block_1_47' title="bbox 465 4317 2050 4406">
    <p class='ocr_par' dir='ltr' id='par_1_47' title="bbox 465 4317 2050 4406">
     <span class='ocr_line' id='line_1_47' title="bbox 465 4317 2050 4406; baseline 0.017 -34"><span class='ocrx_word' id='word_1_321' title='bbox 465 4317 862 4392; x_wconf 83' lang='lat' dir='ltr'><strong>intelligendas,</strong></span> <span class='ocrx_word' id='word_1_322' title='bbox 886 4342 1008 4396; x_wconf 61' lang='lat' dir='ltr'><strong>qua</strong></span> <span class='ocrx_word' id='word_1_323' title='bbox 1044 4330 1292 4396; x_wconf 88' lang='lat' dir='ltr'><strong>mollitie,</strong></span> <span class='ocrx_word' id='word_1_324' title='bbox 1315 4343 1369 4387; x_wconf 90' lang='lat' dir='ltr'><strong>et</strong></span> <span class='ocrx_word' id='word_1_325' title='bbox 1396 4335 1621 4390; x_wconf 86' lang='lat' dir='ltr'><strong>vestium</strong></span> <span class='ocrx_word' id='word_1_326' title='bbox 1654 4338 1806 4406; x_wconf 81' lang='lat' dir='ltr'><strong>luxu,</strong></span> <span class='ocrx_word' id='word_1_327' title='bbox 1835 4349 1889 4396; x_wconf 87' lang='lat' dir='ltr'><strong>et</strong></span> <span class='ocrx_word' id='word_1_328' title='bbox 1923 4343 2050 4399; x_wconf 79' lang='lat' dir='ltr'><strong>fuco</strong></span> 
     </span>
    </p>
   </div>
   <div class='ocr_carea' id='block_1_48' title="bbox 466 4410 2046 4504">
    <p class='ocr_par' dir='ltr' id='par_1_48' title="bbox 466 4410 2046 4504">
     <span class='ocr_line' id='line_1_48' title="bbox 466 4410 2046 4504; baseline 0.016 -40"><span class='ocrx_word' id='word_1_329' title='bbox 466 4410 616 4467; x_wconf 87' lang='lat' dir='ltr'><strong>illitis</strong></span> <span class='ocrx_word' id='word_1_330' title='bbox 646 4415 914 4473; x_wconf 86' lang='lat' dir='ltr'><strong>nitoribus</strong></span> <span class='ocrx_word' id='word_1_331' title='bbox 951 4419 1173 4476; x_wconf 81' lang='lat' dir='ltr'><strong>delicias</strong></span> <span class='ocrx_word' id='word_1_332' title='bbox 1205 4424 1486 4491; x_wconf 83' lang='lat' dir='ltr'><strong>facientes,</strong></span> <span class='ocrx_word' id='word_1_333' title='bbox 1523 4437 1578 4483; x_wconf 89' lang='lat' dir='ltr'><strong>et</strong></span> <span class='ocrx_word' id='word_1_334' title='bbox 1607 4431 1800 4486; x_wconf 91' lang='lat' dir='ltr'><strong>decore</strong></span> <span class='ocrx_word' id='word_1_335' title='bbox 1833 4439 2046 4504; x_wconf 90' lang='lat' dir='ltr'><strong>corpori</strong></span> 
     </span>
    </p>
   </div>
   <div class='ocr_carea' id='block_1_49' title="bbox 2180 554 3773 630">
    <p class='ocr_par' dir='ltr' id='par_1_49' title="bbox 2180 554 3773 630">
     <span class='ocr_line' id='line_1_49' title="bbox 2180 554 3773 630; baseline 0.003 -21"><span class='ocrx_word' id='word_1_336' title='bbox 2180 554 2405 628; x_wconf 61' lang='grc' dir='ltr'>ἔχοντας</span> <span class='ocrx_word' id='word_1_337' title='bbox 2432 557 2532 628; x_wconf 82' lang='grc' dir='ltr'><strong>τὴν</strong></span> <span class='ocrx_word' id='word_1_338' title='bbox 2556 559 2789 630; x_wconf 80' lang='grc' dir='ltr'>τρυφὴν,</span> <span class='ocrx_word' id='word_1_339' title='bbox 2811 557 3078 627; x_wconf 83' lang='grc' dir='ltr'><strong>δαμάλεσι</strong></span> <span class='ocrx_word' id='word_1_340' title='bbox 3117 562 3239 623; x_wconf 88' lang='grc' dir='ltr'>ταῖς</span> <span class='ocrx_word' id='word_1_341' title='bbox 3270 560 3335 613; x_wconf 83' lang='grc' dir='ltr'>ὲκ</span> <span class='ocrx_word' id='word_1_342' title='bbox 3365 559 3546 613; x_wconf 82' lang='grc' dir='ltr'>Βασάν</span> <span class='ocrx_word' id='word_1_343' title='bbox 3582 577 3773 630; x_wconf 84' lang='grc' dir='ltr'>παρει-</span> 
     </span>
    </p>
   </div>
   <div class='ocr_carea' id='block_1_50' title="bbox 2179 646 3767 724">
    <p class='ocr_par' dir='ltr' id='par_1_50' title="bbox 2179 646 3767 724">
     <span class='ocr_line' id='line_1_50' title="bbox 2179 646 3767 724; baseline 0.003 -23"><span class='ocrx_word' id='word_1_344' title='bbox 2179 646 2336 713; x_wconf 78' lang='grc' dir='ltr'>κάζει</span> <span class='ocrx_word' id='word_1_345' title='bbox 2367 649 2518 713; x_wconf 90' lang='grc' dir='ltr'>Θεός.</span> <span class='ocrx_word' id='word_1_346' title='bbox 2544 651 2793 704; x_wconf 78' lang='grc' dir='ltr'>Αίτιᾶται</span> <span class='ocrx_word' id='word_1_347' title='bbox 2819 651 2894 714; x_wconf 81' lang='grc' dir='ltr'><strong>δὲ,</strong></span> <span class='ocrx_word' id='word_1_348' title='bbox 2914 653 2996 706; x_wconf 82' lang='grc' dir='ltr'>ὅτι</span> <span class='ocrx_word' id='word_1_349' title='bbox 3012 651 3488 706; x_wconf 86' lang='grc' dir='ltr'>-κατεδυνάστευον</span> <span class='ocrx_word' id='word_1_350' title='bbox 3510 651 3767 724; x_wconf 80' lang='grc' dir='ltr'><strong>πένητας,</strong></span> 
     </span>
    </p>
   </div>
   <div class='ocr_carea' id='block_1_51' title="bbox 2179 741 3765 814">
    <p class='ocr_par' dir='ltr' id='par_1_51' title="bbox 2179 741 3765 814">
     <span class='ocr_line' id='line_1_51' title="bbox 2179 741 3765 814; baseline 0.002 -20"><span class='ocrx_word' id='word_1_351' title='bbox 2179 741 2594 811; x_wconf 71' lang='grc' dir='ltr'>καὶιμονονουχὶ</span> <span class='ocrx_word' id='word_1_352' title='bbox 2636 743 2750 804; x_wconf 86' lang='grc' dir='ltr'>τοῖς</span> <span class='ocrx_word' id='word_1_353' title='bbox 2801 741 2954 803; x_wconf 81' lang='grc' dir='ltr'>ἰδίοις</span> <span class='ocrx_word' id='word_1_354' title='bbox 3006 741 3276 795; x_wconf 87' lang='grc' dir='ltr'>συνέθλων</span> <span class='ocrx_word' id='word_1_355' title='bbox 3331 742 3460 795; x_wconf 76' lang='grc' dir='ltr'>ποσὶ</span> <span class='ocrx_word' id='word_1_356' title='bbox 3497 743 3765 814; x_wconf 87' lang='grc' dir='ltr'>πτωχούς.</span> 
     </span>
    </p>
   </div>
   <div class='ocr_carea' id='block_1_52' title="bbox 2183 832 3766 905">
    <p class='ocr_par' dir='ltr' id='par_1_52' title="bbox 2183 832 3766 905">
     <span class='ocr_line' id='line_1_52' title="bbox 2183 832 3766 905; baseline 0.002 -21"><span class='ocrx_word' id='word_1_357' title='bbox 2183 851 2202 884; x_wconf 76' lang='grc' dir='ltr'><strong>ι</strong></span> <span class='ocrx_word' id='word_1_358' title='bbox 2239 833 2422 903; x_wconf 67' lang='lat' dir='ltr'><strong>Nepai</strong></span> <span class='ocrx_word' id='word_1_359' title='bbox 2462 833 2574 903; x_wconf 78' lang='grc' dir='ltr'><strong>γὰρ</strong></span> <span class='ocrx_word' id='word_1_360' title='bbox 2613 832 2888 885; x_wconf 82' lang='grc' dir='ltr'>πλουσίων</span> <span class='ocrx_word' id='word_1_361' title='bbox 2920 835 3145 904; x_wconf 73' lang='grc' dir='ltr'>πτωχοὶ,</span> <span class='ocrx_word' id='word_1_362' title='bbox 3188 852 3207 885; x_wconf 71' lang='grc' dir='ltr'><strong>ι</strong></span> <span class='ocrx_word' id='word_1_363' title='bbox 3251 834 3392 887; x_wconf 79' lang='grc' dir='ltr'>κατὰ</span> <span class='ocrx_word' id='word_1_364' title='bbox 3419 834 3481 887; x_wconf 83' lang='grc' dir='ltr'><strong>τὸ</strong></span> <span class='ocrx_word' id='word_1_365' title='bbox 3515 851 3766 905; x_wconf 82' lang='grc' dir='ltr'>γεγραμ-</span> 
     </span>
    </p>
   </div>
   <div class='ocr_carea' id='block_1_53' title="bbox 2179 923 3767 995">
    <p class='ocr_par' dir='ltr' id='par_1_53' title="bbox 2179 923 3767 995">
     <span class='ocr_line' id='line_1_53' title="bbox 2179 923 3767 995; baseline 0.003 -20"><span class='ocrx_word' id='word_1_366' title='bbox 2179 923 2360 994; x_wconf 82' lang='grc' dir='ltr'>μένον.</span> <span class='ocrx_word' id='word_1_367' title='bbox 2407 925 2782 995; x_wconf 86' lang='grc' dir='ltr'>Προσεπάγων</span> <span class='ocrx_word' id='word_1_368' title='bbox 2820 925 2897 990; x_wconf 85' lang='grc' dir='ltr'><strong>δὲ,</strong></span> <span class='ocrx_word' id='word_1_369' title='bbox 2939 926 3021 978; x_wconf 84' lang='grc' dir='ltr'>ὅτι</span> <span class='ocrx_word' id='word_1_370' title='bbox 3075 947 3094 976; x_wconf 74' lang='grc' dir='ltr'><strong>ι</strong></span> <span class='ocrx_word' id='word_1_371' title='bbox 3127 926 3194 978; x_wconf 83' lang='lat' dir='ltr'><strong>Ai</strong></span> <span class='ocrx_word' id='word_1_372' title='bbox 3223 924 3500 994; x_wconf 73' lang='grc' dir='ltr'><strong>λέγουσαι.</strong></span> <span class='ocrx_word' id='word_1_373' title='bbox 3530 927 3642 988; x_wconf 84' lang='grc' dir='ltr'>τοῖς</span> <span class='ocrx_word' id='word_1_374' title='bbox 3672 943 3767 980; x_wconf 75' lang='lat' dir='ltr'><strong>xu.-</strong></span> 
     </span>
    </p>
   </div>
   <div class='ocr_carea' id='block_1_54' title="bbox 2177 1016 3766 1088">
    <p class='ocr_par' dir='ltr' id='par_1_54' title="bbox 2177 1016 3766 1088">
     <span class='ocr_line' id='line_1_54' title="bbox 2177 1016 3766 1088; baseline 0.002 -20"><span class='ocrx_word' id='word_1_375' title='bbox 2177 1016 2314 1086; x_wconf 85' lang='grc' dir='ltr'>ρίοις</span> <span class='ocrx_word' id='word_1_376' title='bbox 2345 1016 2526 1069; x_wconf 79' lang='grc' dir='ltr'>αὐτῶν</span> <span class='ocrx_word' id='word_1_377' title='bbox 2549 1032 2562 1046; x_wconf 90' lang='grc'><strong>·</strong></span> <span class='ocrx_word' id='word_1_378' title='bbox 2595 1016 2841 1070; x_wconf 88' lang='grc' dir='ltr'>Ἐπίδοτε</span> <span class='ocrx_word' id='word_1_379' title='bbox 2891 1018 3025 1087; x_wconf 83' lang='grc' dir='ltr'>ἡμῖν</span> <span class='ocrx_word' id='word_1_380' title='bbox 3053 1017 3200 1080; x_wconf 84' lang='grc' dir='ltr'>ὅπως</span> <span class='ocrx_word' id='word_1_381' title='bbox 3235 1017 3471 1088; x_wconf 86' lang='grc' dir='ltr'>πίωμεν,</span> <span class='ocrx_word' id='word_1_382' title='bbox 3507 1036 3526 1068; x_wconf 79' lang='grc' dir='ltr'><strong>ι</strong></span> <span class='ocrx_word' id='word_1_383' title='bbox 3546 1018 3766 1071; x_wconf 76' lang='grc' dir='ltr'>ἀνυπο-</span> 
     </span>
    </p>
   </div>
   <div class='ocr_carea' id='block_1_55' title="bbox 2173 1105 3768 1181">
    <p class='ocr_par' dir='ltr' id='par_1_55' title="bbox 2173 1105 3768 1181">
     <span class='ocr_line' id='line_1_55' title="bbox 2173 1105 3768 1181; baseline 0.001 -21"><span class='ocrx_word' id='word_1_384' title='bbox 2173 1107 2410 1171; x_wconf 88' lang='grc' dir='ltr'>τάκτους</span> <span class='ocrx_word' id='word_1_385' title='bbox 2430 1107 2587 1172; x_wconf 79' lang='grc' dir='ltr'>ὄντας</span> <span class='ocrx_word' id='word_1_386' title='bbox 2617 1105 2839 1174; x_wconf 77' lang='grc' dir='ltr'>ἔδειξεν,</span> <span class='ocrx_word' id='word_1_387' title='bbox 2863 1107 2983 1161; x_wconf 83' lang='grc' dir='ltr'>οὐδὲ</span> <span class='ocrx_word' id='word_1_388' title='bbox 3003 1110 3187 1172; x_wconf 82' lang='grc' dir='ltr'>αὐτοῖς</span> <span class='ocrx_word' id='word_1_389' title='bbox 3209 1109 3377 1163; x_wconf 78' lang='grc' dir='ltr'>εἴκειν</span> <span class='ocrx_word' id='word_1_390' title='bbox 3407 1109 3768 1181; x_wconf 80' lang='grc' dir='ltr'><strong>ἀνεχομένους</strong></span> 
     </span>
    </p>
   </div>
   <div class='ocr_carea' id='block_1_56' title="bbox 2171 1198 3765 1273">
    <p class='ocr_par' dir='ltr' id='par_1_56' title="bbox 2171 1198 3765 1273">
     <span class='ocr_line' id='line_1_56' title="bbox 2171 1198 3765 1273; baseline 0.002 -23"><span class='ocrx_word' id='word_1_391' title='bbox 2171 1200 2286 1262; x_wconf 88' lang='grc' dir='ltr'>τοῖς</span> <span class='ocrx_word' id='word_1_392' title='bbox 2309 1198 2602 1269; x_wconf 80' lang='grc' dir='ltr'>κρατοῦσιν</span> <span class='ocrx_word' id='word_1_393' title='bbox 2627 1199 2828 1263; x_wconf 76' lang='grc' dir='ltr'>αὐτῶν,</span> <span class='ocrx_word' id='word_1_394' title='bbox 2859 1200 2984 1252; x_wconf 86' lang='grc' dir='ltr'>ὅσον</span> <span class='ocrx_word' id='word_1_395' title='bbox 3009 1201 3090 1261; x_wconf 83' lang='grc' dir='ltr'>εἰς</span> <span class='ocrx_word' id='word_1_396' title='bbox 3129 1200 3379 1271; x_wconf 82' lang='grc' dir='ltr'>βασιλίδα</span> <span class='ocrx_word' id='word_1_397' title='bbox 3419 1202 3608 1273; x_wconf 83' lang='grc' dir='ltr'>τιμὴν,</span> <span class='ocrx_word' id='word_1_398' title='bbox 3649 1198 3765 1255; x_wconf 85' lang='grc' dir='ltr'>ἀλλ’</span> 
     </span>
    </p>
   </div>
   <div class='ocr_carea' id='block_1_57' title="bbox 2172 1290 3768 1362">
    <p class='ocr_par' dir='ltr' id='par_1_57' title="bbox 2172 1290 3768 1362">
     <span class='ocr_line' id='line_1_57' title="bbox 2172 1290 3768 1362; baseline 0.002 -19"><span class='ocrx_word' id='word_1_399' title='bbox 2172 1291 2337 1344; x_wconf 79' lang='grc' dir='ltr'>οἱονεί</span> <span class='ocrx_word' id='word_1_400' title='bbox 2363 1309 2479 1354; x_wconf 78' lang='grc' dir='ltr'><strong>πως</strong></span> <span class='ocrx_word' id='word_1_401' title='bbox 2498 1290 2558 1355; x_wconf 78' lang='grc' dir='ltr'>ἐξ</span> <span class='ocrx_word' id='word_1_402' title='bbox 2588 1292 2900 1362; x_wconf 80' lang='grc' dir='ltr'>ἀμετρήτου</span> <span class='ocrx_word' id='word_1_403' title='bbox 2933 1291 3120 1345; x_wconf 88' lang='grc' dir='ltr'>λοιπὸν</span> <span class='ocrx_word' id='word_1_404' title='bbox 3156 1291 3476 1357; x_wconf 83' lang='grc' dir='ltr'>ἀλαζονείας</span> <span class='ocrx_word' id='word_1_405' title='bbox 3497 1294 3556 1347; x_wconf 82' lang='grc' dir='ltr'><strong>τὸ</strong></span> <span class='ocrx_word' id='word_1_406' title='bbox 3576 1295 3768 1347; x_wconf 81' lang='grc' dir='ltr'>οἰκετι-</span> 
     </span>
    </p>
   </div>
   <div class='ocr_carea' id='block_1_58' title="bbox 2172 1384 3764 1457">
    <p class='ocr_par' dir='ltr' id='par_1_58' title="bbox 2172 1384 3764 1457">
     <span class='ocr_line' id='line_1_58' title="bbox 2172 1384 3764 1457; baseline 0.002 -21"><span class='ocrx_word' id='word_1_407' title='bbox 2172 1384 2267 1436; x_wconf 84' lang='grc' dir='ltr'><strong>κὸν</strong></span> <span class='ocrx_word' id='word_1_408' title='bbox 2290 1384 2385 1436; x_wconf 73' lang='grc' dir='ltr'>καὶ</span> <span class='ocrx_word' id='word_1_409' title='bbox 2416 1385 2602 1447; x_wconf 83' lang='grc' dir='ltr'>αὐτοῖς</span> <span class='ocrx_word' id='word_1_410' title='bbox 2626 1385 2741 1448; x_wconf 88' lang='grc' dir='ltr'>τοῖς</span> <span class='ocrx_word' id='word_1_411' title='bbox 2787 1385 3003 1457; x_wconf 86' lang='grc' dir='ltr'>κυρίοις</span> <span class='ocrx_word' id='word_1_412' title='bbox 3045 1384 3226 1439; x_wconf 82' lang='grc' dir='ltr'>αὐτῶν</span> <span class='ocrx_word' id='word_1_413' title='bbox 3256 1386 3630 1456; x_wconf 83' lang='grc' dir='ltr'>ἀπονέμοντας</span> <span class='ocrx_word' id='word_1_414' title='bbox 3666 1387 3764 1456; x_wconf 81' lang='grc' dir='ltr'>μέ-</span> 
     </span>
    </p>
   </div>
   <div class='ocr_carea' id='block_1_59' title="bbox 2169 1483 3765 1558">
    <p class='ocr_par' dir='ltr' id='par_1_59' title="bbox 2169 1483 3765 1558">
     <span class='ocr_line' id='line_1_59' title="bbox 2169 1483 3765 1558; baseline 0.004 -23"><span class='ocrx_word' id='word_1_415' title='bbox 2169 1499 2318 1553; x_wconf 89' lang='grc' dir='ltr'>τρον.</span> <span class='ocrx_word' id='word_1_416' title='bbox 2353 1483 2432 1536; x_wconf 80' lang='grc' dir='ltr'>Τὸ</span> <span class='ocrx_word' id='word_1_417' title='bbox 2469 1483 2576 1556; x_wconf 83' lang='grc' dir='ltr'><strong>γὰρ</strong></span> <span class='ocrx_word' id='word_1_418' title='bbox 2616 1484 2679 1554; x_wconf 87' lang='grc' dir='ltr'>δὴ</span> <span class='ocrx_word' id='word_1_419' title='bbox 2712 1485 2878 1554; x_wconf 80' lang='grc' dir='ltr'>φάναι</span> <span class='ocrx_word' id='word_1_420' title='bbox 2922 1486 3128 1557; x_wconf 83' lang='grc' dir='ltr'>τολμᾷν</span> <span class='ocrx_word' id='word_1_421' title='bbox 3166 1488 3280 1550; x_wconf 82' lang='grc' dir='ltr'>τοῖς</span> <span class='ocrx_word' id='word_1_422' title='bbox 3312 1485 3628 1558; x_wconf 75' lang='grc' dir='ltr'>προῦχουσι,</span> <span class='ocrx_word' id='word_1_423' title='bbox 3669 1489 3765 1541; x_wconf 74' lang='grc' dir='ltr'>καὶ</span> 
     </span>
    </p>
   </div>
   <div class='ocr_carea' id='block_1_60' title="bbox 2171 1574 3762 1649">
    <p class='ocr_par' dir='ltr' id='par_1_60' title="bbox 2171 1574 3762 1649">
     <span class='ocr_line' id='line_1_60' title="bbox 2171 1574 3762 1649; baseline 0.006 -24"><span class='ocrx_word' id='word_1_424' title='bbox 2171 1574 2609 1645; x_wconf 70' lang='grc' dir='ltr'>ὑπερκειμένας,</span> <span class='ocrx_word' id='word_1_425' title='bbox 2651 1576 2898 1630; x_wconf 84' lang='grc' dir='ltr'>Ἐπίδοτε</span> <span class='ocrx_word' id='word_1_426' title='bbox 2952 1579 3084 1649; x_wconf 78' lang='grc' dir='ltr'>ἡμῖν</span> <span class='ocrx_word' id='word_1_427' title='bbox 3143 1580 3295 1638; x_wconf 86' lang='grc' dir='ltr'>ὅπως</span> <span class='ocrx_word' id='word_1_428' title='bbox 3351 1580 3586 1649; x_wconf 85' lang='grc' dir='ltr'>πίωμεν,</span> <span class='ocrx_word' id='word_1_429' title='bbox 3639 1582 3762 1634; x_wconf 78' lang='grc' dir='ltr'>ἑπι-</span> 
     </span>
    </p>
   </div>
   <div class='ocr_carea' id='block_1_61' title="bbox 2171 1662 3760 1740">
    <p class='ocr_par' dir='ltr' id='par_1_61' title="bbox 2171 1662 3760 1740">
     <span class='ocr_line' id='line_1_61' title="bbox 2171 1662 3760 1740; baseline 0.005 -25"><span class='ocrx_word' id='word_1_430' title='bbox 2171 1662 2490 1734; x_wconf 82' lang='grc' dir='ltr'>θυμούντων</span> <span class='ocrx_word' id='word_1_431' title='bbox 2530 1665 2648 1718; x_wconf 78' lang='grc' dir='ltr'>ἐστὶ</span> <span class='ocrx_word' id='word_1_432' title='bbox 2711 1665 2914 1736; x_wconf 79' lang='grc' dir='ltr'>μᾶλλον</span> <span class='ocrx_word' id='word_1_433' title='bbox 2961 1667 3415 1739; x_wconf 85' lang='grc' dir='ltr'>ὑπηρετεῖσθαιῆ</span> <span class='ocrx_word' id='word_1_434' title='bbox 3448 1669 3760 1740; x_wconf 76' lang='grc' dir='ltr'>ὑπηρετεῖν.</span> 
     </span>
    </p>
   </div>
   <div class='ocr_carea' id='block_1_62' title="bbox 2171 1751 3761 1828">
    <p class='ocr_par' dir='ltr' id='par_1_62' title="bbox 2171 1751 3761 1828">
     <span class='ocr_line' id='line_1_62' title="bbox 2171 1751 3761 1828; baseline 0.004 -20"><span class='ocrx_word' id='word_1_435' title='bbox 2171 1756 2237 1808; x_wconf 93' lang='grc' dir='ltr'>Τί</span> <span class='ocrx_word' id='word_1_436' title='bbox 2267 1751 2361 1811; x_wconf 75' lang='grc' dir='ltr'><strong>οὖν</strong></span> <span class='ocrx_word' id='word_1_437' title='bbox 2391 1757 2497 1828; x_wconf 85' lang='grc' dir='ltr'>ἄρα</span> <span class='ocrx_word' id='word_1_438' title='bbox 2525 1758 2868 1828; x_wconf 76' lang='grc' dir='ltr'>συμϐήσεται</span> <span class='ocrx_word' id='word_1_439' title='bbox 2907 1761 3140 1823; x_wconf 62' lang='grc' dir='ltr'>τοῖςηείς</span> <span class='ocrx_word' id='word_1_440' title='bbox 3182 1760 3340 1814; x_wconf 88' lang='grc' dir='ltr'>τοῦτο</span> <span class='ocrx_word' id='word_1_441' title='bbox 3389 1760 3576 1814; x_wconf 84' lang='grc' dir='ltr'>λοιπὸν</span> <span class='ocrx_word' id='word_1_442' title='bbox 3624 1762 3761 1815; x_wconf 80' lang='grc' dir='ltr'>ἀπο-</span> 
     </span>
    </p>
   </div>
   <div class='ocr_carea' id='block_1_63' title="bbox 2168 1847 3761 1924">
    <p class='ocr_par' dir='ltr' id='par_1_63' title="bbox 2168 1847 3761 1924">
     <span class='ocr_line' id='line_1_63' title="bbox 2168 1847 3761 1924; baseline 0.005 -24"><span class='ocrx_word' id='word_1_443' title='bbox 2168 1847 2318 1910; x_wconf 87' lang='grc' dir='ltr'>νοίας</span> <span class='ocrx_word' id='word_1_444' title='bbox 2372 1847 2768 1918; x_wconf 76' lang='grc' dir='ltr'>ὲκϐεὸηκόσιν;</span> <span class='ocrx_word' id='word_1_445' title='bbox 2827 1868 2846 1900; x_wconf 76' lang='lat' dir='ltr'><strong>r</strong></span> <span class='ocrx_word' id='word_1_446' title='bbox 2887 1849 3130 1919; x_wconf 84' lang='grc' dir='ltr'>Ὀμνύει,</span> <span class='ocrx_word' id='word_1_447' title='bbox 3181 1852 3338 1921; x_wconf 69' lang='grc' dir='ltr'>φησὶ,</span> <span class='ocrx_word' id='word_1_448' title='bbox 3387 1852 3593 1924; x_wconf 79' lang='grc' dir='ltr'>Κύριος</span> <span class='ocrx_word' id='word_1_449' title='bbox 3622 1854 3761 1910; x_wconf 82' lang='grc' dir='ltr'><strong>κατά</strong></span> 
     </span>
    </p>
   </div>
   <div class='ocr_carea' id='block_1_64' title="bbox 2167 1938 3758 2016">
    <p class='ocr_par' dir='ltr' id='par_1_64' title="bbox 2167 1938 3758 2016">
     <span class='ocr_line' id='line_1_64' title="bbox 2167 1938 3758 2016; baseline 0.003 -23"><span class='ocrx_word' id='word_1_450' title='bbox 2167 1938 2276 1993; x_wconf 88' lang='grc' dir='ltr'><strong>τῶν</strong></span> <span class='ocrx_word' id='word_1_451' title='bbox 2323 1939 2495 2008; x_wconf 82' lang='grc' dir='ltr'>ἁγίων</span> <span class='ocrx_word' id='word_1_452' title='bbox 2526 1939 2714 2007; x_wconf 76' lang='grc' dir='ltr'>αὑτοῦ,</span> <span class='ocrx_word' id='word_1_453' title='bbox 2753 1959 2787 1995; x_wconf 37' lang='grc' dir='ltr'><strong>»η</strong></span> <span class='ocrx_word' id='word_1_454' title='bbox 2821 1941 3010 2011; x_wconf 76' lang='grc' dir='ltr'>ἤγουν.</span> <span class='ocrx_word' id='word_1_455' title='bbox 3046 1941 3189 1996; x_wconf 88' lang='grc' dir='ltr'><strong>κατά</strong></span> <span class='ocrx_word' id='word_1_456' title='bbox 3235 1942 3347 1997; x_wconf 89' lang='grc' dir='ltr'><strong>τῶν</strong></span> <span class='ocrx_word' id='word_1_457' title='bbox 3402 1944 3758 2016; x_wconf 84' lang='grc' dir='ltr'>ἁγιασμάτων</span> 
     </span>
    </p>
   </div>
   <div class='ocr_carea' id='block_1_65' title="bbox 2166 2030 3760 2103">
    <p class='ocr_par' dir='ltr' id='par_1_65' title="bbox 2166 2030 3760 2103">
     <span class='ocr_line' id='line_1_65' title="bbox 2166 2030 3760 2103; baseline 0.006 -21"><span class='ocrx_word' id='word_1_458' title='bbox 2166 2030 2284 2100; x_wconf 73' lang='grc' dir='ltr'>ἦτοι</span> <span class='ocrx_word' id='word_1_459' title='bbox 2316 2031 2632 2103; x_wconf 82' lang='grc' dir='ltr'>μυστηρίων</span> <span class='ocrx_word' id='word_1_460' title='bbox 2660 2031 2679 2102; x_wconf 84' lang='lat'>(</span> <span class='ocrx_word' id='word_1_461' title='bbox 2695 2032 2883 2091; x_wconf 74' lang='grc' dir='ltr'>ἆςὲστι</span> <span class='ocrx_word' id='word_1_462' title='bbox 2939 2034 3103 2088; x_wconf 88' lang='grc' dir='ltr'>πάλιν</span> <span class='ocrx_word' id='word_1_463' title='bbox 3169 2034 3356 2103; x_wconf 81' lang='grc' dir='ltr'>αὐτὸς,</span> <span class='ocrx_word' id='word_1_464' title='bbox 3397 2037 3520 2092; x_wconf 79' lang='grc' dir='ltr'>κατ’</span> <span class='ocrx_word' id='word_1_465' title='bbox 3547 2037 3760 2102; x_wconf 77' lang='grc' dir='ltr'>οὐδενὸς</span> 
     </span>
    </p>
   </div>
   <div class='ocr_carea' id='block_1_66' title="bbox 2166 2120 3752 2200">
    <p class='ocr_par' dir='ltr' id='par_1_66' title="bbox 2166 2120 3752 2200">
     <span class='ocr_line' id='line_1_66' title="bbox 2166 2120 3752 2200; baseline 0.006 -28"><span class='ocrx_word' id='word_1_466' title='bbox 2166 2120 2276 2192; x_wconf 79' lang='grc' dir='ltr'>γὰρ</span> <span class='ocrx_word' id='word_1_467' title='bbox 2307 2120 2421 2191; x_wconf 79' lang='grc' dir='ltr'>ἔχει</span> <span class='ocrx_word' id='word_1_468' title='bbox 2473 2122 2718 2193; x_wconf 80' lang='grc' dir='ltr'>μείζονος</span> <span class='ocrx_word' id='word_1_469' title='bbox 2749 2123 2949 2193; x_wconf 83' lang='grc' dir='ltr'>ὀμόσαι</span> <span class='ocrx_word' id='word_1_470' title='bbox 2971 2124 3014 2194; x_wconf 89' lang='grc'>),</span> <span class='ocrx_word' id='word_1_471' title='bbox 3049 2124 3131 2180; x_wconf 81' lang='grc' dir='ltr'><strong>ὅτι</strong></span> <span class='ocrx_word' id='word_1_472' title='bbox 3162 2127 3502 2197; x_wconf 86' lang='grc' dir='ltr'>παρέπονται</span> <span class='ocrx_word' id='word_1_473' title='bbox 3533 2129 3717 2200; x_wconf 73' lang='grc' dir='ltr'>καιροὶ</span> <span class='ocrx_word' id='word_1_474' title='bbox 3737 2169 3752 2194; x_wconf 94' lang='grc'><strong>,</strong></span> 
     </span>
    </p>
   </div>
   <div class='ocr_carea' id='block_1_67' title="bbox 2167 2213 3759 2292">
    <p class='ocr_par' dir='ltr' id='par_1_67' title="bbox 2167 2213 3759 2292">
     <span class='ocr_line' id='line_1_67' title="bbox 2167 2213 3759 2292; baseline 0.006 -26"><span class='ocrx_word' id='word_1_475' title='bbox 2167 2214 2263 2266; x_wconf 79' lang='grc' dir='ltr'><strong>καὶ</strong></span> <span class='ocrx_word' id='word_1_476' title='bbox 2297 2213 2524 2284; x_wconf 80' lang='grc' dir='ltr'>ἡμέραι,</span> <span class='ocrx_word' id='word_1_477' title='bbox 2551 2215 2638 2268; x_wconf 84' lang='grc' dir='ltr'><strong>ὅτε</strong></span> <span class='ocrx_word' id='word_1_478' title='bbox 2663 2217 2756 2269; x_wconf 75' lang='grc' dir='ltr'>καὶ</span> <span class='ocrx_word' id='word_1_479' title='bbox 2789 2217 2936 2287; x_wconf 84' lang='grc' dir='ltr'>ὑμᾶς</span> <span class='ocrx_word' id='word_1_480' title='bbox 2957 2217 3156 2281; x_wconf 82' lang='grc' dir='ltr'>αὐτοὺς</span> <span class='ocrx_word' id='word_1_481' title='bbox 3181 2221 3308 2282; x_wconf 89' lang='grc' dir='ltr'>τοὺς</span> <span class='ocrx_word' id='word_1_482' title='bbox 3333 2219 3477 2274; x_wconf 80' lang='grc' dir='ltr'>οὕτω</span> <span class='ocrx_word' id='word_1_483' title='bbox 3495 2221 3759 2292; x_wconf 76' lang='grc' dir='ltr'>,τρυφῶνο</span> 
     </span>
    </p>
   </div>
   <div class='ocr_carea' id='block_1_68' title="bbox 2164 2305 3757 2382">
    <p class='ocr_par' dir='ltr' id='par_1_68' title="bbox 2164 2305 3757 2382">
     <span class='ocr_line' id='line_1_68' title="bbox 2164 2305 3757 2382; baseline 0.006 -25"><span class='ocrx_word' id='word_1_484' title='bbox 2164 2322 2284 2372; x_wconf 88' lang='grc' dir='ltr'>τας,</span> <span class='ocrx_word' id='word_1_485' title='bbox 2336 2306 2432 2358; x_wconf 88' lang='grc' dir='ltr'><strong>καί</strong></span> <span class='ocrx_word' id='word_1_486' title='bbox 2476 2305 2914 2378; x_wconf 77' lang='grc' dir='ltr'>τεθραμμένους,</span> <span class='ocrx_word' id='word_1_487' title='bbox 2955 2309 3063 2362; x_wconf 54' lang='grc' dir='ltr'>καὶ.</span> <span class='ocrx_word' id='word_1_488' title='bbox 3089 2311 3373 2382; x_wconf 82' lang='grc' dir='ltr'>σπαταλᾷν</span> <span class='ocrx_word' id='word_1_489' title='bbox 3417 2312 3696 2379; x_wconf 80' lang='grc' dir='ltr'>εἰωθότας,</span> <span class='ocrx_word' id='word_1_490' title='bbox 3721 2315 3757 2366; x_wconf 81' lang='grc' dir='ltr'><strong>,ὁ</strong></span> 
     </span>
    </p>
   </div>
   <div class='ocr_carea' id='block_1_69' title="bbox 2168 2395 3844 2474">
    <p class='ocr_par' dir='ltr' id='par_1_69' title="bbox 2168 2395 3844 2474">
     <span class='ocr_line' id='line_1_69' title="bbox 2168 2395 3844 2474; baseline 0.006 -26"><span class='ocrx_word' id='word_1_491' title='bbox 2168 2395 2262 2448; x_wconf 86' lang='grc' dir='ltr'><strong>τοῦ</strong></span> <span class='ocrx_word' id='word_1_492' title='bbox 2299 2395 2492 2449; x_wconf 82' lang='grc' dir='ltr'>παθεῖν</span> <span class='ocrx_word' id='word_1_493' title='bbox 2523 2397 2689 2466; x_wconf 73' lang='grc' dir='ltr'>φόϐος</span> <span class='ocrx_word' id='word_1_494' title='bbox 2722 2399 2780 2452; x_wconf 82' lang='grc' dir='ltr'>ἐν</span> <span class='ocrx_word' id='word_1_495' title='bbox 2815 2402 2931 2463; x_wconf 87' lang='grc' dir='ltr'>τοῖς</span> <span class='ocrx_word' id='word_1_496' title='bbox 2977 2400 3070 2454; x_wconf 86' lang='grc' dir='ltr'><strong>τοῦ</strong></span> <span class='ocrx_word' id='word_1_497' title='bbox 3127 2401 3366 2474; x_wconf 85' lang='grc' dir='ltr'>πολέμου</span> <span class='ocrx_word' id='word_1_498' title='bbox 3403 2404 3614 2468; x_wconf 84' lang='grc' dir='ltr'>πόνοις,</span> <span class='ocrx_word' id='word_1_499' title='bbox 3663 2405 3758 2457; x_wconf 75' lang='grc' dir='ltr'><strong>καὶ</strong></span> <span class='ocrx_word' id='word_1_500' title='bbox 3841 2464 3844 2467; x_wconf 50' lang='grc'><strong>,</strong></span> 
     </span>
    </p>
   </div>
   <div class='ocr_carea' id='block_1_70' title="bbox 2166 2486 3756 2562">
    <p class='ocr_par' dir='ltr' id='par_1_70' title="bbox 2166 2486 3756 2562">
     <span class='ocr_line' id='line_1_70' title="bbox 2166 2486 3756 2562; baseline 0.007 -25"><span class='ocrx_word' id='word_1_501' title='bbox 2166 2487 2228 2538; x_wconf 78' lang='grc' dir='ltr'><strong>ἐν</strong></span> <span class='ocrx_word' id='word_1_502' title='bbox 2263 2486 2449 2550; x_wconf 84' lang='grc' dir='ltr'>ὅπλοις</span> <span class='ocrx_word' id='word_1_503' title='bbox 2486 2489 2738 2555; x_wconf 86' lang='grc' dir='ltr'>γενέσθαι</span> <span class='ocrx_word' id='word_1_504' title='bbox 2777 2491 3212 2562; x_wconf 87' lang='grc' dir='ltr'>παρασκευάσει.</span> <span class='ocrx_word' id='word_1_505' title='bbox 3264 2493 3425 2548; x_wconf 86' lang='grc' dir='ltr'>Ἀλλά</span> <span class='ocrx_word' id='word_1_506' title='bbox 3451 2495 3547 2548; x_wconf 70' lang='grc' dir='ltr'>καὶ</span> <span class='ocrx_word' id='word_1_507' title='bbox 3586 2494 3756 2558; x_wconf 76' lang='grc' dir='ltr'>οὕτως</span> 
     </span>
    </p>
   </div>
   <div class='ocr_carea' id='block_1_71' title="bbox 2164 2576 3754 2656">
    <p class='ocr_par' dir='ltr' id='par_1_71' title="bbox 2164 2576 3754 2656">
     <span class='ocr_line' id='line_1_71' title="bbox 2164 2576 3754 2656; baseline 0.007 -27"><span class='ocrx_word' id='word_1_508' title='bbox 2164 2576 2412 2647; x_wconf 77' lang='grc' dir='ltr'>ἔχοντας,</span> <span class='ocrx_word' id='word_1_509' title='bbox 2443 2580 2537 2633; x_wconf 77' lang='grc' dir='ltr'>καὶ</span> <span class='ocrx_word' id='word_1_510' title='bbox 2569 2581 3006 2651; x_wconf 78' lang='grc' dir='ltr'>ἐσκευασμένους</span> <span class='ocrx_word' id='word_1_511' title='bbox 3059 2582 3344 2653; x_wconf 75' lang='grc' dir='ltr'>λήψονται,</span> <span class='ocrx_word' id='word_1_512' title='bbox 3388 2586 3575 2656; x_wconf 77' lang='grc' dir='ltr'>φησὶν,</span> <span class='ocrx_word' id='word_1_513' title='bbox 3619 2586 3754 2656; x_wconf 82' lang='grc' dir='ltr'>ὁμοῦ</span> 
     </span>
    </p>
   </div>
   <div class='ocr_carea' id='block_1_72' title="bbox 2164 2670 3754 2749">
    <p class='ocr_par' dir='ltr' id='par_1_72' title="bbox 2164 2670 3754 2749">
     <span class='ocr_line' id='line_1_72' title="bbox 2164 2670 3754 2749; baseline 0.005 -26"><span class='ocrx_word' id='word_1_514' title='bbox 2164 2670 2459 2738; x_wconf 82' lang='grc' dir='ltr'>φιλτάτοις,</span> <span class='ocrx_word' id='word_1_515' title='bbox 2491 2672 2586 2724; x_wconf 75' lang='grc' dir='ltr'>καὶ</span> <span class='ocrx_word' id='word_1_516' title='bbox 2625 2673 2863 2741; x_wconf 77' lang='grc' dir='ltr'>γυναιξὶ,</span> <span class='ocrx_word' id='word_1_517' title='bbox 2916 2674 3013 2727; x_wconf 71' lang='grc' dir='ltr'><strong>καὶ</strong></span> <span class='ocrx_word' id='word_1_518' title='bbox 3043 2674 3281 2740; x_wconf 80' lang='grc' dir='ltr'>κόλαξιν,</span> <span class='ocrx_word' id='word_1_519' title='bbox 3341 2676 3389 2729; x_wconf 86' lang='grc' dir='ltr'>οἳ</span> <span class='ocrx_word' id='word_1_520' title='bbox 3443 2678 3561 2749; x_wconf 89' lang='grc' dir='ltr'>μεθ’</span> <span class='ocrx_word' id='word_1_521' title='bbox 3601 2678 3754 2748; x_wconf 84' lang='grc' dir='ltr'>ὑμῶν</span> 
     </span>
    </p>
   </div>
   <div class='ocr_carea' id='block_1_73' title="bbox 2162 2759 3751 2838">
    <p class='ocr_par' dir='ltr' id='par_1_73' title="bbox 2162 2759 3751 2838">
     <span class='ocr_line' id='line_1_73' title="bbox 2162 2759 3751 2838; baseline 0.006 -26"><span class='ocrx_word' id='word_1_522' title='bbox 2162 2759 2316 2824; x_wconf 75' lang='grc' dir='ltr'>ὄντες</span> <span class='ocrx_word' id='word_1_523' title='bbox 2336 2761 2442 2827; x_wconf 73' lang='grc' dir='ltr'>ἀεὶ,</span> <span class='ocrx_word' id='word_1_524' title='bbox 2461 2761 2744 2825; x_wconf 88' lang='grc' dir='ltr'>πλείσταις</span> <span class='ocrx_word' id='word_1_525' title='bbox 2769 2761 2868 2833; x_wconf 87' lang='grc' dir='ltr'><strong>μὲν</strong></span> <span class='ocrx_word' id='word_1_526' title='bbox 2883 2763 3036 2826; x_wconf 86' lang='grc' dir='ltr'>ὅσαις</span> <span class='ocrx_word' id='word_1_527' title='bbox 3052 2765 3419 2836; x_wconf 88' lang='grc' dir='ltr'>κατεκρότουν</span> <span class='ocrx_word' id='word_1_528' title='bbox 3435 2767 3751 2838; x_wconf 78' lang='grc' dir='ltr'>εὐφημίαις,</span> 
     </span>
    </p>
   </div>
   <div class='ocr_carea' id='block_1_74' title="bbox 2162 2852 3754 2928">
    <p class='ocr_par' dir='ltr' id='par_1_74' title="bbox 2162 2852 3754 2928">
     <span class='ocr_line' id='line_1_74' title="bbox 2162 2852 3754 2928; baseline 0.006 -24"><span class='ocrx_word' id='word_1_529' title='bbox 2162 2852 2442 2922; x_wconf 80' lang='grc' dir='ltr'>ὠνόμαζον</span> <span class='ocrx_word' id='word_1_530' title='bbox 2471 2854 2528 2907; x_wconf 83' lang='grc' dir='ltr'><strong>δὲ</strong></span> <span class='ocrx_word' id='word_1_531' title='bbox 2554 2854 2650 2907; x_wconf 72' lang='grc' dir='ltr'>καὶ</span> <span class='ocrx_word' id='word_1_532' title='bbox 2673 2856 3128 2927; x_wconf 82' lang='grc' dir='ltr'>τρισμακαρίους.</span> <span class='ocrx_word' id='word_1_533' title='bbox 3156 2857 3338 2912; x_wconf 88' lang='grc' dir='ltr'>Ταῦτα</span> <span class='ocrx_word' id='word_1_534' title='bbox 3360 2858 3469 2928; x_wconf 75' lang='grc' dir='ltr'><strong>γὰρ</strong></span> <span class='ocrx_word' id='word_1_535' title='bbox 3489 2859 3754 2928; x_wconf 81' lang='grc' dir='ltr'>ἐπιφωνεῖ</span> 
     </span>
    </p>
   </div>
   <div class='ocr_carea' id='block_1_75' title="bbox 2161 2951 3752 3028">
    <p class='ocr_par' dir='ltr' id='par_1_75' title="bbox 2161 2951 3752 3028">
     <span class='ocr_line' id='line_1_75' title="bbox 2161 2951 3752 3028; baseline 0.005 -26"><span class='ocrx_word' id='word_1_536' title='bbox 2161 2951 2276 3012; x_wconf 85' lang='grc' dir='ltr'>τοῖς</span> <span class='ocrx_word' id='word_1_537' title='bbox 2294 2951 2586 3021; x_wconf 81' lang='grc' dir='ltr'>τρέφουσιν</span> <span class='ocrx_word' id='word_1_538' title='bbox 2622 2951 2710 3010; x_wconf 80' lang='grc' dir='ltr'><strong>ἀεὶ</strong></span> <span class='ocrx_word' id='word_1_539' title='bbox 2744 2952 2857 3006; x_wconf 91' lang='grc' dir='ltr'><strong>τῶν</strong></span> <span class='ocrx_word' id='word_1_540' title='bbox 2887 2952 3138 3007; x_wconf 86' lang='grc' dir='ltr'>κολάκων</span> <span class='ocrx_word' id='word_1_541' title='bbox 3175 2954 3245 3008; x_wconf 83' lang='grc' dir='ltr'>τὰ</span> <span class='ocrx_word' id='word_1_542' title='bbox 3285 2955 3450 3025; x_wconf 70' lang='grc' dir='ltr'>γένη.</span> <span class='ocrx_word' id='word_1_543' title='bbox 3486 2957 3627 3011; x_wconf 85' lang='grc' dir='ltr'>Ἀλλ’</span> <span class='ocrx_word' id='word_1_544' title='bbox 3655 2959 3752 3028; x_wconf 72' lang='grc' dir='ltr'>ὲμρ</span> 
     </span>
    </p>
   </div>
   <div class='ocr_carea' id='block_1_76' title="bbox 2165 3041 3752 3121">
    <p class='ocr_par' dir='ltr' id='par_1_76' title="bbox 2165 3041 3752 3121">
     <span class='ocr_line' id='line_1_76' title="bbox 2165 3041 3752 3121; baseline 0.006 -27"><span class='ocrx_word' id='word_1_545' title='bbox 2165 3041 2598 3114; x_wconf 73' lang='grc' dir='ltr'>πυρισθήσονται</span> <span class='ocrx_word' id='word_1_546' title='bbox 2636 3043 2735 3114; x_wconf 80' lang='grc' dir='ltr'><strong>μὲν</strong></span> <span class='ocrx_word' id='word_1_547' title='bbox 2782 3046 3001 3109; x_wconf 74' lang='grc' dir='ltr'>ἐκεῖνοι,</span> <span class='ocrx_word' id='word_1_548' title='bbox 3062 3047 3241 3117; x_wconf 75' lang='grc' dir='ltr'>λοιμοὶ</span> <span class='ocrx_word' id='word_1_549' title='bbox 3279 3047 3389 3119; x_wconf 82' lang='grc' dir='ltr'><strong>γὰρ</strong></span> <span class='ocrx_word' id='word_1_550' title='bbox 3434 3043 3598 3121; x_wconf 79' lang='grc' dir='ltr'>ἦσαν,</span> <span class='ocrx_word' id='word_1_551' title='bbox 3655 3051 3752 3104; x_wconf 71' lang='grc' dir='ltr'><strong>καὶ</strong></span> 
     </span>
    </p>
   </div>
   <div class='ocr_carea' id='block_1_77' title="bbox 2162 3133 3751 3209">
    <p class='ocr_par' dir='ltr' id='par_1_77' title="bbox 2162 3133 3751 3209">
     <span class='ocr_line' id='line_1_77' title="bbox 2162 3133 3751 3209; baseline 0.004 -19"><span class='ocrx_word' id='word_1_552' title='bbox 2162 3133 2348 3205; x_wconf 64' lang='grc' dir='ltr'>ἕτερον</span> <span class='ocrx_word' id='word_1_553' title='bbox 2407 3135 2561 3190; x_wconf 80' lang='grc' dir='ltr'>οὐδὲν</span> <span class='ocrx_word' id='word_1_554' title='bbox 2601 3135 3021 3208; x_wconf 77' lang='grc' dir='ltr'>ἀποδεχόμενοι,</span> <span class='ocrx_word' id='word_1_555' title='bbox 3054 3139 3467 3209; x_wconf 86' lang='grc' dir='ltr'>τεθαυμακότες</span> <span class='ocrx_word' id='word_1_556' title='bbox 3509 3143 3637 3205; x_wconf 82' lang='grc' dir='ltr'>τοὺς</span> <span class='ocrx_word' id='word_1_557' title='bbox 3663 3144 3751 3196; x_wconf 80' lang='lat' dir='ltr'><strong>ai-</strong></span> 
     </span>
    </p>
   </div>
   <div class='ocr_carea' id='block_1_78' title="bbox 2168 3226 3747 3304">
    <p class='ocr_par' dir='ltr' id='par_1_78' title="bbox 2168 3226 3747 3304">
     <span class='ocr_line' id='line_1_78' title="bbox 2168 3226 3747 3304; baseline 0.006 -26"><span class='ocrx_word' id='word_1_558' title='bbox 2168 3228 2386 3296; x_wconf 79' lang='grc' dir='ltr'>σχροὺς,</span> <span class='ocrx_word' id='word_1_559' title='bbox 2419 3227 2514 3280; x_wconf 76' lang='grc' dir='ltr'><strong>καὶ</strong></span> <span class='ocrx_word' id='word_1_560' title='bbox 2541 3226 3059 3300; x_wconf 83' lang='grc' dir='ltr'>φιλαμαρτήμονας.</span> <span class='ocrx_word' id='word_1_561' title='bbox 3084 3231 3290 3302; x_wconf 64' lang='grc' dir='ltr'><strong>Γυμνολ⁵</strong></span> <span class='ocrx_word' id='word_1_562' title='bbox 3315 3232 3372 3285; x_wconf 84' lang='grc' dir='ltr'>δὲ</span> <span class='ocrx_word' id='word_1_563' title='bbox 3392 3230 3551 3303; x_wconf 85' lang='grc' dir='ltr'>δόξης</span> <span class='ocrx_word' id='word_1_564' title='bbox 3571 3234 3747 3304; x_wconf 79' lang='grc' dir='ltr'>ὑμεῖς,</span> 
     </span>
    </p>
   </div>
   <div class='ocr_carea' id='block_1_79' title="bbox 2165 3317 3772 3397">
    <p class='ocr_par' dir='ltr' id='par_1_79' title="bbox 2165 3317 3772 3397">
     <span class='ocr_line' id='line_1_79' title="bbox 2165 3317 3772 3397; baseline 0.006 -28"><span class='ocrx_word' id='word_1_565' title='bbox 2165 3317 2258 3370; x_wconf 76' lang='grc' dir='ltr'><strong>καὶ</strong></span> <span class='ocrx_word' id='word_1_566' title='bbox 2287 3319 2503 3389; x_wconf 81' lang='grc' dir='ltr'>τρυφῆς</span> <span class='ocrx_word' id='word_1_567' title='bbox 2524 3319 2746 3390; x_wconf 87' lang='grc' dir='ltr'>ἁπάσης</span> <span class='ocrx_word' id='word_1_568' title='bbox 2779 3319 2856 3384; x_wconf 86' lang='grc' dir='ltr'><strong>ὡς</strong></span> <span class='ocrx_word' id='word_1_569' title='bbox 2907 3321 3183 3389; x_wconf 86' lang='grc' dir='ltr'>ἀποτάτω,</span> <span class='ocrx_word' id='word_1_570' title='bbox 3235 3325 3327 3377; x_wconf 77' lang='grc' dir='ltr'><strong>καὶ</strong></span> <span class='ocrx_word' id='word_1_571' title='bbox 3377 3325 3480 3395; x_wconf 79' lang='grc' dir='ltr'>τῆς</span> <span class='ocrx_word' id='word_1_572' title='bbox 3520 3327 3772 3397; x_wconf 68' lang='grc' dir='ltr'><strong>ἀρχαίας⁷</strong></span> 
     </span>
    </p>
   </div>
   <div class='ocr_carea' id='block_1_80' title="bbox 2164 3407 3753 3487">
    <p class='ocr_par' dir='ltr' id='par_1_80' title="bbox 2164 3407 3753 3487">
     <span class='ocr_line' id='line_1_80' title="bbox 2164 3407 3753 3487; baseline 0.006 -27"><span class='ocrx_word' id='word_1_573' title='bbox 2164 3407 2380 3477; x_wconf 66' lang='grc' dir='ltr'>ἐκείνης</span> <span class='ocrx_word' id='word_1_574' title='bbox 2414 3409 2715 3480; x_wconf 79' lang='grc' dir='ltr'>εὐημερίας</span> <span class='ocrx_word' id='word_1_575' title='bbox 2746 3410 3216 3483; x_wconf 86' lang='grc' dir='ltr'>άπημφιεσμένοι,</span> <span class='ocrx_word' id='word_1_576' title='bbox 3254 3413 3443 3468; x_wconf 81' lang='grc' dir='ltr'>λοιπὸν</span> <span class='ocrx_word' id='word_1_577' title='bbox 3483 3417 3753 3487; x_wconf 85' lang='grc' dir='ltr'>ἀποκομι-</span> 
     </span>
    </p>
   </div>
   <div class='ocr_carea' id='block_1_81' title="bbox 2166 3498 3748 3578">
    <p class='ocr_par' dir='ltr' id='par_1_81' title="bbox 2166 3498 3748 3578">
     <span class='ocr_line' id='line_1_81' title="bbox 2166 3498 3748 3578; baseline 0.006 -27"><span class='ocrx_word' id='word_1_578' title='bbox 2166 3498 2432 3571; x_wconf 86' lang='grc' dir='ltr'>σθήσεσθε</span> <span class='ocrx_word' id='word_1_579' title='bbox 2459 3499 2656 3565; x_wconf 75' lang='grc' dir='ltr'>δοῦλοι,</span> <span class='ocrx_word' id='word_1_580' title='bbox 2692 3502 2789 3558; x_wconf 82' lang='grc' dir='ltr'><strong>καὶ</strong></span> <span class='ocrx_word' id='word_1_581' title='bbox 2821 3503 3182 3574; x_wconf 79' lang='grc' dir='ltr'>αἰχμάλωτοι,</span> <span class='ocrx_word' id='word_1_582' title='bbox 3231 3523 3250 3557; x_wconf 75' lang='grc' dir='ltr'><strong>ί</strong></span> <span class='ocrx_word' id='word_1_583' title='bbox 3286 3506 3399 3560; x_wconf 75' lang='grc' dir='ltr'><strong>Καὶ</strong></span> <span class='ocrx_word' id='word_1_584' title='bbox 3431 3508 3748 3578; x_wconf 77' lang='grc' dir='ltr'>ριφήσεσθε,</span> 
     </span>
    </p>
   </div>
   <div class='ocr_carea' id='block_1_82' title="bbox 2162 3592 3751 3671">
    <p class='ocr_par' dir='ltr' id='par_1_82' title="bbox 2162 3592 3751 3671">
     <span class='ocr_line' id='line_1_82' title="bbox 2162 3592 3751 3671; baseline 0.006 -27"><span class='ocrx_word' id='word_1_585' title='bbox 2162 3592 2348 3663; x_wconf 77' lang='grc' dir='ltr'>φησὶν,</span> <span class='ocrx_word' id='word_1_586' title='bbox 2379 3593 2474 3646; x_wconf 72' lang='grc' dir='ltr'><strong>ἐπὶ</strong></span> <span class='ocrx_word' id='word_1_587' title='bbox 2505 3592 2563 3647; x_wconf 86' lang='grc' dir='ltr'><strong>τὸ</strong></span> <span class='ocrx_word' id='word_1_588' title='bbox 2583 3593 2708 3664; x_wconf 79' lang='grc' dir='ltr'>ὅρος</span> <span class='ocrx_word' id='word_1_589' title='bbox 2733 3594 2796 3647; x_wconf 88' lang='grc' dir='ltr'>τὸ</span> <span class='ocrx_word' id='word_1_590' title='bbox 2833 3596 3088 3666; x_wconf 85' lang='grc' dir='ltr'>Ῥεμνᾶν.</span> <span class='ocrx_word' id='word_1_591' title='bbox 3125 3615 3144 3648; x_wconf 74' lang='grc' dir='ltr'><strong>ι</strong></span> <span class='ocrx_word' id='word_1_592' title='bbox 3174 3596 3332 3651; x_wconf 85' lang='grc' dir='ltr'>Ἔστι</span> <span class='ocrx_word' id='word_1_593' title='bbox 3355 3597 3412 3652; x_wconf 82' lang='grc' dir='ltr'>δὲ</span> <span class='ocrx_word' id='word_1_594' title='bbox 3442 3599 3540 3670; x_wconf 84' lang='grc' dir='ltr'><strong>τῆς</strong></span> <span class='ocrx_word' id='word_1_595' title='bbox 3559 3601 3751 3671; x_wconf 82' lang='grc' dir='ltr'>Ἀρμε-</span> 
     </span>
    </p>
   </div>
   <div class='ocr_carea' id='block_1_83' title="bbox 2161 3683 3751 3771">
    <p class='ocr_par' dir='ltr' id='par_1_83' title="bbox 2161 3683 3751 3771">
     <span class='ocr_line' id='line_1_83' title="bbox 2161 3683 3751 3771; baseline 0.006 -34"><span class='ocrx_word' id='word_1_596' title='bbox 2161 3683 2308 3752; x_wconf 69' lang='grc' dir='ltr'>νίας,</span> <span class='ocrx_word' id='word_1_597' title='bbox 2342 3687 2400 3739; x_wconf 77' lang='grc' dir='ltr'>ὲν</span> <span class='ocrx_word' id='word_1_598' title='bbox 2447 3687 2706 3757; x_wconf 74' lang='grc' dir='ltr'>ἐσχάταις</span> <span class='ocrx_word' id='word_1_599' title='bbox 2755 3688 3008 3754; x_wconf 76' lang='grc' dir='ltr'>ἐκϐολαῖς</span> <span class='ocrx_word' id='word_1_600' title='bbox 3064 3689 3166 3761; x_wconf 83' lang='grc' dir='ltr'>τῆς</span> <span class='ocrx_word' id='word_1_601' title='bbox 3217 3691 3446 3771; x_wconf 86' lang='grc' dir='ltr'>Περσῶν</span> <span class='ocrx_word' id='word_1_602' title='bbox 3499 3693 3751 3764; x_wconf 78' lang='grc' dir='ltr'>κείμενον</span> 
     </span>
    </p>
   </div>
   <div class='ocr_carea' id='block_1_84' title="bbox 2161 3776 3748 3856">
    <p class='ocr_par' dir='ltr' id='par_1_84' title="bbox 2161 3776 3748 3856">
     <span class='ocr_line' id='line_1_84' title="bbox 2161 3776 3748 3856; baseline 0 -15"><span class='ocrx_word' id='word_1_603' title='bbox 2161 3776 2286 3847; x_wconf 78' lang='grc' dir='ltr'>γῆς,</span> <span class='ocrx_word' id='word_1_604' title='bbox 2319 3778 2717 3851; x_wconf 83' lang='grc' dir='ltr'>ἀγχιτέρμονες</span> <span class='ocrx_word' id='word_1_605' title='bbox 2761 3781 2892 3852; x_wconf 88' lang='grc' dir='ltr'>γὰρ,</span> <span class='ocrx_word' id='word_1_606' title='bbox 2919 3782 3112 3853; x_wconf 85' lang='grc' dir='ltr'>ὄμοροί</span> <span class='ocrx_word' id='word_1_607' title='bbox 3148 3783 3211 3837; x_wconf 88' lang='grc' dir='ltr'><strong>τέ</strong></span> <span class='ocrx_word' id='word_1_608' title='bbox 3243 3785 3383 3839; x_wconf 82' lang='grc' dir='ltr'>εἰσιν</span> <span class='ocrx_word' id='word_1_609' title='bbox 3406 3785 3662 3856; x_wconf 83' lang='grc' dir='ltr'>ἀλλήλαις</span> <span class='ocrx_word' id='word_1_610' title='bbox 3691 3789 3748 3841; x_wconf 79' lang='grc' dir='ltr'>αἱ</span> 
     </span>
    </p>
   </div>
   <div class='ocr_carea' id='block_1_85' title="bbox 2161 3869 3748 3951">
    <p class='ocr_par' dir='ltr' id='par_1_85' title="bbox 2161 3869 3748 3951">
     <span class='ocr_line' id='line_1_85' title="bbox 2161 3869 3748 3951; baseline 0.006 -30"><span class='ocrx_word' id='word_1_611' title='bbox 2161 3869 2355 3941; x_wconf 84' lang='grc' dir='ltr'>χῶραι.</span> <span class='ocrx_word' id='word_1_612' title='bbox 2385 3871 2579 3924; x_wconf 87' lang='grc' dir='ltr'>Ἔσται</span> <span class='ocrx_word' id='word_1_613' title='bbox 2627 3871 2808 3926; x_wconf 81' lang='grc' dir='ltr'>τοίνυν</span> <span class='ocrx_word' id='word_1_614' title='bbox 2849 3873 3104 3928; x_wconf 75' lang='grc' dir='ltr'>ἐντεῦθεν</span> <span class='ocrx_word' id='word_1_615' title='bbox 3137 3875 3290 3943; x_wconf 81' lang='grc' dir='ltr'>ἰδεῖν,</span> <span class='ocrx_word' id='word_1_616' title='bbox 3319 3875 3396 3941; x_wconf 84' lang='grc' dir='ltr'>ὡς</span> <span class='ocrx_word' id='word_1_617' title='bbox 3441 3879 3522 3942; x_wconf 83' lang='grc' dir='ltr'><strong>είς</strong></span> <span class='ocrx_word' id='word_1_618' title='bbox 3549 3879 3748 3951; x_wconf 72' lang='grc' dir='ltr'>πικρὸν</span> 
     </span>
    </p>
   </div>
   <div class='ocr_carea' id='block_1_86' title="bbox 2160 3972 3748 4050">
    <p class='ocr_par' dir='ltr' id='par_1_86' title="bbox 2160 3972 3748 4050">
     <span class='ocr_line' id='line_1_86' title="bbox 2160 3972 3748 4050; baseline 0.008 -27"><span class='ocrx_word' id='word_1_619' title='bbox 2160 3972 2531 4044; x_wconf 79' lang='grc' dir='ltr'>καταστρέφει</span> <span class='ocrx_word' id='word_1_620' title='bbox 2553 3972 2707 4038; x_wconf 87' lang='grc' dir='ltr'>τέλος</span> <span class='ocrx_word' id='word_1_621' title='bbox 2733 3977 2848 4038; x_wconf 89' lang='grc' dir='ltr'>τοῖς</span> <span class='ocrx_word' id='word_1_622' title='bbox 2883 3975 3135 4046; x_wconf 82' lang='grc' dir='ltr'>τρυφῶσι</span> <span class='ocrx_word' id='word_1_623' title='bbox 3156 3977 3218 4031; x_wconf 85' lang='grc' dir='ltr'><strong>τὸ</strong></span> <span class='ocrx_word' id='word_1_624' title='bbox 3239 3977 3583 4050; x_wconf 81' lang='grc' dir='ltr'>σπούδασμα,</span> <span class='ocrx_word' id='word_1_625' title='bbox 3606 3980 3748 4035; x_wconf 84' lang='grc' dir='ltr'>καθά</span> 
     </span>
    </p>
   </div>
   <div class='ocr_carea' id='block_1_87' title="bbox 2160 4065 3746 4138">
    <p class='ocr_par' dir='ltr' id='par_1_87' title="bbox 2160 4065 3746 4138">
     <span class='ocr_line' id='line_1_87' title="bbox 2160 4065 3746 4138; baseline 0.008 -24"><span class='ocrx_word' id='word_1_626' title='bbox 2160 4066 2372 4135; x_wconf 88' lang='grc' dir='ltr'>φησινὸ</span> <span class='ocrx_word' id='word_1_627' title='bbox 2396 4065 2590 4137; x_wconf 83' lang='grc' dir='ltr'>Σωτήρ</span> <span class='ocrx_word' id='word_1_628' title='bbox 2615 4082 2628 4096; x_wconf 79' lang='grc' dir='ltr'><strong>ο</strong></span> <span class='ocrx_word' id='word_1_629' title='bbox 2668 4084 2687 4116; x_wconf 80' lang='grc' dir='ltr'><strong>ι</strong></span> <span class='ocrx_word' id='word_1_630' title='bbox 2719 4066 2997 4138; x_wconf 83' lang='grc' dir='ltr'>Μακάριοι</span> <span class='ocrx_word' id='word_1_631' title='bbox 3037 4070 3087 4120; x_wconf 82' lang='grc' dir='ltr'>οἱ</span> <span class='ocrx_word' id='word_1_632' title='bbox 3117 4069 3460 4133; x_wconf 79' lang='grc' dir='ltr'>πενθοῦντες.</span> <span class='ocrx_word' id='word_1_633' title='bbox 3501 4091 3521 4124; x_wconf 71' lang='grc' dir='ltr'><strong>ι</strong></span> <span class='ocrx_word' id='word_1_634' title='bbox 3562 4074 3746 4126; x_wconf 80' lang='grc' dir='ltr'>Κατα-</span> 
     </span>
    </p>
   </div>
   <div class='ocr_carea' id='block_1_88' title="bbox 2159 4155 3746 4235">
    <p class='ocr_par' dir='ltr' id='par_1_88' title="bbox 2159 4155 3746 4235">
     <span class='ocr_line' id='line_1_88' title="bbox 2159 4155 3746 4235; baseline 0.008 -28"><span class='ocrx_word' id='word_1_635' title='bbox 2159 4155 2316 4226; x_wconf 81' lang='grc' dir='ltr'>λήγει</span> <span class='ocrx_word' id='word_1_636' title='bbox 2355 4156 2452 4226; x_wconf 89' lang='grc' dir='ltr'><strong>μὲν</strong></span> <span class='ocrx_word' id='word_1_637' title='bbox 2479 4157 2588 4225; x_wconf 86' lang='grc' dir='ltr'><strong>γὰρ</strong></span> <span class='ocrx_word' id='word_1_638' title='bbox 2613 4159 2694 4221; x_wconf 82' lang='grc' dir='ltr'><strong>είς</strong></span> <span class='ocrx_word' id='word_1_639' title='bbox 2725 4159 2960 4230; x_wconf 86' lang='grc' dir='ltr'>δάκρυον</span> <span class='ocrx_word' id='word_1_640' title='bbox 2994 4162 3028 4232; x_wconf 82' lang='grc' dir='ltr'>ἡ</span> <span class='ocrx_word' id='word_1_641' title='bbox 3058 4161 3258 4233; x_wconf 81' lang='grc' dir='ltr'>τρυφὴ,</span> <span class='ocrx_word' id='word_1_642' title='bbox 3291 4163 3461 4235; x_wconf 84' lang='grc' dir='ltr'>πέρας</span> <span class='ocrx_word' id='word_1_643' title='bbox 3480 4164 3536 4217; x_wconf 84' lang='grc' dir='ltr'>δὲ</span> <span class='ocrx_word' id='word_1_644' title='bbox 3571 4165 3746 4223; x_wconf 78' lang='grc' dir='ltr'>πόνων</span> 
     </span>
    </p>
   </div>
   <div class='ocr_carea' id='block_1_89' title="bbox 2159 4249 3744 4324">
    <p class='ocr_par' dir='ltr' id='par_1_89' title="bbox 2159 4249 3744 4324">
     <span class='ocr_line' id='line_1_89' title="bbox 2159 4249 3744 4324; baseline 0.006 -22"><span class='ocrx_word' id='word_1_645' title='bbox 2159 4249 2488 4312; x_wconf 86' lang='grc' dir='ltr'>ἀνάπαυσις.</span> <span class='ocrx_word' id='word_1_646' title='bbox 2515 4250 2627 4302; x_wconf 77' lang='grc' dir='ltr'><strong>Καὶ</strong></span> <span class='ocrx_word' id='word_1_647' title='bbox 2671 4253 3014 4324; x_wconf 80' lang='grc' dir='ltr'>μαρτυρήσει</span> <span class='ocrx_word' id='word_1_648' title='bbox 3041 4270 3144 4318; x_wconf 89' lang='grc' dir='ltr'>τις,</span> <span class='ocrx_word' id='word_1_649' title='bbox 3177 4253 3371 4323; x_wconf 75' lang='grc' dir='ltr'>λέγων’</span> <span class='ocrx_word' id='word_1_650' title='bbox 3410 4275 3427 4307; x_wconf 81' lang='grc' dir='ltr'><strong>ι</strong></span> <span class='ocrx_word' id='word_1_651' title='bbox 3460 4257 3540 4310; x_wconf 81' lang='grc' dir='ltr'>ὅτι</span> <span class='ocrx_word' id='word_1_652' title='bbox 3568 4257 3744 4312; x_wconf 86' lang='grc' dir='ltr'>πόνων</span> 
     </span>
    </p>
   </div>
   <div class='ocr_carea' id='block_1_90' title="bbox 2158 4337 3744 4420">
    <p class='ocr_par' dir='ltr' id='par_1_90' title="bbox 2158 4337 3744 4420">
     <span class='ocr_line' id='line_1_90' title="bbox 2158 4337 3744 4420; baseline 0.008 -29"><span class='ocrx_word' id='word_1_653' title='bbox 2158 4337 2377 4406; x_wconf 84' lang='grc' dir='ltr'>ἀγαθῶν</span> <span class='ocrx_word' id='word_1_654' title='bbox 2403 4339 2612 4411; x_wconf 84' lang='grc' dir='ltr'>καρπὸς</span> <span class='ocrx_word' id='word_1_655' title='bbox 2633 4341 2882 4413; x_wconf 84' lang='grc' dir='ltr'>εὐκλεής.</span> <span class='ocrx_word' id='word_1_656' title='bbox 2916 4362 2934 4395; x_wconf 73' lang='grc' dir='ltr'><strong>ι</strong></span> <span class='ocrx_word' id='word_1_657' title='bbox 2968 4345 3082 4398; x_wconf 87' lang='grc' dir='ltr'>Οὐκ</span> <span class='ocrx_word' id='word_1_658' title='bbox 3113 4345 3375 4401; x_wconf 87' lang='grc' dir='ltr'>ἀπίθανον</span> <span class='ocrx_word' id='word_1_659' title='bbox 3403 4348 3458 4401; x_wconf 86' lang='grc' dir='ltr'><strong>δὲ</strong></span> <span class='ocrx_word' id='word_1_660' title='bbox 3485 4349 3744 4420; x_wconf 88' lang='grc' dir='ltr'>δαμάλεις</span> 
     </span>
    </p>
   </div>
   <div class='ocr_carea' id='block_1_91' title="bbox 2157 4431 3737 4510">
    <p class='ocr_par' dir='ltr' id='par_1_91' title="bbox 2157 4431 3737 4510">
     <span class='ocr_line' id='line_1_91' title="bbox 2157 4431 3737 4510; baseline 0.008 -27"><span class='ocrx_word' id='word_1_661' title='bbox 2157 4431 2256 4503; x_wconf 81' lang='grc' dir='ltr'>τῆς</span> <span class='ocrx_word' id='word_1_662' title='bbox 2288 4432 2636 4496; x_wconf 82' lang='grc' dir='ltr'>Βασανίτιδος</span> <span class='ocrx_word' id='word_1_663' title='bbox 2657 4435 2756 4494; x_wconf 83' lang='grc' dir='ltr'><strong>τὰς</strong></span> <span class='ocrx_word' id='word_1_664' title='bbox 2790 4439 2848 4490; x_wconf 81' lang='grc' dir='ltr'>ὲν</span> <span class='ocrx_word' id='word_1_665' title='bbox 2881 4439 2946 4507; x_wconf 82' lang='grc' dir='ltr'>τῇ</span> <span class='ocrx_word' id='word_1_666' title='bbox 2991 4437 3275 4510; x_wconf 78' lang='grc' dir='ltr'>Σαμαρείᾳ</span> <span class='ocrx_word' id='word_1_667' title='bbox 3315 4443 3577 4508; x_wconf 87' lang='grc' dir='ltr'>γυναῖκας</span> <span class='ocrx_word' id='word_1_668' title='bbox 3605 4443 3737 4496; x_wconf 60' lang='grc' dir='ltr'>ὑποκ-</span> 
     </span>
    </p>
   </div>
   <div class='ocr_carea' id='block_1_92' title="bbox 463 4505 2059 4605">
    <p class='ocr_par' dir='ltr' id='par_1_92' title="bbox 463 4505 2043 4597">
     <span class='ocr_line' id='line_1_92' title="bbox 463 4505 2043 4597; baseline 0.016 -39"><span class='ocrx_word' id='word_1_669' title='bbox 463 4505 802 4563; x_wconf 85' lang='lat' dir='ltr'><strong>conciliando</strong></span> <span class='ocrx_word' id='word_1_670' title='bbox 828 4510 973 4565; x_wconf 81' lang='lat' dir='ltr'><strong>velut</strong></span> <span class='ocrx_word' id='word_1_671' title='bbox 1033 4513 1314 4582; x_wconf 61' lang='lat' dir='ltr'><strong>saginatur,</strong></span> <span class='ocrx_word' id='word_1_672' title='bbox 1346 4532 1611 4586; x_wconf 91' lang='lat' dir='ltr'><strong>pauperes</strong></span> <span class='ocrx_word' id='word_1_673' title='bbox 1649 4522 2043 4597; x_wconf 84' lang='lat' dir='ltr'><strong>deprimebant,</strong></span> 
     </span>
    </p>
   </div>
   <div class='ocr_carea' id='block_1_93' title="bbox 2162 4505 3742 4605">
    <p class='ocr_par' dir='ltr' id='par_1_93' title="bbox 2162 4505 3742 4605">
     <span class='ocr_line' id='line_1_93' title="bbox 2162 4505 3742 4605; baseline 0.007 -27"><span class='ocrx_word' id='word_1_674' title='bbox 2162 4527 2315 4591; x_wconf 77' lang='grc' dir='ltr'>νοεῖν,</span> <span class='ocrx_word' id='word_1_675' title='bbox 2347 4527 2400 4578; x_wconf 81' lang='grc' dir='ltr'>αξ</span> <span class='ocrx_word' id='word_1_676' title='bbox 2429 4529 2609 4597; x_wconf 81' lang='grc' dir='ltr'>τρυφῇ</span> <span class='ocrx_word' id='word_1_677' title='bbox 2629 4544 2688 4579; x_wconf 87' lang='grc' dir='ltr'><strong>τε</strong></span> <span class='ocrx_word' id='word_1_678' title='bbox 2721 4529 2816 4581; x_wconf 74' lang='grc' dir='ltr'><strong>καὶ</strong></span> <span class='ocrx_word' id='word_1_679' title='bbox 2841 4505 3189 4599; x_wconf 14' lang='grc' dir='ltr'>χλιδαῖς,ήκά“ι</span> <span class='ocrx_word' id='word_1_680' title='bbox 3217 4505 3338 4596; x_wconf 79' lang='grc' dir='ltr'>ταῖς</span> <span class='ocrx_word' id='word_1_681' title='bbox 3359 4535 3439 4598; x_wconf 86' lang='grc' dir='ltr'><strong>είς</strong></span> <span class='ocrx_word' id='word_1_682' title='bbox 3463 4535 3742 4605; x_wconf 80' lang='grc' dir='ltr'>ὡραϊσμὸν</span> 
     </span>
    </p>
   </div>
   <div class='ocr_carea' id='block_1_94' title="bbox 462 4599 2048 4692">
    <p class='ocr_par' dir='ltr' id='par_1_94' title="bbox 462 4599 2048 4692">
     <span class='ocr_line' id='line_1_94' title="bbox 462 4599 2048 4692; baseline 0.017 -42"><span class='ocrx_word' id='word_1_683' title='bbox 462 4604 520 4651; x_wconf 88' lang='lat' dir='ltr'><strong>et</strong></span> <span class='ocrx_word' id='word_1_684' title='bbox 540 4599 817 4656; x_wconf 89' lang='lat' dir='ltr'><strong>mendicos</strong></span> <span class='ocrx_word' id='word_1_685' title='bbox 842 4604 1267 4672; x_wconf 85' lang='lat' dir='ltr'><strong>conculcabant,</strong></span> <span class='ocrx_word' id='word_1_686' title='bbox 1290 4617 1453 4679; x_wconf 91' lang='lat' dir='ltr'><strong>atque</strong></span> <span class='ocrx_word' id='word_1_687' title='bbox 1479 4612 1546 4666; x_wconf 88' lang='lat' dir='ltr'><strong>ad</strong></span> <span class='ocrx_word' id='word_1_688' title='bbox 1585 4613 1828 4685; x_wconf 90' lang='lat' dir='ltr'><strong>impuras</strong></span> <span class='ocrx_word' id='word_1_689' title='bbox 1858 4620 2048 4692; x_wconf 89' lang='lat' dir='ltr'><strong>volup-</strong></span> 
     </span>
    </p>
   </div>
   <div class='ocr_carea' id='block_1_95' title="bbox 466 4691 2044 4773">
    <p class='ocr_par' dir='ltr' id='par_1_95' title="bbox 466 4691 2044 4773">
     <span class='ocr_line' id='line_1_95' title="bbox 466 4691 2044 4773; baseline 0.02 -32"><span class='ocrx_word' id='word_1_690' title='bbox 466 4697 605 4746; x_wconf 89' lang='lat' dir='ltr'><strong>tates</strong></span> <span class='ocrx_word' id='word_1_691' title='bbox 637 4691 977 4762; x_wconf 83' lang='lat' dir='ltr'><strong>inlirmos,et</strong></span> <span class='ocrx_word' id='word_1_692' title='bbox 997 4699 1350 4755; x_wconf 87' lang='lat' dir='ltr'><strong>mendicitate</strong></span> <span class='ocrx_word' id='word_1_693' title='bbox 1366 4703 1634 4772; x_wconf 85' lang='lat' dir='ltr'><strong>spirituali</strong></span> <span class='ocrx_word' id='word_1_694' title='bbox 1665 4691 2044 4773; x_wconf 83' lang='lat' dir='ltr'><strong>conﬂictantes</strong></span> 
     </span>
    </p>
   </div>
   <div class='ocr_carea' id='block_1_96' title="bbox 461 4787 2037 4878">
    <p class='ocr_par' dir='ltr' id='par_1_96' title="bbox 461 4787 2037 4878">
     <span class='ocr_line' id='line_1_96' title="bbox 461 4787 2037 4878; baseline 0.016 -42"><span class='ocrx_word' id='word_1_695' title='bbox 461 4789 672 4838; x_wconf 90' lang='lat' dir='ltr'><strong>tantum</strong></span> <span class='ocrx_word' id='word_1_696' title='bbox 691 4801 795 4841; x_wconf 93' lang='lat' dir='ltr'><strong>non</strong></span> <span class='ocrx_word' id='word_1_697' title='bbox 828 4787 1078 4846; x_wconf 91' lang='lat' dir='ltr'><strong>incendio</strong></span> <span class='ocrx_word' id='word_1_698' title='bbox 1096 4795 1329 4861; x_wconf 88' lang='lat' dir='ltr'><strong>quodam</strong></span> <span class='ocrx_word' id='word_1_699' title='bbox 1349 4811 1582 4853; x_wconf 90' lang='lat' dir='ltr'><strong>venereo</strong></span> <span class='ocrx_word' id='word_1_700' title='bbox 1607 4807 2002 4862; x_wconf 89' lang='lat' dir='ltr'><strong>consumebant</strong></span> <span class='ocrx_word' id='word_1_701' title='bbox 2024 4829 2037 4878; x_wconf 91' lang='lat'><strong>;</strong></span> 
     </span>
    </p>
   </div>
   <div class='ocr_carea' id='block_1_97' title="bbox 465 4875 2043 4962">
    <p class='ocr_par' dir='ltr' id='par_1_97' title="bbox 465 4875 2043 4962">
     <span class='ocr_line' id='line_1_97' title="bbox 465 4875 2043 4962; baseline 0.018 -34"><span class='ocrx_word' id='word_1_702' title='bbox 465 4875 558 4946; x_wconf 89' lang='lat' dir='ltr'><strong>qui</strong></span> <span class='ocrx_word' id='word_1_703' title='bbox 594 4880 816 4946; x_wconf 91' lang='lat' dir='ltr'><strong>superni</strong></span> <span class='ocrx_word' id='word_1_704' title='bbox 857 4881 1071 4939; x_wconf 89' lang='lat' dir='ltr'><strong>roboris</strong></span> <span class='ocrx_word' id='word_1_705' title='bbox 1112 4886 1318 4943; x_wconf 88' lang='lat' dir='ltr'><strong>divitiis</strong></span> <span class='ocrx_word' id='word_1_706' title='bbox 1362 4878 1635 4959; x_wconf 79' lang='lat' dir='ltr'><strong>carentes,</strong></span> <span class='ocrx_word' id='word_1_707' title='bbox 1668 4875 2043 4962; x_wconf 38' lang='lat' dir='ltr'><strong>perturbatio;</strong></span> 
     </span>
    </p>
   </div>
   <div class='ocr_carea' id='block_1_98' title="bbox 2154 4620 3741 4696">
    <p class='ocr_par' dir='ltr' id='par_1_98' title="bbox 2154 4620 3741 4696">
     <span class='ocr_line' id='line_1_98' title="bbox 2154 4620 3741 4696; baseline 0.006 -25"><span class='ocrx_word' id='word_1_708' title='bbox 2154 4620 2506 4690; x_wconf 84' lang='grc' dir='ltr'>κοσμήμασιν</span> <span class='ocrx_word' id='word_1_709' title='bbox 2567 4620 3026 4686; x_wconf 84' lang='grc' dir='ltr'>ὲνσπαταλῶσαι,</span> <span class='ocrx_word' id='word_1_710' title='bbox 3078 4623 3172 4677; x_wconf 80' lang='grc' dir='ltr'><strong>καὶ</strong></span> <span class='ocrx_word' id='word_1_711' title='bbox 3246 4627 3741 4696; x_wconf 86' lang='grc' dir='ltr'>καταπιαινόμεναι</span> 
     </span>
    </p>
   </div>
   <div class='ocr_carea' id='block_1_99' title="bbox 2151 4711 3734 4790">
    <p class='ocr_par' dir='ltr' id='par_1_99' title="bbox 2151 4711 3734 4790">
     <span class='ocr_line' id='line_1_99' title="bbox 2151 4711 3734 4790; baseline 0.006 -27"><span class='ocrx_word' id='word_1_712' title='bbox 2151 4715 2272 4776; x_wconf 87' lang='grc' dir='ltr'>ταῖς</span> <span class='ocrx_word' id='word_1_713' title='bbox 2318 4711 2413 4765; x_wconf 89' lang='grc' dir='ltr'><strong>τοῦ</strong></span> <span class='ocrx_word' id='word_1_714' title='bbox 2459 4711 2711 4782; x_wconf 86' lang='grc' dir='ltr'>σώματος</span> <span class='ocrx_word' id='word_1_715' title='bbox 2742 4715 2934 4785; x_wconf 82' lang='grc' dir='ltr'>ὥραις,</span> <span class='ocrx_word' id='word_1_716' title='bbox 2984 4717 3420 4786; x_wconf 78' lang='grc' dir='ltr'>κατηγωνίξοντο</span> <span class='ocrx_word' id='word_1_717' title='bbox 3462 4719 3734 4790; x_wconf 80' lang='grc' dir='ltr'>πένητας,</span> 
     </span>
    </p>
   </div>
   <div class='ocr_carea' id='block_1_100' title="bbox 2151 4813 3736 4891">
    <p class='ocr_par' dir='ltr' id='par_1_100' title="bbox 2151 4813 3736 4891">
     <span class='ocr_line' id='line_1_100' title="bbox 2151 4813 3736 4891; baseline 0.006 -25"><span class='ocrx_word' id='word_1_718' title='bbox 2151 4813 2244 4866; x_wconf 72' lang='grc' dir='ltr'><strong>καὶ</strong></span> <span class='ocrx_word' id='word_1_719' title='bbox 2269 4813 2611 4867; x_wconf 86' lang='grc' dir='ltr'>κατεπάτουν</span> <span class='ocrx_word' id='word_1_720' title='bbox 2654 4815 2926 4885; x_wconf 75' lang='grc' dir='ltr'>πτωχοὺς,</span> <span class='ocrx_word' id='word_1_721' title='bbox 2963 4819 3248 4888; x_wconf 79' lang='grc' dir='ltr'>μονονουχὶ</span> <span class='ocrx_word' id='word_1_722' title='bbox 3296 4821 3736 4891; x_wconf 84' lang='grc' dir='ltr'>καταφλέγουσαι</span> 
     </span>
    </p>
   </div>
   <div class='ocr_carea' id='block_1_101' title="bbox 2145 4905 3731 4976">
    <p class='ocr_par' dir='ltr' id='par_1_101' title="bbox 2145 4905 3731 4976">
     <span class='ocr_line' id='line_1_101' title="bbox 2145 4905 3731 4976; baseline 0.006 -19"><span class='ocrx_word' id='word_1_723' title='bbox 2145 4905 2286 4975; x_wconf 80' lang='grc' dir='ltr'>πρὸς</span> <span class='ocrx_word' id='word_1_724' title='bbox 2316 4906 2582 4969; x_wconf 73' lang='grc' dir='ltr'>ἐκτύπους</span> <span class='ocrx_word' id='word_1_725' title='bbox 2625 4905 2821 4976; x_wconf 82' lang='grc' dir='ltr'>ἡδονὰς</span> <span class='ocrx_word' id='word_1_726' title='bbox 2852 4907 2976 4969; x_wconf 78' lang='grc' dir='ltr'>τοὺς</span> <span class='ocrx_word' id='word_1_727' title='bbox 3020 4907 3383 4975; x_wconf 81' lang='grc' dir='ltr'>ἀσθενοῦντας</span> <span class='ocrx_word' id='word_1_728' title='bbox 3416 4914 3500 4976; x_wconf 84' lang='grc' dir='ltr'>εἰς</span> <span class='ocrx_word' id='word_1_729' title='bbox 3548 4915 3731 4975; x_wconf 75' lang='grc' dir='ltr'>τοῦτο,</span> 
     </span>
    </p>
   </div>
   <div class='ocr_carea' id='block_1_102' title="bbox 458 4968 2059 5075">
    <p class='ocr_par' dir='ltr' id='par_1_102' title="bbox 458 4968 2039 5048">
     <span class='ocr_line' id='line_1_102' title="bbox 458 4968 2039 5048; baseline 0.018 -28"><span class='ocrx_word' id='word_1_730' title='bbox 458 4981 588 5022; x_wconf 92' lang='lat' dir='ltr'><strong>num</strong></span> <span class='ocrx_word' id='word_1_731' title='bbox 628 4968 947 5040; x_wconf 89' lang='lat' dir='ltr'><strong>impulsibus</strong></span> <span class='ocrx_word' id='word_1_732' title='bbox 974 4989 1070 5029; x_wconf 92' lang='lat' dir='ltr'><strong>cor</strong></span> <span class='ocrx_word' id='word_1_733' title='bbox 1086 4976 1240 5032; x_wconf 81' lang='lat' dir='ltr'><strong>valde</strong></span> <span class='ocrx_word' id='word_1_734' title='bbox 1265 4981 1562 5037; x_wconf 90' lang='lat' dir='ltr'><strong>emollitum</strong></span> <span class='ocrx_word' id='word_1_735' title='bbox 1589 4994 1642 5039; x_wconf 91' lang='lat' dir='ltr'><strong>et</strong></span> <span class='ocrx_word' id='word_1_736' title='bbox 1673 4985 2039 5048; x_wconf 79' lang='lat' dir='ltr'><strong>eﬂ&#39;eminatum</strong></span> 
     </span>
    </p>
   </div>
   <div class='ocr_carea' id='block_1_103' title="bbox 2162 4968 3734 5075">
    <p class='ocr_par' dir='ltr' id='par_1_103' title="bbox 2162 4997 3734 5075">
     <span class='ocr_line' id='line_1_103' title="bbox 2162 4997 3734 5075; baseline 0.004 -27"><span class='ocrx_word' id='word_1_737' title='bbox 2162 4997 2234 5049; x_wconf 83' lang='grc' dir='ltr'><strong>ιαί</strong></span> <span class='ocrx_word' id='word_1_738' title='bbox 2254 4997 2525 5067; x_wconf 81' lang='grc' dir='ltr'>πτωχείαν</span> <span class='ocrx_word' id='word_1_739' title='bbox 2547 4997 2772 5069; x_wconf 80' lang='grc' dir='ltr'>ἔχοντας</span> <span class='ocrx_word' id='word_1_740' title='bbox 2794 5000 2892 5071; x_wconf 85' lang='grc' dir='ltr'>τὴν</span> <span class='ocrx_word' id='word_1_741' title='bbox 2917 5004 3316 5074; x_wconf 82' lang='grc' dir='ltr'>πνευματικήν.</span> <span class='ocrx_word' id='word_1_742' title='bbox 3335 5003 3402 5058; x_wconf 81' lang='grc' dir='ltr'><strong>Οἳ</strong></span> <span class='ocrx_word' id='word_1_743' title='bbox 3423 5004 3523 5075; x_wconf 82' lang='grc' dir='ltr'>τῆς</span> <span class='ocrx_word' id='word_1_744' title='bbox 3535 5005 3734 5058; x_wconf 84' lang='grc' dir='ltr'>ἄνωθεν</span> 
     </span>
    </p>
   </div>
   <div class='ocr_carea' id='block_1_104' title="bbox 456 5057 2036 5139">
    <p class='ocr_par' dir='ltr' id='par_1_104' title="bbox 456 5057 2036 5139">
     <span class='ocr_line' id='line_1_104' title="bbox 456 5057 2036 5139; baseline 0.016 -25"><span class='ocrx_word' id='word_1_745' title='bbox 456 5057 747 5117; x_wconf 86' lang='lat' dir='ltr'><strong>habebant.</strong></span> <span class='ocrx_word' id='word_1_746' title='bbox 810 5063 901 5120; x_wconf 84' lang='lat' dir='ltr'><strong>Hae</strong></span> <span class='ocrx_word' id='word_1_747' title='bbox 956 5068 1118 5137; x_wconf 84' lang='lat' dir='ltr'><strong>igitur</strong></span> <span class='ocrx_word' id='word_1_748' title='bbox 1169 5085 1350 5127; x_wconf 68' lang='lat' dir='ltr'><strong>vacca:</strong></span> <span class='ocrx_word' id='word_1_749' title='bbox 1378 5073 1611 5130; x_wconf 89' lang='lat' dir='ltr'><strong>dominis</strong></span> <span class='ocrx_word' id='word_1_750' title='bbox 1659 5077 1773 5134; x_wconf 90' lang='lat' dir='ltr'><strong>suis</strong></span> <span class='ocrx_word' id='word_1_751' title='bbox 1813 5079 2036 5139; x_wconf 88' lang='lat' dir='ltr'><strong>dicunt:</strong></span> 
     </span>
    </p>
   </div>
   <div class='ocr_carea' id='block_1_105' title="bbox 461 5151 2040 5242">
    <p class='ocr_par' dir='ltr' id='par_1_105' title="bbox 461 5151 2040 5242">
     <span class='ocr_line' id='line_1_105' title="bbox 461 5151 2040 5242; baseline 0.018 -38"><span class='ocrx_word' id='word_1_752' title='bbox 461 5168 483 5204; x_wconf 69' lang='grc' dir='ltr'><strong>ι</strong></span> <span class='ocrx_word' id='word_1_753' title='bbox 511 5151 648 5210; x_wconf 86' lang='lat' dir='ltr'><strong>Date</strong></span> <span class='ocrx_word' id='word_1_754' title='bbox 675 5156 828 5211; x_wconf 91' lang='lat' dir='ltr'><strong>nobis</strong></span> <span class='ocrx_word' id='word_1_755' title='bbox 860 5168 916 5212; x_wconf 93' lang='lat' dir='ltr'><strong>ut</strong></span> <span class='ocrx_word' id='word_1_756' title='bbox 947 5159 1218 5217; x_wconf 90' lang='lat' dir='ltr'><strong>bibamus.</strong></span> <span class='ocrx_word' id='word_1_757' title='bbox 1252 5185 1272 5218; x_wconf 76' lang='grc' dir='ltr'><strong>ι</strong></span> <span class='ocrx_word' id='word_1_758' title='bbox 1305 5165 1636 5225; x_wconf 67' lang='lat' dir='ltr'><strong>Mulierculas</strong></span> <span class='ocrx_word' id='word_1_759' title='bbox 1686 5171 1830 5228; x_wconf 91' lang='lat' dir='ltr'><strong>enim</strong></span> <span class='ocrx_word' id='word_1_760' title='bbox 1861 5189 2040 5242; x_wconf 71' lang='lat' dir='ltr'><strong>qures-</strong></span> 
     </span>
    </p>
   </div>
   <div class='ocr_carea' id='block_1_106' title="bbox 458 5247 2036 5332">
    <p class='ocr_par' dir='ltr' id='par_1_106' title="bbox 458 5247 2036 5332">
     <span class='ocr_line' id='line_1_106' title="bbox 458 5247 2036 5332; baseline 0.014 -33"><span class='ocrx_word' id='word_1_761' title='bbox 458 5247 645 5303; x_wconf 75' lang='lat' dir='ltr'><strong>tuariae</strong></span> <span class='ocrx_word' id='word_1_762' title='bbox 664 5265 880 5321; x_wconf 90' lang='lat' dir='ltr'><strong>semper</strong></span> <span class='ocrx_word' id='word_1_763' title='bbox 909 5253 1057 5308; x_wconf 86' lang='lat' dir='ltr'><strong>viros</strong></span> <span class='ocrx_word' id='word_1_764' title='bbox 1093 5267 1376 5326; x_wconf 87' lang='lat' dir='ltr'><strong>appetunt,</strong></span> <span class='ocrx_word' id='word_1_765' title='bbox 1423 5270 1477 5314; x_wconf 91' lang='lat' dir='ltr'><strong>et</strong></span> <span class='ocrx_word' id='word_1_766' title='bbox 1513 5276 1646 5329; x_wconf 90' lang='lat' dir='ltr'><strong>quos</strong></span> <span class='ocrx_word' id='word_1_767' title='bbox 1679 5263 2036 5332; x_wconf 87' lang='lat' dir='ltr'><strong>irretiverint,</strong></span> 
     </span>
    </p>
   </div>
   <div class='ocr_carea' id='block_1_107' title="bbox 455 5341 2044 5427">
    <p class='ocr_par' dir='ltr' id='par_1_107' title="bbox 455 5341 2044 5427">
     <span class='ocr_line' id='line_1_107' title="bbox 455 5341 2044 5427; baseline 0.013 -35"><span class='ocrx_word' id='word_1_768' title='bbox 455 5353 670 5395; x_wconf 83' lang='lat' dir='ltr'><strong>summa</strong></span> <span class='ocrx_word' id='word_1_769' title='bbox 705 5341 902 5398; x_wconf 89' lang='lat' dir='ltr'><strong>inertia</strong></span> <span class='ocrx_word' id='word_1_770' title='bbox 968 5355 1173 5401; x_wconf 89' lang='lat' dir='ltr'><strong>tantum</strong></span> <span class='ocrx_word' id='word_1_771' title='bbox 1235 5363 1342 5404; x_wconf 90' lang='lat' dir='ltr'><strong>non</strong></span> <span class='ocrx_word' id='word_1_772' title='bbox 1389 5353 1662 5408; x_wconf 87' lang='lat' dir='ltr'><strong>occidunt.</strong></span> <span class='ocrx_word' id='word_1_773' title='bbox 1702 5355 1764 5411; x_wconf 87' lang='lat' dir='ltr'><strong>Et</strong></span> <span class='ocrx_word' id='word_1_774' title='bbox 1795 5360 2044 5427; x_wconf 84' lang='lat' dir='ltr'><strong>quamvis</strong></span> 
     </span>
    </p>
   </div>
   <div class='ocr_carea' id='block_1_108' title="bbox 453 5431 2045 5520">
    <p class='ocr_par' dir='ltr' id='par_1_108' title="bbox 453 5431 2045 5520">
     <span class='ocr_line' id='line_1_108' title="bbox 453 5431 2045 5520; baseline 0.013 -35"><span class='ocrx_word' id='word_1_775' title='bbox 453 5446 550 5486; x_wconf 83' lang='lat' dir='ltr'><strong>eos</strong></span> <span class='ocrx_word' id='word_1_776' title='bbox 574 5431 822 5490; x_wconf 88' lang='lat' dir='ltr'><strong>dominos</strong></span> <span class='ocrx_word' id='word_1_777' title='bbox 851 5436 1107 5502; x_wconf 81' lang='lat' dir='ltr'><strong>habeant,</strong></span> <span class='ocrx_word' id='word_1_778' title='bbox 1161 5449 1339 5496; x_wconf 89' lang='lat' dir='ltr'><strong>tamen</strong></span> <span class='ocrx_word' id='word_1_779' title='bbox 1398 5453 1456 5498; x_wconf 92' lang='lat' dir='ltr'><strong>ut</strong></span> <span class='ocrx_word' id='word_1_780' title='bbox 1505 5447 1725 5503; x_wconf 90' lang='lat' dir='ltr'><strong>amasiis</strong></span> <span class='ocrx_word' id='word_1_781' title='bbox 1779 5449 2045 5520; x_wconf 89' lang='lat' dir='ltr'><strong>voluptati</strong></span> 
     </span>
    </p>
   </div>
   <div class='ocr_carea' id='block_1_109' title="bbox 452 5525 2046 5611">
    <p class='ocr_par' dir='ltr' id='par_1_109' title="bbox 452 5525 2046 5611">
     <span class='ocr_line' id='line_1_109' title="bbox 452 5525 2046 5611; baseline 0.016 -35"><span class='ocrx_word' id='word_1_782' title='bbox 452 5525 948 5596; x_wconf 81' lang='lat' dir='ltr'><strong>succumbentibus,</strong></span> <span class='ocrx_word' id='word_1_783' title='bbox 1001 5532 1168 5604; x_wconf 78' lang='lat'><strong>289</strong></span> <span class='ocrx_word' id='word_1_784' title='bbox 1216 5534 1359 5605; x_wconf 88' lang='lat' dir='ltr'><strong>quod</strong></span> <span class='ocrx_word' id='word_1_785' title='bbox 1410 5540 1648 5596; x_wconf 83' lang='lat' dir='ltr'><strong>maxime</strong></span> <span class='ocrx_word' id='word_1_786' title='bbox 1672 5543 1916 5611; x_wconf 90' lang='lat' dir='ltr'><strong>cupiunt,</strong></span> <span class='ocrx_word' id='word_1_787' title='bbox 1941 5545 2046 5601; x_wconf 89' lang='lat' dir='ltr'><strong>illis</strong></span> 
     </span>
    </p>
   </div>
   <div class='ocr_carea' id='block_1_110' title="bbox 453 5616 2041 5700">
    <p class='ocr_par' dir='ltr' id='par_1_110' title="bbox 453 5616 2041 5700">
     <span class='ocr_line' id='line_1_110' title="bbox 453 5616 2041 5700; baseline 0.016 -33"><span class='ocrx_word' id='word_1_788' title='bbox 453 5616 800 5680; x_wconf 83' lang='lat' dir='ltr'><strong>persuadent.</strong></span> <span class='ocrx_word' id='word_1_789' title='bbox 833 5618 940 5676; x_wconf 90' lang='lat' dir='ltr'><strong>Sed</strong></span> <span class='ocrx_word' id='word_1_790' title='bbox 971 5637 1064 5679; x_wconf 83' lang='lat' dir='ltr'><strong>vos</strong></span> <span class='ocrx_word' id='word_1_791' title='bbox 1104 5624 1346 5694; x_wconf 85' lang='lat' dir='ltr'><strong>quidem,</strong></span> <span class='ocrx_word' id='word_1_792' title='bbox 1387 5629 1581 5698; x_wconf 89' lang='lat' dir='ltr'><strong>inquit,</strong></span> <span class='ocrx_word' id='word_1_793' title='bbox 1618 5650 1636 5683; x_wconf 75' lang='grc' dir='ltr'><strong>ι</strong></span> <span class='ocrx_word' id='word_1_794' title='bbox 1677 5629 1722 5686; x_wconf 93' lang='grc' dir='ltr'><strong>Ο</strong></span> <span class='ocrx_word' id='word_1_795' title='bbox 1757 5648 1956 5700; x_wconf 65' lang='grc' dir='ltr'>νεαρξη,</span> <span class='ocrx_word' id='word_1_796' title='bbox 1991 5637 2041 5692; x_wconf 92' lang='lat' dir='ltr'><strong>in</strong></span> 
     </span>
    </p>
   </div>
   <div class='ocr_carea' id='block_1_111' title="bbox 541 5795 2032 5886">
    <p class='ocr_par' dir='ltr' id='par_1_111' title="bbox 541 5795 2032 5886">
     <span class='ocr_line' id='line_1_111' title="bbox 541 5795 2032 5886; baseline 0.013 -33"><span class='ocrx_word' id='word_1_797' title='bbox 541 5795 753 5855; x_wconf 66' lang='lat' dir='ltr'><strong>‘Eccli.</strong></span> <span class='ocrx_word' id='word_1_798' title='bbox 797 5817 917 5870; x_wconf 78' lang='lat' dir='ltr'><strong>xm,</strong></span> <span class='ocrx_word' id='word_1_799' title='bbox 951 5802 1040 5859; x_wconf 76' lang='lat'><strong>25.</strong></span> <span class='ocrx_word' id='word_1_800' title='bbox 1122 5809 1138 5836; x_wconf 71' lang='grc'>³</span> <span class='ocrx_word' id='word_1_801' title='bbox 1163 5806 1356 5866; x_wconf 79' lang='lat' dir='ltr'><strong>Matth.</strong></span> <span class='ocrx_word' id='word_1_802' title='bbox 1395 5825 1452 5877; x_wconf 71' lang='grc' dir='ltr'><strong>ν,</strong></span> <span class='ocrx_word' id='word_1_803' title='bbox 1616 5813 1635 5843; x_wconf 72' lang='grc'><strong>⁸</strong></span> <span class='ocrx_word' id='word_1_804' title='bbox 1663 5810 1790 5884; x_wconf 88' lang='lat' dir='ltr'><strong>Sap.</strong></span> <span class='ocrx_word' id='word_1_805' title='bbox 1826 5830 1904 5886; x_wconf 82' lang='lat' dir='ltr'><strong>tu,</strong></span> <span class='ocrx_word' id='word_1_806' title='bbox 1950 5816 2032 5873; x_wconf 69' lang='lat' dir='ltr'><strong>l5.</strong></span> 
     </span>
    </p>
   </div>
   <div class='ocr_carea' id='block_1_112' title="bbox 2137 5085 3732 5162">
    <p class='ocr_par' dir='ltr' id='par_1_112' title="bbox 2137 5085 3732 5162">
     <span class='ocr_line' id='line_1_112' title="bbox 2137 5085 3732 5162; baseline 0.004 -24"><span class='ocrx_word' id='word_1_807' title='bbox 2137 5085 2450 5151; x_wconf 82' lang='grc' dir='ltr'>εὐσθενείας</span> <span class='ocrx_word' id='word_1_808' title='bbox 2483 5087 2572 5140; x_wconf 79' lang='grc' dir='ltr'><strong>τὸν</strong></span> <span class='ocrx_word' id='word_1_809' title='bbox 2605 5087 2837 5143; x_wconf 83' lang='grc' dir='ltr'>πλοῦτον</span> <span class='ocrx_word' id='word_1_810' title='bbox 2863 5091 2964 5144; x_wconf 76' lang='grc' dir='ltr'>οὐκ</span> <span class='ocrx_word' id='word_1_811' title='bbox 2998 5092 3235 5162; x_wconf 83' lang='grc' dir='ltr'>ἔχοντες,</span> <span class='ocrx_word' id='word_1_812' title='bbox 3265 5097 3376 5158; x_wconf 86' lang='grc' dir='ltr'>τοῖς</span> <span class='ocrx_word' id='word_1_813' title='bbox 3408 5095 3517 5147; x_wconf 87' lang='grc' dir='ltr'><strong>τῶν</strong></span> <span class='ocrx_word' id='word_1_814' title='bbox 3549 5093 3732 5148; x_wconf 81' lang='grc' dir='ltr'>παθῶν</span> 
     </span>
    </p>
   </div>
   <div class='ocr_carea' id='block_1_113' title="bbox 2138 5178 3733 5258">
    <p class='ocr_par' dir='ltr' id='par_1_113' title="bbox 2138 5178 3733 5258">
     <span class='ocr_line' id='line_1_113' title="bbox 2138 5178 3733 5258; baseline 0.006 -29"><span class='ocrx_word' id='word_1_815' title='bbox 2138 5178 2468 5248; x_wconf 76' lang='grc' dir='ltr'>προσϐολαῖς</span> <span class='ocrx_word' id='word_1_816' title='bbox 2507 5180 2905 5254; x_wconf 76' lang='grc' dir='ltr'>εὐδιάθρυπτον</span> <span class='ocrx_word' id='word_1_817' title='bbox 2940 5183 3124 5254; x_wconf 81' lang='grc' dir='ltr'>έχουσι</span> <span class='ocrx_word' id='word_1_818' title='bbox 3158 5185 3258 5256; x_wconf 80' lang='grc' dir='ltr'><strong>τὴν</strong></span> <span class='ocrx_word' id='word_1_819' title='bbox 3288 5185 3531 5258; x_wconf 86' lang='grc' dir='ltr'>καρδίαν.</span> <span class='ocrx_word' id='word_1_820' title='bbox 3568 5180 3733 5240; x_wconf 68' lang='grc' dir='ltr'>Αὗται</span> 
     </span>
    </p>
   </div>
   <div class='ocr_carea' id='block_1_114' title="bbox 2141 5266 3726 5351">
    <p class='ocr_par' dir='ltr' id='par_1_114' title="bbox 2141 5266 3726 5351">
     <span class='ocr_line' id='line_1_114' title="bbox 2141 5266 3726 5351; baseline 0.005 -28"><span class='ocrx_word' id='word_1_821' title='bbox 2141 5269 2206 5341; x_wconf 83' lang='grc' dir='ltr'>δὴ</span> <span class='ocrx_word' id='word_1_822' title='bbox 2251 5266 2342 5324; x_wconf 85' lang='grc' dir='ltr'><strong>οῦν</strong></span> <span class='ocrx_word' id='word_1_823' title='bbox 2397 5274 2453 5326; x_wconf 82' lang='grc' dir='ltr'>αἱ</span> <span class='ocrx_word' id='word_1_824' title='bbox 2511 5273 2772 5346; x_wconf 84' lang='grc' dir='ltr'>δαμάλεις</span> <span class='ocrx_word' id='word_1_825' title='bbox 2828 5276 3045 5345; x_wconf 86' lang='grc' dir='ltr'>λέγουσι</span> <span class='ocrx_word' id='word_1_826' title='bbox 3095 5281 3209 5342; x_wconf 86' lang='grc' dir='ltr'>τοῖς</span> <span class='ocrx_word' id='word_1_827' title='bbox 3262 5280 3474 5351; x_wconf 86' lang='grc' dir='ltr'>κυρίοις</span> <span class='ocrx_word' id='word_1_828' title='bbox 3499 5279 3680 5333; x_wconf 77' lang='grc' dir='ltr'>αὐτῶν</span> <span class='ocrx_word' id='word_1_829' title='bbox 3711 5293 3726 5308; x_wconf 79' lang='lat'><strong><em>‘</em></strong></span> 
     </span>
    </p>
   </div>
   <div class='ocr_carea' id='block_1_115' title="bbox 2151 5365 3746 5459">
    <p class='ocr_par' dir='ltr' id='par_1_115' title="bbox 2151 5365 3746 5459">
     <span class='ocr_line' id='line_1_115' title="bbox 2151 5365 3746 5459; baseline 0.007 -44"><span class='ocrx_word' id='word_1_830' title='bbox 2151 5382 2169 5414; x_wconf 75' lang='grc' dir='ltr'><strong>ι</strong></span> <span class='ocrx_word' id='word_1_831' title='bbox 2195 5365 2441 5419; x_wconf 84' lang='grc' dir='ltr'>Ἐπίδοτε</span> <span class='ocrx_word' id='word_1_832' title='bbox 2476 5369 2608 5439; x_wconf 84' lang='grc' dir='ltr'>ἡμῖν</span> <span class='ocrx_word' id='word_1_833' title='bbox 2630 5369 2779 5433; x_wconf 83' lang='grc' dir='ltr'>ὅπως</span> <span class='ocrx_word' id='word_1_834' title='bbox 2809 5369 3042 5442; x_wconf 89' lang='grc' dir='ltr'>πίωμεν.</span> <span class='ocrx_word' id='word_1_835' title='bbox 3074 5390 3092 5423; x_wconf 74' lang='grc' dir='ltr'><strong>ι</strong></span> <span class='ocrx_word' id='word_1_836' title='bbox 3148 5372 3600 5445; x_wconf 81' lang='grc' dir='ltr'>Περιανδρίζεται</span> <span class='ocrx_word' id='word_1_837' title='bbox 3628 5373 3746 5459; x_wconf 71' lang='grc' dir='ltr'><strong>γὰρ</strong></span> 
     </span>
    </p>
   </div>
   <div class='ocr_carea' id='block_1_116' title="bbox 2147 5455 3752 5534">
    <p class='ocr_par' dir='ltr' id='par_1_116' title="bbox 2147 5455 3752 5534">
     <span class='ocr_line' id='line_1_116' title="bbox 2147 5455 3752 5534; baseline 0.005 -27"><span class='ocrx_word' id='word_1_838' title='bbox 2147 5455 2235 5508; x_wconf 72' lang='grc' dir='ltr'><strong>ἀεὶ</strong></span> <span class='ocrx_word' id='word_1_839' title='bbox 2271 5456 2340 5510; x_wconf 85' lang='grc' dir='ltr'>τὰ</span> <span class='ocrx_word' id='word_1_840' title='bbox 2382 5458 2492 5513; x_wconf 92' lang='grc' dir='ltr'><strong>τῶν</strong></span> <span class='ocrx_word' id='word_1_841' title='bbox 2549 5459 2788 5528; x_wconf 84' lang='grc' dir='ltr'>γυναίων</span> <span class='ocrx_word' id='word_1_842' title='bbox 2843 5461 3261 5531; x_wconf 72' lang='grc' dir='ltr'>έταιριζρμενα,</span> <span class='ocrx_word' id='word_1_843' title='bbox 3308 5464 3404 5518; x_wconf 78' lang='grc' dir='ltr'><strong>καὶ</strong></span> <span class='ocrx_word' id='word_1_844' title='bbox 3455 5455 3752 5534; x_wconf 81' lang='grc' dir='ltr'>βλακείαις</span> 
     </span>
    </p>
   </div>
   <div class='ocr_carea' id='block_1_117' title="bbox 2147 5549 3752 5626">
    <p class='ocr_par' dir='ltr' id='par_1_117' title="bbox 2147 5549 3752 5626">
     <span class='ocr_line' id='line_1_117' title="bbox 2147 5549 3752 5626; baseline 0.008 -27"><span class='ocrx_word' id='word_1_845' title='bbox 2147 5549 2269 5612; x_wconf 84' lang='grc' dir='ltr'>ταῖς</span> <span class='ocrx_word' id='word_1_846' title='bbox 2294 5549 2435 5618; x_wconf 84' lang='grc' dir='ltr'>ἄγαν</span> <span class='ocrx_word' id='word_1_847' title='bbox 2467 5553 2752 5623; x_wconf 79' lang='grc' dir='ltr'>μονονουχὶ</span> <span class='ocrx_word' id='word_1_848' title='bbox 2802 5553 2897 5605; x_wconf 75' lang='grc' dir='ltr'><strong>καὶ</strong></span> <span class='ocrx_word' id='word_1_849' title='bbox 2927 5555 3310 5609; x_wconf 84' lang='grc' dir='ltr'>ἀποκτείνουσι</span> <span class='ocrx_word' id='word_1_850' title='bbox 3358 5557 3488 5620; x_wconf 83' lang='grc' dir='ltr'>τοὺς</span> <span class='ocrx_word' id='word_1_851' title='bbox 3531 5573 3752 5626; x_wconf 79' lang='grc' dir='ltr'>συνηρ-</span> 
     </span>
    </p>
   </div>
   <div class='ocr_carea' id='block_1_118' title="bbox 2154 5643 3752 5716">
    <p class='ocr_par' dir='ltr' id='par_1_118' title="bbox 2154 5643 3752 5716">
     <span class='ocr_line' id='line_1_118' title="bbox 2154 5643 3752 5716; baseline 0.005 -22"><span class='ocrx_word' id='word_1_852' title='bbox 2154 5643 2488 5713; x_wconf 77' lang='grc' dir='ltr'>πασμένους.</span> <span class='ocrx_word' id='word_1_853' title='bbox 2527 5645 2646 5700; x_wconf 84' lang='grc' dir='ltr'><strong>Κάν</strong></span> <span class='ocrx_word' id='word_1_854' title='bbox 2680 5645 3020 5710; x_wconf 62' lang='grc' dir='ltr'>εἰδεσπότας</span> <span class='ocrx_word' id='word_1_855' title='bbox 3044 5645 3218 5716; x_wconf 67' lang='grc' dir='ltr'>ἔχοιεν</span> <span class='ocrx_word' id='word_1_856' title='bbox 3249 5649 3462 5714; x_wconf 79' lang='grc' dir='ltr'>αὐτοὺς,</span> <span class='ocrx_word' id='word_1_857' title='bbox 3494 5647 3611 5702; x_wconf 79' lang='grc' dir='ltr'>ἀλλ’</span> <span class='ocrx_word' id='word_1_858' title='bbox 3640 5644 3752 5702; x_wconf 64' lang='grc' dir='ltr'>οὖν</span> 
     </span>
    </p>
   </div>
  </div>
