4132 6370
480 387 593 444 4'17"

1440 394 1991 456 COMMENTARIUS
2033 399 2102 454 ΙΝ
2141 400 2332 458 AMOS
2368 400 2818 461 PROPHETAM.

3632 407 3739 461 £78

479 501 720 572 ὲρῶντας
743 506 862 568 ταῖς
888 505 1244 575 ἡδυπαθείαις
1279 510 1754 584 ὑπεστρωμένους,
1788 516 1851 570 τὸ
1877 517 2043 570 αὑτοῖς

2163 519 2330 575 armis
2359 521 2567 589 tollent,
2619 539 2638 574 ι
2675 538 2780 576 non
2837 529 2896 576 ut
2965 528 3255 588 amatores,
3317 521 3412 593 qui
3459 521 3741 581 adulantes

480 592 562 644 ὅτι
597 592 832 662 μάλιστα
893 594 1086 649 δοκοῦν
1138 599 1380 668 πληροῦν
1449 604 1860 660 ἀναπείθουσιν.
1916 606 2058 660 Ἀλλ’

481 683 625 753 ὑμᾶς
649 685 770 755 μὲν,
804 687 990 756 φησὶν,
1013 684 1110 741 «Ὦ
1130 689 1412 760 δαμάλεις,
1437 695 1493 746 ἐν
1522 695 1706 760 ὅπλοις
1733 696 2016 766 λήψονται,
2033 717 2049 748 ι

477 775 580 829 οὑκ
598 777 655 829 ὲν
677 777 826 844 τάξει
854 778 962 831 τῶν
989 779 1239 850 ἐρώντων
1269 785 1570 852 γεγονότες,
1596 787 1645 839 οἳ
1673 788 2060 852 κολακεύοντες

480 867 852 931 ἀναπείθουσι,
907 871 1003 923 καὶ
1036 873 1480 945 ὑποκοριζόμενοι
1531 877 1915 948 θεραπεύουσι,
1969 880 2059 932 διά

477 973 560 1014 ⁸ῑίοι
610 959 669 1010 τὸ
715 959 835 1014 λίαν
874 962 1140 1032 ἡττῆσθαι
1192 965 1294 1034 τῆς
1348 967 1428 1030 εἰς
1479 968 1622 1038 ὑμᾶς
1673 970 1884 1040 ἡδονῆς,
1936 970 2057 1024 ἀλλ’

478 1046 668 1117 ὠμῶς,
715 1051 808 1104 καί.
841 1052 1069 1119 ἀγρίως,
1109 1057 1203 1109 καὶ
1229 1055 1379 1128 νόμῳ
1419 1058 1691 1130 πολέμου,
1730 1063 1824 1114 καὶ
1859 1062 2056 1123 αὑτοὺς

477 1137 531 1190 δὲ
554 1141 677 1204 τοὺς
709 1142 828 1211 μεθ’
860 1144 1014 1213 ὑμῶν
1037 1148 1164 1211 τοὺς
1210 1149 1534 1219 τρυφῶντας
1575 1151 1809 1222 ἐραστὰς
1847 1169 2055 1220 κατεμ-

2169 613 2512 680 persuadent,
2534 613 2625 682 qui
2667 613 2827 668 rebus
2861 627 3053 682 parum
3104 611 3347 668 honestis
3386 613 3610 669 honesta
3643 631 3742 670 no-

2162 704 2308 758 mina
2364 715 2726 773 praetexentes
2793 704 3206 772 obsequuntur,
3275 705 3416 774 quod
3476 705 3739 776 voluptati

2160 808 2323 862 quam
2360 809 2389 847 e
2412 793 2565 848 vobis
2594 795 2840 862 capiunt,
2883 794 3235 848 vehementer
3268 795 3599 860 inserviant;
3643 794 3738 847 sed

2163 877 2457 931 crudeliter
2480 893 2544 932 ac
2567 878 2847 942 ferociter,
2878 887 2934 932 et
2967 878 3082 948 lege
3112 879 3306 932 bellica
3347 881 3495 948 ipsos
3524 893 3739 947 quoque

2163 965 2438 1021 vobiscum
2500 968 2832 1022 colludentes
2883 977 3154 1022 amatores
3209 970 3459 1024 vendent.
3505 969 3732 1022 Nndatae

2163 1067 2338 1113 autem
2372 1074 2466 1112 vos
2507 1060 2702 1128 ineptis
2730 1059 2834 1114 illis
2869 1059 3127 1122 cultibus,
3167 1061 3217 1112 in
3259 1069 3496 1115 montem
3532 1057 3738 1114 Ehem-

2163 1165 2268 1203 nan
2297 1149 2640 1204 auferemini.

475 1237 779 1308 πορίσουσι.
826 1241 1034 1311 Γυμναὶ
1071 1243 1127 1296 δέ
1165 1244 1323 1315 ὑμεῖς
1375 1244 1484 1298 τῶν
1552 1246 1798 1300 ἐκτόπων
1846 1246 2070 1300 ἐκείνων
2140 1244 2472 1316 ὡραῖα-μῶν,
2519 1245 2599 1307 είς
2644 1244 2706 1298 τὸ
2767 1245 2892 1317 δρός
2947 1246 3008 1298 τὺ
3071 1245 3316 1316 Ῥεμνᾶν.
3354 1244 3728 1314 ἀπο-(ομισθή-

477 1331 660 1384 σεσθε.

543 1419 874 1490 Εἱσήλθετε
910 1427 999 1490 εἰς
1052 1426 1282 1495 Βαιθὴλ
1305 1469 1321 1492 ,
1373 1429 1471 1482 καὶ
1531 1430 1905 1496 ἠσεϐήσατε,
1949 1429 2048 1484 καὶ

471 1515 559 1579 εἰς
589 1514 896 1582 Fa.1;~a.lz‘z,
929 1515 1027 1568 καί
1059 1517 1436 1584 ἐπληθύνατε
1470 1520 1574 1572 τοῦ
1597 1519 1914 1588 ἀσεϐῆσαι.

538 1605 661 1657 ΛΕ’.
691 1604 1069 1676 Παρατίθησιν
1092 1607 1254 1672 εὐθὺς
1287 1611 1404 1673 ταῖς
1431 1609 1609 1673 δίκαις
1639 1611 1704 1664 τὰ
1726 1610 2052 1682 πλημμελή-

471 1713 636 1766 ματα,
679 1698 773 1750 καὶ
795 1701 913 1762 ταῖς
941 1699 1050 1752 τῶν
1080 1699 1270 1754 δεινῶν
1313 1701 1621 1772 ἀφηγήσεσι
1647 1703 1862 1771 γείτονα
1891 1706 2052 1756 ποιεῖ-

470 1803 566 1841 ται
588 1789 875 1860 χρησίμως
897 1791 994 1860 τὴν
1019 1791 1128 1844 τῶν
1161 1792 1684 1863 ἀνοσιουργημάτων
1711 1793 1932 1860 ἔνδειξιν
1968 1795 2040 1847 ἐν·

469 1880 640 1951 αργῆν
695 1880 771 1944 ὡς
823 1881 890 1934 ἂν
945 1882 1020 1952 μὴ
1073 1885 1542 1954 καταμωμήσαιτό
1586 1902 1701 1948 τις,
1755 1886 1892 1956 μήτε
1946 1887 2052 1956 μὴν

467 1970 762 2040 ἐπαιτιῶ-ρο
807 1971 959 2037 Θεὸν,
1018 1973 1092 2036 ὡς
1139 1975 1583 2046 ἀπηνεστέρανῆ
1641 1976 1808 2047 ἐχρῆν
1861 1977 2051 2048 ποινὴν

467 2065 850 2136 ἐπαρτήσαντα
873 2069 986 2130 τοῖς
1013 2067 1071 2132 ἐξ
1122 2069 1360 2139 Ἰσραήλ.
1392 2070 1528 2124 Τάδε
1555 2070 1685 2141 γὰρ,
1717 2072 1903 2142 φησιν,
1931 2071 2050 2142 ἥξει

467 2157 553 2227 ἐφ’
589 2157 753 2227 ὑμᾶς,
784 2159 877 2211 καὶ
907 2159 1051 2212 τάδε.
1080 2160 1189 2212 Καὶ
1239 2161 1355 2213 ἀνθ’
1383 2162 1506 2214 ὅτου
1564 2163 1643 2226 εἰς
1689 2163 1852 2233 μέσον
1892 2162 2012 2233 ἥξει
2035 2203 2049 2227 ,

467 2246 586 2318 βοᾷ,
619 2267 636 2298 ι
667 2248 957 2318 Εἰσήλθετε
983 2251 1060 2312 είς
1091 2250 1312 2322 Βαιθὴλ.
1344 2253 1438 2306 καὶ
1484 2254 1818 2323 ὴνομήσατε,
1855 2272 1874 2305 ι
1912 2253 2041 2306 ἔνθα

465 2339 570 2410 τὴν
600 2340 830 2411 δάμαλιν
860 2342 1094 2396 ἀπέθετο
1134 2343 1234 2414 τὴν
1272 2345 1478 2415 χρυσῆν
1520 2345 1548 2397 ό
1590 2344 1850 2417 θεομισὴς
1889 2347 2050 2417 Ἰερο-

464 2431 630 2504 σοάμ.
693 2432 840 2486 Ἐκεῖ
887 2434 1096 2499 δεινῶς,
1151 2436 1247 2490 καὶ
1297 2436 1542 2500 ἐκτόπως
1597 2439 2046 2509 παρανομοῦντες

464 2523 765 2587 ᾴλώσεσθε.
800 2527 1219 2598 Νενομοθέτηκα
1253 2529 1353 2599 μέν
1375 2529 1484 2600 γὰρ
1513 2530 1600 2583 διὰ
1626 2531 1891 2596 Μωσέως,
1930 2553 1946 2581 ι
1972 2533 2044 2584 Οὑ

463 2617 708 2686 ποιήσεις
737 2616 952 2689 σεαυτῷ
985 2617 1140 2681 θεοὺς
1173 2619 1406 2689 χρυσοῦς
1445 2620 1538 2672 καὶ
1578 2620 1733 2685 θεοὺς
1752 2622 2045 2692 ἀργυροῦς,

465 2707 562 2760 καὶ
591 2706 796 2778 Κύριόν
825 2724 919 2761 σου
956 2711 1389 2780 προσκυνήσεις,
1452 2713 1548 2765 καὶ
1580 2713 1730 2784 αὑτῷ
1765 2715 1911 2786 μόνῳ
1950 2715 2045 2769 λα-

462 2797 736 2868 τρεύσεις.
767 2819 786 2852 ι
848 2801 1012 2854 Αὑτοί
1069 2802 1124 2854 δὲ
1159 2802 1250 2855 τὸν
1301 2804 1432 2873 ἐμὲν
1477 2803 1834 2872 διαγελῶντες
1883 2809 2046 2877 νόμον

463 2889 973 2960 προσκεκυνήκατε,
1008 2890 1164 2960 φησὶ,
1214 2895 1325 2953 τοῖς
1373 2891 1556 2963 ἔργοις
1601 2894 1712 2946 τῶν
1766 2896 1909 2949 ἰδίων
1937 2914 2048 2965 χει-

463 2977 594 3048 ρῶν,
624 2978 718 3030 καὶ
747 2979 954 3048 χρυσῆν
980 2979 1216 3050 ὁρῶντες
1239 2981 1493 3051 δάμαλιν,
1529 2982 1624 3039 καὶ
1655 2981 1859 3054 ἄψυχον
1890 2983 2044 3052 ὓλην,

461 3069 896 3142 ἐκαρτερήσατε,
913 3072 1162 3140 λέγοντος
1195 3073 1288 3127 τοῦ
1309 3075 1408 3145 τὴν
1431 3074 1640 3147 πλάνην
1665 3075 2040 3146 ἐξευρηκότος,

466 3180 487 3214 ι
524 3155 684 3216 οὗτοι
713 3165 761 3217 οἰ
811 3164 922 3218 θεοί
954 3182 1070 3232 σου,
1123 3166 1360 3238 Ἰσραὴλ,
1398 3168 1452 3220 οἵ
1487 3185 1630 3231 τινες
1681 3169 1950 3238 ἀνήγαγόν
1982 3187 2039 3221 σε
2068 3190 2108 3246 c

457 3253 526 3305 ἐκ
555 3253 660 3323 γῆς
680 3253 976 3322 Αἰγύπτου.
1018 3275 1036 3306 ι
1077 3257 1342 3328 Πλείστην
1371 3259 1428 3312 δὲ
1465 3259 1597 3329 ὅσην
1627 3260 1914 3330 εἴργασται
1944 3261 2042 3331 τὴν

460 3342 718 3398 ἀσέϐειαν
747 3346 806 3398 ἐν
832 3346 1146 3415 Γαλγάλοις.
1184 3348 1348 3413 Πόλις
1374 3348 1430 3402 δὲ
1465 3349 1602 3420 αῦτη
1629 3351 1737 3403 τῶν
1777 3352 2041 3422 Ἰορδάνου

459 3435 718 3506 ναμάτων
771 3436 1050 3502 ἐπέκεινα,
1102 3438 1292 3503 δεινῶς
1347 3442 1696 3496 ἀπονεύσασα
1743 3445 1881 3515 πρὸς
1906 3447 2042 3500 ἀπό-

460 3544 671 3581 στασιν.
702 3528 815 3582 Καὶ
844 3529 973 3597 γοῦν
995 3529 1098 3602 ἔφη
1135 3531 1264 3601 περὶ
1309 3533 1477 3603 αὐτῆς
1515 3537 1544 3588 ό
1569 3535 1677 3587 τῶν
1705 3535 1846 3590 ὅλων
1873 3537 2004 3600 Θεὸς
2025 3579 2038 3598 ,

464 3636 486 3673 ι
511 3620 690 3673 Πᾶσαι
709 3620 765 3674 αἰ
795 3620 982 3674 κακίαι
1007 3621 1188 3676 αὑτῶν
1220 3624 1300 3687 εἰς
1341 3624 1611 3693 Γάλγαλα.
1644 3627 1769 3682 Ὀτι
1799 3629 1917 3681 ἐκεῖ
1937 3629 2035 3682 αὑ-

456 3710 585 3773 τοὺς
618 3710 855 3782 ἐμίσησα
883 3713 970 3766 διὰ
1000 3713 1096 3776 τὰς
1126 3715 1321 3778 κακίας
1343 3716 1452 3769 τῶν
1483 3719 1926 3789 ἐπιτηδευμάτων
1945 3721 2041 3772 αὑ-

456 3798 587 3863 τῶν,
629 3817 647 3851 ι
751 3817 915 3870 φησιν
939 3802 966 3852 ό
991 3802 1424 3874 Παροιμιαστὴς,
1460 3824 1477 3855 ι
1521 3805 1778 3859 Ἐνώπιόν
1796 3809 1902 3861 εἰσι
1929 3809 2040 3862 τῶν

459 3892 556 3946 τοῦ
609 3892 744 3946 Θεοῦ
780 3893 1075 3962 ὀφθαλμῶν
1113 3893 1222 3947 ὁδοὶ
1273 3895 1485 3966 ἀνδρὸς,
1522 3898 1602 3960 εἰς
1634 3897 1691 3950 δὲ
1736 3899 1915 3963 πάσας
1937 3901 2039 3964 τὰς

457 3984 679 4054 τροχιὰς
715 3983 881 4038 αὑτοῦ
912 3983 1188 4039 σκοπεὺει.
1226 4005 1244 4038 ι
1282 3987 1392 4040 Καὶ
1418 3989 1738 4058 ἀποδέχεται
1780 3991 1878 4060 μὲν
1915 3993 2042 4055 τοὺς

456 4073 772 4146 ὀρθοποδεῖν
815 4076 1292 4146 μεμελετηκότας*
1348 4079 1748 4134 ἀποσείεταιδέ
1795 4081 1887 4135 τόν
1935 4082 2041 4147 ἔξω

460 4167 718 4238 βαίνοντα
744 4167 846 4238 τῆς
890 4168 1126 4235 εὐθείας,
1156 4169 1250 4222 καὶ
1293 4171 1376 4240 ἐφ’
1404 4171 1437 4224 ἃ
1483 4171 1556 4243 μὴ
1588 4175 1856 4245 προσήκει
1903 4176 2038 4228 ἰέναι

460 4260 846 4324 σπουδάζοντα.

525 4351 634 4406 Καὶ
660 4352 948 4420 ἠνέγκατε
988 4354 1077 4417 εἰς
1119 4353 1275 4420 πρωῒ
1325 4353 1548 4407 θυσίαν
1569 4353 1753 4423 ὑμῶν,
1780 4359 1868 4422 εἰς
1923 4358 2040 4424 τὴν

457 4443 798 4511 πριημερίαν
820 4441 890 4495 τὰ
915 4443 1240 4496 ἐπιδέκατα
1283 4443 1470 4512 ὑμῶν.
1518 4445 1630 4498 Καὶ
1677 4445 2033 4516 ἀνέγνωσαν

2227 1423 2386 1478 Vitas.
2424 1425 2477 1478 4.
2517 1423 2743 1478 Venistis
2771 1426 2840 1478 at!
2863 1424 3064 1491 Bethel,
3093 1437 3151 1479 et-
3177 1425 3336 1494 impie
3368 1427 3572 1493 egistis,
3604 1437 3652 1481 et
3681 1427 3737 1481 in

2156 1514 2399 1582 Culgala,
2432 1527 2479 1569 et
2505 1515 2896 1580 multiplicastis
2932 1527 2987 1569 ut
3022 1516 3178 1584 impie
3208 1517 3449 1584 ageretis.

2225 1605 2445 1660 XXXV.
2480 1608 2710 1677 Apponit
2733 1607 2920 1662 statim
2959 1606 3258 1660 ultionibus
3291 1618 3536 1673 peccata,
3579 1607 3732 1663 cala-

2161 1697 2516 1767 mitatumque
2547 1697 2950 1753 narrationibus
3002 1697 3266 1752 scelerate
3303 1697 3568 1752 factorum
3620 1715 3736 1753 ma-

2163 1788 2413 1843 nifestam
2433 1790 2952 1844 demonstrationem
2972 1789 3178 1844 utiliter
3204 1790 3469 1859 adjungit.
3491 1799 3549 1844 ut
3576 1806 3735 1846 nemo

2155 1881 2419 1947 derideat,
2453 1896 2626 1950 neque
2662 1882 2982 1935 criminetur
3014 1881 3204 1944 Deum,
3238 1889 3295 1934 ut
3331 1883 3423 1949 qui
3448 1883 3728 1938 crudelio-

2156 1988 2268 2028 rem
2296 1985 2534 2040 pmuam,
2567 1987 2730 2042 quam
2758 1987 2856 2041 pro
2879 1972 3072 2027 merito
3096 1972 3356 2028 lsraelitis
3387 1973 3730 2043 imposuerit.

2152 2063 2279 2118 Haec
2299 2063 2465 2129 enim,
2495 2073 2550 2117 et
2581 2065 2694 2117 haec
2749 2064 2986 2128 venient,
3041 2063 3238 2132 inquit,
3299 2079 3465 2134 super
3522 2081 3638 2120 vos.
3667 2067 3734 2120 Et

2151 2157 2274 2224 quia
2319 2158 2370 2210 in
2413 2155 2651 2210 medimn
2699 2157 2938 2220 venient,
2994 2155 3192 2209 clamat
3243 2175 3256 2211 :
3311 2174 3332 2208 ι
3383 2156 3620 2214 Venistis
3677 2159 3732 2213 in

2151 2247 2360 2310 Bethel,
2391 2255 2446 2300 et
2493 2246 2654 2315 impie
2697 2246 2906 2315 egistis,
2973 2263 2994 2298 ι
3072 2249 3162 2301 ubi
3224 2248 3450 2302 vitulum
3504 2263 3731 2304 aureum

2151 2339 2429 2393 constituit
2473 2337 2582 2392 Deo
2622 2337 2830 2391 invisus
2871 2336 3162 2392 Jeroboam
3198 2341 3240 2392 ⁷.
3280 2339 3358 2394 lbi
3410 2341 3648 2410 graviter
3676 2348 3732 2394 et
3776 2322 3781 2332 “

2151 2430 2357 2486 nefarie
2387 2431 2555 2501 legem
2587 2431 2824 2486 violasse
2876 2432 3281 2487 convincimini.
3311 2432 3429 2486 Tnli
3457 2434 3601 2486 enim
3636 2448 3732 2501 per

2151 2523 2413 2594 Moysen:
2464 2542 2482 2575 ι
2511 2522 2624 2577 Non
2660 2524 2825 2579 facies
2869 2526 2962 2580 tibi
3013 2527 3142 2581 deos
3199 2540 3390 2580 aureos
3434 2535 3489 2579 et
3541 2542 3734 2594 argen-

2152 2619 2304 2672 teos“
2322 2659 2338 2685 ,
2359 2616 2642 2672 Dominum
2665 2618 2830 2673 Deum
2857 2630 3002 2672 tuum
3037 2619 3309 2682 adorabis,
3333 2629 3382 2672 et
3403 2619 3474 2672 illi
3494 2618 3594 2673 soli
3615 2635 3732 2674 ser-

2148 2709 2260 2765 vies
2287 2710 2330 2762 ⁸.
2373 2729 2391 2762 ι
2427 2709 2534 2764 Vos
2573 2719 2756 2765 autem
2817 2711 3103 2764 irridentes
3153 2710 3324 2780 legem
3371 2725 3567 2773 meam,
3597 2711 3728 2764 ado—

2151 2802 2331 2864 rastis,
2359 2801 2552 2870 inquit,
2577 2816 2740 2870 opera
2761 2817 3015 2856 manuum
3043 2809 3374 2854 vestrarum.
3411 2800 3473 2853 Et
3504 2817 3726 2854 aureum

2148 2902 2439 2948 cernentes
2465 2891 2715 2956 vitulum,
2773 2901 2827 2948 et
2885 2893 3168 2946 materiam
3231 2893 3548 2957 inaniinani,
3579 2894 3727 2960 passi

2147 2987 2278 3040 estis
2321 3002 2474 3056 aequo
2531 2989 2732 3053 animo,
2785 2987 2996 3040 dicente
3058 2985 3260 3039 erroris
3307 2996 3528 3040 auctore
3563 3002 3576 3036 :
3611 3004 3630 3037 ι
3661 2985 3725 3039 l-li

2146 3085 2271 3128 sunt
2300 3077 2373 3131 dii
2429 3077 2526 3142 tui,
2587 3075 2770 3140 Israel,
2835 3075 2926 3144 qui
2981 3076 3286 3130 eduxerunt
3347 3085 3400 3130 te
3457 3076 3522 3130 de
3582 3085 3726 3128 terra

2147 3162 2362 3234 ,Ἐκυριί
2397 3166 2458 3218 ⁸ο.
2493 3184 2512 3216 ι
2545 3164 2726 3234 Longe
2753 3173 2935 3218 autem
2986 3163 3278 3218 maximam
3316 3165 3643 3234 impietatem
3673 3166 3724 3218 iu

2147 3254 2382 3326 Galgalis
2408 3258 2760 3326 perpetravit.
2808 3254 2932 3310 llaec
2955 3264 3040 3310 est
3069 3257 3199 3312 urbs
3227 3267 3378 3312 trans
3407 3255 3723 3323 Jordanem,

2143 3349 2208 3397 ad
2240 3349 2566 3415 apostasiam
2587 3349 2748 3402 etiam
2773 3357 2948 3417 atque
2977 3349 3142 3402 etiam
3173 3363 3458 3418 propensa.
3493 3349 3726 3403 Proinde

2144 3440 2209 3493 de
2236 3455 2298 3492 ea
2329 3440 2461 3493 dicit
2495 3441 2870 3494 universorum
2903 3441 3166 3496 Dominus
3199 3458 3213 3495 :
3252 3460 3270 3492 ι
3302 3441 3503 3496 Omnes
3535 3440 3726 3508 nequi-

2145 3531 2442 3584 timeorum
2485 3531 2536 3584 in
2578 3530 2824 3599 Galgala,
2853 3532 2979 3601 quia
3033 3531 3103 3585 ibi
3159 3547 3359 3588 exosos
3415 3531 3576 3586 habui
3607 3545 3724 3596 eos,

2141 3634 2360 3693 propter
2395 3623 2651 3676 malitiam
2672 3623 3112 3678 adinventionum
3134 3626 3373 3692 ipsorum
3409 3622 3476 3676 ³³.
3517 3642 3538 3674 ι
3571 3622 3726 3677 Sicut

2143 3717 2274 3769 dicit
2331 3715 2842 3784 Parmmiographus
2875 3737 2888 3768 :
2931 3737 2948 3768 ι
2994 3717 3196 3772 Omnes
3231 3715 3331 3768 vim
3359 3714 3590 3768 hominis
3627 3729 3724 3782 pa-

2143 3807 2448 3862 tentoculis
2482 3809 2622 3878 ejus,
2661 3823 2850 3862 omnes
2878 3811 3102 3864 semitas
3135 3809 3252 3877 ejus
3279 3805 3666 3862 considerat”.
3697 3823 3716 3856 ι

2141 3901 2208 3954 Ει
2256 3900 2493 3954 admittit
2556 3899 2648 3968 qui
2700 3901 3097 3954 contenderunt
3153 3907 3300 3954 recte
3341 3897 3654 3962 ambulare;
3688 3913 3718 3950 a

2147 4001 2291 4048 recto
2322 4000 2501 4046 autem
2562 3991 2758 4045 itinere
2808 3991 3170 4046 declinantem
3211 3999 3268 4045 et
3300 3988 3606 4044 studentem
3641 3988 3724 4042 ire

2143 4086 2210 4138 ad
2237 4101 2356 4154 qua:
2389 4099 2493 4138 non
2518 4083 2788 4152 permisit,
2810 4098 2841 4137 a
2876 4096 2934 4140 se
2969 4082 3201 4152 repellit.

2214 4357 2376 4410 Visns.
2410 4355 2465 4408 5.
2499 4353 2563 4406 Et
2593 4352 2849 4406 attulistis
2871 4352 2924 4405 in
2944 4367 3097 4403 nume
3119 4348 3444 4417 sacriﬁcium
3466 4356 3716 4410 vestrum,

2143 4451 2194 4503 in
2226 4451 2460 4502 triduum
2489 4448 2718 4500 decimas
2755 4454 2976 4498 vestras.
3013 4441 3080 4495 Et
3101 4442 3334 4511 legerant
3374 4439 3504 4508 [oris
3531 4439 3716 4510 legem,

456 4535 574 4599 ἔξω
596 4535 806 4603 νόμον,
831 4535 929 4587 καί
963 4533 1415 4588 ἐπεκαλέσαντο
1449 4539 1792 4606 ὁμολογίαν.
1830 4539 2036 4607 Ἀπαγ-

2148 4551 2197 4595 et
2225 4542 2594 4592 invocaverunt
2640 4535 3040 4604 confessionem.
3080 4533 3420 4598 Aanuntiale,
3468 4531 3717 4602 quoniam

454 4625 691 4696 τείλατε
736 4625 826 4678 ὅτι
871 4625 1059 4679 ταῦτα
1089 4624 1420 4696 ἠγάπησαν
1466 4627 1585 4680 viai
1625 4625 1900 4698 Ἰσραὴλ,
1932 4631 2033 4684 λέ-

454 4734 545 4786 γει
574 4718 808 4783 Κύριος.

524 4806 665 4875 ΑΕΓ.
694 4809 982 4862 Πάνδεινον
1031 4809 1267 4880 ἀληθῶς,
1325 4811 1417 4863 καὶ
1465 4810 1753 4875 δυσσεϐὲς,
1789 4807 1920 4882 ἧκον
1955 4815 2034 4876 εἰς

453 4899 604 4971 λῆξιν
640 4901 748 4971 τὴν,
801 4901 1084 4966 ἀνωτάτω,
1135 4903 1196 4956 τὸ
1241 4903 1682 4973 παρασημαίνειν
1720 4903 2034 4973 ἀποτολμᾷν

452 4992 555 5064 τὴν
573 4991 667 5044 τοῦ
695 4992 832 5045 Θεοῦ
859 4993 1032 5056 δόξαν,
1059 4995 1155 5045 κοιλ⁹
1184 4995 1327 5063 ἆπερ
1358 4991 1422 5045 ἂν
1451 4991 1600 5062 αὑτῷ
1631 5009 1710 5057 τε,
1761 4995 1854 5046 καὶ
1887 4994 2032 5064 μόνῳ

456 5076 681 5146 πρέπει,
703 5078 875 5131 ταῦτα
897 5082 1018 5143 ταῖς
1045 5079 1277 5132 εἰδώλων
1309 5080 1568 5133 ἀνάπτειν
1595 5083 1805 5150 τιμαῖς.
1835 5083 1896 5134 Οἱ
1929 5081 2034 5151 γὰρ

452 5165 616 5220 τοῦτο
639 5167 771 5238 δρᾷν
809 5168 1081 5233 εἰωθότες,
1114 5169 1175 5221 τὸ
1221 5169 1345 5222 ὅσον
1390 5171 1476 5238 ἐφ’
1508 5171 1718 5233 ἑαυτοῖς
1747 5170 1848 5240 τὴν
1878 5171 2032 5222 θείαν

451 5273 513 5315 τε
541 5259 638 5311 καὶ
667 5261 925 5314 ἀνωτάτω
952 5261 1112 5328 φύσιν
1143 5262 1277 5331 αὑτῇ
1341 5261 1436 5313 καὶ
1470 5261 1604 5331 μόνῃ
1638 5262 2028 5329 πρεπωδεστά-

450 5366 560 5404 των
589 5352 940 5405 κατασείουσι
973 5353 1199 5424 θρόνων,
1235 5354 1334 5405 καὶ¹
1358 5352 1464 5404 τῶν
1489 5353 1650 5421 ἱερῶν
1678 5353 2025 5421 ἐκπέμπουσι

453 5438 666 5505 θὼκων,
707 5441 1039 5512 ἐνιδρεὺουσι
1077 5443 1132 5494 δέ
1189 5441 1376 5509 ὥσπερ
1405 5442 1589 5504 αὑτοῖς
1628 5443 1752 5506 τοὺς
1781 5444 2026 5514 ἀκαθάρ-

451 5546 579 5594 τους
610 5531 894 5603 δαίμονας.
919 5533 1044 5597 Τοῖς
1066 5532 1209 5586 οὕτω
1243 5536 1492 5604 φρικτοῖς
1543 5534 1880 5604 ἐγκλήμασιν
1907 5536 2030 5587 tu-

455 5617 725 5688 σχημένον
771 5621 1075 5693 εὑρήσομεν
1134 5622 1226 5676 τὸν
1266 5623 1613 5694 ἀπόπληκτον
1677 5625 1910 5695 Ἰσραήλ.
1972 5625 2028 5678 Ὀ

525 5732 547 5762 ⁷
569 5729 636 5808 ll_l
664 5731 796 5808 Reg.
840 5753 936 5805 xu,
963 5736 1056 5793 ‘29.

455 5815 570 5870 xw,
593 5803 658 5867 2..

1153 5738 1172 5768 ⁸
1210 5737 1380 5792 Exod.
1418 5751 1506 5801 xx,
1536 5737 1591 5791 5.

1692 5738 1711 5766 ⁹
1736 5736 1888 5791 Deut.
1931 5753 2013 5803 γι,
2050 5737 2130 5792 15.

2139 4633 2242 4686 ista
2277 4629 2580 4683 dilexerunt
2611 4627 2711 4695 ﬁlii
2752 4625 2945 4690 Israel,
2995 4625 3121 4678 dicit
3156 4624 3432 4678 Dominus.

2211 4807 2452 4864 XXXVI.
2481 4806 2622 4862 Vere
2663 4805 2874 4860 facinus
2929 4805 3085 4876 longe
3136 4804 3615 4859 sceleratissimum
3660 4815 3713 4858 et

2139 4901 2302 4972 290
2336 4899 2734 4967 impiissimum,
2774 4897 3081 4952 adulterare
3105 4897 3306 4951 audere
3335 4895 3559 4961 gloriam
3597 4895 3711 4959 Dei,

2131 5000 2322 5060 etquae
2347 4989 2517 5050 illum,
2550 4996 2603 5041 et
2630 4987 2803 5040 solum
2853 4986 3067 5049 decent,
3097 5001 3157 5039 ea
3192 4984 3456 5038 idolorum
3492 4984 3713 5037 honori-

2137 5079 2237 5132 bus
2271 5078 2532 5131 tribuere.
2561 5075 2768 5142 Quibus
2801 5076 2941 5128 enim
2970 5075 3072 5128 hoc
3115 5075 3297 5128 facere
3323 5075 3376 5126 in
3426 5088 3576 5126 more
3607 5083 3709 5136 est,

2136 5170 2479 5238 ii,quantum
2513 5167 2566 5221 in
2615 5167 2748 5234 ipsis
2798 5174 2901 5231 est,
2956 5167 3189 5221 divinam
3247 5165 3713 5232 celsissimamque

2137 5270 2383 5313 naturam
2439 5275 2468 5313 a
2511 5259 2722 5324 throno,
2770 5259 2868 5327 ipsi
2929 5268 2982 5312 ct
3041 5259 3140 5312 soli
3199 5257 3712 5311 convenientissimo

2133 5351 2446 5417 deturbant,
2480 5359 2533 5402 et
2570 5349 2745 5403 sacris
2793 5351 3014 5404 sedibus
3048 5348 3291 5417 ejiciunt,
3316 5359 3373 5401 et
3403 5349 3453 5400 in
3480 5347 3548 5402 iis
3572 5362 3711 5416 quo-

2132 5440 2420 5494 dammodo
2458 5440 2697 5509 impuros
2725 5441 2994 5493 dminonas
3024 5437 3448 5493 collocant.Tam
3480 5439 3705 5492 horren.

2132 5533 2214 5585 dis
2241 5531 2557 5586 criminibus
2596 5531 2913 5600 implicitum
2961 5531 3206 5584 videmus
3232 5533 3478 5584 insanam
3531 5529 3706 5583 Israc-

2135 5624 2257 5678 lem.
2290 5623 2428 5676 Deus
2453 5622 2595 5675 enim
2633 5623 3008 5677 universorum
3047 5623 3214 5688 legem
3255 5621 3356 5675 fert
3390 5621 3583 5675 alicubi
3610 5636 3707 5689 per

2271 5737 2310 5766 ³ο
2337 5733 2402 5788 ιιι
2438 5735 2568 5806 ltcg.
2607 5752 2679 5790 xu
2704 5776 2717 5801 ,
2748 5736 2837 5791 ‘28.
2950 5736 2984 5766 “
3018 5734 3153 5790 Osce
3183 5749 3269 5796 ix,
3305 5735 3388 5789 15.
3483 5732 3700 5796 "Prov-
