4132 6370
406 335 503 388 481

1372 324 1930 387 COMMENTARIUS
1968 326 2035 381 IN
2076 325 2265 381 AMOS
2303 326 2755 381 PROPIIETAM.

3590 326 3696 383 48?.

405 451 523 503 θόσι
568 446 902 518 φιλοψέγειν,
934 446 1031 501 καὶ
1080 447 1179 519 τῆς
1228 448 1456 519 ἐνούσης
1508 449 1629 519 Θεῷ
1669 447 2006 517 ἀγαθότητος

2112 449 2201 518 qui
2236 459 2424 503 amant
2447 449 2869 519 reprehendere,
2900 458 2954 505 et
2974 464 3041 504 ex
3075 458 3295 520 stupore
3324 466 3519 523 magno
3554 468 3685 507 eon-

404 541 679 612 ἀϐούλητα
709 540 1118 611 καταφλυαρεῖν
1146 543 1208 593 ἐκ
1230 540 1331 609 τῆς
1363 542 1565 611 πολλῆς
1589 541 1729 607 ἄγαν
1752 537 2001 609 ἀποπλη-

407 634 545 699 ξίας.
564 632 705 685 Ἀνθ’
739 633 860 686 ὅτου
892 632 1002 704 γὰρ
1035 632 1138 700 (ἂν
1165 637 1320 702 φαῖεν
1363 633 1492 697 ἴσως
1520 634 1688 700 τινὲς)
1711 632 2002 687 ἀτίθασσον

405 726 569 790 οῦτω,
593 725 689 779 καὶ
722 724 1000 778 δύσοιστον
1029 726 1229 796 κομιδῇ
1260 726 1373 788 τοῖς
1407 725 1466 789 ἐξ
1493 726 1710 796 Ἰσραὴλ
1736 725 1815 777 ἔτι
1848 724 2002 795 φέρει

404 819 582 887 δίκην,
614 816 791 871 καίτοι
844 817 987 868 κατά
1033 816 1199 884 φύσιν
1232 816 1493 887 ὑπάρχων
1526 815 1731 883 ἀγαθὸς
1771 816 1799 866 ὁ
1847 813 2000 877 Θεὸς,

406 911 504 967 καὶ
531 910 811 979 ἀποτόμου
848 908 1035 961 λοιπὸν
1062 909 1233 980 ὀργῆς
1273 909 1568 978 ἀποφαίνει
1608 907 1963 977 δεδεημένους
1982 923 2001 971 ;

418 1004 507 1057 Ἐν
527 1000 708 1073 ταύτῴ
733 1001 791 1054 δὲ
819 1000 1111 1061 δείκνυσιν,
1136 1001 1217 1054 ὅτι
1242 1000 1465 1071 πλήττει
1499 1001 1597 1071 μὲν
1621 1002 1679 1053 ἐν
1701 1002 1843 1071 ἀρχῇ
1866 1002 2005 1070 ἡμε-

410 1096 665 1167 ρωτέρως
700 1095 823 1156 τοὺς
854 1093 1270 1164 ἡμαρτηκότας,
1304 1093 1363 1144 οὑ
1396 1093 1553 1154 δίκας
1582 1092 1781 1153 αὐτῶν,
1808 1090 1923 1143 ἀλλ’
1946 1089 2006 1155 ἐξ

408 1188 656 1258 ἐμφύτου
702 1186 1115 1255 φιλανθρωπίας
1161 1184 1509 1254 ἐπιστρέφων
1544 1186 1624 1247 είς
1656 1183 1871 1246 ἑαυτὸν,
1910 1183 2006 1236 καὶ

405 1280 569 1333 οἱονεὶ
600 1278 828 1348 μάστιγί
872 1294 931 1329 τε
980 1279 1075 1329 καὶ
1108 1277 1257 1347 πόνῳ
1292 1276 1605 1347 μετατιθεὶς
1635 1277 1728 1328 ἐπὶ
1772 1274 1834 1327 τί)
1873 1274 2005 1345 δρᾷν

407 1370 623 1424 ἑλέσθαι
663 1370 726 1422 τὸ
768 1369 1011 1439 ἄμεινον.
1050 1367 1350 1435 Γεγονότας
1376 1366 1486 1436 γάρ
1525 1368 1582 1418 ἐν
1611 1360 1693 1428 οἷς
1720 1365 1878 1435 ἔφην,
1912 1364 2006 1416 καὶ

404 1463 592 1517 οὐκέτι
622 1459 840 1533 φορητά
879 1459 1367 1529 δεδυσσεϐηκότας,
1399 1457 1754 1527 γομφιασμῷ’
1770 1474 1827 1508 τε
1858 1456 2006 1508 ὁδόν-

405 1572 513 1607 των
545 1553 820 1617 ἐπαίδευε,
852 1552 949 1605 καὶ
993 1550 1100 1622 μὴν
1146 1552 1240 1603 καὶ
1290 1551 1471 1621 ἀρτων
1501 1548 1699 1619 ἐνδείᾳ,
1735 1547 2002 1612 τουτέστι,

404 1644 571 1715 λιμῷ.
610 1662 628 1694 t
654 1644 766 1697 Καὶ
795 1643 894 1695 οὐκ
922 1641 1295 1712 ἐπεστρέψατε
1325 1641 1463 1711 πρός
1490 1657 1581 1710 με,
1604 1640 1753 1708 λέγει
1777 1638 2002 1709 Κύριος.

417 1738 671 1808 ’Δνέσχον
708 1736 767 1800 ἐξ
800 1735 955 1806 ὑμῶν
998 1735 1091 1787 τὸν
1126 1734 1282 1787 ὑετὸν
1318 1734 1426 1805 πρὸ
1478 1732 1665 1803 μηνῶν
1715 1732 1882 1803 τριῶν
1908 1730 2003 1785 τοῦ

2108 551 2190 595 tra
2229 541 2322 595 Dei
2350 543 2646 596 bonitatem
2715 541 3121 597 inconsiderate
3181 542 3471 598 blaterare.
3501 544 3681 610 Quare

2104 634 2245 687 enim
2301 630 2576 703 (dixerint
2630 631 2865 687 fortasse
2926 633 3170 704 quidam)
3230 635 3366 689 adeo
3426 634 3687 688 immitem

2108 735 2445 790 prorsusque
2496 721 2891 777 intolerabilem
2947 739 3162 793 poenam
3219 725 3479 780 lsraelitis
3523 726 3689 781 infert

2106 812 2273 877 Deus,
2302 829 2425 867 cum
2451 825 2640 868 natura
2670 815 2844 871 bonus
2873 817 2962 883 sit,
2995 826 3050 870 et
3088 818 3163 870 ira
3197 818 3249 871 in
3277 818 3398 873 illos
3432 818 3687 875 inexor‘a-

2107 905 2201 960 bili
2241 920 2376 976 opus
2406 922 2527 961 esse
2575 908 2853 962 declarat?
2885 908 3137 964 Ostendit
3168 904 3330 980 igitur
3365 911 3467 966 hoc
3497 913 3687 967 eodem

2108 998 2251 1065 loco,
2299 1013 2359 1053 se
2398 999 2666 1069 principio
2721 1002 2906 1055 mitius
2962 1004 3153 1071 punire
3197 1013 3527 1072 peccatores,
3585 1020 3691 1058 non

2108 1088 2400 1141 vindictam
2444 1090 2832 1157 postulantem,
2862 1092 2954 1145 sed
2980 1108 3043 1146 ex
3076 1093 3235 1147 insita
3266 1096 3600 1165 benignitate
3626 1096 3691 1150 ad

2108 1190 2169 1228 se
2215 1176 2392 1244 ipsum
2440 1188 2846 1233 convertentem
2890 1196 3005 1245 eos,
3062 1199 3125 1237 ac
3182 1194 3436 1251 tanquam
3482 1185 3693 1257 ﬂagello

2109 1269 2365 1337 quodam,
2400 1279 2453 1323 et
2484 1270 2669 1324 dolore
2696 1272 2760 1323 ad
2786 1287 3009 1341 operum
3050 1275 3330 1329 meliorum
3357 1277 3690 1335 voluntatem

2111 1360 2556 1414 transferentem.
2599 1361 2891 1417 Versantes
2924 1366 3069 1417 enim
3109 1366 3175 1420 iis
3205 1382 3323 1435 quae
3368 1369 3500 1433 dixi,
3527 1380 3582 1423 et
3611 1371 3695 1425 in-

2112 1450 2379 1504 tolerabili
2412 1452 2571 1506 modo
2636 1454 2854 1522 impios,
2911 1466 3134 1524 stupore
3189 1458 3430 1513 dentium
3488 1461 3692 1519 affecit.

2110 1541 2253 1607 Quin
2284 1552 2338 1596 et
2368 1558 2569 1611 panum
2624 1544 2943 1615 indigentia,
3002 1548 3105 1603 hoc
3140 1558 3245 1615 est,
3303 1549 3446 1606 fame
3475 1552 3693 1609 afﬂixit.

2118 1652 2135 1684 ι
2183 1632 2249 1688 Ει
2280 1649 2386 1689 non
2405 1637 2537 1689 estis
2568 1639 2771 1690 reversi
2800 1639 2866 1691 ad
2894 1653 3000 1703 me,
3024 1640 3155 1694 dicit
3178 1642 3460 1697 Dominus.
3486 1645 3693 1701 Abstuli

2111 1738 2177 1778 ex
2207 1724 2365 1780 vobis
2394 1727 2628 1795 pluviam
2657 1737 2785 1782 aute
2820 1738 2929 1783 tres
2964 1745 3179 1785 menses
3209 1732 3498 1787 vindemia:
3521 1774 3537 1800 ,
3580 1735 3696 1790 sive

402 1829 697 1902 τρυγητοῦ,
734 1830 901 1901 ἤγουν
948 1829 1063 1902 (ὡς
1097 1828 1341 1900 Ἑϐραῖοι
1396 1827 1595 1896 μᾶλλον
1644 1824 1999 1893 ἐκδεδώκασι)

2112 1818 2191 1890 (ut
2228 1818 2437 1875 Hebrcei
2470 1822 2648 1891 potius
2680 1823 3013 1894 ediderunt),
3041 1827 3285 1881 messis.»
3314 1829 3506 1897 Aptius
3541 1845 3694 1896 sane,

404 1923 498 1976 τοῦ
524 1920 810 1994 θερισμοῦ.
836 1940 854 1972 ι
892 1921 1349 1991 Πρεπωδέστερον
1368 1920 1423 1972 δὲ
1450 1940 1467 1969 ι
1494 1919 1599 1990 πρὸ
1625 1918 1809 1988 μηνῶν
1835 1918 2000 1989 τριῶν

405 2015 690 2087 θερισμοῦ,
721 2035 739 2067 ι
780 2017 870 2068 ὅτε
925 2014 1159 2085 μάλιστα
1203 2017 1315 2077 τοῖς
1360 2014 1533 2082 ληῖοις
1580 2014 1613 2082 ἡ
1648 2011 1742 2065 τοῦ
1794 2030 2001 2083 καταρ-

404 2108 656 2163 δεύεσθαι
690 2108 851 2179 χρεία
881 2107 1049 2178 πολλή
1076 2123 1136 2158 τε
1169 2106 1261 2159 καὶ
1296 2104 1573 2172 ἀναγκαία
1603 2104 1738 2175 πρὸς
1768 2104 1829 2156 τὸ
1853 2104 2003 2156 τελε-

406 2202 667 2274 φορῆσαι.
696 2202 893 2269 Γέγονε
920 2200 977 2253 δὲ
1012 2198 1249 2269 τοσαύτη
1280 2198 1475 2260 σπάνις
1508 2197 1740 2258 ὑδάτων,
1770 2196 1846 2260 ὡς
1879 2197 2002 2267 κρί-

408 2311 490 2346 σει
523 2310 581 2345 τε
609 2294 706 2346 καὶ
737 2292 904 2361 ψήφῳ
945 2290 1081 2343 Θεοῦ
1113 2289 1207 2342 τοῦ
1248 2289 1430 2343 πάντα
1461 2288 1663 2350 εἰδότος
1692 2286 1882 2340 ὕεσθαι
1904 2287 2002 2356 μὲν

411 2385 542 2455 μίαν
576 2384 750 2445 πόλιν,
783 2382 1182 2452 ἀφαυαίνεσθαι
1207 2381 1264 2434 δὲ
1300 2380 1398 2451 τὴν
1427 2380 1619 2451 ἐτέραν
1640 2398 1653 2410 ·
1688 2382 2004 2452 συναγείρε-

411 2477 536 2530 σθαι
564 2476 621 2529 δὲ
654 2471 721 2529 αὖ
761 2473 855 2527 δύο
894 2491 956 2526 τε
996 2472 1089 2526 καὶ
1118 2476 1269 2544 τρεῖς
1303 2475 1381 2535 είς
1415 2473 1561 2543 μίαν,
1594 2474 1687 2527 καὶ
1718 2473 1891 2536 οῦτως
1924 2474 2002 2526 ἔτι

409 2567 591 2637 διψῇν.
628 2585 646 2617 ι
678 2564 792 2618 Καὶ
841 2565 941 2617 οὐκ
991 2563 1363 2635 ἐπεστρέψατε
1397 2564 1535 2634 πρὸς
1584 2565 1671 2635 μὲ,
1705 2564 1853 2633 λέγει
1891 2565 2005 2618 Κῦ-

415 2677 549 2730 ριος.
571 2680 590 2711 ι
616 2657 938 2729 Συμϐέϐηκε
970 2656 1030 2709 δέ
1052 2656 1121 2709 τά
1148 2657 1326 2709 τοιάδε
1356 2656 1553 2709 παθεῖν
1575 2659 1687 2719 τοῖς
1704 2657 1763 2721 ἐξ
1790 2656 2005 2729 Ἰσραὴλ

412 2749 759 2822 συμϐολικῶς
799 2766 857 2801 τε
905 2748 1020 2818 ἅμα
1072 2748 1165 2801 καὶ
1218 2747 1527 2819 ίστορικῶς.
1558 2749 1649 2811 Ὠς
1696 2746 1865 2819 γάρὸ
1909 2750 2003 2802 τοῦ

412 2843 667 2913 Σωτῆρος
710 2840 901 2914 εἴρηκε
954 2839 1203 2911 μαθητὴς
1230 2882 1246 2906 ,
1307 2859 1325 2891 ‹
1367 2840 1554 2903 Ἠλίας
1598 2841 1887 2911 ἄνθρωπος
1937 2838 2004 2914 ἦν

412 2932 749 3005 ὁμοιοπαθὴς
798 2934 955 3002 ἡμῖν,
989 2933 1082 2985 καὶ
1136 2932 1581 3004 προσευξαμένου
1629 2934 1731 2987 οὐκ
1782 2934 2004 3006 ἔϐρεξεν

414 3025 696 3086 ἐνιαυτοὺς
731 3028 900 3096 τρεῖς,
927 3026 1021 3077 καὶ
1072 3023 1252 3094 μῆνας
1306 3024 1388 3091 ἐξ,
1424 3026 1533 3077 Καὶ
1578 3025 1735 3097 λιμὸς
1784 3029 2007 3096 γέγονεν

414 3118 628 3190 ἀπηνὴς
655 3115 829 3179 οὕτως
854 3118 912 3169 ἐν
944 3116 1251 3188 Σαμαρείᾳ,
1281 3115 1359 3179 ὡς
1379 3113 1621 3189 κεφαλὴν
1644 3118 1764 3172 ὄνου
1795 3120 2005 3174 πολλῶν

413 3207 826 3279 πιπράσκεσθαι
869 3208 1163 3277 δηναρίων.
1193 3226 1212 3259 ι
1254 3209 1414 3263 Ἀλλά
1450 3211 1543 3264 καὶ
1571 3211 1629 3263 ἐν
1660 3210 1871 3283 χρόνοις
1897 3213 2008 3275 τοῖς

425 3301 695 3373 Ἱερεμίου
743 3301 1022 3371 προφήτου
1068 3300 1264 3371 ἀνέσχε
1304 3301 1397 3354 τὸν
1441 3302 1597 3355 ὑετὸν
1643 3304 1672 3355 ὀ
1712 3302 1821 3355 τῶν
1872 3302 2009 3356 ὅλων

414 3391 696 3456 Θεός.Καὶ
714 3390 846 3460 γοῦν
872 3391 999 3453 τοὺς
1026 3392 1155 3462 περὶ
1183 3393 1283 3461 τῆς
1300 3392 1564 3463 ἀϐροχίας
1591 3392 1785 3461 λόγους
1810 3395 2011 3445 ἐποιεῖ-

413 3506 495 3552 το,
521 3486 694 3555 λέγων
716 3502 731 3518 ·
767 3503 787 3537 ι
812 3484 1190 3556 Ἑπένθησενή
1222 3485 1472 3547 Ἰουδαία,
1505 3485 1599 3537 καὶ
1629 3485 1687 3537 αἱ
1714 3484 1879 3537 πύλαι
1909 3487 2008 3537 αῦ-

412 3580 513 3650 τῆς
564 3576 951 3646 ἐκενώθησαν,
997 3578 1091 3629 καὶ
1145 3578 1178 3646 ἡ
1230 3575 1449 3647 κραυγὴ
1497 3576 1599 3643 τῆς
1655 3575 2009 3647 Ἰερουσαλὴμ

414 3669 607 3739 ἀνέϐη,
648 3668 744 3722 καὶ⁵
790 3671 839 3722 οί
895 3670 1223 3739 μεγιστᾶνες
1274 3668 1453 3721 αὐτῶν
1504 3666 1833 3722 ἀπέστειλαν
1882 3669 2010 3732 τοὺς

414 3761 713 3833 νεωτέρους
746 3759 944 3813 αὐτῶν.
966 3760 1082 3828 Ἐφ’
1110 3759 1255 3831 ὓδωρ
1281 3759 1514 3830 ἧλθοσαν
1543 3760 1636 3810 ἐπὶ
1672 3758 1743 3811 τὰ
1774 3760 2006 3829 φρέατα,

416 3854 510 3907 καὶ
545 3854 645 3924 οὐχ
672 3853 904 3924 εῦροσαν
934 3851 1099 3924 ὕδωρ,
1142 3871 1160 3904 ι
1201 3853 1297 3904 καὶ
1325 3852 1393 3904 τὰ
1422 3851 1571 3920 ἐξῆς.
1604 3852 2007 3922 Δεδυσσεϐηκό-

412 3961 521 3998 των
567 3946 632 4016 δὴ
674 3942 768 3999 οὖν
814 3944 876 3998 οὑ
915 3945 1152 4015 μετρίως
1199 3943 1306 3995 τῶν
1336 3942 1396 4008 ἐξ
1430 3943 1644 4015 Ἰσραὴλ
1690 3944 1882 4013 ἀνέσχε
1919 3944 2009 3998 τὸν

416 4034 590 4098 ὑετὸν,
628 4034 723 4089 καὶ
774 4034 1125 4105 γομφιασμὸν
1177 4034 1426 4097 ὀδόντων,
1458 4035 1555 4087 καὶ
1594 4034 1801 4087 ἔνδειαν
1828 4034 2007 4105 ἄρτιον

414 4130 473 4182 ἐν
501 4128 707 4189 πάσαις
740 4126 909 4180 αὑτοῦ
942 4130 1062 4191 ταῖς
1093 4127 1313 4180 πόλεσιν
1344 4126 1513 4181 ἐδίδου
1542 4126 1695 4191 Θεός.

499 4221 643 4274 Ἀλλ’
684 4220 760 4284 ὠς
813 4219 951 4290 ἐφην
998 4220 1237 4292 ἀρτίως,
1274 4219 1613 4283 πεπονθότας
1660 4222 1878 4287 αὐτοὺς,
1914 4223 2007 4275 καὶ

413 4312 620 4382 νοητῶς
650 4313 976 4383 εὑρήσομεν.
1011 4312 1123 4366 Καὶ
1172 4312 1346 4383 τροφὴ
1394 4312 1493 4383 μὲν
1537 4312 1670 4384 γὰρ,
1702 4314 1798 4367 καὶ
1846 4314 2007 4367 ποτὸν

413 4407 526 4466 τοῖς
562 4405 627 4455 ἐκ
669 4403 773 4473 γῆς
808 4403 1048 4473 σώμασι,
1078 4403 1146 4456 τά
1173 4403 1283 4456 ἀπὸ
1324 4404 1423 4473 τῆς
1456 4404 1579 4474 γῆς,
1630 4406 1725 4459 καὶ
1766 4405 1909 4477 ὕδωρ
1946 4406 2007 4460 τὸ

2117 1930 2135 1960 ι
2169 1912 2447 1967 mensibus
2480 1914 2653 1969 trilms
2686 1925 2813 1969 ante
2868 1932 3124 1983 messem,
3174 1938 3194 1970 ι
3240 1924 3457 1989 quando
3488 1927 3696 1993 segeti—

2110 2001 2214 2057 bus
2245 2003 2311 2057 ad
2340 2005 2708 2060 maturitatem
2736 2009 2927 2061 crebra
2954 2009 3019 2063 de
3044 2011 3184 2065 caelo
3216 2014 3460 2082 irrigatio
3488 2018 3694 2069 condu-

2110 2095 2286 2150 cibilis
2306 2106 2361 2150 et
2379 2099 2684 2152 necessaria
2704 2112 2806 2154 est.
2828 2100 3048 2155 Exstitit
3063 2113 3245 2157 autem
3265 2116 3409 2158 tanta
3431 2122 3692 2177 aquarum

2109 2187 2337 2257 penuria
2372 2188 2656 2269 utjudicio
2686 2200 2741 2245 et
2783 2196 3053 2248 sententia
3108 2196 3200 2250 Dei
3233 2199 3413 2250 omnia
3470 2201 3694 2255 scientis

2110 2280 2310 2349 pluerit
2338 2280 2553 2350 quidem
2583 2298 2748 2352 super
2779 2300 2941 2338 unam
2980 2287 3190 2348 urbem,
3224 2288 3390 2343 altera
3421 2292 3693 2358 pneterita

2110 2386 2175 2427 ac
2211 2374 2493 2442 repudiata
2528 2389 2541 2426 :
2578 2387 2923 2447 congregatae
2958 2380 3068 2433 sint
3119 2390 3300 2435 autem
3332 2382 3449 2436 duae
3491 2394 3547 2437 et
3585 2393 3695 2439 tres

2111 2463 2165 2518 in
2197 2479 2386 2528 unam,
2418 2477 2473 2519 et
2500 2466 2680 2521 adhuc
2722 2468 3012 2522 sitiverint.
3052 2488 3073 2521 ‹
3110 2470 3175 2524 Ει
3201 2486 3304 2525 non
3330 2474 3459 2527 estis
3492 2478 3693 2530 reversi

2112 2558 2180 2612 ad
2202 2574 2308 2622 me,
2341 2560 2471 2613 dicit
2506 2561 2779 2616 Dominus.
2831 2582 2850 2613 ι
2900 2564 3063 2634 292
3118 2564 3405 2621 Enimvero
3433 2568 3547 2623 luce
3572 2586 3695 2638 per—

2111 2652 2221 2720 peti
2251 2651 2526 2707 lsraelitas
2571 2655 2867 2723 symbolice
2926 2667 2979 2708 et
3034 2657 3292 2712 historice
3339 2661 3586 2728 contigit.
3623 2660 3691 2716 Ut

2111 2744 2255 2797 enim
2288 2742 2586 2799 Salvatoris
2613 2746 2910 2817 discipulus
2931 2749 3067 2802 dixit
3100 2766 3113 2802 :
3154 2769 3173 2800 ‹
3198 2750 3343 2805 Elias
3368 2754 3529 2807 homo
3554 2766 3694 2820 erat,

2112 2834 2306 2890 similis
2332 2837 2487 2890 nobis
2519 2839 2809 2906 passibilis,
2842 2850 2897 2893 et
2918 2841 3113 2905 oravit,
3149 2852 3205 2896 et
3232 2858 3335 2896 non
3365 2844 3499 2913 pluit
3523 2861 3695 2900 annos

2116 2935 2226 2981 tres
2253 2936 2305 2981 et
2329 2944 2542 2982 menses
2573 2946 2665 2983 sex
2697 2930 2759 2983 ¹⁶.
2798 2931 2861 2984 Ει
2917 2930 3056 2987 facta
3118 2943 3201 2988 est
3258 2934 3428 2989 fames
3457 2952 3600 2991 steva
3631 2938 3684 2991 in

2115 3019 2381 3083 Samaria,
2427 3033 2483 3075 ut
2519 3034 2677 3091 caput
2732 3025 2868 3077 asini
2924 3026 3106 3080 multis
3152 3028 3389 3083 denariis
3444 3032 3701 3086 rendere-

2114 3118 2204 3165 tur
2234 3112 2295 3163 ¹⁷.
2334 3132 2351 3162 ι
2391 3112 2528 3178 Quin
2562 3123 2616 3165 et
2659 3114 2990 3181 temporibus
3018 3113 3557 3187 Jeremimprophette
3582 3120 3699 3187 pln—

2112 3203 2253 3257 viam
2280 3204 2539 3269 cohibuit,
2560 3219 2737 3259 rerum
2763 3220 2961 3274 parens
2985 3206 3147 3264 Deus.
3168 3206 3347 3274 Quare
3370 3210 3435 3263 de
3454 3212 3699 3267 siccitate

2112 3298 2273 3351 verba
2333 3299 2458 3350 fecit
2520 3299 2571 3351 in
2616 3301 2755 3352 hunc
2821 3301 3037 3353 modum
3084 3317 3097 3353 :
3144 3320 3161 3350 ι
3197 3300 3358 3355 Luxit
3401 3300 3608 3365 Judma,
3643 3316 3698 3359 et

2111 3400 2281 3460 pOI'liB
2308 3390 2423 3458 ejus
2451 3406 2636 3443 vacua:
2684 3390 2839 3445 facta:
2871 3400 3021 3454 sunt,
3056 3403 3109 3445 et
3135 3392 3344 3447 clamor
3391 3392 3695 3450 Jerusalem

2112 3483 2378 3545 ascendit,
2419 3494 2474 3535 et
2506 3494 2785 3551 magnates
2846 3484 2962 3552 ejus
3028 3485 3290 3540 miserunt
3329 3487 3577 3555 juniores
3626 3490 3695 3543 ad
3748 3542 3751 3549 ,

2112 3588 2347 3641 aquam;
2383 3584 2650 3628 venerunt
2710 3575 2776 3629 ad
2832 3588 3051 3644 puteos,
3109 3586 3164 3631 et
3214 3595 3321 3634 non
3375 3582 3700 3638 invenerunt

2112 3681 2308 3736 aquam
2341 3666 2408 3729 ⁸⁸,
2445 3687 2462 3717 ›
2491 3677 2596 3722 etc.
2625 3665 2763 3734 Quia
2823 3668 2987 3739 igitur
3025 3668 3289 3727 lsraelitte
3323 3688 3431 3727 non
3486 3675 3696 3745 vulgari

2112 3772 2172 3813 se
2204 3759 2479 3827 impietate
2507 3760 3035 3824 contaminaverant,
3074 3763 3213 3817 Deus
3240 3764 3473 3833 pluviam
3509 3767 3696 3822 abstu-

2114 3850 2195 3915 lit,
2225 3860 2279 3905 et
2305 3861 2581 3920 stuporem
2623 3855 2895 3919 dentium,
2925 3865 2979 3907 et
3018 3856 3368 3926 indigentiam
3410 3873 3608 3927 panum
3641 3861 3693 3913 in

2112 3944 2362 3999 omnibus
2389 3960 2575 3999 eorum
2607 3944 2917 3999 civitatibus
2947 3946 3189 4002 immisit.

2187 4215 2405 4278 Verum,
2443 4224 2505 4269 ut
2528 4214 2685 4268 modo
2713 4214 2983 4273 dicebam.
3016 4230 3113 4271 eos
3153 4216 3277 4270 item
3310 4217 3469 4271 modo
3492 4218 3696 4274 intelli-

2111 4308 2258 4378 gibili
2284 4322 2473 4375 passos
2507 4321 2733 4360 eernere
2764 4307 2907 4361 licet.
2944 4307 3006 4360 Et
3030 4323 3152 4363 esca
3182 4309 3400 4378 quidem
3452 4321 3505 4365 et
3536 4324 3693 4381 potus

2112 4402 2430 4468 corporibus
2492 4400 2725 4453 terrenis
2775 4399 3086 4467 bujusmodi
3154 4401 3445 4467 debentur,
3495 4419 3615 4473 quae
3662 4421 3695 4461 e

412 4493 690 4565 αἰσθητὸν,
726 4494 873 4562 ψυχὴ
912 4493 967 4545 δὲ
1005 4491 1292 4563 ἀνθρώπου
1324 4492 1490 4556 θείοις
1520 4511 1577 4546 τε
1608 4495 1703 4547 καὶ
1734 4495 2006 4566 οὐρανίοις

2115 4501 2257 4546 terra
2288 4490 2607 4561 gignuntur,
2640 4500 2696 4544 et
2734 4506 2877 4560 aqua
2924 4490 3027 4545 sub
3058 4506 3279 4546 sensum
3305 4492 3540 4561 cadens;
3575 4495 3695 4549 ani-

412 4584 785 4655 ἀποτρέφεται
825 4582 1023 4650 λόγοις.
1064 4583 1232 4652 Νᾶμα
1261 4581 1317 4634 δὲ
1352 4582 1491 4652 αὐτῇ
1520 4582 1583 4635 τὸ
1612 4582 2004 4654 πνευματικὸν,

414 4676 510 4729 καὶ
544 4674 697 4745 πηγὴ
723 4674 1071 4745 κατάρδουσα
1099 4673 1303 4743 νοητῶς
1334 4675 1367 4743 ἠ
1406 4673 1763 4737 θεόπνευστος
1791 4675 1831 4727 Γ
1838 4673 2004 4745 ραφὴ,

414 4765 474 4818 τὸ
498 4764 593 4818 τοῦ
625 4764 865 4836 Χριστοῦ
886 4763 1120 4816 λαλοῦσα
1149 4764 1468 4834 μυστήριον.
1487 4764 1626 4817 Ἀλλ’
1653 4764 1802 4817 ὥσπε
1812 4782 1843 4834 ρ
1862 4765 2007 4818 ὀδόν-

412 4874 505 4920 τες
536 4859 584 4911 εί
618 4856 841 4911 πάθοιεν
869 4856 960 4909 τὸν
988 4855 1362 4926 γομφιασμὸν,
1387 4855 1770 4926 ἀδρανέστεροί
1800 4874 1918 4920 πως
1940 4856 2006 4909 ἂν

414 4946 525 5003 εἷεν
559 4948 639 5012 εἴς
668 4966 730 5018 γε
764 4949 827 5001 τὸ
850 4947 1111 5002 δύνασθαι
1149 4947 1574 5018 καταμασᾶσθαί
1602 4965 1677 5010 τι,
1709 4948 1803 5001 καὶ
1837 4966 2006 5001 κατα-

413 5041 647 5095 λεαίνειν
673 5042 883 5113 τροφήν
903 5056 917 5070 ’
946 5041 1121 5103 οῦτως
1152 5039 1247 5093 καὶ
1278 5038 1621 5111 ἀνθρώπινος
1640 5038 1767 5103 νοῦς
1791 5040 2009 5094 κατολι-

416 5139 625 5209 σθήσας
645 5139 738 5191 ἐπὶ
764 5138 825 5191 τὸ
848 5138 1064 5200 ἀναλκι,
1092 5136 1186 5189 καὶ
1208 5135 1271 5188 τὸ
1294 5134 1393 5205 τῆς
1414 5135 1645 5198 νωθείας
1670 5134 1926 5207 ἀρῤὡστη
1937 5152 2012 5207 μα

415 5228 627 5293 παθὼν,
664 5230 766 5282 οὐκ
810 5228 877 5281 ἂν
910 5227 1127 5281 δύναιτο
1171 5227 1271 5296 τῆς
1310 5228 1683 5298 πνευματικῆς
1728 5227 2010 5295 ἐφικέσθαι

414 5322 691 5391 γνώσεως,
722 5321 815 5375 καί
846 5340 900 5375 τι
928 5321 1036 5374 τῶν
1075 5322 1134 5373 ἐν
1167 5321 1423 5392 θεωρίαις
1458 5324 1580 5384 ταῖς
1618 5321 1758 5389 άγαν
1791 5322 2000 5390 ίσχναῖς

415 5414 495 5475 είς
546 5411 707 5482 πέψιν
761 5412 923 5465 ἐλεῖν.
943 5410 1253 5482 Ἐπαχύνθη
1286 5410 1577 5484 τοιγαροῦν
1606 5414 1637 5481 ἡ
1677 5412 1875 5483 καρδία
1906 5411 2002 5465 τοῦ

429 5502 661 5575 Ἰσραὴλ,
696 5503 898 5573 συνῆκε
921 5502 1031 5575 γάρ
1057 5503 1310 5573 οὐδαμῶς
1339 5504 1398 5556 τὸ
1418 5502 1655 5574 Χριστοῦ
1682 5504 1999 5574 μυστήριον.

414 5596 460 5648 Τ
464 5595 687 5665 αὑτῃτοι
709 5596 803 5649 καὶ
829 5594 1035 5648 ἔνδειαν
1065 5594 1248 5666 ἀρτων
1278 5596 1545 5667 ἐσχήκασι
1570 5595 1681 5648 τῶν
1708 5612 2005 5665 πνευματι-

492 5774 535 5805 ¹²
560 5771 674 5828 Jac.
705 5786 756 5835 v,
792 5771 879 5825 Π.
960 5773 1003 5804 ¹⁷
1029 5770 1094 5827 lV
1125 5770 1257 5843 Reg.
1296 5788 1373 5838 vt,
1400 5772 1495 5829 ‘25.
1573 5770 1747 5828 “Jer.
1784 5787 1893 5837 xiv,
1923 5771 1980 5837 ἓ,
2014 5770 2068 5824 5.

2116 4600 2243 4638 mus
2288 4583 2521 4637 hominis
2568 4582 2764 4638 divinis
2805 4584 3149 4641 sermonibus
3207 4585 3472 4655 nutritur;
3538 4588 3692 4659 cujus

2112 4673 2371 4729 fluentum
2399 4684 2479 4727 est
2509 4673 2809 4741 spirituale,
2850 4685 2905 4728 et
2941 4674 3059 4729 fons
3098 4674 3539 4732 intellectualiter
3569 4680 3696 4735 irri-

2113 4783 2264 4838 gans,
2293 4766 2553 4819 divinitus
2599 4766 2862 4833 inspirata
2912 4766 3216 4836 Scriptura,
3248 4767 3453 4824 Christi
3490 4783 3693 4842 myste-

2114 4860 2249 4912 t'ium
2277 4857 2573 4910 disserens.
2633 4855 2737 4909 Sed
2793 4857 3254 4925 quemadmodum
3312 4858 3524 4926 dentes,
3564 4877 3687 4917 cum

2111 4952 2531 5019 obstupuerunt,
2561 4948 2947 5003 imbecilliores
2975 4949 3129 5016 fiunt,
3163 4965 3323 5020 quam
3350 4962 3408 5006 ut
3430 4954 3690 5009 mandere

2106 5045 2381 5114 quidpiam
2417 5053 2470 5097 et
2504 5044 2681 5097 cibum
2706 5044 3033 5099 commolere
3063 5056 3296 5111 queant;
3332 5048 3411 5101 sic
3446 5057 3499 5100 et
3537 5064 3691 5104 mens

2107 5135 2344 5191 humana
2377 5133 2428 5188 in
2463 5134 2833 5188 infirmitatem
2878 5114 3097 5204 delapsa
3138 5149 3195 5190 et
3221 5136 3452 5207 pigritia:
3501 5140 3690 5193 morbo

2109 5237 2379 5297 correpta,
2422 5228 2490 5280 ad
2538 5226 2875 5296 spiritualem
2932 5228 3297 5297 e0gnitionem
3347 5231 3680 5298 pertingere,

2107 5331 2161 5376 et
2177 5336 2243 5376 ex
2267 5319 2488 5375 theoriis
2506 5320 2660 5373 valde
2676 5318 2960 5373 subtilibus
2977 5320 3043 5372 ad
3059 5320 3467 5375 concoctionem
3487 5320 3687 5390 aliquid

2107 5428 2302 5485 capere
2330 5427 2433 5467 non
2452 5413 2670 5481 poterit.
2698 5410 3059 5467 lncrassatum
3083 5420 3165 5467 est
3197 5426 3326 5481 ergo
3357 5428 3451 5465 cor
3484 5414 3646 5467 Israel
3671 5432 3689 5480 ;

2108 5492 2419 5572 neutiquam
2448 5502 2590 5557 enim
2645 5502 2843 5557 Christi
2897 5502 3213 5573 mysterium
3250 5502 3536 5568 intellexit,
3566 5503 3688 5558 ideo

2107 5592 2476 5666 etindigentia
2526 5608 2725 5663 panum
2782 5590 3145 5663 spiritualium
3190 5602 3245 5651 et
3280 5608 3431 5664 aqua:
3461 5592 3689 5665 penuria
