4132 6370
433 313 542 368 435

1465 306 1532 359 ’5.
1562 305 1854 360 'CYRIL‘LI
1895 306 2372 362 ALEXANDRINI
2413 306 2738 362 ARCIIIEP.

3620 301 3726 365 εει

437 428 774 492 laborarunt,
817 422 1074 493 quoniam
1130 434 1234 474 non
1284 419 1594 476 habuerunt
1648 421 1883 476 Verbum
1930 437 2030 475 nu—

2148 421 2268 485 ιῶν,
2301 421 2396 475 καὶ
2427 421 2614 483 ὓδατος
2641 421 2861 484 σπάνιν,
2884 420 3002 472 ἐπεὶ
3033 420 3106 490 μὴ
3134 419 3316 490 ἔχουσι
3345 421 3437 475 τὸν
3458 421 3724 494 τρέφοντα

441 517 646 580 triens,
685 534 704 567 ι
746 516 890 586 quod
946 514 1013 568 de
1061 513 1198 566 coelo
1262 511 1560 573 descendit,
1611 521 1665 565 et
1709 512 1801 564 dat
1863 511 2027 565 vitam

440 609 642 664 mundo
680 610 746 673 '9,
790 625 810 660 ι
849 606 991 676 quod
1041 604 1212 675 gratia
1277 601 1514 673 Spiritus
1579 603 1790 657 animas
1820 605 2028 672 irrigat,

439 703 645 756 fontem
679 700 860 752 vivum
895 713 960 752 ex
996 695 1109 750 Deo
1171 693 1333 748 Patre
1391 693 1608 758 Filium,
1645 709 1740 764 per
1777 695 1946 764 legem
1978 704 2032 748 et

442 799 732 867 prophetas
756 795 1033 850 solatium.
1082 791 1248 855 Nam,
1284 800 1338 846 ut
1365 791 1533 845 Isaias
1553 789 1629 842 ait
1665 806 1679 840 :
1715 787 2032 842 (Mandavit

441 889 678 942 nubibus
715 887 966 956 desuper,
1011 897 1078 937 ue
1103 883 1291 954 pluant
1328 896 1490 951 super
1518 896 1613 935 eos
1641 879 1866 933 imbrem
1903 877 1968 931 ³ο.
2006 895 2025 927 ι

517 1067 680 1120 Vnus.
707 1065 758 1130 9,
791 1065 878 1118 I0.
916 1063 1164 1118 Percussi
1199 1079 1288 1117 vos
1343 1063 1398 1116 in
1447 1061 1824 1122 commistione,
1879 1069 1924 1112 et
1979 1059 2031 1111 in

443 1161 626 1214 ictero.
660 1157 1058 1227 Multiplicastis
1089 1156 1268 1209 [tortos
1290 1166 1507 1214 vestros,
1532 1165 1578 1205 et
1608 1155 1784 1205 vineas
1812 1165 2029 1213 vestras,

442 1260 490 1303 et
522 1249 678 1318 ﬁceta
702 1257 896 1313 vestra,
921 1258 968 1302 et
1000 1247 1190 1299 oliveta
1222 1255 1408 1305 vestra,
1433 1259 1547 1313 qua:
1565 1244 1828 1296 devoravit
1852 1258 2029 1295 eruca.

447 1341 515 1393 Et
548 1355 712 1409 neque
763 1340 838 1392 sic
900 1338 1093 1391 reversi
1155 1339 1280 1389 estis
1329 1342 1396 1388 ad
1437 1352 1538 1399 me,
1579 1335 1709 1387 dicit
1753 1333 2030 1386 Dominus.

448 1433 572 1485 Misi
608 1432 663 1484 in
703 1446 788 1482 vos
820 1437 1040 1481 mortem
1072 1427 1129 1480 in
1165 1427 1248 1480 via
1279 1425 1526 1494 XEgypti.
1568 1424 1752 1477 Occidi
1783 1423 1945 1494 293
1980 1425 2032 1476 in

449 1523 629 1594 gladio
644 1521 864 1591 juvenes
901 1531 1099 1573 vestros
1157 1535 1272 1571 cum
1312 1518 1610 1586 captivitate
1641 1533 1895 1585 equorum
1946 1533 2035 1570 ve-

449 1629 684 1674 strorum
713 1657 728 1680 ,
771 1627 815 1668 et
849 1613 1051 1666 adduxi
1101 1615 1152 1665 in
1188 1613 1306 1681 igne
1345 1622 1519 1664 castra
1555 1619 1723 1662 vestra
1752 1610 1807 1662 in
1841 1612 1921 1662 ira
1951 1627 2034 1662 vc-

446 1723 593 1774 stra;
623 1720 672 1764 et
708 1724 871 1778 neque
919 1707 996 1760 sic
1048 1705 1240 1760 reversi
1284 1705 1408 1758 estis
1451 1704 1519 1756 ad
1550 1719 1651 1769 me,
1674 1702 1804 1755 dicit
1844 1703 2031 1755 Domi-

447 1819 569 1857 ηας.

528 1976 822 2036 XXXVIII.
861 1976 1167 2047 Quipmnis
1204 1976 1274 2030 ab
1309 1975 1450 2030 irato
1499 1975 1721 2029 numine
1769 1973 2039 2042 impositis

451 2073 589 2131 nihil
607 2079 1046 2132 commoventur,
1071 2070 1427 2123 vehementer
1443 2069 1673 2138 supinis,
1701 2067 1944 2136 adeoque
1971 2068 2038 2120 ad

454 2177 728 2237 torporem
775 2172 831 2217 et
859 2161 1109 2216 inertiam
1147 2161 1514 2230 pessundatis,
1551 2167 1610 2213 ut
1631 2161 1696 2213 de
1718 2159 2038 2230 pmuiteutia

454 2275 522 2315 ne
570 2257 960 2329 cogitationem
1009 2257 1228 2324 quidem
1280 2255 1560 2323 suscipere
1611 2255 1802 2318 velint,
1833 2253 2038 2308 nullum

452 2353 622 2422 plagae
641 2366 812 2422 genus
833 2349 1132 2413 sutl‘ecerit,
1156 2347 1341 2417 plures
1360 2347 1558 2416 potius,
1587 2355 1642 2401 et
1673 2347 1792 2401 aliae
1807 2346 1930 2400 aliis
1949 2347 2041 2401 de-

453 2445 712 2507 teriores,
743 2451 799 2497 et
835 2442 903 2496 ad
968 2440 1212 2496 dolorem
1249 2437 1424 2507 majus
1479 2451 1696 2506 semper
1729 2437 2041 2492 incremen-

456 2546 569 2590 tum
629 2536 920 2598 habentes,
991 2530 1314 2592 necessariag
1372 2539 1519 2584 sunt.
1569 2529 1836 2595 Quoniam
1911 2543 2042 2598 ergo

457 2627 734 2684 lsraelitas
752 2624 1054 2696 indigentia
1079 2623 1236 2692 panis
1260 2630 1316 2676 et
1331 2632 1492 2692 potus
1521 2622 1588 2676 ad
1609 2622 2040 2677 emendationem

457 2735 648 2791 parum
681 2761 696 2787 ,
761 2727 820 2773 ut
866 2720 1105 2783 videtur,
1149 2717 1544 2787 permovebat,
1602 2715 1703 2770 hoc
1761 2715 2044 2771 molestius

457 2811 714 2880 quiddam
753 2809 886 2880 ipsis
916 2808 1182 2874 infertur,
1235 2807 1410 2861 morbi
1443 2805 1696 2861 videlicet
1727 2820 2042 2877 corporum,

458 2905 630 2960 febris
662 2912 718 2958 et
741 2904 938 2957 icterus
976 2903 1091 2971 (qui
1141 2900 1301 2953 aliter
1350 2901 1571 2954 morbus
1621 2910 1916 2969 arquatus,
1947 2915 2043 2954 seu

462 2996 642 3065 regius
669 2993 941 3063 vocatur).
993 2993 1106 3047 lIoc
1135 3003 1186 3046 et
1239 3007 1336 3063 per
1380 2990 1674 3048 Jeremiam
1727 2994 2044 3062 praedictum

459 3096 564 3152 est,
597 3087 675 3140 ait
703 3085 846 3141 enim
879 3100 894 3137 :
933 3103 952 3136 ‹
996 3082 1121 3138 [late
1151 3083 1282 3137 dicit
1315 3085 1574 3138 Dominus
1605 3101 1618 3138 :
1651 3084 1789 3138 Ecce
1828 3099 1930 3154 ego
1975 3085 2045 3138 do

460 3193 624 3249 super
648 3177 901 3248 populum
929 3177 1090 3233 istum
1118 3177 1515 3240 infirmitatem,
1545 3184 1602 3230 et
1625 3175 2046 3230 inlirmabuntur

463 3272 519 3324 in
569 3285 636 3326 ea
671 3280 852 3338 patres
891 3277 946 3325 et
995 3269 1094 3323 lilii
1147 3268 1354 3333 simul;
1407 3267 1622 3321 vit-inus
1665 3276 1720 3322 et
1766 3267 2046 3338 proximus

463 3358 580 3427 ejus
605 3357 858 3428 peribunt
889 3357 955 3410 ²¹.
984 3376 1002 3408 ι
1043 3357 1104 3411 Et
1132 3357 1259 3427 quia
1287 3357 1535 3425 turpibus
1563 3356 1727 3411 etiam
1753 3357 2048 3428 quaestibus

465 3459 623 3504 erant
648 3449 868 3516 addicti,
896 3459 952 3504 et
986 3451 1038 3503 in
1071 3443 1308 3518 pecunia
1341 3449 1508 3503 multa
1559 3449 1806 3504 facienda
1862 3451 2048 3504 animo

465 3552 520 3597 et
545 3543 871 3612 cogitatione
896 3542 1166 3611 occupati,
1212 3542 1441 3612 ideoque
1477 3543 1682 3606 hortos,
1735 3550 1786 3597 et
1838 3542 2048 3608 vineas,

465 3644 522 3690 et
547 3634 724 3699 liceta,
763 3643 818 3690 et
862 3635 1067 3689 oliveta
1124 3635 1526 3704 couquirebaut
1557 3677 1572 3701 ,
1625 3635 1802 3705 tetigit
1843 3643 1899 3691 et
1935 3638 2050 3693 haec

467 3726 628 3791 Deus,
657 3741 753 3796 per
782 3741 902 3795 quae
930 3743 1038 3781 non
1066 3727 1326 3781 mediocri
1368 3726 1555 3780 dolore
1583 3725 1767 3782 aliecti
1793 3767 1808 3792 ,
1851 3727 1918 3782 ad
1957 3743 2048 3782 sa-

469 3819 690 3874 nitatem
728 3821 925 3874 mentis
955 3820 1136 3875 redire
1167 3829 1413 3890 possent,
1461 3826 1516 3874 et
1542 3835 1640 3889 pro
1687 3820 1866 3875 notiis
1911 3822 2055 3875 salu-

469 3912 606 3967 taria
653 3911 886 3979 eligere,
922 3927 1110 3980 poenas
1157 3911 1262 3966 illis
1295 3911 1646 3966 accumulans
1673 3952 1690 3978 ,
1734 3920 1790 3966 ut
1819 3913 2057 3982 undique

469 4004 712 4074 percussi
737 4003 1099 4058 salvareutur.
1133 4003 1270 4070 Quia
1295 4011 1552 4057 tamenet
1584 4005 1684 4057 hoc
1700 4019 1887 4074 parum
1913 4017 2052 4070 erat,

471 4095 714 4151 additum
749 4103 831 4150 est
875 4095 1068 4165 majus.
1119 4097 1347 4163 Quando
1398 4097 1578 4159 enim,
1623 4097 1816 4166 inquit,
1873 4112 2054 4152 meam

473 4195 882 4241 contemnentes
906 4201 1151 4249 manum,
1194 4196 1403 4240 tantum
1436 4203 1542 4241 non
1588 4187 1758 4242 Deum
1804 4189 2057 4259 omnipo-

477 4286 678 4331 tentem
715 4277 1101 4331 imbecillitatis
1138 4288 1456 4348 arguentes,
1490 4280 1555 4332 ad
1587 4278 1874 4351 Egyptios
1921 4282 2058 4335 abii-

476 4367 580 4421 stis
603 4405 619 4432 ,
652 4381 1030 4436 equorumque
1052 4381 1251 4422 carnes
1275 4383 1374 4437 pro
1407 4368 1778 4424 sollicitudine
1810 4385 1936 4441 erga
1961 4386 2057 4426 vos

2133 513 2304 581 Λόγον
2349 533 2368 566 ‹
2399 513 2502 566 Τὸν
2531 513 2590 580 ἐξ
2617 511 2848 583 οὐρανοῦ
2875 511 3312 582 καταϐεϐηκότα,
3341 514 3436 565 καί
3462 512 3606 584 ζωὴν
3641 513 3725 567 δι»

2133 604 2291 657 δόντα
2347 604 2427 675 τῷ
2479 605 2691 674 κόσμῳ,
2721 623 2739 654 ι
2778 603 2868 656 τὸν
2911 603 3249 674 κατάρδοντα
3292 605 3491 674 ψυχὰς,
3517 609 3583 676 τῇ
3631 605 3726 660 τοῦ

2133 695 2275 750 Πνεύ
2285 714 2454 766 ματος
2479 696 2684 766 χάριτι,
2709 696 2807 765 τὴν
2833 695 3014 759 ζῶσαν
3043 696 3250 766 πηγὴν,
3267 695 3359 749 τὸν
3387 699 3450 749 ἐκ
3470 697 3564 750 τοῦ
3587 695 3726 750 Θεοῦ

2134 787 2348 856 lla-cpi);
2385 788 2530 852 Υἱὸν,
2562 787 2659 858 τὴν
2687 786 2775 839 διὰ
2805 786 2972 857 νόμου
2999 787 3094 839 καὶ
3120 787 3416 858 προφητῶν
3436 786 3725 859 παράκλη-

2136 897 2238 934 σιν.
2259 881 2344 942 Ὠς
2368 880 2480 948 γὰρ
2501 881 2528 931 ὁ
2553 881 2837 950 προφήτης
2867 880 3033 948 φησὶν
3067 880 3320 944 Ἡσαΐας,
3353 898 3372 930 ι
3395 880 3728 935 Ἐνετείλατο

2134 975 2255 1037 ταῖς
2285 973 2537 1040 νεφέλαις
2562 972 2656 1024 τοῦ
2689 973 2764 1043 μὴ
2803 972 2992 1044 βρέξαι
3020 973 3106 1026 ἐπ’
3141 973 3304 1026 αὑτὸν
3334 972 3512 1028 ὑετόν.
3541 992 3566 1026 τ

2222 1063 2522 1128 Ἐπάταξα
2549 1062 2705 1133 ὑμᾶς
2733 1063 2802 1117 ἐν
2826 1063 3110 1132 πηρώσει,
3133 1064 3232 1117 καὶ
3262 1065 3490 1133 ίκτέρῳ.
3508 1067 3726 1134 ’1;qu-

2135 1156 2356 1208 θύνατε
2384 1154 2626 1224 κήπους
2653 1155 2842 1225 ὑμῶν,
2879 1155 2978 1210 καὶ
3016 1156 3377 1225 ἀμπελῶνας
3407 1157 3595 1228 ὑμῶν,
3629 1158 3727 1213 καί

2135 1245 2419 1312 συκῶνας
2461 1244 2630 1316 ὑμῶν
2661 1289 2674 1310 ,
2725 1245 2825 1298 καί
2873 1245 3166 1313 ἐλαιῶν-ας
3229 1245 3416 1315 ὑμῶν.
3474 1249 3729 1314 Τούτους

2139 1335 2479 1406 κατέφαγεν
2506 1337 2544 1404 ή
2575 1337 2802 1405 κάμπη.
2823 1338 2934 1392 Καὶ
2959 1338 3088 1391 οὐδ’
3108 1338 3297 1404 οὕτως
3318 1339 3727 1408 ἐπεστρέψατε

2137 1430 2287 1496 πρός
2338 1446 2436 1497 με,
2469 1427 2636 1498 λέγει
2685 1431 2924 1499 Κύριος.
2960 1431 3392 1494 Ἐξαπέστειλα
3437 1434 3525 1498 εἰς
3574 1433 3728 1502 ὑμᾶς

2137 1522 2401 1575 θάνατον
2427 1521 2498 1575 ἐν
2517 1519 2635 1587 ὀδῷ
2660 1523 2986 1592 Αἰγύπτου,
3013 1523 3341 1578 ἀπέκτεινα
3373 1524 3442 1577 ἐν
3461 1527 3730 1595 ῥομφαίᾳ

2138 1613 2280 1678 τοὺς
2313 1614 2679 1681 νεανίσκους
2715 1613 2885 1684 ὑμῶν
2905 1614 3056 1684 μετὰ
3089 1617 3504 1686 αἰχμαλωσίας
3531 1618 3728 1671 ἵππων

2138 1703 2327 1773 ὑμῶν,
2360 1704 2460 1758 καὶ
2507 1703 2817 1775 ἀνήγαγον
2872 1706 2943 1760 ἐν
2995 1707 3138 1776 πυρί
3191 1707 3300 1774 τὰς
3351 1710 3727 1778 παρεμϐολὰς

2138 1803 2306 1874 ὑμῶν
2333 1805 2404 1858 ἐν
2430 1804 2506 1873 τῇ
2535 1805 2684 1874 ὀργῇ
2715 1804 2903 1874 ὑμῶν,
2935 1807 3036 1860 καὶ
3073 1806 3200 1862 οὐδ’
3230 1808 3420 1875 οὕτως
3445 1808 3727 1879 ἐπεστρέ-

2136 1901 2293 1967 ψατε
2325 1898 2475 1966 πρός
2509 1915 2610 1967 με,
2647 1899 2811 1968 λέγει
2848 1901 3102 1968 Κύριος.⁶

2209 1992 2339 2044 Aﬂ'.
2380 1991 2506 2054 Τοῖς
2560 1991 2885 2062 ἀναλγήτως
2932 1991 3119 2063 έχουσι
3170 1992 3298 2064 περὶ
3349 1991 3417 2046 τὰ
3457 1992 3517 2058 ἐξ
3563 1993 3730 2064 ὀργῆς

2141 2083 2529 2154 συμϐαίνοντα,
2562 2084 2660 2136 καὶ
2709 2083 2845 2137 πολὺ
2893 2083 3016 2136 λίαν
3071 2085 3486 2157 ὑπτιουμένοις,
3534 2085 3732 2139 ἀναπί-

2141 2192 2335 2228 πτουσι
2364 2173 2421 2227 δέ
2453 2174 2549 2227 καὶ
2573 2174 2716 2227 οὕτω
2756 2175 2892 2246 πρὸς
2917 2175 2976 2228 τὸ
3006 2175 3248 2247 ῥᾴθυμον
3275 2176 3377 2242 ἐτι,
3404 2177 3480 2240 ὡς
3506 2163 3568 2229 τό
3598 2176 3732 2247 χρῆο

2143 2284 2228 2321 ναι
2263 2269 2543 2337 μετανοεῖν
2575 2266 2697 2319 οὑδέ
2751 2267 2833 2330 εἰς
2877 2266 3003 2320 νοῦν
3046 2267 3190 2338 ἔχειν
3241 2268 3447 2336 ἀξιοῦν,
3487 2268 3731 2339 ἀρέσειεν

2141 2359 2207 2413 ἂν
2234 2358 2408 2422 οὐδεὶς
2439 2357 2533 2412 τοῦ
2562 2358 2896 2428 πλήττεσθαι
2925 2359 3148 2432 τρόπος,
3178 2361 3395 2424 πλείους
3421 2360 3478 2414 δὲ
3509 2359 3729 2430 μᾶλλον,

2142 2453 2236 2505 καὶ
2265 2451 2513 2523 ἀλλήλων
2541 2451 2762 2524 χείρους
2805 2452 2943 2524 πρὸς
2989 2452 3051 2506 τὸ
3091 2453 3170 2506 ἔτι
3207 2452 3473 2524 μειζόνως
3506 2453 3733 2506 καταλυ-

2143 2542 2279 2598 ποῦν
2313 2543 2529 2614 ἔχοντες
2573 2543 2675 2614 τὴν
2722 2542 2986 2598 ἐπίδοσιν.
3019 2544 3231 2598 Οὐκοῦν
3281 2544 3581 2614 ἐπειδήπερ
3624 2544 3734 2606 τοῖς

2144 2635 2202 2700 ἐξ
2246 2635 2463 2707 Ἰσραήλ
2515 2634 2710 2706 μικρὸν
2757 2631 2826 2706 ἦν
2873 2635 3016 2706 τάχα
3065 2635 3202 2706 πρὸς
3256 2633 3650 2704 ἐπανόρθωσιν,
3677 2632 3737 2685 τὸ

2145 2727 2374 2792 ἐνδείαις
2413 2727 2579 2800 ἄρτου
2623 2727 2977 2797 πορεύεσθαι,
3007 2727 3099 2780 καὶ⁹
3133 2727 3332 2792 ποτῶν,
3380 2728 3736 2798 ἐπενήνεκται

2143 2822 2205 2875 τὸ
2243 2823 2436 2876 παθεῖν
2482 2822 2577 2876 καὶ
2603 2821 2664 2874 τὺ
2692 2821 2773 2874 ἐτι
2808 2821 2999 2875 τούτου
3041 2819 3524 2892 φορτικῶτερον,ή
3560 2819 3738 2872 αὐτῶν

2147 2914 2404 2969 ἀσθένεια
2445 2913 2555 2967 τῶν
2595 2913 2864 2984 σωμάτων
2887 2953 2902 2977 ,
2945 2913 3021 2976 ὼς
3055 2914 3114 2965 ἐν
3144 2911 3367 2984 πυρετῷ
3403 2912 3497 2964 καὶ
3542 2911 3739 2982 ἰκτέρῳ

2154 3005 2556 3076 συμϐαίνουσα.
2589 3004 2762 3058 Τοῦτο
2789 3005 2882 3057 καί
2913 3003 3002 3056 διὰ
3037 3003 3220 3074 φωνῆς
3265 3001 3528 3073 Ἰερεμίου
3580 3001 3741 3056 πάλιν

2073 3122 2114 3180 C
2149 3099 2628 3169 εὑρήσομεν.Ἕφη
2671 3097 2801 3168 γάρ,
2829 3098 2912 3150 ὅτι
2947 3115 2965 3147 ‹
2997 3097 3138 3150 Τάδε
3169 3095 3318 3163 λέγει
3345 3096 3570 3166 Κύριοςο
3610 3095 3739 3148 Ἰδοὺ

2147 3191 2259 3260 ἐγὼ
2293 3191 2490 3262 δίδωμι
2517 3189 2610 3244 ἐπὶ
2631 3190 2723 3243 τὸν
2753 3189 2880 3243 λαὸν
2914 3189 3102 3243 τοῦτον
3127 3189 3438 3254 ἀσθένειαν,
3462 3189 3558 3242 καὶ
3581 3187 3743 3241 ἀσθε-

2147 3282 2409 3353 νήσουσιν
2441 3283 2499 3334 ἐν
2529 3281 2669 3353 αὑτῇ
2706 3281 2966 3353 πατέρες,
2999 3281 3092 3336 καὶ
3119 3281 3243 3346 υἱοὶ,
3269 3281 3386 3352 ἅμα
3414 3280 3633 3348 γείτων,
3652 3280 3743 3333 καὶ

2147 3375 2176 3426 ὁ
2218 3371 2449 3443 πλησίον
2498 3373 2666 3426 αὐτοῦ
2715 3372 3017 3426 ἀπολεῖται.
3051 3392 3070 3424 ι
3120 3373 3338 3442 Ἐπειδὴ
3379 3373 3436 3426 δέ
3477 3369 3618 3444 ἦσαν
3649 3372 3742 3426 καὶ

2150 3465 2394 3536 αἰσχρῶν
2438 3464 2744 3536 λημμάτων
2789 3464 3117 3536 ἡττώμενοι,
3151 3465 3245 3519 καὶ
3278 3465 3413 3518 πολὺ
3455 3465 3742 3536 βλέποντες

2150 3561 2230 3623 εἰς
2269 3557 2636 3629 φιλοκερδίας,
2669 3559 2843 3630 ταύτῃ
2881 3575 2940 3611 τε
2976 3557 3339 3628 πληθύνοντες
3383 3559 3614 3628 κήπους,
3649 3556 3744 3611 καὶ

2151 3649 2503 3722 ἀμπελῶνας,
2545 3650 2796 3713 συκῶνάς
2843 3667 2903 3702 τε
2949 3650 3046 3703 καὶ
3091 3649 3379 3715 ἐλαιῶνας,
3428 3649 3606 3721 ἥψατο
3647 3650 3743 3703 καὶ

2152 3743 2318 3796 τῶνδε
2344 3743 2500 3808 Θεὸς,
2533 3741 2602 3796 δι’
2633 3737 2708 3797 ὧν
2735 3738 2804 3812 ἦν
2842 3744 2902 3795 οὐ
2939 3743 3177 3815 μετρίως
3212 3743 3632 3814 κατηλγηκότας
3666 3744 3746 3806 εἰς

2155 3836 2292 3890 νοῦν·
2323 3837 2624 3908 ἐπανήκειν
2671 3836 2761 3890 τὸν
2821 3833 3094 3907 σώφρονα,
3128 3837 3224 3890 καὶ
3274 3836 3594 3891 ἀνθελέσθαι
3650 3835 3744 3890 τοῦ

2154 3928 2395 4000 χείρονος
2416 3928 2475 3981 τὺ
2504 3928 2804 4000 συμφέρον,
2840 3928 3192 4000 ἐπισωρεύων
3225 3930 3407 3992 αὐτοῖς
3431 3930 3517 3983 ἵνα
3544 3946 3747 3984 παντα-

2155 4019 2316 4090 χόθεν
2350 4019 2714 4090 πληττόμενοι
2764 4018 3042 4083 σώζοιντο.
3090 4021 3304 4092 Μικροῦ
3353 4020 3409 4073 δὲ
3456 4022 3608 4085 δντος
3653 4020 3748 4074 καὶ

2155 4112 2366 4176 τούτου,
2385 4112 2886 4182 προσεπενήνεκται
2904 4111 3074 4166 καὶτὸ
3091 4113 3430 4184 μεῖζον.Ὄτε
3447 4113 3576 4184 γὰρ,
3592 4115 3746 4185 φησὶ,

2156 4204 2254 4274 τὴν
2307 4204 2447 4276 ἐμὴν
2494 4204 2856 4276 ἀτιμάζοντες
2904 4209 3090 4277 χεῖρα,
3145 4206 3428 4277 μονονουχὶ
3473 4205 3610 4259 Θεοῦ
3651 4205 3748 4260 τοῦ

2158 4293 2337 4347 πάντα
2387 4292 2662 4364 ἰσχύοντος
2706 4295 2766 4348 τὸ
2815 4295 3010 4350 άναλκι
3041 4295 3459 4367 καθορίξοντες,
3507 4297 3607 4368 τὴν
3631 4297 3746 4351 ὁδὸν

2161 4384 2467 4455 πεποιῆσθε
2501 4383 2602 4457 τὴν
2636 4384 2772 4456 πρὸς
2797 4386 3152 4454 Αἰγυπτίους,
3181 4387 3364 4440 ἵππων
3411 4387 3622 4458 σάρκας
3649 4387 3751 4458 τῆς

479 4474 596 4514 mea
631 4458 892 4528 elegistis,
927 4468 983 4513 et
1008 4457 1327 4528 1Egyptium
1361 4461 1634 4516 hominem
1677 4462 1807 4516 mihi
1844 4473 2045 4533 praetu-

2164 4479 2292 4548 παρ’
2317 4476 2450 4548 ἐμοῦ
2484 4477 2766 4548 φροντίδος
2792 4478 3177 4549 ἀνθῃρημένοι,
3205 4478 3300 4531 καὶ
3331 4457 3629 4548 Αἰγύπτιον
3653 4457 3749 4535 ἄν-

478 4550 639 4615 Iisiis,
664 4559 792 4604 tunc
819 4565 970 4616 sane,
990 4559 1116 4605 tunc
1137 4549 1560 4623 Babyloniorum
1591 4553 1904 4624 rhomphaea
1935 4556 2051 4610 bel-

479 4643 864 4698 licosissimum
897 4657 1068 4712 genus
1124 4653 1501 4714 consumptum
1527 4657 1611 4700 est
1641 4684 1656 4710 ,
1709 4655 1854 4702 totus
1885 4658 2062 4702 vester

478 4733 754 4802 equitatus
794 4734 1041 4802 captivus
1063 4743 1146 4788 est
1175 4734 1371 4803 factus,
1407 4735 1728 4791 debilitante
1751 4735 1861 4792 Deo
1889 4740 2055 4792 etiam

481 4827 572 4894 qui
625 4824 692 4878 ad
729 4825 955 4894 gloriam
991 4827 1232 4894 grassari
1285 4837 1549 4882 noverant
1579 4869 1596 4891 ,
1644 4835 1699 4882 et
1740 4829 1982 4884 victoriis
2033 4845 2063 4884 e

481 4934 657 4990 pugna
689 4920 1032 4988 reportandis
1085 4933 1455 4976 assueveraut.
1506 4920 1778 4992 Intelliges
1795 4933 1975 4976 autem
2009 4932 2063 4976 et

481 5014 642 5067 aliter
673 5013 824 5078 illud,
866 5032 884 5063 ‹
920 5011 1043 5068 Misi
1084 5015 1150 5068 ad
1175 5029 1272 5069 vos
1297 5025 1524 5070 mortem
1551 5016 1603 5070 in
1628 5018 1715 5069 via
1743 5015 1992 5087 Egypti.
2031 5036 2049 5068 ι

478 5104 627 5160 Josia
665 5113 929 5176 regnante
959 5120 1123 5176 super
1156 5103 1372 5171 Iudam,
1399 5107 1549 5162 duxit
1594 5118 1783 5162 contra
1828 5108 2061 5179 Babylo-

482 5213 604 5252 nem
638 5196 848 5251 Pharao
877 5195 1093 5252 Nechao
1117 5195 1493 5268 IEgyptiurum
1523 5209 1784 5269 tyrannus
1818 5201 1884 5254 ³³.
1919 5201 2058 5267 Quia

482 5307 614 5344 vero
646 5307 742 5360 per
778 5290 1018 5345 Iudaeam
1051 5290 1286 5344 transire
1316 5293 1620 5360 oportebat,
1659 5301 1809 5347 ratus
1858 5290 2061 5357 Josias,

480 5384 585 5439 iter
613 5381 943 5454 Babylonem
965 5397 1155 5437 versus
1180 5384 1552 5436 tantummodo
1579 5394 1899 5454 praetextum
1922 5400 2062 5449 esse,

481 5485 538 5530 et
587 5486 777 5530 contra
830 5491 889 5531 se
943 5490 1095 5528 arma
1133 5476 1430 5544 sumpsisse
1461 5475 1782 5548 Egyptiqu
1811 5519 1826 5545 ,
1861 5487 2066 5532 temere

484 5582 606 5623 cum
654 5568 895 5623 exercitu
930 5568 1191 5636 occurrit,
1256 5579 1310 5623 et
1369 5570 1533 5625 Israel
1584 5570 1832 5639 oppetiit.
1899 5569 2064 5642 294

2169 4569 2387 4638 θρωπον
2426 4568 2912 4640 προτετιμηκότες,
2946 4569 3068 4622 τότε
3101 4570 3164 4642 δὴ
3193 4569 3315 4624 τότε
3364 4570 3750 4642 δεδαπάνηται,

2169 4661 2352 4730 φησὶν,
2385 4660 2490 4713 ὑπὸ
2517 4663 2615 4732 τῆς
2642 4661 2752 4714 τῶν
2785 4660 3139 4714 Βαϐυλωνίων
3178 4663 3454 4734 ῥομφαίας
3493 4664 3554 4717 τὸ
3590 4683 3753 4736 μαχι-

2173 4755 2423 4822 μώτατον
2455 4754 2632 4822 γένος.
2661 4755 2769 4808 Καὶ
2796 4753 2940 4818 ἆπας
2964 4753 3119 4825 ὑμῶν
3145 4756 3380 4828 ἱππότης
3409 4757 3752 4827 αἰχμάλωτος

2170 4839 2262 4912 ἦν,
2297 4843 2726 4914 άπονευροῦντος
2763 4843 2923 4911 Θεοῦ,
2964 4845 3058 4897 καὶ
3107 4846 3234 4908 τοὺς
3284 4846 3493 4909 εἰδότας
3542 4847 3751 4900 εὐδοκι-

2175 4937 2314 5005 μεῖν,
2356 4935 2451 4988 καὶ
2480 4936 2581 4988 οὐκ
2609 4935 2944 5007 ἀμελέτητον
2983 4936 3207 5006 ἔχοντας
3253 4936 3315 4990 τὸ
3357 4939 3514 5009 νικᾷν
3543 4938 3601 4990 ἐν
3646 4938 3752 5009 μά-

2170 5042 2313 5094 χαις.
2357 5025 2616 5095 Συνήσεις
2661 5025 2718 5078 δέ
2767 5027 2862 5078 καὶ
2904 5027 3102 5098 ἑτέρως
3153 5028 3235 5092 τὸ,
3270 5027 3634 5083 «Ἀπέστειλα
3673 5030 3753 5093 εἰς

2170 5116 2313 5186 ὑμᾶς
2343 5115 2571 5170 θάνατον
2606 5118 2662 5168 ἐν
2687 5117 2790 5188 ὁδῷ
2819 5117 3119 5186 Αἰγύπτου.
3149 5139 3167 5172 ι
3211 5120 3417 5174 Ἰωσίου
3442 5120 3753 5190 βασιλεύον-

2166 5225 2258 5271 τος
2292 5209 2385 5261 ἐπὶ
2429 5208 2522 5262 τὸν
2560 5209 2779 5273 Ἰούδαν,
2826 5213 3266 5283 κατεστράτευσε
3303 5213 3404 5283 τῆς
3438 5213 3755 5278 Βαϐυλῶνος

2166 5297 2367 5369 Φαραὼ
2390 5299 2611 5371 Νεχαὼ,
2639 5302 2740 5373 τῆς
2766 5304 3078 5372 Αἰγυπτίων
3122 5308 3150 5358 ὁ
3187 5305 3468 5378 τύραννος.
3487 5307 3571 5372 Ὡς
3600 5307 3658 5361 δέ
3685 5303 3754 5377 ἦν

2168 5392 2380 5463 ἀνάγκη
2439 5392 2528 5446 διά
2563 5396 2662 5465 τῆς
2702 5395 2970 5451 Ἰουδαίων
3011 5398 3174 5452 αὑτὸν
3218 5399 3591 5471 παρέρχεσθαι
3627 5399 3753 5468 γῆς,

2167 5481 2372 5552 οἰηθεὶς
2392 5484 2420 5536 ὁ
2445 5483 2654 5548 Ἰωσίας
2683 5485 2884 5555 σκῆψιν
2915 5489 3014 5558 μὲν
3042 5485 3180 5542 εἶναι
3209 5491 3307 5561 τὴν
3332 5493 3426 5544 ἐπὶ
3459 5490 3756 5544 Βαϐυλῶνα

2167 5574 2306 5641 ὁδὸν,
2339 5574 2607 5630 ὡπλίσθαι
2634 5578 2690 5630 δὲ
2717 5581 2840 5632 κατ’
2871 5581 3034 5634 αὐτοῦ
3069 5583 3158 5636 τὸν
3184 5583 3502 5652 Αἰγύπτιον,
3535 5581 3760 5648 ἀντεξά-

561 5745 772 5800 "Joan.
803 5763 878 5815 vr,
910 5747 1000 5803 '55.
1082 5749 1126 5780 ’⁸
1156 5749 1257 5805 Isa.
1295 5765 1346 5818 ν,
1381 5749 1431 5804 6.
1511 5752 1553 5783 ’⁸
1579 5749 1691 5806 Jer.
1727 5767 1801 5817 vr,
1829 5752 1918 5806 il.
1995 5753 2041 5784 “
2068 5750 2132 5808 IV
2167 5752 2303 5824 Reg.
2337 5771 2494 5820 mn,
2530 5757 2750 5827 passim.
