4132 6370
390 328 501 385 l‘85

1359 330 1915 389 COMMENTARIUS
1955 331 2021 387 IN
2068 334 2253 391 AMOS
2294 336 2743 392 PROPHETAM.

3557 335 3663 391 486

390 460 479 511 γει
525 444 872 515 παραλόγως.
907 445 1053 497 Ἐκεῖ
1097 447 1389 498 πέπτωκεν
1434 450 1463 500 ὁ
1500 449 1734 519 Ἰσραήλ.
1770 448 1981 501 Οὐκοῦν

2086 451 2269 519 Itaque
2314 474 2332 504 ι
2399 454 2642 519 luunisi,
2701 452 2896 521 inquit,
2938 450 2991 504 in
3042 464 3137 504 vos
3191 458 3417 505 mortem
3476 450 3530 505 in
3580 452 3665 505 via

398 553 415 586 ι
439 534 847 600 Ἑξαπέστειλα,
881 536 1069 606 φησὶν,
1105 538 1184 598 εἰς
1231 537 1375 605 ὑμᾶς
1402 538 1632 591 θάνατον
1664 542 1720 591 ἐν
1748 538 1851 609 ὁδῷ
1876 540 1972 590 Αἰ-

388 627 635 695 γύπτου,
666 648 683 678 ι
732 630 1043 687 τουτέστιν.
1100 630 1159 680 ἐν
1211 630 1429 699 παρόδῳ
1478 631 1585 683 τῶν
1637 632 1972 698 Αἰγυπτίων,

395 740 414 772 ι
444 721 565 773 τότε
597 723 690 773 καὶ
716 723 993 791 ἀνήγαγον
1020 723 1078 773 ἐν
1112 722 1245 792 πυρί
1266 722 1363 784 τὰς
1386 723 1739 792 παρεμϐολάς
1763 723 1970 793 ύμῶν,ο

389 811 512 863 ἀντὶ
550 810 665 873 τοῦ,
700 814 763 864 ἐκ
808 810 1024 881 βάθρων
1075 811 1359 880 ἀνέσκαψα
1415 812 1512 875 τὰς
1555 812 1975 882 -τετειχισμένας

391 901 567 971 ὑμῶν,
600 904 693 955 καὶ.
738 903 1151 974 εύπυργοτάτας
1186 904 1546 972 πόλεις.’Έφη
1591 904 1647 956 δὲ
1697 904 1854 956 τοῦτο
1883 905 1977 956 καὶ

391 993 449 1046 ἐν
477 995 641 1064 ἀρχῇ,
679 1012 697 1044 ι
728 996 837 1047 Καὶ
876 993 1149 1065 ἐπορεύθη
1186 994 1426 1065 Ἐφραῖμ
1467 996 1602 1065 πρὸς
1635 996 1975 1065 Ἀσσυρίους,

392 1085 488 1137 καὶ
523 1084 725 1148 Ἰούδας
769 1085 1037 1157 ἐπλήθυνε
1089 1086 1274 1149 πόλεις
1310 1087 1740 1156 τετειχισμένας,
1768 1088 1859 1140 καὶ
1889 1088 1978 1151 ἐξ·

392 1177 672 1229 αποστελῶ
714 1177 825 1248 πῦρ
858 1181 937 1241 εἰς
961 1178 1061 1242 τὰς
1091 1180 1276 1241 πόλεις
1306 1180 1509 1245 αὐτῶν,
1537 1181 1632 1232 καὶ
1674 1181 1981 1249 καταφάγε-

390 1285 480 1321 ται
512 1268 739 1338 θεμέλια
772 1270 973 1323 αὐτῶν.
1008 1290 1026 1321 ι
1085 1270 1293 1323 Οὐκοῦν
1324 1270 1383 1333 ἐξ
1416 1269 1619 1334 αὐτῶν,
1650 1272 1804 1341 φησὶ,
1852 1289 1980 1323 κατ-

393 1360 582 1413 έσεισα
614 1361 831 1431 βάθρων
858 1363 957 1425 τὰς
984 1363 1336 1433 ὀχυρωτάτας
1376 1362 1528 1433 ὑμῶν
1571 1362 1775 1425 πόλεις,
1823 1382 1841 1414 ι
1873 1365 1980 1416 Καὶ

391 1453 501 1506 οὐδ’
533 1452 705 1516 οὔτως
739 1454 1132 1525 ἐπεστρέψατε,
1159 1454 1308 1521 λέγει
1346 1453 1569 1524 Κύριος.
1604 1473 1622 1504 ι

467 1571 856 1638 Κατέστρεψα
886 1570 1041 1638 ὑμᾶς
1078 1571 1275 1636 καθὼς
1316 1570 1727 1639 κατέστρεψεν
1766 1574 1979 1639 Κύριος

392 1659 628 1728 Σόδομα
655 1661 753 1713 καὶ
789 1662 1087 1728 Γόμορῤα,
1115 1661 1212 1713 καὶ
1238 1661 1520 1730 ἐγένεσθε
1558 1661 1639 1725 ὠς
1663 1660 1850 1725 δαλὸς
1885 1662 1982 1725 ἐξ·

392 1750 777 1819 εσπασμένος
820 1752 939 1805 ἀπὸ
978 1752 1285 1816 καύσεως,
1343 1750 1439 1803 καὶ
1488 1750 1614 1804 οὐδ’
1644 1752 1834 1818 οὕτως
1880 1752 1981 1804 ἐπ-

391 1842 725 1911 εστρέψατε
754 1844 904 1910 πρός
929 1860 1026 1913 με,
1058 1843 1223 1913 λέγει
1248 1843 1485 1911 Κύριος.

465 1958 589 2013 ΛΘ⁹.
632 1957 925 2026 Ούδεμίαν,
974 1958 1159 2028 φησὶν,
1196 1959 1254 2009 ἐν
1304 1956 1433 2025 ὑμῖν
1476 1955 1575 2026 τὴν
1613 1957 1985 2031 ἐπανόρθωσιν

396 2036 630 2117 βλέπων,
662 2050 1027 2120 προστέθεικα
1061 2050 1181 2103 ταῖς
1212 2049 1403 2118 ὀργαῖς
1436 2047 1624 2101 καὶτὰ
1662 2048 1745 2101 ἔτι
1780 2048 1986 2102 τούτων

298 2164 307 2173 -
393 2141 777 2210 ἁπηνέστερα,
825 2140 921 2193 καὶ
969 2139 1310 2212 θερμοτέραν
1358 2138 1667 2209 πεποίημαι
1708 2138 1805 2210 τὴν
1862 2140 1984 2194 καθ’

393 2234 551 2306 ὑμῶν
577 2235 971 2306 ἀγανάκτησιν.
1005 2234 1372 2306 Κατέστρεψα
1421 2237 1527 2306 γὰρ
1550 2237 1624 2299 ὡς
1655 2236 1865 2307 Σόδομα
1890 2238 1987 2291 καὶ

393 2324 673 2397 Γόμορρα,
702 2326 800 2378 καὶ
832 2326 932 2378 ούκ
958 2326 1549 2398 ἐπεστρέψατε.¹Ἐοικε
1583 2328 1772 2399 δὲτὴν
1800 2329 1985 2383 τελευ-

385 2415 553 2469 ταίαν
605 2416 662 2468 ἐν
714 2414 925 2478 τούτοις
970 2418 1105 2487 ἡμῖν
1148 2419 1415 2489 πόρθησιν
1447 2419 1768 2489 ύποδηλοῦν,
1794 2421 1893 2491 τὴν
1929 2423 1986 2473 ἐν

394 2508 609 2579 καιροῖς
649 2507 910 2578 Ἰερεμίου
962 2508 1052 2561 διὰ
1103 2510 1283 2579 χειρὸς
1319 2510 1792 2583 Ναϐουχοδονόσορ
1824 2530 1984 2581 γεγε-

394 2598 656 2670 νημένην,
694 2599 754 2663 ὃς
801 2601 982 2653 πᾶσαν
1013 2594 1125 2653 εἷλε
1176 2601 1273 2672 τὴν
1308 2604 1587 2666 Ἰουδαίαν,
1628 2604 1895 2675 ἐνέπρησε
1929 2607 1986 2659 δὲ

395 2690 489 2745 καὶ
541 2691 681 2744 αύτά
728 2691 798 2744 τά
838 2691 1206 2764 Ἰεροσόλυμα,
1234 2696 1456 2760 καὶτὰς
1488 2696 1801 2767 περιοίκους
1844 2699 1983 2769 αὐτῇ

396 2785 581 2849 πόλεις
616 2803 676 2838 τε
716 2785 810 2840 καὶ
852 2784 1066 2856 κώμας,
1100 2786 1193 2838 καὶ
1220 2786 1383 2839 αὑτὸν
1416 2787 1472 2840 δέ
1501 2788 1590 2840 τὸν
1635 2788 1777 2841 θεῖον
1816 2806 1985 2842 κατα-

398 2878 615 2939 σπάσας
643 2876 791 2941 ναὸν,
820 2876 1172 2948 δορικτήτους
1201 2876 1340 2947 ἔχων
1367 2879 1494 2943 τοὺς
1544 2880 1603 2931 ἐν
1642 2879 1721 2949 τῷ
1766 2879 1986 2951 πολέμῳ

398 2968 935 3040 περιλελειμμένους,
967 2969 1109 3022 οἴκοι
1145 2969 1306 3023 πάλιν
1327 2970 1617 3041 λαμπρῶς,
1648 2973 1743 3025 καὶ
1770 2990 1985 3044 νενικη-

397 3058 508 3122 κὼς
535 3061 650 3120 τοῖς
680 3057 898 3111 ἁλοῦσιν
930 3058 1068 3127 ὁμοῦ
1101 3060 1198 3112 καὶ
1227 3059 1603 3129 ἀνεκομίζετο,
1632 3061 1681 3115 οἳ
1709 3063 1802 3115 καὶ
1831 3064 1985 3134 μόλις

399 3149 700 3219 ἐπανῆλθον
734 3150 812 3212 εἰς
845 3148 941 3220 τὴν
980 3150 1261 3214 Ἰουδαίαν,
1314 3151 1451 3203 ἐτῶν
1502 3154 1591 3205 ἐπ’
1616 3151 1799 3217 αὐτοῖς
1843 3155 1983 3226 πλη·
2012 3140 2054 3197 C-

401 3241 680 3314 ρωθέντων
707 3241 797 3295 τὸν
834 3240 1067 3311 ἀριθμὸν
1094 3241 1488 3313 ἐϐδομήκοντα.
1525 3243 1709 3314 Κῦρος
1752 3245 1881 3316 γὰρ,
1912 3245 1986 3310 ὡς

398 3335 555 3405 ἔφην,
583 3332 680 3404 τὴν
724 3331 1017 3385 Βαϐυλῶνα
1067 3331 1225 3396 ἐλὼν,
1252 3336 1353 3405 τῆς
1391 3336 1767 3404 αἰχμαλωσίας
1817 3337 1986 3407 ἀνῆκε

396 3426 523 3489 τοὺς
572 3423 1040 3495 περιλειφθέντας,
1078 3424 1173 3476 καὶ
1219 3426 1598 3495 σεσωσμένους
1645 3426 1703 3492 ἐξ
1744 3427 1983 3498 Ἰσραήλ.

396 3517 495 3571 Διά
522 3516 700 3581 τοῦτο,
741 3515 927 3586 φησὶν,
953 3515 1203 3582 ἐγένεσθε
1235 3510 1346 3569 οἷον
1370 3517 1602 3569 δαλίδιον
1632 3518 1984 3588 ἡμίφλεκτον,

398 3611 489 3664 καὶ
520 3611 578 3663 ἐν
606 3609 808 3678 ὀλίγοις
838 3608 917 3661 ἐτι
948 3608 1222 3677 λειψάνοις
1252 3607 1577 3679 σωζόμενον.
1603 3608 1735 3662 Θεοῦ
1760 3628 1985 3682 τοιγαρ-

396 3698 490 3753 οῦν
524 3698 872 3761 παιδεύοντος
913 3698 971 3750 τὸ
1012 3697 1410 3755 ύποπτιοῦσθαι
1444 3699 1662 3770 πικρὸν,
1695 3700 1983 3770 παραίτιον

396 3792 451 3845 δὲ
483 3792 576 3845 καὶ
606 3790 713 3843 τῶν
757 3790 837 3844 ἔτι
880 3790 1321 3861 δυσαχθεστέρων
1352 3790 1503 3843 ἔσται
1530 3792 1715 3845 κακῶν
1740 3796 1852 3855 τοῖς
1887 3793 1984 3865 τὴν

397 3883 649 3953 αίσθησιν
695 3883 1127 3952 ἀποσειομένοις,
1169 3882 1277 3935 ἀπό
1311 3899 1375 3950 γε
1417 3882 1509 3935 τοῦ
1544 3883 1652 3936 δεῖν
1705 3886 1985 3957 ἀκαταλή-

397 3993 541 4038 κτως
576 3976 712 4029 ἰέναι
748 3975 884 4045 πρὸς
930 3974 990 4028 τὸ
1023 3974 1153 4046 δρᾷν
1195 3973 1434 4041 ἑλέσθαι,
1471 3974 1565 4029 καὶ
1598 3979 1813 4046 φρονεῖν
1843 3977 1877 4031 δι
1910 3978 1984 4049 μὴ

397 4066 794 4138 θέμις.”ονπερ
824 4066 933 4138 γὰρ
965 4067 1165 4137 τρόπον
1194 4068 1241 4119 οἱ
1274 4065 1373 4131 τὰς
1416 4066 1524 4119 τῶν
1559 4068 1828 4136 σωμάτιον
1854 4070 1986 4122 ἀνα-

398 4158 695 4221 κόπτοντες
720 4157 931 4222 νόσους,
963 4156 1060 4211 καὶ
1085 4155 1181 4211 τοῦ
1209 4156 1537 4228 θεραπεύειν
1566 4156 1831 4212 δύνασθαι
1884 4160 1985 4231 τὴν

396 4251 594 4321 πεῖραν
625 4249 1013 4321 ἐξησκηκότες,
1044 4248 1115 4302 τά
1144 4248 1250 4301 τῶν
1274 4249 1607 4320 τραυμάτων
1631 4250 1986 4321 δυσαισθητό-

394 4353 530 4411 τερα
560 4340 783 4413 θερμοῖς
814 4342 909 4394 καὶ
932 4340 1149 4411 δριμέσι
1172 4341 1484 4411 φαρμάκοις
1526 4340 1981 4412 ἀποκαθαίρουσι,

397 4434 492 4486 καὶ
522 4433 622 4503 τῆς
653 4432 879 4503 ἐνούσης
912 4433 1094 4497 αὐτοῖς
1128 4432 1470 4503 ἀκαθαρσίας
1495 4434 1557 4487 τὸ
1588 4434 1760 4504 πάχος
1783 4435 1981 4489 ἀπολε-

397 4526 710 4591 πτύνοντες,
739 4528 848 4588 τοῖς
874 4526 937 4577 ἐκ
968 4526 1162 4595 τέχνης
1191 4525 1599 4596 ἐπικουρήμασι
1631 4529 1984 4597 παραχωρεῖν

396 4616 803 4683 ἀναπείθουσιν,
839 4616 981 4669 οὕτω
1008 4617 1099 4669 καὶ
1131 4618 1159 4668 ό
1186 4616 1366 4669 πάντα
1394 4614 1678 4684 γινώσκων
1706 4617 1836 4681 Θεὸς
1858 4620 1984 4683 τοὺς

398 4710 715 4780 ἀναλγήτως
742 4708 964 4777 ἔχοντας
992 4708 1119 4778 περὶ
1144 4706 1215 4759 τὰ
1248 4706 1440 4777 μικρὰ,
1468 4710 1587 4771 ταῖς
1618 4708 1697 4761 ἔτι
1728 4710 1982 4779 χαλεπω-

398 4805 589 4876 τέραις
635 4803 1025 4874 καταφορτίζει
1064 4803 1320 4873 πληγαῖς,
1361 4796 1435 4855 ὧν
1466 4802 1627 4875 εἴπερ
1685 4822 1769 4868 τις
1822 4808 1983 4876 σοφός

403 4913 499 4967 ρας
532 4894 631 4965 τὴν
666 4893 873 4963 ἔφοδον.

501 5010 608 5063 Διά
640 5008 819 5063 τοῦτο
850 5008 1040 5075 οὕτως
1078 5009 1313 5077 ποιήσω
1340 5026 1461 5077 σοι,
1480 5012 1751 5080 Ἰσραήλ.

467 5125 557 5177 M'.
614 5121 830 5191 Ἐπειδὴ
882 5120 1026 5193 γὰρ,
1061 5122 1266 5193 φησὶν,
1315 5122 1433 5175 τόδε
1481 5141 1532 5194 τι
1585 5122 1978 5191 πεποιηκότος,

396 5216 618 5271 κάκεῖνο
645 5215 996 5286 προσθέντος,
1020 5214 1115 5267 καὶ
1148 5215 1430 5284 μονονουχὶ
1460 5216 1567 5267 πᾶν
1592 5208 1732 5276 εἶδος
1755 5213 1982 5282 ἐπάγον-

393 5325 487 5372 τος
510 5308 694 5370 αἰκίας
739 5306 832 5359 καὶ
880 5305 1080 5371 πόνων,
1112 5306 1229 5359 ἀλλ’
1256 5306 1575 5375 ἀναλγήτως
1625 5305 1849 5376 ἔχοντας
1895 5324 1981 5359 τε-

397 5400 597 5470 θέαμαί
629 5417 689 5452 τε
722 5400 817 5451 καὶ
858 5398 917 5464 ἐξ
944 5398 1109 5467 αὐτῆς
1142 5397 1445 5468 ἐμάνθανον
1480 5396 1695 5466 πείρας,
1725 5397 1980 5467 ταύτητοι

401 5512 420 5545 ι
456 5492 563 5545 Καὶ
586 5492 760 5554 οὕτως
812 5493 1026 5561 ποιήσω
1055 5506 1155 5542 σοι.
1191 5510 1209 5541 ι
1247 5489 1371 5551 Πῶς
1418 5488 1475 5541 δέ
1523 5488 1729 5553 οῦτως;
1777 5489 1838 5540 ού
1872 5491 1981 5559 γὰρ

396 5582 639 5655 ἠρκέσθη
686 5586 799 5645 τοῖς
850 5581 1105 5651 πρώτοις.
1146 5581 1541 5651 Προσεπήγαγε
1568 5580 1622 5633 δὲ
1654 5581 1748 5632 καὶ
1790 5580 1887 5650 τὴν
1924 5584 1981 5633 ἐν

469 5794 514 5824 ’³
540 5792 676 5847 Osce
710 5808 826 5857 vui,
868 5792 954 5845 M.
1052 5790 1228 5847 “Jer.
1260 5807 1444 5859 xxxix,
1468 5792 1519 5847 8.

1621 5794 1665 5824 "
1704 5792 1745 5847 ll
1772 5793 1945 5849 Paral.
1977 5807 2157 5859 xxxvu,
2186 5793 2292 5858 22;

2079 543 2322 613 Aigypti,
2366 565 2385 596 ›
2428 549 2528 599 hoc
2574 555 2676 612 est,
2713 546 2764 597 in
2801 545 3055 607 transitu,
3099 556 3192 597 seu
3254 542 3669 597 transeuntibus

2077 635 2367 705 Aigyptiis.
2414 658 2431 689 ι
2472 639 2535 691 Ει
2570 638 2769 691 adduxi
2819 638 2870 690 in
2901 637 3022 705 igne
3071 645 3251 690 castra
3289 645 3490 700 vestra,
3539 654 3557 685 ι
3611 633 3667 689 id

2078 738 2160 780 est
2183 731 2451 783 nitentibus
2480 739 2533 782 et
2563 732 2805 783 turribus
2836 730 3106 792 munitas,
3170 743 3233 782 ac
3279 726 3416 781 bene
3460 728 3667 781 instru-

2078 832 2196 873 etas
2228 820 2390 874 urbes
2425 834 2637 877 vestras
2669 824 2861 877 everti.
2901 822 3055 888 Quod
3103 821 3268 874 etiam
3306 819 3361 874 in
3402 820 3669 890 principio

2080 912 2215 966 dixit
2250 930 2264 965 :
2304 932 2322 964 ι
2363 914 2428 967 Et
2464 914 2596 967 abiit
2647 916 2905 984 Epltraim
2953 915 3020 967 ad
3075 914 3357 984 Assyrios,
3417 922 3471 966 et
3498 912 3669 967 ludas

2081 1005 2457 1073 tnultiplicavit
2487 1006 2648 1060 urbes
2700 1010 2959 1059 munitas.
3016 1004 3084 1058 Et
3150 1008 3362 1058 mittam
3406 1005 3584 1073 ignem
3614 1005 3665 1057 in

2082 1097 2243 1150 urbes
2282 1098 2418 1165 ejus,
2449 1107 2504 1150 et
2556 1099 2840 1150 devorabit
2873 1098 3224 1151 fundamenta
3270 1112 3481 1151 eorum.
3530 1115 3549 1149 ι
3586 1096 3665 1149 Ex

2083 1188 2212 1257 ipsis
2239 1190 2405 1258 igitur
2439 1188 2812 1244 fundamentis
2837 1190 3234 1244 munitissimas
3266 1191 3426 1244 urbes
3457 1198 3671 1244 vestras

2082 1283 2242 1341 dirui,
2282 1283 2475 1351 inquit,
2513 1301 2531 1333 ι
2572 1282 2641 1334 Ει
2681 1297 2747 1334 ne
2793 1284 2872 1337 sie
2906 1283 3124 1350 quidem
3175 1282 3377 1337 reversi
3423 1281 3557 1337 estis
3602 1280 3669 1335 ad

2084 1390 2187 1433 me,
2224 1375 2355 1427 dicit
2400 1374 2658 1428 Dominus
2687 1374 2751 1427 ’³.
2795 1391 2813 1423 ι

2158 1570 2318 1626 Vens.
2353 1574 2442 1625 11.
2479 1571 2720 1625 Subveni
2766 1588 2876 1636 vos,
2931 1572 3070 1624 sicut
3125 1570 3375 1623 subvertit
3416 1570 3672 1625 Dominus

2085 1662 2373 1717 Sodomam
2412 1676 2457 1716 et
2505 1660 2875 1727 Comen/iam,
2914 1673 2960 1714 et
2995 1661 3123 1730 facti
3167 1662 3292 1714 estis
3325 1661 3467 1713 sicut
3514 1660 3672 1713 torris

2086 1766 2265 1817 raptus
2304 1752 2368 1805 ab
2396 1754 2674 1818 incendio;
2706 1768 2797 1806 nec
2824 1753 2900 1806 sic
2932 1752 3141 1822 quidem
3196 1752 3426 1804 rediistis
3461 1752 3528 1803 ad
3567 1766 3673 1815 me,

2089 1847 2215 1897 dicit
2242 1844 2521 1899 Dominus.

2162 1958 2399 2014 XXXIX.
2436 1959 2569 2014 Cum
2601 1958 2802 2013 nullam
2830 1959 2881 2012 in
2910 1958 3065 2013 vobis
3085 1958 3520 2013 emendationem
3551 1972 3671 2012 cer-

2090 2066 2294 2115 nerem,
2332 2050 2529 2119 inquit,
2564 2050 2737 2105 iratus
2776 2050 3204 2113 'vehementius,
3254 2050 3339 2104 bis
3393 2050 3671 2104 atrociora

2090 2143 2285 2212 adieci,
2323 2143 2861 2212 indignationemque
2879 2157 3055 2195 meam
3073 2142 3362 2197 adversum
3391 2157 3490 2197 vos
3540 2156 3674 2197 exa-

2089 2236 2197 2289 cui.
2232 2227 2483 2290 Subverti
2516 2250 2753 2304 namque
2778 2250 2876 2289 vos
2902 2234 3045 2289 haud
3075 2249 3236 2289 secus
3283 2248 3445 2303 quam
3499 2234 3674 2290 Sodo-

2090 2345 2231 2385 mam
2290 2338 2345 2384 et
2372 2328 2754 2394 Gomorrham,
2790 2338 2845 2384 et
2896 2342 3002 2382 non
3030 2327 3166 2383 estis
3198 2328 3424 2382 reversi.
3455 2327 3663 2394 Quibus

2087 2423 2274 2478 verbis
2333 2432 2665 2493 postremam
2720 2420 3082 2475 vastationem
3129 2418 3358 2475 innuere
3411 2420 3670 2485 videtur,

2087 2532 2209 2587 qum
2236 2516 2571 2585 temporibus
2618 2513 2869 2569 Jeremize
2899 2528 2996 2583 per
3037 2528 3259 2567 manum
3315 2511 3673 2568 Nabuchodo-

2088 2625 2254 2665 nosor
2288 2610 2539 2680 contigit,
2588 2608 2679 2678 qui
2716 2616 2886 2663 totam
2922 2606 3167 2661 Judaaam
3215 2606 3563 2676 subjugavit,
3616 2613 3673 2660 et

2088 2700 2522 2773 Hierosolymam
2555 2700 2755 2770 ipsam,
2782 2713 2886 2753 una
2923 2713 3043 2751 cum
3076 2697 3321 2753 ﬁnitimis
3348 2699 3468 2766 eius
3512 2699 3668 2752 urbi-

2086 2796 2189 2850 bus
2219 2810 2283 2849 ac
2322 2793 2456 2848 vicis
2497 2792 2714 2849 exussit
2747 2792 2819 2855 ”,
2874 2790 3264 2859 destructoque
3307 2790 3491 2843 divino
3533 2798 3672 2844 tem-

2088 2884 2195 2953 plo,
2236 2898 2338 2937 una
2372 2898 2495 2937 cum
2543 2881 2883 2950 captivorum
2926 2876 3193 2946 reliquiis,
3234 2875 3469 2946 gloriose
3501 2876 3676 2929 victor

2089 2980 2303 3031 domum
2342 2974 2524 3038 rediit,
2573 2987 2692 3039 qure
2730 2972 2821 3024 vix
2864 2969 3079 3022 tandem
3126 2968 3369 3022 decursis
3406 2982 3672 3023 annorum

2089 3068 2435 3138 septuaginta
2506 3065 2696 3133 spatiis
2747 3064 2800 3117 in
2860 3060 3098 3115 Judaeum
3160 3060 3459 3114 redierunt.
3501 3059 3675 3130 Cyrus

2088 3162 2257 3228 enim,
2292 3168 2353 3213 ut
2381 3158 2515 3225 dixi,
2555 3156 2832 3228 Babylone
2856 3161 3159 3223 expugnata
3183 3194 3198 3218 ,
3245 3153 3588 3222 superstites,
3619 3162 3674 3207 et

2089 3260 2381 3313 restantes,
2405 3264 2472 3304 ex
2502 3248 2817 3316 captivitate
2869 3244 3029 3300 solvit
3081 3246 3149 3300 ”.
3198 3245 3427 3306 Idcirco,
3460 3244 3665 3314 inquit,

2090 3344 2217 3397 facti
2254 3342 2391 3397 estis
2437 3350 2696 3409 tanquam
2741 3338 2903 3393 torris
2950 3338 3203 3406 exiguus,
3255 3336 3576 3402 semiustus,
3620 3344 3675 3389 et

2089 3434 2267 3487 adhuc
2318 3432 2372 3484 in
2414 3431 2605 3498 paucis
2656 3429 2901 3499 reliquiis
2939 3439 3291 3483 conservatus
3332 3426 3399 3480 ".
3439 3426 3675 3481 Proinde

2089 3522 2199 3577 Deo
2241 3522 2519 3590 puniente,
2559 3522 2811 3589 supinum
2846 3534 2911 3573 ac
2957 3520 3318 3588 negligentem
3359 3531 3503 3583 esse,
3545 3532 3672 3585 per-

2088 3614 2379 3679 niciosum;
2408 3621 2463 3666 et
2503 3611 2717 3665 amoliri
2744 3624 2984 3675 sensum,
3028 3610 3273 3677 citraque
3309 3609 3671 3664 cessationem

2087 3706 2155 3759 ab
2182 3704 2357 3759 ollicio
2396 3704 2461 3757 ad
2502 3702 2791 3757 arbitrium
2835 3700 3041 3755 nefaria
3074 3699 3311 3755 faciendi
3369 3699 3675 3769 cogitandi-

2088 3810 2192 3865 que
2258 3794 2562 3858 discedere,
2602 3792 3092 3846 intolerabiliorum
3161 3792 3342 3846 adhuc
3404 3792 3671 3846 malorum

2088 3903 2250 3942 causa
2275 3896 2378 3941 est.
2408 3886 2526 3952 Quo
2556 3885 2700 3939 enim
2755 3893 2943 3953 pacto,
2987 3884 3205 3937 morbos
3251 3897 3538 3951 corporum
3580 3882 3675 3937 de-

2087 3979 2371 4049 pellentes,
2423 3986 2478 4030 et
2518 3977 2569 4030 in
2601 3975 2902 4030 medicandi
2947 3974 3143 4044 peritia
3194 3973 3512 4039 exercitati,
3552 3973 3673 4028 vul-

2086 4086 2215 4125 nera
2251 4070 2317 4124 ad
2350 4069 2687 4125 curationem
2740 4066 3049 4122 difﬁciliora
3100 4067 3292 4121 calidis
3341 4076 3396 4121 et
3453 4065 3673 4121 acribus

2088 4161 2505 4217 medicamentis
2551 4160 2904 4225 abstergunt,
2949 4166 3006 4213 et
3052 4158 3412 4212 immunditiae
3448 4172 3568 4227 quae
3616 4158 3671 4212 in

2090 4255 2195 4309 illis
2228 4265 2314 4309 est
2343 4253 2763 4309 crassitudinem
2795 4261 3153 4305 extenuantes
3173 4289 3187 4312 ,
3234 4250 3547 4304 artiﬁciosis
3573 4264 3673 4303 cu-

2086 4347 2388 4401 rationibus
2443 4346 2633 4400 cedere
2673 4353 2906 4411 eogunt;
2957 4344 3028 4395 ita
3074 4356 3291 4411 quoque
3338 4342 3520 4397 omnia
3573 4356 3668 4394 co-

2089 4453 2355 4509 gnoscens
2389 4436 2553 4500 Deus,
2598 4434 2760 4504 295
2793 4449 2856 4487 ex
2890 4434 3071 4503 parvis
3122 4433 3363 4489 dolorem
3394 4448 3500 4488 non
3545 4448 3672 4489 sen-

2093 4529 2309 4593 tientes,
2338 4527 2511 4581 adhuc
2536 4525 2911 4580 acerbioribus
2956 4524 3128 4596 plagis
3161 4535 3380 4591 onerat,
3436 4540 3671 4596 quorum

2087 4620 2477 4690 experientiam
2517 4619 2681 4673 homo
2729 4618 2949 4687 sapiens
3008 4627 3064 4671 et
3100 4617 3277 4673 solers
3324 4618 3523 4673 merito
3569 4617 3669 4673 de-

2088 4720 2358 4777 precetur.

2024 4810 2162 4867 ἐστι,
2199 4805 2291 4857 καὶ
2318 4802 2596 4872 ἀγχίνους,
2664 4805 2984 4870 παραιτοῖτο
3007 4802 3073 4855 ἂν
3136 4804 3359 4867 εἰκότως
3390 4802 3525 4875 πρὸς
3548 4800 3669 4853 πεί-

2162 5001 2451 5071 Propterea
2481 5001 2555 5054 sic
2584 4998 2779 5067 faciam
2804 4998 2919 5065 tibi,
2944 4997 3140 5053 Israel.

2159 5117 2273 5172 XL.
2302 5117 2617 5185 Postquam,
2647 5113 2952 5183 inquit,lioc
2982 5112 3106 5182 feci,
3133 5120 3187 5167 et
3215 5113 3345 5168 illud
3370 5113 3575 5184 addidi,
3614 5126 3670 5171 et

2089 5220 2292 5265 tantum
2327 5224 2433 5263 non
2464 5221 2625 5261 omne
2658 5210 2829 5276 genus
2856 5203 3136 5274 plagarum
3172 5205 3536 5276 dolorumque
3580 5207 3667 5261 in-

2088 5303 2208 5367 tuli,
2237 5311 2291 5357 et
2346 5298 2702 5355 nihilominus
2755 5296 2903 5353 nullo
2957 5296 3145 5351 dolore
3197 5298 3525 5352 commoveri
3572 5314 3666 5357 eos

2090 5396 2218 5460 vidi,
2273 5402 2636 5462 expertusque
2679 5389 2869 5455 didici,
2914 5389 3117 5444 idcirco
3150 5406 3170 5441 ι
3227 5389 3295 5443 Ει
3344 5390 3424 5444 sic
3470 5390 3665 5446 faciam

2091 5487 2208 5541 tibi.
2244 5506 2262 5538 ι
2308 5485 2589 5551 Quomodo
2626 5492 2806 5537 autem
2833 5481 2964 5536 sic?
3018 5480 3133 5536 Non
3173 5482 3318 5536 enim
3378 5491 3670 5539 contentus

2092 5579 2189 5633 fuit
2226 5578 2436 5649 primis,
2490 5577 2583 5631 sed
2621 5575 2881 5643 aequalem
2939 5573 3338 5631 Sodomitarum
3374 5575 3669 5633 calamitati

2371 5793 2416 5825 ²⁶
2447 5793 2645 5849 lEsdr.
2676 5809 2715 5861 ι,
2742 5792 2961 5863 passim.
