4132 6370
405 273 514 338 487

1444 272 1508 327 S.
1549 269 1825 328 CYRILLI
1863 268 2340 329 ALEXANDRINI
2380 269 2702 326 ARCHIEP.

3592 268 3696 324 488

406 395 788 465 catastrophen
821 392 1041 460 adjecit.
1069 389 1352 447 Postrema
1405 393 1574 458 enim,
1607 402 1666 446 ut
1694 392 1836 458 dixi,
1875 394 1998 447 talis

2117 392 2204 463 ἴσῳ
2237 391 2511 460 Σωδὸμοις
2539 385 3257 460 καταστροφήν.Τελευταία
3282 388 3412 460 γὰρ,
3436 389 3511 452 ὼς
3533 388 3694 459 ἔφην,

407 491 563 561 plaga
587 490 655 543 ab
682 490 822 542 irato
858 488 964 542 Deo
1003 485 1109 540 illis
1140 483 1346 538 inllicta
1375 493 1482 538 est.

490 668 884 729 Verumtamen,
923 666 1046 736 quia
1094 667 1168 720 sic
1191 665 1388 735 faciam
1421 663 1516 718 tibi
1544 703 1559 729 ,
1594 679 1903 732 prarparare
1932 666 2003 716 ad

407 761 759 816 invocantium
803 759 968 813 Deum
998 767 1170 822 tuum,
1204 756 1408 812 Israel.

477 851 616 909 XLI.
649 853 720 905 At
761 851 930 916 enim,
975 851 1022 906 si
1059 851 1164 914 vis,
1203 851 1401 918 inquit,
1426 865 1651 906 causam
1701 864 1863 905 nosse
1905 864 2004 903 cur

409 946 484 1000 ita
515 946 711 999 faciam
756 946 878 1010 tibi,
910 943 1101 999 audies
1145 943 1334 1012 utique
1363 982 1379 1008 ,
1421 943 1550 998 dum
1604 941 1842 997 ferimini
1889 951 2004 995 tan-

410 1048 521 1092 tum
550 1051 658 1091 non
695 1035 964 1090 clamante
993 1043 1048 1090 et
1079 1034 1316 1099 dicente,
1350 1032 1444 1103 qui
1473 1048 1571 1088 vos
1596 1032 1744 1100 ferit,
1797 1051 1817 1083 ι
1857 1031 2002 1086 Prae-

410 1143 603 1199 parare
658 1127 727 1182 ad
782 1126 1143 1181 invocandum
1211 1127 1380 1180 Deum
1430 1135 1616 1188 tuum,
1661 1125 1848 1190 Israel,
1890 1141 1912 1176 ι
1947 1122 1999 1178 id

408 1232 514 1287 est,
540 1221 770 1290 impiger
797 1226 853 1274 et
882 1217 1065 1272 alacer
1094 1227 1236 1282 esto,
1269 1227 1330 1271 ut
1354 1232 1458 1271 non
1511 1217 1748 1272 alienum
1800 1224 1855 1270 et
1900 1214 2002 1270 fal.

409 1327 528 1366 sum
562 1311 720 1365 deum
756 1310 996 1373 invoces,
1027 1309 1121 1362 sed
1155 1307 1322 1363 Deum
1360 1308 1548 1371 Israel,
1585 1309 1685 1362 hoc
1712 1315 1817 1372 est,
1839 1321 1999 1376 quem

413 1418 510 1459 usu
543 1403 661 1474 ipso
692 1400 1015 1472 c0gnovisti,
1048 1400 1140 1468 qui
1173 1409 1369 1454 natura
1404 1411 1460 1454 et
1491 1401 1744 1466 veritate,
1796 1409 1851 1453 ct
1891 1414 1998 1454 non

411 1494 770 1565 quorumdam
793 1492 1082 1548 excellenti
1141 1492 1376 1548 artiﬁcio
1410 1493 1664 1548 inventus
1687 1501 1772 1547 est
1795 1533 1811 1556 ,
1860 1492 2002 1547 sicut

409 1585 661 1644 videlicet
691 1602 815 1655 qua:
854 1600 919 1640 ex
965 1583 1126 1654 lignis
1154 1593 1211 1640 et
1261 1585 1528 1655 lapidibus
1563 1585 1925 1641 fabricantur.

482 1855 648 1912 Vens.
677 1854 765 1910 15.
793 1855 1007 1910 Idcirco
1065 1873 1180 1911 ecce
1209 1874 1300 1926 ego
1336 1857 1558 1925 ﬁrmans
1606 1857 1918 1920 tonitruum,
1955 1868 2002 1911 et

421 1965 608 2002 creans
636 1949 903 2018 spiritum,
929 1958 976 2002 et
1017 1949 1344 2002 annuntians
1390 1949 1446 2002 in
1475 1949 1711 2002 homines
1737 1947 2003 2003 Christum

411 2058 587 2100 suum,
617 2039 816 2110 faciens
841 2055 996 2095 mane
1027 2052 1074 2094 et
1119 2040 1388 2107 nebulam,
1439 2051 1488 2094 et
1521 2043 1810 2095 ascendens
1847 2058 2005 2108 super

412 2131 617 2188 excelsa
677 2143 878 2193 [ενι-ω,
924 2130 1187 2186 Dominus
1240 2130 1382 2186 Deus
1437 2130 1762 2202 omnipotens
1820 2149 2004 2186 nomen

413 2225 514 2278 illi.
677 2288 690 2297 η

483 2315 641 2369 XLII.
676 2314 1004 2370 Excellentis
1036 2315 1408 2385 oppositione,
1447 2318 1593 2386 quod
1634 2315 1875 2370 deterius
1903 2314 2004 2368 ha-

415 2409 574 2465 betur
597 2407 755 2462 facile
783 2409 1050 2462 noscitur.
1080 2407 1152 2462 Ut
1179 2407 1343 2478 igitur
1366 2407 1634 2462 idolorum
1661 2405 2007 2461 imbecillitas

414 2509 676 2571 appareat
699 2501 840 2569 apud
893 2515 1023 2567 eos,
1064 2499 1157 2568 qui
1209 2513 1320 2569 pra:
1371 2513 1564 2569 magna
1603 2498 1833 2553 stultitia
1875 2498 2008 2552 deos

413 2609 535 2649 esse
559 2601 614 2648 et
644 2591 954 2648 adorandos
981 2593 1352 2661 opinabantur
1376 2631 1392 2658 ,
1438 2591 1648 2646 utiliter
1677 2590 1836 2646 nobis
1869 2591 2009 2660 seip-

413 2700 533 2740 sum
574 2687 960 2741 universorum
1013 2683 1275 2738 Dominus
1318 2682 1710 2750 manilestans,
1750 2683 2008 2739 Condito-

418 2795 530 2835 rem
579 2790 633 2833 et
680 2778 1067 2832 universorum
1098 2775 1528 2842 fabricatorem,
1583 2785 1640 2830 et
1682 2785 2007 2846 potestatem

417 2875 471 2926 in
501 2885 599 2924 nos
634 2879 929 2936 tenentem,
976 2879 1031 2925 et
1085 2879 1143 2923 nt
1171 2883 1350 2924 rerum
1409 2869 1768 2924 humanarum
1813 2872 2011 2942 guber-

417 2973 686 3026 natorem,
720 2960 867 3015 omni
903 2958 1196 3014 altitudine
1222 2968 1279 3014 et
1309 2961 1457 3014 omni
1492 2960 1817 3015 excellentia
1852 2975 2010 3030 supc-

419 3052 649 3114 riorem,
689 3059 745 3104 et
767 3050 946 3104 omnis
988 3059 1251 3104 creaturae
1295 3047 1796 3105 administratorem
1841 3049 2012 3104 intro-

418 3143 587 3198 ducit.
629 3142 724 3197 Dei
753 3142 955 3212 quippe
1007 3151 1198 3196 natura
1247 3141 1660 3212 supergreditur
1720 3143 2007 3206 universa,
2040 3117 2082 3172 Ο

419 3251 522 3291 nec
549 3235 839 3292 altitudine
865 3236 1161 3291 secundum
1202 3235 1405 3302 locum,
1434 3236 1528 3290 sed
1561 3236 1748 3306 gloria:
1782 3243 2013 3305 exsupeo

421 3330 602 3383 rantia
633 3368 649 3393 ,
693 3338 749 3384 et
800 3327 1215 3397 incomparabili
1259 3329 1462 3382 virtute
1513 3342 1729 3383 omnem
1793 3330 2009 3384 modum

420 3434 846 3490 mensuramque
879 3421 1254 3490 cujuscunque
1305 3420 1450 3490 quod
1479 3430 1658 3475 ortmn
1679 3432 1762 3477 est
1777 3423 2009 3478 excedit.

427 3532 446 3566 ι
491 3512 686 3567 lnvoca
719 3513 885 3582 igitur
931 3511 1102 3567 Deum
1139 3520 1290 3566 tuum
1318 3553 1334 3576 ,
1377 3512 1563 3578 Israel,
1604 3532 1623 3565 ι
1679 3515 1875 3583 inquit,
1916 3529 2017 3586 po-

424 3614 675 3660 testatem
701 3604 1132 3674 omnipotentem
1180 3613 1236 3659 et
1277 3605 1648 3675 praestantiam
1679 3605 1845 3678 296
1867 3623 2015 3663 sum-

424 3714 571 3752 mam
602 3711 928 3768 agnoscens.
963 3694 1073 3767 Ego
1095 3696 1238 3751 enim
1266 3711 1409 3763 sum,
1437 3705 1492 3752 et
1531 3713 1634 3752 non
1679 3699 1821 3754 alius
1855 3717 1873 3750 ‹
1915 3699 2010 3754 ﬁr-

426 3801 580 3841 mans
611 3786 933 3852 tonitruum,
974 3804 992 3838 ι
1060 3789 1165 3840 hoc
1193 3795 1296 3852 est,
1351 3789 1583 3843 nubibus
1613 3789 1868 3858 operiens
1901 3803 2016 3843 ca:-

427 3879 560 3946 lum,
595 3889 651 3934 et
676 3879 972 3934 demittens
1005 3879 1260 3948 pluvias;
1309 3898 1327 3930 ι
1363 3889 1419 3934 et
1450 3894 1647 3936 creans
1685 3882 1962 3950 spiritum,
1991 3901 2009 3934 ι

427 3974 531 4029 hoc
563 3983 663 4035 est.
709 3973 873 4027 etiam
929 3981 1222 4027 ventorum
1272 3973 1545 4028 conditor.
1597 3993 1618 4026 ι
1675 3975 2018 4032 Annuntians

426 4080 558 4118 vero
593 4065 643 4118 in
678 4065 928 4119 homines
955 4063 1244 4120 Christum
1277 4079 1436 4120 suum
1459 4105 1474 4131 ,
1507 4066 1735 4136 perinde
1771 4076 1854 4121 est
1880 4082 1944 4123 ac
1972 4067 2016 4122 si

428 4158 621 4213 dicat:
668 4158 769 4212 Per
797 4171 883 4211 me
925 4172 1084 4228 reges
1131 4167 1388 4228 regnant,
1452 4167 1503 4212 et
1543 4157 1759 4228 tyranni
1809 4173 1906 4228 per
1932 4173 2020 4213 me

430 4253 548 4307 orbi
586 4259 853 4305 terrarum
885 4249 1322 4319 imperitant".»
1353 4247 1631 4304 Christum
1663 4252 1806 4304 enim
1844 4251 1896 4306 in
1937 4253 2020 4306 bis

429 4360 538 4399 non
565 4342 997 4408 Emmanuelem,
1046 4341 1144 4396 sed
1182 4351 1404 4395 unctum
1434 4342 1615 4412 potius
1667 4343 1722 4398 in
1767 4360 2014 4414 regnum,

2104 486 2286 548 αὑτοῖς
2321 485 2355 554 ἡ
2384 483 2562 536 τοιάδε
2589 481 2774 552 πληγὴ
2805 479 2895 533 διὰ
2926 480 3026 550 τῆς
3058 478 3209 541 Θείας
3235 479 3407 551 ὀργῆς
3435 483 3695 553 ἐπενήνεε

2105 593 2252 628 κται.
3089 592 3092 594 ⁷

2178 665 2372 734 Πλὴν,
2403 665 2493 718 ὅτι
2521 665 2709 730 οὕτως
2737 662 2974 730 ποιήσω
3005 679 3126 729 σοι,
3157 660 3464 732 ἑτοιμάζοι)
3493 663 3699 717 ἐπικαι-

2103 758 2341 812 λεῖσθαι
2365 756 2473 810 τὸν
2506 756 2656 810 Θεόν
2679 769 2821 821 σου,
2839 754 3108 824 Ἰσραήλ.

2177 849 2314 903 MA'.
2373 849 2511 901 Ἀλλ’
2539 849 2587 901 εἰ
2609 847 2674 920 δὴ
2707 845 2940 917 βούλοιο,
2965 845 3123 917 φησὶ,
3151 844 3344 916 μαθεῖν
3366 845 3467 916 τὴν
3491 844 3695 912 αἰτίαν,

2102 941 2172 996 δι’
2193 942 2260 1014 ἢν
2287 940 2462 1005 οὕτως
2484 939 2698 1011 ποιήσω
2721 956 2827 1002 σοι,
2853 938 3032 1011 πεύσῃ
3058 937 3123 1010 δὴ
3149 938 3388 1002 πάντως,
3415 939 3700 1008 μονονουχὶ

2103 1033 2480 1104 πληττομένου
2520 1031 2676 1102 ὑμῶν
2710 1030 2941 1101 βοῶντός
2963 1048 3022 1083 τε
3053 1031 3148 1084 καὶ
3169 1029 3418 1099 λέγοντος
3439 1046 3454 1061 ·
3486 1049 3504 1081 ι
3527 1030 3699 1083 Ἑτοι-

2108 1126 2280 1197 μὰζου
2314 1124 2407 1179 τοῦ
2453 1123 2806 1178 ἐκκαλεῖσθαι
2836 1123 2929 1176 τὸν
2962 1122 3096 1176 Θεόν
3122 1139 3239 1189 σου,
3277 1121 3517 1192 Ἰσραήλ.
3551 1139 3570 1173 ι
3605 1121 3697 1185 Τὸ,

2116 1215 2442 1288 Ἑτοιμάζου
2470 1217 2591 1270 ἀντὶ
2621 1214 2740 1281 τοῦ,
2775 1211 3073 1279 Σπούδαζε,
3103 1214 3296 1279 ἄοκνος
3337 1231 3398 1267 τε
3447 1215 3542 1268 καὶ
3563 1215 3700 1286 πρό-

2105 1309 2275 1379 θυμος
2329 1308 2421 1362 ἔσο
2471 1307 2565 1361 τοῦ
2603 1306 2986 1361 ἐπικαλεῖσθαι
3012 1305 3102 1359 τὸν
3150 1305 3224 1376 μὴ
3259 1305 3561 1376 ἀλλότριον,
3605 1306 3701 1360 καὶ

2101 1397 2474 1468 ψευδώνυμον,
2504 1396 2642 1451 ἀλλὰ
2687 1397 2778 1450 τὸν
2823 1396 2954 1450 Θεόν
2982 1414 3098 1460 σου,
3139 1395 3371 1468 Ἰσραὴλ,
3402 1396 3700 1462 τουτέστιν,

2103 1484 2161 1537 ὃν
2188 1484 2254 1536 δι’
2285 1484 2456 1554 αὐτῆς
2486 1483 2658 1552 ἔγνως
2685 1485 2786 1554 τῆς
2815 1484 3034 1556 πείρας,
3067 1485 3144 1549 ὡς
3168 1485 3283 1539 ἐστι
3316 1485 3476 1554 φύσει
3514 1505 3575 1540 τε
3606 1487 3702 1542 καὶ

2103 1573 2355 1647 ἀληθείᾳ,
2391 1575 2486 1628 καὶ
2523 1576 2585 1627 οὑ
2613 1573 2703 1628 διὰ
2734 1577 2834 1646 τῆς
2882 1591 3045 1628 τινων
3085 1574 3369 1644 εὐτεχνίας
3398 1575 3702 1648 ἐξευρημέ-

2104 1685 2214 1732 νος,
2247 1667 2500 1740 καθάπερ
2530 1667 2724 1739 ἀμέλει
2745 1668 2816 1720 τὰ
2843 1669 2907 1721 ἐκ
2941 1666 3115 1733 ξύλων
3162 1668 3255 1721 καὶ
3281 1665 3446 1723 λίθων
3467 1686 3700 1740 πεποιη-

2037 1767 2080 1823 Β
2111 1765 2272 1834 μένα.

2179 1854 2333 1908 Διότι
2377 1853 2506 1907 ἰδοὺ
2549 1853 2686 1922 ἐγὼ,
2717 1851 2982 1923 στερεῶν
3021 1854 3318 1922 βροντὴν,
3349 1853 3447 1908 καὶ
3495 1852 3703 1913 κτίζων

2108 1945 2344 2014 πνεῦμα
2368 1986 2382 2011 ,
2439 1946 2541 2000 καί
2594 1946 2997 2016 ἀπαγγέλλων
3049 1947 3137 2008 εἰς·
3189 1944 3542 2012 ἀνθρώπους
3596 1944 3704 1998 τὸν

2108 2037 2372 2106 Χριστὸν
2404 2036 2615 2102 αὐτοῦ,
2653 2035 2841 2090 ποιῶν
2890 2037 3124 2104 ὄρθρον,
3161 2036 3259 2089 καὶ
3295 2036 3577 2105 ὀμίχλην,
3605 2034 3701 2088 καὶ

2106 2129 2433 2184 ἐπιϐαίνων
2458 2128 2557 2183 ἐπὶ
2589 2128 2661 2182 τὰ
2686 2128 2901 2198 ὑψηλὰ
2933 2127 3045 2198 τῆς
3072 2126 3208 2198 γῆς,
3245 2129 3462 2196 Κύριος
3493 2129 3527 2182 ὁ
3561 2128 3704 2194 Θεὸς

2108 2220 2535 2290 παντοκράτωρ
2575 2221 2764 2292 ὄνομα
2790 2220 2972 2288 αὐτῷ.

2179 2310 2313 2368 ΜΒ’.
2355 2314 2434 2384 Τῇ
2483 2313 2579 2367 τοῦ
2632 2313 2963 2385 προῦχοντος
3018 2311 3487 2385 ἁντιπαραθέσει,
3539 2313 3599 2366 τὺ
3647 2314 3706 2366 ἐν

2113 2407 2380 2479 ὑπολήψει
2400 2411 2464 2479 τῇ
2491 2408 2695 2479 χείρονι
2721 2407 2920 2479 ῥᾳδίως
2943 2407 3376 2479 ἐ).έγχεται.“Ινα
3397 2409 3579 2462 τοίνυν
3598 2409 3704 2462 τῶν

2111 2501 2346 2555 εἰδώλων
2379 2501 2439 2554 τὺ
2469 2500 2699 2572 ἀδρανὲς
2728 2499 3058 2570 ἐκφαίνηται
3092 2501 3246 2573 παρά
3277 2518 3340 2569 γε
3369 2504 3482 2566 τοῖς
3510 2500 3707 2573 οἰηθεῖ-

2115 2611 2198 2648 σιν
2224 2595 2289 2648 ἐκ
2324 2593 2526 2664 πολλῆς
2562 2593 2701 2662 ἄγαν
2729 2591 3081 2664 ἀϐελτηρίας,
3112 2592 3188 2659 ὡς
3215 2595 3328 2648 Θεοί
3357 2613 3416 2647 τε
3451 2589 3582 2658 εἷεν,
3614 2594 3708 2649 καὶ

2113 2687 2543 2760 προσκυνεῖσθαι
2593 2687 2918 2760 πρέποντες,
2948 2688 3237 2760 χρησίμως
3269 2690 3405 2758 ἡμῖν
3449 2687 3639 2742 ἑαυτὸν
3672 2677 3708 2740 ’ὁ

2111 2783 2222 2837 τῶν
2255 2782 2392 2836 ὅλων
2425 2781 2558 2844 Θεὸς
2604 2782 2826 2853 ἐμφανῆ
2857 2781 3142 2845 καθιστὰς,
3174 2781 3406 2853 ποιητὴν
3437 2781 3706 2853 εἰσφέρει,

2113 2874 2208 2928 καὶ
2236 2873 2328 2926 τὸν
2357 2872 2494 2925 ὅλων
2519 2870 2876 2944 δημιουργὸν,
2908 2874 3003 2926 καὶ
3023 2873 3124 2945 τὴν
3159 2872 3283 2927 καθ’
3315 2873 3463 2944 ἡμᾶς
3500 2871 3710 2943 ἀνημέ-

2113 2979 2202 3016 νον
2252 2962 2351 3033 τὴν
2400 2960 2671 3028 ἐξουσίαν,
2706 2962 2802 3016 καὶ
2845 2963 3010 3015 οἱονεί
3054 2980 3172 3026 πως
3217 2963 3325 3016 τῶν
3356 2963 3707 3034 ἀνθρωπίνων

2115 3052 2532 3126 οίακοστρὸφον,
2560 3053 2824 3108 ἐπέκεινά
2872 3072 2931 3107 τε
2978 3054 3108 3108 ὄντα
3151 3055 3355 3118 παντὸς
3399 3054 3708 3126 ὑψώματος,

2121 3151 2210 3200 καὶ
2236 3149 2452 3219 ἀπάσης
2491 3145 2787 3217 ὑπεροχῆς,
2822 3148 2919 3200 καὶ
2965 3146 3169 3218 ταμίαν
3220 3146 3411 3220 ὥσπερ
3453 3146 3711 3218 τινὰ.τῆς

2120 3243 2245 3314 ὅλης
2273 3247 2527 3307 κτίσεως.
2560 3243 2696 3297 Θεοῦ
2724 3242 2833 3314 γὰρ
2865 3242 3027 3311 φύσις
3067 3243 3128 3296 τὸ
3164 3244 3387 3297 πάντων
3431 3243 3710 3310 ἐπέκεινα,

2120 3339 2214 3390 καὶ
2255 3339 2314 3389 ού
2356 3341 2605 3402 τοπικοῖς
2637 3336 2946 3408 ὑ-ψώμασιν,
2986 3337 3123 3390 ἀλλὰ
3156 3339 3276 3400 ταῖς
3318 3336 3420 3407 τῆς
3464 3336 3713 3400 εὐκλείας

2121 3428 2436 3497 ὑπεροχαῖς,
2465 3429 2559 3482 καὶ
2597 3427 2915 3499 ἅσυγκρίτῳ
2940 3427 3169 3497 δυνάμει
3218 3427 3420 3491 παντὸς
3452 3428 3714 3502 γεννητοῦ

2125 3520 2320 3590 μέτρον
2393 3517 2814 3588 ὑπερκείμενον.
2881 3534 2901 3568 ι
2943 3516 3237 3570 Ἐπικαλοῦ
3290 3506 3578 3590 τοιγαροῦν
3622 3519 3714 3572 τὸν

2121 3612 2254 3664 Θεόν
2280 3630 2394 3677 σου,
2437 3611 2622 3682 φησιν,
2642 3607 2882 3682 Ἰσραὴλ,
2915 3626 2934 3660 ι
2971 3609 3353 3677 ἐπιγινώσκων
3378 3610 3624 3674 ἐξουσίας
3655 3609 3717 3662 τὸ

2122 3705 2422 3769 παναλκές,
2455 3705 2549 3757 καὶ
2600 3701 2700 3774 τὴν
2749 3700 3076 3773 ὑπερϐολήν.
3097 3700 3238 3770 Ἐγὼ
3279 3702 3387 3773 γάρ
3438 3703 3576 3772 είμι,
3623 3703 3751 3755 και

2119 3799 2216 3868 οὑχ
2240 3797 2445 3868 ἕτερος,
2473 3799 2502 3850 6
2535 3796 2773 3866 στερεῶν
2801 3793 3052 3866 βροντὴν,
3079 3796 3378 3856 τουτέστιν,
3407 3796 3718 3864 συνεφείαις

2121 3888 2412 3944 καλύπτων
2461 3889 2551 3944 τὸν
2605 3889 2855 3961 οὐρανὸν,
2903 3889 2998 3943 καὶ
3045 3888 3257 3951 καθιεὶς
3307 3887 3520 3952 ὑετοὺς,
3559 3907 3576 3938 ι
3608 3889 3720 3942 Καὶ

2121 3979 2324 4044 κτίζων
2349 3978 2590 4050 πνεῦμα,
2625 3998 2642 4030 ι
2690 3979 2940 4033 τουτέστι
2996 3979 3178 4043 πάλιν,
3212 3978 3431 4048 ἀνέμων
3464 3982 3694 4048 ποιητής

2134 4071 2522 4141 Ἀπαγγέλλων
2553 4072 2610 4125 δὲ
2639 4073 2734 4125 καὶ
2761 4073 2842 4135 είς
2883 4070 3207 4142 ἀνθρώπους
3233 4071 3326 4123 τὸν
3351 4070 3587 4140 Χριστὸν
3620 4070 3718 4124 αὑ-

2120 4161 2238 4228 τοῦ,
2269 4163 2453 4232 ὅμοιον
2482 4161 2558 4225 ὡς
2584 4163 2632 4214 εί
2655 4161 2836 4231 λέγοι·
2869 4161 2947 4215 Δι’
2973 4160 3108 4232 ἐμοῦ
3147 4160 3384 4231 βασιλεῖς
3403 4159 3716 4231 βασιλεύου-

2124 4270 2196 4318 σι,
2230 4255 2322 4307 καὶ
2353 4253 2605 4326 τύραννοι
2639 4254 2708 4307 δι’
2737 4254 2870 4324 ἐμοῦ
2904 4252 3168 4325 κρατοῦσι
3193 4255 3315 4324 γῆς.
3352 4253 3586 4326 Χριστὸν
3608 4254 3716 4326 γὰρ

2121 4348 2179 4399 ἐν
2211 4346 2442 4410 τούτοις,
2477 4347 2538 4400 οὑ
2588 4346 2680 4400 τὸν
2718 4345 3094 4417 Ἐμμανουὴλ,
3127 4345 3220 4398 τὸν
3268 4346 3625 4418 κεχρισμένον
3659 4345 3718 4399 δέ

355 4495 367 4506 θ
431 4450 524 4490 seu
558 4435 626 4488 ad
651 4435 984 4504 regnandum
1020 4432 1288 4486 nominat.
1320 4432 1583 4488 Similiter
1603 4433 1878 4503 spiritum,
1910 4451 2014 4491 n0n

2128 4433 2326 4506 μᾶλλον
2365 4438 2444 4498 εἰς
2484 4435 2760 4506 βασιλείαν
2800 4435 2952 4505 φησί.
2988 4433 3214 4505 Πνεῦμά
3247 4451 3306 4486 τε
3335 4435 3556 4503 ὁμοίως,
3596 4432 3720 4502 οὑχὶ

432 4526 677 4582 divinum
712 4533 768 4580 et
791 4534 1038 4580 sanctum
1076 4523 1317 4594 (tametsi
1350 4524 1571 4594 quidam
1601 4524 1674 4578 ita
1721 4524 2018 4590 insaniunt,

434 4619 529 4688 qui
570 4627 718 4672 recta
752 4625 1064 4687 pervertere
1089 4617 1269 4671 conati
1311 4619 1484 4687 sunt),
1508 4616 1603 4671 sed
1638 4617 1785 4671 hunc
1817 4618 2021 4671 aerimn

435 4711 904 4779 mundanumque,
927 4709 993 4764 de
1019 4725 1126 4780 quo
1159 4711 1274 4780 ipse
1303 4711 1555 4765 Salvator
1586 4712 1662 4765 ait
1692 4727 1707 4764 :
1739 4729 1757 4761 ι
1791 4710 2026 4780 Spiritus

437 4803 529 4857 ubi
555 4802 669 4856 vult
696 4802 865 4871 spirat
897 4803 964 4857 ’⁸.
999 4822 1018 4855 ι
1067 4805 1176 4874 Ego
1235 4804 1420 4873 igitur,
1470 4805 1667 4874 inquit,
1707 4805 1799 4874 qui
1853 4806 2027 4861 nubes

439 4897 655 4967 colligo,
692 4907 746 4951 et
776 4896 935 4952 ﬁrmo
961 4897 1280 4963 tonitruum,
1317 4916 1336 4949 ι
1378 4907 1430 4952 et
1462 4899 1701 4967 produco
1730 4909 1921 4954 ventos
1961 4901 2028 4954 de

441 4988 716 5043 thesauris
759 5002 947 5043 eorum
1003 4989 1048 5020 ’°
1095 5007 1114 5041 ι
1163 4992 1254 5059 qui
1316 4989 1606 5044 manifesto
1665 5005 1824 5059 quem
1865 4990 2026 5046 velim

441 5079 594 5147 regio
623 5079 762 5136 solio
799 5082 983 5136 ornari
1015 5091 1069 5135 et
1097 5081 1382 5135 illustrari.
1419 5099 1439 5133 ι
1487 5083 1627 5152 Ergo
1669 5071 1784 5136 Rex
1813 5098 2027 5152 regum,

443 5183 498 5226 et
523 5169 794 5227 Dominus
820 5173 1222 5228 dominantium
1257 5174 1328 5238 ³⁰,
1385 5194 1407 5228 ι
1449 5186 1642 5229 natura
1682 5176 1843 5241 Deus,
1875 5195 1895 5228 ‹
1934 5177 2027 5247 qui

444 5264 575 5318 facit
599 5279 780 5331 mane,
817 5285 836 5319 ι
863 5267 968 5320 hoc
998 5275 1101 5328 est,
1131 5266 1272 5321 diem
1306 5276 1400 5320 ant
1435 5270 1646 5333 lucem,
1681 5267 1799 5338 ipse
1823 5275 1908 5323 est
1934 5268 2028 5339 qni

451 5376 470 5408 ι
501 5358 631 5412 facit
661 5359 934 5423 nebulam,
968 5376 986 5409 ι
1044 5359 1147 5413 hoc
1199 5369 1304 5424 est,
1344 5361 1629 5425 tenebras,
1673 5369 1767 5413 aut
1791 5371 2026 5428 noctem,

447 5447 611 5518 Ipse!
670 5451 760 5518 qui
811 5451 1056 5504 ascendit
1107 5465 1269 5519 super
1310 5451 1526 5505 excelsa
1573 5460 1757 5516 terrae,
1809 5472 1828 5506 ι
1878 5451 2025 5508 omni

448 5543 666 5596 exvelso
691 5554 745 5598 et
774 5545 1033 5599 eminenti
1065 5545 1412 5614 praestantior
1445 5553 1500 5600 et
1535 5545 1887 5610 eminentior,
1929 5558 2026 5600 no-

520 5740 564 5773 "
588 5741 750 5795 Prov.
788 5756 902 5807 vm,
933 5741 1019 5809 15,
1059 5742 1120 5797 16
1219 5743 1440 5799 "Joau.
1475 5761 1552 5811 nt,
1583 5745 1632 5797 8.
1713 5745 1920 5800 "Psal.
1955 5759 2176 5810 CVXXIV,
2209 5745 2264 5801 Ἰ.

2126 4527 2186 4580 τὸ
2216 4525 2356 4580 θεῖόν
2382 4542 2442 4578 τε
2471 4526 2563 4578 καὶ
2603 4525 2759 4593 ἆγιον
2788 4526 2914 4596 (κᾶν
2954 4527 3002 4578 εί
3036 4525 3310 4596 μαίνοιντό
3340 4541 3485 4586 τινες
3517 4522 3625 4576 τῶν
3650 4522 3720 4576 τὰ

2125 4618 2260 4690 ὀρθὰ
2288 4618 2632 4690 διαστρέφειν
2661 4636 2726 4689 με
2738 4617 3163 4690 μελετηκότων),
3199 4616 3338 4671 ἀλλὰ
3364 4619 3515 4671 τουτὶ
3546 4615 3607 4669 τὸ
3633 4615 3720 4668 ἐν·

2127 4712 2310 4783 αέριόν
2341 4729 2401 4764 τε
2439 4710 2534 4764 καὶ
2568 4712 2881 4782 ἐγκόσμιον,
2916 4711 3045 4783 περὶ
3083 4704 3142 4764 οὗ
3188 4727 3320 4780 φησι
3366 4709 3458 4763 καὶ
3504 4709 3666 4771 αὐτὸς
3689 4709 3720 4760 6

2132 4805 2359 4875 Σωτήρο
2393 4805 2498 4857 «Τὸ
2527 4802 2747 4874 πνεῦμα
2779 4804 2912 4856 ὅπου
2942 4803 3083 4856 θέλει
3125 4805 3266 4857 πνεῖ.
3304 4823 3320 4854 ιι
3342 4801 3485 4871 Ἐγὼ
3515 4803 3717 4866 τοίνυν,

2131 4898 2312 4965 φησιν,
2348 4899 2376 4950 6
2421 4896 2650 4967 νεφέλας
2697 4895 2995 4964 συλλέγων,
3029 4895 3125 4949 καὶ
3171 4895 3408 4966 στερεῶν
3464 4894 3716 4965 βροντὴν,

2133 5004 2149 5037 ι
2173 4989 2266 5042 καὶ
2291 4989 2500 5058 ἐξάγων
2527 4989 2764 5060 ἀνέμους
2794 4991 2858 5042 ἐκ
2889 4987 3178 5060 θησαυρῶν
3209 4985 3414 5050 αὐτῶν,
3445 5005 3464 5038 ›
3498 4986 3527 5038 6
3555 5002 3719 5057 φανε-

2133 5078 2221 5149 ρὸν
2253 5081 2513 5145 καθιστὰς
2553 5081 2611 5134 ὃν
2653 5081 2719 5135 ἂν
2767 5080 3006 5152 ἐθέλοιμι
3036 5083 3150 5144 τοῖς
3177 5079 3279 5151 τῆς
3309 5079 3587 5151 βασιλείας
3630 5079 3718 5131 ὲν-

2133 5173 2470 5245 αὗρύνασθαι
2487 5173 2704 5238 θώκοις.
2725 5193 2744 5224 ι
2763 5173 2974 5228 Οὐκοῦν
2994 5174 3255 5238 Βασιλεὺς
3276 5172 3385 5226 τῶν
3409 5171 3720 5244 βασιλευόνο

2093 5256 2106 5271 ’
2132 5282 2260 5329 των,
2294 5265 2388 5317 καὶ
2430 5264 2634 5335 Κύριος
2676 5265 2787 5318 τῶν
2837 5265 3218 5338 κυριευόντων,
3252 5285 3270 5319 ι
3310 5267 3339 5318 6
3369 5264 3529 5336 φύσει
3563 5262 3716 5328 Θεὸς,

2133 5357 2294 5420 αὐτὸς
2324 5358 2353 5408 6
2381 5356 2549 5410 ποιῶν
2578 5355 2793 5428 ὄρθρον,
2820 5357 3116 5425 τουτέστιν,
3148 5357 3382 5428 ἡμέραν,
3437 5357 3555 5428 ἦτοι
3577 5355 3719 5426 φῶς,

2132 5451 2291 5514 αὐτὸς
2327 5469 2346 5502 ι
2377 5452 2404 5504 ὁ
2435 5449 2601 5504 ποιῶν
2647 5450 2899 5523 ὁμίχλην,
2937 5471 2954 5502 ι
2991 5452 3258 5515 τουτέστι,
3297 5451 3508 5515 σκότος,
3552 5451 3585 5522 ἢ
3623 5451 3720 5503 νύ-

2133 5561 2268 5598 κτα·
2300 5543 2463 5606 αὑτὸς
2498 5561 2517 5594 ι
2547 5541 2842 5598 ἐπιϐαίνων
2877 5545 2970 5597 ἐπὶ
3009 5545 3075 5598 τὰ
3117 5545 3300 5617 ὑψηλὰ
3341 5545 3437 5615 τῆς
3485 5545 3606 5616 γῆς,
3636 5566 3653 5596 ι
3693 5548 3722 5598 6

2345 5743 2429 5797 ‘°!
2459 5743 2600 5799 Tim.
2635 5761 2708 5812 vr,
2746 5746 2830 5799 15.
