4132 6370
403 252 509 309 489

1357 235 1906 300 COMMENTARIUS
1942 235 2012 291 IN
2051 234 2241 291 AMOS
2278 233 2720 290 PROPHETAM.

3560 235 3663 289 490

404 370 609 433 παντὸς
689 368 1005 440 ἐπηρμένω
1072 367 1168 420 καὶ
1219 364 1425 437 ὑψηλοῦ
1474 362 1740 434 κρείττων
1788 377 1849 413 τε
1897 358 1991 412 καὶ

2096 372 2219 412 men
2247 359 2444 412 decens
2479 364 2534 411 et
2579 354 2762 424 gloria
2782 367 2893 407 sua:
2937 352 2989 406 in
3018 351 3207 421 primis
3239 363 3661 407 consentaneum

406 461 822 533 ὑπερκείμενος,
847 459 1017 530 ὄνομά
1037 476 1098 511 τε
1121 457 1330 528 πρέπον
1380 457 1478 510 καὶ
1504 455 1638 509 πολὺ
1663 453 1785 507 λίαν
1811 451 1988 515 ἐοικὸς

405 558 472 626 τῇ
509 553 704 607 ἑαυτοῦ
737 552 865 625 δόξῃ
895 551 1098 623 φορῶν,
1129 552 1189 605 τὸ
1226 570 1246 603 ι
1274 549 1479 621 Κύριος
1506 545 1918 616 παντοκράτωρ.
1960 562 1979 595 ι

407 646 516 700 Θέα
546 644 609 716 δὴ
638 640 752 707 οῦν,
782 645 914 715 ὅσην
944 644 1030 714 ἐφ’
1060 644 1211 714 ἡμᾶς
1240 644 1471 696 ποιεῖται
1512 640 1825 710 ἡμερότητα
1890 635 1986 689 καὶ

409 737 820 809 φιλανθρωπίαν
846 738 876 790 6
908 736 1016 789 τῶν
1045 736 1183 789 ὅλων
1210 734 1360 797 Θεὸς.
1381 733 1726 802 Ἐπαρτήσας
1758 729 1865 799 γὰρ
1886 727 1984 798 τὴν

408 827 658 898 ἀπειλὴν,
692 827 788 880 καὶ
824 826 895 879 τά
926 828 1024 897 μὲν
1066 825 1141 888 ὡς
1176 824 1275 895 ήδη
1300 823 1512 891 γέγονε,
1539 822 1609 874 τὰ
1640 821 1697 874 δὲ
1722 820 1797 883 ὡς
1830 818 1983 872 ἔσται

409 916 774 989 προειρηκὼς,
806 916 964 969 καλεῖ
991 916 1126 986 πρὸς
1159 915 1454 982 ἐπίγνωσιν
1476 930 1491 978 ,
1515 913 1607 966 καὶ
1632 910 1986 982 μυσταγωγεῖ

406 1012 498 1063 τὸν
524 1009 901 1071 ἐκκεκλικότα,
933 1009 1025 1062 καὶ
1057 1007 1378 1078 ἀνακομίζει
1405 1006 1540 1077 πρὸς
1566 1005 1777 1058 σύνεσιν
1804 1002 1894 1055 τὸν
1923 1003 1982 1068 ἐξ

408 1100 646 1171 ἀμαθίας
677 1100 1021 1171 ὠλισθηκότα
1045 1117 1059 1129 ·
1084 1100 1179 1153 καὶ
1203 1102 1315 1162 τοῖς
1354 1100 1454 1152 οὐκ
1497 1097 1663 1150 εἰδόσι
1694 1096 1785 1149 τὸν
1820 1095 1983 1165 φύσει

406 1210 468 1246 τε
500 1194 595 1245 καὶ
622 1192 837 1263 ἀληθῶς
883 1192 1170 1262 δεσπότην,
1192 1192 1301 1245 ἀπό
1323 1209 1381 1243 τε
1404 1190 1498 1244 τοῦ
1522 1190 1697 1243 πάντα
1724 1187 1981 1241 δύνασθαι

408 1284 728 1355 κατορθοῦν,
749 1285 843 1337 καὶ
864 1284 1159 1354 κατάρχειν
1187 1283 1294 1336 τῶν
1319 1284 1472 1349 ὅλων,
1506 1282 1694 1336 ἑαυτὸν
1720 1280 1980 1351 καθίστη-

410 1394 495 1429 σιν
528 1375 754 1446 ὲναργῆ.
791 1375 961 1428 Τοῦτο
995 1376 1051 1429 δὲ
1068 1370 1135 1446 ἦν
1159 1375 1305 1446 πόνῳ
1334 1376 1429 1427 καὶ
1465 1374 1687 1445 μάστιγι
1715 1372 1982 1442 σωφρονί-

409 1466 613 1530 ζοντος,
641 1466 735 1518 καὶ
783 1464 1066 1534 μονονουχὶ
1098 1464 1192 1515 καὶ
1220 1462 1555 1533 ἀνεθελήτως
1584 1460 1781 1522 αὐτοὺς
1810 1475 1981 1512 κατα-

409 1558 662 1621 παίοντος
693 1560 772 1620 εἰς
800 1556 1155 1627 ἐπιστροφὴν,
1186 1556 1279 1607 καὶ
1303 1555 1373 1610 τὰ
1408 1553 1474 1607 δι’
1500 1547 1574 1607 ὧν
1600 1552 1745 1615 εἰκὸς
1770 1551 1983 1620 ἀναμα-

410 1649 521 1702 θεῖν
548 1649 804 1703 δύνασθαι
838 1647 907 1701 τά
934 1647 1144 1718 ἀμείνω
1164 1648 1400 1719 φρονεῖν,
1436 1645 1721 1716 χρησίμως
1751 1640 1982 1710 ἐπάγον-

408 1758 520 1805 τος.

1028 1852 1281 1906 ΚΕΦΑΛ.
1308 1851 1388 1905 E'.

495 1986 809 2039 Ἀκούσατε
836 1984 943 2038 τὸν
978 1985 1164 2053 λόγον
1186 1984 1431 2051 Κυρίου,
1467 1982 1540 2035 ὃν
1570 1980 1684 2051 ἐγὼ
1708 1978 1989 2048 λαμϐάνω

409 2080 501 2149 ἐφ’
529 2078 683 2147 ὑμᾶς
707 2076 951 2145 θρῆνον.
986 2072 1162 2141 Οἶκος
1190 2075 1298 2130 τοῦ
1334 2074 1569 2142 Ἰσραὴλ
1595 2074 1837 2133 ἔπεσεν,
1878 2073 1990 2124 οὐκ

411 2171 501 2225 ἔτι
522 2173 592 2225 οὺ
615 2169 701 2239 μὴ
732 2167 1031 2237 προστεθῇ
1054 2165 1412 2235 ἀναστῆναι.
1429 2164 1725 2233 Παρθέγος
1752 2163 1990 2231 Ἰσραὴλ

410 2264 648 2333 ἐσφάλη
678 2263 774 2316 ἐπὶ
802 2261 912 2331 τῆς
942 2260 1053 2330 γῆς
1080 2259 1288 2324 αὑτοῦ,
1320 2262 1431 2313 οὐκ
1457 2258 1630 2311 ἔστιν
1665 2261 1697 2311 ὀ
1723 2253 1990 2311 ἀνιστῶν

412 2356 626 2424 αὑτήν.

484 2472 617 2525 MI".
659 2470 720 2522 Οἱ
761 2468 1019 2538 μακάριοι
1057 2466 1329 2537 προφῆται
1378 2465 1444 2518 τά
1474 2463 1618 2516 κατά
1657 2479 1818 2514 τινων
1867 2458 1989 2512 ἐσό-

2086 464 2301 519 gereus,
2336 463 2584 518 nempe,t
2636 447 2890 501 Dominus
2927 445 3290 512 omnipotens.
3339 463 3358 495 ι
3404 444 3535 498 Vide
3564 446 3665 515 igi-

2086 552 2460 611 tunquantam
2503 556 2631 609 erga
2686 553 2784 594 nos
2836 538 3299 592 mansuetudinem
3357 537 3666 607 benignita-

2086 645 2302 704 temque
2354 634 2711 689 declaraverit
2749 632 3125 687 universorum
3175 631 3334 686 Deus.
3375 629 3660 685 Intentatis

2084 728 2231 780 enim
2265 725 2444 790 minis,
2488 724 3032 789 commemoratisque
3066 722 3224 777 malis
3282 724 3478 794 partim
3521 738 3663 792 prae-

2092 819 2293 882 teritis,
2326 817 2522 887 partim
2552 816 2936 883 eventuris,ad
2963 815 3291 885 agnitionem
3323 815 3408 869 sui
3447 814 3660 877 invitat,

2084 919 2141 965 et
2188 924 2312 963 eum
2366 909 2456 976 qni
2516 907 2857 972 declinavit,
2902 907 3224 978 mysterium
3271 908 3447 974 docet,
3499 918 3663 977 atque

2084 1018 2151 1058 ex
2182 1002 2452 1071 imperitia
2502 1000 2712 1069 lapsum
2741 1000 2808 1053 ad
2862 999 3271 1069 intelligentiam
3304 998 3553 1063 reducit;
3609 1010 3666 1053 et

2095 1093 2475 1161 ignorantibus
2509 1100 2703 1145 natura
2737 1104 2802 1143 ac
2831 1104 2958 1144 vere
2993 1091 3306 1155 Dominum,
3338 1104 3404 1143 ex
3432 1103 3498 1143 eo
3523 1089 3667 1157 quod

2080 1186 2263 1238 omnia
2282 1184 2419 1239 bene
2442 1183 2621 1237 facere
2638 1183 2825 1253 possit,
2839 1182 3176 1252 imperetque
3197 1184 3536 1247 omnibus,se
3552 1198 3668 1235 ma-

2081 1266 2331 1330 nifestum
2351 1274 2541 1330 reddit.
2566 1273 2678 1329 Hoc
2702 1274 2856 1329 estin
2878 1274 3061 1330 dolore
3084 1283 3140 1329 et
3160 1273 3370 1344 ﬂagello
3381 1276 3446 1327 ad
3466 1274 3669 1328 sanita-

2082 1376 2189 1423 tem
2242 1383 2517 1432 revocare,
2567 1366 2646 1428 etI.
2682 1366 2825 1436 [nasi
2877 1367 3105 1422 invitum
3179 1367 3327 1437 ipsos
3387 1366 3550 1422 ferire
3597 1367 3667 1423 ad

2085 1461 2465 1525 reversionem,
2497 1469 2552 1513 et
2579 1473 2673 1528 per
2688 1474 2808 1528 qua:
2829 1469 3250 1514 consentaneum
3279 1468 3359 1516 est
3388 1473 3546 1529 posse
3570 1458 3667 1514 de-

2084 1568 2192 1608 nuo
2215 1552 2441 1606 meliora
2478 1565 2691 1619 sapere,
2722 1550 2927 1606 utiliter
2960 1550 3233 1609 inducere.

2739 1857 2890 1913 CAP.
2929 1859 2996 1914 ν.

2172 1994 2335 2047 Vens.
2368 1994 2502 2059 1.9..
2561 1994 2749 2047 Audite
2812 1996 3026 2049 uerbum
3082 1996 3339 2063 Domini,
3387 2002 3526 2070 quod
3573 2019 3669 2072 ego

2105 2102 2315 2139 assumo
2347 2102 2503 2152 super
2530 2104 2618 2140 vos
2650 2090 2942 2155 planctum.
2980 2090 3174 2143 Domus
3224 2091 3395 2146 Israel
3439 2096 3625 2149 cecidit
3651 2137 3667 2161 ,

2092 2195 2196 2231 non
2226 2179 2449 2245 amplius
2501 2179 2720 2243 adjiciat
2771 2197 3062 2249 resurgere.
3123 2182 3278 2254 Virgo
3336 2185 3506 2240 Israel
3540 2205 3668 2256 pro-

2083 2268 2228 2335 jecta
2287 2278 2361 2320 est
2418 2270 2472 2321 in
2529 2280 2724 2322 terram
2779 2287 2982 2337 suam,
3034 2288 3138 2325 non
3183 2283 3259 2327 est
3323 2276 3413 2341 qui
3453 2279 3669 2333 suscitet

2090 2375 2229 2411 eain.

2164 2467 2345 2522 XLIII.
2378 2467 2531 2524 Beati
2573 2470 2848 2539 praplieta:
2880 2473 3201 2541 quibusdam
3233 2487 3493 2532 eventura
3530 2497 3668 2549 pra:-

416 2579 553 2633 μενα
603 2558 1203 2630 προαναμανθάνοντες,
1251 2552 1369 2607 εἶτα
1413 2554 1683 2624 δειμάτων
1742 2549 1990 2604 ἐντεῦθεν

2096 2559 2351 2625 dicentes,
2392 2559 2514 2614 inde
2565 2561 2705 2630 pleni
2740 2561 2901 2632 297
2965 2566 3282 2628 terrm-ibus,
3332 2566 3669 2640 fratrumque

414 2649 898 2719 ἀναπιμπλάμενοι
948 2647 1045 2698 καὶ
1103 2642 1534 2716 ὑπεραλγοῦντες
1600 2642 1675 2703 ὡς
1726 2640 1988 2709 ἀδελφῶν,

2096 2652 2267 2704 vicem
2306 2652 2603 2720 nimiopere
2634 2652 2879 2709 dolentes
2905 2693 2920 2718 ,
2967 2656 3178 2711 acriore
3228 2660 3515 2727 aliquando
3566 2667 3665 2717 ob-

415 2741 750 2812 θερμοτέρας
778 2739 888 2792 ἔσθ’
912 2739 999 2791 ὅτε
1028 2736 1304 2789 ποιοῦνται
1324 2735 1419 2797 τὰς
1436 2732 1774 2803 ἐπιπλήξεις,
1800 2748 1990 2801 μονον-

2096 2740 2398 2811 iurgatioue
2453 2751 2679 2798 utuntur
2721 2786 2736 2809 ,
2789 2748 3176 2815 propemodum
3233 2752 3545 2807 mordentes
3596 2767 3662 2808 er

414 2834 535 2904 ουχὶ
566 2833 852 2894 δάκνοντες
899 2829 957 2895 ἐξ
992 2830 1235 2898 ἀγάπης,
1266 2827 1359 2880 καὶ
1384 2824 1762 2885 διανιστῶντες
1787 2825 1866 2887 είς
1892 2823 1989 2893 νῆ-

2096 2832 2381 2895 t-Iiaritate,
2416 2843 2471 2887 et
2500 2834 2835 2904 vigilantiam
2867 2837 3283 2909 eautionemque
3319 2844 3667 2911 praedictione

413 2926 506 2994 ψιν
536 2927 602 2995 τῇ
633 2920 1023 2994 προαγορεύσει
1059 2919 1166 2972 τῶν
1195 2921 1316 2972 ὅσον
1344 2916 1495 2969 οὔπω
1535 2914 1989 2985 συμϐησομένων.

2096 2939 2219 2977 mox
2242 2924 2546 2979 futurorum
2570 2928 2990 2983 exsuscitantes.
3022 2928 3151 2985 Tale
3168 2932 3419 3000 quiddam
3439 2946 3494 2989 et
3526 2952 3669 2993 nunc

416 3017 459 3068 Τ
463 3015 668 3069 οιοῦτὸν
697 3032 750 3068 τι
776 3015 870 3067 καὶ
898 3012 993 3066 νῦν
1020 3014 1048 3065 6
1082 3011 1367 3082 προφήτης
1406 3008 1664 3070 ἐπιτελεῖ,
1692 3006 1867 3074 λέγων
1894 3007 1991 3076 μὲν

2096 3016 2355 3085 propheta
2406 3016 2570 3085 facit;
2620 3033 2718 3072 ceu
2744 3033 2818 3073 ex
2874 3034 3106 3089 persona
3162 3036 3257 3077 sua
3304 3024 3529 3095 loquens
3579 3028 3672 3084 ille

416 3107 491 3169 ὡς
541 3106 601 3169 ἐξ
641 3104 772 3157 ἰδίου
810 3071 1290 3173 προσώπουίπλήν
1323 3071 1459 3169 ὀὐχὶ
1507 3098 1575 3152 τά
1622 3097 1731 3151 ἀπὸ
1766 3071 1991 3168 γνώμης

2096 3071 2109 3082 ,
2196 3071 2210 3085 _
2556 3071 2570 3085 ,
2761 3071 2816 3073 ρ
2876 3071 3105 3089 τ-------
3162 3071 3257 3077 η-
3304 3071 3529 3095 --ην-η..-
3579 3071 3667 3084 ...ν

2096 3107 2330 3174 quidem,
2364 3118 2735 3163 verumtamen
2767 3125 2874 3163 nou
2903 3125 2970 3165 ex
3005 3121 3185 3166 mente
3214 3130 3333 3179 sua,
3389 3117 3485 3171 sed
3517 3120 3667 3175 velut

420 3197 575 3259 ιδίας,
607 3195 720 3248 ἀλλ’
755 3195 831 3258 ὡς
872 3196 935 3247 ἐκ
966 3193 1124 3246 θείων
1175 3191 1685 3263 χρησμῳδημάτων.
1722 3188 1991 3260 Ταύτῃτοί

418 3302 601 3357 φησιν’
646 3305 663 3336 ι
688 3284 980 3354 Ἀκούσατε
1008 3283 1101 3336 τὸν
1128 3283 1285 3351 λόγον
1328 3282 1533 3353 Κυρίου
1559 3280 1767 3343 τοῦτον,
1797 3280 1855 3332 ὃν
1883 3278 1993 3349 ἐγὼ

416 3377 679 3448 λαμϐάνω
711 3379 795 3447 ἐφ’
828 3378 972 3447 ὑμᾶς
1017 3376 1233 3447 θρῆνον.
1267 3395 1286 3426 ι
1324 3376 1602 3446 Λελάληκε
1657 3375 1758 3446 μὲν
1795 3373 1904 3445 γὰρ
1937 3376 1993 3425 ἐν

418 3468 562 3536 ἐμοὶ,
594 3468 778 3536 φησὶν,
814 3468 843 3520 6
880 3466 987 3519 τῶν
1032 3466 1166 3519 ὅλων
1215 3466 1367 3530 Θεὸς,
1418 3466 1753 3519 συντέθειται
1800 3465 1858 3519 δέ
1905 3482 1995 3534 μοι

418 3559 615 3631 θρῆνος
639 3561 717 3622 είς
746 3559 889 3629 ὑμᾶς
907 3559 1034 3620 τοὺς
1060 3557 1472 3626 ἀποφοιτῶντας
1504 3556 1692 3611 αὐτοῦ.
1719 3557 1829 3610 Καὶ
1850 3557 1904 3609 τί
1928 3557 1994 3627 δὴ

418 3652 526 3724 ἄρα
554 3652 616 3703 τὸ
646 3650 839 3722 γοερόν
873 3654 990 3702 ἐστι
1046 3648 1245 3720 μέλος;
1276 3649 1329 3701 τί
1352 3650 1414 3702 τὸ
1442 3649 1724 3720 θρήνημα;
1770 3650 1867 3702 καὶ
1909 3650 1995 3718 ἐφ’

417 3744 633 3814 ὅτῳπερ
663 3743 729 3796 ἂν
762 3741 969 3810 γένοιτο
997 3741 1126 3812 παρ’
1149 3738 1283 3809 ἐμοῦ
1314 3740 1375 3793 τὺ
1401 3739 1661 3810 δάκρυον;
1690 3740 1847 3808 Δεινὴ
1901 3741 1996 3794 καὶ

418 3833 776 3903 ἀνουθέτητος
820 3832 1095 3902 συμφορά.
1130 3827 1290 3894 Οἶκος
1332 3830 1548 3901 Ἰσραὴλ
1601 3830 1783 3884 ἔπεσε.
1816 3832 1998 3885 Συνει-

422 3928 612 3998 στήκει
645 3926 743 3996 μὲν
771 3926 902 3996 γάρ,
945 3924 1260 3995 τιμωμένου
1294 3924 1390 3977 καὶ
1426 3924 1795 3995 ἀγαπωμένου
1836 3924 1995 3978 Θεοῦ⁶

420 4018 821 4072 καταπέπτωκε
842 4016 899 4069 δὲ
924 4016 1187 4082 νυνὶ,ταίς
1208 4016 1315 4069 τῶν
1335 4016 1700 4086 πλανωμένων
1722 4019 1827 4070 ἀπο
1840 4017 1998 4081 ιοίαις

419 4108 918 4182 παρωτρυμμένου.
954 4103 1087 4161 Εἶτα
1129 4107 1213 4170 τίς
1260 4109 1289 4161 6
1336 4107 1544 4179 ἐγερῶν
1567 4108 1659 4161 τὸν
1694 4111 1801 4171 τοῖς
1833 4108 1997 4172 θείοις

420 4201 655 4271 νεύμασι
687 4200 1131 4265 καταπίπτοντα;
1168 4216 1187 4249 ι
1210 4198 1447 4271 Ἐσφάλη
1472 4199 1581 4271 γάρ
1601 4201 1635 4271 ή
1662 4200 1949 4271 παρθενία,
1974 4220 1992 4251 ι

420 4292 688 4353 τουτέστι,
734 4291 1095 4362 πεπόρνευκε.
1131 4291 1267 4344 Ποία
1314 4291 1370 4344 δὲ
1418 4290 1594 4361 αῦτη;
1642 4292 1862 4354 πάντως
1894 4309 1997 4344 που

2094 3212 2124 3250 a
2169 3196 2280 3253 Deo
2327 3198 2538 3257 adlatus
2579 3202 2661 3255 sic
2687 3202 2763 3256 ait;
2807 3220 2821 3255 :
2860 3222 2879 3255 ι
2932 3203 3131 3259 Audite
3181 3210 3405 3262 verbum
3456 3210 3673 3268 Domini

2094 3292 2219 3356 hoc,
2251 3293 2394 3361 quod
2418 3307 2521 3363 ego
2569 3308 2789 3349 assumo
2826 3309 2991 3365 super
3040 3311 3136 3352 vos
3166 3297 3465 3367 planctum.
3506 3322 3525 3355 ι
3564 3303 3670 3358 Lo-

2094 3391 2250 3437 cutus
2282 3393 2367 3438 est
2411 3386 2557 3439 enim
2592 3385 2645 3439 in
2674 3399 2781 3449 me,
2834 3386 3030 3457 inquit,
3064 3388 3444 3446 universorum
3482 3395 3666 3449 Domi-

2094 3491 2216 3538 nus,
2242 3484 2297 3529 et
2330 3478 2608 3544 composui
2641 3475 3089 3532 lamentationem
3119 3494 3282 3547 super
3312 3497 3427 3546 vos,
3473 3486 3567 3554 qui
3599 3487 3668 3540 ab

2094 3583 2159 3622 eo
2186 3567 2538 3621 discessistis.
2577 3566 2859 3632 Quodnam
2888 3568 3054 3639 igitur
3095 3570 3198 3625 hoc
3229 3571 3457 3640 lugubre
3487 3577 3669 3630 cauti-

2094 3673 2215 3711 cnm
2233 3658 2257 3710 ?
2277 3672 2396 3726 quas
2424 3659 2523 3711 ista
2554 3657 2874 3712 lamentatio
2898 3659 2920 3712 ’ί
2947 3669 3002 3714 et
3030 3662 3156 3730 quid
3185 3664 3397 3717 tandem
3423 3664 3671 3722 deﬂebo?

2096 3747 2386 3803 Horribilis
2414 3757 2469 3801 et
2499 3748 2913 3804 inemendabilis
2939 3749 3242 3805 calamitas.
3273 3752 3469 3809 Domus
3503 3755 3670 3811 Israel

2100 3839 2314 3893 cecidit.
2386 3837 2732 3893 Cousistebat
2805 3855 2926 3894 cum
3002 3842 3296 3897 lionoraret
3353 3855 3409 3899 et
3464 3858 3672 3903 amaret

2096 3929 2283 3983 Deum.
2316 3927 2470 3983 Nunc
2491 3928 2677 3983 eodem
2709 3931 3010 3985 errantium
3043 3934 3265 3988 vesania
3293 3934 3509 3991 irritato
3538 3955 3670 3993 cou-

2099 4021 2246 4074 cidit.
2297 4019 2414 4074 Jam
2449 4021 2572 4090 quis
2629 4019 2814 4075 divino
2875 4032 3009 4076 nutu
3069 4034 3398 4092 prostratum
3446 4029 3674 4099 eriget?

2105 4131 2124 4163 ι
2158 4110 2400 4180 Projecta
2425 4122 2508 4165 est
2539 4114 2680 4164 enim
2713 4113 3019 4180 virginitas.
3063 4134 3082 4165 ι
3125 4116 3237 4171 Hoc
3264 4106 3373 4184 est,
3405 4121 3673 4180 fornicata

2097 4215 2203 4258 est.
2256 4203 2516 4269 Quaenam
2578 4203 2735 4259 ista?
2796 4205 3019 4259 omnino
3069 4205 3230 4261 Israel
3282 4224 3519 4281 quoque,
3558 4216 3675 4272 sive

2099 4294 2405 4349 Judaeorum
2438 4293 2743 4366 Synagoga,
2764 4297 2851 4350 cui
2880 4298 3080 4352 dictum
3109 4309 3194 4355 est
3216 4316 3247 4354 a
3277 4302 3422 4357 Deo:
3454 4305 3675 4365 «Nonne

422 4383 582 4436 πάλιν
630 4385 658 4435 6
696 4382 930 4453 Ἰσραὴλ,
964 4384 1130 4453 ήγουν
1160 4384 1194 4453 ή
1228 4382 1335 4436 τῶν
1364 4382 1632 4436 Ἰουδαίων
1674 4384 1991 4455 Συναγωγή,

2103 4387 2397 4441 utdouuun
2433 4402 2519 4442 me
2544 4388 2769 4451 vocasti,
2804 4396 2859 4442 et
2902 4397 3111 4456 patrem
3164 4400 3219 4445 et
3249 4393 3441 4449 ducem
3503 4397 3675 4466 virgi-

422 4474 559 4543 πρὸς
584 4472 647 4541 ἢν
678 4472 892 4544 εἴρηται
920 4473 1069 4543 παρὰ
1097 4472 1257 4524 Θεοῦ·
1290 4491 1307 4524 ι
1338 4472 1449 4543 Ούχ
1480 4472 1555 4536 ὡς
1584 4470 1732 4527 οἶκόν
1772 4491 1839 4544 με
1872 4475 1997 4528 ἐκά-

420 4564 604 4625 λεσας,
629 4563 722 4616 καὶ
746 4563 977 4633 πατέρα,
998 4564 1092 4616 καὶ
1112 4563 1353 4635 ἀρχηγὸν
1374 4564 1475 4633 τῆς
1498 4564 1793 4635 παρθενίας
1826 4581 1918 4616 σου
1941 4582 1954 4629 ;
1976 4583 1995 4616 ι

426 4652 634 4707 Οὐκοῦν
681 4654 714 4722 ή
766 4653 868 4723 τῆς
921 4652 1217 4724 παρθενίας
1267 4653 1507 4723 ἀρχηγὸν
1564 4653 1804 4723 λαχοῦσα
1845 4653 1998 4717 Θεὸν,

427 4740 632 4811 ἐσφάλη
656 4742 748 4794 ἐπὶ
767 4742 869 4812 τῆς
890 4743 992 4813 γῆς
1010 4743 1205 4813 αὐτῆς,
1221 4745 1486 4809 τουτέστι,
1508 4747 1868 4815 πεπόρνευκε,
1908 4747 2002 4800 καλ⁵

425 4832 832 4903 ἀπροφάσιστον
877 4833 989 4904 ἔχει
1037 4834 1136 4904 τὴν
1180 4835 1472 4905 ἁμαρτίαν.
1501 4836 1849 4907 Πεπόρνευκε
1903 4837 2002 4907 μὲν

424 4924 533 4994 γὰρ
575 4926 632 4976 ἐν
660 4924 923 4994 Αἰγύπτῳ
954 4925 1106 4978 ποτέ.
1126 4925 1263 4977 Ἀλλ’
1292 4921 1360 4995 ἦν
1406 4927 1463 4977 ἐν
1504 4929 1574 4996 γῇ
1613 4927 1713 4979 οὐκ
1748 4928 1873 4999 ίδίᾳ,
1905 4931 2000 4981 καὶ

424 5018 539 5077 τοῖς
582 5014 692 5067 τῶν
739 5015 1087 5086 κρατούντων
1128 5015 1445 5086 ὑπέστρωτο
1465 5017 1660 5086 ,νόμοις
1708 5019 1850 5087 τάχα
1894 5036 1998 5072 που

426 5108 521 5158 καὶ
548 5106 860 5177 ἀϐουλήτως
890 5108 969 5168 είς
998 5106 1065 5159 τὰ
1106 5106 1329 5159 ἐκείνων
1360 5106 1456 5176 ἔθη
1499 5108 1869 5174 κατεσιάζετο,
1900 5108 2000 5179 τῆς

430 5197 760 5268 προγονικῆς
808 5197 1089 5259 εὐσεϐείας
1121 5197 1195 5260 ὼς
1238 5196 1297 5260 ἐξ
1340 5198 1586 5269 ἀνάγκης
1631 5197 1997 5270 ὲξωθουμένη.

428 5288 566 5340 Νυνὶ
590 5288 647 5341 δὲ
673 5289 1045 5352 κατωθοῦντος
1067 5289 1280 5353 οὐδενὸς
1305 5288 1441 5358 (ἔστι
1466 5290 1575 5360 γὰρ
1598 5292 1689 5343 ἐπὶ
1711 5290 1812 5360 γῆς
1841 5292 2000 5365 ἰδίας,

428 5379 557 5434 ἔνθα
587 5381 748 5451 νόμος
771 5383 799 5433 ὁ
819 5379 1181 5449 παιδαγωγὸς,
1207 5381 1555 5453 ἀποκομίξων
1585 5382 1755 5453 αὐτὴν
1780 5386 1859 5447 είς
1882 5384 2001 5438 ἐπί-

428 5487 629 5541 γνωσιν
648 5473 740 5526 τοῦ
768 5474 925 5544 φύσει
948 5494 1007 5530 τε
1033 5478 1128 5531 καὶ
1154 5474 1386 5547 ἀληθοῦς
1414 5475 1565 5540 ὖντος
1598 5475 1755 5542 Θεοῦ,
1786 5476 2004 5548 ἀνειμέ-

501 5650 543 5683 ³¹
567 5650 680 5708 Jer.
708 5669 790 5716 ιιι,
820 5654 875 5710 4.

668 5751 940 5812 Parnm.
986 5751 1078 5811 Gn
1145 5748 1367 5811 LXXI.

2110 4478 2292 4531 uitatis
2320 4478 2570 4531 tum31?»
2608 4478 2738 4542 Quae
2783 4477 2946 4545 igitur
2993 4479 3160 4534 Deum
3198 4483 3527 4553 virginitatis
3564 4502 3676 4543 sua:

2104 4568 2295 4621 ducem
2326 4566 2519 4621 sortita
2566 4577 2648 4621 est
2674 4605 2690 4629 ,
2737 4567 2789 4620 in
2835 4577 3032 4621 terram
3074 4584 3226 4623 suam
3270 4572 3509 4642 projecta
3540 4590 3622 4629 est
3656 4618 3672 4642 ,

2110 4662 2215 4715 hoc
2247 4670 2351 4723 est,
2382 4657 2648 4712 fornicata
2678 4666 2781 4724 est,
2813 4667 2869 4712 et
2904 4668 3187 4728 peccatum
3239 4661 3403 4717 habet
3451 4664 3674 4720 inexcu-

2104 4751 2294 4806 sabile.
2356 4748 2643 4804 Fornieata
2689 4760 2772 4802 est
2810 4750 2955 4802 enim
3001 4752 3130 4804 olim
3178 4752 3231 4806 in
3271 4753 3531 4825 1Egypto.
3569 4756 3676 4812 Sed

2105 4850 2220 4896 tum
2257 4857 2360 4895 non
2395 4849 2512 4893 erat
2546 4842 2598 4892 in
2638 4851 2780 4895 terra
2808 4855 2926 4906 sua,
2961 4853 3017 4896 et
3044 4858 3178 4911 quos
3213 4845 3458 4901 dominos
3502 4851 3672 4917 patieo

2106 4935 2285 4997 batur,
2314 4948 2501 4987 eorum
2534 4932 2740 5002 legibus
2757 4934 3221 4999 substernebatur,
3255 4952 3318 4992 ac
3338 4939 3528 4993 nolens
3566 4941 3677 4993 for-

2107 5027 2247 5079 sitan
2310 5034 2473 5093 atque
2532 5023 2696 5075 invita
2743 5025 2809 5077 ad
2853 5040 3039 5078 eorum
3096 5041 3277 5082 mores
3325 5029 3674 5096 adigebatur.

2110 5117 2371 5184 maiorum
2431 5130 2649 5169 suorum
2697 5116 2953 5184 pietatem
3015 5133 3078 5173 ac
3122 5119 3435 5188 religionem
3492 5136 3675 5175 coacta

2108 5209 2385 5261 deserere.
2420 5203 2572 5258 Nunc
2620 5218 2776 5258 nemo
2821 5206 2985 5275 cogit.
3037 5206 3133 5261 Est
3180 5209 3323 5262 enim
3368 5210 3420 5263 in
3460 5211 3677 5280 regione

2109 5300 2350 5367 propria,
2384 5297 2473 5351 ubi
2508 5295 2593 5351 lex
2622 5296 2961 5367 pmdagogus,
2991 5300 3254 5355 reducens
3286 5302 3490 5355 eamad
3525 5304 3679 5371 agni-

2113 5392 2311 5445 tionem
2360 5389 2507 5459 ejus,
2551 5388 2644 5457 qui
2683 5398 2769 5443 est
2808 5400 3002 5445 natura
3050 5398 3105 5447 et
3146 5407 3272 5448 vere
3316 5394 3479 5460 Deus,
3505 5395 3678 5451 soluta

2112 5496 2176 5536 ac
2207 5481 2375 5536 libera
2399 5520 2415 5545 ,
2453 5488 2508 5534 et
2544 5478 2890 5549 ineulpabilis
2920 5496 3142 5550 prorsus
3174 5485 3239 5538 ad
3275 5486 3500 5554 quodvis
3537 5502 3679 5556 pra:-

3219 5755 3290 5817 16
