4132 6370
440 274 550 331 495
1399 269 1956 327 COMMENTARIUS
1998 269 2061 322 IN
2102 268 2287 323 AMOS
2324 267 2768 323 PllOPllETAM.
3599 269 3699 323 494

443 409 533 464 με,
569 392 718 461 φησὶ,
752 390 1048 451 τουτέστιν,
1082 390 1205 460 ἐμοὶ
1234 387 1526 459 λατρεύετε
1570 387 1650 456 τῷ
1675 387 1836 455 φύσει
1875 387 2014 457 Θεῷ,
2049 400 2075 451 Α

2067 401 2093 451 ι
2123 388 2390 451 vivificus,
2419 388 2627 441 salvare
2672 386 2836 455 potis,
2879 393 2934 438 et
2983 384 3222 439 cultores
3265 399 3410 439 meos
3450 387 3517 440 ab
3556 390 3699 443 omni

439 484 518 553 τῷ
549 483 815 553 ζωοποιῷ.
846 483 923 551 τῷ
951 482 1146 545 σώζειν
1181 480 1440 551 ἰσχύοντι,
1463 481 1558 533 καὶ
1592 480 1794 543 παντὸς
1816 480 1921 544 ἔξω
1942 496 2021 532 τιι

2128 479 2274 534 malo
2303 487 2448 533 tutos
2474 488 2760 549 praestans.
2809 474 3054 530 Aﬂirmat
3079 488 3283 541 autem,
3317 479 3467 547 prius
3491 480 3700 536 animas

441 576 586 628 θέντι
640 574 811 628 κακοῦ
858 576 983 636 τοὺς
1039 573 1365 642 σεϐομένους
1419 571 1603 626 αὐτόν.
1653 573 1774 624 Δεῖν
1818 571 1875 624 δὲ
1920 571 2016 642 δὴ,

2124 586 2251 627 suas
2285 572 2505 627 abluere
2534 570 2724 640 ejectis
2751 570 3035 639 apostasize
3064 569 3231 641 299
3257 570 3510 626 sordibus
3535 586 3700 640 opor-

442 667 610 735 φησὶ,
668 665 1099 736 προαπονίπτειν
1147 665 1408 727 ἑαυτοὺς,
1449 664 1547 734 τῆς
1596 663 1808 716 ἑαυτῶν
1844 662 2024 733 ψυχῆς

2128 671 2263 724 tere,
2308 671 2363 715 ct
2424 660 2592 730 probe
2648 661 2834 715 eluere
2876 660 3167 728 maculam,
3232 676 3351 730 qua:
3394 675 3463 715 ex
3515 675 3701 718 errore

444 756 781 820 ὲξωθοῦντας
832 758 931 826 τῆς
966 755 1321 817 ἀποστάσεως
1370 754 1462 807 τὸν
1511 756 1701 824 ῥύπον,
1749 754 1842 808 καὶ
1888 771 2024 826 προ-

2127 753 2360 817 inhaesit,
2405 764 2459 807 et
2491 754 2560 806 ita
2592 752 2701 807 Deo
2732 753 3127 808 adhaerescere.
3163 752 3303 819 Quid
3338 762 3518 807 autem
3553 752 3700 808 facto

448 849 699 918 εκτήκειν
741 842 799 899 εὖ
836 845 982 914 μάλα
1015 846 1113 915 τὴν
1148 846 1212 897 ἐκ
1249 846 1343 897 τοῦ
1395 845 1772 915 πεπλανῆσθαι
1804 846 2020 916 κηλῖδα,

2123 860 2263 914 opus
2298 845 2370 899 sit
2403 844 2670 914 poenitere
2702 844 3130 909 instituentibus,
3181 845 3445 915 declarat,
3474 844 3702 900 dicens:

450 936 742 991 κολλᾶσθαί
786 954 845 988 τε
886 935 1031 989 οὕτω
1083 936 1224 1006 Θεῷ.
1268 935 1332 987 Τί
1385 937 1440 988 δὲ
1489 937 1553 1006 δὴ
1605 937 1698 989 καὶ
1741 936 1873 1007 δρᾷν
1915 937 2024 990 ἔδει

2131 955 2150 986 ι
2184 935 2260 990 Ne
2289 936 2544 1007 quaeratis
2564 935 2775 1002 Bethel,
2794 944 2848 989 et
2883 936 2934 989 in
2959 935 3179 1007 Galgala
3206 951 3272 991 ne
3299 936 3700 1007 ingrediamini,

449 1032 726 1100 μετανοεῖν
750 1028 1061 1099 ἑλομένους,
1084 1029 1340 1097 διασαφεῖ
1368 1028 1562 1096 λέγων’
1586 1030 1709 1099 «Μὴ
1741 1030 2022 1099 ὲκζητεῖτε

2126 1037 2182 1083 et
2229 1028 2280 1081 in
2316 1038 2537 1097 puteum
2586 1025 2889 1082 Juramenti
2952 1042 3019 1083 ne
3071 1028 3383 1083 transeatis.
3420 1046 3439 1080 ι
3475 1026 3703 1082 Puteum

445 1120 665 1190 Βαιθηλ,
698 1120 793 1174 καὶ
843 1121 923 1181 εἰς
952 1120 1202 1187 Γάλγαλα
1248 1121 1323 1190 μὴ
1377 1119 1783 1191 εἰσπορεύεσθε,
1815 1122 1907 1173 καὶ
1944 1122 2025 1183 είς

2120 1119 2413 1189 juramenti
2473 1129 2698 1174 narrant
2760 1134 2882 1175 esse
2933 1118 3172 1184 Gerara,
3227 1135 3346 1189 quae
3388 1118 3704 1185 Philistiim,

446 1211 509 1264 τὸ
525 1213 702 1281 φρέαρ
720 1210 813 1263 τοῦ
849 1212 1015 1264 Ὄκου
1053 1213 1128 1283 μὴ
1150 1212 1489 1265 ἀναϐαίνετε·
1506 1232 1522 1262 ι
1548 1213 1731 1283 Φρέαρ
1752 1212 2022 1284 δὲὍρκου

2126 1212 2242 1266 sive
2276 1211 2581 1267 Palaestina:
2605 1213 2739 1267 urbs
2781 1222 2887 1267 est.
2942 1212 3234 1281 Postquam
3274 1212 3421 1267 enim
3464 1215 3605 1268 inter
3645 1228 3705 1268 se

447 1302 518 1355 τὰ
542 1302 760 1374 Γέραρά
792 1320 945 1373 φησι,
994 1304 1147 1367 πόλις
1185 1304 1242 1356 δὲ
1265 1304 1403 1375 αὕτη
1429 1305 1523 1357 τοῦ
1556 1305 1879 1375 Φιλιστιεὶμ,
1907 1306 2025 1375 ἦτοι

2119 1302 2494 1371 juramentum
2540 1304 2796 1359 dixerunt
2833 1302 3110 1358 Abraham
3162 1314 3217 1360 et
3262 1304 3603 1372 Abimelech,
3651 1314 3705 1360 et

447 1393 555 1446 τῶν
606 1394 1001 1449 Παλαιστινῶν.
1059 1395 1278 1466 Ἐπειδὴ
1331 1396 1439 1466 γὰρ
1497 1395 1719 1467 ὤμοσαν
1774 1396 2026 1467 ἀλλήλοις

2127 1398 2277 1466 pacis
2307 1395 2486 1451 ftedus
2521 1396 2586 1449 ad
2616 1394 2825 1451 fontem
2856 1396 3117 1462 inierunt,
3156 1395 3504 1451 denominata
3532 1406 3618 1451 est
3639 1396 3706 1450 de

462 1483 718 1555 ’Λϐραάμ
743 1487 837 1538 καὶ
853 1485 1160 1556 Ἀὅιμελὲχ,
1186 1487 1278 1539 καὶ
1302 1488 1571 1557 συνθήκας
1595 1490 1817 1559 εἰρήνης
1842 1487 2025 1541 ἔθεντο

2126 1497 2321 1543 czetero
2375 1488 2505 1546 urbs
2562 1505 2581 1538 ι
2630 1488 2696 1540 ad
2734 1497 2957 1557 puteum
3003 1486 3395 1543 Juramenti".
3431 1506 3451 1540 ι
3485 1488 3706 1558 Galgala

448 1578 542 1631 ἐπὶ
565 1578 659 1631 τοῦ
690 1579 943 1648 φρέατος,
987 1581 1403 1650 μετωνόμασται
1430 1581 1615 1634 λοιπὸν
1641 1585 1673 1653 ὴ
1739 1582 1896 1645 πόλις
1944 1583 2025 1645 είς

2130 1580 2314 1649 igitur,
2352 1590 2405 1632 et
2432 1578 2640 1644 Bethel,
2673 1587 2837 1647 atque
2872 1579 3035 1634 etiam
3082 1578 3290 1633 Gerara
3330 1578 3495 1634 urbes
3527 1587 3705 1645 erant,

447 1668 527 1730 τὸ,
558 1669 730 1740 φρέαρ
769 1670 861 1722 τοῦ
895 1670 1121 1741 Ὅρκου.
1148 1671 1398 1739 Γάλγαλα
1427 1670 1640 1742 δὴιοῦν,
1670 1675 1761 1725 καὶ
1791 1672 2019 1744 Βαιθὴλ,
2059 1732 2079 1744 ¹

2075 1732 2099 1744 _
2130 1685 2461 1742 magnopere
2508 1674 2573 1724 ad
2621 1671 2952 1739 impietatem
2987 1671 3232 1736 detortae,
3267 1678 3321 1724 et
3370 1670 3707 1726 multimodis

448 1763 543 1814 καὶ
568 1732 774 1831 *μέντοι
813 1763 904 1814 καὶ
932 1732 1149 1834 Γέραρα
1189 1732 1371 1826 πόλεις
1406 1732 1548 1835 ἦσαν
1575 1732 1708 1817 πολὺ
1737 1766 1873 1837 πρὸς
1902 1732 2029 1819 ἀσέζ
2059 1732 2080 1786 Ι

2076 1732 2101 1786 Β
2130 1763 2407 1816 erroribus
2442 1776 2471 1815 a
2498 1776 2555 1815 se
2578 1761 2833 1829 deceptos
2864 1759 3220 1815 involventes.
3251 1760 3334 1816 Ab
3374 1760 3457 1816 his
3485 1763 3708 1817 omnino

452 1853 603 1905 6ειαν
628 1854 1091 1923 ὲκτετραμμέναι,
1119 1855 1213 1907 καὶ
1234 1854 1483 1926 πολυειδῆ
1510 1858 1621 1919 τοῖς
1645 1857 2028 1927 ἀπατωμένοις

2130 1852 2491 1907 recedendum
2532 1850 2828 1916 mandavit,
2860 1850 3040 1906 verbis
3079 1852 3192 1906 suis
3230 1851 3706 1908 comminationem

453 1944 814 2014 περιτιθεῖσαι
861 1947 961 2015 τὴν
1001 1946 1229 2018 πλάνην.
1278 1946 1497 1999 Τούτων
1537 1949 1851 2016 ἀναγκαίως
1894 1950 2030 2002 ἀπο-

2130 1943 2449 2013 adjungeus,
2477 1952 2533 1995 ut
2560 1943 2796 2012 undique
2817 1943 2882 1996 ad
2910 1942 3197 1998 utilitatem
3228 1943 3540 2013 compellat.
3576 1944 3707 2000 Per-

453 2038 641 2106 φοιτᾴν
675 2036 1027 2107 προσέταξεν,
1057 2035 1365 2102 ἀναπλέξας
1384 2038 1462 2108 τῷ
1490 2038 1634 2109 λόγῳ
1654 2041 1748 2093 καὶ
1776 2039 2026 2111 ἀπειλὴν,

2132 2038 2288 2092 ibunt
2316 2037 2481 2098 enim,
2516 2036 2709 2104 inquit,
2754 2034 2965 2099 Bethel,
3005 2045 3056 2089 et
3084 2036 3220 2093 aliaa.
3259 2035 3326 2089 Et
3352 2036 3455 2089 alia
3489 2037 3707 2105 quidem

453 2129 539 2180 ἵνα
582 2128 918 2198 πανταχόθεν
944 2129 1237 2201 συνελαύνῃ
1274 2131 1410 2201 πρὸς
1440 2131 1501 2183 τὺ
1538 2132 1835 2201 συμφέρον.
1870 2135 2031 2207 Οίχή-

2129 2140 2285 2198 capta
2317 2128 2383 2182 ad
2414 2127 2597 2181 hostes
2629 2126 2925 2188 transibit,
2953 2127 3054 2179 alia
3086 2126 3477 2191 devastabitur,
3517 2138 3573 2181 ut
3596 2127 3707 2197 jam

456 2236 637 2271 σονται
664 2219 794 2289 γάρ,
828 2221 983 2292 φησὶ,
1016 2222 1219 2293 Βαιθήλ
1248 2240 1307 2275 τε
1344 2224 1437 2276 καὶ
1485 2225 1539 2276 αι
1592 2225 1793 2279 λοιπαί.
1840 2228 1949 2280 Καὶ
1995 2229 2029 2299 ἡ

2130 2235 2231 2274 nec
2273 2219 2564 2288 aliquando
2593 2218 2873 2273 exstitisse
2907 2219 3170 2271 videatur.
3210 2236 3227 2267 ι
3266 2218 3499 2285 Qnmrite
3548 2220 3710 2289 igitur

456 2312 553 2381 μὲν
583 2313 927 2382 αἰχμάλωτος
971 2305 1403 2385 βαδιεῖταιπρὸς
1443 2318 1692 2387 ἐχθρούς·
1734 2321 1767 2389 ὴ
1794 2319 1851 2372 δὲ
1888 2319 2031 2373 οὓτω

2131 2309 2325 2377 Deum,
2370 2310 2563 2379 inquit,
2610 2319 2666 2361 ut
2735 2310 2958 2373 vivatis,
3000 2311 3313 2378 priusquam
3364 2310 3601 2365 reluceat
3652 2322 3712 2364 ut

452 2404 999 2475 καταπρησθήσεται,
1025 2406 1098 2468 ὡς
1123 2406 1298 2460 δοκεῖν
1331 2407 1433 2477 ἤδη
1473 2426 1588 2472 πως
1630 2409 1765 2479 μηδὲ
1792 2411 2031 2482 ὑπάρξαι

2133 2404 2273 2471 ignis
2295 2403 2489 2457 domus
2515 2400 2741 2471 Joseph,
2778 2410 2833 2455 et
2862 2401 3145 2455 devorabit
3188 2418 3328 2465 eam,
3362 2413 3415 2455 et
3464 2418 3568 2455 non
3604 2404 3710 2457 erit

453 2493 607 2548 ποτέ.
646 2493 854 2546 Οὐκοῦν
883 2493 1151 2564 ζητείσθω
1177 2494 1331 2559 Θεὸς,
1361 2495 1446 2548 ἵνα
1471 2495 1695 2566 ζήσητε,
1723 2498 1876 2567 φησὶ,
1902 2499 2031 2568 πρὶν

2132 2495 2221 2563 (ιυί
2274 2495 2605 2562 exstinguat,
2651 2492 2987 2563 ἀναλάμψαι,
3024 2495 3123 2548 hoc
3156 2505 3260 2557 est,
3298 2493 3708 2565 ἐμπρησθῆναι,

453 2584 771 2654 ἀναλάμψαι
818 2585 910 2638 τὸν
955 2582 1101 2638 οἷκον
1138 2587 1356 2658 Ἰωσὴφ,
1399 2589 1493 2641 καὶ
1525 2590 1901 2657 καταφάγεται
1940 2589 2032 2641 αὺ-

2131 2585 2413 2638 succendi.
2440 2583 2668 2637 Domum
2688 2594 2869 2638 autem
2896 2582 3091 2653 Joseph
3116 2584 3403 2654 appellavu
3427 2586 3708 2654 Ephraim,

451 2677 566 2738 τὸν,
596 2679 688 2729 καὶ¹
719 2676 819 2729 οὐκ
848 2678 1001 2729 ἔσται
1030 2680 1058 2730 ὀ
1092 2677 1299 2732 σϐἐσων
1319 2696 1332 2709 ’
1368 2680 1430 2732 τὸ
1464 2679 1562 2749 μὲν
1592 2676 1685 2734 οὖν
1712 2680 2030 2751 ἀναλάμψαι

2133 2679 2246 2731 sive
2309 2678 2731 2733 Samaritanos:
2793 2678 2903 2732 nati
2977 2688 3103 2733 sunt
3176 2679 3318 2732 enim
3375 2693 3440 2733 ex
3508 2678 3708 2749 Joseph

452 2768 512 2820 τὸ
533 2768 917 2837 ὲμπρησθῆναί
948 2786 1101 2837 φησι,
1136 2767 1284 2823 οἷκον
1316 2771 1372 2824 δὲ
1418 2772 1618 2840 Ἰωσὴφ
1641 2771 1899 2842 ὀνομάζει
1935 2773 2027 2827 τὸν

2133 2767 2387 2836 Ephraim
2423 2778 2479 2822 et
2515 2768 2778 2823 Manasse.
2824 2767 3286 2833 Quemadmodum
3340 2768 3536 2838 igitur,
3585 2783 3711 2822 cum

466 2858 727 2930 Ἐφραῒμ,
772 2861 890 2931 ἤτοι
922 2864 1047 2924 τοὺς
1080 2862 1137 2915 ὲν
1180 2863 1482 2933 Σαμαρείᾳ·
1535 2864 1791 2931 γεγόνασι
1825 2864 1932 2932 γὰρ
1973 2863 2031 2929 ἐξ

2132 2874 2226 2913 eos
2277 2859 2441 2914 Israel
2482 2860 2747 2926 nominat,
2797 2858 3149 2928 intelligimus
3198 2873 3227 2912 a
3262 2867 3416 2927 patre
3468 2869 3713 2929 posteros

467 2950 666 3022 Ἰωσὴφ
705 2952 945 3023 Ἐφραΐμ
978 2970 1037 3005 τε
1065 2952 1159 3005 καὶ
1196 2954 1523 3025 Μανασσῆς.
1552 2956 1760 3026 Ὥσπερ
1788 2950 1880 3008 οὖν
1905 2956 2031 3009 ὅταν

2133 2950 2247 3020 ejus
2296 2954 2396 3006 hoc
2445 2953 2662 3007 nomine
2709 2950 2969 3021 appellari
3004 2968 3018 3004 :
3054 2952 3150 3019 ita,
3183 2953 3227 3006 si
3266 2952 3486 3022 quando
3511 2950 3711 3021 Joseph

469 3040 689 3111 Ἰσραὴλ
727 3043 924 3105 αὐτοὺς
948 3042 1214 3116 ὀνομάζῃ,
1248 3043 1477 3115 νοοῦμεν
1507 3046 1582 3109 ὡς
1608 3048 1673 3100 ἐκ
1705 3047 1910 3118 πατρὸς
1939 3065 2031 3101 κε·
2059 3066 2101 3123 ρ

2080 3067 2101 3123 3
2134 3042 2351 3105 dixerit,
2385 3043 2574 3097 eodem
2614 3043 2772 3097 modo
2807 3041 3093 3110 intelliges.
3131 3042 3277 3097 Bona
3304 3052 3389 3099 est
3414 3044 3576 3114 igitur
3599 3059 3712 3113 pm-

457 3133 691 3203 κλῆσθαι
724 3136 851 3198 τοὺς
891 3134 949 3201 ἐξ
996 3135 1184 3190 αὐτοῦ·
1223 3135 1365 3189 οὕτω
1404 3136 1509 3191 κᾶν
1535 3136 1684 3206 λέγοι
1725 3139 1886 3209 τυχὸν
1915 3140 2029 3193 Ἰω-

2136 3134 2362 3188 nitentia
2406 3149 2597 3204 poenas
2647 3148 2862 3197 arcens,
2908 3143 2959 3188 et
2995 3149 3062 3188 ex
3106 3134 3185 3188 ira
3229 3134 3530 3189 invehenda
3584 3150 3711 3205 sup-

460 3224 739 3294 σὴφριατά
764 3226 852 3278 τὸν
881 3227 992 3279 ἴσον
1019 3226 1269 3297 συνήσεις
1297 3228 1517 3296 τρόπον.
1536 3228 1714 3282 Καλὸν
1746 3229 2034 3301 τοιγαροῦν

2134 3227 2293 3297 plicia
2321 3238 2596 3292 avertens,
2631 3227 2827 3296 suique
2871 3226 3144 3282 studiosos
3196 3242 3227 3280 a
3280 3227 3577 3282 Dominicis
3628 3228 3716 3281 in-

456 3319 489 3385 ὴ
524 3320 887 3387 μετάγνωσις,
916 3318 1262 3372 ἀποσοὸοὖσα
1291 3319 1390 3383 τὰς
1432 3320 1608 3384 δίκας,
1640 3320 1826 3374 καὶτὰ
1854 3322 1913 3388 ἐξ
1948 3322 2035 3392 ὀρ-

2136 3317 2560 3387 dignationibus,
2621 3324 2677 3371 et
2737 3316 2806 3370 ab
2860 3317 3007 3371 omni
3062 3318 3373 3373 calamitate
3432 3334 3532 3373 nos
3580 3319 3714 3374 lme-

456 3409 558 3477 γῆς
595 3409 1000 3474 ἀνακόπτουσα,
1032 3410 1136 3474 ἔξω
1177 3428 1239 3463 τε
1273 3410 1484 3464 τιθεῖσα
1527 3412 1654 3475 τοὺς
1688 3412 2035 3483 ὲπιτηδεύον-
2135 3423 2283 3466 rans.

455 3501 751 3571 τας,αὐτῇ,
784 3502 892 3554 τῶν
920 3501 1255 3555 δεσποτικῶν
1290 3502 1630 3574 κινημάτων,
1681 3505 1775 3557 καὶ
1815 3505 2035 3576 ἀπάσης

458 3593 605 3662 ἡμᾶς
637 3595 922 3664 συμφορᾶς
955 3594 1395 3649 ἀπαλλάττουσα.

541 3683 593 3737 '0
631 3684 816 3737 ποιῶν
838 3688 924 3751 εἰς
951 3686 1109 3754 ὕψος
1140 3686 1344 3756 κρῖμα.
1381 3687 1482 3741 καὶ
1511 3687 1909 3758 δικαιοσύνην
1948 3693 2036 3757 εἰς

2209 3696 2373 3751 Vnus.
2402 3696 2459 3758 8,
2489 3696 2541 3750 9.
2576 3694 2799 3750 Faciens
2834 3697 2887 3749 in
2927 3696 3189 3751 excelsum
3225 3696 3513 3766 judicium.
3550 3709 3596 3751 et
3622 3699 3715 3767 ju-

457 3772 572 3843 γῆν
608 3774 843 3843 ἔθηκεν.
863 3776 916 3828 Ὀ
947 3777 1134 3831 ποιῶν
1172 3778 1270 3832 καὶ
1315 3777 1511 3832 πάντα
1557 3782 2035 3848 μετασκευάζων,

2137 3791 2336 3844 stiriam
2370 3790 2425 3843 in
2469 3800 2667 3842 terram
2710 3792 2908 3857 posuit.
2944 3787 3172 3842 Faciem
3217 3790 3415 3855 omnia,
3459 3800 3509 3843 et
3548 3791 3714 3858 fabri-

457 3867 554 3919 καὶ
596 3868 901 3935 ἐκτρέπων
928 3869 1015 3933 εἰς
1052 3868 1118 3921 τὸ
1151 3868 1300 3936 πρωῒ
1325 3874 1529 3933 σκιὰν,
1570 3870 1667 3924 καὶ
1700 3872 1927 3941 ἡμέραν
1950 3878 2038 3940 εὶς

2139 3899 2286 3946 cans,
2312 3892 2359 3936 et
2390 3890 2691 3934 convertens
2724 3881 2780 3933 in
2813 3896 2965 3933 moue
2994 3880 3255 3947 umbram,
3290 3893 3336 3935 et
3362 3880 3498 3935 diem
3524 3899 3579 3934 in
3617 3898 3714 3935 ηο-

458 3959 647 4011 νύκτα
687 3958 1093 4022 συσκοτάζων,
1147 3962 1179 4012 ό
1207 3963 1744 4031 προσκαλούμενος
1777 3965 1842 4017 τὸ
1879 3964 2037 4034 ὕδωρ

2139 3984 2273 4024 clem
2302 3970 2673 4024 contenebram
2694 3985 2713 4024 :
2735 3985 2923 4023 uocans
2952 3986 3145 4039 aquam
3175 3972 3356 4037 maris,
3374 3982 3419 4025 et
3441 3972 3713 4041 e/fundem

456 4050 567 4119 τῆς
594 4050 933 4118 θαλάσσης,
986 4051 1083 4105 καὶ
1113 4052 1342 4122 ἐκχέων
1380 4052 1528 4107 αὐτὸ
1569 4054 1668 4107 ἐπὶ
1713 4057 2038 4123 πρόσωπον

2139 4065 2288 4118 illam
2322 4079 2479 4131 super
2508 4062 2696 4131 faciem
2728 4073 2902 4127 terra’,
2934 4061 3189 4117 Dominus
3222 4063 3358 4117 Deus
3390 4065 3713 4133 omnipotens

456 4142 569 4209 τῆς
594 4140 723 4211 γῆς.
761 4144 980 4210 Κύριος
1012 4146 1044 4197 ὁ
1082 4144 1229 4209 Θεὸς
1256 4144 1679 4214 παντοκράτωρ
1715 4147 1903 4216 ὄνομα
1932 4151 2039 4202 αὺ-

2141 4170 2329 4208 nomen
2359 4154 2470 4207 'illi.
2526 4151 2779 4206 Dividam
2825 4154 3195 4207 contritionem
3248 4170 3405 4223 super
3452 4154 3632 4220 robur,
3665 4166 3716 4209 et

457 4234 586 4288 τοῦ.
631 4235 684 4287 '0
725 4234 970 4303 διαιρῶν
1012 4238 1388 4305 συντριμμὸν
1423 4238 1521 4291 ἐπὶ
1561 4239 1763 4305 ἰσχὺν,
1802 4239 1899 4293 καὶ
1938 4257 2039 4293 τα-

1450 4238 1521 4291 ’πὶ
1561 4239 1763 4305 ἰσχὺν,
1802 4239 1899 4293 καὶ
1938 4257 2039 4293 τα·
2140 4248 2409 4300 miseriam
2441 4259 2598 4315 super
2626 4244 2787 4298 robur
2812 4244 3082 4302 inducens.

458 4329 792 4396 ,ἰαιπωρίαν
824 4328 922 4382 ἐπὶ
952 4330 1229 4399 ὀχύρωμα
1253 4329 1510 4398 ἐπάγων.
3264 4383 3269 4386 .

528 4422 675 4487 Μιτν.
719 4421 1097 4490 Μυσταγωγὸς
1122 4424 1150 4474 ὁ
1177 4421 1351 4489 λόγος,
1391 4423 1485 4475 καὶ
1512 4424 1594 4476 ὅτι
1632 4424 1866 4494 μάλιστα
1903 4424 2038 4497 πρέ·
2069 4400 2119 4460 D

2084 4400 2119 4460 θ
2214 4424 2396 4480 XLVI.
2429 4423 2614 4481 Oratio
2650 4424 2967 4494 mysterium
3016 4424 3197 4491 habet,
3228 4433 3283 4480 et
3321 4427 3387 4480 ad
3424 4426 3514 4481 Dei
3560 4429 3716 4495 agni-

459 4530 577 4564 πων
607 4514 721 4575 τοῖς
762 4513 1121 4583 καλουμένοις
1154 4515 1234 4576 εἰς
1266 4514 1560 4581 ἐπίγνωσιν
1594 4516 1750 4582 Θεοῦ,
1782 4518 1875 4570 καὶ
1905 4518 2041 4588 πρὸς

2143 4520 2341 4574 tionem
2394 4521 2617 4581 vocatis,
2662 4529 2825 4586 atque
2885 4521 2951 4573 ad
3010 4518 3191 4573 lumen
3236 4519 3486 4573 veritatis
3533 4522 3717 4576 venire

459 4601 521 4653 τὸ
555 4602 652 4672 τῆς
692 4602 952 4672 ἀληθείας
999 4603 1117 4671 φῶς
1163 4603 1299 4657 ἰέναι
1330 4604 1715 4669 σπουδάζουσι.
1752 4608 2040 4678 Πρόκειται

2138 4613 2593 4669 contendentibus
2641 4611 2870 4665 miriﬁce
2926 4611 3200 4666 convenit.
3250 4612 3591 4681 Propositum
3631 4625 3718 4669 est

460 4693 569 4765 γὰρ
601 4692 679 4760 τῷ
712 4694 967 4764 προφήτῃ
995 4694 1203 4761 διδάξαι
1241 4697 1366 4760 τοὺς
1402 4698 1808 4769 πλανωμένους,
1830 4702 2042 4770 πρῶτον

2139 4705 2287 4759 enim
2339 4703 2613 4771 prophetae
2668 4703 2865 4757 docere
2907 4704 3181 4767 seductos,
3227 4704 3458 4773 prinmm
3497 4706 3714 4773 quidem

466 4786 562 4853 μὲν
596 4786 674 4838 ὅτι
712 4784 820 4837 τῶν
858 4786 995 4838 ὅλων
1024 4786 1083 4839 τὸ
1117 4788 1317 4856 κράτος
1348 4790 1584 4859 ἀνῆπται
1614 4790 1767 4857 Θεὸς,
1796 4794 1888 4845 καὶ
1927 4796 2040 4856 τοῖς

2142 4810 2321 4849 rerum
2369 4792 2743 4847 universarum
2800 4790 3084 4859 imperium
3134 4804 3256 4845 esse
3313 4806 3479 4860 penes
3525 4791 3716 4854 Deum,

463 4874 630 4927 αὑτοῦ
678 4875 912 4946 νεύμασι
963 4877 1404 4947 πηδαλιουχεῖται
1455 4881 1523 4933 τά
1578 4881 1901 4951 σύμπαντα,
1942 4885 2035 4937 καὶ

2144 4899 2194 4941 et
2228 4887 2347 4957 ejus
2380 4897 2510 4940 nutu
2548 4884 2837 4955 gubernari
2890 4898 2954 4937 ac
2991 4885 3099 4952 regi
3139 4883 3342 4946 omnia,
3380 4894 3435 4937 et
3471 4883 3573 4951 legi
3624 4883 3714 4953 ju-

459 4968 610 5037 νόμῳ
642 4967 983 5038 δικαιοσύνης
1024 4972 1056 5039 ή
1103 4972 1478 5041 παμμακαρία
1519 4973 1627 5025 τῶν
1653 4974 1899 5041 ἀγγέλων
1933 4978 2035 5028 ὐπ-

2144 4975 2304 5028 stitiae
2350 4974 2467 5039 ejus
2502 4972 2873 5026 sanctissimas
2917 4972 3240 5041 angelorum
3276 4972 3440 5042 300
3467 4983 3714 5028 catervas

461 5058 744 5128 ενήνεκται
768 5057 995 5126 πληθὺς,
1021 5061 1113 5111 καὶ
1138 5060 1221 5112 ὅτι
1245 5060 1422 5131 πάντη
1456 5078 1512 5114 τε
1543 5063 1635 5115 καὶ
1664 5063 1882 5127 πάντως
1907 5066 2034 5128 τοὺς

2146 5066 2389 5121 subditas
2427 5079 2568 5129 esse,
2611 5074 2664 5118 et
2702 5064 2851 5118 omni
2882 5064 3060 5125 modo.
3092 5079 3157 5118 ac
3189 5065 3397 5118 ratione
3431 5065 3711 5132 consequi,

460 5152 620 5213 ὄντας
654 5152 746 5202 ἐπὶ
782 5151 881 5220 τῆς
916 5152 1018 5221 γῆς
1048 5152 1338 5206 ἀκόλουθόν
1366 5171 1425 5206 τε
1460 5156 1553 5208 καὶ
1589 5157 1885 5224 ἀναγκαῖον
1925 5161 2035 5221 τοῖς

2145 5173 2208 5212 ac
2235 5157 2607 5211 necessarium
2636 5169 2776 5219 esse,
2807 5155 2898 5224 qui
2933 5155 2985 5209 in
3016 5156 3174 5210 terris
3223 5166 3512 5210 versantur
3543 5157 3717 5210 humi-

461 5241 559 5308 τῆς
588 5240 716 5309 παρ’
743 5238 906 5291 αὑτοῦ
947 5238 1293 5310 δικαιοσύνης
1326 5241 1685 5311 κατεζεύχθαι
1726 5242 1933 5311 νόμοις.
1980 5244 2042 5295 Εἰ

2144 5264 2262 5315 nes,
2286 5249 2510 5318 justitiae
2548 5248 2666 5317 ejus
2703 5247 2910 5317 legibus
2962 5247 3249 5304 devinciri.
3292 5247 3347 5301 Si
3394 5248 3540 5301 enim
3572 5249 3715 5316 quod

462 5333 566 5402 γὰρ
619 5332 679 5384 τὸ
724 5333 945 5401 ἄμεινον
988 5333 1046 5383 ὲν
1080 5331 1291 5396 τούτοις
1340 5334 1432 5385 καὶ
1472 5332 1713 5385 δουλεύει
1759 5332 1897 5403 Θεῷ,
1948 5335 2042 5388 καὶ

2143 5342 2485 5412 praestantius
2516 5349 2598 5394 est
2637 5339 2691 5393 in
2738 5338 3005 5393 creaturis
3054 5337 3223 5391 servit
3266 5336 3374 5391 Deo
3398 5375 3413 5400 ,
3438 5348 3487 5391 et
3522 5342 3718 5415 timore

463 5424 809 5493 υπέστρωται
849 5425 948 5493 μὲν
988 5423 1138 5491 φόϐῳ
1171 5424 1276 5476 τῶν
1312 5425 1370 5476 ὲν
1405 5424 1529 5495 ὕψει
1577 5427 1964 5496 πνευματικῶν
2003 5431 2036 5497 ἡ

2143 5432 2429 5501 subjicitur
2485 5431 2559 5485 illi
2600 5432 2887 5500 Spirituum
2936 5429 2988 5482 in
3033 5428 3265 5483 excelsis
3309 5439 3494 5483 saucta
3541 5430 3719 5483 multi-

1454 5487 1463 5495 ο

464 5514 593 5581 ἁγία
618 5514 847 5579 πληθὺς,
880 5515 997 5576 πῶς
1032 5515 1093 5566 ἂν
1152 5515 1182 5585 ἢ
1226 5516 1388 5568 πόθεν
1417 5518 1477 5569 τὴ
1503 5517 1907 5589 ἀνεπίπληκτον
1938 5518 2037 5590 ἔχῃ

2140 5525 2290 5589 tudo,
2332 5523 2624 5594 quomodo,
2652 5532 2742 5577 aut
2774 5520 2913 5577 unde
2949 5521 3371 5590 reprehensione
3402 5530 3586 5577 careat
3621 5520 3718 5575 ab-

539 5692 578 5721 ³⁷
608 5692 739 5746 Gen.
782 5708 889 5757 xxi,
922 5693 1004 5745 52.
