4132 6370
424 272 530 334 493

1429 270 1490 328 S.
1531 271 1805 328 CYRILLI
1845 270 2314 327 ALEXANDRINI
2354 271 2682 328 ARCIHEP.

3598 282 3706 338 496

423 407 646 459 nutans,
684 402 772 447 ant
810 391 1020 446 frenum
1071 403 1351 454 recusans,
1379 391 1523 457 quod
1557 398 1776 454 natura,
1809 399 1864 445 et
1891 389 1997 458 glo-

2105 387 2448 454 διανενευκὸς
2488 390 2570 452 εἰς
2602 389 2664 443 τὸ
2700 387 2914 460 ἐξήνιον
2951 389 3014 443 τὸ
3043 389 3187 445 οὕτω
3220 393 3704 466 μειονεκτούμενον

423 487 503 542 ria
539 493 692 541 tanto
727 493 812 539 est
856 481 1080 536 inferius
1106 521 1124 547 ,
1155 481 1204 534 id
1239 494 1343 544 est,
1372 494 1438 534 ex
1481 489 1628 534 terra
1664 493 2002 551 procreatus,

420 588 476 632 et
505 577 558 631 in
590 586 792 631 terram
821 583 1106 628 revertens
1134 572 1293 626 homo
1321 571 1394 624 ἐἳ
1425 569 1538 642 Ego
1566 572 1752 642 igitur,
1782 573 1858 626 ait
1882 572 2005 626 uni-

421 668 700 725 versitatis
755 666 1048 730 Dominus,
1108 664 1248 733 «qui
1305 662 1447 718 facio
1491 664 1757 734 judicium
1813 666 1866 718 in
1909 680 2006 717 cx-

421 759 589 815 celso.
641 777 659 810 ι
709 756 873 824 Quasi
920 757 1088 822 dicat,
1132 755 1227 826 qui
1275 756 1600 810 sublimibus
1647 765 1702 811 et
1753 755 2007 823 supernis

421 849 707 920 spiritibus
757 847 986 915 iustitiae
1040 847 1148 902 illis
1201 848 1556 916 congruentis
1605 847 1819 902 tnodum
1866 863 2004 916 prae-

421 939 915 1010 scribit(judicinm
952 938 1096 992 enim
1133 953 1232 1008 pro
1262 937 1473 1008 jnstitia
1507 935 1680 1008 dicit),
1717 939 1830 1006 ipse
1859 948 1914 990 et
1949 938 2002 990 in

422 1040 564 1083 terra
591 1029 868 1098 justitiam
894 1029 1106 1098 posuit;
1135 1031 1239 1084 hoc
1273 1037 1376 1094 est,
1401 1029 1643 1082 deﬁnivit
1672 1041 1836 1098 atque
1871 1045 2004 1084 con-

419 1121 597 1175 stituit
634 1120 799 1174 etiam
843 1121 896 1174 in
938 1121 1098 1175 terris
1148 1120 1295 1190 leges
1324 1123 1621 1175 seeondnm
1663 1136 1799 1188 quas
1836 1123 1999 1175 vitam

418 1227 512 1269 eos
537 1214 772 1282 dirigere
805 1215 1112 1278 conveniat,
1141 1224 1196 1267 et
1224 1225 1303 1267 cst
1341 1213 1535 1266 rationi
1572 1213 1712 1281 apud
1744 1229 1839 1268 eos
1872 1213 2002 1267 insi-

420 1315 556 1370 tum,
604 1305 743 1360 bene
777 1320 934 1368 esse,
990 1315 1046 1358 et
1089 1305 1290 1368 vivere,
1327 1303 1551 1372 ejusque
1591 1303 2004 1357 mansuetudine

418 1407 475 1450 et
511 1397 844 1467 benignitate
889 1395 1114 1465 perfrui.
1154 1395 1286 1449 Esse
1325 1407 1504 1448 autem
1550 1393 1718 1448 Deum
1757 1397 2004 1463 omnipo-

423 1500 649 1553 tentem,
679 1497 738 1542 et
770 1488 978 1543 viribus
1013 1487 1427 1553 validissimum,
1454 1496 1507 1541 et
1537 1486 1667 1540 nihil
1704 1487 1752 1540 ei
1804 1487 2001 1557 impos-

419 1579 577 1634 sibile
605 1583 843 1650 penitus,
866 1582 1168 1647 cedereque
1193 1579 1267 1631 illi
1303 1589 1554 1632 naturam
1583 1577 2001 1642 elementorum,

419 1684 474 1725 et
504 1671 825 1725 commutari
878 1685 966 1726 res
1010 1686 1108 1741 pro
1174 1670 1292 1740 ejus
1339 1672 1602 1724 arbitratu
1643 1673 1998 1734 demonstrat,

2114 483 2276 552 φύσει
2307 500 2371 536 τε
2400 483 2497 538 καὶ
2525 483 2672 556 δόξῃ,
2690 484 2990 551 τουτέστιν,
3021 487 3051 539 ό
3073 486 3136 539 ἐκ
3153 486 3258 558 γῆς
3284 503 3345 540 τε
3372 487 3469 542 καὶ
3493 489 3576 553 είς
3597 491 3703 562 γῆν

2115 576 2596 645 ἀνθρωπος;Ἐγὼ
2623 577 2825 641 τοίνυν,
2850 577 3036 647 φησὶν,
3075 595 3094 628 ι
3120 577 3150 630 6
3167 577 3277 632 τῶν
3304 577 3442 632 ὅλων
3467 581 3695 651 Κύριος,

2111 670 2142 722 6
2175 671 2255 732 εἰς
2285 668 2418 739 ὕψος
2448 667 2620 722 ποιῶν
2650 671 2880 741 κρῖμα.»
2910 669 3137 734 Ὅμοιον
3174 669 3232 722 δὲ
3263 669 3340 734 ὡς
3365 671 3414 724 εί
3443 669 3610 738 λέγοι·
3641 673 3701 724 ὐ

2110 763 2224 824 τοῖς
2259 760 2393 829 ὑψοῦ
2423 777 2482 814 τε
2504 760 2599 814 καὶ
2620 760 2734 815 ἀνω
2763 759 3037 832 πνεύμασι
3059 763 3162 832 τῆς
3181 761 3362 824 αὐτοῖς
3384 777 3702 832 πρεπούσης

2110 851 2461 921 δικαιοσύνης
2499 851 2769 915 συντιθεὶς
2811 850 2903 904 τὸν
2944 851 3147 922 τρόπον
3191 853 3410 921 (κρῖμα
3451 853 3562 924 γὰρ
3597 853 3700 922 τὴν

2110 941 2460 1012 δικαιοσύνην
2487 942 2702 1013 φησὶν),
2723 943 2888 1005 αὐτὸς
2903 942 3112 996 τέθεικε
3135 941 3230 994 καὶ
3256 944 3338 1006 εἰς
3362 942 3467 1012 γῆν
3491 943 3699 997 δικαιο-

2115 1034 2303 1106 σύνην,
2340 1036 2622 1089 τουτέστιν
2645 1077 2662 1101 ,
2699 1036 2940 1106 ὡρίσατο
2984 1036 3080 1088 καὶ
3123 1036 3250 1098 τοὺς
3279 1037 3339 1088 ἐν
3368 1038 3439 1107 γῇ
3473 1037 3696 1106 νόμους,

2114 1127 2237 1181 καθ’
2273 1127 2366 1191 οὒς
2399 1127 2465 1181 ἂν
2497 1120 2699 1197 πρέποι
2737 1126 2930 1197 διαζῆν
2957 1127 3154 1190 αὐτοὺς
3210 1125 3307 1181 καὶ
3341 1127 3400 1180 ἐν
3427 1125 3570 1198 λόγῳ
3609 1128 3698 1180 τέ-

2111 1219 2284 1273 θειται
2323 1221 2454 1290 παρ’
2500 1221 2682 1283 αὐτοῖς
2726 1219 2788 1272 τὸ
2837 1215 2896 1272 εὖ
2941 1215 3083 1272 εἶναι
3155 1219 3252 1272 καὶ
3298 1219 3419 1290 ζῇν,
3466 1220 3696 1292 καὶτῆς

2112 1313 2244 1380 παρ’
2275 1309 2442 1364 αὑτοῦ
2476 1311 2726 1380 μετέχειν
2754 1309 3096 1380 ἡμερότητος
3147 1310 3241 1361 καὶ
3263 1309 3691 1380 φιλανθρωπίας.

2112 1403 2236 1455 Ὅτι
2265 1403 2322 1454 δέ
2349 1405 2466 1456 ἐστι
2489 1401 2888 1472 παντοκράτωρ
2931 1403 3025 1455 καὶ
3052 1401 3335 1471 παναλκὴς
3364 1402 3392 1454 ό
3416 1396 3569 1465 Θεὸς.
3599 1402 3694 1454 καὶ

2110 1495 2392 1564 ἀμήχανον
2425 1492 2580 1546 οὐδὲν
2609 1491 2759 1563 αὐτῷ
2789 1490 3092 1554 παντελῶς,
3129 1491 3267 1544 εἴκει.
3313 1490 3371 1544 δὲ
3413 1492 3508 1544 καὶ
3552 1491 3690 1562 αὐτὴ

2108 1585 2215 1639 τῶν
2251 1585 2530 1654 στοιχείων
2559 1583 2797 1654 ἡφύσις,
2824 1583 2918 1636 καὶ
2951 1582 3270 1654 μεθίσταται
3301 1581 3369 1636 τά
3399 1582 3529 1636 ὄντα
3553 1583 3691 1654 πρὸς

2107 1673 2168 1726 τὸ
2195 1671 2343 1742 αὐτῷ
2373 1671 2582 1736 δοκοῦν,
2621 1672 2993 1738 ἀποδείκνυσι,
3020 1670 3200 1724 λαϐὼν
3230 1673 3309 1735 είς
3341 1671 3688 1742 παράδειγμα

419 1764 726 1832 exeiuplum
777 1779 1063 1818 assumens
1109 1766 1250 1831 quod
1301 1764 1490 1817 umbra
1524 1763 1756 1818 declinet
1801 1763 1854 1816 in
1901 1778 1997 1815 ma‘

2107 1765 2167 1817 τὸ
2196 1763 2484 1835 ἐκτρέπειν
2517 1763 2618 1834 μὲν
2652 1764 2732 1827 εἰς
2769 1763 2830 1816 τὸ
2863 1763 3010 1835 πρωῒ
3045 1762 3203 1817 σκιάν
3227 1803 3242 1826 ,
3273 1763 3487 1835 ἡμέραν
3522 1763 3581 1816 δὲ
3618 1758 3686 1818 αὗ

420 1871 506 1920 ne,
541 1868 595 1908 et
641 1871 828 1910 rursus
873 1857 989 1910 dies
1027 1858 1382 1911 contenehret
1421 1857 1473 1910 in
1514 1867 1751 1910 noctem.
1783 1855 1997 1924 Insuper

2107 1853 2464 1919 συσκοτάζειν
2502 1857 2580 1919 είς
2608 1854 2802 1910 νύκτα.
2831 1855 2944 1908 Καὶ
2976 1855 3114 1926 πρός
3139 1871 3204 1924 γε
3232 1854 3290 1908 δὲ
3325 1854 3565 1922 τούτοις,
3603 1855 3688 1909 ὃτι

420 1949 561 2016 quod
607 1959 764 2002 nutus
807 1947 1124 2017 imperantis
1175 1962 1370 2018 aquam
1409 1963 1438 2002 a
1483 1949 1618 2002 mari
1672 1950 1720 2000 vi
1753 1948 2000 2017 quadam

423 2041 682 2097 inell‘abili
721 2053 776 2098 et
809 2058 1008 2098 arcana
1046 2046 1096 2098 in
1147 2058 1344 2113 supera
1379 2057 1641 2105 evocans,
1681 2043 1735 2095 in
1776 2041 2001 2110 qualita-

423 2147 526 2190 tem
577 2150 683 2188 non
736 2136 1038 2188 naturalem
1091 2135 1456 2202 migrantem,
1499 2143 1767 2186 tcrrartnn
1807 2132 2002 2185 incolis

419 2225 631 2279 dulcem
665 2225 811 2279 facit.
844 2225 1038 2279 Mutari
1065 2237 1243 2278 autent
1271 2226 1344 2277 ait
1373 2242 1390 2274 ι
1417 2225 1468 2277 in
1493 2239 1653 2276 mane
1672 2223 1940 2288 umbram,
1976 2243 1994 2274 ι

410 2319 524 2372 ‘hor.
574 2330 680 2382 cst,
730 2330 942 2373 noetem
997 2319 1111 2372 sive
1161 2318 1412 2372 tenebras
1451 2317 1683 2371 transire
1730 2317 1781 2370 in
1833 2317 1997 2371 diem.

419 2411 584 2473 Nam,
627 2422 682 2465 ut
727 2427 755 2464 a
789 2413 940 2465 Mose
989 2410 1248 2478 scriptum
1279 2421 1383 2469 est,
1425 2428 1443 2458 ι
1479 2409 1714 2462 tenebrae
1757 2419 1911 2460 erant
1947 2409 1998 2460 in

419 2504 686 2572 principio
724 2518 884 2571 super
911 2501 1168 2571 abyssum
1201 2501 1266 2563 ³³,
1305 2519 1323 2550 ι
1354 2501 1456 2554 hoc
1484 2509 1592 2561 est,
1629 2503 1840 2553 umbra.
1867 2498 1996 2562 Sed,

423 2614 445 2647 ι
483 2593 631 2648 Dixit
677 2595 835 2658 Deus,
871 2592 1067 2662 inquit,
1101 2605 1153 2647 et
1185 2591 1325 2646 facta
1367 2603 1449 2645 est
1492 2590 1578 2644 lux
1606 2590 1651 2621 ⁸ο
1682 2607 1696 2644 :
1737 2609 1756 2639 ι
1801 2591 1878 2644 sic
1911 2591 1994 2644 ni-

417 2687 614 2740 mirum
650 2685 704 2739 in
737 2698 893 2738 mane
939 2683 1089 2752 (puta
1140 2685 1193 2736 in
1223 2681 1391 2752 diem)
1420 2684 1691 2746 umbram,
1726 2681 1776 2733 id
1801 2691 1886 2734 est
1917 2691 1998 2734 te-

422 2779 638 2841 nebras,
675 2789 998 2830 conversam
1033 2788 1172 2829 esse.
1213 2773 1318 2828 Sed
1357 2775 1496 2827 diem
1545 2772 1683 2824 facta
1722 2787 1828 2824 nox
1872 2785 1994 2823 rur-

414 2885 538 2924 sum
562 2868 791 2937 expulit,
825 2868 924 2921 hoc
953 2876 1054 2930 est,
1086 2865 1226 2918 diem
1262 2865 1314 2918 iu
1343 2874 1554 2918 noctem
1587 2864 1992 2917 tenebresccre.

411 2960 667 3014 Consulit
710 2961 870 3030 igitur
920 2959 1180 3028 propheta
1227 2957 1502 3024 deceptis,
1557 2973 1661 3009 non
1711 2955 1992 3008 materiam

421 3051 554 3105 nihil
587 3050 937 3117 sentientem,
979 3049 1071 3100 sed
1117 3061 1239 3100 eum
1281 3045 1377 3118 qui
1424 3055 1617 3100 natura
1679 3055 1735 3099 et
1773 3048 2064 3147 veritatec

421 3151 506 3197 est
541 3141 713 3206 Deus,
748 3140 1068 3205 ostendens;
1105 3154 1208 3192 non
1239 3139 1425 3207 quales
1455 3148 1580 3192 sunt
1624 3138 1774 3192 vituli
1817 3137 1994 3202 aurei,

428 3235 478 3286 id
516 3241 624 3298 est,
657 3231 924 3300 ejusmodi
958 3230 1147 3299 quales
1175 3231 1303 3284 deos
1328 3244 1418 3283 ars
1449 3229 1681 3283 humana
1718 3228 1923 3284 invenit
1945 3238 2001 3285 et

422 3324 796 3393 excogitavit:
841 3321 935 3376 sed
971 3331 1026 3375 et
1058 3333 1423 3390 supernorum
1467 3320 1754 3389 spirituum
1791 3335 1995 3389 regem,

397 3399 480 3470 et
524 3415 910 3485 legislatorem,
942 3423 997 3468 et
1029 3412 1307 3467 hominum
1341 3412 1394 3466 in
1433 3412 1595 3466 terris
1633 3411 1908 3476 similiter,
1942 3421 1998 3467 et

423 3508 793 3563 dominantem
817 3506 1121 3570 elementis,
1145 3514 1201 3559 et
1231 3503 1298 3557 ad
1324 3519 1480 3557 suum
1505 3503 1790 3558 arbitrium
1817 3519 1996 3558 rerum

419 3610 670 3652 naturain
715 3598 1093 3653 inclinantem.
1143 3594 1218 3648 Ea
1266 3595 1530 3664 siquidem
1584 3595 1651 3648 de
1700 3609 1883 3657 causa,
1941 3603 1996 3648 ct

413 3690 726 3758 jnstissime
774 3703 968 3743 nomen
1002 3687 1078 3742 illi
1113 3697 1293 3756 aptum
1329 3701 1448 3742 esse
1477 3685 1628 3754 dicit,
1675 3703 1693 3738 ι
1735 3686 1994 3742 Dominus

420 3779 566 3832 Deus
624 3778 980 3833 exercituum.
1034 3795 1053 3828 ι
1093 3777 1358 3844 Quoniam
1413 3787 1593 3830 autem
1651 3777 1764 3830 haec
1804 3788 1996 3830 natura

414 3879 472 3924 ct
493 3883 619 3922 vera
650 3879 795 3935 sunt,
841 3887 861 3920 ι
906 3869 1147 3924 Suscitat
1189 3869 1571 3924 contritionem
1604 3883 1768 3938 super
1809 3868 1994 3933 robur,

418 3971 476 4017 et
505 3962 714 4018 inducit
741 3963 1012 4017 miseriam
1035 3977 1197 4031 super
1221 3961 1669 4016 munimentum.»
1702 3961 1992 4030 Discerpit,

419 4055 614 4123 inquit,
643 4057 926 4123 superbos,
949 4063 1005 4108 et
1043 4052 1229 4123 iugum
1271 4053 1388 4120 ejus
1429 4053 1820 4123 repellentibus
1859 4070 1993 4108 con-

423 4143 668 4196 tritiones
687 4142 897 4210 inﬂigit.
915 4142 1071 4213 301
1087 4141 1394 4208 Quinetiam
1418 4144 1460 4197 si
1483 4143 1606 4210 quis
1630 4141 1767 4198 forte
1785 4158 1850 4198 ex
1874 4153 1991 4198 stu-

420 4249 551 4302 pore
591 4234 824 4301 quodam
863 4234 1059 4286 mentis
1087 4243 1235 4302 putet
1261 4248 1320 4286 se
1347 4233 1628 4288 robustum
1653 4248 1716 4288 ac
1740 4249 1990 4304 magnum

417 4336 561 4386 esse,
591 4321 734 4374 hunc
760 4320 980 4375 miseria
1010 4321 1266 4375 cumulat.
1304 4319 1415 4374 Hoc
1449 4321 1608 4375 modo
1632 4322 1824 4376 dextre
1859 4320 1989 4376 sub-

2103 1948 2164 2000 τὸ
2192 1947 2250 2015 ἐξ
2273 1948 2399 2010 ἀλὸς
2432 1947 2802 2019 ῦδωρ,ἀφάτῳ
2831 1947 3059 2018 δυνάμει
3086 1947 3222 2019 πρὸς
3249 1947 3312 2001 τὸ
3339 1946 3477 2017 ὑψοῦ
3507 1965 3569 2001 τε
3590 1949 3686 2000 καὶ

2102 2041 2218 2095 ἀνω
2256 2040 2442 2094 καλῶν
2457 2040 2651 2109 ,γλυκὺ
2681 2039 2976 2110 καθίστησι
3002 2042 3119 2104 τοῖς
3144 2039 3240 2092 ἐπὶ
3275 2040 3376 2110 τῆς
3409 2040 3536 2112 γῆς,
3573 2043 3688 2105 τοῖς

2101 2132 2195 2186 τοῦ
2227 2131 2555 2204 κρατοῦντος
2603 2131 2840 2202 ῥεύμασι
2879 2131 3231 2202 μεταχωροῦν
3279 2133 3360 2196 είς
3404 2131 3477 2186 τὰ
3534 2133 3686 2202 παρά

2103 2223 2284 2292 φύσιν.
2331 2222 2726 2292 Ἐκτρέπεσθαι
2751 2221 2809 2276 δέ
2837 2239 2970 2293 φησι
3009 2241 3028 2273 ι
3066 2224 3146 2285 είς
3174 2222 3235 2275 τὸ
3264 2220 3412 2291 πρωῒ
3442 2221 3619 2284 σκιὰν,
3659 2241 3678 2273 ι

2103 2316 2375 2378 τουτέστι,
2407 2314 2470 2368 τὸ
2493 2315 2686 2378 νύκτα,
2727 2316 2896 2387 ἡγουν
2922 2314 2982 2368 τὸ
3011 2315 3202 2378 σκότος
3230 2315 3567 2386 καταφοιτᾷν
3599 2315 3682 2376 είς

2102 2408 2334 2478 ἡμέραν.
2375 2407 2461 2470 Ὡς
2504 2409 2614 2477 γὰρ
2658 2407 2864 2478 Μωσῆς
2909 2407 3145 2476 γράφει,
3202 2426 3221 2456 ι
3258 2406 3456 2470 Σκότος
3504 2402 3572 2477 ἦν
3622 2407 3682 2460 ἐν

2100 2502 2240 2570 ἀρχῇ
2291 2499 2474 2552 ἐπάνω
2517 2499 2620 2570 τῆς
2647 2498 2908 2560 ἀϐύσσου,
2944 2517 2962 2548 ι
2994 2498 3266 2561 τουτέστι,
3314 2499 3464 2552 σκιά.
3508 2498 3675 2563 Ἀλλ’,

2106 2613 2124 2644 ι
2164 2588 2332 2646 Εἶπεν
2362 2593 2390 2644 ό
2416 2590 2568 2656 Θεὸς,
2601 2593 2756 2662 φησι,
2801 2592 2896 2645 καὶ
2925 2590 3144 2659 ἐγένετο
3172 2589 3309 2658 φῶς·
3346 2609 3365 2642 ›
3395 2590 3568 2655 οὕτως
3599 2593 3679 2655 εἰς

2101 2683 2163 2736 τὸ
2189 2682 2354 2753 πρωῒ,
2379 2683 2680 2746 τουτέστιν,
2713 2683 2794 2746 είς
2825 2682 3059 2753 ἡμέραν,
3096 2682 3538 2753 μετατετράφθαι
3580 2683 3679 2754 μὲν

2099 2772 2198 2844 τὴν
2243 2775 2422 2840 σκιὰν,
2456 2774 2728 2837 τουτέστι,
2765 2774 2825 2826 τὸ
2855 2775 3068 2838 σκότος.
3111 2774 3250 2827 Ἀλλ’
3277 2774 3493 2845 ἡμέρας
3521 2791 3681 2843 γεγε.

2100 2863 2341 2934 νημένης
2395 2863 2722 2916 ἐπελαύνετο
2749 2858 2906 2926 αὖθις
2944 2865 2977 2934 ἡ
3008 2862 3122 2929 νὺξ,
3156 2863 3403 2916 τουτέστι
3431 2862 3512 2928 τὸ,
3539 2863 3678 2932 ἡμέ-

2101 2972 2202 3026 ραν
2236 2957 2313 3017 ei;
2342 2954 2515 3008 νύκτα
2563 2952 2940 3017 συσκοτάζειν.
2981 2953 3196 3023 Ὠφελεῖ
3239 2953 3302 3024 δὴ
3343 2950 3436 3007 οὖν
3475 2955 3506 3007 6
3543 2969 3678 3032 προ-

2100 3048 2278 3120 φήτης
2306 3047 2434 3112 τοὺς
2466 3045 2922 3119 πεπλανημένους
2944 3087 2960 3111 ,
2996 3045 3098 3101 οὐκ
3145 3047 3354 3118 ἄψυχον
3385 3045 3542 3118 ὓλην,
3582 3045 3678 3100 τὸν

2099 3138 2260 3208 φύσει
2317 3138 2374 3192 δέ
2418 3139 2513 3192 καὶ
2551 3138 2724 3210 ἀληθῆ
2771 3139 2902 3192 δντα
2948 3139 3080 3192 Θεὸν
3136 3140 3516 3204 καταδεικνύςο
3550 3137 3674 3192 οὔτε

2101 3232 2208 3301 μὴν
2237 3231 2295 3284 ἐν
2329 3229 2428 3300 ἴσῳ
2453 3232 2573 3294 ταῖς
2606 3230 2874 3301 δαμάλεσι
2902 3234 3022 3294 ταῖς
3060 3233 3306 3301 χρυσαῖς,
3338 3231 3505 3301 ἤγουν
3530 3231 3676 3285 κατά

2098 3337 2222 3374 τινα
2253 3321 2382 3374 ὄντα
2430 3321 2540 3374 τῶν
2573 3323 2638 3375 ἐκ
2669 3322 2860 3394 τέχνης
2896 3321 3244 3395 ἀνθρωπίνης
3295 3321 3674 3394 ἐξευρημένων

2099 3411 2256 3474 θεῶν,
2305 3411 2442 3466 ἀλλά
2492 3414 2587 3466 καὶ
2619 3413 2727 3467 τῶν
2771 3414 2884 3468 ἄνω
2917 3414 3245 3484 πνευμάτων
3275 3414 3537 3484 βασιλέα,
3578 3416 3673 3468 καὶ

2095 3502 2394 3575 νομοθέτην
2449 3505 2543 3557 καὶ
2569 3505 2677 3557 τῶν
2711 3505 2804 3558 ἐπὶ
2835 3505 2937 3572 γῆς
2966 3505 3185 3575 ὁμοίως,
3222 3506 3316 3558 καὶ
3345 3505 3672 3571 δεσπόζοντα

2095 3593 2206 3646 τῶν
2238 3595 2536 3664 στοιχείων,
2589 3597 2683 3648 καὶ⁵
2716 3597 2852 3668 πρὸς
2887 3597 2949 3650 τὸ
2991 3597 3141 3667 αὐτῷ
3173 3597 3365 3658 δοκοῦν
3411 3597 3671 3667 μετακλί-

2095 3703 2257 3739 νοντα
2300 3687 2410 3739 τῶν
2445 3688 2615 3740 ὄντων
2655 3689 2752 3757 τὴν
2799 3688 2982 3758 φύσιν.
3036 3689 3223 3760 Ταύτῃ
3287 3689 3394 3760 γὰρ
3437 3689 3536 3761 δὴ,
3576 3692 3671 3744 καὶ

2101 3776 2250 3848 μάλα
2275 3777 2520 3844 δικαίως,
2542 3779 2919 3850 φησὶν,δνομα
2957 3781 3166 3852 πρέπον
3207 3780 3375 3851 αὐτῷ,
3409 3799 3429 3832 ι
3465 3780 3672 3853 Κύριος

2093 3869 2122 3920 6
2146 3867 2278 3932 Θεὸς
2306 3870 2333 3921 6
2363 3870 2776 3940 παντοκράτωρ.
2814 3889 2832 3922 ι
2875 3871 3090 3942 Ἐπειδὴ
3119 3872 3177 3924 δὲ
3218 3871 3393 3924 ταῦτά
3425 3872 3543 3924 ἐστι
3571 3871 3672 3938 φύ-

2095 3975 2180 4010 σει
2212 3976 2270 4010 τε
2308 3961 2402 4012 καὶ
2439 3959 2689 4030 ἀληθείᾳ,
2720 3964 2965 4031 «Διαιρεῖ
2994 3961 3334 4032 συντριμμὸν
3361 3961 3455 4015 ἐπὶ
3493 3963 3664 4031 ἰσχὺν,

2093 4050 2288 4118 ἐπάγει
2321 4051 2377 4103 δὲ
2423 4052 2519 4104 καὶ
2557 4051 2935 4123 ταλαιπωρίαν
2980 4055 3067 4105 ἐπ’
3109 4054 3391 4124 ὀχύρωμα.
3427 4071 3447 4105 ι
3487 4055 3671 4106 Κατα-

2091 4140 2398 4212 δράττεται,
2450 4143 2585 4211 φησι
2611 4181 2627 4206 ,
2677 4142 2789 4194 τῶν
2837 4143 3220 4215 ὑπερηφάνων,
3254 4145 3494 4208 καὶτοῖς
3535 4145 3671 4198 ἀπο-

2095 4233 2392 4302 σειομένοις
2419 4231 2510 4285 τὸν
2543 4233 2632 4286 ἐπ’
2665 4233 2846 4288 αὐτῶν
2891 4235 3057 4305 ζυγὸν
3104 4235 3418 4305 ἐπιμερίζει
3453 4251 3670 4306 συντρι-

2093 4318 2216 4380 6άς.
2236 4319 2400 4374 Ἀλλά
2430 4321 2531 4376 κάν
2569 4338 2652 4384 τις
2685 4323 2857 4375 οἴεται
2881 4322 3042 4392 τυχὸν
3064 4321 3124 4387 ἐξ
3149 4322 3490 4391 ἀποπληξίας
3517 4323 3668 4392 ίσχυ-

415 4412 656 4468 ostendit
712 4414 856 4482 quod
905 4413 950 4464 si
997 4411 1266 4466 voluerint
1311 4412 1593 4482 pigritari,
1645 4423 1702 4468 et
1751 4415 1806 4468 in
1847 4413 1990 4466 vitiis

2101 4408 2196 4480 ρὸς
2226 4405 2368 4463 εἶναι
2416 4411 2512 4464 καὶ⁹
2541 4411 2737 4482 μέγας,
2755 4413 2850 4466 καὶ
2867 4412 3044 4481 τούτῳ
3063 4411 3437 4482 ταλαιπωρίαν
3449 4411 3667 4480 ἐπάγει.

419 4505 652 4575 apathiae
689 4502 970 4572 cujusdam
1013 4503 1333 4571 persistere,
1389 4512 1445 4556 ut
1505 4503 1638 4558 nihil
1686 4504 1844 4572 plane
1882 4502 1988 4558 ulla

419 4596 718 4651 monitione
747 4606 1213 4657 commoveantur,
1249 4595 1356 4649 imo
1387 4609 1515 4649 vero
1547 4596 1712 4650 etiam
1741 4597 1844 4651 sibi
1871 4597 1988 4667 pla-

416 4702 560 4754 cere,
620 4687 672 4740 in
725 4695 1026 4739 extremam
1067 4699 1363 4738 aerumnam
1408 4687 1759 4756 delapsuros,
1827 4704 1988 4742 manu

416 4780 658 4837 omnium
686 4777 925 4850 potentis
953 4779 1080 4832 tacti
1111 4777 1383 4844 videlicet,
1417 4795 1480 4833 ac
1509 4781 1576 4834 de
1605 4795 1803 4834 cat-tero
1843 4781 1989 4849 juste

416 4871 754 4928 comminuti.
793 4889 811 4922 ι
852 4871 1110 4924 Dominus
1135 4870 1278 4923 enim
1329 4872 1578 4940 superbis
1621 4873 1826 4927 resistit
1855 4872 1921 4938 δι,
1963 4891 1982 4924 ι

417 4964 616 5033 inquit,
654 4973 707 5017 et
755 4973 1122 5030 arrogantem,
1159 4970 1214 5016 et
1246 4961 1666 5026 inobedientem',
1712 4971 1765 5016 et
1792 4974 1987 5017 contu-

417 5070 625 5110 macem
685 5054 856 5109 hostis
900 5053 1017 5109 loco
1045 5054 1268 5119 ,ducit:
1321 5073 1338 5104 ι
1377 5054 1616 5123 Respicit
1671 5065 1850 5110 autem
1901 5070 1991 5111 su'

417 5163 513 5219 per
555 5145 810 5200 humilem
834 5186 847 5209 ,
875 5155 930 5199 et
971 5146 1236 5216 quietum,
1266 5155 1322 5200 et
1353 5155 1668 5200 trementem
1713 5162 1991 5204 sermones

418 5239 614 5309 ejus“.
647 5255 664 5288 ι
694 5236 760 5290 Ει
786 5237 984 5291 homnn
1017 5237 1180 5301 istud,
1207 5245 1263 5290 et
1285 5250 1414 5290 vere
1443 5236 1742 5293 imitatione
1769 5238 1987 5309 dignum

415 5333 556 5402 apud
577 5340 673 5386 eos
702 5331 794 5400 qui
823 5330 1085 5401 optimum
1113 5329 1326 5385 vivendi
1358 5331 1693 5386 curriculum
1723 5331 1825 5384 sibi
1867 5345 1990 5397 pro-

415 5433 728 5494 posuerunt.

488 5515 650 5570 VEBS.
693 5516 776 5570 i0.
819 5513 956 5570 Odia
995 5516 1287 5569 habuerunt
1319 5516 1374 5568 in
1407 5516 1569 5584 portis
1595 5513 1981 5581 corripientem,

413 5616 464 5662 σι
514 5623 801 5661 sermonem
828 5619 1063 5661 sanctum
1092 5608 1377 5661 abominati
1405 5617 1544 5660 sunt.

489 5722 532 5755 ⁸⁸
555 5720 692 5779 Gen.
724 5737 809 5790 ιιι,
838 5722 925 5780 19.
999 5724 1042 5756 ³³
1067 5723 1202 5777 Gen.
1238 5739 1275 5788 ι,
1307 5724 1360 5777 ‘2.
1441 5722 1486 5753 ⁸ο
1513 5721 1669 5788 lbid.,
1703 5723 1754 5776 5.

2096 4502 2267 4556 Τοῦτο
2307 4503 2366 4556 δὲ
2405 4498 2474 4574 ἦν
2521 4503 2952 4574 ύπεμφαίνοντος
2991 4503 3227 4572 εὐφυῶς,
3257 4504 3332 4568 ὼς
3383 4505 3432 4556 εί
3468 4503 3671 4557 ἕλοιντο

2095 4591 2381 4665 ῥᾳθυμεῖν,
2401 4595 2496 4648 καὶ
2514 4597 2628 4658 τοῖς
2642 4595 2743 4664 τῆς
2761 4595 3030 4660 ἀπαθείας
3053 4595 3365 4666 ἐγκλήμασι
3390 4595 3668 4666 διαμένειν

2093 4686 2196 4752 ἔτι,
2243 4688 2339 4740 καὶ
2388 4685 2532 4758 μέγα
2568 4691 2786 4759 φρονεῖν
2842 4688 2934 4741 ἐπί
2978 4703 3042 4756 γε
3089 4687 3272 4756 σφίσιν
3317 4686 3534 4749 αὐτοῖς,
3588 4687 3670 4750 εἰς

2093 4778 2330 4850 ἐσχάτην
2388 4778 2683 4834 πεσοῦνται
2751 4778 3152 4849 ταλαιπωρίαν,
3201 4781 3269 4848 τῇ
3299 4778 3394 4831 τοῦ
3452 4777 3671 4832 πάντων

2096 4872 2430 4944 κρατοῦντος
2493 4875 2639 4944 χειρὶ
2705 4874 2889 4927 λοιπὸν
2948 4873 3111 4936 όσίως
3188 4872 3667 4944 περιθραυόμενοι.

2103 4983 2121 5017 ι
2159 4965 2363 5036 Κύριος
2391 4965 2522 5038 γὰρ,
2571 4967 2737 5036 φησὶν
2757 5004 2772 5030 ,
2798 4967 3172 5037 ὑπερηφάνοις
3203 4965 3604 5031 ἀντιτάσσεται,
3643 4984 3662 5016 ι

2097 5058 2192 5111 καὶ
2221 5057 2480 5128 πολέμιον
2519 5059 2732 5128 ἡγεῖται
2765 5059 2858 5111 τὸν
2891 5057 3148 5124 ἀλαζόνα,
3189 5059 3284 5110 καὶ
3322 5057 3545 5128 ἀπειθῆ,
3575 5057 3671 5111 καὶ

2094 5149 2446 5217 δυσάγωγον·
2488 5167 2506 5199 ι
2531 5148 2845 5202 Ἐπισλέπει
2881 5166 2943 5217 γε
2975 5149 3082 5220 μὴν
3121 5149 3212 5202 ἐπὶ
3257 5149 3348 5202 τὸν
3390 5147 3665 5212 ταπεινὸν,

2096 5241 2190 5294 καὶ
2213 5238 2455 5310 ἡσύχιον,
2489 5238 2585 5292 καὶ
2614 5239 2886 5309 τρέμοντα
2917 5239 3042 5301 τοὺς
3077 5237 3270 5306 λόγους
3298 5236 3484 5291 αὐτοῦ.
3512 5255 3530 5288 ι
3557 5236 3700 5290 Καὶ·

2095 5329 2297 5396 ἀγαθὸν
2328 5328 2389 5380 τὸ
2425 5328 2632 5398 χρῆμα,
2661 5329 2756 5382 καὶ
2793 5328 3152 5401 ἀξιοζήλωτον
3180 5327 3397 5399 ἀληθῶς
3429 5327 3578 5398 παρά
3601 5343 3668 5394 γε

2091 5423 2205 5484 τοῖς
2241 5421 2438 5490 ἀριστα
2462 5420 2652 5491 διαζῇν
2682 5421 2981 5489 ἑλομένοις.

2174 5514 2513 5582 Ἐμίσησάν
2563 5513 2633 5566 ἐν
2678 5514 2900 5580 πύλαις
2937 5513 3298 5583 ἐλέγχοντα,
3347 5513 3447 5569 καὶ
3482 5511 3670 5584 λόγον

2092 5606 2264 5660 ὅσιον
2298 5606 2720 5670 ἑϐδελύξαντο.

1834 5722 1873 5752 ⁸¹
1912 5721 2069 5775 l’rov.
2109 5737 2184 5786 ιιι,
2224 5721 2326 5788 3-1;
2369 5720 2483 5776 Jac.
2523 5739 2596 5789 tv,
2631 5722 2682 5776 6.
2762 5722 2804 5753 δ’
2832 5720 2942 5783 lsa.
2978 5735 3121 5788 LXVI,
3157 5719 3215 5775 2.
