4132 6370
488 390 597 446 497

1445 390 2006 503 COMMENTARIUS
2045 396 2113 450 IN
2152 398 2342 455 AMOS
2376 400 2820 460 PROPIIETAM.

3653 412 3760 471 498

551 504 682 557 ΜΖ’.
732 502 1040 573 ’Δντέχεται
1079 516 1240 559 παΛιν
1276 508 1375 576 τῆς
1414 505 1565 578 αὐτῷ
1597 502 1913 581 πρεπούσης
1943 511 2071 562 ἀκο-

2247 514 2450 570 ΧΙΝΙΙ.
2487 517 2718 573 Rursum
2744 532 2906 587 quam
2944 532 3042 588 par
3068 527 3151 573 est
3183 521 3617 577 consecutionem
3645 540 3763 579 ser-

484 594 703 659 λουθίας
735 596 763 648 ὁ
790 595 970 663 λόγος.
1006 594 1226 668 Ἐπειδὴ
1264 599 1373 670 γὰρ
1402 600 1431 651 ὁ
1461 599 1747 664 θεσπέσιος
1780 602 2070 673 προφήτης

486 686 906 757 παντοκράτορά
926 704 985 739 τε
1011 687 1105 741 καὶ
1134 688 1384 760 παναλκῆ
1414 691 1773 762 κατωνόμαζε
1794 692 1885 745 τὸν
1912 693 2067 755 Θεὸν,

486 777 784 847 προσετίθη
817 778 875 830 δὲ
898 780 981 831 ὃτι
1018 780 1220 850 διαιρεῖ
1262 782 1599 852 συντριμμὺν
1641 784 1735 837 ἐπί¹
1772 784 1946 855 ἰσχὺν,
1980 786 2075 839 καὶΙ

484 867 863 938 ταλαιπωρίαν
892 869 986 921 ἐπὶ
1013 869 1277 941 ὀχύρωμα
1307 873 1528 939 ἐπάγει·-
1556 871 1810 945 ταύτῃτοι
1842 874 1937 927 καὶ
1979 873 2073 928 νῦν

483 960 818 1026 ἀναγκαίως,
858 960 943 1013 ἵνα
977 961 1051 1031 μή
1085 978 1169 1023 τις
1200 961 1377 1032 οἴηται
1416 962 1687 1036 περιττῶς
1713 965 1941 1033 ἐπάγειν
1980 965 2074 1018 αὺ-

388 1108 391 1109 ,
482 1049 575 1102 τὸν
608 1051 719 1112 τοῖς
762 1049 919 1118 ὀλίγα
948 1051 1200 1104 πταίουσι
1227 1051 1327 1115 τὰς
1354 1052 1546 1124 ὀργὰς,
1576 1054 1973 1128 ἀπαριθμείται
2003 1055 2077 1109 τὰ

484 1140 837 1211 ἐγκλήματα,
884 1141 977 1195 καὶ⁹
1027 1144 1107 1206 είς
1166 1143 1328 1213 μέσον
1361 1146 1483 1213 ἄγει
1523 1147 1622 1209 τὰς
1659 1147 1872 1213 αἰτίας,
1912 1147 1980 1200 δι’
2007 1147 2075 1213 ἃς

487 1234 871 1305 συντρίμματα
915 1235 1013 1288 καὶ
1043 1235 1414 1308 ταλαιπωρίαν
1438 1236 1748 1309 ἐπιμερίζει
1779 1240 1941 1293 τισίν.
1968 1242 2072 1293 Με-

489 1326 753 1396 μισήκασι
787 1326 916 1399 γὰρ,
959 1329 1119 1398 φησὶ,
1151 1330 1277 1392 τοὺς
1308 1330 1704 1401 σωφρονιστὰς,
1740 1332 1872 1403 παρ’
1920 1332 2074 1385 οὐδὲν

485 1417 808 1488 πεποίηνται
849 1419 977 1481 τοὺς
1017 1418 1371 1489 ἐλέγχοντας,
1418 1421 1515 1473 καὶ
1564 1422 1691 1484 τοὺς
1738 1420 2074 1490 ἐπανορθοῦν

485 1511 747 1573 εἰωθότας
791 1511 872 1574 είς
916 1510 978 1564 τὸ
1026 1512 1253 1567 ἁνδάνον
1299 1511 1450 1583 Θεῷ,
1498 1511 1752 1585 βδελυρὸν
1801 1514 2074 1584 ἡγήσαντο

485 1604 663 1655 πάντα
691 1603 848 1672 λόγον
874 1604 1041 1667 ὅσιον,
1065 1603 1156 1656 τὸν
1182 1603 1450 1658 καλοῦντα
1480 1604 1723 1675 δηλονότι
1775 1606 1869 1659 καὶ
1897 1622 2075 1677 παρα-

485 1693 720 1765 θήγοντα
761 1694 897 1768 πρὸς
936 1694 1190 1766 ὁσιότητα
1254 1695 1349 1750 καὶ
1397 1696 1689 1766 ἁγιασμόν.
1733 1696 1805 1748 Τὸ
1836 1695 1893 1748 δὲ
1927 1714 1947 1747 ι
1985 1696 2073 1750 Ἐν

487 1784 683 1849 πύλαις
714 1806 735 1837 ι
769 1787 1013 1851 νοήσεις,
1053 1787 1335 1858 ἐναργῶς,
1381 1788 1475 1840 καὶ
1510 1787 1833 1857 ἀναφανδὸν,
1875 1788 1969 1842 καὶ
2015 1791 2073 1842 ἐν

2180 621 2268 660 mo
2305 615 2477 664 tenet.
2515 607 2804 678 Postquam
2844 608 2971 663 olim
3025 609 3239 665 divinus
3284 612 3543 680 propheta
3596 614 3762 669 Deum

2177 698 2601 767 omnipotentem
2635 710 2693 755 et
2724 700 3156 757 robustissimum
3188 704 3761 776 vocavit,addiditque,

2180 790 2332 844 illum
2375 792 2618 849 dividere
2664 794 3045 848 contritionem
3077 810 3239 864 super
3291 796 3479 865 robur,
3514 809 3569 852 et
3600 797 3766 854 mise-

2178 883 2315 937 riam
2343 899 2508 951 super
2541 886 2705 939 robur
2740 886 3036 952 inducere;
3072 888 3190 942 ideo
3220 898 3276 943 et
3332 904 3495 955 nunc,
3522 906 3589 949 ne
3643 891 3767 960 quis

2179 973 2355 1041 ipsum
2389 990 2557 1043 pauca
2594 976 3032 1047 delinquentibus
3063 994 3220 1047 atquo
3257 980 3478 1049 gravius
3526 981 3763 1036 minitari

2178 1075 2350 1132 putet,
2379 1067 2584 1120 scelera
2621 1077 2886 1132 recenset,
2923 1083 3224 1139 causasque
3253 1071 3306 1124 in
3338 1072 3574 1127 medium
3611 1072 3765 1129 aﬂert

2181 1166 2403 1226 propter
2448 1172 2584 1227 quas
2625 1159 2983 1215 contritiones
3006 1171 3063 1215 et
3106 1162 3378 1217 miseriam
3436 1165 3763 1233 quibusdam

2179 1250 2453 1304 immittat.
2483 1248 2728 1305 Oderunt
2760 1253 2925 1313 enim,
2961 1254 3157 1321 inquit,
3187 1259 3562 1313 emendatores
3589 1274 3602 1310 :
3634 1274 3766 1314 con-

2178 1350 2511 1408 tempserunt
2596 1343 2977 1412 corripientes,
3033 1356 3088 1400 et
3149 1347 3214 1399 ad
3274 1348 3384 1403 Deo
3446 1348 3765 1417 placendum

2177 1431 2409 1501 dirigere
2447 1434 2634 1489 solitos
2668 1451 2681 1488 :
2720 1449 2937 1490 omnem
2977 1451 3284 1492 sermonem
3319 1449 3568 1493 sanctum
3605 1456 3765 1504 exse-

2176 1528 2312 1578 crati
2344 1535 2467 1580 suut
2498 1527 2822 1591 hortantem,
2851 1537 2908 1584 et
2937 1530 3249 1584 incitantem
3282 1532 3346 1586 ad
3378 1549 3593 1587 omnem
3643 1549 3766 1601 per-

2178 1616 2461 1674 {cntionem
2480 1631 2533 1675 et
2558 1621 2993 1689 sanctimoniam,
3013 1623 3240 1679 scilicet.
3266 1642 3284 1675 ι
3315 1625 3371 1678 In
3401 1626 3594 1694 portis,
3626 1646 3644 1679 ι
3680 1627 3765 1679 iu-

2179 1708 2355 1781 tellige
2400 1722 2605 1780 aperte,
2662 1712 2837 1782 palam
2860 1723 2916 1767 et
2952 1715 3137 1770 libere.
3176 1715 3402 1772 Videtur
3461 1729 3641 1772 autem
3684 1719 3766 1771 in-

2176 1801 2415 1855 solentiae
2486 1813 2542 1857 et
2618 1804 2915 1860 aversionis
2976 1820 3164 1861 eorum
3222 1808 3279 1863 in
3359 1808 3649 1877 prophetas
3713 1817 3768 1863 et

487 1874 789 1946 παρρησίᾳ.
822 1876 1008 1929 Ἔοικε
1055 1875 1135 1940 δὲ,
1172 1876 1275 1946 τῆς
1310 1879 1391 1939 είς
1440 1878 1725 1948 προφήτας
1774 1877 1869 1930 καὶ
1916 1876 2079 1947 νόμον

2190 1888 2351 1957 legem
2400 1906 2543 1945 nunc
2580 1892 2911 1947 meminisse.
2948 1874 3435 1963 Reprehendebant
3458 1874 3606 1950 enim
3638 1911 3765 1966 pro-

488 1966 746 2030 ἁπονοίας
780 1967 959 2021 αὐτῶν
1012 1969 1104 2020 καὶ
1132 1970 1482 2038 ἀποστροφῆς
1506 1967 1907 2038 διαμεμνῆσθαι
1932 1968 2068 2021 νυνί.

491 2055 763 2126 Ἥλεγχον
798 2057 896 2125 μὲν
929 2056 1037 2128 γάρ
1076 2058 1128 2110 οἱ
1178 2059 1478 2128 προφῆται,
1537 2057 1850 2128 προσιόντες
1900 2057 2073 2128 ἀκρύ-

490 2165 639 2210 πτως
659 2166 671 2178 ·
704 2150 850 2212 ὅσιος
880 2149 937 2202 δὲ
971 2149 1129 2217 λόγος
1154 2152 1182 2202 ὀ
1214 2150 1376 2220 νόμος
1404 2145 1493 2221 ἦν,
1539 2152 1620 2204 ὅτι
1656 2150 1751 2203 καὶ
1791 2150 1946 2215 Θεοῦ,
1983 2150 2079 2204 καὶ

489 2241 835 2312 δικαιοσύνης
862 2242 1144 2315 πρύτανις,
1170 2243 1266 2296 καὶ
1292 2244 1640 2312 παιδαγωγὸς
1664 2246 1743 2307 εἰς
1773 2243 2077 2308 εὐσέϐειαν,

493 2332 587 2383 καὶ
634 2331 727 2385 τοῦ
780 2332 937 2400 φύσει
969 2350 1028 2386 τε
1076 2335 1171 2389 καὶ
1215 2332 1432 2403 ἀληθῶς
1475 2333 1611 2387 Θεοῦ
1656 2334 1949 2398 δεικτικός.
1981 2335 2081 2389 Διὰ

490 2423 649 2476 τοῦτο
694 2424 789 2476 καὶ
836 2423 1046 2489 Παῦλος
1091 2425 1275 2492 ἁγίαν,
1320 2424 1417 2477 καὶ
1450 2425 1688 2487 δικαίαν,
1738 2425 1834 2478 καὶ
1871 2425 2082 2495 ἀγαθὴν

491 2513 589 2583 τὴν
611 2512 702 2567 διὰ
733 2515 976 2579 Μωσέως
1000 2516 1222 2587 εἴρηκεν
1253 2516 1494 2585 ἐντολήν.
1521 2516 1732 2569 Οὐκοῦν
1755 2517 2080 2587 νοσημάτων

491 2606 789 2676 αἴσχιστον,
821 2608 914 2661 καὶ
946 2607 1053 2661 τῶν
1076 2610 1134 2661 ἐν
1158 2607 1356 2678 ψυχαῖς
1381 2607 1569 2661 παθῶν
1600 2608 1727 2679 ῥίζα
1756 2625 1840 2672 τις
1864 2609 2082 2680 [ὥσπερ

494 2696 588 2751 καὶ
620 2697 859 2765 γένεσις,
889 2698 949 2752 τὸ
968 2700 1322 2754 ἀποσείεσθαι
1364 2700 1706 2772 συμϐουλὰς,
1755 2702 1852 2755 καὶ
1903 2704 2083 2771 μισεῖν

493 2786 770 2858 ἐλέγχους,
808 2789 905 2843 καὶ
959 2788 1139 2843 δοκεῖν
1170 2789 1263 2843 τὸν
1306 2789 1450 2843 θεῖον
1484 2790 1622 2862 μηδέ
1665 2790 1865 2845 εἰδέναι
1898 2791 2083 2862 νόμον.

514 2878 573 2931 't)
606 2879 715 2951 γάρ
743 2897 824 2933 τοι
854 2880 993 2951 πρὸς
1024 2880 1181 2935 τοῦτο
1222 2881 1555 2954 φαυλότητος
1599 2881 1963 2954 καθιγμένος,
1995 2884 2088 2954 νηῒ

496 2983 601 3021 που
629 2971 848 3033 πάντως
881 2970 1037 3025 ἔσται
1064 2973 1424 3045 προσεοικὼς,
1454 2973 1729 3044 πηδαλίων
1756 2975 1962 3048 ἐρήμῃ,
1993 2976 2088 3030 καὶ

493 3061 593 3113 οὐκ
626 3061 825 3135 ἐχούσῃ
853 3064 945 3116 τὸν
977 3064 1340 3136 ἐφεστηκότα,
1364 3068 1400 3135 ἢ
1424 3068 1590 3119 παντὶ
1627 3066 1897 3137 πνεύματι
1934 3084 2089 3139 περι-

495 3152 747 3223 φέρεται,
776 3154 870 3207 καὶ
908 3154 1047 3226 πρὸς
1082 3154 1144 3207 τὸ
1179 3155 1353 3208 ὠθοῦν
1398 3156 1586 3220 ἁπλῶς
1631 3157 1728 3210 καὶ
1785 3158 2087 3227 ἀπερισκέ-

2184 1981 2378 2049 phetae,
2413 1984 2731 2038 accedentes
2774 1985 2991 2054 palatii:
3032 1986 3117 2040 lex
3168 1996 3347 2040 autem
3396 2003 3580 2041 sermo
3640 2002 3769 2041 san-

2183 2082 2306 2127 ctus
2330 2082 2467 2140 erat,
2500 2076 2754 2143 quoniam
2788 2085 2843 2129 et
2885 2074 3001 2139 Dei,
3031 2086 3086 2131 et
3125 2076 3374 2147 justitiae,
3409 2078 3768 2147 dispensator,

2185 2172 2237 2218 et
2266 2166 2589 2235 paedagogus
2611 2170 2679 2221 ad
2708 2167 2970 2237 justitiam
2999 2167 3063 2233 ",
3092 2172 3293 2237 quique
3343 2180 3535 2223 natura
3567 2184 3630 2224 ac
3679 2186 3772 2224 ve-

2187 2269 2246 2308 re
2282 2256 2448 2310 Deum
2477 2259 2802 2312 ostenderet.
2834 2258 3012 2324 Quare
3041 2270 3097 2313 et
3152 2258 3356 2315 Paulus
3394 2270 3662 2324 sanctam,
3714 2272 3770 2315 et

2182 2348 2407 2418 justam,
2482 2357 2538 2403 et
2585 2348 2780 2403 bonam
2822 2365 2943 2404 esse
2988 2350 3159 2421 legem
3216 2365 3311 2419 per
3362 2351 3552 2406 Mosen
3606 2352 3769 2406 latam

2190 2439 2419 2495 alIirmat
2444 2440 2510 2494 “.
2547 2441 2732 2511 Itaque
2775 2444 3086 2496 morborum
3156 2442 3601 2511 foedissimorum,
3642 2442 3772 2499 aﬂ‘e—

2190 2533 2540 2603 ctionumque
2604 2534 2657 2588 in
2698 2535 2876 2588 anima
2937 2535 3254 2591 vitiosarum
3312 2536 3459 2591 velut.
3488 2537 3661 2604 radix,
3716 2546 3772 2592 et

2189 2625 2466 2694 generatio
2495 2635 2596 2687 est,
2637 2626 2893 2694 repellere
2929 2627 3339 2691 admonitiones,
3376 2636 3431 2682 et
3462 2628 3643 2683 odisse
3674 2629 3772 2682 ob-

2186 2714 2541 2786 jurgationes,
2580 2718 2855 2786 viderique
2878 2716 3117 2770 divinam
3145 2718 3312 2786 legem
3351 2734 3418 2774 ne
3458 2733 3613 2774 nosse
3645 2720 3770 2787 qui-

2192 2802 2334 2856 dem.
2366 2800 2468 2869 Qui
2499 2816 2731 2871 namque
2756 2803 2821 2853 ad
2859 2801 2960 2854 hoc
2988 2802 3346 2869 improbitatis
3386 2803 3621 2868 devenit,
3657 2802 3773 2873 plac-

2192 2906 2263 2947 ne
2289 2894 2409 2946 navi
2430 2893 2623 2947 similis
2654 2902 2759 2956 est,
2782 2892 3167 2961 gubernaculo,
3190 2903 3245 2947 et
3270 2896 3523 2949 nauclero
3543 2895 3768 2961 carenti,

2192 2996 2313 3052 quas
2339 2984 2486 3039 omni
2516 2991 2684 3038 vento
2725 2982 3123 3049 circumfertur,
3160 2992 3213 3037 et
3243 2995 3403 3053 prout
3454 2985 3779 3052 impellitur,

2191 3075 2508 3145 simpliciter
2550 3082 2603 3129 et.
2627 3074 2847 3130 fortuito
2885 3078 2987 3129 huc
3010 3078 3133 3130 illnc
3163 3078 3393 3141 accedit,
3419 3077 3582 3147 302
3615 3078 3770 3146 quasi

2191 3166 2365 3231 ebria,
2390 3176 2446 3221 et
2469 3166 2723 3220 ﬂuctuum
2752 3168 3003 3237 deinceps
3031 3170 3226 3238 impetu
3260 3170 3364 3223 huc
3394 3169 3517 3223 illuc
3548 3170 3769 3236 iactata.

496 3260 647 3307 πτως
680 3243 837 3308 ἵεται,
887 3246 1172 3316 μονονουχὶ
1201 3246 1299 3299 καὶ
1346 3247 1657 3318 μεθύουσα,
1694 3248 1789 3302 καὶ
1826 3248 2086 3319 κυμάτων

2198 3260 2395 3315 Verum
2424 3261 2640 3328 sapiens
2677 3262 2843 3317 David
2871 3264 3072 3330 justum
3110 3264 3258 3317 illum
3309 3267 3526 3317 beatum
3568 3263 3770 3332 praedi-

496 3336 823 3407 ἀθροίσματι
855 3339 1132 3409 φερομένη
1166 3339 1377 3394 λοιπόν.
1415 3340 1555 3393 Ἀλλ’
1579 3342 1607 3394 ὅ
1632 3357 1695 3408 γε
1727 3341 1889 3409 σοφὸς
1921 3340 2088 3394 Δαόἱδ

496 3432 628 3500 ἡμῖν
658 3430 953 3500 μακαρίζει
976 3431 1065 3485 τὸν
1083 3431 1288 3486 δίκαιον
1308 3435 1533 3497 ἐκεῖνον,
1557 3432 1728 3501 λέγων
1747 3449 1760 3461 ·
1789 3452 1808 3484 ι
1843 3433 1902 3485 '0
1925 3432 2088 3502 νόμος

494 3520 590 3574 τοῦ
624 3522 759 3576 Θεοῦ
792 3521 957 3577 αὐτοῦ
1005 3525 1063 3577 ἐν
1096 3524 1294 3595 καρδίᾳ
1320 3524 1505 3586 αὑτοῦ,
1544 3526 1640 3578 πιια)⁸
1671 3524 1770 3594 οὐχ
1800 3524 2088 3577 ὑποσκελι-

499 3614 757 3686 σθήσεται
782 3614 853 3668 τὰ
876 3614 1185 3685 διαδήματα
1205 3614 1393 3668 αὐτοῦ.
1408 3633 1428 3666 ι
1467 3614 1723 3685 Ἀπορθοῖ
1744 3614 1853 3685 γὰρ
1873 3617 1902 3667 ὁ
1924 3615 2090 3683 νόμος

498 3711 578 3772 είς
607 3708 668 3761 τὸ
694 3708 929 3777 ἀρέσκον

570 3799 673 3854 Διὰ
699 3799 875 3853 τοῦτο
905 3799 1036 3853 ἀνθ’
1059 3792 1147 3851 ὧν
1171 3798 1667 3858 κατεκονδύλιζον
1692 3798 1957 3867 πτωχὸν,
1984 3800 2087 3855 καὶ

499 3891 659 3959 δῶρα
690 3891 948 3946 ἑκλεκτὰ
984 3890 1273 3955 ἐδέξασθε
1305 3891 1442 3958 παρ’
1487 3891 1696 3946 αὐτοῦ.
1737 3890 1957 3957 ϐίκους
1992 3890 2091 3955 ξε-

501 3983 690 4048 στοὺς
725 3980 1172 4051 ᾠκοδομήσατε,
1208 3982 1308 4036 καὶ
1353 3984 1427 4036 οὺ
1465 3981 1551 4051 μὴ
1582 3983 1984 4052 κατοικήσητε
2024 3984 2095 4038 ἐν

501 4076 731 4142 αὐτοῖς.
758 4074 1137 4145 Ἆμπελῶνας
1158 4075 1561 4144 ἑπιθυμητοὺς
1578 4076 1967 4145 ἐφυτεύσατε,
1995 4076 2095 4132 καὶ

502 4171 576 4223 οὐ
609 4168 695 4237 μὴ
727 4169 907 4232 πίητε
936 4168 1045 4221 τὸν
1071 4165 1241 4222 οἶνον
1269 4168 1490 4221 αὐτῶν.

574 4261 714 4316 MH'.
762 4259 1015 4329 Ἀληθὲς,
1040 4261 1119 4314 ὅτι
1167 4260 1344 4329 πάντη
1386 4277 1446 4312 τε
1476 4261 1571 4314 καὶ⁸
1601 4260 1821 4325 πάντως
1847 4260 1909 4313 τὺ
1945 4262 2091 4314 ἀπο-

506 4352 728 4421 σχέσθαι
768 4353 877 4405 τῶν
910 4352 1153 4421 ἀγαθῶν,
1206 4351 1307 4422 τὴν
1341 4352 1439 4421 τῆς
1473 4352 1806 4423 φαυλότητος
1839 4351 1952 4421 ἔχει
1999 4351 2093 4421 γέ-

503 4461 669 4504 νεσιν,
705 4448 800 4497 καὶ
832 4447 865 4515 ἠ
904 4444 999 4497 τοῦ
1034 4444 1274 4516 χρηστοῦ
1312 4462 1371 4498 τε
1399 4446 1492 4497 καὶ
1529 4444 1758 4513 ὠφελεῖν
1792 4445 2097 4513 πεφυκότος

503 4538 843 4607 ἀποστροφὴ,
870 4541 983 4601 τοῖς
1008 4539 1106 4608 οὐχ
1133 4532 1235 4592 ὧδε
1260 4537 1443 4608 ἔχουσι
1473 4538 1819 4607 περιπταίειν
1846 4539 1993 4609 ἡμᾶς
2021 4537 2097 4601 ὡς

506 4630 566 4694 ἐξ
599 4599 845 4699 ἀνάγκηΙς
881 4599 1044 4683 ποιεῖ.
1074 4599 1424 4699 τΟνπεργὰρ
1450 4599 1651 4699 τρόπον
1685 4599 2173 4724 φωτὸςάπεληξΡ

506 4722 761 4789 λαμένου.
806 4721 927 4775 κατ’
961 4721 1104 4791 ἴχνος
1132 4721 1293 4785 εὐθὺς
1355 4724 1448 4775 καὶ
1506 4723 1647 4777 κατά
1679 4723 1843 4784 πόδας
1882 4721 1998 4773 ἐστὶ
2040 4719 2101 4772 τὸ

510 4814 726 4876 σκότος·
777 4814 950 4876 οὕτως
996 4814 1197 4884 ἀρετῆς
1245 4814 1604 4883 ἁποφοίτησις
1657 4812 1934 4883 ἑπομένην
1984 4811 2097 4880 ἔχει

507 4906 607 4974 τὴν
636 4907 734 4973 τῆς
776 4904 1111 4975 φαυλότητος
1157 4904 1470 4975 εἰσδρομὴν.
1514 4904 1756 4967 Οὐκοῦν,
1799 4902 2099 4971 ἐπειδήπερ

514 4998 853 5067 μεμισήκασι
893 4997 992 5067 μὲν
1035 4998 1092 5049 ἐν
1146 4997 1344 5061 πύλαις
1389 4996 1718 5066 ἐλέγχοντα,
1772 4993 2095 5048 κατεϐδελύ-

512 5084 670 5147 ξαντο
704 5085 763 5138 δὲ
807 5087 901 5139 καὶ
946 5085 1103 5154 λόγον
1142 5086 1308 5149 ὅσιον,
1340 5088 1419 5148 είς
1464 5085 1715 5154 πολυειδῆ
1766 5082 2096 5137 κατώλισθον

514 5176 811 5246 ἁμαρτίαν,
854 5177 1151 5247 ἐτράποντο
1187 5177 1325 5247 πρὸς
1364 5176 1701 5241 πλεονεξίαν,
1739 5176 1835 5229 καὶ
1875 5176 1974 5245 τὴν
2016 5177 2097 5228 ὅτι

516 5270 749 5340 μάλιστα
762 5269 1117 5341 κατεπυγὶηῖ
1122 5269 1289 5340 μένην
1304 5268 1423 5340 Θεῷ
1434 5269 1799 5322 καταδυναστε
1808 5268 1888 5321 ίαν
1907 5270 2097 5338 ἐπιτη-

512 5361 777 5424 δεύοντες,
817 5360 1045 5415 ἔτυπτον
1087 5361 1185 5431 μέν
1226 5363 1471 5431 πυγμαῖς
1501 5361 1775 5425 ταπεινὸν,
1808 5361 1903 5413 καὶ
1944 5362 2099 5413 ἐκον-

513 5453 725 5517 δύλιζον
755 5456 834 5518 εἰς
861 5454 1107 5523 κεφαλὰς
1144 5454 1400 5525 πτωχῶν,
1432 5455 1481 5507 οἱ
1516 5454 1669 5524 ἁδροί
1703 5472 1823 5516 πως
1856 5454 2095 5519 πάντως,

515 5546 611 5601 καὶ
654 5547 764 5599 τῶν
815 5546 991 5601 ἄλλων
1041 5546 1427 5617 ὑπερκείμενοι
1457 5545 1581 5617 δόξῃ
1634 5563 1692 5598 τε
1726 5546 1821 5599 καὶ
1861 5546 2097 5616 πλούτῳ.

515 5639 824 5711 Διήρπαζον
853 5639 909 5692 δέ
935 5638 1167 5709 δωρεὰς,
1204 5638 1427 5709 ὀνόματι
1460 5639 1592 5707 παρ’
1615 5638 1713 5691 οὐκ
1743 5637 1985 5692 ἀκόντων
2016 5638 2099 5691 δε-

2189 3361 2277 3405 cat
2304 3352 2387 3405 his
2417 3352 2623 3406 verbis:
2651 3352 2789 3406 «Lex
2812 3353 2902 3407 Dei
2932 3353 3051 3421 ejus
3082 3355 3135 3407 in
3162 3355 3326 3409 corde
3359 3353 3549 3421 ipsius,
3576 3363 3630 3408 et
3667 3369 3773 3409 non

2190 3442 2682 3512 sumplantabuntur
2730 3459 2947 3513 gressus
3006 3446 3122 3513 ejus
3153 3446 3217 3498 ⁸⁵.
3258 3464 3279 3498 ι
3349 3444 3458 3500 Lex
3509 3447 3652 3500 enim
3708 3450 3776 3501 ad

2190 3532 2586 3603 beneplacitum
2655 3535 2744 3588 Dei
2788 3534 3171 3605 perliciendum
3224 3536 3353 3597 dux,
3409 3544 3464 3589 et
3515 3536 3794 3607 magistra,

2191 3641 2313 3682 sua.

2266 3802 2432 3858 Vens.
2477 3804 2565 3861 Η.
2591 3803 2796 3858 Idcirco
2844 3804 2967 3875 quia
3001 3808 3186 3875 pugnis
3230 3807 3591 3873 percutiebanz
3640 3823 3777 3862 mett-

2193 3896 2390 3961 dicum,
2421 3908 2469 3958 et
2503 3898 2642 3950 dona
2676 3897 2836 3951 electa
2884 3898 3190 3965 suscepistis
3225 3899 3288 3952 ab
3313 3917 3392 3952 eo.
3440 3899 3631 3953 Domus
3680 3920 3777 3966 po-

2193 3991 2316 4044 litas
2345 3989 2740 4057 wdiﬁcastis,et
2773 4005 2874 4042 non
2909 3989 3210 4043 habitabilis
3243 3990 3410 4044 ineis.
3445 3989 3633 4043 Vincas
3684 3993 3774 4045 de-

2194 4082 2500 4143 siderabiles
2559 4082 2878 4152 plantastis,
2931 4092 2979 4136 et
3029 4097 3134 4135 non
3188 4080 3369 4135 bibetis
3424 4082 3599 4135 vinum
3683 4098 3777 4135 ea-

2196 4190 2334 4228 rum.

2264 4264 2499 4321 XLVIII.
2542 4264 2740 4319 Verum
2773 4273 2876 4329 est,
2902 4276 3122 4332 prorsus
3145 4269 3200 4315 et
3222 4258 3549 4315 omnimodis
3570 4269 3778 4330 tempe-

2197 4374 2317 4414 rare
2350 4373 2383 4413 a
2420 4357 2594 4424 bonis,
2624 4356 2876 4410 vitiorum
2903 4369 3023 4409 esse
3055 4353 3290 4416 initium,
3330 4359 3385 4406 et
3438 4352 3786 4407 aversionetn

2200 4465 2230 4504 a
2276 4449 2582 4514 commodo,
2612 4456 2667 4503 et
2724 4445 3071 4509 conducibili,
3106 4445 3157 4497 in
3211 4458 3274 4498 ea
3323 4458 3443 4513 qua:
3498 4443 3621 4497 talia
3670 4460 3796 4498 non-

2199 4551 2342 4605 sunt,
2368 4538 2676 4596 necessario
2703 4553 2799 4593 nos
2824 4536 3119 4606 impellere.
3144 4534 3605 4601 Quemadmodum
3633 4534 3777 4588 enim

2200 4634 2383 4705 fugata
2426 4633 2566 4695 luce,
2599 4631 2765 4695 illico,
2785 4629 3091 4694 confestim,
3124 4637 3178 4681 et
3213 4642 3243 4682 e
3283 4627 3506 4697 vestigio
3549 4627 3781 4681 tenebrai

2197 4727 2503 4781 exsistunt:
2541 4723 2612 4777 ita
2645 4722 2785 4777 unde
2818 4722 2991 4777 virtus
3018 4720 3323 4779 recesserit.
3348 4734 3414 4773 eo
3442 4719 3691 4786 impietas
3722 4736 3780 4773 sc

2200 4818 2450 4885 ingerens
2484 4816 2744 4871 succedit.
2775 4814 3041 4881 Quocirca
3086 4811 3244 4866 simul
3284 4822 3447 4881 atque
3471 4815 3700 4866 oderunt
3727 4812 3779 4863 in

2200 4908 2368 4979 portis
2428 4907 2832 4977 corripienlem,
2869 4916 2925 4960 et
2960 4903 3250 4958 abominati
3311 4912 3441 4957 sunt
3475 4917 3797 4957 sermonem.

2200 5009 2468 5065 sanctum,
2498 5000 2552 5052 in
2581 4997 2873 5052 multifaria
2899 5005 3121 5066 peccata
3150 4996 3495 5061 inciderunt;
3531 4993 3780 5048 conversi

2203 5101 2326 5146 sunt
2358 5092 2424 5144 ad
2448 5090 2755 5154 avaritiam,
2782 5099 2837 5144 et
2864 5091 2973 5144 Deo
3003 5089 3270 5159 imprimis
3297 5102 3477 5144 exosae
3506 5084 3799 5156 tyrannidi

2203 5183 2648 5253 oppressionique
2703 5183 3100 5247 incumbentes,
3154 5182 3344 5252 pugnis
3412 5180 3789 5249 percutiebant

2206 5271 2491 5337 humilem,
2509 5281 2563 5326 et
2588 5270 2846 5341 colaphos
2878 5271 3246 5343 impingebant
3274 5270 3326 5324 in
3363 5270 3540 5339 capita
3581 5284 3785 5339 paupe-

2208 5379 2349 5427 rum,
2392 5364 2639 5418 homines
2661 5363 2922 5432 perbeati,
2945 5364 3264 5430 czeterisque
3290 5362 3458 5431 gloria
3488 5376 3553 5415 ac
3580 5361 3783 5415 divitiis

2206 5455 2591 5523 praecellentes.
2627 5454 2959 5524 Diripiebant
3013 5470 3174 5523 porro
3229 5456 3389 5519 dona,
3422 5452 3588 5507 verbo
3614 5469 3642 5507 a
3676 5468 3783 5507 non

2209 5545 2390 5599 invitis
2418 5560 2481 5600 ea
2520 5544 2832 5615 capientes,
2875 5560 2979 5616 qua
3012 5546 3066 5598 in
3099 5544 3443 5601 facultatibus
3495 5545 3611 5601 suis
3655 5560 3782 5616 prae-

2208 5639 2483 5693 stabiliora
2535 5639 2826 5695 habebant.
2890 5636 3271 5694 Verumtamen
3309 5638 3513 5695 utiliter
3574 5648 3768 5695 monet

590 5817 635 5849 ⁸³
670 5818 844 5873 Galnt.
880 5833 960 5885 tn,
990 5818 1077 5872 Ἡ.
1155 5820 1201 5854 ⁸⁵
1231 5817 1386 5873 Rom.
1420 5833 1514 5881 vti,
1566 5818 1644 5871 12.
1724 5818 1766 5849 ³⁵
1808 5816 1947 5872 Psal.
1986 5833 2167 5881 xxxvi,
2202 5819 2293 5871 ‘23.
