4132 6370
379 396 482 453 ιον

1399 398 1456 455 S.
1497 399 1774 456 CYRILLI
1815 395 2286 454 ALEXANDRINI
2325 394 2640 450 ARCHIEP.

3534 396 3636 452 500

379 508 504 563 talia
557 508 734 564 lacere
771 509 945 564 solitis
980 510 1108 564 nihil
1144 511 1516 566 commodasse
1564 514 1870 578 avaritiam,
1899 522 1946 567 et

2057 513 2275 583 χόμενοι
2301 511 2375 564 τὰ
2404 509 2511 563 τῶν
2545 509 2742 562 ἐόντων
2770 508 2952 573 αὐτοῖς
2981 509 3303 581 τιμιώτερα.
3330 509 3476 582 Πλὴν
3505 511 3638 586 ἀπο-

377 613 408 652 a
458 600 598 669 turpi
639 609 842 670 quaestu
889 602 1204 670 expugnari,
1241 604 1456 656 tandem
1514 603 1708 659 afferre
1757 619 1953 660 mcero-

376 706 518 758 rem,
545 702 600 746 et
623 692 782 747 linem
813 707 934 748 esse
975 692 1316 762 supplicium.
1341 692 1399 748 Si
1433 696 1576 750 enim
1618 711 1791 766 neque
1818 697 1950 751 aedi-

374 783 478 839 bus
522 783 764 840 studiose
804 793 860 840 et
895 784 1178 852 magniﬁce
1218 800 1248 839 a
1290 799 1350 840 se
1383 791 1711 842 constructis
1769 786 1953 843 fruun-

376 882 486 938 tur,
522 883 576 928 et
601 871 800 928 frustra
829 883 1083 929 exercent
1121 890 1300 944 agros,
1322 886 1378 930 et
1403 875 1776 947 inexspectato
1800 879 1949 934 exitu

376 964 650 1019 evanescit
688 979 866 1020 rerum
909 966 1350 1021 charissimarum
1391 982 1543 1032 usus,
1564 983 1792 1038 quorum
1821 984 1951 1024 cau-

374 1069 436 1110 sa
470 1057 623 1125 plura
662 1063 1147 1127 appetebantur,et
1192 1060 1434 1128 pecuni:e
1468 1059 1811 1115 cumulandae
1835 1071 1952 1116 stu-

377 1147 628 1211 debatur,
659 1151 932 1219 quomodo
964 1151 1016 1206 in
1044 1152 1366 1223 quibusdam
1407 1168 1567 1221 0pnm
1631 1157 1861 1224 amplius
1897 1163 1954 1210 et

378 1237 609 1308 amplius
645 1244 1106 1312 congerendarum
1153 1245 1481 1300 consuetudo
1512 1261 1617 1300 non
1653 1261 1812 1312 vana,
1865 1246 1951 1301 in-

378 1329 630 1399 utilisque
661 1332 967 1389 videbitur?
1016 1333 1299 1406 Sapienter
1345 1337 1526 1408 itaque
1560 1338 1705 1403 lacit,
1737 1341 1824 1410 qni
1873 1355 1951 1396 se-

376 1433 497 1471 cum
563 1418 690 1475 illud
748 1421 948 1492 cogitat
987 1427 1130 1493 quod
1171 1435 1255 1480 est
1307 1428 1445 1496 apud
1494 1426 1883 1484 Parmmiasten
1931 1448 1944 1483 ι

381 1527 400 1559 ι
424 1507 610 1565 Melius
637 1519 721 1566 est
750 1527 938 1581 parum
983 1529 1103 1568 cum
1127 1515 1357 1584 iustitia,
1397 1532 1559 1586 quam
1626 1517 1778 1572 multi
1822 1518 1938 1573 fru-

374 1611 494 1654 ctns
527 1614 650 1663 cum
692 1602 976 1673 iniquitate
997 1604 1064 1660 “.
1094 1625 1113 1657 ι
1149 1606 1448 1660 Avaritiam
1478 1623 1640 1678 porro
1674 1619 1726 1664 et
1751 1607 1951 1665 Paulus

2053 605 2232 674 φαίνει
2259 603 2564 674 χρησίμως,
2595 603 2678 654 ὅτι
2709 604 2818 666 τοῖς
2853 601 2923 654 τὰ
2949 601 3173 654 τοιαῦτα
3206 601 3337 673 δρᾷν
3366 602 3634 668 εἰωθόσιν,

2053 696 2311 764 ἀνόνητος
2355 696 2389 765 ἡ
2448 691 2765 758 πλεονεξία,
2811 692 2904 745 καὶ
2953 692 3016 744 τὸ
3069 692 3311 762 αἰσχρῶν
3369 692 3637 764 ἡττᾶσθαι

2051 785 2374 856 λημμάτων,
2420 785 2499 847 εἰς
2537 783 2713 846 λύπας
2745 782 3056 852 ἐκτελευτᾷ,
3106 782 3202 835 καὶ
3248 781 3402 852 δίκην
3438 781 3551 853 ἔχει
3579 783 3640 837 τὸ

2053 877 2249 948 πέρας.
2278 877 2342 929 Εἰ
2380 874 2489 947 γὰρ
2531 876 2666 946 μήτε
2697 874 2862 928 οἴκων
2902 873 3270 927 ἀπολαύσουσι
3308 873 3419 926 τῶν
3464 875 3539 938 ὡς
3581 877 3639 928 ὲν

2055 967 2258 1037 σπουδῇ
2307 967 2402 1019 καὶ
2440 965 2735 1035 φιλοτίμως
2782 965 3245 1036 ἐξειργασμένων,
3290 963 3412 1034 εἰκῆ
3441 963 3497 1016 δὲ
3540 965 3638 1017 αύν

2052 1061 2165 1121 τοῖς
2197 1060 2435 1111 πονεῖται
2465 1057 2530 1110 τὰ
2559 1057 2617 1108 ἐν
2643 1059 2852 1125 ἀγροῖς,
2889 1056 3096 1125 οἴχεται
3124 1055 3180 1108 δὲ
3213 1055 3349 1126 πρὸς
3379 1056 3640 1126 ἀδόκητον

2051 1150 2276 1204 ἔκϐασιν
2303 1149 2410 1202 τῶν
2439 1150 2812 1220 ἠγαπημένων
2848 1149 2881 1219 η
2919 1148 3153 1218 μέθεξις,
3186 1149 3255 1202 δι’
3288 1150 3322 1203 ἀ
3350 1149 3573 1218 γέγονεν
3606 1152 3639 1222 ἠ

2052 1242 2352 1307 πλεονεξία,
2394 1241 2579 1295 καὶτὸ
2610 1241 3012 1311 φιλοχρήματον
3055 1241 3228 1294 εἰσέδυ
3278 1241 3484 1306 πάθος,
3523 1243 3640 1306 πῶς

2050 1336 2153 1389 ούκ
2186 1336 2390 1397 εἰκαῖος
2466 1332 2562 1386 καὶ
2593 1332 2826 1402 ἀκερδὴς
2873 1333 3228 1402 ἀναφανεῖται
3274 1350 3416 1386 τισιν
3483 1337 3512 1387 ὁ
3547 1333 3642 1387 ἐπί

2050 1443 2116 1495 γε
2143 1425 2221 1496 τῷ
2249 1427 2446 1496 χρῆναι
2491 1425 2832 1478 πλεονεκτεῖν
2866 1424 3099 1496 τρόπος;
3139 1424 3312 1494 Σοφὸν
3338 1421 3430 1478 οὖν
3469 1426 3644 1478 ἐκεῖνο

2051 1521 2364 1590 παρανοεῖν,
2388 1518 2488 1581 ὅτι,
2513 1517 2696 1581 καθώς
2718 1534 2881 1586 φησιν
2901 1519 2929 1570 ό
2954 1515 3418 1588 Παροιμιαστὴς,‹
3448 1518 3644 1586 Κρεῖσ-

2052 1625 2144 1662 σον
2188 1607 2344 1679 ὀλίγη
2377 1607 2538 1679 λῆψις
2587 1607 2724 1679 μετά
2762 1607 3131 1679 δικαιοσύνης,
3176 1607 3208 1679 ἢ
3254 1607 3422 1662 πολλά
3453 1610 3645 1680 γεννή-

373 1687 730 1744 idololatrian:
762 1700 918 1746 vocat
939 1691 1006 1758 "’,
1035 1691 1194 1762 idque
1219 1691 1342 1761 jure
1378 1694 1619 1763 optimo:
1665 1702 1749 1748 est
1803 1695 1946 1748 enim

2054 1715 2200 1768 ματα
2227 1697 2364 1768 μετὰ
2385 1698 2617 1762 ἀδικίας.
2648 1717 2666 1749 t
2699 1697 3158 1769 Εἰδωλολατρείαν
3179 1698 3236 1752 δὲ
3263 1699 3358 1752 καὶ
3380 1699 3408 1751 ὁ
3434 1698 3645 1762 Παῦλος

372 1779 638 1852 ἀθεότηςθ
668 1792 721 1838 et
743 1784 931 1840 eodem
966 1801 1192 1841 numero
1231 1795 1359 1842 sunt
1379 1785 1552 1857 legem
1587 1786 1870 1841 charitatis
1895 1788 1946 1840 in

2049 1789 2149 1858 τὴν
2177 1788 2488 1852 πλεονεξίαν
2511 1791 2686 1856 καλεῖ,
2713 1791 2808 1844 καὶ
2839 1789 2984 1860 μάλα
3006 1789 3255 1854 εἰκότως·
3281 1788 3511 1861 ἀθεότης
3536 1787 3644 1859 γὰρ

374 1871 589 1937 fratres,
630 1891 648 1926 ι
674 1887 792 1943 qua:
822 1874 953 1945 legis
990 1875 1374 1946 plenitudinem
1419 1855 1794 1946 complectitur
1825 1876 1894 1942 ι’,
1926 1895 1945 1929 ι

2052 1855 2117 1933 τδ
2135 1880 2322 1952 χρῆμα
2350 1880 2558 1947 λοιπὸν,
2591 1882 2686 1935 καὶ
2729 1883 2787 1936 ὲν
2826 1855 2925 1952 ῖσῳ
2957 1881 3227 1936 τέθεινται
3253 1885 3366 1945 τοῖς
3391 1855 3483 1936 τὸν
3511 1855 3644 1937 όεὸν

371 1963 774 2032 conculcantes,
820 1981 928 2036 quo
959 1967 1051 2037 qni
1102 1968 1268 2021 Deum
1305 1981 1411 2022 non
1446 1976 1796 2038 cognoscunt.
1828 1964 1950 2021 Jant

372 2053 462 2122 qui
507 2055 678 2126 legem
723 2071 827 2112 non
882 2059 1049 2124 novit,
1096 2057 1265 2129 legem
1317 2067 1496 2129 negat.
1565 2057 1952 2115 Moderatiores

369 2157 574 2211 autem,
615 2155 671 2202 et
706 2149 884 2204 studio
910 2149 1147 2220 pecuniae
1205 2151 1510 2220 superiores
1556 2159 1611 2205 et
1646 2151 1759 2221 ipse
1792 2151 1951 2206 Chri-

370 2249 487 2293 stus
511 2253 608 2294 nos
648 2237 794 2306 facit,
831 2241 1014 2296 dicens
1044 2259 1058 2297 :
1085 2241 1244 2312 303
1280 2260 1298 2294 ι
1333 2233 1472 2308 Quid
1534 2245 1676 2297 enim
1734 2245 1954 2312 prodest

369 2329 570 2385 homini
600 2330 667 2396 ”,
694 2350 713 2384 ι
752 2343 806 2413 et
830 2347 950 2402 quae
975 2347 1296 2404 sequuntur.
1319 2353 1337 2387 ι
1373 2335 1631 2390 Thesauri
1672 2336 1814 2389 enim
1859 2335 1954 2388 ira-

369 2421 474 2490 piis
508 2421 640 2477 nihil
675 2425 989 2494 proderunt,
1012 2445 1031 2478 ι
1059 2435 1118 2480 ut
1144 2427 1403 2498 scriptum
1425 2438 1539 2494 est;
1578 2446 1596 2479 ι
1611 2427 1822 2498 justitia
1852 2442 1950 2482 au-

371 2521 477 2571 tem
510 2513 758 2573 liberabit
794 2529 824 2569 a
853 2524 1023 2572 morte
1045 2517 1112 2570 ⁸⁸.
1132 2535 1150 2568 ι

437 2698 602 2754 Vens.
651 2698 740 2764 ιε,
775 2699 860 2753 15.
894 2699 1034 2765 Quia
1064 2703 1278 2768 cognovi
1331 2703 1524 2757 multas
1551 2704 1837 2772 impietates
1869 2721 1951 2760 ve-

365 2798 526 2853 stras,
548 2797 599 2842 et
643 2788 803 2857 fortia
848 2801 1059 2856 peccata
1092 2803 1282 2858 vestra,
1316 2793 1680 2849 conculcantes
1712 2795 1943 2864 justum,

367 2880 682 2946 accipientes
733 2883 1189 2946 commutationes,
1247 2895 1295 2938 et
1343 2901 1623 2954 pauperem
1664 2885 1717 2940 in
1785 2889 1948 2956 portis

365 2971 706 3026 declinantes.
733 2971 940 3026 Idcirco
962 2974 1257 3046 intelligens
1283 2976 1337 3030 in
1363 2985 1590 3046 tempore
1614 2975 1707 3030 illo
1736 2981 1944 3048 tacebit,

365 3067 493 3133 quia
520 3075 718 3134 tempus
747 3067 944 3119 malum
973 3077 1070 3120 est.

435 3153 798 3252 XleuNon
856 3167 1073 3228 propter
1121 3158 1277 3252 levia,
1331 3175 1506 3230 neque
1555 3163 2014 3252 qualiacunquec

2053 1969 2154 2023 ούκ
2186 1970 2554 2039 ἐπεγνωκόσιν
2608 1973 2656 2024 οἰ
2689 1971 2781 2024 τὸν
2827 1970 2928 2041 τῆς
2966 1973 3046 2035 εἰς
3099 1971 3362 2040 ἀδελφοὺς
3414 1971 3637 2043 ἀγάπης

2053 2061 2218 2131 νόμον
2265 2060 2591 2124 πατοῦντες,
2647 2079 2665 2113 ι
2689 2061 2724 2132 ἢ
2760 2061 2852 2115 καὶ
2884 2061 2978 2115 τοῦ
3014 2061 3180 2132 νόμου
3227 2061 3326 2134 τὴν
3358 2061 3640 2133 πλήρωσιν

2053 2150 2185 2222 ἔχει.
2219 2172 2237 2204 ι
2278 2153 2337 2206 'O
2366 2152 2422 2206 δὲ
2454 2153 2617 2223 νόμον
2655 2153 2754 2206 οὐκ
2785 2151 2964 2217 εἰδὼς,
3006 2154 3251 2224 ἀρνεῖται
3281 2153 3372 2208 τὸν
3410 2152 3638 2224 νομοθέ-

2052 2263 2172 2317 την.
2205 2245 2684 2318 Σωφρονεστέρους
2710 2245 2766 2299 δέ
2807 2247 2974 2317 ἡμᾶς,
3017 2246 3332 2302 καὶάδίκου
3375 2245 3642 2318 φιλοχρη-

2055 2336 2254 2408 ματίας
2292 2336 2608 2408 κρείττονας
2656 2337 2750 2391 καὶ
2797 2337 2960 2400 αὐτὸς
3003 2338 3032 2390 ό
3077 2337 3313 2408 Χριστὸς
3360 2337 3640 2404 ἐπιτελεῖ,

2057 2427 2254 2496 λέγων·
2285 2445 2304 2479 ι
2328 2428 2393 2480 Τί
2417 2427 2523 2500 γάρ
2542 2427 2954 2500 ὠφεληθήσεται
2981 2428 3296 2499 ἀνθρωπος;
3329 2446 3348 2479 t
3378 2429 3472 2482 καὶ
3494 2427 3641 2495 ἐξῆς.

2058 2539 2076 2571 ι
2107 2521 2380 2593 Θησαυροὶ
2409 2521 2518 2592 γὰρ
2559 2521 2793 2592 ἀνόμους
2827 2521 2925 2574 οὐκ
2952 2521 3326 2591 ὠφελήσουσι;
3373 2540 3390 2572 ι
3411 2520 3554 2575 κατὰ
3583 2520 3644 2581 τὸ

2051 2613 2460 2683 γεγραμμένονο
2489 2629 2508 2662 ι
2545 2611 2857 2682 δικαιοσύνη
2901 2612 2957 2665 δέ
2981 2613 3202 2683 ῥύσεται
3243 2614 3308 2665 ὲκ
3335 2612 3589 2668 θανάτου.
3617 2632 3634 2663 ι

2125 2703 2256 2756 Ὅτι
2293 2702 2494 2771 ἔγνων
2533 2704 2771 2769 πολλὰς
2806 2703 3084 2768 ἀσεϐείας
3119 2702 3305 2772 ὑμῶν,
3331 2703 3430 2756 καί
3470 2705 3642 2771 ισχυ-

2044 2792 2146 2862 ραὶ
2183 2795 2243 2846 al
2281 2792 2557 2861 ἁμαρτίαι
2611 2792 2796 2862 ὑμῶν,
2841 2795 3332 2859 καταπατοῦντες
3383 2793 3639 2858 δίκαιον,

2050 2883 2462 2954 λαμϐάνοντες
2494 2884 2870 2954 ἀλλάγματα,
2903 2885 3002 2938 καί
3036 2884 3301 2952 πένητας
3325 2885 3394 2938 ἐν
3423 2887 3643 2952 πύλαις

2049 2976 2463 3043 ἐκκλίνοντες.
2490 2976 2594 3031 Διὰ
2616 2977 2792 3030 τοῦτο
2821 2979 2854 3031 ό
2877 2975 3109 3031 συνιών
3128 2977 3198 3031 ἐν
3224 2975 3407 3045 καιρῷ
3432 2977 3642 3042 ἐκείνῳ

2051 3065 2446 3132 σιωπήσεται,
2479 3066 2569 3120 ὅτι
2607 3069 2874 3134 πονηρός
2902 3067 3054 3122 ἐστι.

2118 3155 2253 3208 ΜΘΗ
2289 3155 2412 3207 ’Ότι
2441 3154 2515 3226 μὴ
2542 3156 2636 3208 ἐπὶ
2667 3158 2941 3225 σμικροῖς,
2971 3157 3109 3226 μήτε
3143 3155 3248 3226 μὴν
3285 3156 3378 3208 ἐπί
3407 3158 3519 3219 τοῖς
3544 3173 3637 3208 τυ-

367 3248 592 3302 crimina
639 3247 804 3303 Deum
835 3264 1022 3318 poenas
1047 3265 1076 3302 a
1103 3250 1214 3306 reis
1273 3262 1548 3321 expetere,
1582 3255 1674 3310 sed
1708 3271 1828 3309 cum
1876 3258 1942 3310 ad

2047 3244 2201 3316 χοῦσι
2221 3245 2328 3300 τῶν
2359 3245 2846 3317 πλημμελημάτων
2862 3246 3129 3316 ἀμύνεται
3157 3246 3288 3309 Θεὸς
3314 3247 3442 3309 τοὺς
3475 3263 3638 3315 προσ-

367 3341 658 3398 mediocria
691 3343 960 3412 patienter
1007 3344 1327 3409 conniverit,
1364 3344 1625 3403 ell'renate
1669 3348 1720 3402 in
1753 3349 1944 3418 neqni-

367 3433 500 3492 tiam
529 3444 748 3490 ruentes
778 3434 993 3488 tandem
1025 3435 1266 3504 aggredi,
1298 3437 1493 3492 docere
1523 3448 1772 3493 conatur.
1826 3437 1946 3492 Pri-

368 3537 549 3580 vatum
580 3527 722 3582 enim
775 3525 841 3580 iri
910 3527 1157 3582 domibus
1207 3527 1582 3584 Samaritanos
1642 3531 1741 3593 ait,
1785 3539 1946 3597 atque

371 3616 539 3670 etiam
577 3616 766 3680 vineis,
796 3623 851 3672 et
887 3617 1156 3680 omnibus,
1187 3617 1398 3687 opinor,
1422 3617 1675 3687 jucundis
1712 3617 1944 3673 fclicita-

368 3718 474 3762 tem
528 3709 970 3767 continentibus:
1009 3709 1276 3777 siquidem
1315 3713 1594 3773 enormia,
1635 3720 1690 3765 et
1763 3712 1943 3766 neuti-

365 3813 527 3868 qnam
598 3796 984 3853 dissimulanda
1045 3807 1261 3866 peccata
1337 3800 1404 3852 ah
1471 3800 1580 3854 illis
1638 3808 1940 3869 perpetrata

367 3887 599 3940 inerant.
626 3885 1016 3956 Opprimebant
1040 3887 1182 3940 enim
1219 3887 1393 3940 virum
1430 3887 1633 3957 justum
1665 3888 1779 3944 sive
1829 3889 1943 3958 ple-

365 3977 566 4045 beium,
596 3988 685 4032 ant
715 3978 770 4033 in
818 3978 977 4033 rebus
1017 3979 1196 4048 impiis
1241 3980 1423 4045 deﬁxi,
1457 3982 1524 4036 de
1565 3991 1713 4036 recto
1768 3982 1946 4052 justo-

365 4085 472 4137 qne
511 4068 714 4140 judicio
753 4085 942 4140 parum
998 4069 1098 4124 sibi
1167 4071 1466 4126 curandum
1518 4073 1941 4129 arbitrabantur.

366 4160 463 4216 Est
509 4171 685 4217 autem
723 4163 824 4216 hoc
863 4162 1170 4232 Opprimere
1228 4163 1460 4231 quodam
1494 4165 1670 4230 modo,
1697 4174 1750 4219 et
1794 4167 1946 4235 cupi-

366 4251 518 4304 ditati
573 4266 683 4306 sua:
721 4250 940 4306 liberius
989 4251 1234 4322 obsequi,
1267 4264 1325 4306 ut
1385 4269 1452 4308 ex
1508 4255 1678 4310 sacris
1741 4254 1946 4324 legibus

366 4349 531 4411 patet.
583 4341 934 4410 Accipiebant
967 4343 1133 4407 enim,
1158 4359 1177 4395 ι
1213 4353 1266 4397 et
1295 4345 1798 4409 commutationes,»
1845 4347 1946 4400 hoc

365 4443 468 4494 cst,
510 4434 916 4498 retributiones,
951 4444 1006 4489 et
1039 4437 1314 4491 mercedes
1357 4451 1452 4504 pro
1483 4435 1681 4504 iniquis
1703 4435 1942 4504 judiciis,

365 4533 420 4578 et
451 4533 708 4594 praticrea
744 4544 763 4577 ι
819 4540 1081 4596 pauperes
1118 4527 1171 4580 in
1222 4526 1394 4595 portis
1460 4526 1853 4581 declinabant.»
1876 4527 1944 4581 Et

364 4617 620 4684 quidnam
672 4616 775 4672 hoc
821 4617 924 4672 sibi
959 4617 1112 4672 vult?
1139 4618 1244 4673 Aul
1285 4617 1431 4673 enim
1471 4617 1599 4673 illud
1647 4617 1796 4680 dicit,
1849 4633 1942 4673 eos

366 4707 790 4768 moderationem
815 4710 1125 4775 suadentes,
1147 4720 1200 4765 et
1225 4709 1392 4765 libere
1425 4709 1565 4764 istud
1584 4710 1926 4764 consulentes

365 4801 434 4853 ab
461 4814 521 4855 se
551 4797 796 4868 fugasse:
827 4809 922 4855 aut
953 4801 1019 4856 de
1047 4803 1369 4871 pauperibus
1403 4816 1680 4870 perperam
1701 4803 1945 4869 judicare

367 4906 548 4956 ausos,
581 4901 674 4946 aut
701 4892 1124 4957 dissimulanter,
1157 4909 1257 4950 nec
1281 4904 1337 4948 nt
1358 4895 1448 4963 qui
1482 4895 1736 4964 pietatem
1791 4893 1941 4948 vafro

365 4983 882 5040 comminiscuntur:
917 4987 1010 5040 sed
1053 4986 1197 5040 velut
1222 4986 1316 5056 qui
1352 4987 1406 5042 in
1435 4985 1622 5055 portis,
1653 4986 1754 5039 hoc
1806 4994 1891 5038 est
1920 5025 1936 5049 ,

365 5075 564 5144 palam,
588 5085 642 5130 et
675 5075 728 5130 in
767 5087 1056 5146 compectu
1082 5078 1322 5132 omnium
1365 5076 1510 5131 omni
1550 5076 1755 5146 pudore
1783 5076 1939 5144 depo-~

365 5169 492 5234 sito,
528 5182 630 5223 nec
666 5169 900 5223 divinam
942 5169 1114 5240 legem
1162 5169 1457 5239 quidquam
1501 5177 1833 5222 reverentes.
1861 5167 1939 5222 Eo

366 5269 544 5313 autem
580 5259 952 5329 perversitatis
989 5268 1044 5313 et
1078 5257 1437 5328 improbitatis
1469 5256 1680 5311 tandem
1715 5255 1941 5312 descen-

364 5356 581 5416 derunt,
616 5360 750 5406 utet
790 5351 922 5421 ipsis
959 5351 1312 5421 sapientibus,
1339 5358 1394 5404 et
1444 5347 1798 5418 intelligentia
1847 5362 1939 5400 va-

363 5436 598 5492 lentibus
640 5439 940 5495 consultius
972 5440 1279 5502 videretur,
1314 5453 1489 5508 neque
1547 5437 1941 5507 reprehendere

362 5530 790 5598 posthac,neque
811 5532 1083 5603 corrigere
1115 5533 1446 5602 impietatem
1462 5531 1656 5586 sectari
1677 5529 1936 5594 volentes,

365 5619 508 5686 quod
547 5619 640 5688 qui
674 5620 1090 5691 castigarentur,
1127 5621 1278 5691 quasi
1305 5635 1464 5674 aures
1481 5619 1592 5689 jam
1634 5634 1737 5673 non
1770 5620 1931 5672 habe~

363 5721 506 5775 rent,
547 5720 601 5763 et
633 5711 823 5766 canina
884 5714 1211 5783 impudentia
1259 5714 1525 5769 insilirent
1574 5714 1627 5768 in
1691 5728 1784 5769 eos
1843 5714 1936 5782 qui

432 5889 478 5922 ⁸⁸
507 5887 666 5948 Prov.
703 5904 814 5958 χιιι,
841 5891 926 5948 18.
1004 5893 1047 5926 ⁸⁷
1071 5893 1267 5966 Ephes.
1297 5912 1347 5966 γ,
1378 5896 1428 5950 5.
1508 5895 1551 5927 λθ
1583 5894 1737 5952 Rom.
1774 5913 1847 5962 λι,
1878 5897 1967 5955 :25.

2043 3338 2435 3406 κεκρουκότας,
2484 3337 2882 3409 ἀνεξικακήσας
2927 3337 2984 3391 δὲ
3024 3337 3224 3407 μᾶλλον
3266 3339 3359 3390 ἐπὶ
3397 3340 3638 3407 μετρίοις

2046 3428 2374 3499 πταίσμασι,
2398 3431 2497 3500 τῆς
2522 3430 2782 3501 ἀχαλίνης
2809 3431 2888 3492 εἰς
2916 3430 3222 3501 φαυλότητα
3249 3431 3422 3502 ῥοπῆς
3447 3433 3633 3484 λοιπὸν

2046 3519 2242 3587 ἐπάγει
2273 3520 2370 3591 τὴν
2408 3520 2644 3590 κίνησιν,
2678 3522 2935 3593 πειρᾶται
2978 3521 3272 3576 διδάσκειν.
3319 3522 3639 3575 Ἀποπεσεῖ-

2048 3609 2172 3663 σθαι
2205 3611 2315 3682 γὰρ
2341 3612 2514 3666 οῐκων
2547 3612 2676 3675 τοὺς
2707 3614 2766 3665 ἐν
2809 3613 3092 3685 Σαμαρείᾳ
3140 3615 3294 3686 φησὶ,
3325 3615 3419 3668 καὶ
3457 3614 3638 3684 μέντοι

2045 3699 2142 3752 καὶ
2167 3700 2512 3770 ἀμπελῶνος,
2541 3702 2637 3754 καί⁷
2668 3701 2889 3765 παντὸς,
2921 3697 3098 3773 οἶμαι,
3133 3703 3636 3773 κατευφραίνοντος,

2046 3789 2140 3842 καὶ
2185 3789 2500 3860 συνέχοντος
2545 3794 2624 3854 εἰς
2647 3792 2970 3863 εὐημερίαν,
3014 3793 3139 3846 ἐπεί
3170 3811 3254 3847 τοι
3299 3795 3502 3860 δειναὶ,
3542 3795 3638 3848 καὶ

2049 3881 2303 3952 μεγάλαι,
2339 3883 2430 3936 καὶ
2458 3871 2670 3937 οὐκέτι
2714 3886 2947 3956 φορηταὶ
2985 3885 3244 3954 γεγόνασι
3285 3886 3415 3957 παρ’
3452 3888 3636 3940 αὐτῶν

2048 3971 2329 4042 ἁμαρτίαι.
2375 3971 2846 4026 Κατεδυνάστευον
2880 3973 2990 4045 γὰρ
3021 3974 3248 4039 δίκαιον,
3280 3975 3312 4044 ἢ
3344 3975 3513 4047 ἀνδρα
3541 3993 3633 4028 τυ-

2046 4061 2232 4131 χόντα,
2259 4061 2425 4131 ἤγουν
2466 4062 2755 4132 βλέποντες
2783 4065 2863 4126 εἰς
2894 4066 3240 4136 ἀνοσιότητα,
3277 4067 3434 4135 ὀλίγα
3467 4085 3634 4140 φρον-

2044 4153 2212 4214 τίζειν
2237 4149 2421 4219 ἠξίουν
2450 4152 2612 4224 ὀρθοῦ
2676 4153 2770 4206 καὶ
2814 4153 3022 4208 δικαίου
3069 4155 3356 4227 κρίματος.
3387 4157 3543 4211 Ἐστι
3580 4158 3638 4214 δὲ

2044 4243 2202 4296 τοῦτο
2235 4243 2726 4299 καταδυναστεύειν
2755 4247 2954 4318 τρόπον
2982 4246 3126 4313 τινὰ,
3163 4249 3257 4303 καὶ
3290 4250 3632 4304 πλεονεκτεῖν

2046 4335 2391 4405 ἀφυλάκτως,
2416 4336 2478 4391 τὸ
2506 4337 2696 4390 δοκοῦν
2724 4337 2802 4408 τῷ
2843 4339 3013 4409 νόμῳ.
3056 4339 3331 4410 Ἐδέχοντο
3353 4339 3462 4412 γάρ
3495 4360 3512 4391 ι
3543 4342 3638 4395 καὶ

2045 4428 2386 4500 ἀλλάγματα,
2414 4449 2432 4482 ι
2465 4429 2764 4498 τουτέστιν,
2791 4431 3086 4494 ἀντιδόσεις
3146 4431 3241 4484 καὶ
3279 4433 3627 4502 ἀντιμισθίας

1973 4553 2016 4607 D
2045 4519 2153 4572 τῶν
2180 4521 2380 4574 ἀδίκων
2406 4521 2713 4592 κριμάτων,
2747 4523 2843 4574 καὶ
2876 4521 3012 4592 πρός
3042 4538 3106 4589 γε
3139 4521 3349 4586 τούτοις
3385 4541 3404 4574 ι
3433 4523 3638 4588 ἐξέκλι-

2051 4629 2140 4664 νον
2183 4613 2419 4682 πένητας
2440 4614 2503 4666 ἐν
2528 4611 2744 4675 πύλαις.
2773 4631 2791 4664 t
2826 4614 2935 4666 Καὶ
2964 4611 3016 4664 τί
3036 4613 3100 4682 δὴ
3144 4612 3302 4666 τοῦτό
3329 4615 3527 4677 ,ἐστινς
3562 4615 3636 4668 Ἦ

2050 4703 2157 4773 γὰρ
2200 4705 2375 4757 ἐκεῖνό
2425 4720 2594 4773 φησι,
2638 4705 2721 4756 ὃτι
2751 4705 2875 4767 τοὺς
2909 4704 2976 4756 τά
3013 4703 3209 4776 μέτρια
3243 4708 3458 4776 φρονεῖν
3499 4708 3636 4760 ἀνα-

2048 4794 2481 4859 πείθοντας,καὶ
2530 4798 2586 4848 ἐν
2632 4797 2916 4868 παρρησίᾳ
2981 4799 3108 4867 περὶ
3157 4797 3345 4851 τούτου
3396 4799 3633 4869 συμϐου-

2044 4885 2300 4950 λεύοντας
2329 4886 2609 4941 ἐποιοῦντο
2642 4888 2969 4956 φευκτικούς
2989 4907 3001 4918 ·
3036 4890 3202 4958 ἤγουν
3233 4889 3300 4942 τά
3328 4889 3436 4942 τῶν
3465 4893 3632 4962 πενή-

2041 4997 2148 5034 των
2189 4979 2434 5051 κρίματα
2468 4979 2827 5050 παρακρίνειν
2869 4980 3193 5051 ἀπετόλμων
3221 4981 3282 5034 ού
3327 4981 3631 5052 λεληθότως

2046 5071 2228 5137 ποθὲν,
2256 5071 2377 5124 οὐδὲ
2415 5071 2579 5124 οἱονεὶ
2629 5072 2970 5142 σοφιζόμενοι
3005 5073 3104 5144 τὴν
3153 5073 3458 5136 εὐσέϐειαν,
3508 5073 3628 5128 ἀλλ’

2045 5158 2155 5214 οἷον
2205 5162 2264 5215 ἐν
2303 5161 2526 5226 πύλαις,
2584 5161 2878 5227 τουτέστιν,
2922 5162 3244 5232 ἀναφανδὸν,
3284 5164 3378 5217 καὶ
3424 5166 3482 5217 ὲν
3511 5165 3630 5234 ὄψει

2047 5251 2278 5316 πολλῶν,
2323 5251 2473 5305 οὐδὲν
2519 5252 2599 5306 ἔτι
2638 5254 3106 5326 κατερυθριῶντες
3146 5256 3315 5320 ὅλως,
3364 5255 3486 5310 οὔτε
3525 5255 3630 5328 μὴν

2046 5343 2180 5396 αἰδῶ
2214 5360 2338 5398 τινα
2367 5343 2464 5396 τοῦ
2495 5344 2638 5398 θείου
2675 5345 2985 5417 ποιούμενοι
3032 5349 3221 5418 νόμου.
3267 5349 3360 5411 Εἰς
3391 5348 3547 5402 τοῦτο
3571 5347 3630 5402 δέ

2045 5437 2145 5507 ἥδη
2198 5437 2530 5506 φαυλότητός
2577 5455 2635 5490 τε
2687 5441 2782 5492 καί¹
2819 5441 3084 5509 πονηρίας
3130 5440 3494 5495 κατεόίὸασαν
3536 5443 3628 5495 τὸν

2046 5531 2257 5599 καιρὸν,
2289 5530 2379 5592 ’ὡς
2411 5532 2502 5584 καὶ
2536 5531 2719 5595 αὐτοῖς
2751 5532 2972 5601 ἄμεινον
3004 5534 3236 5604 ὁρᾶσθαι
3273 5535 3386 5597 τοῖς
3422 5537 3624 5602 σοφοῖς,

2047 5625 2137 5674 καὶ
2165 5625 2279 5684 τοῖς
2310 5623 2543 5676 συνιέναι
2578 5625 2896 5694 δυναμένοις
2924 5626 3235 5695 οἰκονομίαν
3261 5625 3622 5694 πραγμάτων,

2044 5715 2104 5766 τὸ
2150 5716 2286 5786 μήτε
2321 5716 2560 5786 ἐλέγχειν
2608 5719 2723 5781 ἔτι,
2782 5719 2916 5788 μήτε
2966 5718 3072 5788 μὴν
3121 5719 3450 5789 ἐπανορθοῦν
3506 5721 3625 5783 τοὺς

2045 5900 2087 5931 ³³
2113 5897 2299 5954 Matth.
2333 5913 2440 5968 tm,
2467 5899 2554 5954 ~25.
2616 5901 2658 5930 δί’
2691 5898 2847 5955 Prov.
2881 5915 2932 5966 ι,
2968 5901 3019 5960 2.
