4132 6370
417 442 511 497 Si?!

1365 446 1923 506 COMMENTARIUS
1961 450 2028 506 IN
2068 452 2256 510 AMOS
2294 453 2740 510 PROPHETAM.

3582 457 3689 510 502

413 560 691 614 δυσσεϐεῖν
733 559 1054 630 ἑλομένους,
1100 561 1190 615 διὰ
1226 562 1284 616 τὸ
1326 567 1441 629 τοῖς
1472 566 1572 618 οὐκ
1604 564 1816 636 ἔχουσιν
1865 567 1988 623 ὠτία

2104 571 2355 639 prodesse
2408 573 2541 642 ipsis
2597 571 2831 636 vellent;
2864 578 2919 625 et
2978 585 3075 639 pro
3140 570 3373 627 inimicis
3424 572 3687 627 ducerent

410 652 786 721 προσεοικέναι
824 652 1008 705 λοιπὸν
1034 652 1159 716 τοὺς
1191 655 1599 726 ἐλεγχομένους,
1631 659 1726 711 καὶ
1756 659 1985 729 κυνηδὸν

410 740 776 813 ὲπιθρώσκειν
806 745 919 806 τοῖς
962 743 1235 798 ἐθέλουσιν
1259 745 1510 817 ὠφελεῖν,
1558 750 1653 802 καί
1682 751 1740 803 ἐν
1781 750 1992 821 ἐχθρῶν

410 832 681 886 ποιεῖσθαι
738 834 903 905 μοίρᾳ
962 837 1090 899 τοὺς
1146 836 1255 891 τῶν
1316 838 1614 893 καλλίστων
1667 841 1989 911 εἰσηγητάς.

421 922 728 995 Ἐπετίμων
761 926 868 996 γὰρ
900 929 1011 991 τοῖς
1041 927 1217 997 ἀγίοις
1246 932 1574 1002 προφήταις,
1604 932 1702 985 καί⁵
1732 933 1991 1003 πραγμά-

411 1030 515 1068 των
542 1016 737 1080 αὐτοὺς
764 1019 1059 1089 πειρᾶσθαι
1088 1022 1498 1092 παρεσκεύαζον
1516 1025 1597 1088 εἰς
1624 1024 1786 1095 μέσον
1818 1025 1993 1088 ἰόντας

408 1104 520 1157 ἐσθ’
545 1106 668 1172 ὅτε,
708 1109 802 1161 καὶ
832 1113 959 1172 τοὺς
990 1110 1195 1166 ἀνωθεν
1232 1114 1415 1178 αὐτοῖς
1454 1115 1866 1180 διακομίζοντας
1904 1115 1992 1167 λό-

408 1212 558 1264 γους.
610 1198 718 1252 Καὶ
763 1199 893 1268 γοῦν
943 1201 1216 1267 Σεδεκίας,
1261 1206 1676 1275 ἀπαγγέλλοντα
1730 1208 1800 1262 τὰ
1842 1208 1993 1279 παρά

407 1288 544 1341 Θεοῦ
581 1290 671 1343 τὸν
716 1294 1001 1363 προφήτην
1047 1296 1337 1367 Ἱερεμίαν,
1406 1300 1534 1354 ποτέ
1592 1302 1691 1372 μὲν
1741 1303 1993 1373 ἐδέσμει,

409 1381 539 1445 ποτὲ
604 1382 659 1435 δὲ
731 1383 826 1437 καὶ
903 1387 985 1450 είς
1080 1387 1282 1442 λάκκον
1374 1391 1595 1456 καθίει,
1704 1393 1800 1445 ’καὶ
1884 1395 1995 1456 τοῖς

407 1469 466 1521 ἐν
514 1470 661 1540 αὐτῷ
710 1472 971 1543 τέλμασιν
1021 1476 1346 1547 ἀποπνίγειν
1396 1480 1606 1552 ἤθελεν.
1658 1483 1866 1537 Οὐκοῦν
1900 1485 1993 1537 ἐπὶ

410 1564 628 1630 μ;κροῖς
657 1562 737 1617 ἔτι
766 1566 1072 1638 πταίσμασι
1114 1575 1395 1640 μετανοεῖν
1427 1573 1743 1642 ἀναγκαῖον,
1788 1574 1883 1627 καὶ
1921 1575 1995 1647 μὴ

405 1654 525 1715 ταῖς
556 1653 663 1707 τῶν
701 1656 963 1726 μειζόνων
997 1663 1311 1732 ἐπαγωγαῖς
1345 1665 1628 1737 μονονουχὶ
1658 1668 1753 1720 καὶ
1794 1666 1998 1721 ἄκοντα

404 1746 761 1817 παροτρύνειν
795 1749 946 1804 Θεόνσ
982 1755 1031 1806 εί
1061 1754 1171 1825 γὰρ
1203 1758 1419 1827 ἰσχυραὶ
1450 1758 1690 1829 γένοιντο
1741 1760 1835 1814 καὶ
1867 1759 1997 1811 πολ-

404 1839 493 1891 λαί
534 1839 654 1895 λίαν
682 1843 737 1894 αἰ
775 1843 1062 1917 ἁμαρτίαι,
1094 1848 1214 1901 τότε
1242 1849 1305 1921 δὴ
1335 1850 1552 1916 πάντως
1594 1850 1990 1918 ἀνταποδώσει,

2096 662 2425 729 Optimorum
2491 662 2843 718 consiliorum
2905 674 3177 718 auctores.
3242 663 3496 719 Convicia
3538 664 3681 718 enim

2096 752 2374 822 iactabant
2404 754 2457 808 in
2487 764 2705 809 sanctos
2734 754 3051 823 prophetas,
3095 761 3149 807 et
3202 753 3255 808 in
3309 754 3541 808 medium
3585 754 3688 807 ali-

2093 843 2307 913 quando
2331 844 2673 911 prodeuntes,
2691 843 3045 915 cmiestesque
3067 844 3168 899 illis
3190 859 3469 901 sermones
3488 861 3687 916 appor-

2097 946 2292 1000 tantes,
2326 935 2637 1005 injuriosius
2691 938 3011 991 tractabant.
3041 937 3299 993 Sedecias
3330 928 3495 1008 igitur
3517 954 3545 990 a
3575 937 3685 994 Deo

2093 1029 2195 1083 sibi
2242 1036 2504 1098 przecepta
2535 1027 3167 1083 nuntiantemleremiam
3210 1044 3351 1085 nunc
3390 1030 3682 1094 vinciebat,

2096 1135 2239 1175 nunc
2263 1121 2317 1174 iu
2349 1120 2699 1192 lacum304
2729 1121 2993 1186 mittebat,
3020 1120 3131 1176 luto
3158 1121 3228 1175 ibi
3252 1122 3553 1176 demersum
3586 1136 3684 1175 ex-

2095 1211 2376 1282 stinguere
2406 1211 2593 1267 volens
2619 1212 2889 1279 “.‘ltaque
2910 1228 3070 1281 super
3092 1213 3272 1283 parvis
3289 1213 3449 1267 etiam
3476 1213 3683 1268 delictis

2095 1303 2326 1359 velimus
2363 1304 2605 1358 nolimus
2652 1306 2855 1371 agenda
2907 1303 3245 1373 poenitentia,
3273 1318 3339 1358 ue
3387 1303 3682 1374 majoribus

2096 1395 2492 1449 consciscendis
2543 1393 2712 1448 Deum
2754 1397 2906 1464 quasi
2957 1396 3182 1449 invitum
3223 1412 3286 1449 ac
3326 1395 3678 1450 reluctantem

2098 1485 2396 1540 irritemus.
2446 1485 2503 1538 Si
2538 1485 2681 1539 enim
2727 1484 2909 1552 fortia,
2936 1486 3208 1555 multaque
3245 1486 3399 1541 valde
3450 1496 3680 1555 peccata

2099 1573 2319 1639 fuerint,
2348 1584 2458 1630 tum
2491 1575 2644 1645 plane
2678 1575 2911 1645 pretium
2956 1576 3109 1630 nobis
3150 1576 3442 1647 persolvet,
3500 1586 3554 1631 et
3607 1577 3680 1630 iu-

2098 1668 2435 1738 dignationis
2464 1666 2733 1720 ﬂammam
2776 1666 2991 1723 inferet.
3026 1667 3209 1723 Fortia
3246 1678 3425 1722 autem
3454 1678 3676 1737 peccata

2096 1774 2379 1815 censemus
2424 1773 2546 1814 esse
2584 1758 2807 1828 grandia
2841 1770 2896 1815 et
2933 1759 3291 1814 intolerabilia
3322 1776 3337 1813 :
3370 1775 3476 1814 non
3532 1760 3677 1815 enim

2097 1866 2257 1906 omne
2301 1860 2583 1920 peccatum
2638 1859 2719 1906 est
2749 1853 2816 1906 ad
2869 1862 3119 1919 mortem,
3143 1853 3296 1924 juxta
3338 1853 3679 1921 sapientissi-

404 1932 498 1985 καί
523 1932 625 1997 τὰς
651 1935 749 2006 τῆς
790 1938 1214 2009 ἀγανακτήσεως
1242 1942 1448 1996 ἐποίσει
1478 1943 1701 2012 φλόγας.
1745 1943 1988 2015 ’ἰσχυρὰς

2098 1957 2238 1996 mam
2270 1940 2499 1997 Joannis
2525 1956 2709 1997 vocem
2744 1943 2815 2000 ⁵².

401 2026 459 2080 δὲ
515 2024 653 2084 εἷναί
701 2050 879 2103 φαμεν
926 2035 1025 2099 τάς
1070 2036 1375 2109 ἁμαρτίας,
1419 2038 1521 2104 τὰς
1554 2040 1731 2104 δεινάς
1773 2058 1834 2094 τε
1883 2040 1978 2094 καὶ
2015 2038 2342 2111 ἀφορήτους,
2364 2038 2446 2091 ὅτι
2512 2035 2587 2108 μὴ
2619 2039 2769 2091 πᾶσα
2797 2039 3038 2112 ἁμαρτία
3063 2040 3200 2112 πρὸς
3261 2040 3510 2108 θάνατον,
3535 2040 3693 2099 κατά.

412 2141 467 2193 γε
491 2124 588 2197 τὴν
624 2129 945 2201 σοφωτάτην
975 2131 1071 2185 τοῦ
1108 2133 1355 2188 Ἰωάννου
1390 2137 1598 2208 φωνήν.

760 2257 1146 2345 ΤΟΜΟΣ
1218 2264 1636 2350 ΤΡΙΤΟΣ.

484 2403 873 2474 Ἐκζὴτήσατε
914 2411 982 2465 τὸ
1036 2416 1251 2478 καλὸν,
1308 2417 1407 2470 καί
1449 2418 1536 2487 μὴ
1581 2420 1648 2473 τὸ
1690 2421 1984 2488 πονηρὸν,

398 2495 560 2565 ὅπως
593 2498 829 2570 (dante,
857 2505 959 2558 καὶ
985 2507 1156 2561 ἔσται
1183 2507 1371 2576 οὕτως
1397 2511 1526 2580 μεθ’
1559 2512 1723 2581 ὑμῶν
1750 2514 1981 2583 Κύριος.

403 2590 604 2658 Οὕτως
641 2590 810 2649 εἶπεν
858 2597 1072 2666 Κύριος
1103 2601 1136 2652 ὁ
1173 2599 1317 2666 Θεὸς
1353 2603 1386 2655 ὁ
1431 2602 1875 2673 παντοκράτωρ,
1914 2604 1987 2657 ὃν

395 2685 623 2754 τρόπον
672 2689 900 2745 εἴπατεο
959 2691 1388 2762 Μεμισήκαμεν
1446 2695 1521 2749 τὰ
1574 2698 1836 2765 πονηρὰ,
1886 2697 1986 2751 καὶ

396 2778 799 2850 ἠγαπήσαμεν
835 2783 906 2838 τὰ
951 2788 1136 2849 καλὰ,
1179 2788 1279 2841 καὶ
1320 2788 1885 2854 ἀποκαταστήσεται
1917 2790 1987 2843 ἐν

398 2869 620 2935 πύλαις
657 2870 867 2940 κρῖμα,
918 2872 1079 2940 ὅπως
1136 2874 1364 2945 ἐλεήσῃ
1422 2878 1639 2945 Κύριος
1688 2881 1720 2932 ό
1762 2878 1904 2945 Θεὸς
1952 2882 1985 2933 ὀ

396 2962 818 3031 παντοκράτωρ
843 2965 985 3029 τοὺς
1012 2967 1402 3035 περιλοίπους
1432 2967 1665 3038 Ἰωσήφ.

469 3052 552 3107 N'.
596 3054 771 3123 Ἕφην
799 3054 899 3127 ήδη
926 3056 1270 3125 πλειστάκις,
1294 3059 1371 3123 ὡς
1393 3060 1455 3112 οὐ
1487 3060 1587 3130 μία
1615 3059 1837 3130 γέγονεν
1864 3062 1987 3132 αἰχ-

400 3143 679 3214 μαλωσία,
728 3145 975 3219 διάφοροι
1018 3149 1105 3215 δὲ,
1137 3150 1231 3203 καὶ
1276 3150 1420 3204 κατά
1458 3152 1714 3221 καιροὺς,
1757 3153 1851 3207 καὶ
1883 3154 1988 3208 ἀνὰ

401 3235 586 3307 μέρος.
609 3237 784 3292 Φοῦλα
820 3239 918 3309 μὲν
950 3239 1060 3311 γὰρ
1087 3242 1116 3294 ὁ
1151 3241 1435 3313 Ἀσσύριος
1459 3240 1651 3305 ἐλθὼν,
1685 3243 1743 3295 ἐν
1779 3246 1846 3315 τῇ
1882 3244 1984 3297 Σα-

401 3328 733 3399 μαρείᾳ,τάς
764 3329 855 3383 δύο
884 3332 1075 3399 φυλὰς,
1109 3334 1210 3396 τὰς
1244 3332 1417 3404 πέραν
1443 3332 1537 3387 τοῦ
1575 3333 1858 3405 Ἰορδάνου,
1891 3337 1987 3389 καί.

397 3420 498 3483 τὰς
529 3424 709 3474 ἐκεῖσε
747 3422 932 3486 πόλεις
976 3425 1297 3489 ἀνασπάσας
1330 3425 1523 3497 ῷχετο.
1554 3426 1710 3481 Μετὰ
1742 3427 1931 3481 τοῦτον
1957 3431 1986 3483 ό

2355 2260 2763 2351 TOMUS
2840 2261 3400 2351 TERTIUS.

2160 2410 2321 2465 VERS.
2358 2409 2445 2473 Μ,
2508 2408 2594 2463 15.
2655 2408 2889 2474 Quwrite
2943 2408 3154 2475 bouum,
3196 2419 3243 2463 et
3293 2426 3396 2463 non
3454 2412 3687 2479 malum,

2087 2513 2147 2556 ut
2187 2502 2392 2566 vivatis,
2429 2512 2479 2556 et
2513 2502 2610 2555 erit
2651 2503 2732 2555 sic
2756 2501 3018 2555 vobiscum
3074 2501 3349 2556 Dominus.
3396 2503 3488 2558 Sic
3538 2505 3672 2558 dixit

2086 2593 2342 2648 Dominus
2379 2594 2731 2663 omnipotens,
2757 2593 2888 2647 sicut
2936 2594 3172 2647 dixistis.
3208 2593 3343 2648 Odia
3395 2595 3674 2650 habuimus

2088 2684 2250 2748 mala,
2280 2696 2327 2738 et
2360 2686 2643 2739 dileximus
2674 2693 2827 2750 bona,
2868 2698 2916 2738 et
2946 2687 3251 2739 restituetur
3279 2688 3333 2738 in
3390 2687 3555 2754 portis
3576 2687 3673 2757 ju-

2085 2778 2318 2843 dicium,
2374 2788 2428 2830 ut
2474 2780 2781 2832 misereatur
2826 2779 3081 2833 Dominus
3142 2778 3279 2834 Deus
3343 2782 3671 2849 omnipotens

2087 2870 2426 2939 reliquiarum
2470 2870 2683 2938 Ioseph.

2158 3044 2220 3099 L.
2251 3043 2369 3098 Dixi
2399 3045 2510 3114 jam
2555 3046 2771 3113 smpius,
2821 3060 2925 3098 non
2964 3060 3123 3099 unam
3186 3044 3350 3099 fuisse
3390 3045 3674 3114 captivita-

2090 3144 2219 3199 tem,
2250 3136 2344 3193 sed
2375 3138 2617 3192 diversas
2649 3138 2877 3192 diversis
2906 3136 3253 3206 temporibus,
3281 3146 3335 3191 et
3371 3148 3671 3205 separatas.

2088 3227 2225 3283 Phul
2272 3228 2538 3299 siquidem
2571 3230 2828 3301 Assyrius
2871 3238 2929 3282 ut
2959 3229 3108 3284 venit
3140 3229 3191 3284 in
3229 3228 3494 3296 Samaria,
3542 3231 3673 3285 duas

2090 3321 2261 3376 tribus
2308 3329 2456 3375 trans
2489 3319 2800 3386 Iordanem,
2826 3320 3052 3375 urbibus
3081 3319 3196 3389 ejus
3240 3322 3468 3385 eversis,
3497 3320 3670 3374 abdu-

2090 3415 2171 3467 xit
2203 3412 2269 3466 ⁵³.
2302 3410 2430 3467 Post
2458 3414 2599 3467 hunc
2628 3412 2974 3467 Salmanasar
2998 3428 3101 3468 non
3145 3421 3309 3467 totam
3345 3414 3701 3479 Samariamt

398 3510 763 3583 Σαλμανάσαρ
789 3514 849 3566 οὐ
881 3515 1061 3567 πᾶσαν
1088 3513 1227 3568 ἐλὼν
1262 3516 1360 3587 τὴν
1382 3516 1733 3586 ⁹Σαμάρειαν.
1763 3516 1902 3575 ἀλλά
1934 3536 1985 3572 τι

2091 3502 2184 3558 sed
2236 3512 2445 3572 partem
2479 3504 2765 3573 quamdam
2802 3503 3055 3573 subegit,
3088 3513 3286 3559 etcum
3339 3504 3565 3574 captivis
3615 3504 3671 3557 iu

404 3602 589 3672 μέρος,
626 3605 705 3668 εἰς
731 3604 829 3675 τὴν
856 3605 1050 3659 ἑαυτοῦ
1086 3606 1183 3660 σὺν
1222 3609 1335 3670 τοῖς
1371 3606 1589 3661 ἁλοῦσιν
1613 3607 1983 3678 ἀνεκομίζετο.

415 3694 618 3747 Ἑποίει
643 3694 699 3747 δέ
740 3694 897 3747 τοῦτο
941 3695 1073 3759 Θεὸς
1114 3696 1504 3767 οἰκονομικῶς,
1550 3698 1697 3770 πόνῳ
1757 3700 1850 3753 καὶ
1885 3700 1989 3769 μά-

402 3801 546 3854 στιγι
576 3786 846 3840 παιδεύων
893 3788 1249 3841 ἐκκεκλικότα
1295 3786 1386 3841 τὸν
1421 3789 1658 3860 Ἰσραὴλ,
1692 3790 1787 3843 καὶ
1824 3807 1990 3859 μετα-

399 3878 570 3943 τιθεὶς
595 3880 687 3932 ἐπί
718 3896 782 3948 γε
826 3879 887 3933 τὸ
924 3880 1031 3934 δεῖν
1063 3881 1131 3935 τά
1160 3881 1369 3952 ἀμείνω
1435 3884 1529 3936 καὶ
1563 3883 1990 3953 πρεπωδέστατα

399 3971 617 4041 φρονεῖν
651 3989 710 4023 τε
738 3972 829 4024 καὶ
865 3972 1018 4044 δρᾷν.
1047 3973 1372 4044 Συμϐέὸηκε
1404 3973 1584 4028 τοίνυν
1617 3975 1744 4038 τοὺς
1778 3978 1842 4029 ἐκ
1878 3975 1988 4028 τῶν

399 4063 604 4133 ἀρτίως
639 4066 771 4135 ἡμῖν
806 4064 1112 4135 εἰρημένων
1140 4066 1393 4136 πολέμων
1419 4066 1701 4136 διαφυγεῖν
1736 4066 1991 4136 ἰσχύσαν-

400 4174 518 4221 τας,
557 4157 1036 4228 γνωσιμαχοῦντας
1065 4157 1165 4228 ἤδη
1194 4158 1422 4228 πως,ἐφ’
1445 4156 1527 4222 οἷς
1559 4159 1865 4231 ἠπάτηνται
1900 4178 1991 4231 με-

399 4251 631 4314 τανοεῖν,
683 4250 880 4303 εἰδέναι
925 4266 985 4302 τε
1031 4251 1127 4301 καὶ
1174 4251 1475 4321 ὁμολογεῖν,
1519 4251 1603 4304 ὅτι
1661 4251 1833 4305 πολλὰ
1893 4252 1988 4304 καὶ.

399 4339 653 4393 δύσοιστα
694 4340 1218 4412 πεπλημμεληκόσιν
1290 4340 1645 4413 ἐπενήνεκται
1694 4342 1879 4397 λοιπὸν
1918 4343 1989 4397 τὰ

399 4435 466 4486 ἐκ
508 4433 657 4497 θείας
685 4434 874 4504 ὀργῆς,
907 4431 1025 4487 εἷτα
1055 4434 1165 4488 τῶν
1197 4434 1340 4487 ἰδίων
1371 4434 1508 4488 ἐθῶν
1547 4436 1824 4506 μονονουχὶ
1858 4452 1989 4488 κατ-

399 4523 829 4593 επαγγέλλεσθαι
891 4523 1012 4594 Θεῷ
1080 4524 1179 4589 τὴν
1238 4523 1635 4593 ἐπανόρθωσιν,
1687 4523 1944 4592 λέγοντας
1971 4539 1984 4553 ⁸

404 4633 424 4665 ι
467 4615 870 4685 Μεμισήκαμεν
925 4613 994 4667 τὰ
1052 4613 1297 4685 πονηρὰ,
1348 4613 1443 4666 καὶ
1500 4613 1867 4684 ἠγαπήσαμεν
1920 4610 1989 4666 τά

399 4705 559 4759 καλά.
587 4724 606 4758 ι
654 4704 862 4759 Οὐκοῦν
893 4702 951 4757 ὃν
984 4703 1184 4773 τρόπον
1230 4704 1524 4774 εἰρήκατε,
1558 4704 1725 4773 φησι,
1765 4721 1782 4755 ι
1813 4703 1991 4773 Ζητήο

402 4813 531 4850 σατε
559 4795 622 4848 τὸ
665 4794 847 4859 καλὸν,
890 4796 984 4848 καὶ
1023 4794 1101 4864 μὴ
1135 4794 1195 4846 τὸ
1220 4782 1498 4864 πονηρὸν,
1527 4812 1546 4843 ι
1582 4793 1670 4847 ἵνα
1703 4793 1798 4846 καὶ
1833 4794 1894 4847 τὸ
1927 4786 1989 4847 εὖ

2089 3610 2315 3666 regnum
2361 3610 2516 3648 suum
2572 3607 2630 3647 se
2678 3594 2879 3661 recepit
2908 3593 2975 3645 “.
3010 3592 3179 3659 Quam
3228 3608 3340 3646 rem
3382 3596 3673 3663 prudenter

2088 3685 2489 3741 administravit
2532 3685 2694 3750 Deus,
2726 3685 3016 3738 vexatione
3047 3694 3102 3739 et
3148 3683 3370 3752 ﬂagellis
3418 3686 3673 3739 erudiens

2088 3776 2380 3843 lsraelem,
2410 3777 2500 3847 qui
2550 3775 2939 3840 declinaverat,
2975 3785 3032 3829 et
3082 3778 3303 3831 omnino
3343 3778 3408 3829 ad
3470 3778 3671 3833 rectius

2089 3870 2433 3940 cogitandum
2467 3868 2878 3939 faciendumque
2912 3869 3218 3923 traducens.
3245 3868 3479 3940 Contigit
3510 3870 3673 3938 igitur

2089 3970 2150 4015 ut
2182 3961 2273 4032 qui
2304 3974 2337 4016 ο
2373 3960 2549 4027 bellis,
2583 3960 2652 4014 de
2684 3960 2879 4027 quibus
2914 3959 3025 4029 jam
3058 3958 3312 4024 diximus,
3358 3960 3540 4028 fugere
3580 3978 3672 4030 po-

2092 4062 2331 4118 tuerunt,
2359 4054 2577 4122 cognita
2617 4052 2988 4106 imbecillitate
3021 4066 3140 4118 sua,
3170 4051 3370 4107 erroris
3396 4055 3475 4106 sui
3500 4054 3674 4122 poeni-

2092 4145 2260 4199 teutia
2308 4146 2659 4209 ducerentur,
2697 4154 3162 4214 agnoscerentque
3183 4153 3236 4197 et
3262 4142 3668 4210 confiterentur,

2089 4233 2255 4290 multa
2325 4242 2381 4289 et
2430 4250 2535 4288 non
2572 4232 2793 4289 ferenda
2846 4248 2967 4288 cum
3031 4244 3381 4302 peccassent,
3447 4243 3556 4288 tum
3582 4235 3673 4289 de—

2090 4342 2236 4380 mum
2278 4327 2447 4381 Deum
2492 4328 2689 4381 iratum
2751 4341 2941 4395 pmnas
2973 4326 3039 4381 ab
3075 4325 3205 4394 ipsis
3260 4326 3668 4395 repoposcisse;

2092 4420 2288 4475 deinde
2350 4435 2561 4474 morum
2615 4433 2834 4473 suorum
2879 4416 3311 4471 emendationem
3372 4406 3483 4470 Deo
3533 4433 3670 4487 quo-

2090 4513 2377 4567 dammodo
2424 4512 2775 4580 sponderent,-
2827 4510 3105 4564 dicentes:
3141 4526 3173 4560 ιν
3209 4505 3346 4563 0dio
3388 4509 3687 4565 habuimus.

2094 4602 2229 4656 mala
2255 4642 2271 4669 ,
2321 4610 2376 4656 et
2405 4601 2691 4656 dileximus
2730 4602 2923 4654 bona.)
2961 4599 3147 4668 Igitur,
3180 4599 3627 4669 quemadmodum
3652 4642 3668 4665 ,

2092 4692 2285 4762 inquit,
2310 4692 2524 4747 dixistis
2556 4708 2591 4746 :»
2618 4709 2637 4743 ι
2662 4691 2919 4758 Quaerite.
2942 4691 3136 4745 bonum
3168 4702 3220 4745 et
3247 4706 3350 4745 non
3386 4693 3582 4747 malum
3606 4735 3620 4757 ,
3645 4713 3667 4746 ι

2092 4794 2151 4838 ut
2176 4794 2229 4838 et
2256 4783 2394 4838 bene
2424 4799 2543 4839 esse
2587 4784 3018 4854 consequamini,
3047 4785 3287 4839 viventes
3324 4785 3620 4841 incolumes
3650 4826 3689 4851 ,,

398 4884 538 4940 εἶναι
571 4886 871 4957 κερδάνητε
903 4883 1107 4948 ζῶντές
1139 4902 1199 4937 τε
1244 4885 1337 4937 καὶ
1383 4884 1700 4953 σωζόμενοι,
1733 4883 1826 4937 καὶ
1864 4884 1982 4955 μεθῖ
2015 4874 2059 4930 D
2087 4885 2142 4931 et
2170 4877 2448 4931 vobiscum
2508 4874 2579 4929 sit
2621 4874 2792 4937 Deus.
2844 4891 3044 4944 pentBS'
3080 4892 3240 4947 quem
3296 4886 3378 4933 est
3433 4889 3668 4948 potestas

399 4978 553 5047 ὑμῶν
567 4977 775 5046 γένοιτο
808 4977 1010 5047 Κύριος
1035 4978 1063 5028 ὁ
1090 4977 1275 5041 Θεὸ;,ό
1293 4976 1511 5029 πάντων
1538 4976 1675 5047 ἔχων
1704 4975 1804 5047 τὴν
1833 4977 1982 5043 ἐξου-

400 5071 541 5124 σίαν.
580 5089 599 5121 ι
642 5070 1151 5139 Ἀποκαταστήσατε
1203 5070 1298 5122 καὶ
1343 5070 1400 5120 ὲν
1459 5069 1655 5132 πύλαις
1710 5071 1931 5139 κρῖμαἰ
1957 5087 1984 5121 ι

398 5160 710 5224 Τουτέστιν,
740 5159 892 5231 ὀρθοὶ
926 5158 1148 5227 γένεσθε
1181 5159 1396 5230 κριταί*
1445 5160 1521 5229 μὴ
1568 5158 1746 5229 ψῆφον
1797 5159 1982 5213 ἄδικον

399 5251 847 5323 καταγράφοντες
894 5251 1002 5304 τῶν
1061 5250 1497 5321 ἀσθενεστέρων·
1567 5250 1643 5320 μὴ
1714 5251 1814 5320 τὴν
1886 5249 1981 5303 τοῦ

396 5344 618 5397 δικαίου.
652 5342 1163 5414 παρασημαίνοντες
1210 5340 1471 5411 δύναμιν·
1518 5342 1655 5411 μήτε
1698 5342 1804 5412 μὴν
1845 5358 1984 5395 κον-

396 5433 700 5499 δυλίζοντες
729 5435 808 5497 εἰς
842 5433 1083 5503 κεφαλὰς
1111 5432 1341 5503 πτωχῶν
1364 5451 1377 5463 ο
1414 5433 1551 5503 μήτε
1575 5432 1691 5485 ὁδὸν
1715 5433 1987 5486 ταπεινῶν

399 5524 760 5590 ἐκκλίνοντες,
789 5523 876 5577 ἵνα
904 5523 1090 5577 λοιπὸν
1120 5522 1425 5595 κατελεήσῃ
1459 5523 1593 5587 Θεὸς
1618 5525 1744 5587 τοὺς
1781 5524 1981 5577 ἐκιτῶν

398 5620 498 5691 ἤδη
548 5617 966 5692 συμϐεϐηκυιῶν
1012 5617 1395 5688 αἰχμαλωσιῶν
1434 5618 1878 5690 περιλειφθέντας
1923 5618 1981 5683 ἐξ

412 5712 630 5780 Ἰωσήφ.
653 5710 917 5783 Σημαίνει
940 5710 997 5764 δὲ
1019 5710 1177 5765 πάλιν
1197 5710 1288 5764 τὸν
1318 5710 1574 5781 Ἑφραῒμ,
1595 5711 1710 5781 ἤτοι
1733 5710 1827 5774 τὰς
1851 5710 1981 5765 δέκα

470 5887 514 5927 ⁸-⁸
543 5884 740 5948 lcrem.
782 5905 985 5958 lxxv",
1018 5891 1051 5945 5
1077 5906 1227 5961 seqq.

2089 4968 2350 5023 omnium.
2375 4987 2393 5018 ς
2433 4966 2497 5020 Ει
2540 4967 2852 5021 constituite
2892 4968 2944 5021 in
2974 4969 3142 5037 portis
3188 4967 3474 5037 judicium,
3508 4987 3526 5021 ι
3565 4969 3668 5024 hoc

2090 5069 2193 5125 est,
2249 5059 2445 5113 sinceri
2490 5057 2911 5126 estotejudices,
2944 5074 3009 5114 ne
3047 5062 3370 5116 sententiam
3428 5060 3668 5130 iniquam

2092 5161 2277 5205 contra
2310 5150 2689 5205 imbecilliores
2722 5150 2927 5217 feratis,
2960 5167 3024 5206 ne
3069 5154 3177 5206 vim
3208 5152 3433 5218 iustitia:
3460 5152 3667 5208 adulte-

2092 5243 2241 5304 retis,
2271 5256 2445 5313 neque
2476 5258 2681 5312 pugnos
2716 5244 2765 5296 in
2799 5247 2973 5312 capita
3013 5261 3309 5314 pauperum
3366 5246 3677 5316 ingeratis,

2092 5348 2264 5402 neque
2313 5334 2475 5397 viam,
2531 5349 2626 5388 seu
2677 5349 2959 5388 occursum
3019 5336 3295 5389 lmmilium
3351 5336 3672 5404 declinetis,

2090 5436 2148 5481 ut
2179 5427 2432 5496 deinceps
2478 5426 2616 5481 Deus
2654 5428 2974 5483 misereatur
3018 5445 3204 5485 eorum
3250 5431 3339 5499 qui
3375 5432 3441 5486 de
3467 5430 3666 5501 Josepb

2089 5534 2153 5574 ex
2176 5519 2575 5588 captivitatibus
2600 5518 2871 5589 prioribus
2890 5533 3285 5578 remanserunt.
3303 5522 3464 5594 305
3488 5524 3664 5597 Signi-

2089 5612 2217 5667 ficat
2251 5626 2440 5665 rursus
2479 5611 2733 5680 prraim
2757 5652 2772 5677 ,
2804 5611 2917 5667 sive
2958 5613 3143 5668 decem
3185 5615 3378 5670 tribus.
3408 5615 3666 5685 Ephraim

2089 5705 2283 5775 quippe
2322 5720 2383 5759 ex
2440 5704 2635 5774 Josepb
2676 5716 2994 5773 procreatus
3046 5706 3185 5774 fuit,
3216 5718 3443 5767 eatenus
3496 5709 3670 5765 etiam

1306 5891 1349 5923 "
1384 5888 1580 5947 Hoau.
1616 5907 1666 5957 v,
1696 5892 1779 5947 lb’.
1857 5893 1901 5925 "
1930 5890 1993 5947 ΙΝ
2022 5892 2153 5961 llcg.
2188 5892 2385 5957 xv,19.
2461 5892 2505 5924 “
2530 5893 2596 5947 Ν
2633 5896 2767 5964 Reg.
2799 5914 2944 5963 xuii,
2977 5900 3043 5957 9..
