4132 6370
458 462 564 520 533

1448 460 1506 516 S.
1550 457 1826 515 CYRILLI
1867 454 2333 510 ALEXANDRINI
2374 449 2695 508 ARCHIEP.

3609 439 3716 495 504

458 582 630 650 patris
672 580 886 635 nomine
919 579 1205 636 indicatur.
1231 579 1434 650 Sapere
1494 581 1660 651 igitur
1696 587 1942 646 oportet,
1978 585 2033 630 et

2140 574 2332 644 φυλάς.
2374 571 2591 642 Ἐπειδὴ
2630 569 2737 640 γὰρ
2784 565 3008 636 γέγονεν
3052 560 3113 626 ἐξ
3147 556 3346 630 Ἰωσὴφ
3385 554 3711 651 δἚῖφραῒμἶ

458 672 668 726 animos
751 681 964 726 nostros
1003 671 1257 739 dirigere,
1306 682 1366 726 ut
1418 681 1680 742 cogantur
1717 671 1826 725 Deo
1881 677 2032 739 grata

457 763 686 828 sentire,
717 773 773 816 et
804 763 1022 818 virtutis
1048 762 1223 819 oliicia
1263 771 1543 831 praastare,
1580 773 1636 815 et
1667 775 1844 815 mores
1871 756 2034 829 justi-

457 854 548 907 tia:
606 869 914 920 capessere,
963 866 1018 908 et
1063 870 1182 924 (pta:
1218 853 1501 908 laudabilia
1549 861 1698 917 sunt,
1733 867 1794 906 ea
1833 865 2030 920 procu-

457 959 578 998 rare
611 946 901 1012 sapienter.
948 944 1040 1002 Sic
1085 946 1228 1000 enim
1280 945 1558 999 nobiscum
1605 951 1935 1003 versantem,
1981 945 2036 993 et

455 1046 824 1107 protegentem
857 1053 952 1092 nos
976 1037 1142 1092 Deum
1182 1037 1555 1092 universorum
1587 1032 1924 1089 habebimus.

527 1301 695 1356 Vens.
727 1299 812 1354 l6.
853 1298 1138 1369 Propterea
1172 1300 1283 1354 haec
1313 1298 1437 1352 dicit
1467 1296 1720 1350 Dominus
1749 1295 1883 1346 Deus
1924 1307 2038 1344 om-

459 1395 695 1464 nipotens
716 1407 735 1446 :
759 1391 823 1446 In
851 1392 1093 1446 omnibus
1125 1390 1314 1460 plateis
1339 1390 1606 1459 planctus,
1639 1396 1688 1441 et
1712 1389 1765 1439 in
1801 1384 2038 1438 omnibus

457 1486 551 1540 siis
583 1485 786 1538 dicetur
827 1482 933 1544 Vm,
968 1498 1066 1537 va'.
1113 1479 1400 1535 Vocabitur
1443 1477 1676 1546 agricola
1718 1477 1771 1530 in
1815 1476 2036 1538 luctum,

455 1582 508 1627 et
552 1573 609 1627 in
660 1571 952 1638 planctum,
1013 1581 1062 1625 et
1118 1571 1188 1624 ad
1236 1569 1456 1623 scientes
1507 1566 1815 1619 lantentnnt.
1872 1560 1941 1614 Et
1981 1561 2036 1614 in

458 1663 700 1716 omnibus
732 1662 830 1715 uiis
852 1661 1116 1729 planctus,
1141 1659 1265 1731 quia
1297 1658 1502 1712 ueniam
1547 1672 1640 1726 per
1676 1653 1908 1708 medium
1936 1651 2033 1716 tui,

458 1756 594 1808 dixit
645 1753 920 1807 Dominus.

531 1843 616 1898 LI.
658 1842 962 1914 Degustatis
979 1840 1093 1912 jam
1119 1840 1243 1896 belli
1274 1838 1449 1904 malis,
1477 1846 1533 1893 et
1555 1836 1768 1891 casibus
1815 1843 2036 1905 practer-

2137 667 2392 738 ταύτῃτοι
2425 665 2521 720 καὶ
2544 661 2623 734 τῷ
2649 659 2744 714 τοῦ
2771 657 2978 728 πατρὸς
3003 655 3226 722 ὀνόματι
3257 649 3598 721 σημαίνεται.
3627 647 3719 699 Δεῖ

2141 757 2206 828 δὴ
2236 752 2329 810 οὖν
2357 754 2466 826 ἄρα
2506 753 2724 825 φρονεῖν
2751 749 2906 822 ὀρθὰ,
2938 749 3031 800 καὶ
3065 746 3165 808 τὰς
3197 742 3332 806 ἰδίας
3365 741 3522 812 ἡμῶν
3547 741 3719 811 ἀπορ-

2140 849 2268 904 θοῦν
2293 845 2527 911 διανοίας
2579 844 2660 908 εἴς
2691 860 2756 912 γε
2785 841 2847 895 τὸ
2876 840 3074 912 χρῆναι
3099 837 3168 892 τὰ
3195 836 3315 905 Θεῳ
3345 833 3565 904 θυμήρη
3593 847 3720 902 φρο-

2139 943 2270 1005 νεῖν,
2297 940 2393 993 καὶ
2415 935 2714 1009 κατορθοῦν
2741 933 2958 1006 ἀρετὴν,
2991 931 3086 986 καὶ
3111 927 3217 982 τῶν
3244 926 3344 997 τῆς
3373 923 3717 994 δικαιοσύνης

2128 1030 2448 1102 ἀντέχεσθαι
2477 1029 2714 1100 τρόπων,
2738 1027 2834 1078 καὶ
2869 1023 3159 1094 ὀρθότητος
3187 1013 3327 1072 εἶναι
3363 1017 3560 1083 σοφοὺς
3601 1017 3719 1068 ἐπι-

2137 1122 2407 1194 μελητάς.
2434 1119 2670 1190 Ἔξομεν
2698 1118 2808 1188 γὰρ
2874 1113 3018 1168 οὕτω
3045 1111 3271 1166 συνόντα
3332 1127 3394 1162 τε
3418 1109 3512 1162 καὶ
3542 1124 3716 1179 προα-

2138 1213 2398 1277 σπίζοντα
2428 1210 2521 1264 τὸν
2550 1210 2659 1263 τῶν
2682 1208 2820 1280 ὅλων
2851 1205 3005 1260 Θεόν.

2211 1304 2315 1357 Διὰ
2355 1301 2532 1357 τοῦτο
2569 1300 2710 1355 τάδε
2741 1297 2904 1368 λέγει
2935 1296 3150 1365 Κύριος
3185 1296 3220 1348 ό
3249 1292 3394 1358 Θεὸς
3426 1293 3462 1344 ό
3498 1305 3718 1342 παντο-

2139 1393 2401 1463 κράτωρ·
2440 1395 2544 1448 Ἐν
2565 1390 2793 1457 πάσαις
2823 1387 2956 1454 ταῖς
2987 1386 3300 1450 πλατείαις
3327 1377 3717 1446 scortator-mai

2136 1487 2209 1542 ἐν
2229 1486 2452 1552 πάσαις
2471 1484 2601 1551 ταῖς
2625 1482 2785 1548 ὁδοῖς
2798 1479 3130 1550 ῥηθήσεται
3147 1495 3161 1508 ο
3189 1474 3355 1538 Οὐαὶ,
3380 1472 3533 1527 οὐαί.
3561 1473 3718 1536 Κλη-

2139 1574 2389 1642 θήσεται
2409 1571 2666 1645 γεωργὸς
2687 1571 2776 1637 είς
2804 1568 3046 1635 πένθος,
3073 1565 3173 1620 καὶ
3203 1562 3481 1627 κοπετὸν,
3507 1559 3604 1614 καὶ
3629 1561 3717 1624 είς

2136 1667 2372 1734 εἰδότας
2415 1663 2660 1735 θρῆνον.
2700 1661 2812 1718 Καὶ
2856 1662 2928 1715 ἐν
2974 1657 3202 1724 πάσαις
3233 1653 3398 1720 ὁδοῖς
3436 1649 3712 1715 κοπετὸς,

2135 1759 2287 1814 διότι
2308 1758 2636 1826 ἐλεύσομαι
2665 1754 2769 1809 διὰ
2791 1751 2986 1823 μέσου
3015 1766 3156 1814 σου,
3179 1744 3312 1803 εἷπε
3336 1747 3570 1813 Κύριος.

2206 1850 2338 1903 NA'.
2386 1846 2879 1916 Ἀπογευσάμενοι,
2915 1841 3070 1913 φησὶ,
3091 1839 3202 1894 τῶν
3240 1839 3307 1892 ὲκ
3337 1835 3435 1890 τοῦ
3476 1832 3716 1902 πολέμου

460 1935 557 1990 itis
588 1950 693 1990 non
725 1934 1074 1988 mediocriter
1095 1930 1357 1995 aﬂlictati,
1375 1927 1700 2001 promisistis
1721 1940 1816 1981 vos
1837 1938 2034 1981 osuros

2140 1940 2349 2004 κακῶν,
2379 1939 2474 1994 καὶ
2502 1940 2619 2002 τοῖς
2646 1936 2748 2008 ἤδη
2789 1933 3196 2007 συμϐεϐηκόσιν
3233 1931 3296 1985 ού
3338 1926 3572 2001 μετρίως
3614 1927 3716 1978 έπ-

459 2026 685 2091 malum,
716 2037 770 2080 et
817 2035 1094 2078 amaturus
1128 2025 1324 2079 bonum
1349 2039 1364 2076 :
1393 2019 1487 2075 sed
1523 2018 1697 2085 brevi,
1729 2026 1784 2072 et
1809 2015 2030 2072 vixdum

2140 2031 2454 2104 ηλγηκότες,
2498 2026 2958 2100 ὲπηγγέλ[λ]εσθε
3005 2027 3188 2098 μισεῖν
3212 2022 3284 2077 τὰ
3327 2018 3564 2091 πονηρὰ,
3623 2015 3719 2070 καὶ

457 2115 759 2170 terroribus
793 2112 899 2167 illis
939 2112 1200 2182 expediti,
1255 2111 1323 2166 ad
1360 2109 1666 2166 socordiam
1711 2104 2028 2168 deﬂexistis,

457 2216 513 2261 et
568 2205 795 2259 revoluti
851 2204 918 2258 ad
974 2213 1156 2258 vetera
1217 2212 1439 2273 peccata
1493 2200 1845 2257 nihilominus
1929 2196 2031 2252 visi

459 2296 616 2352 estis.
664 2295 876 2350 idcirco
937 2292 1049 2364 jam
1112 2294 1362 2349 lamentis
1410 2301 1466 2348 et
1517 2291 1807 2363 gemitibus
1862 2288 2034 2359 plenae

457 2396 619 2444 erunt
648 2387 900 2443 civitates
931 2395 987 2440 et
1014 2385 1156 2452 vici,
1187 2393 1242 2440 et
1271 2385 1472 2454 ubique
1500 2383 1778 2454 lacrymae,
1809 2389 2035 2448 etquae-

458 2488 650 2534 rentur
687 2479 778 2548 qui
813 2477 988 2533 scient
1035 2477 1350 2538 lamentari;
1380 2483 1439 2531 et
1478 2473 1631 2529 vobis
1674 2471 1894 2526 urbanis
1927 2485 2032 2524 non

463 2570 881 2635 sulﬁcientibus,
914 2569 1078 2624 etiam
1112 2566 1347 2637 agricola
1382 2576 1712 2630 assumetur,
1759 2572 1818 2617 ιιι
1846 2575 2037 2631 quam-

458 2664 545 2720 vis
577 2671 795 2735 agreste
835 2671 892 2716 et
935 2661 1198 2716 rusticum
1251 2659 1420 2714 melos
1457 2658 1613 2714 vobis
1654 2655 1954 2720 accinatur,
1980 2661 2037 2709 et

458 2757 836 2827 indigenarum
857 2754 1099 2809 numeris
1126 2754 1464 2808 calamitates
1479 2752 1782 2806 occisorum
1812 2747 2039 2818 lugean-

459 2857 570 2902 tur.
631 2864 650 2898 ι
683 2845 951 2900 Transibo
1001 2843 1148 2898 enim
1199 2857 1300 2912 per
1345 2843 1579 2896 medium
1641 2840 1740 2903 tui,
1769 2857 1788 2890 ι
1841 2835 2038 2908 inquit,

460 2939 678 2993 intuens
735 2945 956 3005 peccata
991 2943 1106 2998 tua,
1156 2944 1209 2988 et
1249 2948 1354 2988 non
1400 2932 1583 3002 procul
1626 2931 1819 2985 absens
1859 2929 1929 2984 ab
1973 2927 2040 2983 iis

458 3030 552 3099 qui
586 3029 889 3098 impietates
913 3029 1133 3082 minime
1145 3026 1392 3082 ferendas
1421 3025 1831 3081 commiserunt.
1855 3022 2042 3090 Quan-

462 3122 554 3176 diu
611 3121 755 3175 enim
805 3119 988 3175 verbis
1043 3128 1247 3173 tantum
1302 3118 1532 3187 castigat
1594 3118 1766 3180 Deus,
1828 3115 2043 3170 videtur

2130 2123 2352 2193 ἀγαπᾷν
2390 2120 2455 2174 τὸ
2490 2120 2654 2174 καλόν
2673 2135 2689 2150 ·
2721 2117 2857 2173 ἀλλά
2893 2115 3068 2189 βραχὺ
3121 2115 3216 2169 καὶ
3259 2112 3415 2182 μόλις
3440 2109 3551 2164 τῶν
3578 2107 3720 2162 ὲκεί-

2135 2211 2228 2266 θεν
2265 2209 2542 2282 δειμάτων
2577 2204 3011 2278 ἀπηλλαγμένοι,
3052 2202 3188 2274 πρὸς
3226 2201 3287 2254 τὸ
3328 2197 3572 2270 ῥᾴθυμον
3609 2193 3717 2246 ἀπ-

2131 2299 2402 2364 εκλίνατε,
2447 2298 2544 2353 καὶ
2577 2297 2734 2351 οὐδὲν
2786 2292 2951 2368 ἦττον
3013 2290 3396 2364 ἀπηρτημένοι
3453 2285 3562 2340 τῶν
3620 2283 3720 2354 ἀρ-

2132 2392 2304 2464 χαίων
2356 2389 2644 2460 ἐφαίνεσθε
2681 2388 2890 2446 κακῶν.
2934 2386 3208 2459 Ταύτῃτοι
3281 2380 3471 2436 λοιπὸν
3521 2377 3719 2464 θρήνου

2133 2456 2231 2542 καὶ
2273 2456 2522 2555 οἰμωγῆς
2542 2483 2837 2551 ἀνάμεστοι
2866 2481 2964 2552 μὲν
2988 2480 3044 2534 αἱ
3069 2456 3274 2540 πόλεις,
3302 2472 3488 2544 κῶμαι
3515 2487 3603 2532 τε,
3627 2456 3722 2522 καὶ

2138 2576 2380 2648 δάκρυον
2412 2573 2714 2644 πανταχοῦ,
2762 2572 2860 2628 καὶ
2888 2570 3116 2642 ζήτησις
3166 2567 3318 2622 ἔσται
3357 2564 3466 2618 τῶν
3503 2562 3720 2615 εἰδότων

2136 2664 2611 2739 κατολοφύρεσθαι
2632 2683 2646 2697 ’
2678 2665 2775 2718 καὶ
2806 2663 2907 2717 οὐκ
2933 2662 3249 2733 ἀρκούντων
3292 2657 3424 2727 ὑμῖν
3452 2657 3534 2717 εἰς
3565 2650 3722 2705 τοῦτο

2138 2758 2248 2812 τῶν
2280 2756 2546 2821 ἀστικῶν,
2590 2754 3084 2827 παραληφθήσεται
3126 2751 3224 2805 καὶ¹
3259 2747 3542 2820 γεωργὸς,
3581 2744 3721 2798 ὥστε

2140 2849 2244 2904 κᾶν
2266 2850 2529 2921 ἀγροῖκον
2555 2849 2686 2920 ὑμῖν
2711 2848 2987 2918 sacruﬁcat
3029 2843 3212 2914 μέλος,
3245 2841 3340 2895 καὶ
3375 2841 3489 2902 τοῖς
3517 2837 3722 2906 ἐπιχω-

2145 2939 2282 3012 ρίοις
2311 2938 2542 3011 ῥυθμοῖς
2566 2937 2667 3001 τὰς
2703 2937 2812 2991 τῶν
2849 2933 3221 2988 πεπτωκότων
3263 2929 3553 3002 ὀδύρεσθαι
3587 2943 3724 2997 συμ-

2142 3031 2334 3104 φοράς.
2387 3050 2406 3083 ι
2447 3029 2806 3099 Διελεύσομαι
2842 3027 2951 3099 γὰρ
2992 3025 3081 3080 διὰ
3137 3025 3302 3097 μέσου
3347 3039 3465 3088 σου,
3496 3040 3514 3073 ι
3565 3019 3718 3090 φησὶ,

2144 3122 2358 3193 ἐφορῶν
2396 3122 2498 3193 ἤδη
2529 3138 2648 3184 πως
2676 3120 2772 3184 τὰς
2802 3119 3097 3190 ἁμαρτίας,
3124 3119 3219 3172 καὶ
3247 3116 3307 3170 οὐ
3351 3115 3542 3185 πόρρω
3591 3110 3722 3165 καθ-

465 3212 864 3283 quodammodo
950 3225 1058 3264 non
1126 3209 1337 3265 adesse.
1391 3207 1527 3263 Cum
1593 3216 1770 3262 autem
1848 3206 2036 3261 iratus-

2145 3211 2396 3284 εστηκὼς
2418 3211 2498 3266 ἔτι
2524 3212 2634 3266 τῶν
2665 3212 2914 3282 ἀφόρητα
2941 3208 3431 3280 δεδυσσεσηκότων.
3454 3206 3597 3267 Ἕως
3627 3202 3724 3273 μὲν

461 3305 750 3360 sceleratos
835 3301 1132 3366 ulciscitur,
1209 3301 1358 3370 quasi
1449 3313 1690 3370 praesens
1743 3298 1933 3362 adest,
1982 3306 2036 3352 et

2144 3306 2255 3377 γὰρ
2287 3305 2431 3359 οὕτω
2463 3302 2712 3358 παιδεύει
2745 3302 2897 3370 Θεὸς,
2926 3302 3074 3356 δοκεῖ
3109 3318 3224 3364 πως
3253 3299 3375 3353 οὐδὲ
3401 3295 3717 3368 ἐφεστάναιο

465 3408 652 3466 poenas
679 3395 892 3466 inﬂigit.
921 3393 1012 3449 Sic
1043 3402 1099 3447 et
1132 3392 1421 3447 Sodomam
1454 3399 1719 3446 venerunt
1761 3388 1939 3458 angeli
1963 3388 2034 3455 ",

464 3489 680 3559 ignibus
728 3485 1000 3542 incensuri
1051 3485 1335 3548 scelestos,
1383 3484 1527 3538 velut
1576 3483 1850 3549 absentes,
1906 3483 2032 3536 dum

467 3596 573 3634 non
601 3579 878 3647 punirent.
903 3576 1090 3644 Itaque
1133 3594 1151 3628 ι
1183 3574 1451 3630 Transibo
1485 3589 1578 3644 per
1609 3575 1844 3629 medium
1879 3574 1977 3636 tui,
2008 3590 2030 3625 ι

466 3669 740 3739 signiﬁcat
767 3666 1176 3736 inspectionem,
1203 3675 1260 3720 et
1294 3675 1501 3734 tempus
1524 3680 1632 3736 quo
1655 3666 1844 3734 punire
1871 3680 2036 3735 opor-

469 3771 598 3825 teat,
629 3759 936 3815 advenisse.

533 3939 699 3993 Vnus.
720 3937 910 3994 18-20.
954 3937 1042 3993 γω
1065 3939 1154 4006 qui
1177 3938 1488 3991 desideratis
1514 3937 1652 3990 diem
1678 3935 1910 3991 Domini.
1939 3933 2038 3989 Ut-

462 4031 592 4102 quid
631 4032 747 4100 ipsa
778 4032 920 4085 vobis
951 4032 1063 4085 dies
1092 4030 1346 4084 Domini?
1366 4041 1415 4085 et
1453 4032 1565 4085 Ittec
1596 4041 1672 4084 est
1707 4033 1950 4098 tenebrte,
1987 4039 2038 4084 et

465 4138 570 4175 non
599 4121 713 4176 lux.
745 4123 1198 4188 Quemadmodum
1223 4125 1266 4176 si
1288 4123 1409 4190 quis
1437 4122 1609 4192 fugiat
1636 4138 1668 4174 a
1691 4123 1826 4191 [acie
1849 4122 2036 4187 leonis,

462 4223 513 4268 ct
544 4224 786 4268 occurrat
815 4215 864 4269 ei
886 4230 1066 4279 ursus,
1097 4224 1146 4269 et
1176 4215 1380 4268 insiliat
1414 4216 1470 4269 in
1495 4215 1728 4281 domum,
1761 4223 1810 4269 et
1841 4215 2038 4283 conﬁr-

468 4315 570 4360 met
616 4321 808 4360 manus
861 4321 986 4361 suas
1045 4321 1202 4376 super
1242 4322 1474 4369 murum,
1527 4316 1576 4360 et
1633 4307 1870 4360 mordeat
1919 4322 2040 4360 eum

464 4411 695 4463 serpens.
741 4393 932 4449 Nonne
961 4395 1330 4451 tenebrtefdies
1359 4392 1594 4458 Domini,
1625 4403 1676 4449 et
1705 4411 1809 4448 non
1837 4394 1953 4458 lux,
1989 4402 2041 4447 et

465 4485 658 4556 caligo,
696 4503 802 4542 non
822 4489 1017 4542 habens
1048 4487 1378 4557 splendorem
1411 4489 1565 4543 haec?

534 4661 700 4734 306
723 4661 828 4718 ιιι.
871 4662 1088 4720 Sanctis
1115 4665 1394 4735 prophetis
1421 4665 1602 4719 l‘utura
1632 4664 1712 4718 eis
1736 4662 2038 4717 vaticinan-

465 4754 632 4821 tibus,
667 4771 861 4825 nempe
884 4756 938 4811 in
973 4760 1220 4827 acerbas,
1265 4769 1320 4814 et
1352 4757 1777 4812 immedicabiles
1809 4755 2036 4810 calami-

466 4854 606 4900 tates
661 4846 999 4914 delapsuros,
1049 4849 1151 4918 ipsi
1201 4852 1290 4918 qui
1342 4850 1666 4919 impotenter
1721 4850 1786 4902 ad
1835 4847 2040 4902 erroris

466 4943 627 4998 opera
683 4930 1017 5000 ferebantur,
1069 4936 1381 5002 irridentes,
1431 4945 1485 4990 et
1538 4937 1688 5002 elati,
1748 4936 2040 5004 aliquando

464 5023 681 5091 quidem
721 5025 957 5088 aiebant,
1010 5028 1299 5095 prophetas
1330 5043 1392 5084 ea
1437 5039 1678 5094 cantare,
1720 5045 1839 5098 quae
1879 5029 2039 5096 longo

465 5125 586 5182 post
630 5125 872 5186 tempore
916 5129 1172 5172 eventura
1213 5120 1408 5180 forent,
1450 5121 1494 5174 si
1529 5121 1874 5175 evenirent“
1899 5138 1913 5174 :
1940 5121 2040 5174 ali-

464 5208 686 5275 quando
721 5224 850 5264 vero
890 5211 1104 5278 penitus
1135 5210 1506 5280 desperantes,
1541 5213 1809 5268 audebant
1833 5214 2039 5277 dicere,

464 5298 613 5368 juxta
659 5315 844 5354 vocem
885 5299 1156 5364 Jeremize,
1217 5320 1236 5353 ι
1271 5301 1368 5356 Ubi
1421 5314 1505 5358 est
1558 5320 1738 5358 sermo
1790 5305 2040 5360 Domini?

465 5390 731 5448 veniat".
767 5409 787 5443 ›
842 5392 1260 5447 Arbitrabantur
1303 5394 1475 5459 enim,
1512 5405 1606 5448 aut
1649 5397 1865 5450 mentiri
1914 5411 2041 5464 pro-

465 5480 679 5548 phetas,
735 5491 792 5537 et
840 5483 1092 5538 inanibus
1129 5485 1585 5542 terriculamentis
1629 5502 1724 5543 eos
1769 5486 2040 5555 implere:

465 5581 561 5623 aut
589 5572 801 5638 saltem,
837 5576 1056 5631 etiamsi
1125 5577 1267 5632 bello
1299 5579 1548 5634 alicunde
1576 5589 1915 5648 peterentur,
1947 5596 2042 5635 su-

466 5661 713 5730 periores
752 5679 811 5718 se
862 5665 1112 5723 hostibus
1163 5667 1396 5735 futuros,
1437 5671 1629 5724 durum
1681 5681 1735 5724 et
1786 5671 2040 5726 invictum

465 5754 658 5819 robur,
694 5755 1142 5830 alacritatemque
1183 5762 1312 5830 ipsis
1342 5775 1696 5833 opponentes.
1731 5764 1926 5819 Verum
1955 5777 2043 5824 est

2140 3398 2210 3452 τά
2251 3397 2309 3451 δὲ
2332 3396 2393 3461 ἐξ
2417 3395 2590 3468 όργῆς
2620 3395 2862 3464 ἐπάγων,
2892 3393 3173 3465 μονονουχὶ
3194 3392 3290 3447 καὶ⁵
3314 3391 3598 3462 πάρεστιν,
3627 3384 3722 3440 καὶ

2142 3489 2457 3562 ὲπιρῤίπτει
2483 3489 2583 3553 τὰς
2619 3487 2797 3572 δίκας.
2835 3485 2993 3541 οὕτω
3018 3486 3116 3540 καὶ
3146 3485 3402 3556 Σοδόμοις
3429 3480 3722 3551 ὲπεφοίτη-

2145 3598 2246 3636 σαν
2275 3579 2520 3648 ἄγγελοι,
2555 3570 3046 3650 κατεμπρήσοντες
3090 3576 3221 3640 τοὺς
3250 3574 3612 3646 ἠσεϐηκότας,
3647 3570 3723 3633 ὡς

2145 3676 2204 3728 ὲν
2243 3673 2324 3744 τῷ
2369 3672 2445 3743 μὴ
2489 3669 2744 3735 κολάζειν
2787 3669 3178 3741 ἀφεστηκότες.
3217 3666 3426 3721 Οὐκοῦν
3465 3664 3548 3725 τὺ,
3581 3682 3600 3714 ι
3629 3666 3718 3714 Δι-

2144 3765 2434 3834 ελεύσομαι
2464 3762 2552 3816 διὰ
2582 3761 2751 3832 μέσου
2783 3777 2900 3822 σου,
2932 3779 2951 3811 ι
2987 3757 3243 3830 σημαίνει
3278 3756 3387 3828 τὴν,
3413 3753 3724 3822 ἐπίσκεψιν,

2143 3856 2239 3911 καὶ
2265 3855 2358 3909 τὸν
2385 3854 2480 3908 τοῦ
2513 3851 2836 3918 κολάζεσθαι
2863 3851 2972 3905 δεῖν
3003 3849 3346 3921 ἐφεστηκότα
3365 3847 3577 3918 καιρόν.

2217 3945 2363 4001 Οὐαὶ
2385 3944 2891 4012 οἱὲπιθυμοῦντες
2919 3943 3035 4011 τὴν
3066 3943 3297 4012 ἡμέραν
3323 3941 3566 4008 Κυρίου.
3586 3938 3724 3992 Ἵνα

2143 4039 2202 4093 τι
2217 4037 2372 4106 αὐτὴ
2394 4037 2538 4108 ὑμῖν
2558 4038 2598 4105 ἡ
2620 4037 2812 4106 ἡμέρα
2843 4034 2950 4089 τοῦ
2976 4035 3234 4102 Kvplov;
3256 4031 3358 4086 καὶ
3379 4031 3529 4097 αὕτη
3553 4028 3724 4084 ἐστὶν

2144 4132 2387 4196 σκότος,
2417 4129 2519 4183 καὶ
2545 4131 2618 4183 οὐ
2644 4127 2790 4198 φῶς.
2828 4130 2937 4182 Ὃν
2958 4128 3183 4195 τρόπον
3209 4123 3321 4180 ἐάν
3344 4142 3436 4190 τις
3465 4123 3623 4193 φύγῃ
3653 4121 3724 4174 ἐκ

2145 4222 2470 4290 προσώπου
2499 4219 2770 4286 λέοντος,
2795 4219 2896 4273 καὶ
2922 4217 3156 4288 ἐμπέσῃ
3183 4215 3344 4282 αὐτῷ
3365 4215 3603 4284 ἄρκτος,
3624 4213 3724 4266 καὶ

2144 4310 2492 4380 είσπηδήσῃ
2527 4313 2614 4378 εις
2651 4311 2760 4364 τὸν
2810 4305 3010 4372 οἷκον,
3051 4307 3150 4362 καὶ
3183 4306 3571 4375 ἀπερείσηται
3617 4302 3726 4367 τὰς

2146 4405 2349 4474 χεῖρας
2394 4404 2583 4459 αὐτοῦ
2618 4403 2721 4457 ἐπί
2764 4402 2873 4457 τὸν
2900 4402 3137 4469 τοῖχον,
3187 4399 3286 4453 καὶ
3338 4398 3492 4467 δάκῃ
3539 4398 3726 4450 αὑτὸν

2147 4496 2304 4565 ὄφις.
2345 4495 2492 4563 Οὐχὶ
2544 4494 2766 4560 σκότος
2795 4493 2835 4560 ἡ
2883 4492 3078 4562 ’ἡμέρα
3110 4491 3216 4545 τοῦ
3249 4491 3489 4557 Κυρίου,
3522 4487 3619 4542 καὶ
3651 4487 3724 4540 οὐ

2070 4602 2118 4658 ι)
2145 4586 2291 4658 φῶς,
2322 4587 2422 4642 καὶ
2450 4588 2694 4657 γνόφος,
2720 4588 2832 4640 οὐκ
2858 4585 3016 4653 ἔχων
3038 4584 3258 4653 φέγγος
3286 4582 3477 4648 αὕτηὲ

2215 4680 2343 4734 NB'.
2422 4679 2545 4733 Τῶν
2615 4679 2786 4747 ἁγίων
2872 4677 3165 4749 προφητῶν
3243 4671 3726 4744 προαγορευόντων

2144 4771 2329 4835 αὐτοῖς
2384 4771 2454 4824 τὰ
2501 4771 2771 4842 ἐσόμενα,
2836 4768 2935 4824 καὶ
2991 4769 3072 4822 ὅτι
3120 4771 3343 4836 πικραῖς
3421 4764 3516 4817 καὶ
3574 4762 3728 4815 ἀνιά-

2141 4880 2256 4926 τοις
2288 4859 2712 4934 περιπεσοῦνται
2760 4863 3085 4932 συμφοραῖς,
3114 4856 3517 4918 διανενευκότες
3563 4855 3728 4922 ἀσχέ-

2142 4970 2252 5016 τως
2277 4955 2370 5004 ἐπὶ
2393 4953 2463 5006 τὰ
2500 4957 2599 5024 τῆς
2636 4953 2956 5021 πλανήσεως
2986 4953 3151 5021 ἔργα,
3214 4946 3572 5016 διαγελῶντες
3629 4945 3726 4997 καὶ

2143 5044 2514 5114 ὑπτιούμενοι,
2556 5046 2686 5098 ποτὲ
2717 5045 2814 5115 μὲν
2844 5045 3112 5110 ἔφασκον,
3147 5043 3227 5104 είς
3269 5040 3594 5110 ὑπερθέσεις
3629 5037 3726 5089 καὶ

2147 5137 2371 5208 χρόνους
2417 5137 2743 5209 δραμεῖσθαι
2793 5137 2921 5200 τοὺς
2959 5139 3273 5207 προφήτας·
3330 5133 3462 5185 ποτὲ
3519 5131 3576 5184 δὲ
3629 5130 3726 5183 καὶ

2145 5229 2456 5299 ὁλοτρόπως
2494 5229 2911 5297 ἀπεγνωκότες,
2953 5226 3279 5297 ἀπετόλμων
3323 5223 3525 5291 λέγειν,
3581 5219 3726 5273 κατὰ

2147 5335 2212 5386 γε
2239 5319 2340 5389 τὴν
2387 5319 2651 5390 Ἱερεμίου
2682 5320 2886 5390 φωνήν·
2943 5338 2960 5370 ι
2996 5319 3107 5370 Ποῦ
3137 5317 3272 5370 ποτέ
3317 5317 3468 5369 ἐστιν
3501 5314 3530 5364 ὁ
3564 5310 3726 5378 λόγος

2143 5411 2386 5482 κυρίους
2429 5410 2649 5466 ἐλθέτω.
2682 5431 2702 5464 ι
2734 5413 2923 5482 ᾭοντο
2955 5411 3098 5483 γὰρ,
3130 5410 3207 5474 ὡς
3235 5410 3270 5480 ἢ
3332 5405 3724 5478 ψευδοεποῦσιν

2144 5502 2197 5554 οἱ
2250 5501 2567 5573 προφῆται,
2614 5503 2713 5557 καὶ
2765 5502 3040 5574 δειμάτων
3087 5502 3286 5565 αὐτοὺς
3329 5494 3724 5567 ἀναπιμπλῶσι

2145 5592 2351 5645 κενῶνο
2381 5593 2553 5664 ἤγουν
2603 5597 2653 5648 εἰ
2697 5594 2791 5648 καί
2836 5612 2921 5659 τις
2969 5593 3090 5649 κατ’
3127 5591 3308 5647 αὐτῶν
3361 5590 3430 5644 ἴοι
3461 5588 3720 5658 πόλεμος,

2144 5682 2404 5753 ἀμεινους
2447 5683 2660 5738 ἔσονται
2701 5686 2800 5758 τῆς
2837 5687 3061 5741 ἐκείνων
3091 5685 3306 5758 χειρὸς,
3341 5681 3584 5753 σκληρὰν
3625 5679 3724 5732 καὶ

2146 5775 2479 5847 δυσάντητον
2509 5778 2935 5844 ἀντανιστῶντες
2961 5779 3143 5844 αὐτοῖς
3171 5779 3342 5848 ἀλκήν
3375 5793 3436 5830 τε
3466 5777 3561 5830 καὶ
3582 5789 3721 5844 προ-

537 5868 584 5901 ⁵⁸
626 5870 761 5927 Gen.
791 5891 903 5940 XIX,
936 5878 986 5931 l.
1063 5879 1109 5911 '°
1141 5878 1336 5936 Ezech.
1369 5899 1464 5947 xu,
1496 5884 1586 5948 2-9.,
1621 5884 1710 5938 ‘25.
1788 5887 1831 5917 ⁵⁷
1860 5889 2060 5945 Jerem.
2095 5909 2224 5959 xvii,
2261 5895 2342 5949 l5.
