4132 6370
336 452 444 509 505

1290 437 1845 504 COMMENTARIUS
1879 437 1950 492 IN
1988 433 2177 489 AMOS
2216 424 2660 487 ΡιιονιιΕτΑιι.

3504 407 3614 463 506

339 568 561 640 θυμίαν.
610 567 833 639 Ἀληθὲς
881 568 1013 640 γὰρ,
1042 568 1126 622 ὅτι
1168 587 1187 619 ι
1223 567 1397 620 Ὅταν
1436 563 1567 635 ἔλθῃ
1609 559 1814 630 ἀσεϐὴς
1846 559 1961 620 είς⁴

2065 556 2173 609 nim
2224 551 2377 614 illud,
2439 568 2458 599 ι
2490 545 2690 615 Impius
2742 553 2861 592 cum
2907 536 2960 590 in
3007 531 3333 604 profundum
3374 530 3609 596 vencrit,

343 662 508 735 βάθος
534 662 744 725 κακῶν,
772 664 1126 733 καταφρονεῖ.
1148 681 1167 714 ι
1200 660 1340 714 Ἀλλ’
1367 660 1416 712 oi
1444 657 1638 711 τοιοίδε
1661 653 1763 725 τὴν
1785 651 1923 718 ἐξιν,

342 754 596 824 καθάπερ
616 754 687 807 τὰ
709 752 816 807 τῶν
838 753 1168 824 τραυμάτων
1190 749 1613 821 ἀπεγνωσμένα,
1645 740 1928 816 μονονουχὶ

345 844 707 915 κεκράγασιν,
743 844 825 897 ὃτι
857 844 1028 915 πυρὸς
1056 843 1267 896 δέονται
1299 841 1395 894 καὶ
1430 838 1629 909 τομῆς,
1692 834 1786 887 καὶ
1818 831 1929 885 τῶν

345 935 604 990 τοιούτων
630 936 766 989 εἰσὶν
796 936 856 989 ἐν
885 934 1173 1005 ἐπιθυμίᾳ.
1196 932 1405 1002 Διψῶσι
1436 930 1544 1002 γὰρ
1574 927 1775 999 τρόπον
1806 922 1931 977 τινὰ

347 1029 409 1083 τὸ
432 1029 627 1101 χρῆναι
674 1027 1024 1091 κολάζεσθαι,
1062 1027 1155 1080 καὶ
1184 1028 1233 1078 εί
1280 1023 1356 1095 μὴ
1398 1022 1579 1093 τοιᾷδε
1623 1018 1811 1073 λοιπὸν
1835 1017 1931 1069 κέ-

349 1139 581 1194 χρηνται
610 1124 782 1192 φωνῇ.
813 1121 951 1174 Otia).
969 1121 1174 1181 τοίνυν,
1202 1116 1390 1187 φησὶν,
1424 1118 1538 1177 τοῖς
1563 1113 1713 1166 οὐδὲν
1742 1110 1931 1180 ἓτερον

354 1213 680 1285 ἐπιθυμοῦσί
700 1230 762 1265 τε
805 1212 901 1266 καὶ
939 1210 1338 1282 ἐκδεχομένοις,
1358 1208 1391 1279 ἦ
1410 1206 1508 1276 τὴν
1534 1206 1633 1275 τῆς
1660 1202 1934 1262 κολάσεως

356 1306 593 1376 ἡμέραν,
622 1305 690 1375 ἣν
716 1305 926 1375 Κυρίου
968 1302 1124 1373 φησί·
1154 1302 1419 1369 ἐπάγεται
1455 1297 1565 1368 γὰρ
1601 1294 1751 1364 παρὰ
1773 1291 1932 1345 Θεοῦ.

359 1398 480 1451 Ἵνα
503 1396 554 1450 τί
582 1397 763 1450 τοίνυν
798 1396 959 1466 αὐτὴ,
981 1396 1137 1466 φησι,
1167 1395 1295 1464 ὑμῖν
1348 1391 1537 1451 σκότος
1562 1383 1718 1449 οὖσα,
1749 1385 1846 1438 καὶ
1874 1383 1934 1436 οὐ

360 1488 496 1559 φῶς
524 1488 614 1542 διά
643 1506 726 1541 τοι
750 1488 812 1541 τὸ
844 1487 1124 1550 πλείσταις
1156 1487 1311 1548 ὅσαις
1354 1477 1776 1551 ἀναπεπλῆσθαι
1799 1492 1939 1545 συμ-

361 1581 593 1649 φοραῖς.
621 1578 696 1631 Θὺ
736 1576 843 1648 γὰρ
866 1576 932 1631 ἂν
964 1576 1174 1645 γένοιτο
1223 1572 1498 1628 διεκδῦναι
1534 1587 1697 1633 τισιν,
1737 1566 1843 1620 οὐδ’
1872 1563 1939 1619 ἂν

362 1671 467 1736 ἔξω
490 1689 577 1735 τις
610 1672 678 1725 τοι
706 1668 803 1724 τοῦ
839 1668 1012 1723 κακοῦ
1032 1686 1044 1699 ·
1069 1668 1184 1722 ἀλλ’
1206 1670 1235 1721 ὁ
1265 1666 1423 1720 τοῦτο
1453 1661 1662 1734 φυγὼν,
1684 1660 1776 1714 ὑπ’
1797 1656 1943 1711 ἐκεί-

362 1781 457 1816 νου
510 1761 879 1833 ληφθήσεται,
929 1761 1168 1824 καὶτοῖς
1194 1760 1257 1813 τὸ
1306 1758 1523 1831 πρῶτον
1576 1753 1940 1817 ἐκνενευκόσι,

366 1852 693 1924 συναντήσει
727 1852 788 1905 τὸ
826 1849 1104 1922 δεύτερον.
1151 1848 1322 1903 Τοῦτο
1350 1846 1461 1917 γάρ
1498 1847 1616 1898 ἐστι
1646 1842 1709 1895 τὸ
1748 1840 1944 1908 διαφυ-

2033 642 2411 702 contemnit”.
2446 660 2464 692 ι
2506 638 2613 691 Sed
2652 633 2743 703 qui
2779 629 2870 685 tali
2912 638 3041 682 sunt
3075 624 3285 688 habitu,
3322 621 3468 675 velut
3508 620 3605 674 de-

2035 747 2250 808 sperata
2316 735 2571 793 vulnera,
2635 733 2842 778 tantum
2893 736 3000 774 non
3055 717 3333 778 clamant,
3380 715 3502 782 igne
3559 721 3616 766 et

2036 806 2275 885 sectione
2302 843 2361 881 se
2384 824 2645 892 indigere,
2672 828 2727 873 et
2757 818 2855 873 ista
2883 813 3217 869 desiderant.
3248 809 3441 876 Aliquo
3465 806 3609 859 enim

2037 921 2198 977 modo
2236 916 2575 989 punitionem
2626 910 2991 966 necessariam
3047 905 3257 967 sitiunt,
3303 898 3514 955 etiamsi
3565 896 3616 950 id

2039 1026 2171 1069 voce
2196 1027 2304 1065 non
2333 1008 2709 1063 lestiﬁcentur.
2739 1001 2831 1056 Vm
2858 1001 3041 1071 igitur,
3076 997 3273 1067 inquit,
3308 992 3439 1048 nihil
3473 990 3617 1045 aliud

2040 1105 2405 1175 cupientibus,
2427 1111 2483 1157 et
2500 1098 2969 1171 ex3pectantibus,
2990 1111 3150 1163 quam
3176 1089 3422 1160 supplicii
3447 1088 3614 1150 diem,

2040 1211 2202 1263 quam
2233 1195 2373 1249 diem
2405 1192 2619 1246 Domini
2652 1188 2905 1259 appellat,
2935 1204 2964 1241 a
2998 1187 3108 1240 Deo
3138 1185 3284 1238 enim
3322 1180 3616 1234 inducitur.

2046 1287 2247 1357 thuid
2304 1287 2468 1357 igitur
2500 1285 2638 1353 ipsa,
2670 1282 2866 1350 inquit,
2910 1294 3031 1349 qua:
3062 1276 3215 1329 vobis
3248 1272 3482 1326 tenebra:
3511 1276 3619 1331 est,

2044 1394 2150 1433 non
2181 1377 2297 1432 lux?
2315 1376 2455 1443 Quia
2480 1375 2736 1429 nimirum
2768 1373 2925 1440 longe
2951 1367 3196 1438 plurimis
3224 1359 3623 1418 calamitatibus

2044 1469 2428 1540 opplebimiui.
2483 1465 2601 1521 Non
2649 1465 2794 1519 enim
2830 1462 3016 1516 licebit
3049 1461 3302 1527 cuiquam
3346 1451 3620 1519 eliugere;

2046 1580 2147 1619 nec
2176 1563 2462 1633 quisquam
2501 1560 2744 1615 elabetur
2776 1555 2940 1618 malo,
2972 1552 3066 1608 sed
3097 1550 3191 1619 qui
3232 1549 3334 1602 hoc
3362 1544 3617 1602 evaserit.

2048 1654 2115 1709 ab
2151 1630 2243 1707 illo
2291 1630 2799 1720 comprehendetur,
2831 1653 2885 1697 et
2925 1642 3018 1713 qui
3059 1640 3211 1711 prius
3250 1630 3621 1689 declinaverit.

2049 1749 2097 1802 ei
2139 1747 2371 1800 alterum
2420 1749 2691 1797 occurret.
2732 1737 2846 1792 Hoc
2890 1735 3033 1791 enim
3075 1741 3178 1798 est,
3215 1745 3280 1784 ex
3329 1741 3424 1781 ore
3456 1722 3628 1776 leonis

2053 1839 2306 1909 eﬂugere,
2337 1848 2394 1891 et
2425 1836 2478 1890 in
2507 1848 2692 1888 ursum
2731 1829 2993 1885 incidere.
3031 1825 3171 1892 Quin
3210 1822 3396 1883 etiam,
3431 1815 3630 1884 inquit,

364 1946 484 2013 γεῖν
523 1905 626 2014 μὲν
662 1945 729 1997 ἐκ
768 1905 1035 2013 στόματός
1071 1940 1309 2007 λέοντος,
1348 1905 1610 2009 ἐμπεσεῖν
1641 1934 1700 1987 δὲ
1740 1932 1822 1994 εἰς
1851 1905 1949 2002 ἀρ·-

2063 1933 2100 1987 si
2134 1931 2255 1999 quis
2298 1929 2436 1982 forte
2480 1936 2732 1979 securum
2778 1935 2837 1973 se
2864 1933 2989 1973 esse
3013 1912 3248 1975 duxerit,
3286 1912 3501 1964 domum
3552 1905 3634 1959 in-

367 2052 514 2088 κτον.
570 2034 733 2088 Ἀλλά
784 2033 887 2088 κᾶν
931 2032 987 2085 εἶ
1020 2049 1108 2095 τις
1147 2031 1347 2097 οίοιτο,
1377 2029 1542 2100 φησὶ,
1602 2028 1661 2079 ἐν
1717 2023 1951 2092 ἀσφαλεῖ

366 2124 623 2194 γενέσθαι
656 2124 843 2195 τυχὸν,
873 2123 1152 2178 εἰσελάσαι
1181 2140 1242 2175 τε
1261 2124 1341 2185 είς
1362 2121 1462 2189 τὴν
1489 2117 1689 2183 οἰκίαν,
1715 2118 1833 2169 ἐκεῖ
1853 2114 1955 2168 θα-

369 2219 516 2290 νάτῳ
550 2218 981 2290 παραπεσεῖται,
1018 2217 1133 2277 τοῖς
1160 2214 1335 2283 ὄφεως
1366 2213 1638 2282 δήγμασιν
1676 2210 1955 2280 ἀδοκήτως

371 2312 828 2382 ὑπενηνεγμένος.
886 2307 1022 2363 Θεοῦ
1076 2307 1184 2378 γάρ
1236 2322 1361 2359 τινα
1394 2303 1810 2364 συνελαύνοντος
1874 2302 1957 2362 εἰς

247 2437 276 2491 ’,ε
370 2404 590 2476 δλεθρόν
617 2422 678 2457 τε
705 2404 800 2457 καὶ
834 2402 1054 2468 πόνους,
1091 2400 1174 2463 τίς
1203 2401 1231 2453 ὁ
1264 2396 1577 2461 διασώσων;
1605 2396 1692 2459 τίς
1736 2395 1959 2447 ἐπικου-

378 2500 553 2569 ρήσει,
588 2495 686 2550 καὶ
718 2494 1022 2565 ἀπαλλάξει
1058 2493 1158 2563 τῆς
1187 2490 1376 2560 δίκης;
1402 2490 1436 2560 ἢ
1469 2491 1621 2553 ποῖος
1648 2489 1800 2541 ἔσται
1832 2485 1960 2554 τρό-

377 2607 501 2653 πος,
529 2588 591 2642 ὃν
630 2590 680 2641 εί
713 2586 985 2641 διελάσειέ
1037 2602 1156 2648 τις,
1203 2583 1309 2647 ἔξω
1346 2583 1557 2652 γένοιτο
1600 2580 1708 2634 τῶν
1741 2578 1957 2643 κακῶν;

376 2680 568 2743 Οὐδεὶς
612 2676 918 2741 παντελῶς.
962 2694 982 2728 t
1013 2676 1125 2747 Τὴν
1150 2674 1260 2743 γὰρ
1285 2676 1444 2744 χεῖρα
1495 2672 1592 2743 τὴν
1623 2669 1835 2742 ὑψηλὴν
1877 2668 1962 2733 τίς

377 2770 738 2842 ἀποστρέψεις
768 2790 787 2821 ι
816 2770 914 2823 καὶ
955 2787 974 2820 ι
1004 2767 1129 2821 Ἐὰν
1152 2766 1342 2838 κλείσῃ
1367 2764 1512 2820 κατά
1542 2763 1852 2836 ἀνθρώπου,
1878 2761 1964 2827 τίς

378 2862 615 2929 ἀνοίξει;
648 2881 668 2915 ι
697 2861 838 2915 κατὰ
868 2859 931 2912 τὸ
952 2858 1365 2929 γεγραμμένον.

450 2954 793 3023 Μεμίσηκα,
835 2952 1117 3021 ἀπῶσμαι
1164 2948 1371 3018 ἑορτὰς
1400 2946 1602 3018 ὑμῶν,
1642 2945 1747 3001 καὶ
1780 2946 1851 3000 οὐ
1881 2943 1964 3016 μὴ

384 3044 707 3116 ὀσφρανθῶ
737 3046 809 3099 ἐν
836 3043 968 3110 ταῖς
1005 3042 1423 3112 πανηγύρεσιν
1450 3038 1637 3109 ὑμῶν.
1677 3038 1834 3091 Διότι
1860 3035 1969 3090 ἐὰν

381 3136 743 3207 ἁνενέγκητέ
761 3153 865 3205 μοι
887 3133 1353 3203 ὁλοκαυτώματα
1407 3132 1505 3185 καί
1534 3131 1757 3191 θυσίαις
1776 3127 1971 3198 ὑμῶν,

383 3233 458 3285 οὐ
487 3227 913 3297 προσδέξομαι,
959 3225 1059 3279 καὶ
1091 3225 1388 3293 σωτηρίου
1418 3222 1769 3293 ἐπιφανείας
1802 3219 1971 3291 ὑμῶν

384 3327 496 3381 οὐκ
519 3322 940 3391 ἐπιϐλέψομαι.

455 3413 582 3467 NI”.
628 3412 885 3483 Ἀρμόσοι
915 3409 982 3463 ἂν
1013 3410 1042 3462 ὁ
1068 3408 1226 3475 λόγος
1259 3409 1371 3470 τοῖς
1397 3404 1456 3471 ἐξ
1492 3404 1659 3458 ’ἰούδα
1737 3402 1973 3473 μάλιστα

389 3504 485 3557 καὶ⁵
521 3501 803 3567 Βενιαμίν.
846 3502 913 3555 Αἱ
948 3500 1045 3570 μὲν
1077 3497 1187 3568 γὰρ
1214 3498 1273 3549 ἐν
1312 3494 1601 3565 Σαμαρείᾳ
1639 3492 1829 3560 φυλαὶ,
1850 3492 1974 3553 ταῖς

388 3594 499 3649 τῶν
561 3594 798 3647 εἰδώλων
840 3590 1121 3662 λατρείαις
1174 3588 1483 3657 ὁλοτρόπως
1538 3584 1969 3656 προσκείμεναι,

391 3686 625 3759 ρᾴθυμοί
670 3703 732 3738 τε
780 3684 987 3754 σφόδρα
1068 3681 1165 3733 καὶ
1198 3678 1332 3732 πολὺ
1366 3676 1809 3747 κατημεληκότες
1861 3672 1975 3725 τῶν

388 3781 480 3836 διὰ
509 3778 751 3841 Μωσέως
772 3778 1057 3848 ἡλίσκοντο
1083 3776 1281 3844 νόμων.
1306 3773 1370 3825 Οἱ
1393 3771 1450 3823 δὲ
1470 3772 1526 3822 ἐν
1559 3765 1973 3839 Ἱεροσολύμοις,

390 3871 549 3926 ἔθυον
578 3869 678 3940 μὲν
714 3870 772 3922 ἐν
808 3869 922 3930 τοῖς
956 3865 1182 3937 ὑψηλοῖς
1212 3863 1291 3934 τῷ
1320 3862 1488 3925 Βάαλ,
1520 3859 1616 3912 καὶ
1654 3860 1719 3928 τῇ
1749 3856 1978 3927 στρατιᾷ

390 3961 487 4016 τοῦ
508 3961 570 4014 ού
580 3958 739 4030 ρανοῦ
759 3958 1036 4030 προσῆγον
1060 3956 1313 4020 σπονδὰς,
1337 3951 1745 4027 ύπεπλάττοντο
1763 3948 1818 4001 δὲ
1841 3947 1978 4017 πρὸς

308 4111 316 4119 ,
391 4054 567 4124 τούτῳ
600 4052 694 4106 καὶ
721 4051 820 4120 τῆς
852 4051 933 4113 είς
964 4048 1128 4119 νόμον
1157 4047 1338 4110 αἰδοῦς
1373 4042 1642 4099 ποιεῖσθαι
1668 4039 1977 4113 φροντίδας,

394 4147 492 4199 καὶ
529 4140 882 4214 ἀποπληροῦν
918 4139 1241 4209 ἐπείγεσθαι
1276 4139 1369 4192 καὶ
1392 4135 1605 4200 θυσίας,
1634 4134 1729 4188 καὶ
1761 4130 1978 4203 ἐορτάς.

408 4236 551 4290 Ἀλλ’
591 4237 675 4289 ὃτι
704 4233 881 4287 ταῦτα
911 4233 1217 4303 μεμίσηκεν
1264 4233 1294 4283 ὁ
1315 4230 1425 4282 τῶν
1454 4228 1592 4282 ὅλων
1621 4224 1979 4297 δημιουργὸς,

396 4327 495 4379 καὶ
517 4325 606 4378 διὰ
636 4322 821 4392 φωνῆς
854 4321 1077 4374 Ἡσαΐου
1103 4320 1338 4391 φανερὸν
1368 4320 1623 4380 ἐποιεῖτο,
1646 4315 1845 4383 λέγων·
1878 4332 1894 4363 t
1916 4312 1982 4365 Τί

2054 2037 2294 2096 gressus,
2328 2020 2437 2074 illic
2463 2018 2517 2072 in
2547 2024 2749 2085 pestem
2777 2011 3001 2071 incidet,
3038 2005 3331 2075 improviso
3358 1998 3631 2061 morsibus

2055 2087 2320 2182 serpentis
2369 2110 2661 2179 appetitus.
2720 2105 2828 2159 Deo
2880 2100 3027 2155 enim
3057 2093 3367 2165 quempiam
3418 2091 3471 2143 in
3517 2087 3635 2142 cxi—

2058 2178 2188 2259 tium
2229 2213 2284 2257 et
2314 2178 2585 2256 aerumnas
2636 2193 2982 2263 impellente,
3036 2187 3161 2258 quis
3209 2180 3483 2239 salt/abit?
3512 2178 3636 2248 quis

2056 2303 2357 2355 succurret,
2386 2302 2444 2346 et
2465 2304 2496 2343 a
2519 2302 2679 2358 poena
2701 2281 2989 2341 liberabit?
3018 2290 3110 2335 aut
3138 2276 3261 2348 quis
3301 2274 3406 2329 erit
3446 2271 3637 2325 modus

2057 2401 2164 2457 quo
2211 2385 2337 2454 quis
2386 2384 2637 2445 decurso,
2694 2375 2955 2434 immunis
3002 2371 3075 2428 sit
3123 2385 3153 2424 a
3207 2366 3402 2422 malis?
3446 2364 3638 2418 Nullus

2058 2491 2299 2547 prorsus.
2330 2494 2350 2526 ι
2376 2473 2590 2528 Manum
2618 2471 2763 2526 enim
2792 2480 3098 2534 supremam
3125 2462 3247 2531 quis
3271 2467 3479 2513 avertet
3496 2455 3581 2509 5"?
3611 2472 3634 2505 s

2060 2570 2146 2635 Et,
2182 2587 2202 2621 ι
2234 2570 2280 2624 si
2325 2564 2581 2622 clauserit
2609 2571 2799 2618 contra
2848 2557 3150 2620 hominem,
3184 2552 3305 2623 quis
3334 2547 3576 2620 aperiet?
3613 2564 3637 2599 ι

2063 2672 2122 2718 ιιι
2153 2661 2410 2733 scriptum
2442 2669 2523 2713 eat
2544 2655 2611 2712 ‘°.

2138 2948 2306 3005 Vens.
2348 2943 2441 3005 2|,
2473 2940 2567 2994 ἓξ.
2612 2936 2737 3001 Odi,
2769 2934 2965 3005 projeci
2995 2931 3303 3001 festivitates
3336 2936 3554 2989 vestras,
3596 2932 3646 2978 et

2068 3060 2173 3097 non
2212 3036 2476 3093 odorabor
2499 3033 2555 3086 in
2594 3029 2928 3084 conventibus
2965 3024 3167 3078 vestris.
3199 3020 3338 3087 Quia
3362 3019 3407 3072 si
3442 3015 3647 3071 obtule-

2070 3136 2186 3187 ritt's
2236 3129 2365 3184 mihi
2412 3124 2743 3184 holocausta,
2784 3129 2830 3173 el
2880 3115 3205 3184 sacriﬁcium
3259 3123 3507 3171 vestrum,
3546 3124 3650 3161 non

2072 3224 2378 3291 suscipiam,
2416 3229 2463 3273 et
2485 3219 2719 3272 salutare
2748 3210 3099 3283 apparitionis
3135 3218 3319 3262 vestra:
3344 3220 3448 3258 non
3481 3202 3651 3271 respi-

2071 3319 2228 3373 ciam.

2140 3407 2270 3464 Llll.
2307 3404 2483 3462 Verba
2522 3404 2637 3458 haec
2681 3400 2733 3453 itt
2762 3396 2959 3452 Judam
3003 3405 3058 3448 et
3094 3389 3374 3460 Beniamin
3420 3401 3651 3455 prteser-

2073 3502 2167 3556 tim
2189 3494 2592 3568 quadraverint.
2624 3489 2819 3544 Tribus
2852 3485 2997 3540 enim
3022 3484 3074 3537 in
3109 3480 3355 3536 Samaria
3384 3477 3652 3531 idolorum

2074 3566 2237 3650 cultui
2268 3585 2595 3644 omnimodis
2620 3581 2869 3641 atldictze,
2906 3584 2962 3630 et
2985 3572 3383 3627 socordissima:
3408 3566 3656 3637 307gct

2076 3687 2239 3742 Musis
2283 3684 2458 3752 legum
2510 3679 2646 3731 mire
2692 3668 3025 3741 negligentes
3077 3663 3649 3734 deprelieudebantur.

2075 3771 2553 3847 llierosolymitani
2597 3784 2726 3823 vero
2771 3760 3123 3819 immolabant
3164 3757 3382 3827 quidem
3419 3753 3547 3807 Baal
3602 3751 3655 3804 in

2076 3868 2395 3931 excelsis,et
2429 3861 2632 3917 militiae
2665 3858 2787 3913 caeli
2816 3848 3387 3911 oll'erebantlibamina
3414 3863 3428 3912 ;
3454 3842 3656 3899 nihilo-

2079 3963 2258 4017 minus
2305 3974 2365 4013 se
2429 3956 2594 4010 etiam
2641 3951 2772 4019 legis
2830 3944 3187 4002 reverentiam
3232 3939 3382 3995 cordi
3435 3935 3657 3995 habere,

2079 4066 2136 4111 et
2159 4050 2486 4109 contendere
2524 4044 2791 4101 sacriﬁcia
2822 4038 3037 4102 oiIerre,
3069 4046 3124 4089 et
3150 4033 3318 4088 festos
3345 4030 3464 4085 dies
3498 4040 3661 4096 agere

2082 4146 2429 4204 simulabant.
2468 4141 2670 4196 Verum
2707 4134 2888 4206 opifex
2930 4132 3170 4184 omniutn
3223 4143 3285 4182 se
3331 4124 3446 4179 haec
3482 4122 3664 4175 odisse

2080 4240 2246 4293 etiam
2277 4250 2410 4288 voce
2444 4231 2596 4287 Isaiae
2627 4237 2879 4290 testatur,
2924 4235 3119 4290 nempe
3149 4220 3251 4273 hac
3279 4234 3295 4271 :
3328 4233 3347 4266 t
3378 4215 3496 4280 Quo
3530 4211 3661 4266 mibi

2085 4325 2483 4384 multitudinem
2520 4317 2917 4375 sacriﬁciorum
2953 4321 3257 4366 vestrorum
3276 4306 3366 4359 “1’
3398 4322 3416 4355 ι
3455 4311 3509 4356 et
3546 4316 3666 4369 qua:

404 4437 495 4491 μοι
525 4417 732 4487 πλῆθος
759 4414 866 4468 τῶν
894 4413 1095 4467 θυσιῶν
1128 4412 1301 4483 ὑμῶν;
1342 4435 1359 4463 ι
1388 4410 1481 4465 καὶ
1508 4409 1576 4463 τὰ
1608 4404 1961 4476 ὲξῆςῦΓαύτηε

2085 4428 2408 4489 sequuntur.
2447 4412 2623 4468 Verba
2673 4407 2951 4480 proposita
3008 4406 3153 4458 ltuuc
3198 4400 3402 4454 habere
3441 4409 3665 4450 sensum

2158 4512 2168 4517 ”
2231 4511 2241 4517 “
2535 4505 2571 4517 η
2596 4502 2629 4517 ι·
2748 4502 2760 4513 ·
2804 4516 2811 4517 κ
2898 4498 2965 4517 με.
3027 4505 3069 4517 ,ι
3124 4493 3291 4517 Λιμυά
3344 4491 3665 4517 Γηρι2.ἇιηιηο

401 4506 676 4581 ἠρτῆσθαι
719 4506 820 4577 τῆς
851 4504 1091 4567 διανοίας
1132 4503 1203 4557 τά
1241 4501 1584 4574 προκείμενά
1627 4515 1829 4570 φαμεν.
1874 4499 1961 4552 Με

2085 4511 2483 4566 existimamus.
2530 4502 2632 4558 Odi
2674 4502 2841 4565 enim,
2893 4498 2990 4561 ait,
3020 4505 3074 4549 et
3123 4493 3291 4560 abieci
3344 4491 3668 4545 festivitates

406 4600 616 4672 μίσηκα
646 4597 778 4669 γὰρ,
802 4598 956 4667 φησὶ,
988 4597 1084 4650 καὶ
1109 4595 1422 4665 άπωσάμην
1456 4593 1551 4656 τὰς
1580 4593 1773 4663 ἑορτὰς
1806 4588 1959 4661 ὑμῶν

2088 4610 2318 4664 vestras,
2351 4613 2450 4652 nec
2477 4592 2889 4664 approbaverim
2921 4587 3210 4649 sacriﬁcia,
3238 4598 3413 4653 neque
3446 4583 3668 4635 odorem

402 4692 499 4746 καὶ
527 4691 629 4744 οὐκ
677 4690 744 4744 ἂν
780 4689 1136 4758 ἐπαινέσαιμι
1176 4686 1274 4749 τὰς
1319 4685 1530 4751 θυσίας,
1570 4684 1677 4736 οὐδ’
1705 4683 1771 4737 ἂν
1807 4681 1961 4752 ὀσμὴ·

442 4783 455 4798 ο
518 4782 563 4798 δα
737 4779 813 4798 κμι
886 4778 1126 4798 ,__-J_u__.
1153 4776 1369 4798 _.'.___-
1397 4774 1495 4798 --λ
1545 4771 1961 4798 ιπ-.,....-.’.....-.

2088 4692 2374 4751 suavitatis
2430 4686 2795 4755 reputaverim
2844 4696 3080 4750 unquam
3139 4697 3158 4729 ι
3196 4676 3670 4737 liolocautomata,

2127 4796 2136 4798 -
2217 4785 2231 4798 ι
2256 4784 2268 4798 ι
2309 4784 2343 4798 -ο
2433 4796 2476 4798 κ-
2509 4794 2599 4798 κω.
2635 4775 2855 4798 _._t.......:
2918 4793 2932 4798 _
2975 4772 3195 4798 ρηιυιξιυ.
3228 4770 3310 4798 λη.
3345 4777 3465 4798 mnu
3502 4766 3670 4798 ωιτη-ἰ,

402 4782 632 4844 εὐωδίας
654 4778 1011 4847 καταλογισαί
1020 4795 1127 4848 μην
1148 4776 1371 4829 πώποτε
1392 4795 1409 4825 ι
1429 4774 1499 4826 τὰ
1543 4771 1961 4842 ὁλοκαυτώματα

2089 4796 2144 4842 et
2181 4784 2480 4840 oblationes
2508 4794 2605 4847 pro
2632 4775 2879 4830 salutari.
2918 4793 2936 4826 ι
2975 4772 3198 4841 Species
3228 4770 3311 4824 bre
3345 4777 3471 4822 sunt
3502 4766 3674 4819 sacri-

2105 4877 2121 4879 —
2167 4877 2177 4879 -
2428 4872 2458 4879 ..
2523 4870 2532 4879 .
2618 4877 2625 4879 .
2721 4878 2727 4879 ,
2936 4863 2975 4879 η
3012 4877 3047 4879 ,_
3112 4870 3154 4879 _.
3206 4859 3446 4879 __u_,.____
3522 4854 3669 4879 ..ιη

404 4874 500 4928 καὶ
546 4872 645 4935 τὰς
686 4872 828 4941 ὑπὲρ
856 4869 949 4922 τοῦ
986 4869 1253 4938 σωτηρίου
1289 4865 1680 4938 προσαγωγὰς.
1709 4884 1727 4915 ι
1769 4865 1901 4934 Είδη
1930 4864 1958 4916 δ

2094 4877 2376 4937 liciorum,
2408 4870 2682 4925 distinctae
2720 4863 3057 4933 temporibus
3103 4870 3160 4914 et
3206 4859 3471 4913 moribus.
3513 4854 3671 4909 Alintl

404 4964 579 5019 ταῦτα
602 4964 803 5016 θυσιῶν
831 4960 1194 5030 διεσταλμένα
1237 4958 1378 5012 κατά
1411 4957 1658 5027 καιροὺς,
1704 4958 1797 5008 καὶ
1825 4954 1900 5017 ὡς
1933 4956 1995 5005 ἐν

411 5058 561 5121 ἰδίοις
596 5056 839 5127 τρόποις.
865 5054 1091 5124 Ἕτερον
1140 5053 1248 5123 γάρ
1284 5068 1337 5123 τι
1368 5050 1429 5102 τὸ
1469 5047 1828 5118 ὁλοκαύτωμα
1849 5086 1864 5110 ,
1896 5046 1994 5099 καὶ

406 5150 596 5219 ἕτερον
626 5150 660 5218 ἡ
689 5147 871 5210 θυσία,
896 5146 988 5198 καὶ
1016 5146 1051 5215 ἡ
1086 5144 1180 5197 τοῦ
1207 5142 1473 5214 σωτηρίου
1501 5140 1809 5210 ἐπιφάνεια,
1840 5156 1995 5191 τουτ-

409 5242 545 5306 έστι,
574 5241 634 5293 τὸ
660 5242 738 5301 είς
768 5238 890 5307 ὄψιν
935 5237 1068 5289 ἰέναι
1098 5235 1253 5299 Θεοῦ,
1281 5235 1377 5287 καὶ
1414 5234 1513 5297 τὰς
1553 5234 1693 5303 ὑπὲρ
1720 5229 1987 5302 σωτηρίου

409 5328 806 5400 προσκομίζειν
837 5325 1049 5386 θυσίας.
1088 5324 1227 5377 Ἀλλ’
1279 5323 1552 5386 Ἰουδαίοις
1595 5324 1695 5393 μὲν
1729 5320 1989 5391 πλείστην

409 5424 542 5492 ὅσην
573 5419 954 5491 ἐπιτηδεύουσι
984 5418 1085 5488 τὴν
1124 5417 1380 5471 ἀσέϐειαν
1420 5415 1623 5487 πρέποι
1661 5415 1727 5469 ἂν
1767 5413 1996 5477 είκὸτως

411 5516 517 5569 ἆπε
526 5532 556 5585 ρ
583 5514 797 5584 ἔφαμεν
827 5510 1049 5580 ἀρτίως.

498 5606 847 5676 Ἀποδέχεται
874 5604 951 5669 δὲ,
982 5604 1076 5657 καὶ
1114 5603 1236 5674 μάλ’
1267 5602 1542 5672 ἀσμένως,
1579 5600 1674 5655 καὶ
1706 5600 1995 5673 προσίεται

413 5699 548 5763 Θεὸς
571 5699 670 5763 τὰς
695 5697 805 5751 τῶν
835 5697 892 5749 ἐν
925 5694 1108 5748 πίστει
1132 5693 1342 5760 θυσίας,
1375 5693 1733 5765 όλοκαύτωμα
1754 5693 1815 5747 τὸ
1836 5709 1999 5746 πνευ-

490 5878 534 5910 ⁵¹⁵
564 5877 723 5932 Prov.
755 5892 909 5941 xvut,
947 5875 998 5929 5.

2093 4965 2362 5035 siquidem
2425 4970 2510 5015 est
2564 4958 2967 5018 holocaustum,
3012 4953 3156 5007 aliud
3203 4950 3558 5012 sacriﬁcium,
3619 4953 3669 4997 et

2097 5056 2357 5113 salutaris
2409 5051 2700 5121 apparitio,
2752 5049 2854 5102 ltoc
2901 5055 3007 5110 est,
3072 5046 3125 5098 in
3183 5050 3533 5110 conspectum
3579 5034 3676 5089 Dei

2097 5149 2338 5221 prodire,
2367 5156 2422 5202 et
2467 5158 2567 5215 pro
2599 5141 2822 5197 salutari
2866 5139 3065 5194 offerre
3102 5134 3393 5191 sacriﬁcia.
3442 5130 3547 5185 Sed
3580 5127 3676 5182 Ju-

2102 5244 2232 5298 daais
2281 5241 2438 5309 longe
2500 5235 2737 5291 maxime
2806 5232 3139 5302 impietatem
3203 5221 3677 5290 consectantibus,

2094 5333 2291 5389 merito
2320 5330 2644 5387 conveniant
2668 5342 2788 5396 qua:
2820 5327 2977 5380 modo
3007 5321 3273 5377 diximus.

2171 5595 2412 5664 Suscipit
2436 5603 2616 5648 autem
2646 5589 3026 5655 libentissime,
3051 5596 3105 5643 et
3140 5583 3377 5641 admittit
3404 5580 3671 5637 sacriﬁcia

2099 5692 2153 5747 in
2202 5690 2327 5755 ﬁde,
2380 5690 2755 5744 holocaustum
2814 5683 3116 5758 spirituale,
3172 5682 3223 5736 in
3288 5678 3442 5737 festis
3488 5676 3678 5734 diebus

1075 5874 1119 5907 '9
1147 5873 1246 5929 lsa.
1281 5889 1392 5938 xw,
1420 5871 1503 5927 27.
1585 5873 1628 5904 ⁶⁰
1658 5870 1759 5927 lsa.
1799 5885 1929 5934 xm,
1960 5868 2051 5923 22.
2130 5869 2170 5900 ⁶¹
2204 5867 2305 5922 lsa.
2338 5882 2376 5931 t,
2411 5864 2490 5917 ll.
