  <div class='ocr_page' id='page_1' title='image "/cluster/home/n/w/nwhite01/storage/ocr_20150623/71/nnc1.0046980199/271.png"; bbox 0 0 4132 6370; ppageno 0'>
   <div class='ocr_carea' id='block_1_1' title="bbox 466 410 596 471">
    <p class='ocr_par' dir='ltr' id='par_1_1' title="bbox 466 410 596 471">
     <span class='ocr_line' id='line_1_1' title="bbox 466 410 596 471; baseline -0.038 0"><span class='ocrx_word' id='word_1_1' title='bbox 466 410 596 471; x_wconf 67' lang='grc' dir='ltr'><strong>Δ1507</strong></span> 
     </span>
    </p>
   </div>
   <div class='ocr_carea' id='block_1_2' title="bbox 1481 404 2720 463">
    <p class='ocr_par' dir='ltr' id='par_1_2' title="bbox 1481 404 2720 463">
     <span class='ocr_line' id='line_1_2' title="bbox 1481 404 2720 463; baseline 0 -3"><span class='ocrx_word' id='word_1_2' title='bbox 1481 404 1540 460; x_wconf 87' lang='lat' dir='ltr'><strong>S.</strong></span> <span class='ocrx_word' id='word_1_3' title='bbox 1579 405 1859 463; x_wconf 79' lang='lat' dir='ltr'><strong>CYBILLI</strong></span> <span class='ocrx_word' id='word_1_4' title='bbox 1900 404 2364 462; x_wconf 76' lang='lat' dir='ltr'><strong>ALEXANDRINI</strong></span> <span class='ocrx_word' id='word_1_5' title='bbox 2405 404 2720 461; x_wconf 74' lang='lat' dir='ltr'><strong>AliCHlEP.</strong></span> 
     </span>
    </p>
   </div>
   <div class='ocr_carea' id='block_1_3' title="bbox 3639 397 3745 456">
    <p class='ocr_par' dir='ltr' id='par_1_3' title="bbox 3639 397 3745 456">
     <span class='ocr_line' id='line_1_3' title="bbox 3639 397 3745 456; baseline -0.019 0"><span class='ocrx_word' id='word_1_6' title='bbox 3639 397 3745 456; x_wconf 81' lang='lat'><strong>503</strong></span> 
     </span>
    </p>
   </div>
   <div class='ocr_carea' id='block_1_4' title="bbox 489 514 2074 597">
    <p class='ocr_par' dir='ltr' id='par_1_4' title="bbox 489 521 2063 597">
     <span class='ocr_line' id='line_1_4' title="bbox 489 521 2063 597; baseline -0.003 -15"><span class='ocrx_word' id='word_1_7' title='bbox 489 526 880 597; x_wconf 78' lang='lat' dir='ltr'><strong>apparitiones.</strong></span> <span class='ocrx_word' id='word_1_8' title='bbox 904 522 1138 580; x_wconf 74' lang='lat' dir='ltr'><strong>Odorem</strong></span> <span class='ocrx_word' id='word_1_9' title='bbox 1163 521 1308 576; x_wconf 80' lang='lat' dir='ltr'><strong>enim</strong></span> <span class='ocrx_word' id='word_1_10' title='bbox 1329 524 1636 592; x_wconf 73' lang='lat' dir='ltr'><strong>spargimus</strong></span> <span class='ocrx_word' id='word_1_11' title='bbox 1667 537 1772 577; x_wconf 90' lang='lat' dir='ltr'><strong>non</strong></span> <span class='ocrx_word' id='word_1_12' title='bbox 1807 523 1938 592; x_wconf 80' lang='lat' dir='ltr'><strong>ipsis</strong></span> <span class='ocrx_word' id='word_1_13' title='bbox 1966 538 2063 578; x_wconf 89' lang='lat' dir='ltr'><strong>no-</strong></span> 
     </span>
    </p>
   </div>
   <div class='ocr_carea' id='block_1_5' title="bbox 2173 514 3746 597">
    <p class='ocr_par' dir='ltr' id='par_1_5' title="bbox 2173 514 3746 594">
     <span class='ocr_line' id='line_1_5' title="bbox 2173 514 3746 594; baseline -0.005 -19"><span class='ocrx_word' id='word_1_14' title='bbox 2173 522 2419 594; x_wconf 83' lang='grc' dir='ltr'>ματικὸν,</span> <span class='ocrx_word' id='word_1_15' title='bbox 2444 522 2540 586; x_wconf 72' lang='grc' dir='ltr'>τὰς</span> <span class='ocrx_word' id='word_1_16' title='bbox 2558 523 2615 574; x_wconf 79' lang='grc' dir='ltr'><strong>ὲν</strong></span> <span class='ocrx_word' id='word_1_17' title='bbox 2632 521 2845 591; x_wconf 75' lang='grc' dir='ltr'><strong>ἑορταῖς</strong></span> <span class='ocrx_word' id='word_1_18' title='bbox 2866 517 3208 589; x_wconf 83' lang='grc' dir='ltr'>ἐπιφανείας.</span> <span class='ocrx_word' id='word_1_19' title='bbox 3227 514 3604 585; x_wconf 76' lang='grc' dir='ltr'>Εὐωδιάζομεν</span> <span class='ocrx_word' id='word_1_20' title='bbox 3634 516 3746 587; x_wconf 82' lang='grc' dir='ltr'>γὰρ</span> 
     </span>
    </p>
   </div>
   <div class='ocr_carea' id='block_1_6' title="bbox 492 612 2068 688">
    <p class='ocr_par' dir='ltr' id='par_1_6' title="bbox 492 612 2068 688">
     <span class='ocr_line' id='line_1_6' title="bbox 492 612 2068 688; baseline -0.003 -13"><span class='ocrx_word' id='word_1_21' title='bbox 492 621 600 684; x_wconf 81' lang='lat' dir='ltr'><strong>bis,</strong></span> <span class='ocrx_word' id='word_1_22' title='bbox 629 619 806 674; x_wconf 78' lang='lat' dir='ltr'><strong>sed-ei</strong></span> <span class='ocrx_word' id='word_1_23' title='bbox 833 617 925 688; x_wconf 86' lang='lat' dir='ltr'><strong>qui</strong></span> <span class='ocrx_word' id='word_1_24' title='bbox 955 616 1010 668; x_wconf 91' lang='lat' dir='ltr'><strong>in</strong></span> <span class='ocrx_word' id='word_1_25' title='bbox 1049 614 1206 670; x_wconf 78' lang='lat' dir='ltr'><strong>nobis</strong></span> <span class='ocrx_word' id='word_1_26' title='bbox 1245 621 1330 669; x_wconf 85' lang='lat' dir='ltr'><strong>est</strong></span> <span class='ocrx_word' id='word_1_27' title='bbox 1371 629 1470 682; x_wconf 87' lang='lat' dir='ltr'><strong>per</strong></span> <span class='ocrx_word' id='word_1_28' title='bbox 1505 612 1792 682; x_wconf 84' lang='lat' dir='ltr'><strong>Spiritum,</strong></span> <span class='ocrx_word' id='word_1_29' title='bbox 1829 615 2068 683; x_wconf 83' lang='lat' dir='ltr'><strong>Christo,</strong></span> 
     </span>
    </p>
   </div>
   <div class='ocr_carea' id='block_1_7' title="bbox 495 705 2068 779">
    <p class='ocr_par' dir='ltr' id='par_1_7' title="bbox 495 705 2068 779">
     <span class='ocr_line' id='line_1_7' title="bbox 495 705 2068 779; baseline -0.001 -15"><span class='ocrx_word' id='word_1_30' title='bbox 495 711 738 779; x_wconf 84' lang='lat' dir='ltr'><strong>inquam.</strong></span> <span class='ocrx_word' id='word_1_31' title='bbox 765 707 896 762; x_wconf 89' lang='lat' dir='ltr'><strong>Item</strong></span> <span class='ocrx_word' id='word_1_32' title='bbox 924 721 1034 762; x_wconf 86' lang='lat' dir='ltr'><strong>non</strong></span> <span class='ocrx_word' id='word_1_33' title='bbox 1053 705 1258 774; x_wconf 85' lang='lat' dir='ltr'><strong>suscipi</strong></span> <span class='ocrx_word' id='word_1_34' title='bbox 1283 705 1549 761; x_wconf 71' lang='lat' dir='ltr'><strong>sacriﬁcia</strong></span> <span class='ocrx_word' id='word_1_35' title='bbox 1583 706 1886 762; x_wconf 73' lang='lat' dir='ltr'><strong>rectissime</strong></span> <span class='ocrx_word' id='word_1_36' title='bbox 1905 707 2068 762; x_wconf 76' lang='lat' dir='ltr'><strong>etiam</strong></span> 
     </span>
    </p>
   </div>
   <div class='ocr_carea' id='block_1_8' title="bbox 495 793 2072 865">
    <p class='ocr_par' dir='ltr' id='par_1_8' title="bbox 495 793 2072 865">
     <span class='ocr_line' id='line_1_8' title="bbox 495 793 2072 865; baseline -0.001 -11"><span class='ocrx_word' id='word_1_37' title='bbox 495 798 748 854; x_wconf 91' lang='lat' dir='ltr'><strong>convenit</strong></span> <span class='ocrx_word' id='word_1_38' title='bbox 777 797 1027 853; x_wconf 74' lang='lat' dir='ltr'><strong>nefandis</strong></span> <span class='ocrx_word' id='word_1_39' title='bbox 1046 793 1344 861; x_wconf 60' lang='lat' dir='ltr'><strong>haereticis,</strong></span> <span class='ocrx_word' id='word_1_40' title='bbox 1373 803 1430 850; x_wconf 87' lang='lat' dir='ltr'><strong>et.</strong></span> <span class='ocrx_word' id='word_1_41' title='bbox 1459 795 1655 864; x_wconf 86' lang='lat' dir='ltr'><strong>quibus</strong></span> <span class='ocrx_word' id='word_1_42' title='bbox 1695 812 1804 852; x_wconf 90' lang='lat' dir='ltr'><strong>non</strong></span> <span class='ocrx_word' id='word_1_43' title='bbox 1827 796 1984 865; x_wconf 87' lang='lat' dir='ltr'><strong>licet,</strong></span> <span class='ocrx_word' id='word_1_44' title='bbox 2011 806 2072 853; x_wconf 89' lang='lat' dir='ltr'><strong>ut.</strong></span> 
     </span>
    </p>
   </div>
   <div class='ocr_carea' id='block_1_9' title="bbox 497 887 2072 953">
    <p class='ocr_par' dir='ltr' id='par_1_9' title="bbox 497 887 2072 953">
     <span class='ocr_line' id='line_1_9' title="bbox 497 887 2072 953; baseline -0.002 -7"><span class='ocrx_word' id='word_1_45' title='bbox 497 891 552 946; x_wconf 91' lang='lat' dir='ltr'><strong>in</strong></span> <span class='ocrx_word' id='word_1_46' title='bbox 601 889 705 944; x_wconf 83' lang='lat' dir='ltr'><strong>lide</strong></span> <span class='ocrx_word' id='word_1_47' title='bbox 751 889 1000 953; x_wconf 81' lang='lat' dir='ltr'><strong>sinceris,</strong></span> <span class='ocrx_word' id='word_1_48' title='bbox 1047 889 1248 953; x_wconf 84' lang='lat' dir='ltr'><strong>dicere,</strong></span> <span class='ocrx_word' id='word_1_49' title='bbox 1308 905 1328 938; x_wconf 76' lang='grc' dir='ltr'><strong>ι</strong></span> <span class='ocrx_word' id='word_1_50' title='bbox 1358 887 1560 942; x_wconf 89' lang='lat' dir='ltr'><strong>Christi</strong></span> <span class='ocrx_word' id='word_1_51' title='bbox 1598 890 1770 943; x_wconf 89' lang='lat' dir='ltr'><strong>bonus</strong></span> <span class='ocrx_word' id='word_1_52' title='bbox 1810 890 1945 944; x_wconf 85' lang='lat' dir='ltr'><strong>odor</strong></span> <span class='ocrx_word' id='word_1_53' title='bbox 1981 905 2072 944; x_wconf 90' lang='lat' dir='ltr'><strong>su-</strong></span> 
     </span>
    </p>
   </div>
   <div class='ocr_carea' id='block_1_10' title="bbox 499 978 2068 1049">
    <p class='ocr_par' dir='ltr' id='par_1_10' title="bbox 499 978 2068 1049">
     <span class='ocr_line' id='line_1_10' title="bbox 499 978 2068 1049; baseline -0.001 -13"><span class='ocrx_word' id='word_1_54' title='bbox 499 981 750 1037; x_wconf 67' lang='lat' dir='ltr'><strong>mus“.i</strong></span> <span class='ocrx_word' id='word_1_55' title='bbox 805 979 952 1036; x_wconf 88' lang='lat' dir='ltr'><strong>Odor</strong></span> <span class='ocrx_word' id='word_1_56' title='bbox 994 979 1140 1035; x_wconf 92' lang='lat' dir='ltr'><strong>enim</strong></span> <span class='ocrx_word' id='word_1_57' title='bbox 1202 978 1440 1049; x_wconf 91' lang='lat' dir='ltr'><strong>ipsorum</strong></span> <span class='ocrx_word' id='word_1_58' title='bbox 1491 990 1578 1034; x_wconf 90' lang='lat' dir='ltr'><strong>est</strong></span> <span class='ocrx_word' id='word_1_59' title='bbox 1634 981 1686 1034; x_wconf 95' lang='lat' dir='ltr'><strong>in</strong></span> <span class='ocrx_word' id='word_1_60' title='bbox 1733 980 2068 1045; x_wconf 85' lang='lat' dir='ltr'><strong>Beelzebub,</strong></span> 
     </span>
    </p>
   </div>
   <div class='ocr_carea' id='block_1_11' title="bbox 497 1071 2070 1143">
    <p class='ocr_par' dir='ltr' id='par_1_11' title="bbox 497 1071 2070 1143">
     <span class='ocr_line' id='line_1_11' title="bbox 497 1071 2070 1143; baseline 0.003 -17"><span class='ocrx_word' id='word_1_61' title='bbox 497 1074 763 1143; x_wconf 86' lang='lat' dir='ltr'><strong>siquidem</strong></span> <span class='ocrx_word' id='word_1_62' title='bbox 819 1089 1003 1126; x_wconf 87' lang='lat' dir='ltr'><strong>verum</strong></span> <span class='ocrx_word' id='word_1_63' title='bbox 1048 1081 1134 1126; x_wconf 91' lang='lat' dir='ltr'><strong>est</strong></span> <span class='ocrx_word' id='word_1_64' title='bbox 1177 1071 1321 1142; x_wconf 92' lang='lat' dir='ltr'><strong>quod</strong></span> <span class='ocrx_word' id='word_1_65' title='bbox 1355 1091 1375 1125; x_wconf 78' lang='grc' dir='ltr'><strong>ι</strong></span> <span class='ocrx_word' id='word_1_66' title='bbox 1409 1085 1570 1128; x_wconf 89' lang='lat' dir='ltr'><strong>nemo</strong></span> <span class='ocrx_word' id='word_1_67' title='bbox 1612 1073 1742 1128; x_wconf 93' lang='lat' dir='ltr'><strong>dicit</strong></span> <span class='ocrx_word' id='word_1_68' title='bbox 1783 1076 2070 1130; x_wconf 89' lang='lat' dir='ltr'><strong>anathema</strong></span> 
     </span>
    </p>
   </div>
   <div class='ocr_carea' id='block_1_12' title="bbox 497 1163 2070 1235">
    <p class='ocr_par' dir='ltr' id='par_1_12' title="bbox 497 1163 2070 1235">
     <span class='ocr_line' id='line_1_12' title="bbox 497 1163 2070 1235; baseline -0.001 -14"><span class='ocrx_word' id='word_1_69' title='bbox 497 1164 648 1230; x_wconf 80' lang='lat' dir='ltr'><strong>Jesn,</strong></span> <span class='ocrx_word' id='word_1_70' title='bbox 693 1163 792 1219; x_wconf 87' lang='lat' dir='ltr'><strong>nisi</strong></span> <span class='ocrx_word' id='word_1_71' title='bbox 841 1165 893 1219; x_wconf 92' lang='lat' dir='ltr'><strong>in</strong></span> <span class='ocrx_word' id='word_1_72' title='bbox 927 1164 1234 1220; x_wconf 87' lang='lat' dir='ltr'><strong>Beelzebub</strong></span> <span class='ocrx_word' id='word_1_73' title='bbox 1256 1165 1322 1221; x_wconf 81' lang='grc'><strong>⁸³.</strong></span> <span class='ocrx_word' id='word_1_74' title='bbox 1357 1184 1377 1217; x_wconf 74' lang='grc' dir='ltr'><strong>ι</strong></span> <span class='ocrx_word' id='word_1_75' title='bbox 1412 1163 1859 1235; x_wconf 85' lang='lat' dir='ltr'><strong>Blasphemantes</strong></span> <span class='ocrx_word' id='word_1_76' title='bbox 1891 1177 2070 1222; x_wconf 89' lang='lat' dir='ltr'><strong>autem</strong></span> 
     </span>
    </p>
   </div>
   <div class='ocr_carea' id='block_1_13' title="bbox 499 1258 2071 1332">
    <p class='ocr_par' dir='ltr' id='par_1_13' title="bbox 499 1258 2071 1332">
     <span class='ocr_line' id='line_1_13' title="bbox 499 1258 2071 1332; baseline 0.003 -21"><span class='ocrx_word' id='word_1_77' title='bbox 499 1260 758 1312; x_wconf 72' lang='lat' dir='ltr'><strong>audacter</strong></span> <span class='ocrx_word' id='word_1_78' title='bbox 810 1258 1021 1321; x_wconf 86' lang='lat' dir='ltr'><strong>miseri,</strong></span> <span class='ocrx_word' id='word_1_79' title='bbox 1081 1267 1137 1313; x_wconf 91' lang='lat' dir='ltr'><strong>et</strong></span> <span class='ocrx_word' id='word_1_80' title='bbox 1198 1259 1459 1316; x_wconf 87' lang='lat' dir='ltr'><strong>adversus</strong></span> <span class='ocrx_word' id='word_1_81' title='bbox 1519 1259 1794 1330; x_wconf 79' lang='lat' dir='ltr'><strong>Unigeniti</strong></span> <span class='ocrx_word' id='word_1_82' title='bbox 1849 1260 2071 1332; x_wconf 77' lang='lat' dir='ltr'><strong>gloriam</strong></span> 
     </span>
    </p>
   </div>
   <div class='ocr_carea' id='block_1_14' title="bbox 500 1347 2074 1418">
    <p class='ocr_par' dir='ltr' id='par_1_14' title="bbox 500 1347 2074 1418">
     <span class='ocr_line' id='line_1_14' title="bbox 500 1347 2074 1418; baseline 0.003 -15"><span class='ocrx_word' id='word_1_83' title='bbox 500 1349 842 1411; x_wconf 85' lang='lat' dir='ltr'><strong>mentientes,</strong></span> <span class='ocrx_word' id='word_1_84' title='bbox 900 1363 1006 1402; x_wconf 92' lang='lat' dir='ltr'><strong>non</strong></span> <span class='ocrx_word' id='word_1_85' title='bbox 1055 1347 1352 1417; x_wconf 75' lang='lat' dir='ltr'><strong>fragrantia</strong></span> <span class='ocrx_word' id='word_1_86' title='bbox 1396 1349 1688 1418; x_wconf 89' lang='lat' dir='ltr'><strong>spirituali,</strong></span> <span class='ocrx_word' id='word_1_87' title='bbox 1738 1353 1836 1408; x_wconf 90' lang='lat' dir='ltr'><strong>sed</strong></span> <span class='ocrx_word' id='word_1_88' title='bbox 1886 1353 2074 1408; x_wconf 85' lang='lat' dir='ltr'><strong>verius</strong></span> 
     </span>
    </p>
   </div>
   <div class='ocr_carea' id='block_1_15' title="bbox 499 1439 1434 1510">
    <p class='ocr_par' dir='ltr' id='par_1_15' title="bbox 499 1439 1434 1510">
     <span class='ocr_line' id='line_1_15' title="bbox 499 1439 1434 1510; baseline 0.001 -16"><span class='ocrx_word' id='word_1_89' title='bbox 499 1454 658 1496; x_wconf 74' lang='grc' dir='ltr'>οωιιο</span> <span class='ocrx_word' id='word_1_90' title='bbox 685 1439 892 1495; x_wconf 85' lang='lat' dir='ltr'><strong>ebriam</strong></span> <span class='ocrx_word' id='word_1_91' title='bbox 927 1447 1144 1510; x_wconf 81' lang='lat' dir='ltr'><strong>gestant</strong></span> <span class='ocrx_word' id='word_1_92' title='bbox 1173 1449 1434 1495; x_wconf 89' lang='lat' dir='ltr'><strong>mentem.</strong></span> 
     </span>
    </p>
   </div>
   <div class='ocr_carea' id='block_1_16' title="bbox 2168 606 3745 684">
    <p class='ocr_par' dir='ltr' id='par_1_16' title="bbox 2168 606 3745 684">
     <span class='ocr_line' id='line_1_16' title="bbox 2168 606 3745 684; baseline -0.008 -16"><span class='ocrx_word' id='word_1_93' title='bbox 2168 613 2268 684; x_wconf 82' lang='grc' dir='ltr'><strong>οὐχ</strong></span> <span class='ocrx_word' id='word_1_94' title='bbox 2309 613 2560 676; x_wconf 77' lang='grc' dir='ltr'>ἑαυτοὺς,</span> <span class='ocrx_word' id='word_1_95' title='bbox 2602 611 2740 666; x_wconf 74' lang='grc' dir='ltr'>ἀλλὰ</span> <span class='ocrx_word' id='word_1_96' title='bbox 2782 611 2871 664; x_wconf 78' lang='grc' dir='ltr'><strong>τὸν</strong></span> <span class='ocrx_word' id='word_1_97' title='bbox 2897 612 2954 664; x_wconf 79' lang='grc' dir='ltr'><strong>έν</strong></span> <span class='ocrx_word' id='word_1_98' title='bbox 2995 611 3128 680; x_wconf 76' lang='grc' dir='ltr'>ἡμῖν</span> <span class='ocrx_word' id='word_1_99' title='bbox 3169 608 3262 662; x_wconf 77' lang='grc' dir='ltr'>διὰ</span> <span class='ocrx_word' id='word_1_100' title='bbox 3281 606 3378 660; x_wconf 87' lang='grc' dir='ltr'><strong>τοῦ</strong></span> <span class='ocrx_word' id='word_1_101' title='bbox 3415 606 3745 675; x_wconf 82' lang='grc' dir='ltr'>πνεύματος,</span> 
     </span>
    </p>
   </div>
   <div class='ocr_carea' id='block_1_17' title="bbox 2167 697 3742 776">
    <p class='ocr_par' dir='ltr' id='par_1_17' title="bbox 2167 697 3742 776">
     <span class='ocr_line' id='line_1_17' title="bbox 2167 697 3742 776; baseline -0.006 -17"><span class='ocrx_word' id='word_1_102' title='bbox 2167 705 2316 776; x_wconf 81' lang='grc' dir='ltr'>φημὶ</span> <span class='ocrx_word' id='word_1_103' title='bbox 2345 705 2410 774; x_wconf 79' lang='grc' dir='ltr'>δὴ</span> <span class='ocrx_word' id='word_1_104' title='bbox 2439 703 2700 775; x_wconf 78' lang='grc' dir='ltr'>Χριστόν.</span> <span class='ocrx_word' id='word_1_105' title='bbox 2745 702 2955 773; x_wconf 79' lang='grc' dir='ltr'>Πρέποι</span> <span class='ocrx_word' id='word_1_106' title='bbox 2989 701 3034 754; x_wconf 87' lang='grc' dir='ltr'>δ’</span> <span class='ocrx_word' id='word_1_107' title='bbox 3065 701 3154 766; x_wconf 78' lang='grc' dir='ltr'><strong>ἂν,</strong></span> <span class='ocrx_word' id='word_1_108' title='bbox 3191 699 3289 754; x_wconf 75' lang='grc' dir='ltr'>καὶ</span> <span class='ocrx_word' id='word_1_109' title='bbox 3321 698 3466 768; x_wconf 84' lang='grc' dir='ltr'>μάλα</span> <span class='ocrx_word' id='word_1_110' title='bbox 3499 697 3742 760; x_wconf 81' lang='grc' dir='ltr'><strong>εἰκότως,</strong></span> 
     </span>
    </p>
   </div>
   <div class='ocr_carea' id='block_1_18' title="bbox 2167 789 3745 868">
    <p class='ocr_par' dir='ltr' id='par_1_18' title="bbox 2167 789 3745 868">
     <span class='ocr_line' id='line_1_18' title="bbox 2167 789 3745 868; baseline -0.006 -17"><span class='ocrx_word' id='word_1_111' title='bbox 2167 796 2230 850; x_wconf 79' lang='grc' dir='ltr'>τὸ</span> <span class='ocrx_word' id='word_1_112' title='bbox 2259 791 2636 868; x_wconf 81' lang='grc' dir='ltr'>ἀπαράδεκτον</span> <span class='ocrx_word' id='word_1_113' title='bbox 2670 797 2750 858; x_wconf 87' lang='grc' dir='ltr'><strong>εἰς</strong></span> <span class='ocrx_word' id='word_1_114' title='bbox 2781 794 2995 860; x_wconf 86' lang='grc' dir='ltr'>θυσίας,</span> <span class='ocrx_word' id='word_1_115' title='bbox 3027 793 3125 847; x_wconf 79' lang='grc' dir='ltr'><strong>καὶ</strong></span> <span class='ocrx_word' id='word_1_116' title='bbox 3177 795 3292 854; x_wconf 89' lang='grc' dir='ltr'>τοῖς</span> <span class='ocrx_word' id='word_1_117' title='bbox 3329 790 3564 853; x_wconf 77' lang='grc' dir='ltr'>ἀνοσίοις</span> <span class='ocrx_word' id='word_1_118' title='bbox 3593 789 3745 860; x_wconf 83' lang='grc' dir='ltr'>αἱρε-</span> 
     </span>
    </p>
   </div>
   <div class='ocr_carea' id='block_1_19' title="bbox 2168 881 3748 954">
    <p class='ocr_par' dir='ltr' id='par_1_19' title="bbox 2168 881 3748 954">
     <span class='ocr_line' id='line_1_19' title="bbox 2168 881 3748 954; baseline -0.005 -14"><span class='ocrx_word' id='word_1_119' title='bbox 2168 890 2358 954; x_wconf 83' lang='grc' dir='ltr'>τικοῖς,</span> <span class='ocrx_word' id='word_1_120' title='bbox 2401 887 2495 940; x_wconf 72' lang='grc' dir='ltr'>καὶ</span> <span class='ocrx_word' id='word_1_121' title='bbox 2521 883 2601 950; x_wconf 70' lang='grc' dir='ltr'>οἷς</span> <span class='ocrx_word' id='word_1_122' title='bbox 2647 886 2748 940; x_wconf 86' lang='grc' dir='ltr'><strong>οὐκ</strong></span> <span class='ocrx_word' id='word_1_123' title='bbox 2802 885 2948 939; x_wconf 73' lang='grc' dir='ltr'>ἔστιν</span> <span class='ocrx_word' id='word_1_124' title='bbox 2991 885 3184 948; x_wconf 80' lang='grc' dir='ltr'>εἰπεῖν,</span> <span class='ocrx_word' id='word_1_125' title='bbox 3224 883 3368 937; x_wconf 85' lang='grc' dir='ltr'>κατά</span> <span class='ocrx_word' id='word_1_126' title='bbox 3412 899 3476 950; x_wconf 90' lang='grc' dir='ltr'><strong>γε</strong></span> <span class='ocrx_word' id='word_1_127' title='bbox 3518 882 3642 943; x_wconf 83' lang='grc' dir='ltr'>τοὺς</span> <span class='ocrx_word' id='word_1_128' title='bbox 3687 881 3748 933; x_wconf 83' lang='grc' dir='ltr'><strong>έν</strong></span> 
     </span>
    </p>
   </div>
   <div class='ocr_carea' id='block_1_20' title="bbox 2170 970 3749 1049">
    <p class='ocr_par' dir='ltr' id='par_1_20' title="bbox 2170 970 3749 1049">
     <span class='ocr_line' id='line_1_20' title="bbox 2170 970 3749 1049; baseline -0.005 -17"><span class='ocrx_word' id='word_1_129' title='bbox 2170 979 2352 1033; x_wconf 78' lang='grc' dir='ltr'><strong>πίστει</strong></span> <span class='ocrx_word' id='word_1_130' title='bbox 2386 979 2683 1049; x_wconf 82' lang='grc' dir='ltr'><strong>γνησίους,</strong></span> <span class='ocrx_word' id='word_1_131' title='bbox 2723 980 2806 1033; x_wconf 75' lang='grc' dir='ltr'>ὅτι</span> <span class='ocrx_word' id='word_1_132' title='bbox 2865 996 2882 1028; x_wconf 81' lang='grc' dir='ltr'><strong>ι</strong></span> <span class='ocrx_word' id='word_1_133' title='bbox 2920 976 3156 1049; x_wconf 82' lang='grc' dir='ltr'>Χριστοῦ</span> <span class='ocrx_word' id='word_1_134' title='bbox 3209 974 3408 1028; x_wconf 84' lang='grc' dir='ltr'><strong>εὐωδία</strong></span> <span class='ocrx_word' id='word_1_135' title='bbox 3459 973 3621 1044; x_wconf 77' lang='grc' dir='ltr'>ἐσμὲν</span> <span class='ocrx_word' id='word_1_136' title='bbox 3669 970 3749 1041; x_wconf 82' lang='grc' dir='ltr'>τῷ</span> 
     </span>
    </p>
   </div>
   <div class='ocr_carea' id='block_1_21' title="bbox 2170 1063 3748 1142">
    <p class='ocr_par' dir='ltr' id='par_1_21' title="bbox 2170 1063 3748 1142">
     <span class='ocr_line' id='line_1_21' title="bbox 2170 1063 3748 1142; baseline -0.007 -17"><span class='ocrx_word' id='word_1_137' title='bbox 2170 1071 2307 1142; x_wconf 86' lang='grc' dir='ltr'>Θεῷ.</span> <span class='ocrx_word' id='word_1_138' title='bbox 2341 1090 2359 1122; x_wconf 74' lang='grc' dir='ltr'><strong>ι</strong></span> <span class='ocrx_word' id='word_1_139' title='bbox 2404 1071 2577 1141; x_wconf 83' lang='grc' dir='ltr'>Ὀσμὴ</span> <span class='ocrx_word' id='word_1_140' title='bbox 2604 1071 2712 1141; x_wconf 84' lang='grc' dir='ltr'>γὰρ</span> <span class='ocrx_word' id='word_1_141' title='bbox 2740 1069 2921 1133; x_wconf 84' lang='grc' dir='ltr'>αὐτοῖς</span> <span class='ocrx_word' id='word_1_142' title='bbox 2949 1069 3006 1121; x_wconf 81' lang='grc' dir='ltr'>ὲν</span> <span class='ocrx_word' id='word_1_143' title='bbox 3038 1065 3382 1132; x_wconf 76' lang='grc' dir='ltr'>Βεελζεϐοὺλ,</span> <span class='ocrx_word' id='word_1_144' title='bbox 3415 1064 3571 1136; x_wconf 75' lang='grc' dir='ltr'>εἰπερ</span> <span class='ocrx_word' id='word_1_145' title='bbox 3600 1063 3748 1115; x_wconf 76' lang='grc' dir='ltr'>ἐστὶν</span> 
     </span>
    </p>
   </div>
   <div class='ocr_carea' id='block_1_22' title="bbox 2172 1155 3748 1234">
    <p class='ocr_par' dir='ltr' id='par_1_22' title="bbox 2172 1155 3748 1234">
     <span class='ocr_line' id='line_1_22' title="bbox 2172 1155 3748 1234; baseline -0.008 -16"><span class='ocrx_word' id='word_1_146' title='bbox 2172 1162 2476 1234; x_wconf 81' lang='grc' dir='ltr'>ἀληθὲς,ὅτι</span> <span class='ocrx_word' id='word_1_147' title='bbox 2505 1162 2745 1233; x_wconf 69' lang='grc' dir='ltr'>(ξοὺδεὶς</span> <span class='ocrx_word' id='word_1_148' title='bbox 2765 1161 2915 1230; x_wconf 81' lang='grc' dir='ltr'>λέγει</span> <span class='ocrx_word' id='word_1_149' title='bbox 2953 1160 3200 1231; x_wconf 81' lang='grc' dir='ltr'><strong>ἀνάθεμα</strong></span> <span class='ocrx_word' id='word_1_150' title='bbox 3247 1156 3475 1228; x_wconf 82' lang='grc' dir='ltr'><strong>Ἰησοῦν,</strong></span> <span class='ocrx_word' id='word_1_151' title='bbox 3498 1158 3545 1209; x_wconf 77' lang='grc' dir='ltr'>εἰ</span> <span class='ocrx_word' id='word_1_152' title='bbox 3586 1155 3660 1226; x_wconf 82' lang='grc' dir='ltr'>μὴ</span> <span class='ocrx_word' id='word_1_153' title='bbox 3688 1155 3748 1206; x_wconf 84' lang='grc' dir='ltr'><strong>έν</strong></span> 
     </span>
    </p>
   </div>
   <div class='ocr_carea' id='block_1_23' title="bbox 2170 1245 3747 1324">
    <p class='ocr_par' dir='ltr' id='par_1_23' title="bbox 2170 1245 3747 1324">
     <span class='ocr_line' id='line_1_23' title="bbox 2170 1245 3747 1324; baseline -0.005 -16"><span class='ocrx_word' id='word_1_154' title='bbox 2170 1254 2519 1320; x_wconf 81' lang='grc' dir='ltr'>Βεελζεϐούλ.</span> <span class='ocrx_word' id='word_1_155' title='bbox 2552 1274 2570 1307; x_wconf 73' lang='grc' dir='ltr'><strong>ι</strong></span> <span class='ocrx_word' id='word_1_156' title='bbox 2605 1252 3030 1324; x_wconf 85' lang='grc' dir='ltr'>Δυσφημοῦντες</span> <span class='ocrx_word' id='word_1_157' title='bbox 3061 1252 3117 1306; x_wconf 85' lang='grc' dir='ltr'>δὲ</span> <span class='ocrx_word' id='word_1_158' title='bbox 3151 1249 3478 1322; x_wconf 80' lang='grc' dir='ltr'><strong>ἀφυλάκτως</strong></span> <span class='ocrx_word' id='word_1_159' title='bbox 3501 1248 3551 1300; x_wconf 89' lang='grc' dir='ltr'><strong>οί</strong></span> <span class='ocrx_word' id='word_1_160' title='bbox 3582 1245 3747 1300; x_wconf 80' lang='grc' dir='ltr'>τάλα-</span> 
     </span>
    </p>
   </div>
   <div class='ocr_carea' id='block_1_24' title="bbox 2171 1336 3745 1415">
    <p class='ocr_par' dir='ltr' id='par_1_24' title="bbox 2171 1336 3745 1415">
     <span class='ocr_line' id='line_1_24' title="bbox 2171 1336 3745 1415; baseline -0.004 -17"><span class='ocrx_word' id='word_1_161' title='bbox 2171 1361 2281 1411; x_wconf 89' lang='grc' dir='ltr'>νες,</span> <span class='ocrx_word' id='word_1_162' title='bbox 2316 1345 2532 1415; x_wconf 73' lang='grc' dir='ltr'>καὶτῆς</span> <span class='ocrx_word' id='word_1_163' title='bbox 2561 1343 2656 1398; x_wconf 88' lang='grc' dir='ltr'><strong>τοῦ</strong></span> <span class='ocrx_word' id='word_1_164' title='bbox 2692 1343 3033 1413; x_wconf 85' lang='grc' dir='ltr'>Μονογενοῦς</span> <span class='ocrx_word' id='word_1_165' title='bbox 3079 1342 3536 1412; x_wconf 79' lang='grc' dir='ltr'>καταψευδόμενοι</span> <span class='ocrx_word' id='word_1_166' title='bbox 3569 1336 3745 1407; x_wconf 79' lang='grc' dir='ltr'>δόξης,</span> 
     </span>
    </p>
   </div>
   <div class='ocr_carea' id='block_1_25' title="bbox 2169 1430 3750 1507">
    <p class='ocr_par' dir='ltr' id='par_1_25' title="bbox 2169 1430 3750 1507">
     <span class='ocr_line' id='line_1_25' title="bbox 2169 1430 3750 1507; baseline -0.006 -17"><span class='ocrx_word' id='word_1_167' title='bbox 2169 1437 2270 1490; x_wconf 84' lang='grc' dir='ltr'><strong>οὐκ</strong></span> <span class='ocrx_word' id='word_1_168' title='bbox 2308 1436 2542 1507; x_wconf 77' lang='grc' dir='ltr'>εὖοσμίᾳ</span> <span class='ocrx_word' id='word_1_169' title='bbox 2570 1437 2941 1506; x_wconf 82' lang='grc' dir='ltr'>πνευματικῇ,</span> <span class='ocrx_word' id='word_1_170' title='bbox 2984 1433 3228 1505; x_wconf 87' lang='grc' dir='ltr'>βορϐόρῳ</span> <span class='ocrx_word' id='word_1_171' title='bbox 3257 1433 3315 1486; x_wconf 80' lang='grc' dir='ltr'>δὲ</span> <span class='ocrx_word' id='word_1_172' title='bbox 3355 1430 3552 1502; x_wconf 83' lang='grc' dir='ltr'>μᾶλλον</span> <span class='ocrx_word' id='word_1_173' title='bbox 3582 1445 3750 1482; x_wconf 87' lang='grc' dir='ltr'>κατα-</span> 
     </span>
    </p>
   </div>
   <div class='ocr_carea' id='block_1_26' title="bbox 2060 1525 2993 1600">
    <p class='ocr_par' dir='ltr' id='par_1_26' title="bbox 2060 1525 2993 1600">
     <span class='ocr_line' id='line_1_26' title="bbox 2060 1525 2993 1600; baseline -0.002 -19"><span class='ocrx_word' id='word_1_174' title='bbox 2060 1569 2069 1580; x_wconf 92' lang='grc'><strong>.</strong></span> <span class='ocrx_word' id='word_1_175' title='bbox 2174 1527 2440 1599; x_wconf 83' lang='grc' dir='ltr'>μεθύοντα</span> <span class='ocrx_word' id='word_1_176' title='bbox 2465 1527 2693 1600; x_wconf 83' lang='grc' dir='ltr'>φοροῦσι</span> <span class='ocrx_word' id='word_1_177' title='bbox 2725 1527 2817 1580; x_wconf 80' lang='grc' dir='ltr'><strong>τὸν</strong></span> <span class='ocrx_word' id='word_1_178' title='bbox 2846 1525 2993 1581; x_wconf 87' lang='grc' dir='ltr'>νοῦν.</span> 
     </span>
    </p>
   </div>
   <div class='ocr_carea' id='block_1_27' title="bbox 573 1610 2076 1680">
    <p class='ocr_par' dir='ltr' id='par_1_27' title="bbox 573 1610 2076 1680">
     <span class='ocr_line' id='line_1_27' title="bbox 573 1610 2076 1680; baseline 0.003 -14"><span class='ocrx_word' id='word_1_179' title='bbox 573 1610 735 1668; x_wconf 73' lang='lat' dir='ltr'><strong>Vens.</strong></span> <span class='ocrx_word' id='word_1_180' title='bbox 782 1611 873 1676; x_wconf 74' lang='lat'><strong>2&#39;5,</strong></span> <span class='ocrx_word' id='word_1_181' title='bbox 899 1610 991 1670; x_wconf 67' lang='lat'><strong>24.</strong></span> <span class='ocrx_word' id='word_1_182' title='bbox 1032 1612 1196 1680; x_wconf 80' lang='lat' dir='ltr'><strong>Aufer</strong></span> <span class='ocrx_word' id='word_1_183' title='bbox 1225 1629 1257 1666; x_wconf 92' lang='lat' dir='ltr'><strong>a</strong></span> <span class='ocrx_word' id='word_1_184' title='bbox 1281 1629 1364 1667; x_wconf 81' lang='lat' dir='ltr'><strong>me</strong></span> <span class='ocrx_word' id='word_1_185' title='bbox 1383 1613 1612 1668; x_wconf 87' lang='lat' dir='ltr'><strong>sonitum</strong></span> <span class='ocrx_word' id='word_1_186' title='bbox 1637 1613 1929 1669; x_wconf 82' lang='lat' dir='ltr'><strong>carminum</strong></span> <span class='ocrx_word' id='word_1_187' title='bbox 1959 1625 2076 1670; x_wconf 79' lang='grc' dir='ltr'>ιιιο-</span> 
     </span>
    </p>
   </div>
   <div class='ocr_carea' id='block_1_28' title="bbox 501 1703 2073 1773">
    <p class='ocr_par' dir='ltr' id='par_1_28' title="bbox 501 1703 2073 1773">
     <span class='ocr_line' id='line_1_28' title="bbox 501 1703 2073 1773; baseline 0.005 -19"><span class='ocrx_word' id='word_1_188' title='bbox 501 1718 642 1764; x_wconf 85' lang='lat' dir='ltr'><strong>rum,</strong></span> <span class='ocrx_word' id='word_1_189' title='bbox 687 1712 736 1757; x_wconf 84' lang='lat' dir='ltr'><strong>et</strong></span> <span class='ocrx_word' id='word_1_190' title='bbox 769 1703 1028 1770; x_wconf 79' lang='lat' dir='ltr'><strong>psalmum</strong></span> <span class='ocrx_word' id='word_1_191' title='bbox 1071 1719 1391 1773; x_wconf 83' lang='lat' dir='ltr'><strong>organorum</strong></span> <span class='ocrx_word' id='word_1_192' title='bbox 1431 1713 1645 1758; x_wconf 84' lang='lat' dir='ltr'><strong>tuorum</strong></span> <span class='ocrx_word' id='word_1_193' title='bbox 1688 1722 1791 1759; x_wconf 87' lang='lat' dir='ltr'><strong>non</strong></span> <span class='ocrx_word' id='word_1_194' title='bbox 1835 1707 2073 1762; x_wconf 84' lang='lat' dir='ltr'><strong>audiam.</strong></span> 
     </span>
    </p>
   </div>
   <div class='ocr_carea' id='block_1_29' title="bbox 504 1791 2076 1868">
    <p class='ocr_par' dir='ltr' id='par_1_29' title="bbox 504 1791 2076 1868">
     <span class='ocr_line' id='line_1_29' title="bbox 504 1791 2076 1868; baseline 0.006 -24"><span class='ocrx_word' id='word_1_195' title='bbox 504 1791 571 1844; x_wconf 76' lang='lat' dir='ltr'><strong>Et</strong></span> <span class='ocrx_word' id='word_1_196' title='bbox 619 1792 847 1848; x_wconf 78' lang='lat' dir='ltr'><strong>uoluetur</strong></span> <span class='ocrx_word' id='word_1_197' title='bbox 874 1795 1028 1862; x_wconf 88' lang='lat' dir='ltr'><strong>quasi</strong></span> <span class='ocrx_word' id='word_1_198' title='bbox 1071 1811 1208 1864; x_wconf 87' lang='lat' dir='ltr'><strong>aqua</strong></span> <span class='ocrx_word' id='word_1_199' title='bbox 1241 1793 1531 1862; x_wconf 84' lang='lat' dir='ltr'><strong>judicium,</strong></span> <span class='ocrx_word' id='word_1_200' title='bbox 1569 1803 1620 1850; x_wconf 86' lang='lat' dir='ltr'><strong>et</strong></span> <span class='ocrx_word' id='word_1_201' title='bbox 1658 1795 1878 1865; x_wconf 87' lang='lat' dir='ltr'><strong>justitia</strong></span> <span class='ocrx_word' id='word_1_202' title='bbox 1922 1799 2076 1868; x_wconf 85' lang='lat' dir='ltr'><strong>quasi</strong></span> 
     </span>
    </p>
   </div>
   <div class='ocr_carea' id='block_1_30' title="bbox 501 1885 923 1939">
    <p class='ocr_par' dir='ltr' id='par_1_30' title="bbox 501 1885 923 1939">
     <span class='ocr_line' id='line_1_30' title="bbox 501 1885 923 1939; baseline 0.007 -4"><span class='ocrx_word' id='word_1_203' title='bbox 501 1893 704 1937; x_wconf 84' lang='lat' dir='ltr'><strong>torrens</strong></span> <span class='ocrx_word' id='word_1_204' title='bbox 731 1885 923 1939; x_wconf 69' lang='lat' dir='ltr'><strong>invius.</strong></span> 
     </span>
    </p>
   </div>
   <div class='ocr_carea' id='block_1_31' title="bbox 572 1994 2067 2061">
    <p class='ocr_par' dir='ltr' id='par_1_31' title="bbox 572 1994 2067 2061">
     <span class='ocr_line' id='line_1_31' title="bbox 572 1994 2067 2061; baseline 0.007 -14"><span class='ocrx_word' id='word_1_205' title='bbox 572 1994 705 2050; x_wconf 89' lang='lat' dir='ltr'><strong>LIV.</strong></span> <span class='ocrx_word' id='word_1_206' title='bbox 745 1996 879 2051; x_wconf 89' lang='lat' dir='ltr'><strong>Cum</strong></span> <span class='ocrx_word' id='word_1_207' title='bbox 922 1996 1099 2061; x_wconf 84' lang='lat' dir='ltr'><strong>festis,</strong></span> <span class='ocrx_word' id='word_1_208' title='bbox 1135 2005 1191 2052; x_wconf 91' lang='lat' dir='ltr'><strong>et</strong></span> <span class='ocrx_word' id='word_1_209' title='bbox 1223 1997 1504 2055; x_wconf 86' lang='lat' dir='ltr'><strong>inutilibus</strong></span> <span class='ocrx_word' id='word_1_210' title='bbox 1543 1999 1832 2057; x_wconf 82' lang='lat' dir='ltr'><strong>sacriﬁciis</strong></span> <span class='ocrx_word' id='word_1_211' title='bbox 1875 1999 2067 2058; x_wconf 88' lang='lat' dir='ltr'><strong>laudes</strong></span> 
     </span>
    </p>
   </div>
   <div class='ocr_carea' id='block_1_32' title="bbox 501 2087 2075 2158">
    <p class='ocr_par' dir='ltr' id='par_1_32' title="bbox 501 2087 2075 2158">
     <span class='ocr_line' id='line_1_32' title="bbox 501 2087 2075 2158; baseline 0.004 -17"><span class='ocrx_word' id='word_1_212' title='bbox 501 2102 568 2141; x_wconf 78' lang='lat' dir='ltr'><strong>ex</strong></span> <span class='ocrx_word' id='word_1_213' title='bbox 615 2087 991 2142; x_wconf 87' lang='lat' dir='ltr'><strong>instrumentis</strong></span> <span class='ocrx_word' id='word_1_214' title='bbox 1041 2087 1264 2143; x_wconf 89' lang='lat' dir='ltr'><strong>musicis</strong></span> <span class='ocrx_word' id='word_1_215' title='bbox 1313 2089 1580 2158; x_wconf 86' lang='lat' dir='ltr'><strong>repudiat,</strong></span> <span class='ocrx_word' id='word_1_216' title='bbox 1615 2090 1806 2146; x_wconf 89' lang='lat' dir='ltr'><strong>nolens</strong></span> <span class='ocrx_word' id='word_1_217' title='bbox 1849 2106 1879 2144; x_wconf 89' lang='lat' dir='ltr'><strong>a</strong></span> <span class='ocrx_word' id='word_1_218' title='bbox 1915 2090 2075 2147; x_wconf 87' lang='lat' dir='ltr'><strong>rebus</strong></span> 
     </span>
    </p>
   </div>
   <div class='ocr_carea' id='block_1_33' title="bbox 503 2177 2073 2248">
    <p class='ocr_par' dir='ltr' id='par_1_33' title="bbox 503 2177 2073 2248">
     <span class='ocr_line' id='line_1_33' title="bbox 503 2177 2073 2248; baseline 0.003 -16"><span class='ocrx_word' id='word_1_219' title='bbox 503 2178 816 2233; x_wconf 85' lang='lat' dir='ltr'><strong>inanimatis</strong></span> <span class='ocrx_word' id='word_1_220' title='bbox 858 2177 1083 2248; x_wconf 75' lang='lat' dir='ltr'><strong>gloriam</strong></span> <span class='ocrx_word' id='word_1_221' title='bbox 1128 2195 1279 2234; x_wconf 89' lang='lat' dir='ltr'><strong>suam</strong></span> <span class='ocrx_word' id='word_1_222' title='bbox 1336 2179 1600 2236; x_wconf 88' lang='lat' dir='ltr'><strong>celebrari</strong></span> <span class='ocrx_word' id='word_1_223' title='bbox 1651 2181 1815 2246; x_wconf 89' lang='lat' dir='ltr'><strong>Deus,</strong></span> <span class='ocrx_word' id='word_1_224' title='bbox 1865 2193 1920 2237; x_wconf 90' lang='lat' dir='ltr'><strong>et</strong></span> <span class='ocrx_word' id='word_1_225' title='bbox 1963 2191 2073 2236; x_wconf 70' lang='lat' dir='ltr'><strong>tan</strong></span> 
     </span>
    </p>
   </div>
   <div class='ocr_carea' id='block_1_34' title="bbox 502 2268 2071 2340">
    <p class='ocr_par' dir='ltr' id='par_1_34' title="bbox 502 2268 2071 2340">
     <span class='ocr_line' id='line_1_34' title="bbox 502 2268 2071 2340; baseline 0.003 -16"><span class='ocrx_word' id='word_1_226' title='bbox 502 2268 845 2339; x_wconf 76' lang='lat' dir='ltr'><strong>Splendidam</strong></span> <span class='ocrx_word' id='word_1_227' title='bbox 882 2269 1106 2338; x_wconf 80' lang='lat' dir='ltr'><strong>gloriam</strong></span> <span class='ocrx_word' id='word_1_228' title='bbox 1148 2286 1271 2325; x_wconf 87' lang='lat' dir='ltr'><strong>cum</strong></span> <span class='ocrx_word' id='word_1_229' title='bbox 1307 2271 1373 2326; x_wconf 91' lang='lat' dir='ltr'><strong>iis</strong></span> <span class='ocrx_word' id='word_1_230' title='bbox 1413 2272 1594 2340; x_wconf 88' lang='lat' dir='ltr'><strong>potius</strong></span> <span class='ocrx_word' id='word_1_231' title='bbox 1619 2274 2071 2328; x_wconf 80' lang='lat' dir='ltr'><strong>communicatam</strong></span> 
     </span>
    </p>
   </div>
   <div class='ocr_carea' id='block_1_35' title="bbox 502 2357 2075 2428">
    <p class='ocr_par' dir='ltr' id='par_1_35' title="bbox 502 2357 2075 2428">
     <span class='ocr_line' id='line_1_35' title="bbox 502 2357 2075 2428; baseline 0.004 -16"><span class='ocrx_word' id='word_1_232' title='bbox 502 2358 642 2424; x_wconf 75' lang='lat' dir='ltr'><strong>vult,</strong></span> <span class='ocrx_word' id='word_1_233' title='bbox 682 2357 776 2428; x_wconf 91' lang='lat' dir='ltr'><strong>qui</strong></span> <span class='ocrx_word' id='word_1_234' title='bbox 835 2373 901 2412; x_wconf 83' lang='lat' dir='ltr'><strong>ex</strong></span> <span class='ocrx_word' id='word_1_235' title='bbox 952 2374 1087 2426; x_wconf 90' lang='lat' dir='ltr'><strong>pura</strong></span> <span class='ocrx_word' id='word_1_236' title='bbox 1139 2359 1339 2415; x_wconf 86' lang='lat' dir='ltr'><strong>virtute</strong></span> <span class='ocrx_word' id='word_1_237' title='bbox 1370 2375 1558 2415; x_wconf 90' lang='lat' dir='ltr'><strong>vocem</strong></span> <span class='ocrx_word' id='word_1_238' title='bbox 1603 2362 1874 2416; x_wconf 89' lang='lat' dir='ltr'><strong>emittunt.</strong></span> <span class='ocrx_word' id='word_1_239' title='bbox 1927 2361 2075 2418; x_wconf 87' lang='lat' dir='ltr'><strong>Talis</strong></span> 
     </span>
    </p>
   </div>
   <div class='ocr_carea' id='block_1_36' title="bbox 500 2450 2074 2522">
    <p class='ocr_par' dir='ltr' id='par_1_36' title="bbox 500 2450 2074 2522">
     <span class='ocr_line' id='line_1_36' title="bbox 500 2450 2074 2522; baseline 0.002 -18"><span class='ocrx_word' id='word_1_240' title='bbox 500 2450 644 2505; x_wconf 89' lang='lat' dir='ltr'><strong>enim</strong></span> <span class='ocrx_word' id='word_1_241' title='bbox 683 2450 1007 2522; x_wconf 83' lang='lat' dir='ltr'><strong>gloriﬁcatio</strong></span> <span class='ocrx_word' id='word_1_242' title='bbox 1037 2450 1176 2505; x_wconf 91' lang='lat' dir='ltr'><strong>bona</strong></span> <span class='ocrx_word' id='word_1_243' title='bbox 1213 2459 1318 2516; x_wconf 90' lang='lat' dir='ltr'><strong>est,</strong></span> <span class='ocrx_word' id='word_1_244' title='bbox 1367 2459 1421 2506; x_wconf 92' lang='lat' dir='ltr'><strong>et</strong></span> <span class='ocrx_word' id='word_1_245' title='bbox 1449 2451 1561 2506; x_wconf 89' lang='lat' dir='ltr'><strong>Deo</strong></span> <span class='ocrx_word' id='word_1_246' title='bbox 1590 2450 1789 2522; x_wconf 89' lang='lat' dir='ltr'><strong>placet.</strong></span> <span class='ocrx_word' id='word_1_247' title='bbox 1831 2452 2074 2508; x_wconf 83' lang='lat' dir='ltr'><strong>l’erbene</strong></span> 
     </span>
    </p>
   </div>
   <div class='ocr_carea' id='block_1_37' title="bbox 502 2526 2076 2613">
    <p class='ocr_par' dir='ltr' id='par_1_37' title="bbox 502 2526 2076 2613">
     <span class='ocr_line' id='line_1_37' title="bbox 502 2526 2076 2613; baseline 0.003 -19"><span class='ocrx_word' id='word_1_248' title='bbox 502 2526 684 2596; x_wconf 77' lang='lat' dir='ltr'><strong>autem</strong></span> <span class='ocrx_word' id='word_1_249' title='bbox 719 2540 902 2596; x_wconf 87' lang='lat' dir='ltr'><strong>nescio</strong></span> <span class='ocrx_word' id='word_1_250' title='bbox 931 2541 1073 2596; x_wconf 91' lang='lat' dir='ltr'><strong>unde</strong></span> <span class='ocrx_word' id='word_1_251' title='bbox 1102 2542 1351 2597; x_wconf 85' lang='lat' dir='ltr'><strong>inventas</strong></span> <span class='ocrx_word' id='word_1_252' title='bbox 1378 2540 1694 2600; x_wconf 65' lang='lat' dir='ltr'><strong>Iudaeorum</strong></span> <span class='ocrx_word' id='word_1_253' title='bbox 1731 2543 2076 2613; x_wconf 76' lang='lat' dir='ltr'><strong>gloriﬁcatio-</strong></span> 
     </span>
    </p>
   </div>
   <div class='ocr_carea' id='block_1_38' title="bbox 501 2633 2073 2700">
    <p class='ocr_par' dir='ltr' id='par_1_38' title="bbox 501 2633 2073 2700">
     <span class='ocr_line' id='line_1_38' title="bbox 501 2633 2073 2700; baseline 0.001 -14"><span class='ocrx_word' id='word_1_254' title='bbox 501 2646 620 2696; x_wconf 87' lang='lat' dir='ltr'><strong>nes,</strong></span> <span class='ocrx_word' id='word_1_255' title='bbox 663 2633 946 2700; x_wconf 78' lang='lat' dir='ltr'><strong>organicas</strong></span> <span class='ocrx_word' id='word_1_256' title='bbox 995 2633 1223 2698; x_wconf 88' lang='lat' dir='ltr'><strong>scilicet,</strong></span> <span class='ocrx_word' id='word_1_257' title='bbox 1266 2651 1286 2684; x_wconf 78' lang='grc' dir='ltr'><strong>ι</strong></span> <span class='ocrx_word' id='word_1_258' title='bbox 1316 2635 1555 2690; x_wconf 91' lang='lat' dir='ltr'><strong>sonitum</strong></span> <span class='ocrx_word' id='word_1_259' title='bbox 1598 2636 1898 2691; x_wconf 84' lang='lat' dir='ltr'><strong>carminum</strong></span> <span class='ocrx_word' id='word_1_260' title='bbox 1924 2655 1943 2688; x_wconf 74' lang='grc' dir='ltr'><strong>ι</strong></span> <span class='ocrx_word' id='word_1_261' title='bbox 1979 2650 2073 2688; x_wconf 86' lang='grc' dir='ltr'>νο-</span> 
     </span>
    </p>
   </div>
   <div class='ocr_carea' id='block_1_39' title="bbox 501 2724 2072 2798">
    <p class='ocr_par' dir='ltr' id='par_1_39' title="bbox 501 2724 2072 2798">
     <span class='ocr_line' id='line_1_39' title="bbox 501 2724 2072 2798; baseline 0.001 -19"><span class='ocrx_word' id='word_1_262' title='bbox 501 2734 609 2789; x_wconf 90' lang='lat' dir='ltr'><strong>cat,</strong></span> <span class='ocrx_word' id='word_1_263' title='bbox 655 2724 822 2780; x_wconf 85' lang='lat' dir='ltr'><strong>vclnti</strong></span> <span class='ocrx_word' id='word_1_264' title='bbox 862 2739 1348 2793; x_wconf 86' lang='lat' dir='ltr'><strong>supervacaneum,</strong></span> <span class='ocrx_word' id='word_1_265' title='bbox 1377 2727 1542 2798; x_wconf 77' lang='lat'><strong>308</strong></span> <span class='ocrx_word' id='word_1_266' title='bbox 1577 2737 1633 2782; x_wconf 86' lang='lat' dir='ltr'><strong>et</strong></span> <span class='ocrx_word' id='word_1_267' title='bbox 1663 2729 1875 2782; x_wconf 87' lang='lat' dir='ltr'><strong>inanem</strong></span> <span class='ocrx_word' id='word_1_268' title='bbox 1923 2728 2072 2784; x_wconf 77' lang='lat' dir='ltr'><strong>soui-</strong></span> 
     </span>
    </p>
   </div>
   <div class='ocr_carea' id='block_1_40' title="bbox 503 2814 2068 2888">
    <p class='ocr_par' dir='ltr' id='par_1_40' title="bbox 503 2814 2068 2888">
     <span class='ocr_line' id='line_1_40' title="bbox 503 2814 2068 2888; baseline 0.005 -21"><span class='ocrx_word' id='word_1_269' title='bbox 503 2825 645 2880; x_wconf 90' lang='lat' dir='ltr'><strong>tum,</strong></span> <span class='ocrx_word' id='word_1_270' title='bbox 707 2814 1109 2870; x_wconf 89' lang='lat' dir='ltr'><strong>inarticulatum</strong></span> <span class='ocrx_word' id='word_1_271' title='bbox 1161 2817 1431 2885; x_wconf 84' lang='lat' dir='ltr'><strong>quoddam</strong></span> <span class='ocrx_word' id='word_1_272' title='bbox 1488 2828 1544 2872; x_wconf 86' lang='lat' dir='ltr'><strong>et</strong></span> <span class='ocrx_word' id='word_1_273' title='bbox 1597 2818 1838 2888; x_wconf 89' lang='lat' dir='ltr'><strong>ineptum</strong></span> <span class='ocrx_word' id='word_1_274' title='bbox 1898 2820 2068 2875; x_wconf 89' lang='lat' dir='ltr'><strong>melos</strong></span> 
     </span>
    </p>
   </div>
   <div class='ocr_carea' id='block_1_41' title="bbox 499 2904 2076 2976">
    <p class='ocr_par' dir='ltr' id='par_1_41' title="bbox 499 2904 2076 2976">
     <span class='ocr_line' id='line_1_41' title="bbox 499 2904 2076 2976; baseline 0.003 -16"><span class='ocrx_word' id='word_1_275' title='bbox 499 2904 868 2961; x_wconf 89' lang='lat' dir='ltr'><strong>emittentem.</strong></span> <span class='ocrx_word' id='word_1_276' title='bbox 907 2905 1086 2960; x_wconf 91' lang='lat' dir='ltr'><strong>Etiam</strong></span> <span class='ocrx_word' id='word_1_277' title='bbox 1118 2920 1282 2976; x_wconf 90' lang='lat' dir='ltr'><strong>porro</strong></span> <span class='ocrx_word' id='word_1_278' title='bbox 1314 2907 1427 2962; x_wconf 57' lang='lat' dir='ltr'><strong>haec</strong></span> <span class='ocrx_word' id='word_1_279' title='bbox 1454 2907 1621 2964; x_wconf 84' lang='lat' dir='ltr'><strong>luisse</strong></span> <span class='ocrx_word' id='word_1_280' title='bbox 1647 2907 1884 2964; x_wconf 70' lang='lat' dir='ltr'><strong>.lndait-ae</strong></span> <span class='ocrx_word' id='word_1_281' title='bbox 1911 2917 2076 2964; x_wconf 80' lang='lat' dir='ltr'><strong>teme-</strong></span> 
     </span>
    </p>
   </div>
   <div class='ocr_carea' id='block_1_42' title="bbox 500 2997 2074 3071">
    <p class='ocr_par' dir='ltr' id='par_1_42' title="bbox 500 2997 2074 3071">
     <span class='ocr_line' id='line_1_42' title="bbox 500 2997 2074 3071; baseline 0.003 -21"><span class='ocrx_word' id='word_1_282' title='bbox 500 2997 678 3051; x_wconf 88' lang='lat' dir='ltr'><strong>ritatis</strong></span> <span class='ocrx_word' id='word_1_283' title='bbox 707 2997 945 3062; x_wconf 88' lang='lat' dir='ltr'><strong>inventa,</strong></span> <span class='ocrx_word' id='word_1_284' title='bbox 1009 2999 1269 3065; x_wconf 87' lang='lat' dir='ltr'><strong>ostendit,</strong></span> <span class='ocrx_word' id='word_1_285' title='bbox 1313 2999 1522 3065; x_wconf 82' lang='lat' dir='ltr'><strong>dicens,</strong></span> <span class='ocrx_word' id='word_1_286' title='bbox 1557 3016 1577 3052; x_wconf 79' lang='grc' dir='ltr'><strong>ι</strong></span> <span class='ocrx_word' id='word_1_287' title='bbox 1609 2999 1876 3069; x_wconf 87' lang='lat' dir='ltr'><strong>psalmum</strong></span> <span class='ocrx_word' id='word_1_288' title='bbox 1916 3015 2074 3071; x_wconf 80' lang='lat' dir='ltr'><strong>orga-</strong></span> 
     </span>
    </p>
   </div>
   <div class='ocr_carea' id='block_1_43' title="bbox 501 3087 2070 3155">
    <p class='ocr_par' dir='ltr' id='par_1_43' title="bbox 501 3087 2070 3155">
     <span class='ocr_line' id='line_1_43' title="bbox 501 3087 2070 3155; baseline 0.004 -15"><span class='ocrx_word' id='word_1_289' title='bbox 501 3101 696 3140; x_wconf 83' lang='lat' dir='ltr'><strong>norum</strong></span> <span class='ocrx_word' id='word_1_290' title='bbox 746 3095 984 3142; x_wconf 90' lang='lat' dir='ltr'><strong>tuorum.</strong></span> <span class='ocrx_word' id='word_1_291' title='bbox 1020 3106 1040 3139; x_wconf 77' lang='grc' dir='ltr'><strong>ι</strong></span> <span class='ocrx_word' id='word_1_292' title='bbox 1089 3087 1319 3142; x_wconf 89' lang='lat' dir='ltr'><strong>Tantum</strong></span> <span class='ocrx_word' id='word_1_293' title='bbox 1369 3090 1512 3144; x_wconf 89' lang='lat' dir='ltr'><strong>enim</strong></span> <span class='ocrx_word' id='word_1_294' title='bbox 1556 3105 1660 3144; x_wconf 92' lang='lat' dir='ltr'><strong>non</strong></span> <span class='ocrx_word' id='word_1_295' title='bbox 1706 3090 1860 3155; x_wconf 90' lang='lat' dir='ltr'><strong>dicit,</strong></span> <span class='ocrx_word' id='word_1_296' title='bbox 1907 3109 1928 3144; x_wconf 81' lang='grc' dir='ltr'><strong>ι</strong></span> <span class='ocrx_word' id='word_1_297' title='bbox 1965 3107 2070 3146; x_wconf 92' lang='lat' dir='ltr'><strong>non</strong></span> 
     </span>
    </p>
   </div>
   <div class='ocr_carea' id='block_1_44' title="bbox 2240 1608 3748 1687">
    <p class='ocr_par' dir='ltr' id='par_1_44' title="bbox 2240 1608 3748 1687">
     <span class='ocr_line' id='line_1_44' title="bbox 2240 1608 3748 1687; baseline -0.007 -14"><span class='ocrx_word' id='word_1_298' title='bbox 2240 1619 2642 1687; x_wconf 82' lang='grc' dir='ltr'>Μετὰστησον</span> <span class='ocrx_word' id='word_1_299' title='bbox 2683 1618 2788 1674; x_wconf 81' lang='grc' dir='ltr'><strong>ἀπ’</strong></span> <span class='ocrx_word' id='word_1_300' title='bbox 2838 1615 2986 1687; x_wconf 85' lang='grc' dir='ltr'>ἐμοῦ</span> <span class='ocrx_word' id='word_1_301' title='bbox 3036 1610 3193 1685; x_wconf 78' lang='grc' dir='ltr'>ἦχον</span> <span class='ocrx_word' id='word_1_302' title='bbox 3238 1611 3408 1680; x_wconf 82' lang='grc' dir='ltr'><strong>ᾠδῶν</strong></span> <span class='ocrx_word' id='word_1_303' title='bbox 3451 1627 3600 1674; x_wconf 90' lang='grc' dir='ltr'>σου,</span> <span class='ocrx_word' id='word_1_304' title='bbox 3649 1608 3748 1662; x_wconf 78' lang='grc' dir='ltr'><strong>καί</strong></span> 
     </span>
    </p>
   </div>
   <div class='ocr_carea' id='block_1_45' title="bbox 2171 1698 3750 1778">
    <p class='ocr_par' dir='ltr' id='par_1_45' title="bbox 2171 1698 3750 1778">
     <span class='ocr_line' id='line_1_45' title="bbox 2171 1698 3750 1778; baseline -0.008 -16"><span class='ocrx_word' id='word_1_305' title='bbox 2171 1708 2420 1777; x_wconf 72' lang='grc' dir='ltr'>ψαλμὸν</span> <span class='ocrx_word' id='word_1_306' title='bbox 2454 1708 2721 1778; x_wconf 73' lang='grc' dir='ltr'>ὀργάνων</span> <span class='ocrx_word' id='word_1_307' title='bbox 2753 1721 2870 1761; x_wconf 91' lang='grc' dir='ltr'>σου</span> <span class='ocrx_word' id='word_1_308' title='bbox 2908 1707 3020 1759; x_wconf 82' lang='grc' dir='ltr'>οὐκ</span> <span class='ocrx_word' id='word_1_309' title='bbox 3049 1703 3405 1771; x_wconf 82' lang='grc' dir='ltr'>ἀκούσομαι.</span> <span class='ocrx_word' id='word_1_310' title='bbox 3443 1698 3552 1754; x_wconf 80' lang='grc' dir='ltr'><strong>Καὶ</strong></span> <span class='ocrx_word' id='word_1_311' title='bbox 3581 1699 3750 1752; x_wconf 78' lang='grc' dir='ltr'>κυλι-</span> 
     </span>
    </p>
   </div>
   <div class='ocr_carea' id='block_1_46' title="bbox 2173 1791 3750 1868">
    <p class='ocr_par' dir='ltr' id='par_1_46' title="bbox 2173 1791 3750 1868">
     <span class='ocr_line' id='line_1_46' title="bbox 2173 1791 3750 1868; baseline -0.006 -15"><span class='ocrx_word' id='word_1_312' title='bbox 2173 1797 2467 1867; x_wconf 84' lang='grc' dir='ltr'>σθήσεται</span> <span class='ocrx_word' id='word_1_313' title='bbox 2485 1799 2564 1864; x_wconf 87' lang='grc' dir='ltr'>ὡς</span> <span class='ocrx_word' id='word_1_314' title='bbox 2592 1797 2749 1868; x_wconf 81' lang='grc' dir='ltr'>ὕδωρ</span> <span class='ocrx_word' id='word_1_315' title='bbox 2775 1796 2978 1868; x_wconf 83' lang='grc' dir='ltr'>κρῖμα,</span> <span class='ocrx_word' id='word_1_316' title='bbox 3014 1795 3113 1850; x_wconf 80' lang='grc' dir='ltr'><strong>καί</strong></span> <span class='ocrx_word' id='word_1_317' title='bbox 3139 1792 3495 1860; x_wconf 83' lang='grc' dir='ltr'>δικαιοσύνη</span> <span class='ocrx_word' id='word_1_318' title='bbox 3524 1791 3604 1856; x_wconf 87' lang='grc' dir='ltr'>ὼς</span> <span class='ocrx_word' id='word_1_319' title='bbox 3631 1807 3750 1859; x_wconf 87' lang='grc' dir='ltr'>χει-</span> 
     </span>
    </p>
   </div>
   <div class='ocr_carea' id='block_1_47' title="bbox 2167 1889 2702 1964">
    <p class='ocr_par' dir='ltr' id='par_1_47' title="bbox 2167 1889 2702 1964">
     <span class='ocr_line' id='line_1_47' title="bbox 2167 1889 2702 1964; baseline 0.002 -19"><span class='ocrx_word' id='word_1_320' title='bbox 2167 1889 2438 1964; x_wconf 74' lang='grc' dir='ltr'>μάρρους</span> <span class='ocrx_word' id='word_1_321' title='bbox 2461 1890 2702 1957; x_wconf 81' lang='grc' dir='ltr'>ἄϐατος.</span> 
     </span>
    </p>
   </div>
   <div class='ocr_carea' id='block_1_48' title="bbox 2241 1994 3750 2071">
    <p class='ocr_par' dir='ltr' id='par_1_48' title="bbox 2241 1994 3750 2071">
     <span class='ocr_line' id='line_1_48' title="bbox 2241 1994 3750 2071; baseline -0.007 -15"><span class='ocrx_word' id='word_1_322' title='bbox 2241 2001 2366 2056; x_wconf 83' lang='grc' dir='ltr'><strong>ΝΔ¹.</strong></span> <span class='ocrx_word' id='word_1_323' title='bbox 2405 1999 2710 2071; x_wconf 85' lang='grc' dir='ltr'>Ἐκπέμπει</span> <span class='ocrx_word' id='word_1_324' title='bbox 2731 2002 2852 2064; x_wconf 85' lang='grc' dir='ltr'>ταῖς</span> <span class='ocrx_word' id='word_1_325' title='bbox 2871 1999 3089 2071; x_wconf 77' lang='grc' dir='ltr'>ἑορταῖς</span> <span class='ocrx_word' id='word_1_326' title='bbox 3108 1996 3246 2070; x_wconf 85' lang='grc' dir='ltr'>ὁμοῦ</span> <span class='ocrx_word' id='word_1_327' title='bbox 3293 1995 3386 2052; x_wconf 77' lang='grc' dir='ltr'><strong>καὶ</strong></span> <span class='ocrx_word' id='word_1_328' title='bbox 3411 1997 3532 2060; x_wconf 83' lang='grc' dir='ltr'>ταῖς</span> <span class='ocrx_word' id='word_1_329' title='bbox 3561 1994 3750 2064; x_wconf 79' lang='grc' dir='ltr'>ἀνονή-</span> 
     </span>
    </p>
   </div>
   <div class='ocr_carea' id='block_1_49' title="bbox 2171 2085 3751 2164">
    <p class='ocr_par' dir='ltr' id='par_1_49' title="bbox 2171 2085 3751 2164">
     <span class='ocr_line' id='line_1_49' title="bbox 2171 2085 3751 2164; baseline -0.006 -18"><span class='ocrx_word' id='word_1_330' title='bbox 2171 2109 2286 2157; x_wconf 83' lang='grc' dir='ltr'>τοις</span> <span class='ocrx_word' id='word_1_331' title='bbox 2314 2090 2529 2156; x_wconf 79' lang='grc' dir='ltr'>θυσίαις</span> <span class='ocrx_word' id='word_1_332' title='bbox 2559 2091 2656 2156; x_wconf 85' lang='grc' dir='ltr'><strong>τάς</strong></span> <span class='ocrx_word' id='word_1_333' title='bbox 2699 2089 2999 2164; x_wconf 80' lang='grc' dir='ltr'>ὀργανικὰς</span> <span class='ocrx_word' id='word_1_334' title='bbox 3035 2088 3339 2160; x_wconf 83' lang='grc' dir='ltr'>εὐφημίας,</span> <span class='ocrx_word' id='word_1_335' title='bbox 3376 2087 3477 2141; x_wconf 82' lang='grc' dir='ltr'><strong>οὐκ</strong></span> <span class='ocrx_word' id='word_1_336' title='bbox 3523 2085 3751 2155; x_wconf 73' lang='grc' dir='ltr'>ἀψύχοις</span> 
     </span>
    </p>
   </div>
   <div class='ocr_carea' id='block_1_50' title="bbox 2173 2179 3752 2256">
    <p class='ocr_par' dir='ltr' id='par_1_50' title="bbox 2173 2179 3752 2256">
     <span class='ocr_line' id='line_1_50' title="bbox 2173 2179 3752 2256; baseline -0.006 -18"><span class='ocrx_word' id='word_1_337' title='bbox 2173 2183 2329 2248; x_wconf 76' lang='grc' dir='ltr'>ὕλαις</span> <span class='ocrx_word' id='word_1_338' title='bbox 2359 2183 2422 2238; x_wconf 78' lang='grc' dir='ltr'>τὺ</span> <span class='ocrx_word' id='word_1_339' title='bbox 2448 2184 2646 2256; x_wconf 86' lang='grc' dir='ltr'>χρῆναι</span> <span class='ocrx_word' id='word_1_340' title='bbox 2683 2182 2982 2253; x_wconf 81' lang='grc' dir='ltr'>δοξολογεῖν</span> <span class='ocrx_word' id='word_1_341' title='bbox 3019 2181 3308 2251; x_wconf 82' lang='grc' dir='ltr'>ἀπονέμων</span> <span class='ocrx_word' id='word_1_342' title='bbox 3338 2179 3491 2244; x_wconf 83' lang='grc' dir='ltr'>Θεὸς,</span> <span class='ocrx_word' id='word_1_343' title='bbox 3531 2193 3752 2249; x_wconf 81' lang='grc' dir='ltr'>μετατι-</span> 
     </span>
    </p>
   </div>
   <div class='ocr_carea' id='block_1_51' title="bbox 2176 2269 3751 2347">
    <p class='ocr_par' dir='ltr' id='par_1_51' title="bbox 2176 2269 3751 2347">
     <span class='ocr_line' id='line_1_51' title="bbox 2176 2269 3751 2347; baseline -0.006 -19"><span class='ocrx_word' id='word_1_344' title='bbox 2176 2274 2290 2339; x_wconf 79' lang='grc' dir='ltr'>θεὶς</span> <span class='ocrx_word' id='word_1_345' title='bbox 2343 2276 2400 2330; x_wconf 86' lang='grc' dir='ltr'>δὲ</span> <span class='ocrx_word' id='word_1_346' title='bbox 2449 2275 2648 2347; x_wconf 78' lang='grc' dir='ltr'>μᾶλλον</span> <span class='ocrx_word' id='word_1_347' title='bbox 2699 2277 2799 2347; x_wconf 78' lang='grc' dir='ltr'><strong>τῆς</strong></span> <span class='ocrx_word' id='word_1_348' title='bbox 2855 2273 3000 2327; x_wconf 74' lang='grc' dir='ltr'>οὕτω</span> <span class='ocrx_word' id='word_1_349' title='bbox 3051 2273 3315 2344; x_wconf 79' lang='grc' dir='ltr'>λαμπρᾶς</span> <span class='ocrx_word' id='word_1_350' title='bbox 3351 2269 3600 2332; x_wconf 82' lang='grc' dir='ltr'>εὐκλείας</span> <span class='ocrx_word' id='word_1_351' title='bbox 3649 2269 3751 2338; x_wconf 85' lang='grc' dir='ltr'><strong>τὴν</strong></span> 
     </span>
    </p>
   </div>
   <div class='ocr_carea' id='block_1_52' title="bbox 2179 2361 3746 2437">
    <p class='ocr_par' dir='ltr' id='par_1_52' title="bbox 2179 2361 3746 2437">
     <span class='ocr_line' id='line_1_52' title="bbox 2179 2361 3746 2437; baseline -0.004 -18"><span class='ocrx_word' id='word_1_352' title='bbox 2179 2365 2397 2437; x_wconf 82' lang='grc' dir='ltr'>μέθεξιν</span> <span class='ocrx_word' id='word_1_353' title='bbox 2422 2367 2536 2428; x_wconf 84' lang='grc' dir='ltr'>τοῖς</span> <span class='ocrx_word' id='word_1_354' title='bbox 2583 2367 2649 2418; x_wconf 83' lang='grc' dir='ltr'>ὲκ</span> <span class='ocrx_word' id='word_1_355' title='bbox 2683 2365 2932 2436; x_wconf 79' lang='grc' dir='ltr'>καθαρᾶς</span> <span class='ocrx_word' id='word_1_356' title='bbox 2974 2363 3258 2435; x_wconf 87' lang='grc' dir='ltr'>δυνάμεως</span> <span class='ocrx_word' id='word_1_357' title='bbox 3305 2363 3502 2418; x_wconf 83' lang='grc' dir='ltr'>ἀνιεῖσι</span> <span class='ocrx_word' id='word_1_358' title='bbox 3545 2361 3746 2430; x_wconf 80' lang='grc' dir='ltr'>φωνήν.</span> 
     </span>
    </p>
   </div>
   <div class='ocr_carea' id='block_1_53' title="bbox 2173 2449 3746 2529">
    <p class='ocr_par' dir='ltr' id='par_1_53' title="bbox 2173 2449 3746 2529">
     <span class='ocr_line' id='line_1_53' title="bbox 2173 2449 3746 2529; baseline -0.006 -17"><span class='ocrx_word' id='word_1_359' title='bbox 2173 2457 2462 2526; x_wconf 82' lang='grc' dir='ltr'>Δοξολογία</span> <span class='ocrx_word' id='word_1_360' title='bbox 2507 2457 2616 2529; x_wconf 77' lang='grc' dir='ltr'><strong>γάρ</strong></span> <span class='ocrx_word' id='word_1_361' title='bbox 2662 2458 2696 2527; x_wconf 84' lang='grc' dir='ltr'>ἡ</span> <span class='ocrx_word' id='word_1_362' title='bbox 2735 2456 2915 2512; x_wconf 84' lang='grc' dir='ltr'>τοιάδε</span> <span class='ocrx_word' id='word_1_363' title='bbox 2963 2455 3105 2526; x_wconf 85' lang='grc' dir='ltr'>καλὴ</span> <span class='ocrx_word' id='word_1_364' title='bbox 3131 2498 3145 2521; x_wconf 95' lang='grc'><strong>,</strong></span> <span class='ocrx_word' id='word_1_365' title='bbox 3187 2453 3282 2509; x_wconf 74' lang='grc' dir='ltr'>καὶ</span> <span class='ocrx_word' id='word_1_366' title='bbox 3333 2453 3635 2508; x_wconf 82' lang='grc' dir='ltr'>ἀνδάνουσα</span> <span class='ocrx_word' id='word_1_367' title='bbox 3665 2449 3746 2520; x_wconf 84' lang='grc' dir='ltr'><strong>τῷ</strong></span> 
     </span>
    </p>
   </div>
   <div class='ocr_carea' id='block_1_54' title="bbox 2172 2540 3751 2620">
    <p class='ocr_par' dir='ltr' id='par_1_54' title="bbox 2172 2540 3751 2620">
     <span class='ocr_line' id='line_1_54' title="bbox 2172 2540 3751 2620; baseline -0.006 -18"><span class='ocrx_word' id='word_1_368' title='bbox 2172 2548 2311 2620; x_wconf 83' lang='grc' dir='ltr'>Θεῷ.</span> <span class='ocrx_word' id='word_1_369' title='bbox 2336 2544 2409 2602; x_wconf 79' lang='grc' dir='ltr'><strong>Εὖ</strong></span> <span class='ocrx_word' id='word_1_370' title='bbox 2437 2547 2496 2602; x_wconf 81' lang='grc' dir='ltr'>δὲ</span> <span class='ocrx_word' id='word_1_371' title='bbox 2519 2547 2584 2618; x_wconf 86' lang='grc' dir='ltr'><strong>δὴ</strong></span> <span class='ocrx_word' id='word_1_372' title='bbox 2614 2546 2818 2616; x_wconf 86' lang='grc' dir='ltr'>σφόδρα</span> <span class='ocrx_word' id='word_1_373' title='bbox 2839 2546 2958 2611; x_wconf 78' lang='grc' dir='ltr'>τὰς,</span> <span class='ocrx_word' id='word_1_374' title='bbox 2987 2547 3088 2600; x_wconf 84' lang='grc' dir='ltr'><strong>οὐκ</strong></span> <span class='ocrx_word' id='word_1_375' title='bbox 3108 2540 3202 2599; x_wconf 78' lang='grc' dir='ltr'>οἷδ’</span> <span class='ocrx_word' id='word_1_376' title='bbox 3224 2540 3751 2614; x_wconf 82' lang='grc' dir='ltr'>ὅθεν,ὲξευρημένας</span> 
     </span>
    </p>
   </div>
   <div class='ocr_carea' id='block_1_55' title="bbox 2171 2627 3752 2709">
    <p class='ocr_par' dir='ltr' id='par_1_55' title="bbox 2171 2627 3752 2709">
     <span class='ocr_line' id='line_1_55' title="bbox 2171 2627 3752 2709; baseline -0.006 -15"><span class='ocrx_word' id='word_1_377' title='bbox 2171 2641 2281 2694; x_wconf 88' lang='grc' dir='ltr'><strong>τῶν</strong></span> <span class='ocrx_word' id='word_1_378' title='bbox 2308 2640 2578 2695; x_wconf 84' lang='grc' dir='ltr'>Ἰουδαίων</span> <span class='ocrx_word' id='word_1_379' title='bbox 2599 2638 2927 2707; x_wconf 77' lang='grc' dir='ltr'>δοξολογίας,</span> <span class='ocrx_word' id='word_1_380' title='bbox 2957 2636 3255 2709; x_wconf 81' lang='grc' dir='ltr'>ὀργανικὰς</span> <span class='ocrx_word' id='word_1_381' title='bbox 3277 2635 3540 2707; x_wconf 86' lang='grc' dir='ltr'>δηλονότι,</span> <span class='ocrx_word' id='word_1_382' title='bbox 3571 2653 3590 2686; x_wconf 79' lang='grc' dir='ltr'><strong>ι</strong></span> <span class='ocrx_word' id='word_1_383' title='bbox 3618 2627 3752 2704; x_wconf 83' lang='grc' dir='ltr'>ἦχον</span> 
     </span>
    </p>
   </div>
   <div class='ocr_carea' id='block_1_56' title="bbox 2172 2727 3754 2804">
    <p class='ocr_par' dir='ltr' id='par_1_56' title="bbox 2172 2727 3754 2804">
     <span class='ocr_line' id='line_1_56' title="bbox 2172 2727 3754 2804; baseline -0.004 -17"><span class='ocrx_word' id='word_1_384' title='bbox 2172 2732 2324 2804; x_wconf 85' lang='grc' dir='ltr'>ᾠδῶν</span> <span class='ocrx_word' id='word_1_385' title='bbox 2356 2751 2374 2785; x_wconf 71' lang='grc' dir='ltr'><strong>ι</strong></span> <span class='ocrx_word' id='word_1_386' title='bbox 2411 2731 2700 2798; x_wconf 67' lang='grc' dir='ltr'>ἀτωκαλεῖ,</span> <span class='ocrx_word' id='word_1_387' title='bbox 2729 2731 2829 2801; x_wconf 82' lang='grc' dir='ltr'>τὴν</span> <span class='ocrx_word' id='word_1_388' title='bbox 2863 2731 3146 2794; x_wconf 86' lang='grc' dir='ltr'>οίονείπως</span> <span class='ocrx_word' id='word_1_389' title='bbox 3179 2731 3440 2801; x_wconf 85' lang='grc' dir='ltr'>περιττήν</span> <span class='ocrx_word' id='word_1_390' title='bbox 3475 2745 3597 2782; x_wconf 90' lang='grc' dir='ltr'>τινα</span> <span class='ocrx_word' id='word_1_391' title='bbox 3657 2727 3754 2783; x_wconf 77' lang='grc' dir='ltr'>καὶ</span> 
     </span>
    </p>
   </div>
   <div class='ocr_carea' id='block_1_57' title="bbox 2173 2818 3750 2894">
    <p class='ocr_par' dir='ltr' id='par_1_57' title="bbox 2173 2818 3750 2894">
     <span class='ocr_line' id='line_1_57' title="bbox 2173 2818 3750 2894; baseline -0.002 -17"><span class='ocrx_word' id='word_1_392' title='bbox 2173 2823 2383 2878; x_wconf 77' lang='grc' dir='ltr'>εἰκαίαν</span> <span class='ocrx_word' id='word_1_393' title='bbox 2405 2823 2568 2894; x_wconf 80' lang='grc' dir='ltr'>ἠχὴν,</span> <span class='ocrx_word' id='word_1_394' title='bbox 2607 2821 2820 2894; x_wconf 86' lang='grc' dir='ltr'>ἀσημόν</span> <span class='ocrx_word' id='word_1_395' title='bbox 2850 2838 2902 2875; x_wconf 83' lang='grc' dir='ltr'><strong>τι</strong></span> <span class='ocrx_word' id='word_1_396' title='bbox 2943 2820 3038 2875; x_wconf 55' lang='grc' dir='ltr'><strong>καί⁵</strong></span> <span class='ocrx_word' id='word_1_397' title='bbox 3068 2819 3299 2892; x_wconf 83' lang='grc' dir='ltr'>ἀδρανὲς</span> <span class='ocrx_word' id='word_1_398' title='bbox 3365 2820 3540 2874; x_wconf 80' lang='grc' dir='ltr'>ἱεῖσαν</span> <span class='ocrx_word' id='word_1_399' title='bbox 3571 2818 3750 2890; x_wconf 81' lang='grc' dir='ltr'>μέλος.</span> 
     </span>
    </p>
   </div>
   <div class='ocr_carea' id='block_1_58' title="bbox 2177 2909 3753 2982">
    <p class='ocr_par' dir='ltr' id='par_1_58' title="bbox 2177 2909 3753 2982">
     <span class='ocr_line' id='line_1_58' title="bbox 2177 2909 3753 2982; baseline -0.003 -14"><span class='ocrx_word' id='word_1_400' title='bbox 2177 2915 2303 2968; x_wconf 88' lang='grc' dir='ltr'>Ὅτι</span> <span class='ocrx_word' id='word_1_401' title='bbox 2339 2914 2397 2968; x_wconf 81' lang='grc' dir='ltr'>δὲ</span> <span class='ocrx_word' id='word_1_402' title='bbox 2447 2915 2543 2968; x_wconf 75' lang='grc' dir='ltr'><strong>καὶ</strong></span> <span class='ocrx_word' id='word_1_403' title='bbox 2584 2913 2758 2968; x_wconf 88' lang='grc' dir='ltr'>ταῦτα</span> <span class='ocrx_word' id='word_1_404' title='bbox 2808 2912 3096 2982; x_wconf 85' lang='grc' dir='ltr'>γεγόνασιν</span> <span class='ocrx_word' id='word_1_405' title='bbox 3151 2909 3446 2980; x_wconf 82' lang='grc' dir='ltr'>Ἰουδαϊκῆς</span> <span class='ocrx_word' id='word_1_406' title='bbox 3497 2909 3753 2974; x_wconf 88' lang='grc' dir='ltr'>ἀϐουλίας</span> 
     </span>
    </p>
   </div>
   <div class='ocr_carea' id='block_1_59' title="bbox 2171 3002 3748 3078">
    <p class='ocr_par' dir='ltr' id='par_1_59' title="bbox 2171 3002 3748 3078">
     <span class='ocr_line' id='line_1_59' title="bbox 2171 3002 3748 3078; baseline -0.004 -19"><span class='ocrx_word' id='word_1_407' title='bbox 2171 3006 2480 3078; x_wconf 73' lang='grc' dir='ltr'>εὑρήματα,</span> <span class='ocrx_word' id='word_1_408' title='bbox 2508 3003 2761 3076; x_wconf 80' lang='grc' dir='ltr'>δέδειχεν,</span> <span class='ocrx_word' id='word_1_409' title='bbox 2789 3004 2977 3060; x_wconf 88' lang='grc' dir='ltr'>είπών·</span> <span class='ocrx_word' id='word_1_410' title='bbox 3007 3023 3026 3056; x_wconf 79' lang='grc' dir='ltr'><strong>ι</strong></span> <span class='ocrx_word' id='word_1_411' title='bbox 3049 3002 3275 3073; x_wconf 81' lang='grc' dir='ltr'>Ψαλμὺν</span> <span class='ocrx_word' id='word_1_412' title='bbox 3301 3002 3546 3074; x_wconf 84' lang='grc' dir='ltr'>ὀργάνων</span> <span class='ocrx_word' id='word_1_413' title='bbox 3589 3018 3700 3054; x_wconf 90' lang='grc' dir='ltr'>σου.</span> <span class='ocrx_word' id='word_1_414' title='bbox 3727 3019 3748 3053; x_wconf 71' lang='grc' dir='ltr'><strong>ι</strong></span> 
     </span>
    </p>
   </div>
   <div class='ocr_carea' id='block_1_60' title="bbox 2171 3091 3754 3166">
    <p class='ocr_par' dir='ltr' id='par_1_60' title="bbox 2171 3091 3754 3166">
     <span class='ocr_line' id='line_1_60' title="bbox 2171 3091 3754 3166; baseline -0.003 -16"><span class='ocrx_word' id='word_1_415' title='bbox 2171 3096 2474 3166; x_wconf 77' lang='grc' dir='ltr'>Μονονουχὶ</span> <span class='ocrx_word' id='word_1_416' title='bbox 2488 3095 2597 3166; x_wconf 86' lang='grc' dir='ltr'><strong>γάρ</strong></span> <span class='ocrx_word' id='word_1_417' title='bbox 2630 3111 2814 3166; x_wconf 83' lang='grc' dir='ltr'>φησιν,</span> <span class='ocrx_word' id='word_1_418' title='bbox 2847 3095 2974 3148; x_wconf 75' lang='grc' dir='ltr'>«οὐκ</span> <span class='ocrx_word' id='word_1_419' title='bbox 2990 3092 3142 3165; x_wconf 80' lang='grc' dir='ltr'>ἐμόν·</span> <span class='ocrx_word' id='word_1_420' title='bbox 3171 3113 3190 3143; x_wconf 76' lang='grc' dir='ltr'><strong>ι</strong></span> <span class='ocrx_word' id='word_1_421' title='bbox 3234 3091 3337 3156; x_wconf 76' lang='grc' dir='ltr'>ἔξω</span> <span class='ocrx_word' id='word_1_422' title='bbox 3365 3092 3473 3162; x_wconf 85' lang='grc' dir='ltr'>γὰρ</span> <span class='ocrx_word' id='word_1_423' title='bbox 3501 3091 3662 3162; x_wconf 87' lang='grc' dir='ltr'>νόμου</span> <span class='ocrx_word' id='word_1_424' title='bbox 3692 3091 3754 3145; x_wconf 83' lang='grc' dir='ltr'><strong>τὸ</strong></span> 
     </span>
    </p>
   </div>
   <div class='ocr_carea' id='block_1_61' title="bbox 501 3179 2074 3265">
    <p class='ocr_par' dir='ltr' id='par_1_61' title="bbox 501 3179 2065 3249">
     <span class='ocr_line' id='line_1_61' title="bbox 501 3179 2065 3249; baseline 0.002 -15"><span class='ocrx_word' id='word_1_425' title='bbox 501 3193 704 3244; x_wconf 72' lang='lat' dir='ltr'><strong>meum,</strong></span> <span class='ocrx_word' id='word_1_426' title='bbox 732 3196 758 3231; x_wconf 72' lang='grc' dir='ltr'><strong>ι</strong></span> <span class='ocrx_word' id='word_1_427' title='bbox 789 3193 876 3234; x_wconf 90' lang='lat' dir='ltr'><strong>res</strong></span> <span class='ocrx_word' id='word_1_428' title='bbox 903 3179 1102 3248; x_wconf 88' lang='lat' dir='ltr'><strong>quippe</strong></span> <span class='ocrx_word' id='word_1_429' title='bbox 1140 3188 1296 3234; x_wconf 79' lang='lat' dir='ltr'><strong>extra</strong></span> <span class='ocrx_word' id='word_1_430' title='bbox 1325 3179 1494 3249; x_wconf 80' lang='lat' dir='ltr'><strong>legem</strong></span> <span class='ocrx_word' id='word_1_431' title='bbox 1525 3191 1609 3236; x_wconf 87' lang='lat' dir='ltr'><strong>est</strong></span> <span class='ocrx_word' id='word_1_432' title='bbox 1633 3222 1650 3248; x_wconf 95' lang='lat'><strong>,</strong></span> <span class='ocrx_word' id='word_1_433' title='bbox 1696 3190 1750 3237; x_wconf 89' lang='lat' dir='ltr'><strong>et</strong></span> <span class='ocrx_word' id='word_1_434' title='bbox 1785 3184 1850 3237; x_wconf 89' lang='lat' dir='ltr'><strong>de</strong></span> <span class='ocrx_word' id='word_1_435' title='bbox 1881 3183 2065 3237; x_wconf 86' lang='lat' dir='ltr'><strong>istius-</strong></span> 
     </span>
    </p>
   </div>
   <div class='ocr_carea' id='block_1_62' title="bbox 2173 3179 3750 3265">
    <p class='ocr_par' dir='ltr' id='par_1_62' title="bbox 2173 3182 3750 3258">
     <span class='ocr_line' id='line_1_62' title="bbox 2173 3182 3750 3258; baseline -0.004 -16"><span class='ocrx_word' id='word_1_436' title='bbox 2173 3187 2384 3258; x_wconf 82' lang='grc' dir='ltr'>χρῆμα,</span> <span class='ocrx_word' id='word_1_437' title='bbox 2408 3185 2503 3238; x_wconf 77' lang='grc' dir='ltr'>καὶ</span> <span class='ocrx_word' id='word_1_438' title='bbox 2537 3185 2669 3256; x_wconf 76' lang='grc' dir='ltr'>περὶ</span> <span class='ocrx_word' id='word_1_439' title='bbox 2699 3185 2905 3240; x_wconf 85' lang='grc' dir='ltr'>τούτων</span> <span class='ocrx_word' id='word_1_440' title='bbox 2941 3185 3092 3239; x_wconf 78' lang='grc' dir='ltr'>οὐδὲν</span> <span class='ocrx_word' id='word_1_441' title='bbox 3136 3182 3432 3254; x_wconf 82' lang='grc' dir='ltr'>λελάληκεν</span> <span class='ocrx_word' id='word_1_442' title='bbox 3470 3184 3498 3236; x_wconf 86' lang='grc' dir='ltr'><strong>ὁ</strong></span> <span class='ocrx_word' id='word_1_443' title='bbox 3526 3182 3750 3252; x_wconf 71' lang='grc' dir='ltr'>Μωσῆς.</span> 
     </span>
    </p>
   </div>
   <div class='ocr_carea' id='block_1_63' title="bbox 501 3269 2070 3341">
    <p class='ocr_par' dir='ltr' id='par_1_63' title="bbox 501 3269 2070 3341">
     <span class='ocr_line' id='line_1_63' title="bbox 501 3269 2070 3341; baseline 0.003 -17"><span class='ocrx_word' id='word_1_444' title='bbox 501 3269 647 3324; x_wconf 78' lang='lat' dir='ltr'><strong>modi</strong></span> <span class='ocrx_word' id='word_1_445' title='bbox 685 3269 1061 3325; x_wconf 87' lang='lat' dir='ltr'><strong>instrumentis</strong></span> <span class='ocrx_word' id='word_1_446' title='bbox 1085 3269 1262 3325; x_wconf 83' lang='lat' dir='ltr'><strong>Moses</strong></span> <span class='ocrx_word' id='word_1_447' title='bbox 1293 3270 1427 3324; x_wconf 86' lang='lat' dir='ltr'><strong>nihil</strong></span> <span class='ocrx_word' id='word_1_448' title='bbox 1461 3273 1732 3341; x_wconf 69' lang='lat' dir='ltr'><strong>praecepit.</strong></span> <span class='ocrx_word' id='word_1_449' title='bbox 1758 3272 1938 3341; x_wconf 88' lang='lat' dir='ltr'><strong>Quare</strong></span> <span class='ocrx_word' id='word_1_450' title='bbox 1965 3288 2070 3328; x_wconf 92' lang='lat' dir='ltr'><strong>non</strong></span> 
     </span>
    </p>
   </div>
   <div class='ocr_carea' id='block_1_64' title="bbox 501 3359 2075 3432">
    <p class='ocr_par' dir='ltr' id='par_1_64' title="bbox 501 3359 2075 3432">
     <span class='ocr_line' id='line_1_64' title="bbox 501 3359 2075 3432; baseline 0.001 -16"><span class='ocrx_word' id='word_1_451' title='bbox 501 3359 914 3425; x_wconf 90' lang='lat' dir='ltr'><strong>demulcebitur,</strong></span> <span class='ocrx_word' id='word_1_452' title='bbox 943 3376 1122 3431; x_wconf 86' lang='lat' dir='ltr'><strong>neque</strong></span> <span class='ocrx_word' id='word_1_453' title='bbox 1154 3361 1224 3416; x_wconf 89' lang='lat' dir='ltr'><strong>ob</strong></span> <span class='ocrx_word' id='word_1_454' title='bbox 1250 3363 1632 3432; x_wconf 85' lang='lat' dir='ltr'><strong>organicorum</strong></span> <span class='ocrx_word' id='word_1_455' title='bbox 1663 3377 1920 3419; x_wconf 88' lang='lat' dir='ltr'><strong>sonorum</strong></span> <span class='ocrx_word' id='word_1_456' title='bbox 1949 3379 2075 3419; x_wconf 89' lang='lat' dir='ltr'><strong>sua-</strong></span> 
     </span>
    </p>
   </div>
   <div class='ocr_carea' id='block_1_65' title="bbox 498 3453 2073 3526">
    <p class='ocr_par' dir='ltr' id='par_1_65' title="bbox 498 3453 2073 3526">
     <span class='ocr_line' id='line_1_65' title="bbox 498 3453 2073 3526; baseline 0.003 -21"><span class='ocrx_word' id='word_1_457' title='bbox 498 3455 723 3509; x_wconf 86' lang='lat' dir='ltr'><strong>vitatem</strong></span> <span class='ocrx_word' id='word_1_458' title='bbox 747 3454 976 3508; x_wconf 87' lang='lat' dir='ltr'><strong>crimina</strong></span> <span class='ocrx_word' id='word_1_459' title='bbox 1027 3454 1256 3524; x_wconf 84' lang='lat' dir='ltr'><strong>depellet</strong></span> <span class='ocrx_word' id='word_1_460' title='bbox 1305 3472 1320 3509; x_wconf 85' lang='lat'><strong>:</strong></span> <span class='ocrx_word' id='word_1_461' title='bbox 1371 3472 1392 3506; x_wconf 81' lang='grc' dir='ltr'><strong>ι</strong></span> <span class='ocrx_word' id='word_1_462' title='bbox 1454 3453 1558 3510; x_wconf 87' lang='lat' dir='ltr'><strong>Sed</strong></span> <span class='ocrx_word' id='word_1_463' title='bbox 1620 3467 1874 3525; x_wconf 87' lang='lat' dir='ltr'><strong>tanquam</strong></span> <span class='ocrx_word' id='word_1_464' title='bbox 1936 3472 2073 3526; x_wconf 86' lang='lat' dir='ltr'><strong>aqua</strong></span> 
     </span>
    </p>
   </div>
   <div class='ocr_carea' id='block_1_66' title="bbox 501 3544 2071 3619">
    <p class='ocr_par' dir='ltr' id='par_1_66' title="bbox 501 3544 2071 3619">
     <span class='ocr_line' id='line_1_66' title="bbox 501 3544 2071 3619; baseline 0.005 -23"><span class='ocrx_word' id='word_1_465' title='bbox 501 3545 745 3599; x_wconf 82' lang='lat' dir='ltr'><strong>volvetur</strong></span> <span class='ocrx_word' id='word_1_466' title='bbox 783 3544 1046 3614; x_wconf 86' lang='lat' dir='ltr'><strong>judicium</strong></span> <span class='ocrx_word' id='word_1_467' title='bbox 1080 3561 1281 3610; x_wconf 91' lang='lat' dir='ltr'><strong>meum,</strong></span> <span class='ocrx_word' id='word_1_468' title='bbox 1316 3565 1335 3598; x_wconf 75' lang='grc' dir='ltr'><strong>ι</strong></span> <span class='ocrx_word' id='word_1_469' title='bbox 1373 3557 1429 3601; x_wconf 91' lang='lat' dir='ltr'><strong>et</strong></span> <span class='ocrx_word' id='word_1_470' title='bbox 1473 3561 1502 3601; x_wconf 90' lang='lat' dir='ltr'><strong>a</strong></span> <span class='ocrx_word' id='word_1_471' title='bbox 1537 3562 1621 3602; x_wconf 91' lang='lat' dir='ltr'><strong>me</strong></span> <span class='ocrx_word' id='word_1_472' title='bbox 1651 3549 1890 3616; x_wconf 81' lang='lat' dir='ltr'><strong>profecta</strong></span> <span class='ocrx_word' id='word_1_473' title='bbox 1913 3550 2071 3619; x_wconf 89' lang='lat' dir='ltr'><strong>justi-</strong></span> 
     </span>
    </p>
   </div>
   <div class='ocr_carea' id='block_1_67' title="bbox 502 3638 2068 3706">
    <p class='ocr_par' dir='ltr' id='par_1_67' title="bbox 502 3638 2068 3706">
     <span class='ocr_line' id='line_1_67' title="bbox 502 3638 2068 3706; baseline 0.004 -14"><span class='ocrx_word' id='word_1_474' title='bbox 502 3639 597 3702; x_wconf 89' lang='lat' dir='ltr'><strong>tia,</strong></span> <span class='ocrx_word' id='word_1_475' title='bbox 627 3638 727 3691; x_wconf 87' lang='lat' dir='ltr'><strong>hoc</strong></span> <span class='ocrx_word' id='word_1_476' title='bbox 767 3646 872 3702; x_wconf 88' lang='lat' dir='ltr'><strong>est,</strong></span> <span class='ocrx_word' id='word_1_477' title='bbox 910 3647 1097 3692; x_wconf 90' lang='lat' dir='ltr'><strong>contra</strong></span> <span class='ocrx_word' id='word_1_478' title='bbox 1137 3653 1233 3693; x_wconf 85' lang='lat' dir='ltr'><strong>vos</strong></span> <span class='ocrx_word' id='word_1_479' title='bbox 1269 3638 1415 3706; x_wconf 87' lang='lat' dir='ltr'><strong>justa</strong></span> <span class='ocrx_word' id='word_1_480' title='bbox 1459 3641 1526 3694; x_wconf 90' lang='lat' dir='ltr'><strong>de</strong></span> <span class='ocrx_word' id='word_1_481' title='bbox 1572 3650 1770 3696; x_wconf 72' lang='lat' dir='ltr'><strong>caetero</strong></span> <span class='ocrx_word' id='word_1_482' title='bbox 1801 3644 2068 3698; x_wconf 86' lang='lat' dir='ltr'><strong>sententia</strong></span> 
     </span>
    </p>
   </div>
   <div class='ocr_carea' id='block_1_68' title="bbox 500 3729 2076 3796">
    <p class='ocr_par' dir='ltr' id='par_1_68' title="bbox 500 3729 2076 3796">
     <span class='ocr_line' id='line_1_68' title="bbox 500 3729 2076 3796; baseline 0.007 -17"><span class='ocrx_word' id='word_1_483' title='bbox 500 3729 661 3796; x_wconf 88' lang='lat' dir='ltr'><strong>quasi</strong></span> <span class='ocrx_word' id='word_1_484' title='bbox 709 3739 925 3786; x_wconf 90' lang='lat' dir='ltr'><strong>torrens</strong></span> <span class='ocrx_word' id='word_1_485' title='bbox 974 3730 1081 3784; x_wconf 86' lang='lat' dir='ltr'><strong>erit</strong></span> <span class='ocrx_word' id='word_1_486' title='bbox 1110 3741 1297 3786; x_wconf 88' lang='lat' dir='ltr'><strong>contra</strong></span> <span class='ocrx_word' id='word_1_487' title='bbox 1345 3746 1464 3794; x_wconf 87' lang='lat' dir='ltr'><strong>vos,</strong></span> <span class='ocrx_word' id='word_1_488' title='bbox 1516 3747 1702 3787; x_wconf 89' lang='lat' dir='ltr'><strong>secum</strong></span> <span class='ocrx_word' id='word_1_489' title='bbox 1755 3733 2076 3790; x_wconf 81' lang='lat' dir='ltr'><strong>abstrahens</strong></span> 
     </span>
    </p>
   </div>
   <div class='ocr_carea' id='block_1_69' title="bbox 500 3819 2076 3892">
    <p class='ocr_par' dir='ltr' id='par_1_69' title="bbox 500 3819 2076 3892">
     <span class='ocr_line' id='line_1_69' title="bbox 500 3819 2076 3892; baseline 0.004 -18"><span class='ocrx_word' id='word_1_490' title='bbox 500 3819 756 3876; x_wconf 79' lang='lat' dir='ltr'><strong>videlicet</strong></span> <span class='ocrx_word' id='word_1_491' title='bbox 805 3835 927 3891; x_wconf 69' lang='lat' dir='ltr'><strong>quae</strong></span> <span class='ocrx_word' id='word_1_492' title='bbox 984 3821 1294 3888; x_wconf 90' lang='lat' dir='ltr'><strong>inciderint,</strong></span> <span class='ocrx_word' id='word_1_493' title='bbox 1347 3832 1405 3877; x_wconf 90' lang='lat' dir='ltr'><strong>et</strong></span> <span class='ocrx_word' id='word_1_494' title='bbox 1446 3838 1673 3892; x_wconf 90' lang='lat' dir='ltr'><strong>parcens</strong></span> <span class='ocrx_word' id='word_1_495' title='bbox 1724 3825 1947 3880; x_wconf 91' lang='lat' dir='ltr'><strong>nemini.</strong></span> <span class='ocrx_word' id='word_1_496' title='bbox 2001 3825 2076 3882; x_wconf 92' lang='lat' dir='ltr'><strong>De</strong></span> 
     </span>
    </p>
   </div>
   <div class='ocr_carea' id='block_1_70' title="bbox 501 3912 2072 3983">
    <p class='ocr_par' dir='ltr' id='par_1_70' title="bbox 501 3912 2072 3983">
     <span class='ocr_line' id='line_1_70' title="bbox 501 3912 2072 3983; baseline 0.004 -18"><span class='ocrx_word' id='word_1_497' title='bbox 501 3912 776 3968; x_wconf 87' lang='lat' dir='ltr'><strong>montibus</strong></span> <span class='ocrx_word' id='word_1_498' title='bbox 819 3913 964 3967; x_wconf 90' lang='lat' dir='ltr'><strong>enim</strong></span> <span class='ocrx_word' id='word_1_499' title='bbox 1005 3927 1128 3968; x_wconf 92' lang='lat' dir='ltr'><strong>cum</strong></span> <span class='ocrx_word' id='word_1_500' title='bbox 1173 3913 1374 3983; x_wconf 87' lang='lat' dir='ltr'><strong>impetu</strong></span> <span class='ocrx_word' id='word_1_501' title='bbox 1412 3914 1746 3970; x_wconf 89' lang='lat' dir='ltr'><strong>descendunt</strong></span> <span class='ocrx_word' id='word_1_502' title='bbox 1786 3925 2072 3974; x_wconf 82' lang='lat' dir='ltr'><strong>torrentes.</strong></span> 
     </span>
    </p>
   </div>
   <div class='ocr_carea' id='block_1_71' title="bbox 502 4003 2074 4078">
    <p class='ocr_par' dir='ltr' id='par_1_71' title="bbox 502 4003 2074 4078">
     <span class='ocr_line' id='line_1_71' title="bbox 502 4003 2074 4078; baseline 0.003 -20"><span class='ocrx_word' id='word_1_503' title='bbox 502 4003 704 4058; x_wconf 88' lang='lat' dir='ltr'><strong>Eodem</strong></span> <span class='ocrx_word' id='word_1_504' title='bbox 736 4004 898 4059; x_wconf 91' lang='lat' dir='ltr'><strong>modo</strong></span> <span class='ocrx_word' id='word_1_505' title='bbox 919 4004 1100 4058; x_wconf 86' lang='lat' dir='ltr'><strong>divina</strong></span> <span class='ocrx_word' id='word_1_506' title='bbox 1131 4005 1422 4070; x_wconf 90' lang='lat' dir='ltr'><strong>sententia,</strong></span> <span class='ocrx_word' id='word_1_507' title='bbox 1451 4006 1494 4060; x_wconf 93' lang='lat' dir='ltr'><strong>si</strong></span> <span class='ocrx_word' id='word_1_508' title='bbox 1531 4006 1788 4061; x_wconf 88' lang='lat' dir='ltr'><strong>adversus</strong></span> <span class='ocrx_word' id='word_1_509' title='bbox 1811 4009 2074 4078; x_wconf 85' lang='lat' dir='ltr'><strong>quosdam</strong></span> 
     </span>
    </p>
   </div>
   <div class='ocr_carea' id='block_1_72' title="bbox 501 4095 2075 4166">
    <p class='ocr_par' dir='ltr' id='par_1_72' title="bbox 501 4095 2075 4166">
     <span class='ocr_line' id='line_1_72' title="bbox 501 4095 2075 4166; baseline 0.003 -18"><span class='ocrx_word' id='word_1_510' title='bbox 501 4095 731 4162; x_wconf 82' lang='lat' dir='ltr'><strong>venerit,</strong></span> <span class='ocrx_word' id='word_1_511' title='bbox 767 4109 907 4165; x_wconf 85' lang='lat' dir='ltr'><strong>aqua</strong></span> <span class='ocrx_word' id='word_1_512' title='bbox 934 4095 1391 4166; x_wconf 79' lang='lat' dir='ltr'><strong>inexpugnabilis,</strong></span> <span class='ocrx_word' id='word_1_513' title='bbox 1423 4107 1478 4151; x_wconf 84' lang='lat' dir='ltr'><strong>et</strong></span> <span class='ocrx_word' id='word_1_514' title='bbox 1516 4108 1733 4152; x_wconf 88' lang='lat' dir='ltr'><strong>torrens</strong></span> <span class='ocrx_word' id='word_1_515' title='bbox 1777 4100 1864 4153; x_wconf 89' lang='lat' dir='ltr'><strong>cui</strong></span> <span class='ocrx_word' id='word_1_516' title='bbox 1899 4099 2075 4154; x_wconf 87' lang='lat' dir='ltr'><strong>resisti</strong></span> 
     </span>
    </p>
   </div>
   <div class='ocr_carea' id='block_1_73' title="bbox 501 4185 2078 4257">
    <p class='ocr_par' dir='ltr' id='par_1_73' title="bbox 501 4185 2078 4257">
     <span class='ocr_line' id='line_1_73' title="bbox 501 4185 2078 4257; baseline 0.002 -17"><span class='ocrx_word' id='word_1_517' title='bbox 501 4200 607 4240; x_wconf 91' lang='lat' dir='ltr'><strong>non</strong></span> <span class='ocrx_word' id='word_1_518' title='bbox 641 4193 838 4254; x_wconf 89' lang='lat' dir='ltr'><strong>potest,</strong></span> <span class='ocrx_word' id='word_1_519' title='bbox 871 4185 999 4251; x_wconf 88' lang='lat' dir='ltr'><strong>erit,</strong></span> <span class='ocrx_word' id='word_1_520' title='bbox 1031 4195 1087 4240; x_wconf 86' lang='lat' dir='ltr'><strong>et</strong></span> <span class='ocrx_word' id='word_1_521' title='bbox 1117 4186 1262 4242; x_wconf 89' lang='lat' dir='ltr'><strong>aliud</strong></span> <span class='ocrx_word' id='word_1_522' title='bbox 1301 4187 1458 4242; x_wconf 91' lang='lat' dir='ltr'><strong>nihil.</strong></span> <span class='ocrx_word' id='word_1_523' title='bbox 1491 4185 1708 4257; x_wconf 90' lang='lat' dir='ltr'><strong>Ubique</strong></span> <span class='ocrx_word' id='word_1_524' title='bbox 1747 4188 1908 4256; x_wconf 78' lang='lat' dir='ltr'><strong>igitur</strong></span> <span class='ocrx_word' id='word_1_525' title='bbox 1946 4189 2078 4244; x_wconf 88' lang='lat' dir='ltr'><strong>utile</strong></span> 
     </span>
    </p>
   </div>
   <div class='ocr_carea' id='block_1_74' title="bbox 499 4277 2076 4349">
    <p class='ocr_par' dir='ltr' id='par_1_74' title="bbox 499 4277 2076 4349">
     <span class='ocr_line' id='line_1_74' title="bbox 499 4277 2076 4349; baseline 0.002 -17"><span class='ocrx_word' id='word_1_526' title='bbox 499 4286 555 4333; x_wconf 86' lang='lat' dir='ltr'><strong>et</strong></span> <span class='ocrx_word' id='word_1_527' title='bbox 583 4277 950 4331; x_wconf 85' lang='lat' dir='ltr'><strong>necessarium</strong></span> <span class='ocrx_word' id='word_1_528' title='bbox 987 4277 1201 4332; x_wconf 88' lang='lat' dir='ltr'><strong>videtur</strong></span> <span class='ocrx_word' id='word_1_529' title='bbox 1242 4277 1618 4346; x_wconf 59' lang='lat' dir='ltr'><strong>paenitentiam</strong></span> <span class='ocrx_word' id='word_1_530' title='bbox 1646 4294 1832 4349; x_wconf 78' lang='lat' dir='ltr'><strong>agere,</strong></span> <span class='ocrx_word' id='word_1_531' title='bbox 1861 4289 1917 4335; x_wconf 90' lang='lat' dir='ltr'><strong>et</strong></span> <span class='ocrx_word' id='word_1_532' title='bbox 1947 4296 2076 4335; x_wconf 91' lang='lat' dir='ltr'><strong>con-</strong></span> 
     </span>
    </p>
   </div>
   <div class='ocr_carea' id='block_1_75' title="bbox 501 4368 2076 4439">
    <p class='ocr_par' dir='ltr' id='par_1_75' title="bbox 501 4368 2076 4439">
     <span class='ocr_line' id='line_1_75' title="bbox 501 4368 2076 4439; baseline 0.003 -17"><span class='ocrx_word' id='word_1_533' title='bbox 501 4369 751 4425; x_wconf 84' lang='lat' dir='ltr'><strong>versione</strong></span> <span class='ocrx_word' id='word_1_534' title='bbox 809 4369 878 4424; x_wconf 87' lang='lat' dir='ltr'><strong>ad</strong></span> <span class='ocrx_word' id='word_1_535' title='bbox 932 4368 1154 4423; x_wconf 90' lang='lat' dir='ltr'><strong>meliora</strong></span> <span class='ocrx_word' id='word_1_536' title='bbox 1211 4369 1447 4422; x_wconf 79' lang='lat' dir='ltr'><strong>divinam</strong></span> <span class='ocrx_word' id='word_1_537' title='bbox 1501 4371 1636 4424; x_wconf 88' lang='lat' dir='ltr'><strong>iram</strong></span> <span class='ocrx_word' id='word_1_538' title='bbox 1678 4370 1914 4439; x_wconf 90' lang='lat' dir='ltr'><strong>amoliri,</strong></span> <span class='ocrx_word' id='word_1_539' title='bbox 1972 4387 2076 4426; x_wconf 88' lang='lat' dir='ltr'><strong>non</strong></span> 
     </span>
    </p>
   </div>
   <div class='ocr_carea' id='block_1_76' title="bbox 499 4460 2078 4532">
    <p class='ocr_par' dir='ltr' id='par_1_76' title="bbox 499 4460 2078 4532">
     <span class='ocr_line' id='line_1_76' title="bbox 499 4460 2078 4532; baseline 0.003 -18"><span class='ocrx_word' id='word_1_540' title='bbox 499 4461 721 4516; x_wconf 86' lang='lat' dir='ltr'><strong>omnino</strong></span> <span class='ocrx_word' id='word_1_541' title='bbox 763 4460 1113 4527; x_wconf 89' lang='lat' dir='ltr'><strong>imbecillem,</strong></span> <span class='ocrx_word' id='word_1_542' title='bbox 1177 4469 1232 4515; x_wconf 89' lang='lat' dir='ltr'><strong>et</strong></span> <span class='ocrx_word' id='word_1_543' title='bbox 1255 4475 1414 4530; x_wconf 86' lang='lat' dir='ltr'><strong>quam</strong></span> <span class='ocrx_word' id='word_1_544' title='bbox 1444 4475 1605 4516; x_wconf 89' lang='lat' dir='ltr'><strong>nemo</strong></span> <span class='ocrx_word' id='word_1_545' title='bbox 1633 4461 1915 4532; x_wconf 69' lang='lat' dir='ltr'><strong>intelligant,</strong></span> <span class='ocrx_word' id='word_1_546' title='bbox 1969 4463 2078 4519; x_wconf 89' lang='lat' dir='ltr'><strong>Deo</strong></span> 
     </span>
    </p>
   </div>
   <div class='ocr_carea' id='block_1_77' title="bbox 2172 3274 3754 3348">
    <p class='ocr_par' dir='ltr' id='par_1_77' title="bbox 2172 3274 3754 3348">
     <span class='ocr_line' id='line_1_77' title="bbox 2172 3274 3754 3348; baseline -0.004 -15"><span class='ocrx_word' id='word_1_547' title='bbox 2172 3276 2382 3333; x_wconf 83' lang='grc' dir='ltr'>Οὐκοῦν</span> <span class='ocrx_word' id='word_1_548' title='bbox 2413 3277 2475 3330; x_wconf 82' lang='grc' dir='ltr'><strong>οὐ</strong></span> <span class='ocrx_word' id='word_1_549' title='bbox 2510 3276 3017 3348; x_wconf 81' lang='grc' dir='ltr'>παρακληθήσεται.</span> <span class='ocrx_word' id='word_1_550' title='bbox 3061 3276 3184 3330; x_wconf 69' lang='grc' dir='ltr'>οὐδὲ</span> <span class='ocrx_word' id='word_1_551' title='bbox 3232 3276 3352 3338; x_wconf 87' lang='grc' dir='ltr'>ταῖς</span> <span class='ocrx_word' id='word_1_552' title='bbox 3393 3274 3460 3328; x_wconf 85' lang='grc' dir='ltr'>δι’</span> <span class='ocrx_word' id='word_1_553' title='bbox 3504 3274 3754 3346; x_wconf 86' lang='grc' dir='ltr'>ὀργάνων</span> 
     </span>
    </p>
   </div>
   <div class='ocr_carea' id='block_1_78' title="bbox 2172 3364 3754 3439">
    <p class='ocr_par' dir='ltr' id='par_1_78' title="bbox 2172 3364 3754 3439">
     <span class='ocr_line' id='line_1_78' title="bbox 2172 3364 3754 3439; baseline -0.003 -17"><span class='ocrx_word' id='word_1_554' title='bbox 2172 3369 2420 3439; x_wconf 82' lang='grc' dir='ltr'>εὐηχίαις</span> <span class='ocrx_word' id='word_1_555' title='bbox 2449 3367 2782 3439; x_wconf 83' lang='grc' dir='ltr'>ἀποκρούσει</span> <span class='ocrx_word' id='word_1_556' title='bbox 2813 3367 2880 3421; x_wconf 82' lang='grc' dir='ltr'>τὰ</span> <span class='ocrx_word' id='word_1_557' title='bbox 2909 3366 3261 3437; x_wconf 59' lang='grc' dir='ltr'><strong>ἐγκλήματα⁹</strong></span> <span class='ocrx_word' id='word_1_558' title='bbox 3295 3384 3314 3417; x_wconf 82' lang='grc' dir='ltr'><strong>ι</strong></span> <span class='ocrx_word' id='word_1_559' title='bbox 3353 3365 3492 3418; x_wconf 76' lang='grc' dir='ltr'>Ἀλλ’</span> <span class='ocrx_word' id='word_1_560' title='bbox 3513 3365 3588 3429; x_wconf 83' lang='grc' dir='ltr'>ὼς</span> <span class='ocrx_word' id='word_1_561' title='bbox 3612 3364 3754 3435; x_wconf 77' lang='grc' dir='ltr'>ὕδωρ</span> 
     </span>
    </p>
   </div>
   <div class='ocr_carea' id='block_1_79' title="bbox 2173 3455 3754 3528">
    <p class='ocr_par' dir='ltr' id='par_1_79' title="bbox 2173 3455 3754 3528">
     <span class='ocr_line' id='line_1_79' title="bbox 2173 3455 3754 3528; baseline -0.002 -18"><span class='ocrx_word' id='word_1_562' title='bbox 2173 3457 2556 3528; x_wconf 86' lang='grc' dir='ltr'>κυλισθήσεταί</span> <span class='ocrx_word' id='word_1_563' title='bbox 2607 3474 2707 3528; x_wconf 90' lang='grc' dir='ltr'><strong>μου</strong></span> <span class='ocrx_word' id='word_1_564' title='bbox 2764 3457 2825 3510; x_wconf 85' lang='grc' dir='ltr'><strong>τὸ</strong></span> <span class='ocrx_word' id='word_1_565' title='bbox 2879 3458 3129 3526; x_wconf 81' lang='grc' dir='ltr'>κρῖμα,›</span> <span class='ocrx_word' id='word_1_566' title='bbox 3188 3456 3284 3508; x_wconf 78' lang='grc' dir='ltr'>καὶ</span> <span class='ocrx_word' id='word_1_567' title='bbox 3343 3456 3376 3526; x_wconf 86' lang='grc' dir='ltr'>ἡ</span> <span class='ocrx_word' id='word_1_568' title='bbox 3433 3456 3560 3526; x_wconf 85' lang='grc' dir='ltr'>παρ’</span> <span class='ocrx_word' id='word_1_569' title='bbox 3619 3455 3754 3525; x_wconf 81' lang='grc' dir='ltr'>ἐμοῦ</span> 
     </span>
    </p>
   </div>
   <div class='ocr_carea' id='block_1_80' title="bbox 2173 3546 3756 3621">
    <p class='ocr_par' dir='ltr' id='par_1_80' title="bbox 2173 3546 3756 3621">
     <span class='ocr_line' id='line_1_80' title="bbox 2173 3546 3756 3621; baseline -0.002 -20"><span class='ocrx_word' id='word_1_570' title='bbox 2173 3549 2440 3620; x_wconf 88' lang='grc' dir='ltr'>γενομένη</span> <span class='ocrx_word' id='word_1_571' title='bbox 2469 3549 2806 3621; x_wconf 83' lang='grc' dir='ltr'>δικαιοσύνη,</span> <span class='ocrx_word' id='word_1_572' title='bbox 2837 3548 3136 3614; x_wconf 86' lang='grc' dir='ltr'>τουτέστιν,</span> <span class='ocrx_word' id='word_1_573' title='bbox 3159 3549 3193 3618; x_wconf 84' lang='grc' dir='ltr'>ὴ</span> <span class='ocrx_word' id='word_1_574' title='bbox 3221 3547 3343 3600; x_wconf 89' lang='grc' dir='ltr'>καθ’</span> <span class='ocrx_word' id='word_1_575' title='bbox 3375 3547 3529 3617; x_wconf 81' lang='grc' dir='ltr'>ὑμῶν</span> <span class='ocrx_word' id='word_1_576' title='bbox 3570 3546 3756 3599; x_wconf 87' lang='grc' dir='ltr'>δικαία</span> 
     </span>
    </p>
   </div>
   <div class='ocr_carea' id='block_1_81' title="bbox 2172 3639 3755 3711">
    <p class='ocr_par' dir='ltr' id='par_1_81' title="bbox 2172 3639 3755 3711">
     <span class='ocr_line' id='line_1_81' title="bbox 2172 3639 3755 3711; baseline -0.002 -19"><span class='ocrx_word' id='word_1_577' title='bbox 2172 3639 2358 3693; x_wconf 85' lang='grc' dir='ltr'>λοιπὸν</span> <span class='ocrx_word' id='word_1_578' title='bbox 2389 3640 2772 3708; x_wconf 84' lang='grc' dir='ltr'>ἀπόφασις,ὼς</span> <span class='ocrx_word' id='word_1_579' title='bbox 2798 3640 3132 3711; x_wconf 75' lang='grc' dir='ltr'>χειμάρρους</span> <span class='ocrx_word' id='word_1_580' title='bbox 3163 3641 3361 3702; x_wconf 86' lang='grc' dir='ltr'>ἄϐατος</span> <span class='ocrx_word' id='word_1_581' title='bbox 3386 3639 3560 3700; x_wconf 85' lang='grc' dir='ltr'>ἔσται,</span> <span class='ocrx_word' id='word_1_582' title='bbox 3587 3655 3755 3698; x_wconf 73' lang='grc' dir='ltr'>κατα-</span> 
     </span>
    </p>
   </div>
   <div class='ocr_carea' id='block_1_82' title="bbox 2176 3729 3756 3802">
    <p class='ocr_par' dir='ltr' id='par_1_82' title="bbox 2176 3729 3756 3802">
     <span class='ocr_line' id='line_1_82' title="bbox 2176 3729 3756 3802; baseline -0.003 -18"><span class='ocrx_word' id='word_1_583' title='bbox 2176 3731 2358 3802; x_wconf 86' lang='grc' dir='ltr'>σύρων</span> <span class='ocrx_word' id='word_1_584' title='bbox 2395 3730 2638 3800; x_wconf 88' lang='grc' dir='ltr'>δηλονότι</span> <span class='ocrx_word' id='word_1_585' title='bbox 2677 3730 2746 3784; x_wconf 81' lang='grc' dir='ltr'>τὰ</span> <span class='ocrx_word' id='word_1_586' title='bbox 2795 3731 3273 3801; x_wconf 82' lang='grc' dir='ltr'>παρεμπίπτοντα,</span> <span class='ocrx_word' id='word_1_587' title='bbox 3313 3730 3406 3783; x_wconf 74' lang='grc' dir='ltr'><strong>καὶ</strong></span> <span class='ocrx_word' id='word_1_588' title='bbox 3444 3729 3756 3798; x_wconf 68' lang='grc' dir='ltr'>φειδόμενος</span> 
     </span>
    </p>
   </div>
   <div class='ocr_carea' id='block_1_83' title="bbox 2174 3817 3754 3892">
    <p class='ocr_par' dir='ltr' id='par_1_83' title="bbox 2174 3817 3754 3892">
     <span class='ocr_line' id='line_1_83' title="bbox 2174 3817 3754 3892; baseline -0.005 -17"><span class='ocrx_word' id='word_1_589' title='bbox 2174 3820 2406 3884; x_wconf 80' lang='grc' dir='ltr'>οὐδενός.</span> <span class='ocrx_word' id='word_1_590' title='bbox 2434 3821 2930 3892; x_wconf 80' lang='grc' dir='ltr'>Καταρῤήγνυνται</span> <span class='ocrx_word' id='word_1_591' title='bbox 2967 3819 3076 3891; x_wconf 77' lang='grc' dir='ltr'>γὰρ</span> <span class='ocrx_word' id='word_1_592' title='bbox 3100 3818 3206 3872; x_wconf 87' lang='grc' dir='ltr'>τῶν</span> <span class='ocrx_word' id='word_1_593' title='bbox 3235 3819 3377 3890; x_wconf 83' lang='grc' dir='ltr'>ὀρῶν</span> <span class='ocrx_word' id='word_1_594' title='bbox 3409 3817 3680 3889; x_wconf 81' lang='grc' dir='ltr'>ραγδαίως</span> <span class='ocrx_word' id='word_1_595' title='bbox 3703 3817 3754 3867; x_wconf 89' lang='grc' dir='ltr'>οἱ</span> 
     </span>
    </p>
   </div>
   <div class='ocr_carea' id='block_1_84' title="bbox 2175 3909 3756 3986">
    <p class='ocr_par' dir='ltr' id='par_1_84' title="bbox 2175 3909 3756 3986">
     <span class='ocr_line' id='line_1_84' title="bbox 2175 3909 3756 3986; baseline -0.003 -20"><span class='ocrx_word' id='word_1_596' title='bbox 2175 3913 2490 3986; x_wconf 77' lang='grc' dir='ltr'>χείμαρροι.</span> <span class='ocrx_word' id='word_1_597' title='bbox 2541 3912 2696 3967; x_wconf 79' lang='grc' dir='ltr'>Οὕτω</span> <span class='ocrx_word' id='word_1_598' title='bbox 2733 3913 2893 3983; x_wconf 70' lang='grc' dir='ltr'>καὶὴ</span> <span class='ocrx_word' id='word_1_599' title='bbox 2933 3911 3054 3966; x_wconf 86' lang='grc' dir='ltr'>θεία</span> <span class='ocrx_word' id='word_1_600' title='bbox 3096 3911 3296 3982; x_wconf 72' lang='grc' dir='ltr'>ψῆφος,</span> <span class='ocrx_word' id='word_1_601' title='bbox 3347 3913 3395 3964; x_wconf 86' lang='grc' dir='ltr'><strong>εί</strong></span> <span class='ocrx_word' id='word_1_602' title='bbox 3442 3909 3506 3980; x_wconf 72' lang='grc' dir='ltr'>δὴ</span> <span class='ocrx_word' id='word_1_603' title='bbox 3549 3909 3756 3978; x_wconf 86' lang='grc' dir='ltr'>γένοιτο</span> 
     </span>
    </p>
   </div>
   <div class='ocr_carea' id='block_1_85' title="bbox 2175 4003 3753 4076">
    <p class='ocr_par' dir='ltr' id='par_1_85' title="bbox 2175 4003 3753 4076">
     <span class='ocr_line' id='line_1_85' title="bbox 2175 4003 3753 4076; baseline -0.003 -17"><span class='ocrx_word' id='word_1_604' title='bbox 2175 4005 2320 4060; x_wconf 81' lang='grc' dir='ltr'>κατά</span> <span class='ocrx_word' id='word_1_605' title='bbox 2351 4022 2534 4070; x_wconf 86' lang='grc' dir='ltr'>τινων,</span> <span class='ocrx_word' id='word_1_606' title='bbox 2560 4003 2706 4076; x_wconf 74' lang='grc' dir='ltr'>ὕδωρ</span> <span class='ocrx_word' id='word_1_607' title='bbox 2777 4004 2988 4074; x_wconf 83' lang='grc' dir='ltr'>ἄμαχον</span> <span class='ocrx_word' id='word_1_608' title='bbox 3033 4003 3128 4056; x_wconf 77' lang='grc' dir='ltr'><strong>καὶ</strong></span> <span class='ocrx_word' id='word_1_609' title='bbox 3170 4003 3508 4074; x_wconf 73' lang='grc' dir='ltr'>χειμάρρους</span> <span class='ocrx_word' id='word_1_610' title='bbox 3559 4003 3753 4055; x_wconf 80' lang='grc' dir='ltr'>ἀναντ-</span> 
     </span>
    </p>
   </div>
   <div class='ocr_carea' id='block_1_86' title="bbox 2176 4092 3754 4165">
    <p class='ocr_par' dir='ltr' id='par_1_86' title="bbox 2176 4092 3754 4165">
     <span class='ocr_line' id='line_1_86' title="bbox 2176 4092 3754 4165; baseline -0.004 -16"><span class='ocrx_word' id='word_1_611' title='bbox 2176 4096 2476 4164; x_wconf 86' lang='grc' dir='ltr'>αγώνιστος</span> <span class='ocrx_word' id='word_1_612' title='bbox 2497 4095 2668 4163; x_wconf 75' lang='grc' dir='ltr'>ἔσται,</span> <span class='ocrx_word' id='word_1_613' title='bbox 2701 4095 2792 4148; x_wconf 76' lang='grc' dir='ltr'>καὶ</span> <span class='ocrx_word' id='word_1_614' title='bbox 2809 4095 2994 4165; x_wconf 72' lang='grc' dir='ltr'>ἕτερον</span> <span class='ocrx_word' id='word_1_615' title='bbox 3023 4092 3496 4164; x_wconf 41' lang='grc' dir='ltr'>οὐδὲχπανταχοῦ.</span> <span class='ocrx_word' id='word_1_616' title='bbox 3524 4094 3754 4162; x_wconf 89' lang='grc' dir='ltr'>Τοιγαρ-</span> 
     </span>
    </p>
   </div>
   <div class='ocr_carea' id='block_1_87' title="bbox 2175 4186 3753 4260">
    <p class='ocr_par' dir='ltr' id='par_1_87' title="bbox 2175 4186 3753 4260">
     <span class='ocr_line' id='line_1_87' title="bbox 2175 4186 3753 4260; baseline -0.003 -18"><span class='ocrx_word' id='word_1_617' title='bbox 2175 4189 2271 4242; x_wconf 88' lang='grc' dir='ltr'><strong>οῦν</strong></span> <span class='ocrx_word' id='word_1_618' title='bbox 2295 4188 2568 4260; x_wconf 85' lang='grc' dir='ltr'>χρήσιμόν</span> <span class='ocrx_word' id='word_1_619' title='bbox 2593 4205 2652 4241; x_wconf 86' lang='grc' dir='ltr'><strong>τε</strong></span> <span class='ocrx_word' id='word_1_620' title='bbox 2677 4187 2771 4240; x_wconf 79' lang='grc' dir='ltr'>καὶ</span> <span class='ocrx_word' id='word_1_621' title='bbox 2792 4187 3086 4256; x_wconf 82' lang='grc' dir='ltr'>ἀναγκαῖον</span> <span class='ocrx_word' id='word_1_622' title='bbox 3108 4186 3167 4240; x_wconf 82' lang='grc' dir='ltr'><strong>τὸ</strong></span> <span class='ocrx_word' id='word_1_623' title='bbox 3191 4189 3466 4256; x_wconf 82' lang='grc' dir='ltr'>μετανοεῖν</span> <span class='ocrx_word' id='word_1_624' title='bbox 3481 4186 3753 4255; x_wconf 82' lang='grc' dir='ltr'>φαίνεται,</span> 
     </span>
    </p>
   </div>
   <div class='ocr_carea' id='block_1_88' title="bbox 2177 4276 3754 4349">
    <p class='ocr_par' dir='ltr' id='par_1_88' title="bbox 2177 4276 3754 4349">
     <span class='ocr_line' id='line_1_88' title="bbox 2177 4276 3754 4349; baseline -0.005 -15"><span class='ocrx_word' id='word_1_625' title='bbox 2177 4281 2269 4334; x_wconf 73' lang='grc' dir='ltr'><strong>καὶ</strong></span> <span class='ocrx_word' id='word_1_626' title='bbox 2294 4283 2412 4344; x_wconf 84' lang='grc' dir='ltr'>ταῖς</span> <span class='ocrx_word' id='word_1_627' title='bbox 2435 4282 2514 4342; x_wconf 87' lang='grc' dir='ltr'><strong>είς</strong></span> <span class='ocrx_word' id='word_1_628' title='bbox 2539 4279 2602 4332; x_wconf 82' lang='grc' dir='ltr'><strong>τὸ</strong></span> <span class='ocrx_word' id='word_1_629' title='bbox 2622 4278 2846 4349; x_wconf 78' lang='grc' dir='ltr'>ἄμεινον</span> <span class='ocrx_word' id='word_1_630' title='bbox 2877 4279 3206 4349; x_wconf 82' lang='grc' dir='ltr'>ἁναδρομαῖς</span> <span class='ocrx_word' id='word_1_631' title='bbox 3231 4276 3632 4348; x_wconf 79' lang='grc' dir='ltr'>ἀποκρούεσθαι</span> <span class='ocrx_word' id='word_1_632' title='bbox 3658 4277 3754 4345; x_wconf 81' lang='grc' dir='ltr'>τὴν</span> 
     </span>
    </p>
   </div>
   <div class='ocr_carea' id='block_1_89' title="bbox 2177 4366 3754 4441">
    <p class='ocr_par' dir='ltr' id='par_1_89' title="bbox 2177 4366 3754 4441">
     <span class='ocr_line' id='line_1_89' title="bbox 2177 4366 3754 4441; baseline -0.001 -19"><span class='ocrx_word' id='word_1_633' title='bbox 2177 4370 2468 4441; x_wconf 80' lang='grc' dir='ltr'>ὀργὴν,οῦκ</span> <span class='ocrx_word' id='word_1_634' title='bbox 2501 4369 2775 4440; x_wconf 79' lang='grc' dir='ltr'>ἄχρηστον</span> <span class='ocrx_word' id='word_1_635' title='bbox 2807 4369 3084 4432; x_wconf 79' lang='grc' dir='ltr'>παντελῶς</span> <span class='ocrx_word' id='word_1_636' title='bbox 3112 4371 3206 4423; x_wconf 76' lang='grc' dir='ltr'><strong>καὶ</strong></span> <span class='ocrx_word' id='word_1_637' title='bbox 3227 4369 3435 4439; x_wconf 88' lang='grc' dir='ltr'>ἀτρανῆ</span> <span class='ocrx_word' id='word_1_638' title='bbox 3467 4367 3542 4437; x_wconf 80' lang='grc' dir='ltr'><strong>(Ι)</strong></span> <span class='ocrx_word' id='word_1_639' title='bbox 3569 4366 3754 4436; x_wconf 83' lang='grc' dir='ltr'>φωνὴν</span> 
     </span>
    </p>
   </div>
   <div class='ocr_carea' id='block_1_90' title="bbox 2181 4457 3754 4532">
    <p class='ocr_par' dir='ltr' id='par_1_90' title="bbox 2181 4457 3754 4532">
     <span class='ocr_line' id='line_1_90' title="bbox 2181 4457 3754 4532; baseline -0.003 -17"><span class='ocrx_word' id='word_1_640' title='bbox 2181 4461 2360 4525; x_wconf 85' lang='grc' dir='ltr'>ἱέντας</span> <span class='ocrx_word' id='word_1_641' title='bbox 2387 4461 2526 4532; x_wconf 82' lang='grc' dir='ltr'>Θεῷ,</span> <span class='ocrx_word' id='word_1_642' title='bbox 2557 4462 2672 4515; x_wconf 85' lang='grc' dir='ltr'>ἀλλ’</span> <span class='ocrx_word' id='word_1_643' title='bbox 2699 4461 2759 4527; x_wconf 77' lang='grc' dir='ltr'>ἐξ</span> <span class='ocrx_word' id='word_1_644' title='bbox 2786 4461 2998 4531; x_wconf 85' lang='grc' dir='ltr'>ἀγαθῆς</span> <span class='ocrx_word' id='word_1_645' title='bbox 3025 4461 3300 4532; x_wconf 84' lang='grc' dir='ltr'>δυνάμεως</span> <span class='ocrx_word' id='word_1_646' title='bbox 3335 4459 3496 4528; x_wconf 82' lang='grc' dir='ltr'>σοφὸν</span> <span class='ocrx_word' id='word_1_647' title='bbox 3539 4457 3754 4528; x_wconf 85' lang='grc' dir='ltr'>ἀληθῶς</span> 
     </span>
    </p>
   </div>
   <div class='ocr_carea' id='block_1_91' title="bbox 501 4535 2074 4624">
    <p class='ocr_par' dir='ltr' id='par_1_91' title="bbox 501 4550 2073 4624">
     <span class='ocr_line' id='line_1_91' title="bbox 501 4550 2073 4624; baseline 0.004 -21"><span class='ocrx_word' id='word_1_648' title='bbox 501 4565 686 4604; x_wconf 89' lang='lat' dir='ltr'><strong>vocem</strong></span> <span class='ocrx_word' id='word_1_649' title='bbox 713 4552 1029 4616; x_wconf 87' lang='lat' dir='ltr'><strong>emittendo,</strong></span> <span class='ocrx_word' id='word_1_650' title='bbox 1059 4550 1152 4606; x_wconf 89' lang='lat' dir='ltr'><strong>sed</strong></span> <span class='ocrx_word' id='word_1_651' title='bbox 1177 4565 1241 4606; x_wconf 81' lang='lat' dir='ltr'><strong>ex</strong></span> <span class='ocrx_word' id='word_1_652' title='bbox 1273 4551 1410 4606; x_wconf 90' lang='lat' dir='ltr'><strong>bona</strong></span> <span class='ocrx_word' id='word_1_653' title='bbox 1435 4552 1636 4608; x_wconf 87' lang='lat' dir='ltr'><strong>virtute</strong></span> <span class='ocrx_word' id='word_1_654' title='bbox 1660 4567 1787 4607; x_wconf 86' lang='lat' dir='ltr'><strong>vere</strong></span> <span class='ocrx_word' id='word_1_655' title='bbox 1831 4555 2073 4624; x_wconf 90' lang='lat' dir='ltr'><strong>sapiens,</strong></span> 
     </span>
    </p>
   </div>
   <div class='ocr_carea' id='block_1_92' title="bbox 2173 4535 3746 4624">
    <p class='ocr_par' dir='ltr' id='par_1_92' title="bbox 2180 4548 3746 4622">
     <span class='ocr_line' id='line_1_92' title="bbox 2180 4548 3746 4622; baseline -0.003 -18"><span class='ocrx_word' id='word_1_656' title='bbox 2180 4550 2276 4604; x_wconf 77' lang='grc' dir='ltr'><strong>καὶ</strong></span> <span class='ocrx_word' id='word_1_657' title='bbox 2304 4548 2577 4622; x_wconf 82' lang='grc' dir='ltr'>εὔρυθμον</span> <span class='ocrx_word' id='word_1_658' title='bbox 2613 4551 2947 4622; x_wconf 86' lang='grc' dir='ltr'>ἀνηχοῦντας</span> <span class='ocrx_word' id='word_1_659' title='bbox 2977 4551 3156 4621; x_wconf 77' lang='grc' dir='ltr'>μέλος.</span> <span class='ocrx_word' id='word_1_660' title='bbox 3191 4570 3208 4602; x_wconf 80' lang='grc' dir='ltr'><strong>ι</strong></span> <span class='ocrx_word' id='word_1_661' title='bbox 3235 4551 3309 4604; x_wconf 84' lang='grc' dir='ltr'>Θῦ</span> <span class='ocrx_word' id='word_1_662' title='bbox 3324 4567 3414 4603; x_wconf 91' lang='grc' dir='ltr'><strong>σον</strong></span> <span class='ocrx_word' id='word_1_663' title='bbox 3435 4548 3565 4621; x_wconf 83' lang='grc' dir='ltr'>γὰρ,</span> <span class='ocrx_word' id='word_1_664' title='bbox 3590 4548 3746 4620; x_wconf 72' lang='grc' dir='ltr'>φησι,</span> 
     </span>
    </p>
   </div>
   <div class='ocr_carea' id='block_1_93' title="bbox 500 4642 2075 4709">
    <p class='ocr_par' dir='ltr' id='par_1_93' title="bbox 500 4642 2075 4709">
     <span class='ocr_line' id='line_1_93' title="bbox 500 4642 2075 4709; baseline 0.004 -15"><span class='ocrx_word' id='word_1_665' title='bbox 500 4654 556 4694; x_wconf 83' lang='lat' dir='ltr'><strong>et</strong></span> <span class='ocrx_word' id='word_1_666' title='bbox 583 4643 905 4697; x_wconf 85' lang='lat' dir='ltr'><strong>concinnum</strong></span> <span class='ocrx_word' id='word_1_667' title='bbox 936 4643 1180 4698; x_wconf 87' lang='lat' dir='ltr'><strong>sonando</strong></span> <span class='ocrx_word' id='word_1_668' title='bbox 1223 4642 1412 4699; x_wconf 88' lang='lat' dir='ltr'><strong>melos.</strong></span> <span class='ocrx_word' id='word_1_669' title='bbox 1451 4662 1470 4695; x_wconf 84' lang='grc' dir='ltr'><strong>ι</strong></span> <span class='ocrx_word' id='word_1_670' title='bbox 1501 4643 1762 4699; x_wconf 82' lang='lat' dir='ltr'><strong>Sacriﬁca</strong></span> <span class='ocrx_word' id='word_1_671' title='bbox 1789 4645 1956 4709; x_wconf 91' lang='lat' dir='ltr'><strong>enim,</strong></span> <span class='ocrx_word' id='word_1_672' title='bbox 1990 4645 2075 4700; x_wconf 87' lang='lat' dir='ltr'><strong>in-</strong></span> 
     </span>
    </p>
   </div>
   <div class='ocr_carea' id='block_1_94' title="bbox 501 4733 1958 4806">
    <p class='ocr_par' dir='ltr' id='par_1_94' title="bbox 501 4733 1958 4806">
     <span class='ocr_line' id='line_1_94' title="bbox 501 4733 1958 4806; baseline 0.005 -22"><span class='ocrx_word' id='word_1_673' title='bbox 501 4733 638 4802; x_wconf 87' lang='lat' dir='ltr'><strong>quit,</strong></span> <span class='ocrx_word' id='word_1_674' title='bbox 670 4734 998 4788; x_wconf 79' lang='lat' dir='ltr'><strong>sacriﬁcium</strong></span> <span class='ocrx_word' id='word_1_675' title='bbox 1033 4733 1209 4788; x_wconf 88' lang='lat' dir='ltr'><strong>laudis</strong></span> <span class='ocrx_word' id='word_1_676' title='bbox 1233 4733 1302 4800; x_wconf 78' lang='lat'><strong>“,</strong></span> <span class='ocrx_word' id='word_1_677' title='bbox 1339 4752 1358 4786; x_wconf 73' lang='grc' dir='ltr'><strong>ι</strong></span> <span class='ocrx_word' id='word_1_678' title='bbox 1401 4743 1456 4788; x_wconf 85' lang='grc' dir='ltr'><strong>οι</strong></span> <span class='ocrx_word' id='word_1_679' title='bbox 1487 4749 1608 4805; x_wconf 75' lang='lat' dir='ltr'><strong>qua:</strong></span> <span class='ocrx_word' id='word_1_680' title='bbox 1635 4747 1958 4806; x_wconf 84' lang='lat' dir='ltr'><strong>sequuntur.</strong></span> 
     </span>
    </p>
   </div>
   <div class='ocr_carea' id='block_1_95' title="bbox 579 4824 2070 4900">
    <p class='ocr_par' dir='ltr' id='par_1_95' title="bbox 579 4824 2070 4900">
     <span class='ocr_line' id='line_1_95' title="bbox 579 4824 2070 4900; baseline 0.004 -22"><span class='ocrx_word' id='word_1_681' title='bbox 579 4824 736 4880; x_wconf 72' lang='lat' dir='ltr'><strong>Vens.</strong></span> <span class='ocrx_word' id='word_1_682' title='bbox 769 4826 866 4880; x_wconf 73' lang='grc'><strong>25·-</strong></span> <span class='ocrx_word' id='word_1_683' title='bbox 895 4826 984 4880; x_wconf 74' lang='lat'><strong>27.</strong></span> <span class='ocrx_word' id='word_1_684' title='bbox 1028 4825 1300 4898; x_wconf 85' lang='lat' dir='ltr'><strong>Numquid</strong></span> <span class='ocrx_word' id='word_1_685' title='bbox 1331 4829 1531 4882; x_wconf 85' lang='lat' dir='ltr'><strong>hostias</strong></span> <span class='ocrx_word' id='word_1_686' title='bbox 1560 4841 1606 4882; x_wconf 86' lang='lat' dir='ltr'><strong>et</strong></span> <span class='ocrx_word' id='word_1_687' title='bbox 1641 4830 1908 4896; x_wconf 78' lang='lat' dir='ltr'><strong>sacriﬁcia</strong></span> <span class='ocrx_word' id='word_1_688' title='bbox 1937 4846 2070 4900; x_wconf 82' lang='lat' dir='ltr'><strong>qua-</strong></span> 
     </span>
    </p>
   </div>
   <div class='ocr_carea' id='block_1_96' title="bbox 501 4919 2075 4988">
    <p class='ocr_par' dir='ltr' id='par_1_96' title="bbox 501 4919 2075 4988">
     <span class='ocr_line' id='line_1_96' title="bbox 501 4919 2075 4988; baseline 0.004 -17"><span class='ocrx_word' id='word_1_689' title='bbox 501 4919 746 4988; x_wconf 84' lang='lat' dir='ltr'><strong>draginta</strong></span> <span class='ocrx_word' id='word_1_690' title='bbox 803 4919 954 4972; x_wconf 86' lang='lat' dir='ltr'><strong>annis</strong></span> <span class='ocrx_word' id='word_1_691' title='bbox 1013 4919 1274 4978; x_wconf 79' lang='lat' dir='ltr'><strong>obtulistis</strong></span> <span class='ocrx_word' id='word_1_692' title='bbox 1332 4921 1481 4984; x_wconf 86' lang='lat' dir='ltr'><strong>mihi,</strong></span> <span class='ocrx_word' id='word_1_693' title='bbox 1528 4921 1714 4974; x_wconf 88' lang='lat' dir='ltr'><strong>domus</strong></span> <span class='ocrx_word' id='word_1_694' title='bbox 1770 4921 1964 4987; x_wconf 84' lang='lat' dir='ltr'><strong>Israel,</strong></span> <span class='ocrx_word' id='word_1_695' title='bbox 2020 4924 2075 4977; x_wconf 85' lang='lat' dir='ltr'><strong>in</strong></span> 
     </span>
    </p>
   </div>
   <div class='ocr_carea' id='block_1_97' title="bbox 502 5006 2074 5076">
    <p class='ocr_par' dir='ltr' id='par_1_97' title="bbox 502 5006 2074 5076">
     <span class='ocr_line' id='line_1_97' title="bbox 502 5006 2074 5076; baseline 0.003 -15"><span class='ocrx_word' id='word_1_696' title='bbox 502 5009 742 5062; x_wconf 78' lang='lat' dir='ltr'><strong>deserto?</strong></span> <span class='ocrx_word' id='word_1_697' title='bbox 767 5006 835 5060; x_wconf 89' lang='lat' dir='ltr'><strong>Et</strong></span> <span class='ocrx_word' id='word_1_698' title='bbox 873 5011 1119 5075; x_wconf 77' lang='lat' dir='ltr'><strong>portastis</strong></span> <span class='ocrx_word' id='word_1_699' title='bbox 1159 5010 1555 5064; x_wconf 84' lang='lat' dir='ltr'><strong>tabernaculum</strong></span> <span class='ocrx_word' id='word_1_700' title='bbox 1584 5009 1815 5076; x_wconf 79' lang='lat' dir='ltr'><strong>Moloch,</strong></span> <span class='ocrx_word' id='word_1_701' title='bbox 1849 5021 1896 5064; x_wconf 91' lang='lat' dir='ltr'><strong>et</strong></span> <span class='ocrx_word' id='word_1_702' title='bbox 1926 5014 2074 5067; x_wconf 87' lang='lat' dir='ltr'><strong>sidus</strong></span> 
     </span>
    </p>
   </div>
   <div class='ocr_carea' id='block_1_98' title="bbox 503 5097 2075 5170">
    <p class='ocr_par' dir='ltr' id='par_1_98' title="bbox 503 5097 2075 5170">
     <span class='ocr_line' id='line_1_98' title="bbox 503 5097 2075 5170; baseline 0.001 -17"><span class='ocrx_word' id='word_1_703' title='bbox 503 5098 597 5153; x_wconf 81' lang='lat' dir='ltr'><strong>Dei</strong></span> <span class='ocrx_word' id='word_1_704' title='bbox 628 5100 780 5152; x_wconf 85' lang='lat' dir='ltr'><strong>vestri</strong></span> <span class='ocrx_word' id='word_1_705' title='bbox 814 5097 1072 5167; x_wconf 80' lang='lat' dir='ltr'><strong>prhan,</strong></span> <span class='ocrx_word' id='word_1_706' title='bbox 1106 5099 1305 5168; x_wconf 82' lang='lat' dir='ltr'><strong>ﬁguras</strong></span> <span class='ocrx_word' id='word_1_707' title='bbox 1327 5117 1506 5153; x_wconf 89' lang='lat' dir='ltr'><strong>eorum</strong></span> <span class='ocrx_word' id='word_1_708' title='bbox 1532 5117 1648 5170; x_wconf 82' lang='lat' dir='ltr'><strong>qua:</strong></span> <span class='ocrx_word' id='word_1_709' title='bbox 1687 5100 1885 5168; x_wconf 70' lang='lat' dir='ltr'><strong>fecistis</strong></span> <span class='ocrx_word' id='word_1_710' title='bbox 1908 5102 2075 5155; x_wconf 80' lang='lat' dir='ltr'><strong>uobis-</strong></span> 
     </span>
    </p>
   </div>
   <div class='ocr_carea' id='block_1_99' title="bbox 503 5188 2072 5260">
    <p class='ocr_par' dir='ltr' id='par_1_99' title="bbox 503 5188 2072 5260">
     <span class='ocr_line' id='line_1_99' title="bbox 503 5188 2072 5260; baseline 0.004 -18"><span class='ocrx_word' id='word_1_711' title='bbox 503 5201 620 5244; x_wconf 86' lang='lat' dir='ltr'><strong>met.</strong></span> <span class='ocrx_word' id='word_1_712' title='bbox 669 5188 736 5243; x_wconf 84' lang='lat' dir='ltr'><strong>Et</strong></span> <span class='ocrx_word' id='word_1_713' title='bbox 780 5191 1011 5260; x_wconf 84' lang='lat' dir='ltr'><strong>migrare</strong></span> <span class='ocrx_word' id='word_1_714' title='bbox 1051 5191 1246 5260; x_wconf 79' lang='lat' dir='ltr'><strong>faciant</strong></span> <span class='ocrx_word' id='word_1_715' title='bbox 1281 5208 1370 5244; x_wconf 88' lang='lat' dir='ltr'><strong>vos</strong></span> <span class='ocrx_word' id='word_1_716' title='bbox 1400 5191 1541 5245; x_wconf 87' lang='lat' dir='ltr'><strong>ultra</strong></span> <span class='ocrx_word' id='word_1_717' title='bbox 1572 5191 1912 5259; x_wconf 78' lang='lat' dir='ltr'><strong>Damascum,</strong></span> <span class='ocrx_word' id='word_1_718' title='bbox 1948 5196 2072 5248; x_wconf 82' lang='lat' dir='ltr'><strong>dicit</strong></span> 
     </span>
    </p>
   </div>
   <div class='ocr_carea' id='block_1_100' title="bbox 504 5281 1684 5351">
    <p class='ocr_par' dir='ltr' id='par_1_100' title="bbox 504 5281 1684 5351">
     <span class='ocr_line' id='line_1_100' title="bbox 504 5281 1684 5351; baseline 0 -15"><span class='ocrx_word' id='word_1_719' title='bbox 504 5283 756 5337; x_wconf 85' lang='lat' dir='ltr'><strong>Dominus</strong></span> <span class='ocrx_word' id='word_1_720' title='bbox 784 5282 945 5348; x_wconf 81' lang='lat' dir='ltr'><strong>Deus,</strong></span> <span class='ocrx_word' id='word_1_721' title='bbox 982 5281 1324 5351; x_wconf 82' lang='lat' dir='ltr'><strong>Omnipotens</strong></span> <span class='ocrx_word' id='word_1_722' title='bbox 1359 5298 1544 5336; x_wconf 83' lang='lat' dir='ltr'><strong>nomen</strong></span> <span class='ocrx_word' id='word_1_723' title='bbox 1578 5283 1684 5337; x_wconf 83' lang='lat' dir='ltr'><strong>illi.</strong></span> 
     </span>
    </p>
   </div>
   <div class='ocr_carea' id='block_1_101' title="bbox 536 5547 2150 5617">
    <p class='ocr_par' dir='ltr' id='par_1_101' title="bbox 536 5547 2150 5617">
     <span class='ocr_line' id='line_1_101' title="bbox 536 5547 2150 5617; baseline 0.002 -13"><span class='ocrx_word' id='word_1_724' title='bbox 536 5549 582 5581; x_wconf 83' lang='grc'><strong>⁸³</strong></span> <span class='ocrx_word' id='word_1_725' title='bbox 612 5547 652 5604; x_wconf 89' lang='grc' dir='ltr'><strong>ΙΙ</strong></span> <span class='ocrx_word' id='word_1_726' title='bbox 675 5548 801 5606; x_wconf 89' lang='lat' dir='ltr'><strong>Cor.</strong></span> <span class='ocrx_word' id='word_1_727' title='bbox 835 5566 895 5616; x_wconf 87' lang='lat' dir='ltr'><strong>ll,</strong></span> <span class='ocrx_word' id='word_1_728' title='bbox 931 5550 1016 5607; x_wconf 81' lang='grc'><strong>15.</strong></span> <span class='ocrx_word' id='word_1_729' title='bbox 1095 5549 1140 5582; x_wconf 81' lang='grc'><strong>⁸³</strong></span> <span class='ocrx_word' id='word_1_730' title='bbox 1172 5548 1343 5606; x_wconf 86' lang='lat' dir='ltr'><strong>lCor.</strong></span> <span class='ocrx_word' id='word_1_731' title='bbox 1375 5565 1473 5616; x_wconf 80' lang='lat' dir='ltr'><strong>xu,</strong></span> <span class='ocrx_word' id='word_1_732' title='bbox 1503 5551 1557 5606; x_wconf 81' lang='lat'><strong>3.</strong></span> <span class='ocrx_word' id='word_1_733' title='bbox 1633 5551 1678 5583; x_wconf 77' lang='lat'><strong>“</strong></span> <span class='ocrx_word' id='word_1_734' title='bbox 1709 5550 1849 5606; x_wconf 80' lang='lat' dir='ltr'><strong>Psal.</strong></span> <span class='ocrx_word' id='word_1_735' title='bbox 1885 5568 2030 5617; x_wconf 65' lang='grc' dir='ltr'>χιιι,</span> <span class='ocrx_word' id='word_1_736' title='bbox 2066 5551 2150 5608; x_wconf 62' lang='lat' dir='ltr'><strong>li.</strong></span> 
     </span>
    </p>
   </div>
   <div class='ocr_carea' id='block_1_102' title="bbox 2182 4640 3157 4712">
    <p class='ocr_par' dir='ltr' id='par_1_102' title="bbox 2182 4640 3157 4712">
     <span class='ocr_line' id='line_1_102' title="bbox 2182 4640 3157 4712; baseline 0.003 -18"><span class='ocrx_word' id='word_1_737' title='bbox 2182 4640 2373 4696; x_wconf 85' lang='grc' dir='ltr'>θυσίαν</span> <span class='ocrx_word' id='word_1_738' title='bbox 2405 4643 2686 4710; x_wconf 81' lang='grc' dir='ltr'>αἰνέσεως,</span> <span class='ocrx_word' id='word_1_739' title='bbox 2719 4663 2738 4695; x_wconf 70' lang='grc' dir='ltr'><strong>ι</strong></span> <span class='ocrx_word' id='word_1_740' title='bbox 2777 4642 2871 4698; x_wconf 74' lang='grc' dir='ltr'>καὶ</span> <span class='ocrx_word' id='word_1_741' title='bbox 2908 4643 2977 4696; x_wconf 82' lang='grc' dir='ltr'><strong>τά</strong></span> <span class='ocrx_word' id='word_1_742' title='bbox 3010 4642 3157 4712; x_wconf 82' lang='grc' dir='ltr'>έξῆς.</span> 
     </span>
    </p>
   </div>
   <div class='ocr_carea' id='block_1_103' title="bbox 2249 4819 3757 4894">
    <p class='ocr_par' dir='ltr' id='par_1_103' title="bbox 2249 4819 3757 4894">
     <span class='ocr_line' id='line_1_103' title="bbox 2249 4819 3757 4894; baseline -0.004 -16"><span class='ocrx_word' id='word_1_743' title='bbox 2249 4823 2347 4893; x_wconf 83' lang='grc' dir='ltr'><strong>Μὴ</strong></span> <span class='ocrx_word' id='word_1_744' title='bbox 2369 4823 2596 4894; x_wconf 70' lang='grc' dir='ltr'>σφάγια</span> <span class='ocrx_word' id='word_1_745' title='bbox 2624 4823 2723 4878; x_wconf 77' lang='grc' dir='ltr'>καὶ</span> <span class='ocrx_word' id='word_1_746' title='bbox 2737 4827 2950 4888; x_wconf 80' lang='grc' dir='ltr'>θυσιας</span> <span class='ocrx_word' id='word_1_747' title='bbox 2975 4821 3424 4889; x_wconf 79' lang='grc' dir='ltr'>τεσσαράκοντα</span> <span class='ocrx_word' id='word_1_748' title='bbox 3441 4819 3546 4888; x_wconf 78' lang='grc' dir='ltr'>ἔτη</span> <span class='ocrx_word' id='word_1_749' title='bbox 3567 4834 3757 4888; x_wconf 60' lang='grc' dir='ltr'>προσς</span> 
     </span>
    </p>
   </div>
   <div class='ocr_carea' id='block_1_104' title="bbox 2181 4909 3754 4986">
    <p class='ocr_par' dir='ltr' id='par_1_104' title="bbox 2181 4909 3754 4986">
     <span class='ocr_line' id='line_1_104' title="bbox 2181 4909 3754 4986; baseline -0.003 -18"><span class='ocrx_word' id='word_1_750' title='bbox 2181 4915 2470 4986; x_wconf 80' lang='grc' dir='ltr'>ηνέγκατέ</span> <span class='ocrx_word' id='word_1_751' title='bbox 2503 4934 2628 4986; x_wconf 87' lang='grc' dir='ltr'>μοι,</span> <span class='ocrx_word' id='word_1_752' title='bbox 2667 4911 2832 4980; x_wconf 74' lang='grc' dir='ltr'>οἶκος</span> <span class='ocrx_word' id='word_1_753' title='bbox 2866 4912 3133 4981; x_wconf 77' lang='grc' dir='ltr'>Ἰσραὴλ,</span> <span class='ocrx_word' id='word_1_754' title='bbox 3159 4912 3228 4964; x_wconf 85' lang='grc' dir='ltr'>ἐν</span> <span class='ocrx_word' id='word_1_755' title='bbox 3270 4909 3344 4980; x_wconf 75' lang='grc' dir='ltr'>τῇ</span> <span class='ocrx_word' id='word_1_756' title='bbox 3384 4909 3615 4980; x_wconf 72' lang='grc' dir='ltr'>ἐρήμῳς</span> <span class='ocrx_word' id='word_1_757' title='bbox 3645 4911 3754 4965; x_wconf 76' lang='grc' dir='ltr'><strong>Καὶ</strong></span> 
     </span>
    </p>
   </div>
   <div class='ocr_carea' id='block_1_105' title="bbox 2181 5002 3754 5076">
    <p class='ocr_par' dir='ltr' id='par_1_105' title="bbox 2181 5002 3754 5076">
     <span class='ocr_line' id='line_1_105' title="bbox 2181 5002 3754 5076; baseline -0.003 -15"><span class='ocrx_word' id='word_1_758' title='bbox 2181 5007 2502 5063; x_wconf 74' lang='grc' dir='ltr'>ἀνελάϐετε</span> <span class='ocrx_word' id='word_1_759' title='bbox 2528 5007 2640 5076; x_wconf 81' lang='grc' dir='ltr'>τὴν</span> <span class='ocrx_word' id='word_1_760' title='bbox 2658 5005 2900 5074; x_wconf 79' lang='grc' dir='ltr'>σκηνὴν</span> <span class='ocrx_word' id='word_1_761' title='bbox 2923 5004 3029 5057; x_wconf 87' lang='grc' dir='ltr'><strong>τοῦ</strong></span> <span class='ocrx_word' id='word_1_762' title='bbox 3053 5003 3283 5072; x_wconf 76' lang='grc' dir='ltr'>Μολόχ,</span> <span class='ocrx_word' id='word_1_763' title='bbox 3305 5002 3405 5057; x_wconf 78' lang='grc' dir='ltr'><strong>καί</strong></span> <span class='ocrx_word' id='word_1_764' title='bbox 3434 5003 3498 5056; x_wconf 83' lang='grc' dir='ltr'>τὸ</span> <span class='ocrx_word' id='word_1_765' title='bbox 3527 5003 3754 5070; x_wconf 79' lang='grc' dir='ltr'>ἄστρον</span> 
     </span>
    </p>
   </div>
   <div class='ocr_carea' id='block_1_106' title="bbox 2180 5093 3753 5169">
    <p class='ocr_par' dir='ltr' id='par_1_106' title="bbox 2180 5093 3753 5169">
     <span class='ocr_line' id='line_1_106' title="bbox 2180 5093 3753 5169; baseline -0.004 -17"><span class='ocrx_word' id='word_1_766' title='bbox 2180 5100 2290 5154; x_wconf 87' lang='grc' dir='ltr'><strong>τοῦ</strong></span> <span class='ocrx_word' id='word_1_767' title='bbox 2319 5099 2468 5154; x_wconf 86' lang='grc' dir='ltr'>Θεοῦ</span> <span class='ocrx_word' id='word_1_768' title='bbox 2487 5099 2653 5169; x_wconf 82' lang='grc' dir='ltr'>ὑμῶν</span> <span class='ocrx_word' id='word_1_769' title='bbox 2679 5098 2946 5168; x_wconf 69' lang='lat' dir='ltr'><strong>&#39;Patgcc‘w,</strong></span> <span class='ocrx_word' id='word_1_770' title='bbox 2969 5095 3110 5160; x_wconf 83' lang='grc' dir='ltr'>τοὺς</span> <span class='ocrx_word' id='word_1_771' title='bbox 3147 5095 3374 5160; x_wconf 82' lang='grc' dir='ltr'>τύπους</span> <span class='ocrx_word' id='word_1_772' title='bbox 3396 5094 3614 5158; x_wconf 86' lang='grc' dir='ltr'>αὐτῶν,</span> <span class='ocrx_word' id='word_1_773' title='bbox 3645 5093 3753 5158; x_wconf 80' lang='grc' dir='ltr'>οὓς</span> 
     </span>
    </p>
   </div>
   <div class='ocr_carea' id='block_1_107' title="bbox 2179 5184 3760 5256">
    <p class='ocr_par' dir='ltr' id='par_1_107' title="bbox 2179 5184 3760 5256">
     <span class='ocr_line' id='line_1_107' title="bbox 2179 5184 3760 5256; baseline -0.005 -12"><span class='ocrx_word' id='word_1_774' title='bbox 2179 5190 2505 5256; x_wconf 71' lang='grc' dir='ltr'>ἐποιήσατε</span> <span class='ocrx_word' id='word_1_775' title='bbox 2544 5189 2802 5255; x_wconf 84' lang='grc' dir='ltr'>ἑαυτοῖς.</span> <span class='ocrx_word' id='word_1_776' title='bbox 2838 5188 2946 5242; x_wconf 74' lang='grc' dir='ltr'><strong>Καὶ</strong></span> <span class='ocrx_word' id='word_1_777' title='bbox 2973 5185 3248 5256; x_wconf 78' lang='grc' dir='ltr'>μετοικιῶ</span> <span class='ocrx_word' id='word_1_778' title='bbox 3284 5184 3439 5255; x_wconf 83' lang='grc' dir='ltr'>ὑμᾶς</span> <span class='ocrx_word' id='word_1_779' title='bbox 3479 5185 3760 5239; x_wconf 78' lang='grc' dir='ltr'>ἐπέκεινα</span> 
     </span>
    </p>
   </div>
   <div class='ocr_carea' id='block_1_108' title="bbox 2179 5277 3754 5354">
    <p class='ocr_par' dir='ltr' id='par_1_108' title="bbox 2179 5277 3754 5354">
     <span class='ocr_line' id='line_1_108' title="bbox 2179 5277 3754 5354; baseline -0.003 -19"><span class='ocrx_word' id='word_1_780' title='bbox 2179 5283 2530 5351; x_wconf 76' lang='grc' dir='ltr'>Δαμασκοῦ,</span> <span class='ocrx_word' id='word_1_781' title='bbox 2569 5285 2731 5354; x_wconf 72' lang='grc' dir='ltr'>λέγει</span> <span class='ocrx_word' id='word_1_782' title='bbox 2774 5283 2988 5350; x_wconf 83' lang='grc' dir='ltr'>Κύριος</span> <span class='ocrx_word' id='word_1_783' title='bbox 3027 5281 3060 5333; x_wconf 86' lang='grc' dir='ltr'><strong>ό</strong></span> <span class='ocrx_word' id='word_1_784' title='bbox 3094 5279 3269 5345; x_wconf 79' lang='grc' dir='ltr'>Θεὸς,</span> <span class='ocrx_word' id='word_1_785' title='bbox 3322 5277 3754 5347; x_wconf 82' lang='grc' dir='ltr'>Παντοκράτωρ</span> 
     </span>
    </p>
   </div>
   <div class='ocr_carea' id='block_1_109' title="bbox 2184 5374 2577 5443">
    <p class='ocr_par' dir='ltr' id='par_1_109' title="bbox 2184 5374 2577 5443">
     <span class='ocr_line' id='line_1_109' title="bbox 2184 5374 2577 5443; baseline 0.008 -17"><span class='ocrx_word' id='word_1_786' title='bbox 2184 5374 2372 5443; x_wconf 80' lang='grc' dir='ltr'>ὄνομα</span> <span class='ocrx_word' id='word_1_787' title='bbox 2397 5374 2577 5440; x_wconf 80' lang='grc' dir='ltr'>αὐτῷ.</span> 
     </span>
    </p>
   </div>
   <div class='ocr_carea' id='block_1_110' title="bbox 576 5715 2074 5797">
    <p class='ocr_par' dir='ltr' id='par_1_110' title="bbox 576 5727 2074 5796">
     <span class='ocr_line' id='line_1_110' title="bbox 576 5727 2074 5796; baseline -0.003 -13"><span class='ocrx_word' id='word_1_788' title='bbox 576 5727 654 5796; x_wconf 83' lang='grc' dir='ltr'><strong>(Ι)</strong></span> <span class='ocrx_word' id='word_1_789' title='bbox 691 5749 708 5780; x_wconf 80' lang='grc' dir='ltr'><strong>ι</strong></span> <span class='ocrx_word' id='word_1_790' title='bbox 745 5728 827 5782; x_wconf 84' lang='lat' dir='ltr'><strong>Me</strong></span> <span class='ocrx_word' id='word_1_791' title='bbox 874 5738 1086 5786; x_wconf 75' lang='lat' dir='ltr'><strong>tacente</strong></span> <span class='ocrx_word' id='word_1_792' title='bbox 1134 5737 1281 5786; x_wconf 83' lang='lat' dir='ltr'><strong>totus</strong></span> <span class='ocrx_word' id='word_1_793' title='bbox 1319 5739 1601 5786; x_wconf 73' lang='lat' dir='ltr'><strong>conlt‘ths</strong></span> <span class='ocrx_word' id='word_1_794' title='bbox 1633 5730 1826 5786; x_wconf 74' lang='lat' dir='ltr'><strong>clamat</strong></span> <span class='ocrx_word' id='word_1_795' title='bbox 1873 5732 2074 5786; x_wconf 61' lang='lat' dir='ltr'><strong>scrihvn</strong></span> 
     </span>
    </p>
   </div>
   <div class='ocr_carea' id='block_1_111' title="bbox 2173 5715 3756 5797">
    <p class='ocr_par' dir='ltr' id='par_1_111' title="bbox 2173 5715 3756 5797">
     <span class='ocr_line' id='line_1_111' title="bbox 2173 5715 3756 5797; baseline -0.004 -15"><span class='ocrx_word' id='word_1_796' title='bbox 2173 5747 2212 5782; x_wconf 87' lang='lat' dir='ltr'><strong>m</strong></span> <span class='ocrx_word' id='word_1_797' title='bbox 2244 5748 2362 5785; x_wconf 57' lang='lat' dir='ltr'><strong>esse</strong></span> <span class='ocrx_word' id='word_1_798' title='bbox 2396 5727 2621 5797; x_wconf 73' lang='grc' dir='ltr'>ἐιδοανῆ,</span> <span class='ocrx_word' id='word_1_799' title='bbox 2663 5724 2987 5781; x_wconf 74' lang='lat' dir='ltr'><strong>imbecillam.</strong></span> <span class='ocrx_word' id='word_1_800' title='bbox 3034 5743 3051 5776; x_wconf 77' lang='grc' dir='ltr'><strong>ι</strong></span> <span class='ocrx_word' id='word_1_801' title='bbox 3087 5723 3449 5788; x_wconf 65' lang='lat' dir='ltr'><strong>Commeatus,</strong></span> <span class='ocrx_word' id='word_1_802' title='bbox 3502 5715 3756 5779; x_wconf 56' lang='lat' dir='ltr'><strong>Monum...</strong></span> 
     </span>
    </p>
   </div>
   <div class='ocr_carea' id='block_1_112' title="bbox 507 5798 1032 5865">
    <p class='ocr_par' dir='ltr' id='par_1_112' title="bbox 507 5798 1032 5865">
     <span class='ocr_line' id='line_1_112' title="bbox 507 5798 1032 5865; baseline 0.006 -12"><span class='ocrx_word' id='word_1_803' title='bbox 507 5798 655 5856; x_wconf 81' lang='lat' dir='ltr'><strong>Eccl.</strong></span> <span class='ocrx_word' id='word_1_804' title='bbox 689 5798 805 5865; x_wconf 59' lang='lat' dir='ltr'><strong>(ita,</strong></span> <span class='ocrx_word' id='word_1_805' title='bbox 832 5798 875 5854; x_wconf 58' lang='lat'><strong>3!</strong></span> <span class='ocrx_word' id='word_1_806' title='bbox 911 5799 1032 5856; x_wconf 78' lang='lat'><strong>588.</strong></span> 
     </span>
    </p>
   </div>
  </div>
