4132 6370
277 403 384 461 509

1238 412 1794 471 COMMENTARIUS
1833 414 1901 467 IN
1940 417 2134 472 AMOS
2168 419 2614 478 PROPIIETAM.

3435 431 3545 487 510

347 520 475 577 NL".
517 524 619 579 Διά
661 525 769 579 τῶν
801 528 1005 598 ἀρτίως
1051 530 1509 602 ήρμηνευμένων,
1546 530 1679 594 Θεὸς
1723 526 1790 601 ἦν
1830 532 1846 583 ἰ

2038 535 2148 591 LV.
2191 536 2352 591 Juxta
2382 540 2716 608 superiorem
2754 543 3195 613 explicationem,
3238 547 3378 603 Dens
3404 559 3540 614 erat,

277 612 449 682 λέγων
504 616 639 687 πρὸς
680 619 806 683 τοὺς
850 620 907 686 ἐξ
951 621 1181 691 αἵματος
1222 623 1457 692 Ἰσραήλ·
1509 642 1527 674 ι
1558 622 1861 692 Μεμίσηκα

276 705 374 769 τὰς
403 708 594 777 ἑορτὰς
618 708 647 760 ὑ
657 709 791 779 μῶν.
810 730 827 761 i
855 712 973 765 ’Ίνα
999 714 1107 784 γὰρ
1132 714 1389 785 φαίνηται
1418 713 1672 778 σεσωκὼς
1697 716 1860 779 αὐτὸς

278 796 338 864 ἐξ
389 798 525 863 ἰδίας
555 802 890 873 ἡμερότητος
916 803 1005 857 τὸν
1045 805 1281 875 Ἰσραὴλ,
1318 805 1414 858 καὶ
1451 807 1518 876 τῇ
1553 804 1662 858 τῶν
1692 804 1859 859 πατέ-

280 907 391 961 ρων
421 892 611 964 μνήμῃ
645 894 821 957 διδοὺς
844 896 935 948 τὸν
970 897 1062 949 ἐπὶ
1093 897 1304 961 τέκνοις
1335 898 1503 961 ἐλεον,
1540 898 1634 951 καὶ
1667 898 1728 951 οὐ
1762 896 1859 950 θυ-

277 981 408 1035 σιῶν
433 984 739 1038 ἀντέκτισιν
756 988 849 1039 καὶ
888 988 1167 1053 οἰονείπως
1222 989 1565 1059 ἀντιμισθίαν
1590 988 1649 1041 τὸ
1669 988 1857 1060 χρῆμα

275 1074 621 1145 ποιούμενος,
645 1078 805 1148 φησὶν
834 1079 1150 1148 ἀναγκαίως
1198 1082 1274 1143 ὡς
1306 1080 1401 1150 ἔτη
1432 1081 1528 1151 μὲν
1555 1081 1858 1135 διατετελέ-

276 1184 436 1220 κασιν
462 1169 563 1222 οὐκ
595 1168 751 1237 ὀλίγα
779 1171 919 1223 κατά
949 1174 1047 1242 τήν
1076 1174 1302 1243 ἔρημον.
1328 1174 1436 1225 Καὶ
1464 1174 1638 1245 τροφὴ
1668 1177 1767 1245 μὲν
1788 1171 1857 1246 ἦν

272 1262 334 1315 τὸ
364 1262 540 1332 μάννα
565 1266 766 1332 αὐτοῖς,
786 1268 1029 1334 ἐϐάδιζον
1050 1270 1106 1323 δὲ
1134 1272 1361 1341 νεφέλης
1385 1272 1579 1335 αὐτοὺς
1604 1274 1856 1325 ἐπίσκια-

273 1353 475 1424 ζούσης
521 1358 766 1430 ἡμέρας,
813 1360 905 1413 καὶ
936 1361 1128 1414 στύλου
1167 1363 1339 1435 πυρὸς
1384 1362 1482 1433 τὴν
1524 1362 1712 1416 νύκτα.
1746 1363 1856 1417 Καὶ

270 1447 458 1516 ἠγεῖτο
489 1449 589 1517 μὲν
624 1452 656 1521 ή
685 1452 915 1516 κιϐωτὸς
937 1454 1015 1517 εἰς
1041 1453 1211 1507 τύπον
1239 1455 1397 1520 Θεοῦ,
1427 1455 1851 1526 προϐαδίζουσα,

272 1538 365 1591 καὶ
412 1543 902 1614 κατασκεπτομένη
938 1544 1103 1599 τόπον
1150 1546 1287 1618 αὐτῇ
1380 1546 1474 1599 καὶ
1523 1546 1850 1601 ἀνάπαυσιν.

284 1630 372 1683 Ἐν
409 1632 588 1705 ἐνδείᾳ
618 1633 676 1687 δὲ
714 1635 1086 1707 καθεστήκασι
1107 1637 1215 1690 τῶν
1262 1638 1578 1705 ἀναγκαίων
1618 1638 1850 1703 οὐδενὸς,

269 1723 482 1778 ὑδάτων
515 1727 700 1790 αὐτοῖς
738 1726 1018 1798 ἀδοκήτων
1058 1730 1506 1801 ἐκρηγνυμένων,
1543 1731 1853 1784 πιπτόντων

268 1814 501 1886 ἐχθρῶν.
546 1817 657 1871 Καὶ
690 1817 896 1873 τούτων
932 1820 1190 1875 ἁπάντων
1228 1823 1551 1893 γινομένων.
1595 1824 1720 1886 τοὺς
1754 1822 1852 1892 μὲν

1966 629 2058 698 qui
2113 630 2249 683 dixit
2305 633 2370 685 ad
2432 632 2570 688 ﬁlios
2623 635 2817 700 Israel,
2878 656 2897 687 ι
2929 637 3028 692 Odi
3077 638 3397 695 festivitates
3452 657 3544 696 ve-

1966 729 2113 774 stras
2135 721 2235 774 ".i
2270 721 2341 777 Ut
2368 723 2516 777 enim
2551 736 2826 780 constaret
2858 741 2981 781 eum
3017 729 3258 783 salvasse
3282 729 3445 785 Israel
3474 746 3544 785 ex

1965 806 2185 878 propr’ia
2230 813 2669 881 mansuetudine,
2720 826 2775 871 et
2822 829 3042 886 propter
3082 821 3398 875 memoriam
3449 837 3544 890 pa-

1970 908 2113 955 trum
2164 903 2419 959 tribuisse
2472 906 2597 961 ﬁliis
2644 906 3097 976 misericordiam,
3132 920 3188 963 et
3237 927 3345 964 non
3387 913 3540 981 quasi

1965 1007 2371 1063 compensasse,
2405 1007 2461 1052 et
2500 1008 2903 1053 remuneratum
2939 1016 3060 1057 esse
3090 1002 3382 1067 sacriﬁcia,
3410 1003 3545 1056 dicit

1964 1083 2501 1152 convenientissime,
2553 1103 2725 1144 annos
2775 1104 2879 1144 non
2928 1105 3130 1159 paucos
3172 1106 3266 1147 eos
3293 1107 3544 1160 perinan-

1962 1173 2099 1228 sisse
2144 1174 2198 1228 in
2255 1175 2563 1233 solitudine.
2612 1178 2681 1233 Et
2724 1180 3009 1237 alebantur
3044 1186 3258 1252 quidem
3297 1202 3535 1242 manna:

1960 1264 2350 1332 gradiebantur
2400 1278 2603 1334 autem,
2645 1272 2787 1326 nube
2827 1273 2974 1342 ipsos
3017 1291 3113 1344 per
3160 1277 3299 1332 diem
3348 1278 3537 1333 obum-

1960 1357 2178 1423 brante,
2212 1369 2268 1414 et
2296 1359 2547 1415 columna
2581 1363 2721 1433 ignis
2756 1366 2988 1421 ducente
3021 1383 3117 1435 per
3144 1380 3356 1424 noctem
3376 1370 3439 1422 “.
3471 1371 3539 1425 Et

1961 1450 2067 1503 dux
2103 1460 2223 1504 erat
2256 1468 2383 1507 arca
2415 1454 2481 1509 ad
2509 1463 2691 1526 typum
2735 1456 2852 1522 Dei,
2892 1459 3115 1524 cedens,
3161 1470 3214 1515 et
3248 1463 3538 1531 speculans

1960 1541 2140 1598 locum
2171 1545 2299 1610 sibi,
2331 1555 2387 1601 et
2412 1548 2657 1616 requiem
2677 1550 2744 1604 ⁸⁷.
2770 1548 2881 1605 Nec
2908 1552 3098 1606 deerat
3121 1552 3201 1607 eis
3221 1554 3536 1623 quidquam,

1963 1636 2121 1705 aquis
2146 1645 2372 1706 repente
2397 1640 2831 1708 erumpentibus,
2862 1641 3101 1697 inimicis
3131 1644 3452 1700 cadentibus
3468 1644 3536 1700 “'.

1958 1723 2088 1779 Post
2120 1727 2236 1780 haec
2288 1728 2471 1781 omnia
2535 1730 2601 1785 de
2651 1731 2936 1786 sacriﬁciis
2984 1732 3129 1802 leges
3177 1744 3538 1803 acceperunt;

1961 1818 2257 1874 audiebant
2300 1829 2479 1875 autem
2531 1822 2751 1892 ubique,
2795 1835 2849 1877 et
2889 1839 3052 1894 super
3097 1824 3325 1894 singulis
3358 1827 3541 1881 divina

269 1907 399 1979 περὶ
430 1907 540 1960 τῶν
584 1908 785 1964 θυσιῶν
824 1910 1068 1981 ἐδέχοντο
1107 1912 1343 1982 νόμους,
1379 1912 1577 1983 ήκουον
1617 1912 1673 1965 δέ
1716 1929 1846 1965 παν-

1960 1910 2098 1965 forte
2136 1926 2413 1981 respousa,
2461 1928 2675 1983 nempe,
2712 1932 2734 1969 ι
2769 1915 2905 1970 Cum
2940 1916 3305 1972 introduxerit
3342 1925 3395 1972 Ic
3438 1915 3540 1971 Do-

266 1999 437 2069 ταχοῦ
492 2001 588 2054 καὶ
631 2001 715 2071 ἐφ’
761 2003 977 2073 ἑκάστῳ
1020 2003 1181 2073 τυχὸν
1235 2003 1347 2057 τῶν
1389 2004 1849 2075 τεθεσπισμένων·

272 2113 291 2146 c
328 2093 452 2146 Ἐὰν
477 2093 534 2147 δὲ
566 2096 839 2168 εἰσαγάγῃ
865 2113 923 2149 σε
949 2096 1156 2167 Κύριος
1174 2098 1203 2149 6
1227 2097 1356 2161 Θεός
1386 2115 1478 2150 σου
1500 2099 1581 2162 εἰς
1602 2098 1700 2169 τὴν
1726 2098 1853 2169 γῆν,

264 2184 332 2260 ήν
364 2184 547 2257 ῶμοσε
598 2190 709 2251 τοῖς
763 2188 1005 2259 πατράσι
1041 2205 1134 2241 σου
1185 2186 1369 2241 δοῦναί
1433 2206 1550 2252 σοι,
1606 2190 1853 2260 ποιήσεις

262 2277 425 2331 τοῦτο
473 2279 713 2341 κάκεῖνο,
773 2280 1086 2349 προσοίσεις
1133 2279 1190 2331 δὲ
1226 2279 1437 2342 θυσίας.
1482 2299 1500 2332 ι
1539 2281 1749 2334 Οὐκοῦν
1794 2283 1853 2332 ἐν

264 2370 439 2442 χρόνῳ
465 2373 874 2441 τεσσαράκοντα
918 2371 1074 2433 ἐτῶν,
1101 2370 1221 2423 καθ’
1245 2370 1303 2423 ὃν
1346 2366 1489 2442 ἦσαν
1522 2373 1579 2425 ἐν
1607 2373 1675 2442 τῇ
1719 2372 1850 2443 ἐρή-

266 2478 373 2531 μῳ,
402 2463 678 2532 προσῆγον
717 2463 816 2531 μὲν
855 2460 1047 2524 θυσίας
1083 2461 1324 2526 ἑκόντες,
1370 2459 1553 2532 ἐζήτει
1580 2462 1637 2516 δέ
1674 2462 1851 2526 οὐδεὶς

261 2552 577 2621 ἀναγκαίως
598 2569 610 2583 ⁸
644 2552 757 2608 ἀλλ’
783 2549 851 2625 ἦν
893 2556 974 2617 εἰς
1005 2556 1304 2626 ἀνάϐλησιν
1336 2556 1399 2609 τὸ
1426 2558 1616 2627 χρῆμα
1641 2555 1845 2619 αὐτοῖς,

259 2646 420 2715 ἄχρις
462 2645 526 2698 ἂν
558 2644 895 2699 εἰσελάσειαν
917 2647 996 2709 εἰς
1028 2646 1127 2717 τὴν
1159 2646 1283 2718 γῆν,
1315 2648 1414 2717 τὴν
1438 2649 1553 2709 τοῖς
1577 2646 1849 2716 πατράσιν

260 2737 697 2808 ἐπηγγελμένην.
742 2738 1014 2810 Ταύτῃτοί
1058 2755 1228 2809 φησι*
1284 2757 1302 2789 ι
1355 2738 1447 2809 Μή
1496 2738 1712 2808 σφαγὰς
1754 2737 1849 2791 καὶ

261 2828 457 2893 θυσίας
493 2830 913 2901 προσηνέγκατέ
966 2848 1054 2901 μοι
1086 2831 1496 2901 τεσσαράκοντα
1536 2830 1653 2899 ἐτη,
1701 2826 1847 2893 οἶκος

273 2922 525 2994 Ἰσραήλς
577 2922 725 2992 λέγει
774 2924 998 2995 Κύριος.
1041 2946 1058 2976 ι
1105 2924 1244 2977 Ἀλλ’
1288 2924 1557 2989 ἐσώζοντο
1600 2925 1700 2995 μὲν
1753 2925 1847 2977 καὶ

260 3014 463 3065 θυσιῶν
496 3013 639 3083 δίχα,
668 3015 763 3068 καὶ
858 3033 989 3086 φησι.
1019 3016 1085 3069 δι’
1113 3016 1302 3086 ἐτέρου
1343 3017 1623 3087 προφήτου
1654 3014 1839 3068 πάλιν·

267 3128 284 3159 ι
314 3108 427 3161 Οὐκ
454 3108 671 3179 ἐκτήσω
708 3126 797 3179 μοι
829 3110 1095 3180 ἀργυρίου
1127 3109 1402 3179 θυμίαμα,
1434 3109 1534 3161 οὐκ
1560 3109 1685 3178 ἐμοὶ
1710 3108 1846 3178 πρό-

258 3198 399 3252 ϐατα
422 3200 520 3270 τῆς
543 3198 973 3269 ὁλοκαρπωσεώς
1001 3217 1117 3263 σου,
1142 3200 1261 3253 οὐδὲ
1290 3199 1523 3267 ἕγκοπον
1548 3201 1845 3273 ἐποιήσατε

258 3292 317 3342 ἐν
344 3289 579 3359 Λιϐάνῳ.
609 3310 627 3341 ι
661 3291 824 3343 Αὐτοὶ
846 3291 901 3343 δὲ
924 3291 986 3361 δὴ
1012 3291 1173 3344 πάλιν
1201 3292 1613 3362 ἀπροφάσιστον
1632 3292 1845 3362 ἔχοντες

259 3381 357 3453 τὴν
395 3382 717 3445 ἀπόστασιν,
762 3382 1189 3454 ἀλλοπρόσαλλοί
1232 3401 1289 3436 τε
1322 3379 1465 3454 ἦσαν
1507 3384 1841 3454 τοτηνικάδε,

256 3477 355 3533 καὶ
377 3476 510 3530 Θεὸν
538 3476 899 3545 ἀτιμάζοντες
922 3478 1011 3529 τὸν
1037 3477 1196 3544 φύσει
1238 3478 1333 3529 καὶ
1355 3477 1590 3548 ἀληθῶς,
1609 3478 1847 3547 ἀνελάμ-

259 3567 422 3621 ϐανον
458 3568 557 3640 τήν
594 3570 799 3639 σκηνὴν
830 3568 922 3621 τοῦ
969 3569 1171 3639 Μολόχ.
1206 3587 1223 3619 t
1252 3570 1363 3622 Kal.
1406 3569 1467 3621 τὸ
1505 3569 1703 3640 ἄστρον
1748 3570 1843 3622 τοῦ

256 3660 395 3714 Θεοῦ
434 3661 588 3731 ὑμῶν
629 3662 875 3730 Ῥαιφάν.
909 3680 926 3711 i
962 3661 1072 3714 Kal.
1114 3662 1165 3713 τί
1204 3662 1268 3730 δὴ
1302 3660 1462 3714 τοῦτό
1514 3663 1653 3724 ἐστι,
1684 3679 1843 3732 περι-

256 3751 445 3823 αθρεῖν
476 3754 797 3820 ἀναγκαῖον.
842 3752 1049 3804 Οὐκοῦν
1083 3754 1111 3805 6
1164 3752 1261 3821 μὲν
1298 3752 1501 3822 Μωσῆς
1543 3753 1843 3822 ἀναπεφοί-

255 3862 425 3915 τηκεν
451 3845 531 3909 εἰς
562 3846 624 3899 τὸ
649 3845 793 3915 ὅρος,
816 3844 907 3898 τὸν
936 3846 1098 3913 νόμον
1122 3844 1514 3915 ὑποδεξόμενος
1531 3857 1544 3873 ⁸
1575 3845 1627 3896 οἵ
1648 3862 1710 3913 γε
1738 3846 1844 3916 μὴν

256 3936 318 4003 ἐξ
344 3937 575 4008 αἵματος
608 3937 825 4009 Ἰσραὴλ
855 3934 1330 4007 κατεξανὲστησαν
1360 3935 1455 3989 τοῦ
1496 3935 1728 4006 Ἀαρὼν,
1757 3936 1843 3989 λέ-

256 4046 483 4098 γοντες’
527 4050 545 4081 ι
591 4031 823 4100 Ποίησον
885 4030 1017 4099 ήμῖν
1078 4028 1232 4091 θεοὺς
1280 4028 1329 4082 οἳ
1378 4030 1843 4100 προπορεύσονται

256 4122 414 4193 ήμῶν
436 4139 450 4153 ο
475 4124 503 4176 6
532 4122 641 4193 γὰρ
670 4123 875 4191 Μωσῆς
906 4114 1061 4185 οὗτος
1088 4122 1115 4173 6
1144 4121 1450 4193 ἄνθρωπος,
1484 4122 1541 4186 ὸς
1574 4122 1844 4194 ἐξήγαγεν

254 4215 405 4285 ἡμᾶς
451 4215 515 4267 ἐκ
570 4215 671 4285 γῆς
730 4214 1029 4281 Αἰγύπτου,
1086 4215 1186 4267 οὐκ
1230 4212 1453 4283 οἴδαμεν
1504 4215 1557 4268 τί
1618 4217 1843 4284 γέγονεν

256 4306 426 4377 αὐτῷ.
459 4326 476 4357 ι
508 4307 1028 4377 Μεμοσχοποιήκασι
1067 4307 1249 4358 τοίνυν
1279 4307 1423 4361 κατά
1462 4309 1560 4374 τὴν
1611 4308 1839 4379 ἔρημον.

256 4396 368 4451 Καὶ
400 4394 460 4448 τὸ
488 4395 586 4465 μὲν
620 4394 859 4465 ἐμφανὲς
890 4394 984 4447 καὶ
1004 4394 1288 4459 οἰονείπως
1319 4397 1575 4449 ἀπάντων
1599 4397 1838 4461 εἴδωλον,

253 4488 285 4541 6
320 4486 519 4557 μόσχος
558 4481 645 4557 ἦν.
679 4485 859 4539 Πολλά
898 4486 954 4539 δὲ
1000 4487 1129 4559 παρ’
1157 4488 1390 4541 ἑκάστου
1419 4489 1514 4541 καὶ
1560 4488 1723 4560 ἕτερα
1765 4488 1843 4541 δι.-

1957 2004 2135 2060 minus
2185 2004 2327 2060 Deus
2382 2014 2504 2060 tuus
2554 2007 2606 2061 in
2663 2014 2890 2074 terram,
2926 2007 3091 2078 309
3130 2024 3291 2078 quam
3335 2009 3541 2076 juravit

1954 2098 2200 2167 patribus
2226 2097 2351 2163 tuis,
2384 2105 2442 2153 ut
2474 2099 2629 2152 daret
2659 2112 2778 2152 eam
2817 2099 2937 2163 tibi,
2969 2099 3135 2153 facies
3166 2099 3269 2153 hoc
3299 2109 3351 2154 et
3377 2099 3533 2165 illud,

1952 2200 2007 2245 et
2060 2189 2257 2246 offeres
2301 2192 2569 2246 sacriﬁcia
2592 2191 2657 2243 “9.
2694 2211 2713 2243 ι
2765 2192 2952 2261 Itaque
3010 2203 3251 2260 tempore
3301 2192 3539 2261 quadra-

1953 2282 2101 2351 ginta
2148 2296 2435 2345 anuorum,
2475 2297 2582 2351 quo
2612 2282 2834 2338 fuerunt
2871 2286 2925 2337 in
2974 2284 3287 2346 solitudine,
3335 2282 3506 2338 oﬁ‘ere

1953 2376 2085 2428 bant
2130 2373 2395 2429 sacriﬁcia
2434 2384 2646 2444 sponte,
2698 2390 2859 2431 nemo
2899 2376 3045 2431 enim
3097 2374 3185 2429 illa
3233 2374 3480 2444 exigebat
3518 2391 3533 2428 :

1952 2467 2047 2521 sed
2084 2465 2432 2522 differebatur
2480 2467 2756 2538 negotium
2780 2506 2796 2532 ,
2833 2469 3007 2523 donec
3048 2477 3250 2522 terram
3287 2467 3535 2536 patribus

1952 2560 2190 2630 ipsorum
2239 2558 2561 2628 promissam
2606 2558 2837 2630 ingressi
2884 2558 3136 2613 fuissent.
3171 2556 3376 2611 Idcirco
3411 2558 3531 2611 ait:

1961 2669 1979 2701 ι
2012 2648 2148 2702 Num
2186 2649 2434 2704 victimas
2472 2660 2529 2704 et
2569 2648 2855 2704 sacriﬁcia
2879 2647 3152 2703 obtulistis
3197 2647 3330 2702 mihi
3374 2650 3533 2703 annis

1950 2740 2331 2810 quadraginta,
2380 2741 2572 2794 domus
2618 2739 2823 2805 Israel?
2875 2740 3007 2795 dicit
3048 2741 3328 2795 Dominus.
3366 2759 3384 2791 ι
3425 2741 3533 2795 Sed

1949 2833 2300 2887 saIVabantur
2329 2832 2492 2886 etiam
2521 2833 2657 2887 citra
2688 2833 2987 2899 sacriﬁcia;
3015 2844 3069 2888 et
3106 2834 3245 2888 sicut
3271 2835 3403 2889 dicit
3437 2849 3534 2901 per

1948 2925 2113 2981 alium
2149 2926 2466 2995 prophetam
2508 2940 2721 2979 rursum
2757 2941 2772 2979 :
2812 2945 2830 2977 ‹
2864 2925 2977 2979 Non
3028 2926 3355 2994 comparasti
3399 2926 3530 2980 mihi

1950 3024 2175 3085 argento
2226 3015 2548 3085 thymiama,
2584 3030 2688 3068 non
2738 3014 2866 3067 mihi
2898 3029 3027 3067 oves
3071 3013 3372 3068 holocausti
3403 3013 3477 3067 tui
3512 3030 3527 3068 :

1947 3120 2050 3161 nec
2073 3104 2365 3159 incisuram
2409 3102 2617 3158 fecistis
2654 3104 2707 3157 in
2751 3102 2954 3157 Libano
2975 3104 3042 3158 "°.
3078 3122 3096 3156 ι
3136 3103 3401 3158 Caeterum
3430 3103 3530 3172 ipsi

1949 3205 2062 3253 tum
2094 3198 2271 3251 denuo
2299 3198 2629 3261 desertores,
2664 3196 2739 3250 ita
2774 3204 2831 3250 ut
2863 3196 3111 3250 excusari
3149 3211 3252 3249 non
3285 3206 3527 3265 possent,

1948 3298 2003 3344 et
2030 3288 2330 3354 instabiles,
2375 3297 2430 3343 et
2464 3300 2655 3344 natura
2687 3304 2751 3343 ac
2782 3303 2907 3344 vere
2940 3288 3105 3344 Deum
3149 3300 3528 3357 aspernantes,

1946 3381 2239 3451 portabant
2281 3380 2685 3437 tabernaculum
2742 3380 2976 3436 Moloch.
3030 3400 3048 3433 t
3078 3381 3141 3434 Et
3170 3392 3381 3436 astrum
3435 3382 3527 3436 Dei

1949 3474 2112 3528 vestri
2160 3473 2422 3542 Raephan.
2453 3493 2472 3526 ι
2527 3474 2679 3540 Quod
2730 3473 2989 3542 quidnam
3041 3475 3133 3534 sit.
3181 3476 3527 3529 consideran-

1947 3567 2073 3621 dum
2126 3577 2229 3622 est.
2284 3566 2433 3621 Mose
2480 3567 2643 3636 igitur
2688 3569 3016 3621 ascendente
3060 3568 3112 3620 in
3163 3578 3423 3630 montem,
3471 3577 3530 3620 ut

1947 3656 2116 3726 legem
2144 3657 2436 3727 acciperet,
2473 3658 2732 3712 Israelita:
2765 3666 2954 3711 contra
2999 3657 3179 3710 Aaron
3215 3658 3525 3711 insurrexe-

1946 3744 2103 3815 runt,
2146 3749 2390 3804 dicentes
2426 3769 2439 3804 :
2478 3770 2495 3801 ι
2528 3750 2635 3805 Fac
2690 3749 2843 3804 nobis
2891 3750 3018 3802 deos
3080 3749 3171 3817 qui
3222 3749 3527 3815 praecedant

1947 3858 2045 3896 nos
2075 3861 2089 3896 :
2123 3841 2292 3913 Moysi
2317 3843 2460 3897 enim
2499 3841 2623 3895 huic
2650 3842 2788 3901 viro,
2819 3840 2911 3909 qui
2944 3856 3042 3895 nos
3068 3839 3253 3893 eduxit
3286 3838 3350 3892 de
3384 3848 3525 3892 terra

1945 3931 2197 4004 IEgypti,
2258 3934 2569 4002 ignoramus
2616 3931 2743 4001 quid
2785 3930 3049 3984 acciderit
3083 3930 3151 3982 '“.
3186 3947 3203 3979 ι
3259 3926 3527 3981 Fecerunt

1948 4026 2131 4094 itaque
2177 4026 2401 4079 vitulum
2443 4026 2495 4079 in
2554 4024 2864 4079 solitudine.
2918 4023 2983 4077 Et
3034 4022 3413 4091 conspicuum,
3464 4034 3529 4073 ac

1948 4119 2093 4171 velut
2122 4133 2408 4173 commune
2450 4118 2694 4171 omnium
2727 4116 2923 4171 idolum
2958 4114 3160 4168 vitulus
3190 4122 3326 4168 erat.
3363 4110 3527 4166 Multa

1946 4227 2110 4283 porro
2144 4220 2197 4265 et
2224 4211 2324 4264 alia
2356 4210 2422 4263 ab
2462 4223 2785 4278 unoquoque
2834 4207 2957 4261 ﬁcta
2990 4216 3135 4261 sunt.
3175 4202 3354 4258 Semel
3382 4203 3526 4256 enim

1946 4306 2012 4359 ad
2039 4312 2279 4357 veterem
2312 4316 2560 4355 errorem
2597 4299 2874 4365 conversi,
2916 4306 2970 4352 et
3004 4313 3033 4350 a
3076 4296 3267 4351 semita
3313 4294 3529 4365 pietatis

1948 4396 1998 4450 in
2027 4395 2192 4450 Deum
2226 4393 2437 4459 detorti,
2468 4391 2662 4462 singuli
2695 4390 2836 4460 quod
2862 4389 2963 4445 sibi
2989 4386 3235 4459 placebat
3266 4400 3363 4456 pro
3388 4385 3530 4438 anti-

1946 4505 2051 4558 qua
2097 4487 2492 4543 consuetudine
2527 4486 2578 4539 iu
2614 4484 2847 4555 Egypto
2883 4497 3085 4537 numen
3122 4478 3529 4535 fabricabantur

255 4580 605 4635 επλάττοντο.
639 4578 954 4649 Τραπέντες
986 4580 1096 4650 γὰρ
1147 4581 1294 4645 ἀπαξ
1336 4581 1430 4633 ἐπὶ
1479 4580 1576 4651 τὴν
1604 4582 1839 4652 ἀρχαίαν

1952 4590 2001 4636 et
2041 4580 2366 4635 formabant.
2400 4578 2570 4648 Magis
2622 4588 2798 4631 tamen
2853 4585 3123 4629 astrorum
3161 4571 3327 4627 cultui
3363 4570 3526 4625 dediti

255 4672 546 4743 πλάνησιν,
606 4671 699 4724 καὶ
758 4671 857 4740 τῆς
892 4672 972 4741 εἰς
1034 4671 1168 4724 Θεὸν
1218 4671 1501 4735 εὐσεϐείας
1550 4673 1838 4743 ἀποπηδή-

258 4786 473 4834 σαντες,
507 4767 736 4830 ἐκαστος
793 4768 854 4820 τὸ
887 4766 1075 4821 δοκοῦν
1113 4768 1350 4819 ἐποιεῖτο
1396 4766 1578 4831 σέϐας,
1614 4767 1709 4819 καὶ
1759 4764 1841 4818 δι-

256 4861 519 4916 έπλαττεν
550 4859 723 4930 αύτῷ,
748 4859 891 4912 κατά
913 4861 1010 4929 τὴν
1040 4860 1244 4913 ἄνωθεν
1272 4860 1349 4912 ἔτι
1372 4862 1463 4913 καὶ
1495 4861 1553 4912 ἐν
1580 4858 1843 4929 Αἰγύπτῳ

259 4953 571 5025 συνήθειαν.
616 4952 978 5024 Προσὲκειντο
1009 4953 1065 5005 δὲ
1101 4952 1299 5023 μᾶλλον
1333 4955 1451 5014 ταῖς
1484 4951 1591 5005 τῶν
1626 4953 1845 5019 ἄστρων

256 5044 556 5116 λατρείαις.
594 5044 703 5097 Καὶ
744 5044 908 5097 πόθεν
952 5044 1017 5097 ἂν
1064 5045 1273 5113 γένοιτο
1316 5048 1411 5097 καὶ
1458 5045 1615 5097 τοῦτο
1663 5061 1834 5097 κατα-

257 5138 457 5206 φανέςς
494 5139 609 5207 ἐρεῖ
637 5154 719 5199 τις
752 5136 931 5207 τυχόν.
952 5138 1026 5191 Οὐ
1056 5138 1221 5200 πολὺς
1259 5140 1286 5191 6
1317 5138 1477 5197 πόνος
1510 5137 1837 5206 ἀπελέγχειν

256 5225 522 5278 ἐθέλουσι·
565 5225 625 5288 ἐξ
653 5224 833 5277 αὐτῶν
863 5224 972 5296 γὰρ
1016 5225 1276 5296 εἰσόμεθα
1304 5226 1411 5278 τῶν
1443 5225 1604 5298 ἱερῶν
1654 5228 1842 5297 Γραμ-

260 5319 465 5389 μάτων.
494 5319 873 5388 Δεδυσφόρηκε
909 5320 1007 5389 μὲν
1034 5320 1139 5392 γὰρ
1169 5323 1196 5373 6
1220 5322 1443 5392 Μωσῆς,
1489 5323 1583 5374 καὶ
1611 5336 1840 5376 κατεκε-

256 5412 451 5481 κράγει
475 5410 569 5463 τοῦ
599 5409 808 5480 Ἀαρών
825 5428 836 5439 ·
862 5408 980 5463 εἶτα
1011 5412 1351 5482 προσέπιπτε
1369 5412 1443 5482 τῷ
1460 5412 1601 5483 Θεῷ,
1628 5412 1801 5480 λέγων
1822 5430 1834 5442 ·

263 5520 281 5553 ι
315 5503 552 5572 Δέομαι,
590 5502 794 5574 Κύριε,
828 5503 1075 5572 ἥμαρτεν
1123 5505 1151 5556 ό
1196 5504 1323 5566 λαὸς
1372 5498 1523 5567 οὗτος
1564 5504 1839 5575 ἁμαρτίαν

260 5594 538 5666 μεγάλην·
583 5596 847 5668 ἐποίησαν
870 5595 990 5666 ’γὰρ
1041 5598 1256 5660 ἑαυτοῖς
1299 5596 1453 5660 θεοὺς
1504 5596 1774 5667 χρυσοῦς,
1816 5616 1833 5650 ι

328 5792 373 5822 ⁸⁸
409 5794 591 5848 Amos.
613 5837 625 5859 ,
656 5812 707 5855 v,
736 5797 824 5849 ‘ll.

259 5862 311 5917 5.
348 5863 396 5894 '°
424 5865 526 5918 ιω.
563 5882 717 5931 xuii,
746 5868 835 5943 ‘14.
918 5869 956 5897 ⁷¹
991 5871 1161 5923 L‘xod.
1200 5884 1368 5934 nam,
1414 5869 1457 5923 Ι.

903 5798 945 5826 ⁶⁶
981 5795 1149 5850 Exod.
1188 5812 1303 5855 τιιι.
1334 5797 1422 5853 21.
1456 5798 1564 5859 '22;
1601 5813 1709 5855 \‘VI-
1740 5798 1771 5849 ί
1810 5811 1959 5867 ““I‘l-

1540 5872 1581 5899 τι
1614 5868 1767 5933 Ibul.,
1802 5868 1887 5923 δι.

1939 4682 2113 4729 erant.
2147 4670 2213 4725 Et
2247 4672 2391 4725 unde
2421 4670 2525 4725 hoc
2566 4684 2782 4738 quoque
2817 4666 3085 4735 liquebit?
3117 4665 3353 4720 fortasse
3384 4663 3530 4716 dicet

1942 4764 2232 4833 quispiam.
2287 4761 2401 4815 lIoc
2445 4760 2531 4814 vel
2574 4774 2641 4813 ex
2693 4758 2827 4828 ipsis
2872 4771 3156 4811 sacrarum
3199 4754 3525 4808 Litterarum

1943 4854 2310 4908 tunuumentis
2360 4853 2758 4916 demonStrare,
2812 4859 2868 4903 et
2914 4862 3244 4918 cognoscere
3290 4862 3394 4900 non
3443 4852 3528 4899 est

1943 4947 2179 5003 difﬁcile.
2231 4946 2399 5016 [Egre
2448 4943 2592 4997 enim
2647 4943 2770 4996 tulit
2820 4941 3016 5005 Moses,
3046 4950 3101 4994 et
3151 4940 3204 4993 in
3255 4940 3526 4993 Aaronem

1945 5042 2090 5097 clara
2139 5056 2268 5095 voce
2304 5042 2546 5095 invectus
2587 5049 2672 5093 est
2705 5056 2719 5103 ;
2753 5039 2945 5093 deinde
2991 5038 3100 5092 Deo
3136 5035 3523 5105 procumbens,

1945 5134 2056 5186 ait.
2101 5150 2118 5183 ι
2155 5131 2414 5197 Obsecro,
2460 5131 2702 5193 Domine,
2740 5128 2985 5199 peccavit
3017 5127 3244 5198 p0pulus
3274 5127 3376 5179 iste
3402 5138 3528 5192 pec-

1948 5234 2127 5279 catum
2160 5239 2435 5293 magnum,
2464 5222 2705 5277 fecerunt
2728 5224 2870 5276 enim
2893 5221 2997 5275 sibi
3017 5222 3146 5275 deos
3176 5218 3470 5273 aureos":
3500 5238 3518 5267 ι

1949 5318 2096 5386 atqui
2128 5316 2330 5371 vitulus
2360 5327 2478 5369 erat
2502 5317 2646 5385 quod
2673 5313 2964 5367 finxerant.
3006 5310 3199 5365 Verum
3232 5324 3337 5363 non
3372 5309 3524 5376 igno-

1948 5410 2125 5473 rabat,
2184 5422 2279 5461 eos
2338 5406 2694 5461 nihilominus
2748 5403 2855 5457 alia
2905 5401 3176 5471 sculptilia
3225 5399 3519 5453 addidisse.

1948 5500 2148 5553 Beatus
2178 5509 2356 5553 autem
2392 5498 2706 5565 Stephanus
2752 5502 3036 5549 accusatus
3070 5490 3356 5559 aliquando
3385 5489 3524 5556 apud

1946 5591 2251 5647 Iuda-orum
2295 5591 2583 5659 magistros
2617 5598 2835 5658 propter
2875 5583 3239 5655 blasphemias
3270 5582 3321 5635 in
3356 5579 3522 5635 Deum

2041 5797 2081 5827 ⁸⁷
2118 5794 2276 5853 Num.
2313 5811 2363 5861 ις,
2394 5792 2481 5848 35.
2528 5793 2571 5825 ⁸⁸
2602 5790 2758 5847 Num.
2798 5806 2885 5857 xx,
2920 5788 3073 5843 6-15.
3118 5788 3163 5820 ‘9
3197 5785 3364 5843 Exod.
3398 5801 3516 5853 xm,
