4140 6370
608 357 706 414 ειι

1597 357 1655 413 S.
1695 355 1964 412 CYRILLI
2005 352 2471 416 ALEXANDRINI
2511 353 2830 410 ARCIIIEP.

3753 360 3862 418 δη

605 483 662 526 et
689 471 872 526 Mosen
888 472 957 537 "',
979 481 1034 527 et
1055 471 1331 543 responsis
1352 471 1561 527 idoneis
1583 473 1884 529 calumnias
1916 472 2174 538 refutans,

2283 471 2460 526 καίτοι
2515 473 2718 544 μόσχος
2765 467 2834 541 ἦν
2896 471 2958 525 τὸ
3017 469 3508 544 διαπεπλασμένον.
3563 475 3705 529 Ἀλλ’
3761 477 3860 531 οὐκ

607 564 807 618 deinde
858 566 1146 621 ostendens
1187 568 1329 634 quod
1363 567 1583 621 Christo
1635 567 1834 634 impie,
1890 576 2168 622 contume-

604 654 738 710 liose
775 665 828 710 et
858 656 1166 712 immaniter
1204 659 1389 712 habito
1412 698 1428 722 ,
1473 669 1686 728 patrum
1727 675 1949 715 suorum
1999 659 2177 714 scelus

602 757 661 801 et
701 748 960 802 duritiam
997 749 1178 803 cordis
1215 750 1577 814 imitarentur,
1614 753 1901 822 perspicue
1932 752 2086 807 vituli
2122 755 2174 806 in

602 838 891 894 solitudine
917 841 1136 896 conﬂati
1162 842 1326 912 310
1359 843 1684 898 mentionem
1717 845 1868 908 facit,
1898 845 2080 914 aitque
2109 844 2177 899 de

603 928 751 983 Mose
798 947 812 983 :
861 949 880 981 ι
920 931 1016 986 llic
1062 941 1146 986 est
1201 934 1290 1001 qui
1355 932 1551 988 fuitin
1601 935 1837 990 Ecclesia
1889 936 1942 990 in
1985 936 2176 989 solitu-

604 1022 730 1074 dine
756 1035 880 1074 cutn
912 1023 1124 1090 angelo,
1154 1023 1244 1092 qui
1278 1025 1598 1092 loquebatur
1627 1027 1676 1079 ei
1717 1026 1768 1079 in
1806 1038 1985 1080 monte
2021 1025 2172 1091 Sina,

601 1120 658 1164 et
700 1126 821 1166 cum
861 1114 1101 1182 patribus
1160 1116 1396 1179 nostris,
1450 1115 1541 1185 qui
1586 1116 1797 1183 accepit
1843 1115 2003 1169 verba
2052 1118 2177 1170 vitae

602 1203 735 1259 dare
773 1206 954 1270 nobis,
987 1208 1074 1262 cui
1115 1207 1406 1262 noluerunt
1437 1208 1659 1262 obedire
1696 1218 1876 1278 patres
1920 1209 2113 1272 nostri,
2149 1227 2170 1260 ι

600 1301 658 1348 et
703 1309 824 1364 qua:
871 1297 1126 1367 deinceps
1177 1307 1498 1367 sequuntur,
1529 1314 1699 1368 usque
1746 1301 1813 1353 ad
1858 1299 1944 1352 illa
1986 1300 2173 1365 verba,

609 1404 628 1437 ι
657 1385 859 1457 ﬁguras
899 1403 1035 1455 quas
1071 1388 1278 1444 fecistis
1313 1390 1542 1444 adorare
1573 1404 1688 1446 eas.
1733 1391 1800 1444 Et
1853 1390 2174 1446 transferam

602 1492 702 1533 vos
751 1487 905 1534 trans
944 1479 1273 1550 Babylonem
1294 1481 1362 1535 ⁷⁵.
1394 1499 1414 1535 ι
1451 1480 1608 1537 Vides
1639 1483 1800 1554 igitur
1843 1495 1896 1538 et
1931 1482 2172 1538 divinum

602 1567 962 1638 Stephanum,
987 1572 1161 1626 virum
1191 1573 1408 1642 plenum
1437 1571 1643 1642 Spiritu
1674 1583 1888 1639 sancto,
1923 1574 2172 1630 testimo-

604 1658 750 1711 nium
791 1659 1018 1726 dixisse,
1050 1677 1144 1717 eos
1182 1663 1480 1718 fabricasse
1505 1664 1757 1729 vitulum,
1792 1674 1850 1720 et
1877 1667 1944 1719 ad
1986 1665 2172 1720 colen-

601 1745 726 1800 dam
762 1750 1010 1805 militiam
1042 1753 1163 1807 coeli
1210 1769 1503 1810 conversos
1549 1769 1706 1810 esse.
1757 1755 1999 1811 Meminit
2043 1757 2170 1811 item

2287 564 2576 635 ήγνόησεν,
2601 565 2683 618 ὃτι
2722 564 2819 619 καὶ
2843 564 3006 636 ἕτερα
3035 565 3502 636 προσειργάσαντο
3529 567 3599 620 τὰ
3623 568 3854 636 γλυπτά.

2296 655 2357 708 Ὀ
2386 655 2444 708 δέ
2476 673 2540 724 γε
2588 655 2859 727 μακάριος
2888 656 3182 725 Στέφανος.
3225 657 3700 728 κατηγορούμενός
3729 677 3860 714 ποτε

2285 747 2438 818 παρὰ
2483 750 2596 811 τοῖς
2658 748 2932 802 Ἰουδαίων
2994 749 3335 819 καθηγηταῖς
3390 750 3482 804 ἐπὶ
3528 751 3861 823 δυσφημίαις

2283 841 2402 901 ταῖς
2460 841 2538 901 είς
2575 839 2709 893 Θεὸν
2750 840 2844 893 καὶ
2891 840 3092 894 Μωσέα
3117 879 3132 903 ,
3189 843 3285 896 καὶ
3328 845 3449 906 ταῖς
3491 842 3860 914 καθηκούσαις

2283 927 2602 997 ἀπολογίαις
2647 929 3088 1000 ἀποκρουόμενος
3147 929 3248 992 τὰς
3301 931 3695 998 συκοφαντίας,
3740 925 3859 984 εἶτα

2283 1019 2564 1082 δεικνύων,
2593 1021 2675 1073 ὅτι
2708 1020 3162 1090 δεδυσσεϐηκότες
3201 1021 3411 1091 ἀγρίως
3466 1022 3562 1075 καὶ
3593 1023 3861 1094 ἐμπαροι-

2284 1111 2642 1182 νήσαντεςτῴ
2677 1110 2897 1180 Χριστῷ
2933 1111 3052 1182 τὴν,
3085 1112 3195 1164 τῶν
3237 1110 3383 1164 ἰδίων
3432 1111 3685 1181 πατέρων
3722 1113 3859 1165 ἀπο-

2287 1201 2578 1275 μιμοῦνται
2633 1201 2947 1272 φαυλότητα
3001 1203 3098 1256 καὶ
3143 1202 3620 1272 σκληροκαρδίαν,
3669 1201 3859 1272 διαμέ-

2284 1309 2484 1363 μνηται
2512 1291 2698 1360 σαφῶς
2737 1291 2837 1362 τῆς
2877 1293 2936 1344 ἐν
2981 1293 3049 1362 τῇ
3087 1292 3280 1362 ἐρήμῳ
3328 1291 3716 1361 μοσχοποιίαςι,
3765 1290 3859 1343 καί

2282 1401 2418 1456 φησι
2446 1383 2575 1452 περὶ
2601 1383 2866 1446 Μωσέωςο
2892 1402 2910 1433 ι
2933 1375 3102 1447 Οὗτός
3136 1385 3288 1436 ἐστιν
3325 1385 3354 1436 6
3383 1382 3674 1452 γενόμενος
3703 1383 3761 1434 ἐν
3790 1386 3857 1454 τῇ

2293 1473 2588 1545 Ἐκκλησία
2619 1475 2678 1526 ἐν
2715 1476 2782 1545 τῇ
2817 1474 3012 1544 ἐρήμῳ
3058 1473 3200 1542 μετὰ
3229 1473 3326 1527 τοῦ
3365 1473 3599 1542 ἀγγέλου
3626 1473 3721 1526 τοῦ
3763 1471 3860 1526 λα-

2280 1564 2501 1628 λοῦντος
2535 1563 2683 1635 αὐτῷ
2715 1566 2775 1618 ἐν
2825 1563 2904 1634 τῷ
2951 1563 3070 1636 ὄρει
3107 1565 3239 1634 Σινᾷ
3307 1565 3401 1618 καὶ
3445 1564 3556 1618 τῶν
3605 1564 3860 1636 πατέρων

2278 1655 2461 1729 ήμῶν,
2493 1654 2553 1719 ὃς
2581 1654 2802 1721 ἐδέξατο
2832 1654 2990 1723 λόγια
3022 1652 3224 1718 ζῶντα,
3271 1654 3456 1708 δοῦναι
3487 1656 3644 1726 ἡμῖν,
3681 1647 3726 1722 ᾧ
3757 1655 3860 1707 οὐκ

2278 1747 2553 1818 ἠθέλησαν
2585 1747 2819 1819 ὑπήκοοι
2848 1747 3104 1818 γενέσθαι
3131 1749 3182 1801 οἱ
3212 1747 3450 1819 πατέρες
3485 1747 3665 1817 ήμῶν,
3705 1765 3723 1796 ι
3763 1747 3860 1802 καὶ

602 1839 754 1890 vocis
791 1840 1086 1910 propheta»,
1118 1842 1257 1893 trude
1317 1840 1443 1896 licet
1490 1841 1790 1910 intelligere
1836 1857 1931 1898 eos
1981 1844 2047 1897 ad
2089 1843 2170 1895 vi-

2276 1834 2344 1890 τὰ
2371 1834 2499 1906 ἑξῆς
2529 1835 2656 1899 ἕως,
2683 1853 2704 1887 ι
2742 1835 2870 1899 τοὺς
2905 1835 3112 1900 τύπους
3158 1836 3253 1900 οὓς
3288 1837 3581 1906 ἐποιήσατε
3615 1853 3861 1908 προσκυο

605 1922 784 1987 ιυιμιη·
816 1927 1219 1988 tabernaculum
1271 1947 1486 2001 quoque
1531 1932 1740 1988 Moloch
1788 1933 2172 2004 assumpsisse.

605 2011 857 2071 Excitato
891 2019 1034 2072 enim
1061 2021 1414 2077 tabernaculo
1446 2023 1645 2078 idolum
1676 2025 2096 2091 constituerunt,
2122 2035 2177 2080 et

609 2105 738 2158 illud
783 2105 991 2162 Molocb
1045 2111 1472 2180 appellaverunt,
1528 2116 1642 2170 sive
1693 2114 1986 2179 Molchom,
2030 2117 2175 2186 quod

607 2191 806 2246 idolum
858 2192 960 2250 fuit
1001 2195 1378 2265 Moabitarum,
1431 2202 1661 2271 lapidem
1715 2204 1920 2258 habens
1951 2205 2174 2274 pelluci-

603 2281 757 2349 dum,
800 2292 854 2339 et
899 2287 1156 2342 eximium
1209 2290 1263 2344 in
1315 2307 1528 2346 summa
1569 2291 1768 2359 fronte,
1817 2293 1885 2348 ad
1941 2295 2174 2364 speciem

604 2373 864 2430 Luciferi.
890 2377 956 2431 Et
971 2389 1130 2434 sonat
1151 2381 1367 2450 quidem
1393 2383 1581 2439 Latine
1604 2385 1817 2442 Moloch
1841 2403 1933 2440 rea:
1960 2398 2137 2442 noster
2155 2405 2175 2443 :

604 2465 686 2521 sic
713 2467 857 2522 enim
907 2469 1102 2538 Aquila
1169 2485 1223 2528 et
1259 2473 1558 2529 Theodotio
1600 2477 2013 2533 transtulerunt.
2042 2477 2177 2533 Elii-

603 2558 717 2626 gies
749 2568 932 2614 autem
962 2559 1196 2618 Luciferi
1227 2565 1520 2622 artificiose
1551 2567 1688 2623 facta
1718 2579 1857 2623 erat.
1891 2569 2176 2626 Portarunt

604 2647 769 2715 igitur
807 2649 1210 2708 tabernaculum
1244 2654 1478 2721 Moloch,
1525 2659 1629 2714 hoc
1671 2668 1773 2724 est,
1803 2661 1949 2730 regis
1979 2663 2170 2718 nostri.

602 2738 790 2804 Qualis
821 2754 1000 2796 autem
1040 2745 1141 2799 iste
1177 2747 1315 2802 rex?
1343 2748 1566 2804 Astrum
1595 2749 1688 2805 Dei
1717 2754 1884 2807 nostri
1913 2752 2172 2822 itmphan,

600 2833 743 2899 quod
793 2833 1036 2890 redditur
1066 2836 1441 2910 obtenebratio,
1496 2854 1593 2898 aut
1635 2846 1971 2912 nmmum,
2003 2845 2174 2903 Porro

599 2919 933 2990 Luciferum,
982 2935 1042 2980 ut
1096 2935 1223 2982 ante
1276 2929 1405 2985 solis
1461 2932 1644 2988 radios
1701 2935 2056 2998 exorientem,
2117 2945 2174 2990 et

599 3012 922 3082 principium
954 3015 1059 3072 diei
1096 3025 1364 3074 terrarum
1405 3021 1597 3078 incolis
1629 3023 1941 3080 all‘erentem
1976 3025 2173 3082 adora-

599 3102 749 3158 bant.
782 3102 1167 3163 Verumtamen
1205 3111 1558 3167 adorantibus
1593 3113 1766 3172 factus
1793 3125 1876 3172 est
1905 3117 2168 3187 Rtephan,

598 3192 654 3249 id
707 3203 814 3262 est,
865 3197 1266 3265 obtenebratio,
1317 3212 1371 3258 et
1424 3207 1739 3261 excareatio.
1781 3205 2012 3264 Prorsus
2061 3225 2168 3264 non

597 3291 751 3359 quasi
794 3301 1000 3346 astrum
1050 3292 1102 3348 in
1153 3293 1260 3350 illis
1300 3307 1581 3365 operatum
1634 3299 1705 3355 sit
1751 3302 2002 3357 tenebras
2034 3303 2168 3357 :sed

596 3384 741 3450 quod
780 3383 889 3440 illis
920 3385 1094 3440 cultus
1124 3385 1268 3441 illius
1298 3388 1765 3449 obtenebrationis
1798 3408 1966 3449 causa
1997 3397 2169 3450 exsti-

599 3475 744 3530 terit.
803 3475 1067 3542 Quoniam
1118 3489 1342 3547 autem,
1400 3481 1610 3551 inquit,
1665 3483 2062 3552 Moabitarnm,
2119 3497 2174 3543 et

596 3566 790 3620 vicina:
818 3565 1069 3623 Damasci
1104 3569 1369 3627 insaniam
1411 3574 1651 3628 :emulati
1688 3577 1844 3640 estis,
1877 3576 1998 3633 ideo
2031 3578 2169 3632 ultra

597 3655 942 3722 Damascum,
961 3669 1014 3713 et
1042 3662 1330 3718 remotiora
1355 3663 1704 3730 discessistis,
1726 3666 2170 3737 Babyloniorum,

595 3746 838 3817 inquam.
889 3749 1068 3807 Editio
1119 3754 1263 3808 enim
1313 3753 1689 3826 Septuaginta,
1741 3776 1760 3810 ι
1790 3761 1928 3814 ultra
1980 3763 2170 3815 Dama-

597 3853 771 3902 scum,
808 3857 828 3890 ι
865 3841 1060 3912 inquit,
1107 3843 1340 3900 Sanctus
1384 3857 1568 3901 autem
1611 3847 1940 3918 Stephanus,
1978 3869 1998 3902 ι
2030 3852 2168 3906 ultra

595 3923 950 3998 Babylonem.
981 3949 1001 3983 ι
1043 3931 1184 3999 Quid
1215 3949 1345 4004 ergo
1394 3937 1462 3991 ad
1502 3938 1616 3992 hare
1665 3939 2173 3998 dicemus?Secun-

596 4017 722 4072 dum
774 4018 1058 4077 llebrwam
1103 4024 1398 4081 editionem
1434 4025 1573 4082 dixit
1620 4029 1945 4098 Stephanus.
1982 4031 2169 4086 Visum

593 4118 680 4164 est
708 4111 852 4165 enim
882 4111 1011 4182 illis,
1047 4117 1190 4186 quod
1215 4128 1299 4174 est
1327 4117 1469 4174 ultra
1507 4120 1851 4187 Damascum,
1893 4125 2171 4192 appellare

598 4211 800 4256 terram
831 4205 1269 4276 Babyloniorum.
1303 4209 1614 4266 Pertinente
1635 4213 1778 4268 enim
1809 4212 2039 4270 fortasse
2066 4216 2171 4271 Da-

596 4301 974 4346 mascenorum
1017 4308 1172 4365 agro,
1219 4297 1335 4352 sive
1381 4296 1643 4368 Syrorum
1695 4316 1862 4371 regno
1895 4319 2065 4373 usque
2101 4308 2170 4362 ad

597 4382 861 4445 terminos
889 4384 1104 4440 urbium
1140 4387 1388 4454 orientis,
1419 4390 1649 4447 finitima
1696 4403 1815 4449 erat
1853 4397 2034 4452 statim
2064 4399 2163 4455 Ba-

595 4469 937 4541 byloniorum
970 4475 1148 4541 tellus,
1188 4489 1245 4533 et
1273 4481 1442 4551 regio.

2275 1929 2387 1981 νεῖν
2429 1927 2631 1992 αὐτοῖς.
2663 1926 2775 1982 Καὶ
2816 1927 3076 1998 μετοικιῶ
3123 1928 3270 1998 ὑμᾶς
3317 1928 3578 1982 ἐπέκεινα
3606 1928 3860 1981 Βαϐυλῶ-

2273 2035 2384 2084 νος.
2415 2037 2436 2072 ι
2468 2018 2659 2090 Ι’Λθρει
2685 2018 2750 2090 δὴ
2779 2015 2895 2084 οὖν,
2926 2019 3007 2072 ὅτι
3049 2019 3144 2072 καὶ
3181 2021 3209 2072 6
3239 2019 3526 2082 Θεσπέσιος
3559 2019 3854 2089 Στέφανος,

2274 2108 2415 2180 ἀνὴρ
2441 2109 2599 2180 ἁγίου
2642 2109 2962 2181 Πνεύματος
3011 2110 3250 2181 πλήρης,
3285 2111 3735 2182 μεμαρτύρηκεν,
3771 2112 3858 2165 ὅτι

2278 2201 2790 2272 μεμοσχοποιήκασι
2843 2199 2943 2270 μὲν
2973 2240 2988 2262 ,
3048 2200 3352 2268 ἐτράποντο
3395 2200 3453 2253 δέ
3509 2202 3602 2254 καὶ
3669 2201 3750 2263 εἰς
3791 2199 3860 2253 τὸ

2273 2292 2557 2365 λατρεύειν
2577 2295 2645 2363 τῇ
2683 2294 2912 2364 στρατιᾷ
2948 2292 3042 2346 τοῦ
3079 2292 3309 2362 ούρανοῦ
3333 2332 3346 2347 .
3385 2293 3761 2363 Διαμέμνηται
3795 2293 3857 2346 δέ

2274 2384 2502 2454 καὶτῆς
2529 2383 2625 2438 τοῦ
2674 2385 2952 2454 προφήτου
2985 2384 3188 2454 φωνῆς·
3234 2383 3356 2438 ὅθεν
3409 2384 3523 2437 ἔστι
3573 2387 3733 2449 νοεῖν,
3772 2385 3856 2437 ὅτι

2275 2476 2413 2548 πρὸς
2441 2475 2521 2546 τῷ
2548 2476 2734 2546 μόσχῳ
2761 2476 2856 2530 καὶ
2886 2477 2986 2546 τὴν
3013 2475 3217 2547 σκηνὴν
3243 2475 3339 2529 τοῦ
3363 2475 3544 2547 Μολὺχ
3571 2475 3854 2532 ἀνέλαϐον.

2276 2569 2814 2640 Σκηνοποιησάμενοι
2848 2569 2958 2640 γὰρ
2991 2568 3227 2640 ἔστησαν
3251 2568 3489 2634 εἴδωλον,
3528 2569 3623 2623 καὶ
3653 2570 3856 2640 κεκλή-

2276 2678 2403 2716 κασι
2442 2661 2600 2716 τοῦτο
2645 2662 2848 2733 Μολὸχ,
2891 2663 3009 2734 ἦτοι
3053 2663 3282 2734 Μολχὸμ
3324 2661 3567 2730 (εἴδωλον
3597 2663 3655 2716 δέ
3695 2663 3859 2718 τοῦτο

2273 2752 2628 2824 Μωαϐιτῶν),
2665 2753 2814 2807 λίθον
2857 2753 2979 2825 ἔχον
3031 2754 3267 2825 διαφανῆ
3307 2754 3402 2808 καὶ
3441 2754 3718 2826 ἐξαίρετον
3759 2756 3857 2807 ἐπὶ

2277 2841 2552 2915 μετώποις
2579 2843 2792 2916 ἄκροις,
2825 2845 2906 2908 είς
2951 2845 3262 2917 Ἑωσφόρου
3312 2845 3499 2900 τύπον.
3527 2846 3638 2901 Καὶ
3676 2848 3858 2918 ἑρμη-

2273 2931 2487 2986 νεύεται
2519 2933 2618 3002 μὲν
2642 2934 2702 2986 τὸ
2727 2933 2908 3004 Μολὸχ
2930 2933 3234 3000 ,βασιλεὺς
3259 2933 3460 2988 αὐτῶν
3478 2951 3492 2965 ο
3519 2935 3858 2989 ἐκδεδώκασι

2273 3025 2380 3097 γὰρ
2413 3025 2587 3089 οὕτως
2643 3025 2898 3090 Ἀκύλας,
2947 3027 3043 3080 καὶ
3075 3025 3390 3082 Θεοδοτίων.
3445 3025 3756 3097 Ἑωσφόρου
3785 3045 3855 3095 γε

2278 3117 2385 3187 μὴν
2429 3116 2735 3186 ὲκτύπωμα
2784 3117 2845 3170 τὸ
2883 3117 3379 3188 τεχνουργούμενον
3412 3113 3502 3189 ἦν.
3539 3119 3859 3174 Ἀνελάϐετο

2271 3208 2449 3262 τοίνυν
2479 3207 2576 3278 τὴν
2607 3207 2810 3279 σκηνὴν
2856 3208 2951 3261 τοῦ
2998 3209 3212 3279 Μολὸχ,
3240 3209 3507 3276 τουτέστι,
3557 3212 3652 3264 τοῦ
3701 3211 3858 3281 βασι-

2271 3301 2407 3364 λέως
2433 3301 2606 3373 ὑμῶν.
2623 3303 2731 3356 Καὶ
2757 3306 2906 3366 ποῖος
2935 3298 3002 3373 ἦν
3028 3299 3181 3367 οὗτος
3203 3306 3231 3357 6
3259 3303 3538 3372 βασιλεύς;
3559 3306 3630 3358 Τὸ
3655 3305 3858 3376 ἄστρον

2270 3393 2363 3446 τοῦ
2395 3393 2528 3447 Θεοῦ
2556 3393 2732 3464 ὑμῶν.
2765 3394 2991 3464 Ῥαιφὰν
3023 3395 3079 3448 δέ
3111 3397 3471 3467 ἑρμηνεύεται
3499 3399 3853 3466 σκοτισμὸς,

2270 3484 2304 3552 ἢ
2353 3487 2678 3554 τύφνῖωσις.
2723 3487 3100 3554 Προσεκύνουν
3133 3505 3196 3555 γε
3249 3489 3359 3560 μὴν
3389 3490 3483 3542 τὸν
3544 3491 3857 3561 Ἑωσφόρον

2269 3574 2345 3638 ὡς
2377 3576 2772 3646 προανίσχοντα
2800 3578 2898 3647 τῆς
2931 3579 3084 3648 ήλίου
3120 3581 3517 3652 μαρμαρυγῆς,
3549 3583 3644 3635 καὶ
3675 3583 3857 3653 ἀρχὰς

2271 3666 2484 3736 ἡμέρας
2535 3668 2860 3744 εἰσφέροντα
2907 3667 3020 3732 τοῖς
3066 3671 3160 3723 ἐπὶ
3207 3672 3309 3742 τῆς
3343 3672 3467 3741 γῆς.
3529 3672 3689 3726 Ἀλλὰ
3739 3677 3856 3736 τοῖς

2272 3758 2637 3829 προσκυνοῦσι
2671 3760 2862 3828 γέγονε
2887 3761 3140 3830 Ῥαιφὲιν,
3173 3763 3442 3830 τουτέστι,
3471 3765 3776 3834 σκοτισμὸς,
3818 3765 3854 3834 ἢ

2271 3849 2562 3920 τύφλωσις.
2600 3852 2710 3904 Καὶ
2758 3853 2878 3922 ούχὶ
2913 3853 2978 3922 δὴ
3009 3851 3224 3916 πάντως
3265 3854 3340 3917 ὼς
3391 3857 3754 3927 ἐνηργηκότος
3793 3858 3856 3908 ἐν

2271 3941 2452 4005 αὐτοῖς
2477 3941 2570 3996 τοῦ
2603 3942 2806 4014 ἄστρου
2837 3945 2937 4014 τὴν
2967 3943 3258 4012 τύφλωσιν,
3296 3946 3410 3999 ἀλλ’
3441 3947 3524 3999 ὃτι
3558 3945 3854 4016 σκοτισμοῦ

2272 4037 2561 4106 παραίτιον
2586 4035 2770 4100 αὐτοῖς
2808 4036 2868 4090 τὸ
2897 4039 2978 4100 είς
2999 4036 3158 4090 τοῦτο
3183 4038 3378 4107 γέγονε
3410 4038 3596 4103 σέϐας.
3632 4038 3860 4108 Ἐπειδὴ

2270 4128 2348 4193 δέ,
2379 4130 2530 4199 φησὶ,
2564 4131 2664 4199 τήν
2690 4129 2999 4183 Μωαϐιτῶν
3039 4129 3258 4200 καὶτῆς
3287 4130 3528 4198 γείτονος
3555 4130 3856 4197 Δαμασκοῦ

2273 4220 2471 4291 μανίαν
2514 4220 2853 4292 ἐζηλώσατε,
2897 4221 3154 4292 ταύτῃτοι
3201 4222 3296 4274 καὶ
3328 4221 3688 4292 ἀποιχήσεσθε
3746 4223 3855 4275 Aa.-

2273 4311 2486 4382 μασκοῦ
2516 4329 2574 4364 τε
2595 4312 2872 4373 ἐπέκεινα,
2902 4313 2998 4364 καὶ
3028 4313 3134 4364 τῶν
3169 4311 3423 4379 ἀποτέρω
3451 4310 3719 4380 κειμένων
3748 4310 3852 4372 ἔτι,

2271 4405 2414 4473 φημὶ
2445 4404 2508 4475 δὴ
2529 4403 2906 4456 Βαϐυλωνίων.
2938 4404 3002 4456 Ἦ
3031 4403 3128 4470 μὲν
3153 4402 3264 4470 γὰρ
3296 4401 3506 4458 ἕκδοσις
3526 4399 3634 4453 τῶν
3668 4401 3855 4453 Ἑϐδο-

2282 4497 2576 4567 μήκοντα,ι
2603 4496 2859 4549 ἐπέκεινα
2883 4493 3226 4564 Δαμασκοῦ,»
3247 4494 3431 4564 φησίν·
3454 4495 3482 4546 6
3511 4493 3567 4546 δέ
3603 4509 3667 4561 γε
3717 4493 3857 4545 Στέ-

597 4579 814 4658 φανος,ι
853 4566 1110 4622 ἐπέκεινα
1134 4569 1508 4640 Βαϐυλῶνος,›
1540 4572 1667 4647 ἔφη.
1693 4577 1759 4629 Τί
1792 4573 1887 4633 οὖν
1944 4581 2083 4652 πρὸς
2109 4583 2269 4638 τοῦτο
2304 4566 2576 4658 ἐροῦμεν;
2607 4587 2765 4640 Κατὰ
2810 4585 2907 4656 τὴν
2959 4585 3228 4655 Ἑϐραίων
3265 4585 3474 4639 ἔκδοσιν
3512 4587 3540 4635 6
3582 4582 3857 4653 μακάριος

596 4655 699 4752 ἔφη
721 4657 1009 4752 Στέφανος,
1040 4665 1201 4716 Δοκεῖ
1225 4666 1333 4736 γὰρ
1363 4665 1537 4732 οὕτως
1569 4670 1798 4736 ἐκείνοις
1834 4675 1897 4727 τὸ
1936 4678 2226 4733 «ἐπέκεινα
2263 4655 2587 4750 Δαμασκοῦ»
2623 4682 2939 4752 ὠνομᾶσθαι
2985 4680 3084 4752 τὴν
3133 4680 3514 4733 Βαϐυλωνίων.
3579 4679 3856 4748 Παρατει-

595 4747 794 4846 “3"”
827 4749 936 4846 γίὲρ
967 4751 1095 4817 ἴσως
1129 4759 1226 4846 τῆς
1258 4759 1643 4832 Δαμασκηνῆς,
1714 4765 1833 4834 ἦτοι
1877 4767 2066 4838 Σύρων
2149 4747 2427 4841 βασιλείας
2505 4773 2667 4846 μέχρι
2719 4747 3009 4844 τερμάτων
3040 4747 3158 4826 -τῶν
3201 4772 3338 4842 πρὸς
3389 4772 3469 4841 ήῶ
3507 4772 3600 4824 καὶ
3646 4747 3851 4823 ἆκτίνα

594 4835 838 4904 πόλεων,
867 4839 1066 4913 ὅμορος
1107 4845 1270 4910 εὐθὺς
1303 4849 1336 4918 ή
1373 4850 1730 4908 Βαϐυλωνίων
1773 4855 1926 4926 χώρα
1959 4835 2029 4914 -τε
2077 4835 2172 4918 καλ
2209 4862 2304 4933 γῆ.

1239 4982 1390 5037 CAP.
1435 4986 1524 5041 Vl.

665 5089 829 5147 Vens.
865 5094 916 5150 l.
979 5093 1067 5149 Va:
1095 5098 1456 5164 spernentibus
1503 5102 1653 5170 Sion,
1692 5116 1740 5160 et
1787 5110 2169 5178 conlidentibus

593 5184 651 5239 in
688 5197 913 5241 montem
943 5187 1218 5243 Samariw.

664 5298 824 5370 311
847 5297 980 5352 LVI.
1017 5298 1182 5355 Deﬂet
1208 5318 1423 5358 rursum
1453 5320 1556 5360 non
1578 5261 1942 5374 Ephraimitas
1969 5314 2167 5381 solum,

2872 4998 3122 5052 ΚΕΦΑΛ.
3162 5000 3251 5064 ς’.

2347 5111 2491 5164 Οὐαὶ
2524 5111 2646 5177 τοῖς
2683 5111 3077 5176 ὲξουθενοῦσι
3121 5109 3310 5178 Σιὼν,
3343 5109 3443 5163 καὶ
3485 5107 3610 5176 τοῖς
3648 5122 3860 5163 πεποι-

2273 5203 2447 5258 θόσιν
2471 5204 2568 5258 ἐπὶ
2598 5204 2666 5257 τὸ
2691 5204 2828 5271 ὄρος
2858 5205 3209 5273 Σαμαρείας.

2343 5314 2486 5382 NCT.
2516 5315 2804 5380 Ταλανίζει
2849 5316 3011 5370 πάλιν
3045 5319 3073 5371 6
3117 5317 3276 5387 λόγος
3320 5318 3441 5388 οὐχὶ
3490 5319 3685 5388 μόνους
3724 5318 3860 5381 τοὺς

594 5367 709 5444 sive
749 5391 918 5445 tribus
968 5389 1022 5445 in
1060 5390 1328 5459 Samaria,
1375 5396 1470 5448 sed
1508 5367 1670 5450 etiam
1717 5400 1910 5454 tribum
1942 5367 2172 5460 Judaei

2276 5405 2335 5473 ἐξ
2373 5367 2784 5479 ’έφραῖμζητῖη
2817 5367 3004 5472 τάξει
3041 5367 3343 5482 saga,
3357 5367 3553 5480 alii};
3572 5367 3720 5462 si.
3742 5367 3862 5479 έὰρ

595 5479 896 5551 Benjamin.
933 5482 1308 5540 Dcmonstrato
1335 5487 1478 5542 enim
1517 5504 1609 5544 eos
1643 5489 1895 5549 habuisse
1925 5499 2166 5549 anlnnnn

2276 5498 2370 5552 καὶ
2400 5501 2525 5562 τοὺς
2556 5499 2614 5566 ἐξ
2650 5499 2815 5554 Ἰούδα
2850 5500 2943 5570 καὶ
2987 5500 3266 5572 Βενιαμίνο
3318 5498 3727 5572 Προαποδείξας
3768 5499 3860 5552 ὅτι

597 5573 906 5645 languidum
967 5587 1025 5633 et
1084 5592 1298 5649 semper
1363 5577 1742 5652 fluctuantem,
1805 5596 1859 5641 et
1935 5586 2172 5657 majores

2276 5590 2474 5666 σαθρὸν
2498 5592 2766 5665 ἐσχήκασι
2815 5591 2907 5645 καὶ
2937 5591 3328 5664 σεσαλευμένον
3355 5591 3440 5646 ἀεὶ
3467 5590 3559 5644 τὸν
3586 5588 3732 5654 νοῦν,
3758 5588 3872 5644 καὶ

665 5755 715 5788 ⁷³
746 5757 867 5811 Act.
895 5773 971 5826 vr,
1008 5760 1094 5814 ll.
1199 5761 1362 5818 ‘Act.
1392 5777 1484 5828 vn,
1521 5763 1704 5818 58-65.
