4140 6370
307 250 417 307 ξιτ

1268 251 1819 309 COMMENTARIUS
1856 252 1925 308 ΙΝ
1965 254 2156 311 AMOS
2193 254 2643 313 PROPUETAM.

3477 262 3583 319 διε

306 372 389 427 ὁτι
434 372 484 425 οί
531 372 637 442 πρὸ
684 372 866 425 αὐτῶν
913 374 1199 444 γεγονότες
1243 379 1749 448 μεμοσχοποιήκασι
1805 377 1884 431 κα¹

2004 392 2189 434 eorum
2215 380 2414 437 vitulos
2446 381 2764 446 fabricasse,
2801 392 2855 437 et
2894 392 3143 453 portasse
3177 385 3579 443 tabernaculum

306 463 633 519 ἀνελάϐοντο
652 464 752 535 τὴν
788 466 993 537 σκηνὴν
1021 465 1114 520 τοῦ
1144 467 1348 538 Μολὸχ,
1390 468 1682 538 ἀπελέγχει
1710 468 1897 523 λοιπὸν

305 559 388 613 ὅτι
438 558 824 628 πατριάζουσι,
880 560 975 613 καὶ⁸
1021 561 1354 631 προγονικῆς
1407 560 1731 624 δυσσεϐείας
1775 560 1896 614 κατ’

309 649 330 702 ῐ
342 667 466 721 χνος
493 650 681 715 ἰόντες,
718 651 1128 723 παραθήγουσιν
1167 652 1253 722 ἐφ’
1280 653 1475 715 αὐτοὺς
1503 652 1593 704 τὸν
1616 652 1724 704 τῶν
1757 653 1896 706 ὅλων

304 742 605 812 Δεσπότην.
653 743 985 809 Ἐξουθενεῖν
1036 743 1093 797 δέ
1149 761 1281 814 φησι
1330 743 1427 814 τὴν
1477 742 1615 797 Σιὼν
1660 744 1788 808 τοὺς
1832 744 1896 809 ἐξ

316 833 487 887 Ἰούδα
540 835 636 887 καὶ
678 834 955 904 Βενιαμίν.
1001 836 1511 906 Ἀπομεμενηκότες
1550 835 1659 906 γάρ
1699 838 1758 889 ὲν
1803 836 1895 889 Ἱε-

308 923 644 996 ροσολύμοις,
677 925 772 977 καὶ
812 926 904 977 τὸν
945 926 1088 978 θεῖον
1135 926 1350 995 ἔχοντες
1393 926 1541 993 ναὸν,
1572 928 1700 999 παρ’
1740 928 1894 983 οὐδὲν

304 1016 631 1085 πεποίηνται
661 1016 759 1085 τὴν
784 1018 863 1079 εἰς
895 1017 1027 1069 Θεὸν
1056 1017 1189 1070 αίδὼ
1244 1019 1341 1071 καί¹
1368 1019 1669 1089 ἀγάπησιν,
1704 1020 1820 1073 ἀλλ’

303 1127 436 1180 φησι
475 1110 536 1162 τὸ
576 1110 813 1180 Γράμμα
860 1110 918 1163 τὸ
953 1110 1116 1180 ἱερὸν,
1147 1130 1163 1161 ι
1218 1110 1484 1181 Ἐθυμίων
1531 1113 1590 1163 ἐν
1619 1115 1731 1174 τοῖς
1760 1112 1894 1182 ὑψη-

303 1200 413 1264 λοῖς
446 1200 703 1253 ὑποκάτω
731 1201 911 1271 δρυὸς,
944 1202 1035 1254 καὶ
1056 1201 1275 1271 λεύκης,
1303 1203 1397 1256 καὶ
1419 1203 1639 1273 δένδρου
1667 1205 1892 1257 συσκιά-

304 1293 505 1356 ζοντος.
542 1312 560 1343 ι
608 1292 927 1363 Ἐλάτρευον
956 1293 1011 1345 δὲ
1037 1294 1129 1346 καὶ
1156 1296 1222 1363 τῇ
1257 1296 1485 1364 στρατιᾷ
1518 1293 1612 1347 τοῦ
1635 1296 1886 1366 οὐρανοῦ.

302 1385 414 1438 Καὶ
441 1384 570 1452 γοῦν
600 1384 704 1455 ἔφη
738 1385 872 1453 πρὸς
914 1384 1184 1456 Ἱερεμίαν
1222 1387 1283 1438 ού
1318 1386 1553 1457 μετρίως
1591 1386 1891 1457 λελυπημέ-

302 1494 390 1539 νος
426 1478 453 1529 ὁ
484 1476 589 1528 τῶν
621 1476 757 1528 ὅλων
803 1474 952 1539 Θεὸςο
991 1495 1008 1526 ι
1051 1477 1161 1529 Καὶ
1191 1477 1256 1530 σὺ
1309 1477 1382 1547 μὴ
1426 1478 1729 1548 προσεύχου
1762 1479 1889 1550 περὶ

302 1568 395 1621 τοῦ
423 1567 555 1620 λαοῦ
579 1567 786 1631 τούτου,
820 1567 914 1619 καὶ
940 1566 1015 1638 μὴ
1043 1565 1194 1631 ἀξίου
1225 1567 1319 1619 τοῦ
1352 1567 1640 1640 ἐλεηθῆναι
1668 1570 1884 1635 αὐτοὺς,

302 1661 395 1713 καὶ⁵
445 1661 519 1731 μὴ
569 1659 872 1731 προσέλθῃς
913 1677 1001 1732 μοι
1049 1661 1178 1732 περὶ
1225 1661 1404 1715 αὐτῶν
1451 1661 1510 1715 ὲν
1556 1663 1737 1733 δεήσει
1794 1664 1887 1717 καὶ

2000 467 2234 533 Moloch,
2275 470 2626 539 reprehendit
2654 486 2797 526 nunc
2838 481 2897 526 ut
2925 474 3276 542 patrizantes,
3316 484 3369 528 et
3409 476 3580 546 majo-

2000 573 2117 612 rum
2183 561 2422 628 vestigiis
2474 561 2825 626 insistentes,
2875 573 3039 632 atque
3087 564 3159 618 ita
3201 566 3577 622 universorum

1997 650 2282 705 Dominum
2312 652 2366 706 in
2398 654 2605 724 seipsos
2638 655 2936 711 irritantes.
2980 654 3253 726 Spernere
3277 668 3454 712 autem
3483 674 3579 714 eos

1998 744 2128 798 Sion
2151 745 2283 798 dicit
2308 747 2399 814 qui
2438 756 2564 800 sunt
2596 748 2661 799 de
2687 745 2842 810 Juda,
2868 757 2922 803 et
2942 746 3241 815 Beniamin.
3275 747 3412 802 Cum
3432 749 3575 803 enim

1996 848 2379 907 permanerent
2406 839 2456 891 in
2493 838 2816 906 Jerusalem,
2845 848 2898 894 et
2927 841 3163 894 divinum
3202 841 3455 911 templum
3493 853 3575 895 te-

1997 939 2224 995 nerent,
2280 931 2642 984 reverentiam
2698 939 2753 985 et
2812 930 3154 986 dilectionem
3215 948 3342 999 erga
3408 931 3576 986 Deum

1995 1015 2460 1087 floccipenderunt
2496 1037 2508 1072 :
2540 1029 2622 1081 et,
2666 1030 2723 1073 ut
2755 1021 2883 1074 dicit
2909 1035 3060 1075 sacra
3086 1020 3383 1090 Scriptura,
3418 1039 3436 1071 ι
3472 1020 3575 1074 Sa-

1993 1108 2309 1163 crificabant
2344 1111 2393 1163 in
2436 1110 2666 1166 excelsis
2700 1112 2803 1166 sub
2840 1126 3067 1181 quercu,
3102 1123 3157 1166 et
3192 1112 3386 1180 pepqu
3428 1112 3571 1181 alba,

1994 1211 2050 1255 et
2073 1203 2265 1257 arbore
2294 1206 2568 1257 umbrosa.
2600 1223 2620 1256 ι
2651 1206 2968 1259 Serviebant
2996 1207 3157 1259 etiam
3193 1206 3397 1260 militia:
3424 1207 3570 1261 caeli.

1991 1294 2257 1361 Quocirca
2287 1296 2353 1349 ad
2377 1293 2669 1349 Jeremiam
2697 1296 2996 1365 impensius
3022 1297 3208 1351 dolens
3237 1297 3362 1351 dicit
3390 1296 3572 1351 Domi-

1991 1398 2093 1437 nus
2122 1385 2495 1438 universorum
2522 1404 2534 1439 :
2572 1404 2589 1436 ε
2608 1385 2671 1441 Ει
2697 1397 2773 1451 ιιι,
2806 1387 2912 1441 noli
2943 1402 3100 1441 orare
3122 1403 3219 1458 pro
3242 1387 3438 1457 populo
3466 1388 3570 1443 isto

1990 1473 2211 1544 indigno
2242 1475 2637 1541 misericordia,
2666 1487 2717 1532 et
2753 1492 2818 1532 ne
2848 1478 3077 1533 accedas
3105 1480 3170 1530 ad
3211 1494 3296 1532 me
3330 1493 3429 1543 pro
3458 1479 3567 1531 illis

1991 1563 2042 1617 in
2088 1568 2497 1633 obsecratione,
2553 1576 2609 1621 et
2653 1566 2919 1630 oratione,
2958 1565 3085 1636 quia
3134 1581 3239 1619 non
3283 1565 3568 1619 exaudiam

1991 1668 2043 1713 te
2063 1659 2130 1711 ⁷⁸.
2174 1678 2195 1711 ι
2239 1658 2362 1715 Mox
2393 1658 2695 1714 aversionis
2711 1672 2930 1713 causam
2964 1658 3261 1726 adjungens
3294 1657 3408 1710 ait:
3438 1673 3456 1706 ι
3486 1657 3567 1710 An

303 1754 602 1821 προσευχῇ,
638 1752 720 1805 ὅτι
765 1752 865 1805 οὐκ
911 1752 1326 1822 εἰσακούσομαι.
1382 1772 1400 1803 ι
1436 1748 1571 1806 Εἶτα
1601 1754 1700 1823 τῆς
1749 1754 1882 1806 ἀπο-

1992 1765 2097 1806 ιιοιι
2136 1752 2291 1806 vides
2319 1752 2446 1819 quid
2476 1751 2677 1805 faciant
2708 1751 2795 1805 isti
2827 1751 2880 1805 in
2911 1749 3224 1805 civitatibus
3247 1747 3406 1812 Juda,
3434 1749 3567 1807 etin

302 1842 541 1911 στροφῆς
565 1841 662 1912 τὴν
704 1843 883 1895 αἰτίαν
930 1842 1180 1913 ἐπιφέρει
1224 1842 1431 1910 λέγων’
1469 1861 1486 1894 t
1526 1844 1595 1896 Ἢ
1619 1844 1716 1913 οὺχ
1749 1846 1884 1915 ὁρᾷς

302 1932 331 1984 ὂ
352 1948 406 1984 τι
431 1931 678 1987 ποιοῦσιν
703 1927 847 1986 οὗτοι
869 1934 926 1985 ὲν
954 1932 1172 1986 πόλεσιν
1203 1934 1395 1995 Ἰούδα,
1415 1935 1510 1987 καὶ
1527 1936 1584 1986 ὲν
1607 1937 1725 1998 ταῖς
1745 1936 1885 2000 ὁδοῖς

313 2021 704 2093 Ίερουσαλήμ;
753 2024 817 2076 Οί
864 2023 970 2076 υίοὶ
1021 2023 1203 2077 αὐτῶν
1242 2024 1562 2092 συλλέγουσι
1602 2024 1756 2091 ξύλα,
1789 2027 1885 2080 καὶ¹

300 2116 348 2167 οί
378 2113 615 2183 πατέρες
648 2114 827 2167 αὐτῶν
856 2114 1070 2168 καίουσι
1107 2114 1240 2185 πῦρ,
1284 2116 1379 2168 καὶ
1414 2117 1470 2169 αἱ
1502 2120 1758 2185 γυναῖκες
1786 2118 1879 2170 αύ-

301 2205 405 2258 τῶν
424 2205 666 2277 τρίϐουσι
701 2209 851 2269 σταῖς
875 2206 967 2259 τοῦ
1000 2207 1221 2277 ποιῆσαι
1250 2206 1490 2277 χελῶνας
1514 2207 1678 2279 [LXX
1700 2208 1882 2278 χαυῶ-

301 2297 419 2369 νας]
469 2300 536 2367 τῇ
587 2298 812 2368 στρατιᾷ
850 2298 943 2351 τοῦ
987 2297 1235 2369 ούρανοῦ.
1278 2299 1389 2352 Καὶ
1434 2299 1696 2353 ἔσπεισαν
1729 2318 1883 2355 σπον-

300 2388 393 2449 δὰς
422 2387 564 2450 θεοῖς
612 2387 933 2458 ἀλλοτρίοις,
964 2389 1052 2441 ἵνα
1096 2389 1473 2461 παροργίσωσί
1507 2408 1594 2460 με.
1640 2410 1658 2442 ι
1699 2391 1883 2456 Έξου-

300 2477 568 2533 δενὼκασι
610 2478 674 2550 δὴ
702 2475 794 2533 οὖν
836 2480 936 2550 τὴν
966 2479 1104 2533 Σιὼν
1142 2482 1193 2533 oi
1223 2483 1278 2532 ἐν
1322 2482 1733 2552 Ἱεροσολύμοις.
1763 2484 1884 2535 Τοι-

300 2574 495 2643 γάρτοι
534 2572 855 2643 πρεπόντως
890 2574 1191 2643 ὲπενήνοχα
1221 2576 1432 2635 τούτοις
1466 2573 1545 2636 τὸ,
1583 2574 1738 2626 υύαί.

384 2664 668 2734 ’Ἁρμόσειε
696 2662 741 2715 δ’
769 2662 834 2716 ἂν
860 2664 894 2733 ἡ
925 2662 1101 2715 τοιάδε
1131 2662 1281 2734 φωνὴ
1309 2664 1402 2715 καὶ
1425 2666 1537 2727 τοῖς
1567 2664 1882 2717 πεποτθὸσῑν

302 2756 393 2808 ἐπὶ
424 2757 483 2809 τὸ
510 2756 636 2826 ὄρος
674 2754 1002 2826 Σαμαρείας,
1046 2753 1316 2815 τουτέστι,
1357 2756 1467 2817 τοῖς
1502 2755 1882 2825 κατῳκηκόσιν

302 2846 360 2899 ἐν
383 2846 688 2917 Σαμαρείᾳ,
711 2846 803 2897 καὶ
829 2842 1142 2899 πεποιθόσιν
1173 2845 1255 2913 ἐφ’
1294 2844 1523 2907 ἑαυτοῖς.
1565 2846 1753 2915 ’ῼοντο
1774 2843 1882 2915 γὰρ

303 2936 385 2988 ὅτι
418 2937 511 2987 καὶ
544 2935 667 3005 δίχα
717 2933 854 2987 Θεοῦ
897 2933 1243 3003 περιέσονται
1284 2931 1391 2985 τῶν
1442 2931 1672 3003 ἐχθρῶν,
1704 2932 1798 2985 καὶ
1824 2935 1882 2985 ἐν

306 3025 455 3090 καλῷ
487 3026 759 3078 κείσονται
790 3024 890 3093 τῆς
927 3023 1249 3093 εὐημερίας.
1279 3022 1375 3075 καὶ
1406 3025 1513 3076 πᾶν
1556 3023 1735 3076 ὁτιοῦν
1772 3023 1882 3077 τῶν

1990 1843 2089 1897 viis
2107 1841 2589 1899 IerusalemiFilii
2612 1858 2801 1898 eorum
2833 1841 3270 1912 colliguntligna,
3301 1850 3355 1896 et
3386 1847 3567 1911 patres

1986 1949 2173 1991 eorum
2205 1938 2543 1992 succendunt
2577 1938 2776 2004 ignem,
2822 1946 2877 1992 et
2915 1936 3170 1992 mulieres
3191 1950 3379 1990 eorum
3417 1949 3567 1988 com-

1988 2027 2218 2082 miscent
2259 2029 2643 2099 similaginem,
2674 2039 2727 2082 ut
2781 2028 2985 2083 faciant
3027 2028 3304 2098 placentas
3360 2026 3567 2080 militia:

1985 2120 2129 2175 caeli.
2160 2122 2222 2174 Et
2257 2122 2559 2176 libaverant
2602 2121 2856 2176 libamina
2890 2120 2996 2175 diis
3032 2121 3246 2183 alienis,
3271 2128 3329 2173 ut
3357 2119 3423 2171 ad
3451 2118 3564 2171 ira-

1985 2215 2235 2267 cundiam
2281 2226 2642 2282 provocarent
2682 2230 2768 2268 me
2802 2214 2869 2266 7°.
2922 2233 2941 2266 ι
3006 2212 3340 2283 Sprevernnt
3400 2212 3565 2282 igitur

1986 2304 2116 2360 Sion
2185 2305 2634 2377 Ilierosolymitze.
2690 2306 2921 2362 Proinde
2967 2306 3350 2361 convenienter
3406 2305 3561 2359 intuli

1985 2397 2113 2460 illis,
2136 2395 2247 2451 Vae.

2053 2660 2601 2728 Quadmveritairtem
2631 2662 2743 2717 haec
2770 2676 2870 2718 vox
2899 2661 3060 2716 etiam
3090 2660 3482 2716 conlidentibus
3506 2660 3560 2715 in

1989 2766 2228 2807 montem
2256 2752 2536 2817 Samarizu,
2569 2754 2673 2809 hoc
2692 2765 2795 2819 est,
2814 2754 3183 2809 habitantibus
3210 2754 3261 2806 in
3289 2752 3558 2814 Samaria,

1982 2854 2037 2899 et
2068 2846 2120 2899 in
2154 2860 2219 2899 ea
2267 2845 2683 2900 conlidentibus.
2719 2845 2987 2899 Putabant
3022 2845 3187 2907 enim,
3223 2843 3384 2897 etiam
3422 2844 3559 2896 citra

1983 2936 2075 2991 Dei
2108 2937 2365 2990 auxilium
2398 2936 2639 2991 hostibus
2669 2952 2729 2991 se
2752 2936 3406 3005 praevalitnros,etsecum
3424 2934 3560 2987 bene

1990 3040 2168 3082 actum
2193 3029 2257 3082 iri
2287 3048 2300 3082 :
2328 3039 2382 3084 et
2404 3029 2663 3098 quidquid
2693 3027 3269 3096 estjucundissimum,
3291 3026 3420 3095 ipsis
3445 3025 3561 3080 fore

306 3118 537 3187 ἡδίστων
565 3117 749 3180 αὐτοῖς
787 3116 1043 3187 ἀδόνητον
1072 3114 1182 3179 ἕξει
1223 3115 1323 3184 τὴν
1351 3114 1535 3186 ἕδραν.
1566 3114 1770 3186 Πικρὸν
1795 3110 1884 3169 οὖν

1994 3096 2721 3173 stabilissimnm.Acerbum
2766 3116 2964 3186 igitur,
3007 3125 3061 3170 et
3099 3114 3557 3179 abominandum,

306 3210 414 3282 ἄρα
446 3212 540 3263 καὶ
572 3209 843 3262 ἀπευκτὸν
886 3207 947 3260 τὸ
990 3206 1311 3269 δυσϐουλίας
1349 3208 1427 3270 είς
1474 3205 1632 3259 τοῦτο
1674 3206 1889 3259 κατολι-

310 3301 477 3366 σθεῖν,
507 3300 582 3365 ὡς
630 3300 698 3352 δι’
743 3298 956 3359 οὐδενὸς
992 3298 1091 3368 μὲν
1134 3297 1403 3350 ποιεῖσθαι
1445 3297 1649 3368 τολμᾷν
1679 3296 1776 3368 τὴν
1806 3300 1889 3362 εἰς

306 3394 438 3447 Θεὸν
472 3393 769 3462 ἀγάπησιν,
810 3390 1164 3461 προσκεῖσθαι
1204 3392 1315 3451 τοῖς
1346 3387 1589 3450 ἀτόποις,
1635 3389 1728 3441 καὶ
1753 3388 1889 3459 δρᾷν

306 3485 344 3540 ἃ.
369 3484 443 3556 μὴ
481 3485 658 3554 θέμις,
704 3482 798 3535 καὶ
849 3481 1177 3534 καταλυπεῖν
1219 3480 1401 3544 αὑτὸν,
1449 3479 1657 3532 οἴεσθαι
1692 3480 1770 3543 δὲ,
1803 3481 1885 3533 ὅτι

309 3577 384 3647 μὴ
426 3574 587 3629 αὑτοῦ
635 3574 864 3635 διδόντος
894 3572 1047 3624 ἔσται
1090 3588 1142 3623 τι
1190 3570 1297 3623 τῶν
1344 3570 1564 3638 ἀγαθῶν
1605 3572 1689 3640 ἐφ’
1730 3572 1882 3640 ἡμῖν.

312 3687 328 3716 ι
363 3668 519 3720 Πᾶσα
548 3667 657 3737 γὰρ
694 3664 840 3725 δόσις
886 3661 1086 3733 ἀγαθὴ,
1121 3661 1216 3714 καὶ
1248 3662 1356 3714 πᾶν
1395 3659 1627 3731 δώρημα
1657 3660 1883 3727 τέλειον,

306 3759 510 3810 ἄνωθέν
553 3758 687 3819 ἐστι,
717 3753 1044 3808 καταϐαῖνον
1072 3752 1224 3822 παρά
1263 3749 1356 3803 τοῦ
1388 3750 1603 3821 Πατρὸς
1634 3750 1744 3804 τῶν
1770 3750 1885 3819 φώ-

305 3867 434 3903 των.
475 3868 493 3900 ι
529 3847 689 3917 Αὐτῷ
708 3846 771 3917 δὴ
805 3841 896 3899 οῦν
929 3845 1036 3914 ἄρα
1067 3840 1422 3916 προσκεῖσθαι
1448 3841 1632 3905 καλὸν,
1660 3845 1751 3896 καὶ
1783 3844 1882 3896 αύ-

302 3943 393 3995 τὸν
448 3941 641 3993 ἐλπίδα
678 3939 946 3993 ποιεῖσθαι
1008 3936 1101 3989 καὶ
1141 3934 1377 4006 ἀρωγόν.
1426 3934 1788 4000 Ἐξουδενοῦσι
1826 3938 1883 3990 δὲ

302 4038 401 4109 τὴν
429 4036 588 4099 Σιὼν,
619 4036 889 4097 τουτέστι,
910 4034 1009 4104 τὴν
1051 4032 1399 4101 Ἐκκλησίαν,
1433 4030 1527 4084 καὶ
1563 4031 1613 4083 οί
1648 4028 1747 4099 τῆς
1788 4029 1883 4081 ἁν-

303 4130 465 4182 οσίων
495 4128 780 4198 δογμάτων
812 4125 1228 4197 προεστηκότες,
1256 4125 1351 4177 καὶ
1384 4123 1475 4175 ἐπί
1500 4138 1563 4187 γε
1588 4125 1705 4185 ταῖς
1730 4121 1881 4190 σφῶν

303 4223 485 4277 αὐτῶν
507 4220 857 4290 εὑγλωττίαις
877 4217 1363 4288 ὲπιθαρσήσαντες,
1381 4216 1477 4269 καὶ
1498 4214 1639 4286 μέγα
1662 4215 1880 4284 φρονεῖν

302 4313 555 4375 εἰωθότες
595 4312 687 4364 ἐπὶ
714 4313 827 4373 τοῖς
866 4308 974 4361 τῶν
1006 4307 1237 4361 ἀνοσίων
1294 4303 1568 4376 λογισμῶν
1604 4304 1880 4373 εὑρήμασι

302 4407 398 4458 καὶ
426 4403 616 4471 σοφίας
647 4403 934 4471 κοσμικῆς.
961 4398 1171 4470 Πρέποι
1198 4397 1241 4451 δ’
1264 4396 1329 4450 ἂν
1360 4397 1544 4460 αὐτοῖς
1564 4395 1657 4449 καὶ
1682 4393 1788 4465 πρό
1811 4409 1875 4461 γε

301 4498 410 4550 τῶν
442 4496 615 4551 ἄλλων
647 4494 706 4547 τὸ
726 4492 880 4547 Οὐαί.

384 4588 836 4655 Ἀπετρύγησαν
860 4582 1046 4652 ἀρχὰς
1080 4581 1290 4645 ἐθνῶν,
1320 4581 1418 4635 καὶ
1447 4578 1737 4647 εἰσῆλθον
1767 4581 1876 4633 αὺ-

302 4682 413 4735 τοΙ.
474 4676 649 4744 Οἶκος
698 4676 804 4731 τοῦ
858 4674 1128 4743 Ἰσραὴλ,
1188 4672 1427 4738 διάϐητε
1474 4671 1716 4736 πάντες,
1776 4671 1876 4724 καὶ

302 4773 481 4833 ῖδετε,
508 4770 603 4823 καί
633 4768 893 4822 διέλθετε
930 4765 1157 4819 ἐκεῖθεν
1181 4767 1270 4829 είς
1309 4761 1496 4829 Αίμὰθ
1537 4761 1735 4822 Ῥαϐὰ,
1778 4760 1878 4813 καί

302 4863 591 4929 κατάϐητε
637 4859 865 4914 ἐκεῖθεν
891 4861 976 4923 εις
1009 4860 1057 4910 Γ
1059 4856 1126 4910 ὲθ
1164 4856 1549 4923 ἀλλοφύλων,
1588 4852 1695 4916 τὰς
1737 4867 1879 4917 κρα-

302 4960 510 5021 τίστας
562 4954 630 5007 ἐκ
672 4952 791 5006 τῶν·
841 4948 1175 5016 βασιλειῶν
1214 4948 1467 5008 τούτων,
1521 4946 1572 4998 εὶ
1622 4944 1877 4996 πλείω-ά

300 5050 471 5102 ἐστιν
496 5046 564 5099 τὰ
594 5045 724 5113 ὅρια
750 5043 947 5097 αὐτῶν
978 5041 1095 5095 τῶν
1127 5041 1304 5107 ὁρίων
1334 5035 1518 5106 ὑμῶν.

373 5142 496 5194 NZ'.
547 5138 899 5209 Ἀχαρίστους
944 5136 1102 5198 ὄντας
1142 5131 1452 5199 ἀποφαίνει,
1485 5130 1578 5183 καὶ
1618 5129 1716 5199 τῆς
1745 5130 1875 5200 παρ’

301 5231 466 5285 αὑτοῦ
514 5229 925 5301 μεγαλοδωρεᾶς
954 5226 1289 5296 ἀμνημονεῖν
1332 5221 1663 5292 ᾑρημένους,
1701 5220 1879 5273 καίτοι

302 5324 416 5377 δέον
448 5322 533 5375 ἀεί
580 5338 640 5374 τε
670 5322 762 5374 καὶ
791 5319 1051 5388 πλείστην
1081 5317 1212 5387 ὅσην
1241 5314 1521 5383 ὁμολογεῖν
1552 5314 1650 5381 τὴν
1693 5311 1877 5382 χάριν,

302 5416 394 5469 καὶ
450 5412 835 5484 χαριστηρίους
898 5409 1158 5463 ἀνάπτειν
1213 5404 1393 5475 ᾠδὰς,
1449 5405 1531 5457 ὅτι
1590 5401 1665 5474 μὴ
1719 5402 1879 5473 μόνον

304 5504 513 5575 σκληρᾷ
570 5504 662 5557 καὶ
687 5503 944 5572 ἀφορήτῳ
986 5497 1199 5570 δουλείᾳ
1227 5495 1676 5566 κατηχθημένους
1701 5509 1881 5563 παρα-

373 5682 418 5714 ⁷⁵
446 5680 643 5735 Jct'cm.
683 5693 780 5734 vii.
819 5677 903 5730 Ui.
979 5676 1024 5705 ⁷⁸
1054 5673 1211 5732 Ibi.l.,
1246 5671 1426 5726 I7-18.
1504 5672 1546 5701 '”
1576 5668 1691 5724 Jac.
1720 5686 1758 5731 ι,
1790 5669 1873 5723 17.

1992 3208 2097 3262 huc
2119 3207 2267 3276 pravi
2290 3207 2503 3263 consilii
2535 3206 2812 3274 delapsum
2835 3206 2999 3270 esse,‘
3007 3215 3065 3259 ut
3085 3205 3405 3258 cbaritatem
3432 3217 3559 3272 erga

1990 3298 2157 3353 Deum
2188 3299 2338 3352 nihili
2373 3299 2553 3352 facere
2582 3299 2803 3362 audeas,
2841 3297 3063 3350 affixam
3093 3310 3214 3350 esse
3250 3294 3472 3352 illicitis.
3508 3301 3558 3345 et

1987 3400 2205 3460 patrare
2232 3405 2350 3461 quae
2391 3389 2563 3452 nefas,
2588 3397 2645 3444 et
2682 3388 3007 3441 contristare
3040 3386 3209 3450 illum,
3252 3396 3307 3439 et
3348 3396 3557 3453 putare,

1988 3482 2104 3549 ipso
2123 3498 2225 3535 non
2246 3481 2429 3545 dante,
2450 3480 2738 3550 quidquam
2766 3479 2887 3532 boni
2914 3493 3012 3532 nos
3037 3478 3332 3531 habituros.
3359 3475 3560 3530 «Omne

1986 3573 2131 3627 enim
2162 3572 2344 3625 datum
2379 3574 2602 3638 bonum,
2637 3581 2687 3625 et
2723 3550 2881 3623 omne
2910 3570 3107 3623 donum
3143 3565 3441 3636 perfectum
3469 3567 3559 3618 de-

1986 3681 2203 3720 sursum
2243 3679 2345 3732 est,
2375 3667 2711 3721 descendens
2746 3664 2774 3717 a
2810 3664 2966 3717 Patre
2997 3664 3258 3716 luminum
3283 3662 3350 3711 "".
3391 3679 3410 3711 ›
3454 3660 3557 3728 Ipsi

1986 3761 2149 3827 igitur
2179 3760 2458 3815 adhaerere
2502 3760 2700 3813 bonum
2747 3767 2831 3811 est
2860 3757 2926 3822 η,
2973 3758 3024 3810 in
3073 3772 3138 3811 eo
3190 3770 3314 3825 Spes
3358 3756 3554 3819 locare,

1986 3851 2209 3919 ejusque
2227 3848 2485 3904 auxilium
2520 3858 2858 3916 exspectare.
2896 3846 3172 3914 Spernunt
3196 3855 3372 3899 autem
3402 3844 3555 3911 Sion,

1985 3945 2037 3999 id
2069 3955 2173 4009 est,
2198 3944 2515 4005 Ecclesium,
2542 3944 2706 3996 etiam
2724 3943 2817 4010 qui
2844 3941 3003 4009 impia
3037 3941 3287 4010 dogmata
3315 3945 3553 4002 tuentur,

1983 4049 2039 4091 et
2064 4038 2117 4090 in
2147 4036 2393 4091 facundia
2424 4051 2522 4090 sua
2557 4034 2856 4097 confidunt,
2885 4033 3089 4102 quique
3135 4032 3186 4084 in
3238 4029 3558 4099 disputatio-

1985 4144 2111 4182 num
2161 4129 2447 4196 impiarum
2501 4125 2757 4189 inventis,
2793 4136 2847 4178 et
2892 4125 2943 4177 in
2996 4121 3241 4176 saeculari
3289 4120 3555 4189 sapientia

1981 4222 2144 4292 312
2182 4220 2361 4275 eﬂ'erri
2414 4229 2468 4275 et
2506 4216 2727 4290 gloriari
2768 4224 3183 4272 consuevcrunt.
3223 4213 3279 4267 In
3308 4212 3405 4267 hos
3446 4226 3556 4282 pra:

1983 4317 2101 4369 aliis
2137 4312 2228 4368 Va:
2252 4313 2526 4368 convenit.

1907 4497 1953 4551 υ

2053 4575 2213 4630 Vsus.
2259 4574 2315 4628 2.
2366 4572 2768 4627 Vindemiarum
2807 4572 3135 4641 principatus
3188 4569 3457 4640 gentium,
3504 4577 3554 4622 et

1977 4668 2196 4737 ingressi
2232 4678 2349 4719 sunt
2384 4667 2505 4735 ipsi.
2553 4665 2745 4718 Domus
2790 4664 2979 4727 Israel,
3019 4662 3239 4716 transite
3269 4678 3477 4723 omnes,
3503 4670 3553 4713 et

1980 4762 2161 4821 videte,
2198 4770 2245 4813 et
2271 4759 2585 4827 pertransite
2603 4758 2723 4809 inde
2746 4757 2797 4809 in
2828 4755 3050 4808 1Emath
3076 4752 3245 4817 Raba,
3276 4764 3321 4807 et
3340 4754 3553 4806 descent-

1981 4854 2086 4903 dite
2107 4852 2225 4904 inde
2242 4851 2296 4903 in
2319 4847 2448 4902 Cet/1
2468 4848 2901 4916 alienigenarum,
2920 4847 3113 4911 aptium
3131 4846 3193 4898 de
3216 4844 3385 4913 regnis
3414 4844 3547 4907 istis,

1981 4945 2027 4997 si
2059 4943 2233 5012 plures
2264 4954 2383 4996 sunt
2413 4942 2617 4994 termini
2647 4956 2825 4993 eorum
2856 4939 3089 4992 terminis
3136 4938 3319 4991 vestris

2055 5126 2211 5180 LVII.
2267 5125 2508 5195 Ingratos
2554 5138 2673 5178 esse
2724 5123 3122 5191 insigniumque
3169 5118 3549 5173 beneficiorum

1980 5218 2097 5286 ejus
2117 5219 2359 5274 oblivisci
2397 5234 2490 5272 eos
2523 5217 2776 5270 statuisse
2812 5215 3068 5279 ostendit,
3104 5228 3226 5266 cum
3259 5224 3470 5277 semper
3495 5220 3549 5262 et

1980 5309 2137 5379 longe
2172 5298 2405 5363 maxime
2430 5306 2673 5362 conﬁteri
2707 5322 2949 5369 munera,
2977 5316 3027 5357 ct
3059 5302 3353 5371 gratiarum
3382 5299 3548 5351 actin-

1983 5414 2079 5454 nes
2111 5413 2307 5453 canere
2350 5407 2595 5466 Oporteat
2635 5415 2648 5450 :
2686 5397 2901 5465 quando
2950 5409 3054 5445 non
3116 5391 3289 5445 solum
3326 5388 3459 5441 dura
3496 5396 3547 5441 et

1984 5489 2321 5545 intoleranda
2355 5489 2617 5544 servitute
2639 5496 2892 5543 oneratos
2918 5481 3311 5540 admirabiliter
3336 5478 3547 5548 eripuec

1951 5666 1998 5700 "
2032 5664 2174 5721 Psal.
2212 5677 2385 5725 Lxxu,
2414 5662 2507 5717 28.
