4140 6370
301 236 404 290 517

1257 222 1819 281 COMMENTARIUS
1856 221 1924 277 IN
1964 220 2156 277 AMOS
2198 219 2649 279 PROPHETAM.

3474 221 3590 279 5'8

374 348 657 418 Χρήσιμον
697 346 775 409 δέ,
806 346 880 409 ὡς
914 343 1079 405 ἔοικε,
1120 343 1215 395 καὶ
1247 346 1360 406 τοῖς
1396 341 1533 412 μετὰ
1577 342 1676 412 τὴν
1716 340 1899 394 πίστιν

2074 340 2347 397 Prmterea
2385 341 2517 397 utile
2563 341 2747 405 fuerit,
2777 349 2839 396 ttt
2867 348 3110 411 apparet,
3138 348 3195 393 et
3225 339 3293 394 iis
3333 340 3425 410 qui
3466 350 3590 411 post

314 437 583 509 Ἐλλήνων
647 437 838 507 σοφίαν
882 435 1309 506 τεθαυμακόσιν,
1363 434 1437 497 ὡς
1481 433 1738 504 ἀμείνους
1786 432 1897 485 τῶν

305 532 435 600 παρ’
468 531 597 601 ὑμῖν
617 531 716 593 τὰς
749 528 973 581 ἐκείνων
998 525 1253 597 ἡγεῖσθαι
1286 523 1463 588 δόξας,
1492 524 1586 576 καὶ
1619 525 1733 586 τοῖς
1756 524 1896 576 ἀπο-

303 622 549 677 νεύουσιν
580 624 661 686 εἰς
691 622 753 675 τὸ
784 618 1143 693 προσκεῖσθαι
1185 618 1369 688 ζητεῖν
1396 619 1510 679 τοῖς
1536 615 1899 687 παραχαράτο

300 731 455 767 τουσι
498 714 598 785 τὴν
628 713 912 782 ἀλήθειαν,
963 714 1057 766 καὶ
1091 712 1196 766 τῶν
1240 711 1575 781 Ἐκκλησιῶν
1611 710 1897 781 δογμάτων

301 815 401 878 την
433 805 702 875 ὀρθότητα
758 806 1119 874 παραλύουσι,
1156 805 1238 865 τὸ,
1277 822 1294 855 ι
1347 802 1654 874 Πορεύεσθε
1700 804 1778 866 είς
1805 802 1899 854 Αἰ-

307 896 415 967 μάθ
459 896 650 959 Ῥα6ἀ,
699 897 792 950 καὶ
836 898 915 959 είς
967 897 1068 950 Γέθ
1120 895 1454 964 ἀλλοφύλων,
1511 896 1607 947 καὶ
1661 893 1817 956 ἴδετε,
1848 893 1898 945 εἰ

304 988 527 1042 πλείονα
556 988 623 1040 τὰ
660 988 786 1059 ὅρια
814 987 994 1039 αὐτῶν
1039 990 1156 1039 ἐστι
1186 987 1295 1039 τῶν
1332 985 1613 1056 ὑμετέρων
1654 983 1837 1053 ὁρίων.
1873 1002 1893 1034 ι

305 1080 591 1151 Εὐρυτέρα
616 1080 725 1149 γὰρ
746 1080 846 1149 τῆς
887 1078 1153 1151 Ἑλλήνων
1181 1077 1556 1147 στενολεσχίας
1580 1078 1613 1144 ἡ
1646 1076 1900 1129 θεόπνευ-

308 1189 428 1236 στος
461 1170 738 1243 Γραφὴ,τὸ
770 1171 870 1241 τῆς
892 1170 1145 1241 ἀληθείας
1168 1169 1614 1239 καταγγέλλουσα
1641 1168 1776 1237 φῶς,
1806 1167 1900 1219 καὶ

307 1264 595 1335 δογμάτων
642 1265 968 1334 εἰσφέρουσα
1039 1263 1269 1332 γνῶσιν,
1322 1264 1417 1316 καὶ
1482 1262 1621 1332 πρὸς
1681 1262 1899 1314 πάντων

306 1357 484 1412 ὁτιοῦν
516 1356 625 1410 τῶν
665 1355 1076 1426 ἐπαινουμένων
1102 1356 1194 1408 τὸν
1224 1355 1334 1408 τῶν
1361 1354 1725 1407 πιστευόντων
1766 1353 1900 1406 ἀνα-

308 1450 606 1514 ϐιϐάζουσα
651 1449 795 1502 νοῦν.
838 1448 1142 1520 Εὐρύτερος
1169 1448 1226 1500 δὲ
1270 1448 1431 1502 πάλιν
1477 1449 1577 1517 τῆς
1606 1444 1899 1517 αίρετικῶν

310 1542 627 1611 στενότητος
677 1544 704 1594 ό
731 1542 830 1612 τῆς
875 1540 1135 1612 ἀληθείας
1180 1542 1297 1594 ἐστὶ
1342 1542 1521 1609 λόγος.
1547 1541 1612 1594 Οί
1649 1540 1748 1611 μὲν
1790 1540 1899 1608 γὰρ

308 1634 445 1702 αὖτῇ
488 1632 806 1702 μαχόμενοι,
844 1634 1124 1703 μονονουχὶ
1174 1633 1621 1701 καταπνίγονται’
1668 1631 1897 1701 ψυχραῖς

309 1741 367 1775 τε
396 1726 489 1776 καὶ
516 1724 802 1792 ἁδρανέσιν
834 1724 1217 1794 ὲπινηχόμενοι
1260 1725 1538 1795 λογισμοῖς
1564 1741 1577 1754 ·
1608 1727 1655 1777 oi
1686 1724 1743 1776 δὲ
1786 1727 1898 1787 τοῖς

308 1816 408 1885 τῆς
440 1816 725 1879 εὐσεϐείας
766 1817 1221 1887 συναγορεύοντες
1250 1817 1503 1887 δόγμασι,
1537 1817 1629 1870 καὶ
1665 1816 1725 1869 τὸ
1757 1816 1897 1886 λαμ-

312 1910 448 1979 πρὸν
477 1910 577 1979 τῆς
599 1909 858 1979 ἀληθείας
898 1909 1321 1981 περιαθροῦντες
1360 1909 1574 1975 κάλλος,
1600 1911 1680 1972 είς
1724 1908 1897 1961 πλατὺ

310 1998 683 2070 θεωρημάτων
731 2000 1051 2071 ἐκτρέχουσι
1104 1999 1358 2067 πέλαγος,
1404 2018 1421 2050 ι
1458 1999 1899 2070 Αἰχμαλωτίζον-

308 2108 399 2155 τες
428 2094 534 2144 πᾶν
574 2092 752 2162 νόημα
802 2093 881 2155 είς
931 2091 1175 2161 ὑπακοὴν
1199 2092 1295 2144 τοῦ
1338 2093 1596 2163 Χριστοῦ,
1634 2112 1652 2144 ι
1680 2092 1807 2163 τῇδέ
1840 2108 1899 2144 τε

310 2186 533 2237 κάκεῖσε
561 2185 890 2256 διᾴττοντες,
919 2185 1013 2238 καὶ
1042 2184 1111 2238 τὰ
1143 2188 1223 2249 είς
1261 2185 1462 2254 γνῶσιν
1498 2184 1759 2256 ἀληθινὴν
1792 2184 1901 2239 ἀπὸ

310 2276 410 2347 τῆς
436 2276 792 2331 θεοπνεύστου
834 2278 1054 2349 Γραφῆς
1094 2273 1152 2331 εὖ
1209 2277 1351 2349 μάλα
1394 2277 1761 2344 συλλέγοντες.
1792 2277 1902 2330 Καὶ

311 2369 442 2437 γοῦν
496 2368 806 2438 Κορινθίοις
850 2369 1151 2439 ἁποφοιτᾷν
1208 2368 1481 2438 ἑλομένοις
1527 2370 1629 2437 τῆς
1672 2369 1904 2439 παραδο-

312 2460 498 2531 θείσης
531 2461 714 2523 αὐτοῖς
752 2459 912 2527 ἁγίας
938 2460 1177 2529 ἐντολῆς,
1217 2459 1635 2529 προσκειμένοις
1665 2458 1720 2511 δὲ
1755 2460 1903 2529 ἀμα-

312 2551 419 2615 θῶς
444 2555 555 2615 τοῖς
584 2551 1076 2621 ἑτεροδιδασκαλεῖν
1117 2551 1385 2613 εἰωθόσιν,
1417 2549 1724 2603 ἐπιστέλλει
1755 2548 1903 2601 Παῦ-

310 2647 420 2711 λος,
449 2647 530 2699 ὅτι
562 2666 580 2696 ι
614 2645 794 2712 Στὸμα
826 2644 982 2714 ἡμῶν
1016 2642 1245 2714 ἀνεῴγει
1278 2643 1415 2715 πρὸς
1436 2643 1601 2713 ὑμᾶς,
1635 2636 1678 2695 ὦ
1702 2642 1903 2712 Κορίν-

311 2734 439 2798 θιοι,
470 2737 502 2806 ἡ
528 2736 722 2805 καρδία
741 2736 897 2806 ἡμῶν
928 2735 1319 2800 πεπλάτυνται,
1352 2755 1369 2786 ι
1387 2734 1543 2800 ἓως,ι
1569 2736 1660 2804 Μὴ
1684 2734 1900 2802 γίνεσθε

312 2827 760 2901 ἑτεροζυγοῦντες
784 2828 1054 2891 ἀπίστοις.
1086 2847 1105 2879 ι

385 2922 529 2974 Οὐαὶ
564 2921 879 2989 ἐρχόμενοι
906 2921 993 2985 εὶς
1038 2919 1267 2988 ἡμέραν
1303 2916 1521 2985 κακὴν,
1554 2919 1608 2971 οἱ
1638 2916 1900 2986 ἐγγίζον-

310 3029 431 3079 τες,
466 3012 561 3065 καὶ
590 3012 987 3082 ἐφαπτόμενοι
1012 3010 1328 3065 Σαϐϐάτων
1354 3008 1617 3078 ψευδῶν.

383 3104 518 3159 NH'.
552 3106 851 3174 Ἔφασκεν,
884 3105 967 3158 ὅτι
1002 3123 1019 3155 ι
1056 3103 1191 3157 Οὐαὶ
1230 3101 1565 3169 ἐξουδενοῦσι
1606 3100 1768 3166 Σιὼν,

311 3199 425 3260 τοῖς
488 3196 805 3249 πεποιθόσιν
862 3194 956 3247 ἐπὶ
1014 3193 1076 3246 τὸ
1122 3192 1247 3262 ὅρος
1312 3189 1647 3262 Σαμαρείας.
1685 3209 1704 3241 ι
1795 3187 1907 3245 Καὶ

314 3288 504 3360 ἐπειδὴ
586 3287 679 3342 δύο
744 3286 907 3341 τινῶν
1021 3285 1272 3347 ἐποιεῖτος
1336 3283 1588 3353 μνήμην,
1683 3283 1793 3334 τῶν
1844 3296 1905 3333 τε

313 3381 762 3447 ὲξουθενούντων,
790 3379 955 3451 φημὶ,
981 3379 1080 3448 τὴν
1104 3376 1263 3440 Σιὼν,
1306 3376 1400 3429 καὶ
1426 3374 1536 3428 τῶν
1565 3374 1905 3429 πεποιθότων

312 3476 406 3528 ἐπὶ
434 3475 496 3527 τὸ
540 3475 665 3547 ὅρος
721 3471 1057 3544 Σαμαρείας,
1107 3467 1692 3539 πολυπραγμονοῦντες
1734 3468 1905 3536 ἀναγ-

313 3569 485 3631 καίως
523 3567 631 3620 τῶν
660 3566 880 3619 ἐννοιῶν
909 3566 1009 3635 τὴν
1037 3563 1287 3633 δύναμιν,
1313 3561 1710 3632 ἐφηρμόσαμεν
1741 3562 1904 3631 ἡμεῖς

310 3665 424 3724 τοῖς
447 3661 506 3726 ἐξ
546 3659 714 3713 Ἰούδα
764 3659 855 3712 καὶ
879 3656 1139 3727 Βενιαμὶν
1161 3655 1260 3724 τὴν
1281 3654 1460 3707 αἰτίαν
1483 3652 1577 3705 τοῦ
1604 3650 1903 3715 ὲξουθενεῖν

313 3756 413 3826 τὴν
446 3754 605 3818 Σιὼν,
633 3755 746 3815 τοῖς
769 3768 833 3820 γε
869 3750 975 3821 μὴν
1002 3750 1061 3816 ἐξ
1105 3747 1345 3819 Ἐφραῒμ
1372 3746 1433 3799 τὸ
1463 3744 1782 3799 πεποιθέναι
1810 3745 1905 3798 ἐπὶ⁴

314 3846 374 3899 τὺ
400 3845 525 3917 ὄρος
552 3844 888 3915 Σαμαρείας.
916 3837 1038 3894 Εῐσι
1076 3839 1140 3910 δὴ
1170 3836 1265 3893 οὖν
1290 3836 1480 3907 ὥσπερ
1518 3836 1709 3889 ἀνόπιν
1751 3836 1779 3887 ὁ
1816 3836 1905 3889 λό-

313 3953 431 4005 γος,
492 3936 589 3989 καὶ
625 3934 694 3987 τὰ
744 3934 949 4004 ἀμφοῖν
998 3931 1322 4001 ἐγκλήματα
1364 3927 1657 3996 καταλέγει
1705 3926 1900 3993 πάλιν,

312 4030 498 4091 αὺτοῖς
539 4025 819 4096 ἐπιφέρων
836 4026 919 4090 τὸ,
952 4022 1107 4079 Οὐαί.
1150 4022 1313 4085 Ἐθος
1353 4021 1409 4074 δὲ
1438 4023 1504 4091 τῇ
1550 4019 1666 4092 θείᾳ
1708 4021 1900 4093 Γραφῇ

314 4121 455 4174 κατά
479 4119 577 4190 τῆς
607 4117 825 4181 εὐθείας
855 4116 1117 4179 πτώσεως
1155 4116 1254 4183 τὴν
1278 4111 1752 4181 τοῦ,οὑαὶ,φωνὴν
1779 4112 1902 4165 ἐπι-

315 4212 523 4283 φέρειν,
560 4206 672 4264 οἷόν
720 4210 774 4263 τί
826 4226 989 4281 φημιο
1024 4227 1042 4259 ‹
1079 4207 1217 4260 Οὐαὶ
1266 4208 1315 4259 οἱ
1360 4204 1752 4275 ἐπιθυμοῦντες
1801 4205 1901 4276 τὴν

316 4305 529 4377 ἡμέραν
564 4303 792 4377 Κυρίου.
826 4321 845 4353 ι
885 4301 994 4354 Καὶ
1035 4299 1220 4364 πάλιν,
1262 4317 1279 4350 ι
1322 4298 1459 4351 Οὐαὶ
1484 4298 1533 4349 οἱ
1560 4297 1900 4368 ἐγειρόμενοι

1804 3099 1901 3153 καὶ
1926 3066 1969 3124 C
2004 3033 2069 3087 qu

2005 433 2162 487 ﬁdem
2211 432 2526 488 Graecorum
2564 433 2891 503 sapientiam
2930 432 3183 487 admirati
3216 441 3366 497 sunt,
3405 442 3465 487 nt
3488 448 3588 486 eo-

2000 540 2120 579 rum
2185 526 2471 594 opiniones
2512 537 2567 580 et
2615 526 2921 581 doctrinam
2978 534 3178 579 nostrae
3226 524 3582 584 anteferrent,

1998 632 2093 672 seu
2134 618 2420 687 propensis
2450 617 2606 673 valde
2636 619 2706 673 ad
2737 617 3123 674 adhaerendum
3156 617 3588 686 depravantibus

2000 710 2309 775 veritatem,
2362 719 2416 763 et
2456 710 2949 765 ecclesiasticorum
2993 711 3311 779 dogmatum
3365 710 3588 763 rectitu-

1998 803 2179 856 dinem
2204 803 2698 872 corrumpentibus,
2727 803 2892 858 illud:
2929 821 2950 856 ι
2986 800 3242 858 Transite
3277 803 3328 857 in
3357 800 3585 856 Emath

2000 894 2174 960 Raba,
2208 908 2263 951 et
2295 896 2347 949 in
2372 894 2511 949 Geth
2536 894 2997 961 Philisthaaorum,
3024 905 3079 950 et
3101 897 3282 950 videte
3317 895 3363 949 si
3399 893 3586 963 plures

2001 1002 2130 1047 sunt
2168 991 2382 1046 termini
2406 1005 2596 1045 eorum
2633 989 2886 1043 terminis
2909 988 3126 1043 vestris.
3167 1007 3186 1040 ι
3214 987 3403 1041 Latior
3435 986 3585 1040 enim

2000 1084 2314 1140 Grarcorum
2334 1084 2580 1149 angustis
2617 1080 2824 1135 fabulis
2840 1080 3097 1134 divinitus
3124 1079 3384 1149 inspirata
3436 1076 3587 1131 Scri-

2003 1189 2180 1246 ptura,
2217 1176 2462 1231 veritatis
2513 1172 2843 1229 annuntians
2904 1171 3107 1239 lumen,
3158 1180 3211 1224 et
3272 1170 3585 1239 dogmatum

2003 1270 2236 1326 aiferens
2270 1268 2542 1332 nclitiam,
2573 1266 3027 1334 credentiumqne
3064 1272 3275 1317 mentes
3309 1262 3375 1316 ad
3400 1262 3586 1316 omnia

2002 1362 2161 1417 laude
2200 1361 2358 1431 digna
2396 1359 2757 1414 exsuscitans.
2804 1356 2990 1412 Latior
3030 1370 3244 1409 rursum
3301 1354 3587 1409 hmretico—

2000 1470 2120 1508 rum
2175 1452 2425 1521 angustia
2458 1458 2542 1505 est
2587 1465 2767 1506 sermo
2801 1449 3050 1503 veritatis
3074 1487 3090 1512 ,
3121 1462 3285 1516 quam
3330 1445 3386 1500 hi
3415 1459 3588 1515 oppu-

2001 1555 2251 1617 gnantes,
2287 1559 2423 1614 pene
2444 1542 2803 1604 suﬂ'ocantur,
2835 1542 3044 1612 frigidis
3069 1548 3124 1594 et
3144 1538 3393 1593 obscuris
3422 1538 3588 1592 ratio-

2004 1639 2368 1693 cinationibus
2400 1638 2727 1692 innatantes.
2768 1634 2993 1690 Pietatis
3019 1643 3200 1686 autem
3236 1631 3457 1701 dogtnat
3483 1629 3588 1685 bus

2005 1732 2434 1803 patrocinantes,
2462 1740 2516 1782 et
2543 1728 2805 1784 illustrem
2835 1726 3082 1780 veritatis
3111 1724 3431 1793 elegantiam
3459 1736 3592 1777 con-

2007 1824 2360 1894 templantes,
2419 1824 2472 1876 in
2556 1821 2722 1875 latum
2782 1817 3298 1888 contemplationum
3370 1815 3591 1885 pelagus

2004 1925 2320 1977 excurrunt,
2359 1932 2377 1965 ι
2425 1914 2753 1984 Redigentes
2781 1925 2997 1963 omnem
3040 1907 3370 1963 intellectum
3409 1907 3461 1960 in
3493 1906 3593 1960 ob-

2004 2007 2255 2076 sequium
2289 2008 2409 2061 ﬁdei
2443 2006 2513 2071 3‘,
2560 2024 2578 2057 ›
2618 2005 2723 2057 huc
2754 2002 2883 2057 illuc
2922 2001 3203 2064 salientes,
3244 1998 3410 2071 314
3440 2009 3495 2054 et
3521 1998 3591 2053 ad

2008 2113 2190 2153 veram
2232 2098 2596 2165 cognitionem
2625 2093 2954 2164 pertinentia
2983 2093 3395 2148 accuratiSSime
3433 2090 3590 2146 colli-

2004 2201 2216 2261 gentes.
2277 2189 2463 2256 Itaque
2525 2187 2854 2254 Corintltiis,
2904 2202 2934 2240 a
2994 2186 3193 2240 tradito
3237 2184 3345 2239 illis
3398 2192 3591 2238 sancto

2004 2281 2256 2335 mandato
2289 2279 2571 2344 recedere,
2605 2287 2660 2333 et
2699 2277 2950 2346 imperite
2984 2276 3146 2330 aliter
3171 2277 3369 2331 docere
3411 2272 3590 2328 solitis

2004 2374 2285 2429 adhaerere
2324 2371 2655 2435 volentibus,
2684 2369 2874 2423 scribit
2908 2368 3107 2423 Paulus
3141 2387 3153 2423 :
3191 2386 3209 2419 ι
3241 2367 3316 2422 Os
3343 2374 3589 2420 nostrum

2003 2474 2154 2533 patet
2180 2466 2246 2517 ad
2278 2478 2396 2527 vos,
2428 2477 2460 2514 ο
2482 2460 2775 2523 Corinthii,
2804 2467 2858 2513 et
2887 2474 2983 2513 cor
3022 2466 3268 2513 nostrum
3309 2456 3588 2512 dilatatum

2003 2564 2109 2621 est,
2152 2574 2170 2607 ι
2222 2566 2355 2619 etc.,
2410 2568 2583 2622 usque
2616 2552 2681 2607 ad
2714 2553 2801 2605 illa
2837 2570 2850 2606 :
2890 2568 2908 2602 ι
2937 2549 3115 2605 Nolite
3163 2549 3350 2620 jugum
3392 2547 3592 2603 ducere

2005 2660 2126 2701 cum
2160 2642 2473 2698 inﬁdelibus
2505 2643 2571 2698 ⁸³.
2608 2661 2627 2694 ›

2079 2924 2243 2979 Vens.
2270 2923 2325 2978 5.
2365 2921 2457 2978 Vw
2486 2924 2574 2994 qui
2597 2922 2779 2976 venitis
2811 2923 2865 2975 in
2888 2922 3025 2975 diem
3058 2920 3277 2984 malum,
3307 2918 3591 2989 appropin-

2077 3027 2245 3080 autes,
2276 3026 2325 3070 et
2346 3017 2660 3085 attingentes
2700 3014 2937 3069 Sabbata
2964 3014 3130 3084 falsa.

2081 3106 2258 3163 LVIII.
2292 3106 2538 3170 Dicebat,
2578 3124 2596 3158 ι
2644 3106 2738 3161 Vae
2778 3106 3159 3175 spernentibus
3187 3104 3342 3169 Sion,
3370 3110 3430 3158 et
3460 3116 3591 3157 con-

2008 3200 2299 3255 ﬁdentibus
2337 3199 2391 3253 in
2425 3209 2606 3252 monte
2641 3197 2924 3252 Samaria.
2963 3216 2981 3250 ι
3018 3197 3082 3251 Ει
3105 3199 3408 3266 'postquam
3452 3195 3590 3249 duo-

2008 3306 2129 3346 rum
2170 3290 2531 3358 quorumdam
2565 3288 2836 3350 meminit,
2878 3305 2898 3339 ι
2929 3288 3322 3356 spernentium,
3346 3286 3589 3354 inquam,

2009 3383 2162 3445 Sion,
2193 3391 2247 3435 et
2282 3380 2668 3435 conﬁdentium
2714 3378 2766 3431 in
2808 3388 2990 3431 monte
3028 3374 3312 3441 Sarnarim,
3345 3395 3364 3428 ι
3412 3377 3591 3446 inqui-

2007 3485 2190 3531 rentes
2236 3475 2546 3531 necessario
2591 3473 2876 3528 sententize
2907 3472 3035 3535 vim,
3068 3472 3442 3540 adaptavinms
3492 3485 3591 3526 nos

2005 3560 2139 3616 Juda
2238 3572 2292 3616 et
2360 3560 2642 3629 Benjamin
2724 3561 2932 3613 crimen
3001 3570 3346 3627 contemptus
3412 3557 3585 3623 Sion,

2008 3650 2354 3719 Epliraimitis
2391 3666 2519 3703 vero
2552 3648 2934 3704 conﬁdentiam
2962 3647 3012 3700 in
3038 3656 3274 3702 montem
3304 3646 3586 3703 Samarite.

2006 3742 2178 3797 Retro
2206 3742 2369 3812 igitur
2391 3744 2533 3794 redit
2556 3739 2957 3808 quodammodo
2976 3738 3170 3801 oratio,
3197 3736 3591 3803 amborumqus

2005 3836 2235 3892 crimina
2316 3849 2532 3887 rursum
2596 3840 2876 3896 recenset,
2937 3839 2992 3884 et
3063 3828 3149 3883 Vae
3224 3828 3406 3883 infert.
3472 3826 3589 3882 Mos

2005 3939 2184 3984 autem
2209 3938 2293 3983 est
2313 3943 2481 3986 sacra:
2511 3924 2810 3993 Scripturae
2831 3938 2961 3978 casu
2988 3931 3140 3977 recto
3162 3934 3348 3976 vocem
3383 3917 3475 3974 Va:
3505 3919 3588 3973 in-

2006 4019 2168 4084 ferre,
2222 4029 2299 4085 ut,
2353 4037 2370 4070 ι
2411 4018 2522 4083 Vae,
2550 4016 2995 4084 concupiscentcs
3041 4013 3181 4068 diem
3228 4010 3440 4065 Domini
3466 4010 3533 4066 ⁸³.
3560 4030 3581 4064 ι

2003 4110 2071 4164 Ει
2107 4113 2301 4165 iterum
2337 4124 2351 4161 :
2391 4098 2415 4160 «λ
2449 4107 2567 4172 Vas,
2604 4115 2897 4175 surgentes
2934 4117 3111 4170 mane,
3155 4110 3209 4157 et
3230 4101 3461 4156 siceram
3494 4116 3583 4156 se-

2003 4214 2234 4272 quentes
2266 4200 2335 4255 δι.
2359 4228 2430 4241 --
2453 4198 2569 4267 Vm,
2609 4200 2791 4269 igitur,
2822 4196 3022 4266 inquit,
3048 4196 3329 4250 venientes
3358 4192 3411 4247 in
3440 4192 3584 4248 diem

2005 4294 2224 4349 malam.
2265 4312 2284 4351 ι
2326 4292 2580 4347 Aversari
2616 4290 2760 4345 enim
2802 4287 3210 4359 paenitentiam,
3246 4297 3420 4354 neque
3460 4298 3586 4352 pro-

314 4393 374 4445 τὸ
404 4391 569 4462 πρωῒ,
601 4392 695 4444 καὶ
733 4390 794 4444 τὸ
836 4390 1031 4461 σίκερα
1072 4386 1382 4452 διώκοντες.
1418 4418 1490 4427 —
1516 4388 1675 4453 Οὐαὶ,
1718 4388 1898 4440 τοίνυν

2005 4398 2125 4457 pter
2163 4384 2344 4438 futura
2386 4391 2439 4437 et
2484 4379 2842 4451 praenuntiata
2889 4378 3166 4447 suscipere
3205 4374 3488 4436 timorem,
3528 4381 3586 4427 et

316 4487 505 4556 φησὶν,
537 4487 586 4538 oi
616 4486 900 4555 ἐρχομενοι
936 4484 1014 4545 εἰς
1041 4481 1252 4552 ἡμέραν
1291 4482 1489 4551 κακήν.
1527 4498 1545 4530 ι
1582 4480 1655 4532 Τὸ
1690 4479 1798 4548 γὰρ
1824 4478 1899 4551 μὴ

314 4577 603 4648 ἀνέχεσθαι
652 4577 950 4646 μετανοεῖν,
988 4574 1128 4649 μήτε
1175 4574 1281 4644 μὴν
1306 4572 1366 4626 τὸ
1410 4573 1502 4627 ἐπὶ
1536 4575 1649 4636 τοῖς
1681 4572 1898 4625 ἔσεσθαι

316 4670 863 4741 προαπηγγελμένοις
902 4664 1237 4729 εἰσβέξασθαι
1273 4664 1456 4733 φόϐον,
1485 4665 1766 4735 μονονουχὶ
1804 4665 1902 4720 καὶ

316 4762 623 4832 ἐπιθυμεῖν,
660 4760 806 4813 ἐστιν
837 4760 916 4821 είς
939 4757 1159 4827 ὀλέθρου
1188 4757 1373 4808 πεσεῖν
1402 4754 1638 4825 ἡμέραν.
1672 4749 1795 4806 Οἷον
1821 4750 1895 4813 ὡς

315 4854 368 4906 εί
406 4870 490 4916 τις
517 4853 811 4923 περίίτινος
834 4850 947 4903 τῶν
974 4846 1473 4921 φιλαμαρτημόνων
1509 4844 1656 4913 λέγοι
1696 4843 1856 4913 τυχόν
1876 4859 1891 4872 ’

328 4946 618 5016 Ἐπιθυμεῖ
644 4945 918 5007 τεθνάναι,
951 4944 1127 4995 καίτοι
1159 4939 1318 4993 τοῦτο
1347 4938 1536 4992 παθεῖν
1565 4938 1664 4990 οὐκ
1689 4935 1902 4989 ἐθέλον-

315 5056 405 5101 τος
425 5039 635 5092 ἐκείνου
683 5036 864 5100 ποθὲν,
897 5034 1009 5088 ἀλλ’
1038 5034 1161 5086 ὅσον
1199 5035 1323 5104 ἣκει
1368 5033 1446 5093 εἰς
1490 5028 1549 5081 τὸ
1591 5026 1895 5097 βούλεσθαι,

314 5130 467 5202 δρᾷν,
504 5130 600 5182 καὶ
632 5128 788 5181 τοῦτο
831 5126 1248 5197 ἀκαταλήκτως,
1292 5123 1359 5175 τὰ
1398 5122 1511 5182 τοῖς
1542 5120 1727 5188 νόμοις
1751 5117 1898 5187 ἀπᾴ-

312 5222 501 5275 δοντα·
534 5206 822 5291 μονονουχὶ
867 5217 961 5268 καὶ
992 5215 1093 5285 ἐρᾷ
1134 5213 1231 5282 τῆς
1269 5213 1378 5272 τοῖς
1417 5206 1897 5277 φιλαμαρτήμοσιν

315 5313 522 5375 ἀείπως
564 5309 936 5379 ἀποκειμένης
972 5303 1244 5366 κολάσεως
1285 5319 1346 5355 τε
1390 5302 1482 5353 καὶ
1514 5300 1689 5370 δίκης.
1722 5298 1900 5351 Μετα-

314 5411 455 5461 νοείν
486 5402 576 5459 οὖν
618 5405 727 5475 ἄρα
761 5403 835 5474 μὴ
878 5402 1214 5471 ἀνεχόμενοι,
1254 5394 1535 5468 μονονουχὶ
1578 5392 1672 5444 καὶ
1709 5388 1899 5443 ἐπιθυ-

320 5499 479 5568 μοῦσι
512 5500 696 5550 πεσεῖν
741 5498 819 5558 εἰς
853 5494 1065 5565 ἡμέραν
1096 5490 1293 5560 κακὴν,
1318 5487 1411 5541 καὶ
1450 5487 1569 5549 ταῖς
1603 5483 1705 5555 ήδη
1765 5498 1901 5553 προ-

423 5681 437 5709 ¹
469 5681 509 5734 ιι
535 5678 659 5734 Cor.
695 5693 747 5739 κ,
772 5674 823 5728 5.
902 5674 945 5705 ⁸¹
981 5670 1022 5725 II
1053 5670 1180 5727 Cur.
1212 5684 1287 5735 vr,
1322 5666 1513 5721 lI-I‘i.
1556 5660 1627 5733 ,⁸³
1654 5662 1842 5725 Amos,
1869 5673 1923 5725 ν,
1958 5657 2046 5713 I8.

2007 4477 2393 4550 propemodum
2424 4489 2486 4529 ea
2516 4472 2847 4538 desiderare,
2893 4479 2977 4526 est
3011 4469 3063 4523 in
3102 4467 3255 4523 exitii
3292 4467 3433 4521 diem
3486 4480 3582 4520 ca-

2006 4573 2155 4627 dere.
2194 4567 2352 4622 Velut
2398 4565 2443 4620 si
2486 4565 2608 4634 quis
2635 4565 2701 4619 de
2726 4576 3020 4633 quoquam,
3065 4561 3153 4615 cui
3205 4557 3465 4626 voluptati
3497 4567 3583 4614 est

2006 4676 2251 4731 peccare,
2297 4657 2440 4712 forte
2482 4657 2686 4709 diceret
2717 4672 2730 4708 :
2778 4652 3055 4708 Desiderat
3084 4649 3242 4713 mori,
3274 4662 3583 4719 quanquam

2004 4753 2092 4808 ille
2116 4752 2217 4807 hoc
2250 4748 2361 4820 pati
2394 4763 2500 4803 non
2532 4746 2659 4801 velit
2681 4761 2956 4815 unquam;
2992 4744 3082 4798 sed
3114 4742 3259 4812 quod
3295 4741 3359 4795 ad
3387 4740 3584 4795 volun‘

2004 4854 2169 4899 tatem
2198 4842 2413 4906 attinet,
2444 4852 2507 4892 ea
2539 4837 2737 4900 facere,
2784 4846 2837 4889 et
2870 4837 2973 4890 hoc
3002 4835 3121 4889 sine
3150 4835 3275 4899 ﬁne,
3307 4848 3427 4904 quae
3452 4839 3582 4888 sunt

2004 4934 2200 4990 divinis
2241 4932 2446 5001 legibus
2483 4928 2773 4999 pugnantia
2810 4946 2824 4982 :
2857 4927 2985 4995 quin
3042 4934 3247 4979 tantum
3294 4939 3399 4978 non
3432 4930 3581 4977 amat

2004 5021 2211 5093 peccati
2236 5020 2545 5081 amantibus
2576 5031 2792 5086 semper
2818 5015 3114 5084 repositum
3154 5012 3496 5082 supplicium,
3526 5020 3580 5064 et

1973 5105 2316 5168 'vindictam.
2354 5112 2540 5180 Itaque
2575 5123 2679 5163 non
2705 5107 3036 5163 sustinentes
3065 5104 3350 5173 paenitere,
3381 5101 3580 5156 cadere

2003 5208 2056 5261 in
2097 5206 2236 5260 diem
2270 5202 2492 5267 malum,
2537 5211 2592 5255 et
2617 5201 2727 5271 jam
2759 5196 3138 5270 praenuntiatis
3180 5191 3577 5249 calamitatibus

2003 5297 2233 5367 opprimi
2267 5304 2475 5349 tantum
2521 5309 2629 5349 non
2661 5290 3075 5360 concupiscunt.
3120 5305 3140 5339 ι
3170 5285 3242 5342 Ut
3280 5284 3577 5355 appropin—

2003 5401 2232 5459 quantes
2260 5398 2313 5441 et
2340 5386 2671 5455 attingentes
2693 5380 2930 5436 Sabbata
2961 5378 3114 5434 falsa.
3152 5395 3171 5428 ι
3214 5375 3407 5429 Stabat
3431 5373 3575 5427 enim

2005 5481 2185 5534 adhuc
2235 5477 2519 5548 templum,
2560 5485 2616 5531 et
2646 5475 2763 5546 ejus
2791 5472 3006 5537 altaria,
3043 5477 3097 5524 et
3138 5465 3437 5523 oﬂerebant
3466 5463 3580 5519 Deo

2151 5656 2196 5687 δ”
2219 5654 2321 5712 lsa.
2356 5668 2447 5722 xv,
2476 5654 2561 5708 tt.
