4140 6370
550 196 672 259 519
1593 193 1652 246 S.
1693 189 1973 248 CYRILLI
2011 188 2477 244 ALEXANDRINI
2514 186 2835 243 ARClllEP.
3722 188 3827 244 5‘20

561 317 714 388 juxta
769 313 939 385 legem
975 313 1269 378 sacrificia,
1313 315 1655 384 agebantqne
1716 314 1969 368 Sabbatis
2015 329 2144 367 con-

2264 309 2694 381 ιπηγγελμέναις
2717 307 2979 361 ὲναλῶναι
2997 309 3324 379 συμφοραῖς.
3348 325 3366 358 ι
3387 304 3476 368 Ὠς
3499 303 3830 374 ἐγγίζοντες,

566 417 722 462 sueta
768 406 899 470 otia,
940 413 1307 458 verumtamen
1343 422 1449 458 non
1485 404 1702 476 penitus
1739 415 2014 466 accurate,
2054 403 2150 457 sed

2264 404 2344 457 tati.
2369 403 2738 472 ἐφαπτόμενοι
2778 401 3075 455 Σαϐϐἀτων
3103 399 3336 469 ψευδῶν.
3381 417 3399 450 ι
3429 395 3538 453 Ἦν
3579 400 3678 469 μὲν
3723 399 3833 471 γὰρ

569 500 904 569 negligenter
946 499 1193 565 omnino,
1241 508 1404 568 atque
1465 497 1911 553 desidiosissime.
1976 495 2154 560 Quare

567 591 955 661 prophetarum
991 590 1218 644 vocibus
1247 605 1365 656 eos,
1418 599 1478 643 ut
1509 590 1805 644 Sabbatum
1838 601 1941 640 non
1967 595 2154 640 custo-

569 681 778 734 dientes
824 682 1137 739 accusabat.
1177 680 1266 735 Va:
1312 682 1500 748 igitur,
1536 681 1732 750 inquit,
1774 678 2155 734 simulantibus

569 787 628 826 se
643 770 804 840 315
839 773 1276 841 appropinquare
1301 774 1429 837 Deo,
1454 773 1581 826 dum
1604 771 1864 826 simulant
1881 786 1941 826 se
1967 770 2148 824 colere

570 865 1008 918 adhucinstituta
1040 863 1301 929 Mosaica,
1329 874 1386 919 et
1417 864 1653 918 Sabbata
1688 863 1824 919 falso
1849 863 2147 918 celebrant.

567 955 730 1009 Vides
765 955 1037 1025 quomodo
1083 971 1177 1012 eos
1228 957 1597 1024 insimulat-it,
1632 967 1692 1011 ut
1734 956 1825 1026 qui
1863 971 1972 1010 non
2009 963 2157 1009 recte

569 1059 659 1102 aut
699 1049 940 1105 studiose
974 1051 1145 1104 otium
1187 1049 1538 1105 Sabbatismo
1583 1051 1844 1106 decorum
1901 1062 2156 1104 servave-

572 1142 700 1196 rint.

2251 494 2332 547 ἔτι
2365 490 2714 564 συνεστηκὼς
2738 494 2766 545 ό
2798 491 2954 557 νεὼς,
2980 492 3074 545 καὶ
3095 491 3164 544 τὰ
3193 493 3250 544 έν
3284 491 3431 562 αὐτῷ
3453 490 3830 560 θυσιαστήρια,

2251 587 2348 640 καὶ
2381 587 2656 657 προσῆγον
2702 587 2798 656 μὲν
2823 585 2903 654 τῷ
2943 583 3062 654 Θεῷ
3095 583 3193 647 τὰς
3222 583 3364 637 κατὰ
3407 583 3570 653 νόμον
3620 581 3832 646 θυσίὰς,

2253 680 2555 750 ἐπετήρουν
2581 679 2635 731 δὲ
2684 679 2779 731 καὶ
2801 677 2898 741 τὰς
2926 679 2982 731 ὲν
3007 676 3308 739 Σαϐϐάτοις
3331 675 3545 746 ἀργίας,
3574 674 3712 745 πλὴν
3733 675 3834 727 οὐκ

2253 771 2487 823 εἰσάπαν
2533 769 2948 842 ἡκριϐωμένως,
2999 767 3285 840 ἀτημελῶς
3335 769 3392 822 δὲ
3434 768 3687 838 πάμπαν,
3741 767 3836 820 καὶ

2256 864 2515 934 ῥᾳθύμως
2559 864 2778 934 κομιδῇ.
2828 864 2939 915 Καὶ
2966 861 3095 930 γοῦν
3135 862 3325 932 ᾐτιᾶτο
3355 860 3443 914 διὰ
3489 860 3672 929 φωνῆς
3705 875 3836 929 προ-

2252 957 2462 1027 φητῶν,
2493 957 2568 1020 ὡς
2589 956 2872 1010 Σάϐϐατον
2919 955 2994 1026 μὴ
3026 953 3417 1024 τετηρηκότας.
3454 951 3590 1004 Οὐαὶ
3634 950 3833 1010 τοίνυν,

2253 1051 2406 1120 φησὶ,
2456 1051 2568 1112 τοῖς
2618 1047 3106 1120 προσποιουμένοις
3157 1044 3396 1113 ἐγγίζειν
3443 1043 3562 1114 Θεῷ
3607 1041 3693 1095 διὰ
3739 1039 3834 1093 τοῦ

2255 1141 2676 1212 προσποιεῖσθαι
2726 1142 2893 1211 τιμᾷν
2935 1139 3005 1192 τὰ
3045 1138 3288 1201 Μωσέως
3338 1136 3440 1200 ἔτι,
3484 1136 3578 1190 καὶ
3625 1133 3836 1204 ψευδῶν

572 1237 869 1294 Σαϐϐἀτων
920 1236 1330 1307 ἀποθιγγάνειν.
1395 1235 1559 1306 Ὁρᾷς
1609 1235 1759 1298 ὅπως
1813 1231 2170 1304 διαϐέϐληκεν
2225 1235 2323 1306 οὐχ
2355 1235 2432 1300 ὡς
2495 1234 2669 1306 ὀρθῶς
2722 1234 2756 1306 ἢ
2803 1232 3288 1304 πεφροντισμένως
3329 1229 3427 1302 τὴν
3451 1230 3529 1302 τῷ
3574 1227 3832 1282 σαϐϐατί-

570 1316 685 1390 ζὲιν
713 1327 1030 1398 πρέπουσαν
1054 1325 1357 1398 τηροῦντας
1384 1324 1606 1393 ἀργίαν.

640 1419 841 1474 Adlitec
878 1420 1029 1490 (puto
1060 1421 1204 1474 enim
1239 1419 1368 1472 mihi
1413 1419 1689 1488 quippiam
1722 1417 2050 1471 eminentius
2083 1416 2150 1471 de

573 1509 658 1564 liis
701 1509 1010 1580 dicendum)
1056 1509 1189 1564 falsa
1235 1507 1474 1563 Sabbata
1519 1516 1646 1562 sunt
1673 1522 1760 1560 res
1798 1505 2146 1560 Judaeorum:

2336 1409 2547 1472 Ἀλλως
2576 1424 2634 1461 τε
2672 1407 2888 1478 (χρῆναι
2920 1404 3029 1476 γὰρ
3073 1401 3446 1473 ὑπολαμϐάνω
3495 1399 3586 1454 καί
3633 1417 3687 1453 τι
3729 1394 3839 1452 τῶν

2257 1501 2698 1572 ἀναγκαιοτέρων
2740 1501 2834 1551 ἐπὶ
2863 1496 3076 1560 τούτοις
3113 1494 3312 1563 εἰπεῖν)
3340 1491 3512 1563 ψευδῆ
3559 1491 3835 1557 Σάϐϐατα,

573 1602 838 1672 siquidem
871 1604 977 1669 lex,
1017 1613 1072 1658 et
1104 1617 1225 1673 quae
1256 1616 1350 1670 per
1384 1602 1607 1670 Moysen
1641 1599 1781 1653 facta
1808 1609 1956 1662 sunt,
1995 1609 2151 1668 typus

2264 1597 2328 1650 τά
2358 1595 2510 1667 παρὰ
2538 1595 2650 1656 τοῖς
2696 1591 2974 1654 Ἰουδαίοις
3002 1604 3017 1619 ·
3053 1589 3210 1659 εἴπερ
3248 1585 3367 1640 ἐστὶ
3409 1584 3535 1638 σκιὰ
3568 1584 3665 1654 μὲν
3692 1585 3720 1636 ό
3749 1583 3838 1636 νό-

574 1704 719 1758 sunt,
753 1705 809 1749 et
838 1695 1182 1750 adumbratio
1213 1693 1307 1746 ⁸⁵⁸.
1343 1693 1527 1763 Typns
1559 1701 1738 1746 autem
1772 1706 1876 1745 non
1906 1701 1989 1746 est
2015 1690 2156 1745 veri-

577 1795 693 1849 tas,
754 1787 847 1840 sed
895 1787 1096 1856 figura.
1145 1794 1202 1840 et
1241 1785 1594 1840 simulacrum
1658 1783 1904 1838 veritatis
1956 1783 2155 1853 potius.

2263 1707 2384 1761 μος,
2419 1687 2513 1740 καὶ
2543 1684 2711 1746 τύπος
2738 1682 2880 1737 κατὰ
2903 1683 2965 1735 τὸ
2997 1680 3214 1752 ἀληθὲς,
3246 1680 3338 1734 καὶ
3363 1679 3432 1732 τὰ
3461 1677 3548 1731 διὰ
3573 1675 3838 1738 Μωσέως.

2271 1781 2329 1834 Ὀ
2355 1781 2413 1832 δὲ
2444 1778 2613 1840 τύπος
2657 1776 2758 1828 οὐκ
2805 1773 3057 1844 ἀλήθεια,
3091 1772 3370 1843 μόρφωσιν
3405 1769 3463 1822 δὲ
3494 1767 3694 1838 μᾶλλον
3739 1768 3838 1836 τῆς

576 1874 756 1942 Quare
775 1887 829 1929 et
849 1874 1050 1930 Paulus
1079 1874 1319 1930 Hebraeis
1346 1873 1557 1938 scribit,
1583 1884 1637 1926 et
1664 1875 1731 1927 de
1757 1872 2158 1941 antiquioribus

2264 1870 2515 1942 ἀληθείας
2553 1867 2814 1938 εἰσφέρει.
2849 1865 3137 1936 Τοιγάρτοι
3183 1863 3274 1915 καὶ
3310 1860 3518 1923 Παῦλος
3567 1857 3838 1928 Ἑϐραίοις

575 1968 690 2020 ait:
721 1983 739 2016 ι
774 1965 956 2034 Itaque
991 1969 1311 2030 relinquitur
1327 1965 1689 2019 sabbatismus
1718 1966 1912 2035 populo
1936 1964 2050 2018 Dei.
2075 1964 2154 2015 ⁸⁸»

577 2058 690 2112 Non
719 2059 861 2112 enim
891 2060 1011 2113 illos
1036 2061 1378 2130 requiescere
1411 2060 1540 2114 fecit
1565 2057 1742 2120 Jesus,
1788 2073 1887 2111 nec
1928 2055 2157 2126 ingressi

577 2159 704 2203 sunt
743 2150 796 2202 in
826 2153 1067 2220 requiem
1099 2151 1215 2207 Dei.
1251 2153 1667 2209 Sabbatizamus
1697 2161 1874 2205 autem
1900 2149 2157 2218 spiritua-

578 2240 698 2294 liter
720 2257 820 2296 nos
843 2243 893 2294 in
919 2242 1482 2308 Christo,omittentes
1516 2255 1570 2298 et
1595 2244 1906 2297 deserentes
1939 2241 2156 2308 quidem

579 2340 819 2400 peceata,
858 2334 1168 2389 desinentes
1206 2347 1382 2390 autem
1436 2338 1504 2390 ab
1547 2335 1695 2390 omni
1735 2331 2069 2402 corruptibili
2105 2341 2160 2387 et

579 2424 793 2493 negotio
827 2433 1065 2478 terreno.
1089 2425 1222 2480 Nam
1248 2438 1310 2482 ut
1337 2427 1536 2483 Paulus
1557 2429 1669 2482 ait:
1699 2445 1717 2478 ι
1749 2425 1851 2493 Qui
1883 2426 2160 2494 ingressus

579 2527 662 2571 est
693 2517 744 2570 in
780 2520 1018 2586 requiem
1063 2519 1202 2588 ejus,
1249 2521 1414 2574 etiam
1448 2521 1562 2590 ipse
1591 2519 1854 2589 requievit
1881 2516 1950 2572 ab
1980 2518 2159 2586 Operi-

581 2611 678 2662 bus
705 2612 816 2664 suis
836 2609 1108 2675 omnibus,
1135 2611 1276 2666 sicut
1299 2627 1330 2664 a
1359 2612 1475 2666 suis
1510 2614 1647 2667 Deus
1687 2610 1754 2663 ⁸⁸.
1789 2629 1807 2663 ι

657 2866 820 2924 Vens.
839 2868 901 2923 4-
921 2869 975 2923 6.
1000 2869 1330 2926 Dormisntes
1360 2872 1414 2924 in
1444 2869 1591 2924 lectis
1633 2871 1896 2935 eburneis,
1930 2880 1977 2924 et
2008 2870 2157 2924 lasci-

2259 1961 2582 2024 έπιστέλλει,
2616 1958 2710 2012 καί
2741 1974 2873 2027 φησι
2899 1958 3026 2028 περὶ⁵
3062 1955 3170 2008 τῶν
3199 1953 3568 2026 ἀρχαιοτέρων
3589 1967 3602 1981 ο
3638 1969 3655 2001 ι
3693 1951 3839 2019 ’Ἄρα

2257 2055 2612 2109 ἀπολείπεται
2648 2049 3016 2120 σαϐϐατισμὸς
3047 2050 3105 2100 έν
3133 2047 3211 2118 τῷ
3243 2047 3356 2117 λαῷ
3381 2045 3471 2098 τοῦ
3498 2043 3656 2097 Θεοῦ.
3696 2061 3714 2092 ι
3761 2040 3838 2093 υύ

2260 2144 2372 2213 γὰρ
2406 2142 2749 2195 κατέπαυσεν
2779 2139 3018 2199 ἐκείνους
3057 2135 3282 2207 Ἰησοῦς,
3313 2135 3435 2189 οὔτε
3487 2136 3591 2206 μὴν
3623 2132 3838 2202 εἰσελη-

2258 2231 2489 2284 λάκασιν
2520 2232 2598 2292 εἰς
2642 2229 2984 2282 κατάπαυσιν
3021 2226 3115 2279 τοῦ
3154 2225 3309 2280 Θεοῦ.
3346 2224 3752 2294 Σαϐϐατίζομεν
3783 2223 3840 2275 δὲ

2261 2322 2642 2392 πνευματικῶς
2687 2323 2846 2391 ἡμεῖς
2893 2322 2951 2372 έν
2997 2318 3243 2390 Χριστῷ,
3297 2317 3696 2380 καταλύοντες,
3749 2317 3841 2370 καὶ

2257 2410 2664 2481 ἁποφοιτῶντες
2685 2411 2783 2480 μὲν
2806 2407 3100 2480 ἁμαρτίας,
3129 2407 3527 2479 καταλήγοντες
3553 2406 3608 2458 δὲ
3639 2405 3841 2468 παντὸς

2261 2501 2506 2573 φθαρτοῦ
2587 2501 2681 2554 καὶ
2731 2501 2922 2570 γηΐνου
2970 2498 3316 2568 πράγματος.
3346 2497 3445 2559 ’Ὧς
3474 2491 3584 2566 γὰρ
3630 2493 3842 2556 Παῦλος

2263 2593 2488 2664 γράφει,
2520 2611 2537 2644 t
2579 2593 2637 2644 '0
2668 2590 2923 2644 είσελθὼν
2953 2592 3030 2654 εἰς
3063 2592 3160 2659 τὴν
3190 2588 3532 2642 κατάπαυσιν
3558 2585 3722 2640 αὑτοῦ
3753 2585 3843 2639 καὶ

2259 2686 2423 2749 αὐτὸς
2481 2685 2820 2739 κατέπαυσεν
2884 2683 2991 2737 ἀπὸ
3050 2683 3266 2736 πάντων
3296 2680 3401 2733 τῶν
3435 2680 3610 2752 ἔργων
3649 2678 3839 2744 αὑτοῦ,

2263 2778 2458 2848 ὥσπερ
2497 2777 2603 2830 ἀπὸ
2635 2776 2744 2829 τῶν
2780 2777 2923 2828 ἰδίων
2952 2778 2979 2829 ὁ
3012 2775 3164 2838 Θεός.
3213 2793 3232 2826 s

2333 2873 2396 2923 Ol
2433 2868 2826 2932 καθεύδοντες
2862 2867 2960 2920 ἐπὶ
2999 2865 3224 2920 κλινῶν
3267 2866 3690 2935 ἐλεφαντίνων,
3738 2863 3837 2917 καὶ

582 2971 774 3016 utentes
804 2963 859 3014 in
892 2963 1078 3016 stratis
1107 2964 1240 3027 suis,
1277 2974 1322 3017 et
1357 2964 1676 3017 concedentes
1706 2964 1882 3018 htedos
1904 2980 1968 3017 ea:
1985 2964 2158 3033 gregi-

2265 2959 2848 3025 κατασπαταλῶντες
2901 2959 3000 3012 ἐπὶ
3056 2959 3187 3025 ταῖς
3233 2956 3570 3026 στρωμναῖς
3621 2956 3842 3022 αὐτῶν,

584 3054 703 3120 bus,
743 3063 792 3108 et
844 3052 1032 3108 vitulos
1071 3070 1137 3108 ea:
1181 3056 1368 3108 mediis
1408 3057 1662 3109 armentis
1704 3055 1977 3109 lactentes.
2001 3055 2165 3108 Plau-

584 3150 762 3204 dentcs
795 3150 864 3203 ad
907 3165 1053 3204 voces
1085 3166 1426 3220 organorum,
1471 3150 1600 3203 sicut
1637 3161 1860 3203 stantem
1899 3161 2168 3220 reputaue-

587 3247 730 3306 runt,
784 3248 980 3293 etnon
1032 3239 1167 3294 sicut
1221 3239 1528 3309 fugientem.
1577 3238 1822 3294 Bibcntcs
1855 3241 2168 3308 defwcatum

595 3330 798 3396 uinum,
835 3342 881 3383 et
904 3331 1089 3398 primis
1109 3331 1385 3400 unguentis
1433 3332 1604 3396 uncti,
1637 3341 1810 3386 etnon
1831 3333 2169 3402 patiebantur

584 3421 871 3491 quidquam
899 3436 1055 3490 super
1083 3421 1393 3475 contritione
1419 3419 1637 3491 Ioseph.

663 3685 804 3742 LIX.
832 3685 1069 3740 Rursum
1098 3685 1192 3740 Va:
1225 3694 1446 3756 propter
1478 3685 1866 3750 calamitatem,
1891 3687 2168 3742 dormien-

591 3779 737 3835 tibus
786 3780 840 3834 in
893 3780 1048 3835 lectis
1093 3781 1367 3846 eburneis,
1401 3789 1455 3836 et
1489 3781 1590 3835 ltoc
1619 3791 1781 3852 atque
1832 3782 1961 3835 illud
1993 3782 2169 3836 facere

589 3857 786 3926 solitis.
844 3869 1058 3925 Incusat
1118 3877 1296 3922 autem
1350 3884 1445 3924 eos
1491 3869 1647 3924 valde
1690 3871 1781 3940 qui
1828 3870 1881 3924 in
1924 3869 2169 3924 Samaria

590 3976 750 4031 supra
783 3969 1011 4015 caeteros
1066 3959 1314 4014 claritate
1367 3961 1699 4026 eminebant,
1749 3971 1804 4016 et
1851 3960 2167 4017 facultatum

589 4052 762 4121 cepiis
791 4051 1210 4116 antecellebant,
1249 4051 1395 4106 velut
1442 4066 1512 4105 ex
1567 4053 1857 4107 immodica
1912 4052 2170 4109 felicitate

592 4143 762 4197 ferme
815 4142 1156 4207 temulentos,
1204 4142 1633 4212 deliciarnmque
1679 4145 1945 4200 varietate
1995 4155 2170 4200 trans-

592 4233 790 4288 versim
822 4233 1182 4299 abductos,ut
1221 4233 1354 4287 nihil
1385 4233 1598 4303 penitus
1625 4233 1930 4289 futurorum
1965 4238 2164 4292 incom-

2267 3052 2364 3106 καὶ
2396 3053 2703 3114 ἐσθίοντες
2724 3051 2968 3118 ἐρίφους
2988 3051 3054 3104 ἐκ
3083 3051 3391 3119 ποιμνίων,
3417 3050 3513 3101 καὶ
3537 3047 3844 3117 μοσχάρια

2265 3145 2334 3197 ἐκ
2371 3142 2568 3212 μέσου
2609 3142 2957 3205 ,Βουκολίων
2991 3141 3320 3209 γαλαθηνὰ.
3365 3142 3428 3192 Οἱ
3461 3139 3846 3206 ἐπικροτοῦν-

2265 3252 2362 3300 τες
2399 3233 2546 3301 πρὸς
2582 3232 2698 3300 τὴν
2719 3230 2929 3300 φωνὴν
2968 3230 3086 3284 τῶν
3117 3229 3406 3300 ὀργάνων,
3442 3231 3519 3294 ὡς
3548 3229 3848 3296 ἑστηκότα

2264 3326 2650 3395 ἐλογίσαντο,
2692 3323 2790 3376 καὶ
2822 3324 2935 3390 οὺχ
2968 3323 3049 3388 ὡς
3091 3323 3411 3391 φεύγοντα.
3456 3324 3518 3374 Οἱ
3565 3321 3848 3384 πίνοντες

2265 3421 2375 3472 τόν
2405 3414 2796 3484 διυλισμένον
2824 3410 3012 3480 οἶνον,
3041 3413 3140 3466 καὶ
3169 3413 3241 3466 τὰ
3268 3412 3469 3480 πρῶτα
3500 3413 3659 3481 μύρα
3690 3412 3849 3481 χριό-

2261 3527 2454 3580 μενοι,
2495 3507 2593 3560 καί
2631 3507 2742 3560 οὐκ
2784 3506 3063 3574 ἔπασχον
3091 3505 3271 3560 οὐδὲν
3299 3505 3398 3558 ἐπὶ
3437 3503 3512 3574 τῇ
3554 3501 3847 3573 συντριϐῇ

2269 3599 2374 3653 τοῦ
2421 3597 2665 3666 Ἰωσήφ.

2339 3691 2464 3744 ΝΘ’.
2507 3691 2644 3742 Οὐαὶ
2682 3689 2843 3743 πάλιν
2878 3689 2985 3742 ἀπὸ
3025 3687 3195 3742 κακοῦ
3230 3687 3309 3759 (l)
3341 3690 3455 3748 τοῖς
3496 3686 3848 3740 καθεύδουσιν

2269 3783 2360 3835 ἐπὶ
2394 3781 2589 3835 κλινῶν
2621 3780 3005 3849 ἐλεφαντίνων,
3037 3780 3193 3832 τοῦτο
3223 3779 3279 3832 δὲ
3310 3781 3526 3832 κάκεῖνο
3559 3778 3692 3848 δρᾷν
3725 3780 3849 3830 εἰω-

2269 3875 2408 3929 θόσι.
2453 3874 2797 3926 Ἐπαιτιᾶται
2822 3873 2877 3924 δὲ
2904 3872 3023 3924 λίαν
3052 3871 3162 3923 τῶν
3193 3871 3250 3923 ἐν
3299 3869 3580 3940 Σαμαρείᾳ
3623 3869 3752 3932 τοὺς
3792 3870 3849 3921 ἐν

2268 3967 2395 4038 δόξῃ
2426 3964 2944 4037 περιφανεστέρους,
2979 3963 3074 4016 καὶ
3117 3965 3235 4024 ταῖς
3263 3961 3373 4014 τῶν
3417 3962 3720 4032 χρημάτων
3756 3978 3850 4013 πε-

2270 4057 2535 4131 ριουσίαις
2576 4056 2684 4110 τῶν
2732 4054 2905 4109 ἄλλων
2949 4052 3384 4124 ὑπερηρμένους,
3418 4052 3494 4116 ὼς
3537 4054 3600 4104 έκ
3647 4052 3850 4122 πολλῆς

2269 4153 2407 4218 ἄγαν
2436 4148 2735 4218 εὐημερίας
2764 4147 3044 4217 μονονουχὶ
3067 4146 3160 4198 καὶ
3187 4143 3506 4216 μεθύοντας,
3528 4145 3622 4197 καὶ
3650 4143 3732 4215 τῷ
3753 4145 3848 4214 τῆς

2269 4241 2480 4312 τρυφῆς
2506 4238 2696 4292 πλάτει
2728 4237 3258 4307 παρενηνεγμένους,
3293 4237 3373 4299 εἰς
3404 4236 3463 4289 τὸ
3503 4237 3667 4308 μηδὲν
3713 4238 3846 4300 ὅλως

591 4323 876 4378 modorum
929 4325 1362 4393 suspicarentur,
1412 4339 1586 4396 neque
1625 4327 1704 4381 sic
1743 4325 1952 4383 allectis
1997 4327 2162 4384 Deum

2271 4330 2672 4384 ὑποϐλέπεσθαι
2704 4328 2812 4382 τῶν
2843 4329 3052 4393 δεινῶν,
3091 4329 3228 4399 μήτε
3257 4329 3364 4399 μὴν
3391 4328 3595 4382 οἴεσθαι
3623 4329 3716 4382 τὸν
3743 4330 3847 4384 τῶν

593 4417 881 4486 aliquando
938 4416 1310 4470 vehementius
1366 4417 1562 4471 iratum
1630 4416 1766 4483 fore,
1824 4428 1880 4473 et
1933 4423 2170 4490 peccatis

592 4509 805 4562 deditos
837 4509 1014 4577 poenis
1049 4517 1468 4579 prosecuturum
1517 4510 1932 4566 arbitrarentur.
1979 4511 2174 4566 Licen»

595 4599 722 4652 tiam
761 4614 942 4669 porro,
973 4608 1029 4653 et
1068 4599 1294 4654 etl‘usam
1347 4601 1398 4654 in
1439 4615 1654 4654 omnem
1695 4603 2170 4672 intemperantiam

591 4691 906 4743 eorumdem
938 4689 1102 4742 vitam
1149 4689 1410 4744 declarat.
1450 4687 1650 4754 Lectis,
1704 4691 1896 4758 inquit,
1947 4701 2172 4746 utuntur

594 4779 871 4845 eburneis,
899 4780 1231 4848 sumptuosis
1258 4780 1566 4846 admodum,
1585 4789 1638 4833 et
1669 4782 1935 4835 cubilibus
1971 4781 2168 4835 delica-

597 4870 689 4923 tis.
743 4867 810 4922 Et
855 4867 1012 4923 electi
1069 4871 1214 4940 agni,
1269 4870 1530 4940 vitulique
1583 4870 1842 4925 lactentes
1895 4871 2172 4926 esculenta

595 4976 804 5014 eormn.
833 4958 1054 5014 Cantica
1104 4961 1251 5023 item,
1293 4970 1347 5015 et
1375 4962 1637 5026 carmina,
1672 4971 1727 5016 et
1751 4963 1934 5017 omnia
1967 4962 2172 5018 instru-

597 5061 775 5104 menta
848 5052 1052 5105 nuisica
1128 5053 1418 5122 voluptatis
1473 5069 1682 5119 causa,
1747 5055 2173 5111 comessationes

595 5143 750 5208 item,
779 5141 944 5213 316
979 5153 1034 5197 et
1067 5143 1288 5212 plausus
1325 5143 1688 5212 frequentant.
1734 5145 2003 5212 Quodque
2046 5161 2172 5216 gra-

599 5235 721 5288 vius
755 5245 857 5299 cst,
893 5233 1264 5302 hujuscemodi
1297 5234 1438 5289 mala
1470 5243 1529 5288 ut
1559 5234 1712 5289 firma
1757 5245 1813 5290 et
1841 5237 2169 5305 constantia,

665 5402 924 5491 “‘(llebr.
956 5453 1009 5502 x,
1042 5436 1069 5491 l
1097 5451 1258 5507 seqq.
1325 5436 1371 5469 ³⁸
1397 5434 1559 5492 Hebr.
1590 5450 1666 5505 tv,
1695 5435 1749 5492 9.
1826 5437 1873 5469 ⁸⁸
1893 5437 2056 5506 lbid.,
2089 5438 2182 5496 10.

2271 4422 2409 4476 ὅλων
2435 4422 2568 4475 Θεὸν
2600 4423 2710 4485 τοῖς
2738 4420 2881 4474 οὕτω
2907 4421 3271 4491 διακειμένοις
3299 4422 3655 4492 έπιθήγεσθαί
3697 4439 3843 4488 ποτε,

2274 4514 2368 4568 καὶ
2390 4512 2579 4576 ποινὰς
2605 4513 2832 4580 ἐπάγειν
2861 4514 2970 4576 τοῖς
2999 4511 3493 4584 φιλαμαρτήμοσιν.
3545 4514 3846 4585 Ἑξηγεῖται

2273 4607 2330 4659 δὲ
2360 4605 2602 4676 ἀκριϐῶς
2625 4604 2688 4658 τὸ
2715 4605 2998 4674 ἀνειμένον
3040 4605 3219 4658 αὐτῶν
3274 4607 3368 4658 καὶ
3393 4607 3578 4662 ἄνετον
3604 4611 3683 4670 εἰς
3722 4624 3847 4678 τρυ-

2277 4695 2403 4766 φάς.
2447 4693 2638 4746 Κλῖναί
2677 4710 2736 4745 τε
2775 4694 2882 4764 γὰρ
2913 4695 3097 4757 αὐτοῖς
3135 4694 3197 4758 ἐξ
3233 4695 3543 4764 ἐλέφαντος,
3580 4696 3764 4767 φησιν,
3791 4695 3844 4749 αἱ

2278 4785 2610 4851 πολυτελεῖς,
2644 4785 2740 4838 καὶ
2764 4785 2907 4856 μάλα
2935 4787 3028 4840 καὶ
3065 4786 3171 4857 μὴν
3196 4787 3367 4839 εὐναί·
3401 4787 3470 4840 τὰ
3493 4788 3549 4840 δὲ
3583 4788 3838 4841 ὲπίλεκτα

2274 4876 2383 4930 τῶν
2412 4876 2622 4946 ἁμνῶν,
2662 4877 2849 4947 μόσχοι
2873 4895 2932 4930 τε
2963 4878 3228 4932 ὲπίτιτθοι
3255 4878 3325 4931 τὰ
3353 4877 3608 4950 ἐδώδιμα,
3639 4879 3768 4950 eaut
3789 4871 3843 4931 τε

2275 4969 2373 5022 καὶ
2418 4969 2574 5039 μέλη,
2628 4970 2723 5022 καί
2765 4971 2942 5024 πάντα
2983 4971 3053 5024 τὰ
3092 4969 3158 5023 δι’
3187 4973 3432 5041 ὀργάνων
3479 4971 3843 5025 συνεισθέοντα

2273 5061 2396 5122 ταῖς
2422 5063 2676 5131 τρυφαῖς,
2707 5060 2880 5131 κῶμοί
2907 5080 2966 5114 τε
2996 5063 3089 5116 καὶ
3123 5064 3326 5134 κρότοι,
3361 5065 3453 5118 καὶ
3480 5067 3540 5118 τὸ
3566 5065 3644 5118 ἔτι
3672 5082 3843 5136 φορτι-

2275 5149 2536 5223 κώτερον,
2566 5153 2647 5206 ὄτι
2669 5153 2736 5206 τὰ
2757 5153 2932 5208 τοιάδε
2958 5155 3065 5208 τῶν
3096 5156 3280 5210 κακῶν
3314 5157 3390 5220 ὡς
3427 5157 3635 5210 ἑστῶτα
3677 5155 3840 5224 ἐλογίσ-

2278 5253 2460 5303 σαντο,
2491 5239 2586 5292 καὶ
2611 5239 2711 5311 οὐχ
2733 5239 2809 5305 ὡς
2839 5241 3126 5312 φεύγοντα.
3156 5244 3396 5300 Καθόλου
3428 5246 3525 5318 μὲν
3566 5247 3674 5318 γὰρ
3704 5263 3842 5312 παρ-

665 5612 740 5680 (l)
772 5611 1066 5670 Cotelerius
1098 5611 1357 5684 (Monum.
1402 5611 1548 5672 Eccl.
1598 5608 1714 5678 Gr.,
1751 5613 1810 5679 ll,
1838 5612 1963 5686 590)
1993 5613 2162 5687 legent

2264 5635 2271 5674 ι
2313 5625 2498 5674 monet
2520 5618 2628 5674 ἀπὸ
2650 5619 2853 5678 κοινοῦ.
