4140 6370
505 277 602 335 521

1460 281 2006 340 COMMENTARIUS
2044 282 2111 339 IN
2149 284 2337 343 AMOS
2378 282 2825 345 PROPIIETAM.

3664 302 3768 358 522

508 400 729 454 ίπταται
759 399 830 454 τά
857 402 1051 466 τοιάδε,
1096 403 1187 456 καὶ
1242 404 1428 477 ἀπάτη
1472 400 1709 477 κοσμικὴ
1758 407 1818 459 τὸ
1865 408 2069 478 ἱδρυμέ-

2194 425 2297 463 non
2348 408 2560 479 fugacia
2609 424 2879 481 reputant.
2941 414 3198 471 Universa
3235 435 3469 489 namque
3501 421 3601 477 ista
3633 442 3769 494 pra--

506 509 596 547 νον
644 491 744 546 οὐκ
805 492 940 563 ἔχει.
1003 493 1205 549 Λύεται
1260 497 1371 568 γάρ
1428 500 1486 552 ἐν
1552 500 1652 570 ἴσῳ
1712 502 1931 562 σκιαῖς,
1992 501 2086 552 καὶ

512 602 533 636 ‹
580 585 816 657 παράγει
846 586 908 640 τὸ
937 588 1124 658 σχῆμα
1150 586 1246 641 τοῦ
1288 589 1497 661 κόσμου
1544 590 1756 655 τούτου,
1797 612 1816 643 ι
1856 592 1996 646 κατά
2022 592 2086 645 τὸ

504 677 869 748 γεγραφέναι’
908 680 1309 750 συγκαταλήγει
1338 681 1395 736 δὲ
1431 685 1648 747 πάντως
1695 688 1809 746 τοῖς
1855 684 2087 738 τεθνεῶ-

505 782 594 822 σιν
631 769 665 838 ὴ
697 769 895 839 τρυφή.
935 769 1060 823 Ἐπὶ
1090 769 1146 823 δέ
1171 788 1235 839 γε
1266 772 1376 827 τῶν
1405 776 1464 827 ἐν
1493 776 1775 848 Σαμαρείᾳ
1823 778 1916 830 καὶ
1960 777 2083 830 καθ’

503 858 690 931 ἕτερον
744 860 811 914 ἂν
855 863 1026 915 νοοῖτο
1072 866 1273 935 τρόπον
1329 867 1437 921 τῶν
1494 869 1799 940 εἰρημένων
1853 870 1883 922 ό
1938 870 2081 935 νοῦς.

514 950 735 1024 Ἐπειδὴ
784 952 894 1025 γὰρ
933 954 1157 1025 ἔμελλον
1210 956 1537 1025 ἁλώσεσθαι,
1586 961 1679 1015 καὶ⁹
1709 962 1810 1014 οὐκ
1858 962 1937 1025 είς
1981 980 2085 1032 μα-

504 1041 667 1113 κράν,
693 1043 963 1113 φεύγοντά
984 1064 1045 1100 τε
1090 1049 1184 1102 καὶ
1216 1049 1315 1121 οὐχ
1343 1051 1554 1107 ἑστῶτα
1581 1051 1729 1123 λέγει
1753 1053 1821 1107 τὰ
1847 1054 1927 1118 είς
1952 1073 2083 1125 τρυ-

504 1133 611 1205 φὴν
662 1135 846 1195 αὐτοῖς
901 1137 1161 1210 ἐξιτὴλως
1214 1140 1575 1213 ἐξευρημένα,
1624 1144 1701 1207 ὠς
1759 1143 1882 1197 ὅσον
1932 1143 2085 1198 οὔπω

503 1223 967 1297 παρελευσόμενα.
1025 1228 1401 1301 Ἐπικροτοῢσι
1433 1231 1497 1304 δὴ
1540 1228 1632 1287 οὖν
1664 1236 1775 1297 τοῖς
1807 1234 2081 1307 ὀργάνοις,

499 1308 644 1367 οἶνον
673 1313 919 1381 πίνοντες
946 1318 1089 1390 τάχα
1115 1338 1218 1374 που
1250 1322 1342 1376 τὸν
1366 1324 1685 1396 ἀνθοσμίαν,
1732 1328 1826 1381 καὶ
1872 1327 2084 1392 λεπτῶς

501 1398 563 1459 εὖ
605 1405 752 1476 μάλα
797 1408 1154 1480 διυλισμένον.
1210 1414 1614 1485 Καταχρίονται
1652 1417 1709 1470 δὲ
1758 1419 1854 1473 καλ⁸
1904 1419 2080 1491 μύρῳ,

504 1500 843 1565 συντιθέντες
871 1503 938 1558 τά
976 1504 1251 1576 ἐξαίρετα,
1283 1508 1377 1561 καὶ
1416 1508 1571 1577 λόγον
1598 1510 1787 1563 οὐδένα
1816 1512 2081 1581 πεποίην-

502 1605 591 1643 ται
617 1590 894 1655 παντελῶς
920 1592 1013 1645 τοῢ
1055 1595 1436 1665 συντρίϐεσθαι
1472 1597 1686 1667 μέλλειν
1721 1598 1813 1653 τὸν
1859 1600 2079 1671 Ἰωσήφ.

502 1680 693 1735 Καίτοι
721 1683 830 1753 γὰρ
862 1687 1272 1755 προεγνωκότες
1298 1687 1397 1759 τὴν
1428 1689 1551 1741 ὅσον
1590 1689 1742 1743 οὕπω
1776 1693 2083 1763 παρεσομέ-

2192 501 2485 567 tervolant,
2542 515 2600 558 et
2662 507 2928 560 mundana
2982 507 3190 564 fallacia
3241 513 3590 569 lirmitudinis
3634 520 3764 571 nihil

2190 593 2592 665 habet.Quippe
2615 606 2672 650 ut
2695 600 2899 652 umbra:
2930 612 3281 669 evanescunt,
3312 613 3385 669 et,
3415 618 3473 660 ut
3503 608 3765 678 scriptum

2186 696 2287 749 εει,
2330 704 2349 735 ι
2387 688 2629 754 praeterit
2667 690 2835 759 ﬁgura
2871 692 3033 762 hujus
3065 697 3246 749 mundi
3280 696 3344 762 ⁸⁷,
3396 716 3414 749 ι
3462 709 3518 753 et
3559 701 3767 758 delicia:

2186 779 2410 834 omnino
2442 780 2493 834 in
2537 781 2651 851 ipsa
2680 793 2853 839 morte
2883 786 3157 843 desinunt.
3212 788 3383 846 Porro
3415 791 3484 847 de
3518 792 3765 849 Samari-

2191 868 2331 924 tanis
2366 870 2530 923 etiam
2567 871 2707 925 alius
2738 873 3008 929 dictorum
3040 892 3231 933 sensus
3253 895 3373 935 esse
3399 891 3592 948 potest.
3622 884 3766 949 Quo-

2188 957 2332 1012 niam
2361 960 2504 1014 enim
2538 960 2592 1015 in
2621 964 2958 1031 servitutem,
2995 982 3096 1023 nec
3127 970 3198 1024 ita
3234 972 3404 1027 multo
3435 986 3575 1042 post,
3619 977 3763 1030 redi.

2186 1050 2351 1120 gendi
2386 1061 2562 1116 erant,
2608 1054 2685 1107 ait
2718 1054 2954 1112 labentia
3012 1068 3066 1114 et
3096 1061 3365 1118 instabilia
3393 1080 3513 1122 esse
3533 1069 3601 1121 ab
3632 1068 3764 1137 ipsis

2185 1138 2254 1192 ad
2303 1138 2630 1210 voluptatem
2700 1158 2842 1200 vane
2907 1162 3254 1219 comparata,
3321 1155 3484 1210 veluti
3538 1157 3763 1227 jamjam

2184 1232 2547 1300 printer-itura.
2591 1233 2862 1292 Plaudunt
2907 1240 3071 1309 igitur
3099 1244 3241 1301 inter
3268 1260 3563 1303 concentus
3601 1252 3764 1306 musi-

2184 1341 2298 1392 cos,
2336 1327 2582 1385 bibentes
2612 1330 2794 1385 vinum
2826 1334 3113 1390 odoratum
3149 1338 3400 1403 fortasse,
3427 1352 3482 1397 et
3524 1343 3762 1398 colatum

2184 1416 2370 1484 probe.
2436 1417 2741 1487 Unguentis
2810 1423 2973 1477 etiam
3022 1428 3305 1483 excellenti
3369 1434 3763 1500 compositione

2185 1518 2479 1577 unguntur,
2513 1520 2565 1564 et
2591 1509 2793 1582 Josepb
2829 1518 3122 1571 contritum
3179 1521 3266 1581 iri.
3315 1524 3445 1578 nihil
3481 1529 3629 1593 pensi
3672 1527 3762 1581 ha-

2182 1600 2310 1656 bent
2334 1604 2565 1672 penitus.
2598 1604 2861 1672 Quamvis
2887 1612 3031 1664 enim
3071 1613 3218 1667 brevi
3265 1626 3582 1673 eventuram
3615 1619 3760 1674 cala-

2184 1693 2447 1761 mitatem,
2495 1699 2983 1770 captivitatemque
3024 1703 3307 1773 Samarize,
3355 1716 3409 1763 et
3449 1710 3502 1764 in
3549 1710 3754 1783 Josepli

499 1786 598 1840 νην
630 1772 934 1842 συμφοράν,
968 1775 1061 1828 καὶ
1106 1777 1203 1844 τῆς
1238 1778 1549 1847 Σαμαρείας
1587 1778 1685 1850 τὴν
1728 1779 1949 1843 ἅλωσιν,
1985 1761 2069 1835 καὶ

2564 1761 2579 1767 -
2895 1761 2907 1770 -
3292 1761 3306 1773 ι
3367 1761 3402 1763 -ί
3449 1761 3502 1764 -ίν
3553 1761 3754 1783 ""'l"‘

2184 1781 2419 1838 futuram
2445 1788 2829 1844 contritionem
2857 1795 3199 1861 prmscirent,
3229 1808 3407 1855 tamen
3440 1817 3467 1854 a
3496 1815 3759 1860 consueta

497 1860 596 1933 τὴν
628 1860 685 1913 ἐν
712 1862 790 1933 τῷ
828 1864 1021 1935 Ἰωσὴφ
1048 1866 1417 1938 γενησομένην
1437 1870 1749 1940 συντριᾶὴν,
1772 1871 1873 1940 τῆς
1895 1872 2076 1936 αὐτοῖς

499 1955 913 2028 κατειθισμένης
942 1960 1002 2012 οὐ
1029 1960 1371 2031 κατημέλουν
1402 1962 1635 2034 τρυφῆς.
1666 1964 1955 2018 Πάνδεινον
1983 1964 2077 2020 οὖν

496 2052 573 2111 ὼς
601 2048 815 2120 ἀληθῶς
842 2050 901 2104 τὸ
931 2053 1250 2123 σωματικῆς
1279 2054 1542 2124 ἡττῆσθαι
1574 2057 1783 2127 τρυφῆς
1811 2059 1936 2120 τοὺς
1965 2076 2076 2128 χω·

498 2139 628 2207 ρῶν,
658 2141 691 2211 ἢ
723 2141 947 2209 πόλεων,
982 2144 1015 2214 ἢ
1046 2143 1189 2197 λαῶν
1217 2145 1467 2215 ἡγεῖσθαι
1497 2146 1775 2217 λαχόντας.
1807 2149 1933 2201 Δέον
1966 2150 2075 2221 γὰρ

493 2231 554 2284 ὅν
595 2232 794 2300 μᾶλλον
826 2235 946 2296 ταῖς
982 2233 1351 2305 καθηκούσαις
1388 2237 1612 2308 νήψεσιν
1652 2234 1709 2292 εὖ
1756 2240 1898 2309 μάλα
1933 2260 2085 2321 χρωον

498 2322 692 2394 μένους
725 2323 1038 2393 περιαθρεῖν
1059 2325 1125 2377 τὰ
1156 2325 1522 2396 συμφέροντα,
1551 2328 1645 2381 καὶ
1678 2331 1798 2381 κατ’
1828 2332 1957 2384 εὐθὺ
1980 2331 2071 2385 τοῦ

496 2415 795 2486 πρέποντος
826 2416 1123 2486 ἀποφέρειν
1158 2417 1285 2480 τοὺς
1335 2418 1804 2491 ὑπεστρωμένους,
1850 2423 1943 2474 καὶ
1986 2422 2075 2475 διὰ

495 2509 696 2571 παντὸς
748 2508 950 2580 τρόπου
1002 2508 1373 2580 λελυπημένον
1430 2510 1868 2582 ἐκμειλίσσεσθαι
1919 2513 2068 2579 Θεὸν,

492 2600 612 2664 πῶς
648 2602 749 2654 οὐκ
776 2601 1125 2671 ἀπόπληκτον
1153 2601 1349 2673 κομιδῇ
1377 2601 1438 2655 τὸ
1468 2602 1808 2656 κατολισθεῖν
1839 2605 1917 2667 είς
1944 2622 2072 2674 τρυ-

493 2691 619 2760 φὰς,
652 2692 865 2761 καὶτῆς
906 2692 1133 2764 βεϐήλου
1163 2694 1520 2766 φιλοσαρκίας
1554 2694 1704 2748 οὐδὲν
1738 2696 1984 2765 ἡγεῖσθαι
2010 2697 2071 2749 τὸ

492 2782 748 2852 ἄμεινον;
807 2783 942 2853 Περὶ
984 2782 1093 2835 τῶν
1148 2782 1405 2836 τοιούτων
1450 2783 1591 2854 τάχα
1638 2782 1739 2836 πού
1780 2800 1945 2853 φησιν
1981 2783 2070 2838 διὰ

491 2874 676 2943 φωνῆς
708 2872 878 2939 ἁγίων
900 2888 913 2900 '
944 2890 963 2923 ι
999 2867 1069 2923 Ὦ
1097 2873 1373 2943 ποιμένες,
1396 2874 1444 2924 οί
1473 2871 1950 2941 ὃιασκορπίζοντες
1977 2874 2069 2925 καὶ

491 2963 819 3026 ἀπολλύντες
843 2963 912 3017 τά
946 2962 1195 3033 πρόϐατα
1223 2962 1322 3033 τῆς
1355 2964 1547 3033 νομῆς.
1595 2983 1613 3014 ι
1646 2964 1768 3016 Ὂτι
1801 2965 1910 3036 γὰρ
1949 2966 2071 3027 ταῖς

490 3055 599 3109 τῶν
656 3056 928 3125 ποιμένων
984 3054 1274 3127 ῥᾳθυμίαις
1338 3055 1639 3108 κινδυνεύει
1679 3056 1740 3109 τὸ
1789 3058 2063 3126 ὑπήκοον,

492 3148 661 3215 σαφὲς
716 3146 782 3201 ἂν
831 3147 1061 3216 γένοιτο,
1112 3147 1274 3201 πάλιν
1328 3147 1463 3201 Θεοῦ
1511 3147 1758 3216 λέγοντος
1804 3149 2068 3220 ἐναργῶς

495 3261 513 3292 ι
561 3242 683 3293 Ὅτι
710 3242 759 3292 οί
784 3239 1039 3310 ποιμένες
1065 3238 1485 3310 ὴφρονεύσαντο,
1510 3238 1712 3292 καὶτὸν
1743 3239 1945 3309 Κύριον
1972 3241 2072 3294 οὐκ

490 3328 820 3401 ἐξεζήτησαν
840 3347 853 3361 ·
888 3330 975 3383 διὰ
1000 3330 1157 3383 τοῦτο
1184 3331 1283 3383 οὐκ
1315 3330 1503 3401 ἐνόησε
1537 3332 1685 3383 πᾶσα
1717 3331 1750 3400 ὴ
1778 3329 1937 3400 νομὴ,
1977 3331 2073 3384 καὶ

486 3420 999 3493 διεσκορπίσθησαν.
1048 3439 1066 3471 ι

559 3514 663 3567 Διὰ
696 3512 870 3566 τοῦτο
900 3512 1018 3565 νῦν
1048 3512 1408 3581 αἰχμάλωτοι
1450 3512 1695 3567 ἔσονται
1732 3515 1832 3568 ἀπ’
1878 3512 2070 3583 ἀρχῆς

486 3603 827 3666 δυναστῶν,
865 3602 965 3656 καὶ
992 3602 1387 3671 ἐξαρθήσεται
1426 3604 1822 3673 χρεμετισμὸς
1870 3606 2070 3658 ἵππων

486 3691 557 3755 ἐξ
600 3692 871 3759 Ἐφρατμ.

557 3783 631 3837 Ξ’.
686 3781 903 3849 Ἐπειδὴ
936 3781 1065 3851 γάρ,
1092 3783 1243 3850 φησὶ,
1278 3785 1669 3853 τετρυφήκασι,
1703 3784 1803 3855 τὴν
1831 3787 1911 3847 είς
1933 3784 2067 3840 Θεὸν

485 3874 716 3943 ἀφέντες
758 3872 999 3942 ἀγάπην,
1045 3870 1417 3942 τεθαρσήκασι
1461 3873 1517 3925 δὲ
1564 3873 1656 3926 καὶ
1702 3874 1794 3926 ἐπὶ
1834 3874 1895 3926 τὸ
1941 3874 2066 3946 ὅρος

488 3965 822 4037 Σαμαρείας,
864 3964 1132 4025 τουτέστι,
1166 3966 1278 4027 τοῖς
1320 3960 1470 4019 οὖσιν
1519 3966 1577 4020 ἐν
1624 3967 1929 4039 Σαμαρείᾳ,
1964 3984 2064 4038 με-

486 4058 658 4127 γάλην
681 4057 852 4128 ὀφρὺν
882 4056 1254 4122 ἀνασπῶντες,
1282 4056 1377 4109 καὶ
1399 4056 1690 4128 ἡγούμενοι
1715 4058 1791 4121 ὡς
1821 4060 2063 4133 ἀμετρή-

483 4166 577 4202 του
612 4147 852 4220 πληθύος
882 4146 1221 4218 ἐξάρχοντες,
1256 4148 1347 4200 καὶ
1374 4146 1606 4219 ἀριθμοῦ
1632 4151 1879 4221 κρεῖττον
1908 4150 2062 4221 ἕχον-

483 4258 574 4303 re;
624 4240 685 4292 τὸ
726 4240 965 4310 μάχιμον
1008 4240 1184 4308 γένος,
1235 4238 1511 4311 ταύτῃτοι,
1559 4242 1746 4311 φησιν,
1786 4240 1901 4311 ἥξει
1943 4242 2061 4312 μὲν,

484 4329 604 4401 ἥξει
648 4332 741 4382 καὶ
787 4330 930 4399 μάλα
973 4329 1189 4398 γοργῶς
1239 4330 1380 4383 κατὰ
1419 4330 1638 4386 πάντων
1682 4333 1711 4384 ό
1757 4332 1857 4402 τῆς
1902 4334 2064 4404 αίχμ-

2183 1878 2283 1931 sibi
2310 1878 2519 1934 luxuria
2549 1898 2654 1935 non
2679 1885 3044 1942 discedebant.
3062 1889 3199 1945 Vere
3218 1893 3757 1960 igiturmiserrimum

2182 1978 2300 2032 est,
2346 1971 2622 2039 regionum
2653 2014 2665 2032 .
2712 1976 2965 2040 urbium,
3007 1979 3323 2049 populorum
3375 1987 3645 2056 principes
3695 2005 3758 2044 ac

2184 2069 2424 2112 reetores
2472 2064 2749 2130 corporeis
2794 2065 3153 2133 voluptatibus
3199 2078 3575 2131 succumbere.
3621 2077 3754 2131 Nam

2182 2163 2304 2201 cum
2330 2164 2423 2204 eos
2443 2153 2635 2220 magis,
2657 2155 2865 2208 muneri
2890 2170 2987 2210 suo
3010 2172 3391 2227 congruentem
3421 2167 3753 2235 vigilantiam

2183 2239 2412 2294 ﬁdeliter
2450 2244 2790 2311 adhibentes,
2819 2250 3170 2305 conducibilia
3204 2254 3652 2326 circumspicere,
3703 2274 3757 2315 ρι

2180 2331 2247 2384 ad
2275 2330 2432 2386 oﬂicii
2466 2349 2707 2389 normam
2736 2338 3011 2408 subjectos
3040 2341 3291 2414 dirigere,
3335 2357 3388 2401 et
3413 2353 3556 2404 omni
3591 2354 3756 2406 ratio-

2181 2434 2249 2474 ne
2305 2422 2469 2477 Deum
2528 2423 2791 2480 offensura
2850 2430 3095 2501 mitigare
3147 2447 3414 2504 oporteat,
3480 2447 3753 2512 quomodo

2181 2528 2285 2565 non
2317 2515 2543 2569 insaniat:
2578 2519 2789 2587 plenum
2836 2537 3178 2593 censeamus,
3218 2530 3456 2600 abjicere
3486 2549 3547 2589 se
3578 2536 3627 2589 in
3658 2526 3753 2593 vo-

2179 2602 2415 2672 luptates
2450 2609 2715 2675 corporis,
2753 2620 2807 2665 et
2850 2628 2975 2668 cura
3006 2619 3189 2675 Carnis
3227 2620 3450 2692 impura:
3476 2627 3611 2682 nihil
3642 2646 3753 2686 me-

2178 2696 2283 2750 lius
2315 2697 2557 2752 ducere?
2590 2700 2664 2754 De
2711 2703 2793 2757 bis
2833 2720 2927 2774 per
2974 2720 3191 2765 sanctos
3228 2719 3517 2784 prophetas
3551 2723 3752 2776 dictum

2178 2788 2539 2843 crediderim:
2572 2809 2589 2842 ι
2629 2792 2673 2844 0
2701 2803 2966 2863 pastores,
3021 2800 3406 2873 dispergentes,
3459 2819 3513 2863 et
3555 2813 3755 2880 disper-

2179 2879 2367 2934 dentes
2399 2897 2529 2937 oves
2561 2898 2775 2951 pascua:
2802 2891 3037 2945 metes“
3066 2892 3291 2965 Propter
3319 2899 3583 2968 ignaviam
3609 2907 3750 2959 enim

2179 2980 2453 3037 pastorum
2470 2975 2715 3030 subditos
2738 2979 2922 3034 venire
2946 2983 2997 3035 in
3015 2983 3330 3054 discrimen,
3350 2990 3557 3060 liquere
3577 3005 3754 3061 potest

2177 3077 2240 3115 ex
2273 3077 2357 3127 eo,
2384 3066 2525 3133 quod
2549 3082 2761 3123 rursum
2793 3068 2934 3126 Deus
2960 3084 3145 3144 aperte
3173 3080 3303 3135 dicit
3335 3099 3349 3136 :
3405 3102 3425 3134 α
3482 3086 3615 3151 Quia
3655 3104 3749 3159 pa-

2177 3165 2351 3208 stores
2381 3156 2540 3211 stulte
2568 3169 2816 3229 egerunt,
2837 3175 2891 3217 et
2924 3165 3204 3224 Dominum
3241 3189 3343 3227 non
3377 3156 3703 3244 quasieruut
3732 3201 3747 3236 :

2173 3259 2391 3315 propter
2449 3249 2551 3305 hoc
2590 3266 2691 3306 non
2738 3253 3001 3313 intellexit
3042 3266 3219 3319 omnis
3251 3282 3401 3335 grex,
3432 3281 3487 3324 et
3520 3273 3747 3342 dispersi

2172 3348 2299 3390 Sllll
2330 3338 2394 3392 θ’.
2430 3361 2449 3392 ι

2244 3516 2406 3573 VEBS.
2435 3521 2485 3573 7.
2523 3521 2808 3594 Propterea
2845 3546 2979 3583 nunc
3033 3535 3226 3599 captivi
3270 3548 3421 3590 erunt
3471 3508 3534 3591 ab
3591 3541 3745 3595 initio

2169 3618 2453 3676 potentum,
2475 3623 2523 3665 et
2547 3616 2817 3684 auferetur
2841 3620 3073 3675 hinnitus
3101 3639 3350 3692 equorum
3378 3644 3443 3680 ea;
3462 3626 3738 3698 Ephraim.

2241 3785 2353 3842 LX.
2390 3789 2655 3856 Quoniam
2697 3809 2848 3864 vero,
2892 3798 3197 3865 posthabita
3229 3802 3517 3862 dilectione
3543 3809 3655 3876 Dei,
3690 3813 3741 3866 in

2170 3877 2380 3934 deliciis
2417 3882 2689 3946 vixerunt,
2725 3884 2918 3955 inquit,
2957 3896 3011 3942 et
3045 3890 3383 3948 conliderunt
3414 3896 3466 3950 in
3502 3910 3738 3954 montem

2168 3968 2450 4036 Samariae,
2486 3972 2536 4025 id
2567 3984 2669 4039 est,
2711 3975 2764 4029 in
2811 3976 3206 4038 habitatoribus
3242 3983 3519 4052 Samariaz,
3555 4004 3740 4059 super-

2166 4059 2353 4114 cilium
2391 4060 2661 4127 tollentes,
2694 4066 3177 4140 existimantesque
3215 4088 3273 4127 se
3305 4075 3582 4133 immensae
3605 4084 3740 4135 mul-

2164 4150 2381 4205 titudini
2422 4168 2674 4221 praeesse,
2729 4156 3035 4228 habereque
3084 4163 3371 4222 bellatores
3427 4170 3739 4226 innumera-

2166 4238 2324 4307 biles,
2351 4241 2554 4299 idcirco
2578 4247 2782 4315 veniet,
2804 4251 2999 4318 veniet,
3021 4263 3073 4307 et
3105 4259 3421 4313 maturrime
3454 4263 3737 4317 adversum

2164 4345 2353 4387 omnes
2394 4336 2725 4403 captivitatis
2775 4349 3005 4409 tempus.
3054 4344 3265 4401 Initium
3303 4360 3480 4404 autem
3515 4352 3675 4408 faciet
3708 4372 3739 4409 a

483 4422 720 4485 αλωσίας
746 4420 956 4491 καιρός.
984 4421 1316 4493 Πρωτόλειον
1342 4421 1398 4475 δὲ
1424 4424 1705 4492 ποιήσεται
1742 4424 1868 4487 τοὺς
1904 4424 2063 4478 δυνα-

2174 4425 2578 4493 potentioribus.
2642 4428 2871 4500 Semper
2925 4435 3068 4489 enim
3135 4438 3319 4494 hostes
3367 4442 3531 4514 317
3610 4449 3734 4501 dum

482 4515 767 4586 τωτέρους.
815 4515 925 4566 Ἀεὶ
951 4514 1058 4585 γὰρ
1086 4513 1329 4584 πολέμιοι
1358 4514 1757 4588 καταδῃοῦντες
1786 4516 1938 4569 πόλιν
1962 4516 2055 4570 ἐπὶ

480 4607 605 4668 τοὺς
634 4606 739 4657 τῶν
769 4606 1179 4675 ἐπισημοτέρων
1216 4606 1497 4676 τρέχουσιν
1532 4606 1731 4670 οἴκους,
1762 4608 1829 4660 τά
1865 4610 1923 4659 ἐν
1960 4608 2057 4661 αὐσ-

480 4699 590 4758 τοῖς
614 4695 1019 4765 διαρπάσοντες.
1061 4696 1275 4766 Ἐπειδὴ
1303 4696 1359 4747 δὲ
1390 4691 1459 4765 ἦν
1489 4695 1607 4758 ἔθος
1640 4699 1751 4759 τοῖς
1784 4699 1840 4748 ὲν
1878 4698 2055 4767 Σαμα-

482 4788 602 4858 ρείᾳ
622 4787 909 4858 λαμπροῖς,
938 4790 1049 4851 τοῖς
1076 4778 1370 4858 ἐξαιρέτοις
1395 4787 1503 4840 τῶν
1530 4787 1712 4841 ἵππων
1742 4789 2051 4858 ἐποχεῖσθαι

480 4879 674 4947 φιλεῖν,
720 4881 766 4931 οἱ
818 4878 894 4941 δὲ,
940 4879 1081 4932 κατά
1122 4879 1182 4931 τὸ
1214 4879 1378 4941 εἰκὸς,
1421 4878 1507 4931 διὰ
1542 4879 1720 4947 μέσων
1749 4879 1915 4947 ᾔεσαν
1946 4880 2051 4932 τῶν

480 4971 772 5035 πλατειῶν,
804 4970 987 5023 ἕννουν
1016 4988 1091 5038 τι,
1127 4972 1220 5024 καὶ
1252 4972 1431 5040 σοφὸν,
1465 4972 1559 5024 καὶ
1585 4966 1697 5023 οἷον
1734 4972 1793 5036 ἐξ
1830 4972 2053 5042 ἐπιστή-

420 5106 423 5109 μ
483 5081 587 5133 μης
613 5064 1130 5134 ὑποχρεμετὶζοντες
1156 5063 1392 5133 (ἕτοιμον
1430 5063 1537 5134 γάρ
1564 5063 1648 5116 ἀεί
1677 5080 1792 5125 πως
1830 5062 1888 5115 τὸ
1916 5062 2053 5127 ζῶον

478 5158 557 5218 εἰς
585 5156 786 5223 εἴδησιν
815 5154 1111 5223 εὐκοσμίας
1141 5156 1234 5206 καὶ⁵
1272 5155 1368 5222 τῆς
1395 5153 1541 5223 αὐτῷ
1569 5153 1882 5223 πρεπούσης
1927 5156 2049 5206 ἐπι-

478 5247 693 5316 στήμης
745 5244 1102 5315 παραδοχὴν),
1144 5244 1238 5297 καὶ
1271 5243 1429 5296 τοῦτο
1480 5244 1840 5309 πεπαύσεται,
1895 5245 2046 5315 φησί.

483 5356 502 5387 t
556 5337 942 5407 Ἐξαρθήσεται
989 5336 1119 5406 γὰρ,
1169 5336 1323 5406 φησὶ,
1372 5336 1737 5406 χρεμετισμὸς
1778 5337 1960 5389 ἵππων
1991 5337 2049 5404 ἐξ

489 5428 745 5499 Ἐφραϊμ·
764 5447 781 5480 ι
799 5428 984 5496 ὅμοιον
999 5426 1130 5479 ὡσεὶ
1142 5425 1309 5493 λέγον
1332 5425 1709 5480 Πεπαύσονται
1728 5428 1825 5496 τῆς
1848 5428 2052 5498 ἀγερω-

475 5519 598 5591 χίας
642 5518 749 5571 τῶν
775 5520 833 5572 ἐν
865 5517 1148 5589 Σαμαρείᾳ
1186 5516 1392 5580 πολλοὶ,
1440 5516 1799 5587 καταλήξουσι
1846 5517 1921 5582 δὲ,
1956 5518 2050 5570 καὶ

540 5690 588 5724 ⁸¹
615 5691 785 5749 lCor.
816 5707 909 5755 vn,
939 5692 1027 5746 5|.
1104 5693 1147 5724 ⁸⁸
1176 5693 1373 5751 Jerem.
1409 5710 1567 5758 χχιιι,
1601 5694 1650 5750 1.

831 5787 1107 5850 Parnm.
1155 5792 1269 5853 (in.
1317 5792 1544 5853 LXXI.

2165 4515 2353 4569 urbem
2369 4525 2602 4583 vastant,
2627 4520 2983 4578 illustriorum
3008 4527 3197 4583 domos
3220 4530 3517 4601 incursant,
3533 4552 3738 4608 easque

2162 4604 2444 4673 diripiuiit.
2485 4607 2619 4674 Quia
2674 4625 2800 4666 vero
2839 4616 3189 4682 optimatibus
3233 4620 3286 4672 in
3336 4620 3581 4679 Samaria
3614 4604 3734 4682 nios

2161 4707 2280 4750 erat
2307 4700 2541 4766 gaudere
2560 4701 2922 4769 singularibus
2950 4709 3125 4775 equis,
3155 4725 3185 4763 a
3220 4714 3417 4781 quibus
3449 4729 3728 4785 portaren-

2161 4796 2268 4849 tur,
2325 4790 2438 4857 qui,
2499 4799 2556 4845 ut
2611 4794 2905 4849 verisimile
2960 4809 3061 4864 est,
3123 4816 3219 4870 per
3271 4806 3476 4863 medias
3528 4809 3732 4877 plateas

2161 4880 2491 4948 gradientes,
2524 4888 2677 4953 quasi
2712 4891 2969 4958 cogitato,
3001 4904 3055 4946 et
3081 4897 3389 4965 prudenter,
3415 4911 3467 4953 et
3497 4904 3731 4958 scienter

2162 4970 2479 5028 binniebant
2514 4974 2761 5046 (semper
2809 4980 2951 5033 enim
2998 4985 3194 5038 animal
3235 4988 3338 5043 hoc
3371 4990 3436 5043 ad
3482 4994 3725 5047 notitiam

2157 5062 2437 5127 decentize,
2481 5077 2537 5120 et
2584 5079 2788 5123 natura:
2839 5086 2950 5126 suae
2991 5077 3400 5133 convenientem
3441 5082 3724 5137 scientiam

2156 5154 2548 5223 suscipiendam
2611 5172 2915 5228 promptum
2966 5164 3097 5234 est),
3130 5166 3294 5221 etiam
3342 5170 3443 5223 hoc
3494 5172 3722 5238 desinet,

2154 5244 2348 5314 inquit.
2378 5266 2397 5299 ι
2412 5248 2700 5304 Auferetnr
2718 5254 2885 5316 enim,
2910 5254 3099 5322 inquit,
3121 5257 3361 5313 hinnitus
3378 5276 3637 5329 equorum
3657 5282 3723 5321 ex

2156 5335 2406 5404 Ephraim
2424 5357 2438 5406 ;
2453 5342 2725 5409 iperinde,
2746 5358 2807 5397 ac
2828 5345 2871 5397 si
2896 5346 3061 5411 dicat,
3090 5363 3462 5418 compescetur
3485 5354 3721 5409 insolen-

2155 5429 2227 5480 tia
2248 5429 2537 5484 multorum
2569 5435 2620 5485 in
2650 5433 2914 5500 Samaria,
2939 5446 2991 5491 et
3010 5441 3257 5507 quamvis
3286 5443 3529 5499 nolentes
3545 5460 3720 5501 cessa-

2153 5520 2287 5575 bunt
2322 5536 2461 5590 sese,
2506 5524 2629 5579 dum
2679 5531 2995 5595 procedunt,
3040 5546 3133 5600 per
3180 5532 3424 5590 hinnitus
3460 5552 3720 5606 equorum

1730 5697 1771 5725 “9
1804 5693 2001 5747 Jcrctn.
2036 5710 2087 5761 Χ,
2114 5694 2205 5749 Ἣ.

3253 5804 3320 5866 17
