4140 6370
412 277 518 337 325

1399 274 1456 332 S.
1499 271 1770 331 CYRILLI
1811 223 2282 324 ADEXANDRINI
2319 261 2642 320 ARCHIEP.

3565 263 3670 320 εει

412 407 631 447 suorum
654 387 903 444 omnibus
925 388 1247 458 spectandos
1283 389 1532 456 prodere;
1567 391 1655 458 qui
1689 389 1987 456 insignibus

2105 382 2186 451 ›ὖχ
2212 379 2449 445 ἑκόντες,
2476 379 2571 432 τοῦ
2601 372 2916 450 περιφανεῖς
2960 378 3230 432 ποιεῖσθαι
3259 378 3355 442 τὰς
3383 378 3666 450 προόδους,

415 482 650 553 phaleris
691 481 890 544 ornati,
919 481 1155 548 equitem
1191 480 1354 533 etiam
1399 480 1628 535 fortasse
1662 489 1985 549 agnoscunt,

413 587 468 630 et
497 574 885 646 propemodum
923 573 1179 628 inflantur
1214 575 1432 639 animis,
1459 589 1582 628 cum
1617 591 1675 630 se
1708 573 1991 628 honorabi-

417 665 520 719 lem
565 674 619 718 et
642 671 942 732 spectatum
971 677 1239 716 sessorem
1269 663 1468 716 habere
1487 665 1744 717 sentiunt.
1767 664 1988 725 Verum,

418 756 844 809 moderationem
899 754 1237 823 principibus
1269 755 1561 808 conciliare
1616 754 1987 819 securitatem,

419 845 607 900 tollere
653 852 834 897 autem
886 844 1132 912 spiritus,
1161 845 1358 900 all‘erre
1386 847 1794 911 detrimentum,
1826 847 1990 898 etiam

416 935 545 991 hinc
623 936 939 1005 perspicias.
993 934 1140 1004 Ipsos
1205 937 1472 1006 siquidem
1527 939 1899 1003 nihilominus,
1939 947 1996 992 et

416 1030 633 1096 quidem
685 1038 810 1082 ante
858 1027 993 1081 alios
1037 1029 1114 1082 ira
1163 1019 1342 1084 divina
1393 1032 1693 1095 adorietur,
1741 1040 1796 1085 et
1845 1034 1992 1087 omni

417 1119 706 1186 Splendore
753 1136 852 1175 suo
905 1122 1301 1190 spoliabuntnr.
1356 1121 1621 1178 Jacebunt
1657 1125 1820 1179 simul
1868 1141 1991 1178 cum

418 1209 561 1274 aliis,
611 1213 866 1266 acerbum
917 1224 971 1268 et
1010 1229 1174 1283 grave
1213 1215 1545 1271 sustinentes
1579 1215 1842 1285 judicium
1877 1234 1890 1281 ;
1941 1226 1993 1272 et

418 1302 544 1369 quia
613 1318 719 1354 non
767 1302 978 1371 seipsos
1054 1303 1224 1358 solum
1281 1305 1684 1373 perdiderunt,
1737 1308 1829 1362 sed
1861 1307 1996 1361 alios

421 1393 642 1461 insuper
673 1393 723 1446 in
749 1394 956 1449 scelere
997 1394 1178 1450 socios
1215 1395 1319 1450 sibi
1363 1398 1690 1464 asciverunt,
1726 1399 1991 1453 rationem

421 1483 668 1538 reddent.

495 1576 658 1630 Vens.
691 1575 746 1629 8.
781 1575 921 1642 Quia
964 1577 1164 1647 juravit
1204 1581 1464 1634 Dominus
1494 1598 1585 1649 per
1637 1583 1994 1650 semetipsum,

421 1665 558 1730 Quia
580 1669 858 1723 abominor
894 1689 986 1742 ego
1025 1689 1228 1728 omnem
1270 1677 1566 1744 superbiam
1599 1677 1788 1742 Jacob,
1831 1688 1878 1734 et
1911 1696 1994 1733 re-

421 1759 604 1828 giones
638 1761 752 1829 ejus
775 1764 896 1816 odio
928 1764 1111 1819 habui.

495 1850 629 1906 [.Xl.
668 1853 1158 1911 lmmutabilitatem
1225 1858 1317 1912 ira:
1359 1859 1552 1913 divina!
1577 1863 1852 1929 exprimit,
1900 1864 1996 1918 do-

423 1959 550 1996 cens
570 1945 785 2014 jurasse
823 1946 989 2000 Deum
1020 1963 1079 2001 se
1117 1949 1297 2004 odisse
1326 1951 1631 2019 superbiam
1667 1952 1852 2008 Jacob.
1887 1955 1998 2010 Nec

425 2034 490 2087 ad
512 2033 680 2089 Jacob
717 2036 1080 2106 patriarcham
1127 2038 1266 2092 hanc
1292 2039 1699 2096 detestationem
1728 2044 1997 2111 pertinere

425 2126 657 2180 dicimus
682 2145 694 2179 :
724 2134 869 2181 esset
890 2127 1030 2181 enim
1070 2128 1231 2182 stulta
1295 2130 1411 2185 haec
1471 2132 1842 2204 intelligentia,
1874 2151 1994 2190 cum

423 2229 545 2267 eum
580 2217 718 2271 Deus
764 2219 832 2271 ab
863 2229 1017 2274 utero
1042 2219 1312 2286 dilexerit,
1340 2233 1394 2277 et
1419 2223 1594 2278 adhuc
1621 2227 1878 2281 maternis
1911 2228 1996 2281 in-

426 2308 630 2361 clusum
663 2307 959 2364 visceribus
1021 2311 1235 2381 elegerit
1271 2311 1336 2366 ου.
1393 2312 1560 2368 Jacob
1587 2314 1748 2381 igitur
1783 2332 1995 2373 rursum

425 2411 669 2468 posteros
706 2400 870 2457 Jacob
909 2405 1166 2467 nominat,
1215 2421 1442 2475 quorum
1469 2411 1858 2464 exsecrandam
1893 2426 1985 2466 su-

423 2491 664 2560 perbiam
695 2491 908 2565 (ὓϐριν,
945 2495 1282 2550 insolentiam
1327 2513 1561 2566 namque
1585 2516 1699 2556 mos
1737 2511 1819 2557 est
1851 2501 1998 2556 Scri-

422 2595 595 2654 ptura?
618 2598 816 2641 sanctte
832 2588 1396 2658 appellare,qu:calias
1419 2591 1709 2662 ὑπεροψία,
1728 2594 1998 2665 superbia)

428 2677 605 2732 odisse
639 2693 696 2732 se
719 2677 910 2747 inquit.
945 2681 1024 2732 Au
1056 2682 1202 2733 enim
1234 2682 1485 2748 superbia
1510 2699 1616 2737 non
1641 2693 1744 2747 est,
1793 2683 1990 2753 inquit,

427 2768 626 2824 cultum
665 2769 756 2822 Dei
785 2771 1082 2837 aspernari,
1127 2771 1462 2841 gloriamque
1495 2774 1569 2828 illi
1600 2776 2001 2832 convenientis-

428 2861 620 2915 simam
645 2859 802 2915 idolis
831 2861 1069 2917 tribuere
1097 2879 1111 2916 :
1147 2879 1322 2933 neque
1351 2867 1541 2921 audire
1567 2867 1730 2929 velle,
1762 2884 1882 2939 quae
1905 2885 2002 2937 per

430 2959 646 3004 sanctos
673 2951 963 3026 prophetas
993 2951 1233 3008 indicare
1258 2953 1490 3008 voluerit
1519 2973 1533 3009 :
1566 2965 1621 3010 et
1654 2957 1773 3025 ejus
1814 2958 1999 3014 minas

429 3042 571 3094 velut
593 3040 822 3096 ludibrio
844 3040 1060 3106 habere,
1082 3043 1622 3114 commilitonumque
1658 3047 2000 3103 multitudine
2029 3067 2069 3124 (ς

429 3130 682 3192 conlisos,
712 3128 828 3198 ejus
863 3129 1075 3184 veniam
1102 3139 1155 3184 et
1182 3148 1334 3201 opem
1370 3135 1593 3188 omnino
1619 3139 2003 3193 contemnere?

429 3219 491 3275 Et
526 3219 800 3289 quomodo
827 3220 894 3275 de
919 3223 1020 3276 hoc
1047 3223 1276 3278 dubitari
1308 3224 1521 3291 possit?
1551 3244 1570 3276 ι
1596 3225 1808 3282 Juravit
1838 3230 2002 3298 igitur

429 3327 528 3380 per
569 3313 942 3381 semetipsum,
972 3313 1165 3382 inquit,
1202 3313 1367 3384 318
1411 3317 1786 3372 universorum
1816 3320 2002 3380 Domi-

430 3419 551 3460 nus.
621 3423 639 3455 ι
700 3407 804 3460 Per
860 3405 1228 3472 semetipsum,
1280 3408 1532 3476 quoniam
1600 3410 1858 3478 majorem
1907 3427 2004 3482 per

431 3511 591 3560 quem
633 3485 871 3563 juraret,
951 3497 1185 3551 habebat
1255 3499 1546 3554 neminem.
1612 3501 1751 3569 Quid
1823 3514 2000 3558 autem

426 3587 661 3656 juravjt?
691 3605 708 3637 ι
747 3587 880 3654 Quia
930 3585 1212 3640 abominor
1235 3603 1448 3644 omnem
1492 3589 1853 3655 insolentiam,
1889 3594 2005 3646 sive

433 3678 741 3747 superbiam
774 3687 827 3732 et
852 3691 1042 3730 omnes
1064 3691 1247 3732 eorum
1275 3679 1523 3748 regiones
1551 3682 1676 3736 odio
1702 3684 1861 3738 habui
1896 3685 1998 3737 ἰ.)

433 3765 548 3822 Non
577 3767 716 3819 enim
779 3776 1027 3834 repertus
1082 3775 1167 3820 est
1221 3769 1271 3820 in
1316 3768 1421 3822 illis
1468 3770 1664 3826 divinae
1712 3773 2007 3829 voluntatis

434 3857 610 3911 cultor
639 3876 650 3910 :
685 3871 790 3910 non
825 3857 914 3926 qui
940 3873 1062 3913 eum
1099 3870 1473 3924 veneraretur,
1503 3863 1797 3932 etjustitiae
1828 3866 2002 3920 laudi-

435 3947 534 4002 bus
565 3947 868 4004 excelleret.
901 3948 1019 4004 Non
1076 3949 1218 4004 enim
1268 3949 1458 4006 fuisset
1511 3967 1731 4008 aversus
1758 3953 1916 4018 Deus,
1962 3956 2006 4010 si

436 4054 523 4106 qui
545 4037 682 4107 apud
704 4053 818 4102 eos,
836 4039 1025 4093 saltem
1057 4040 1214 4109 pauci
1241 4056 1487 4106 numero,
1517 4041 1759 4109 fuissent,
1780 4046 1868 4114 qui
1891 4048 2005 4116 pla—

436 4141 561 4181 cere
590 4128 636 4181 ei
668 4129 1022 4184 studuissent.
1056 4129 1416 4197 Quamobrem
1442 4146 1537 4200 per
1564 4131 1856 4188 Jeremiam
1885 4137 1961 4190 ait
1991 4155 2004 4189 :

443 4237 461 4269 ε
493 4219 819 4274 Concursate
854 4223 967 4275 vias
1009 4222 1329 4284 Jerusalem,
1370 4232 1424 4277 et
1459 4225 1656 4289 videte,
1691 4235 1744 4280 et
1789 4231 2010 4295 quaerite

439 4309 492 4361 in
527 4307 720 4376 plateis
757 4309 895 4378 ejus,
924 4312 967 4364 si
999 4311 1283 4364 inveniatis
1315 4312 1513 4375 virum,
1567 4315 1611 4368 si
1670 4325 1752 4370 est
1797 4317 2004 4374 faciens

2093 471 2628 542 ὑποχρεμετιζόντων
2663 472 2845 534 αὐτοῖς
2899 470 3010 523 τῶν
3054 471 3254 535 ἵππων,
3299 471 3348 524 οἳ
3398 471 3672 542 λαμπροῖς

2091 562 2355 634 φαλάροις
2401 561 2864 633 κατεστεμμένοι,
2914 563 3006 615 τὸν
3055 561 3322 632 ἐπιϐάτην
3375 563 3517 634 τάχα
3566 580 3670 615 που

2092 654 2186 706 καὶ
2243 653 2703 722 ὲπιγινώσκουσι,
2757 654 3040 724 μονονουχὶ
3093 653 3188 706 καὶ
3241 653 3454 723 φυσῶσι
3508 655 3668 724 μέγα,

2093 745 2290 796 σεπτόν
2318 761 2378 796 τε
2410 744 2503 798 καὶ
2535 744 2863 811 ἀξιάγαστον
2894 745 3286 815 ἐπαναθέμενοι
3316 746 3405 798 τὸν
3433 746 3668 816 ήνίοχον.

2107 835 2244 887 Ἀλλ’
2278 835 2358 887 ὃτι
2387 835 2446 887 τὸ
2476 836 2666 905 νήφειν
2705 839 2814 899 τοῖς
2855 835 3182 906 ἡγουμένοις
3227 835 3488 905 ἀσφαλὲς,
3516 837 3579 888 τό
3606 853 3669 904 γε

2097 927 2203 998 μὴν
2234 927 2556 979 ὑπτιοῦσθαι
2589 927 2764 996 φιλεῖν
2791 929 3105 999 ἐπιζήμιον,
3137 927 3432 981 κάντεῦθεν
3469 929 3534 982 ἂν
3578 928 3674 999 μά-

2095 1020 2225 1081 θοις.
2275 1020 2391 1070 Ἐπ’
2418 1019 2614 1082 αὐτοὺς
2646 1018 2755 1090 γὰρ
2781 1019 2954 1084 ἔσται,
2985 1021 3078 1073 καὶ
3107 1021 3213 1090 πρό
3241 1037 3306 1088 γε
3331 1018 3439 1073 τῶν
3467 1019 3665 1088 ἄλλων,

2093 1111 2160 1162 τά
2192 1109 2249 1172 ἐξ
2281 1110 2467 1180 ὀργῆς.
2511 1111 2621 1163 Καὶ
2651 1110 2868 1180 ἀπάσης
2901 1111 3000 1182 μὲν
3039 1110 3292 1172 εὐκλείας
3335 1110 3673 1182 ὲξωσθήσον-

2094 1218 2202 1254 ται.
2235 1201 2523 1254 Κείσονται
2551 1202 2703 1256 αὐτοὶ
2732 1204 2843 1265 τοῖς
2871 1201 3050 1264 ἄλλοις
3090 1202 3246 1271 ὁμοῦ,
3274 1203 3471 1272 πικρόν
3495 1219 3548 1255 τι
3579 1203 3675 1256 καὶ

2094 1291 2357 1361 δυσαχθὲς
2384 1292 2598 1370 ἔχοντες
2643 1295 2838 1364 κρῖμα·
2870 1293 2965 1346 καὶ
2996 1293 3078 1345 ὅτι
3125 1292 3200 1362 μὴ
3251 1293 3410 1362 μόνον
3449 1294 3673 1357 ἑαυτοὺς

2095 1382 2494 1448 ἀπολωλέκασι,
2517 1384 2851 1454 προσέθεσαν
2874 1383 2932 1436 δὲ
2960 1384 3054 1436 καὶ
3083 1384 3298 1454 ἐτέρους
3321 1386 3439 1448 ταῖς
3459 1383 3670 1438 ἑαυτῶν

2095 1473 2487 1542 παρανομίαις,
2516 1473 2965 1545 ἀπολογήσονται.

2169 1565 2297 1616 Ὅτι
2326 1563 2522 1632 ὤμοσε
2549 1567 2765 1632 Κύριος
2798 1567 2927 1618 καθ’
2961 1565 3198 1620 ἑαυτοῦ
3231 1567 3385 1620 Διότι
3405 1565 3676 1631 ,ϐδελύσ-
3739 1551 3754 1568 ’

2096 1673 2278 1726 σομαι
2332 1656 2446 1726 ἐγὼ
2485 1656 2693 1713 πᾶσαν
2741 1658 2855 1727 τὴν
2909 1661 3080 1728 ὕϐριν
3135 1659 3372 1722 Ἰακὼϐ,
3419 1660 3521 1716 καὶ
3567 1662 3674 1729 τὰς

2097 1748 2292 1819 χώρας
2321 1748 2508 1813 αὑτοῦ
2535 1751 2863 1821 μεμίσηκα.
3459 1797 3464 1802 .

2166 1838 2287 1891 EA’.
2330 1838 2402 1890 Τὸ
2430 1840 2765 1908 ἀμετάθετον
2795 1841 2895 1906 τῆς
2925 1841 3092 1911 ὀργῆς
3120 1841 3428 1910 ἀποφαίνει,
3461 1842 3674 1906 δεικνὺς

2097 1928 2423 1998 ὀμωμοκότα
2456 1929 2611 1996 Θεὸν,
2653 1932 2727 1994 ὡς
2772 1932 2856 1999 εἴη
2905 1934 3227 2003 μεμισηκὼς
3252 1932 3350 2002 τὴν
3397 1931 3554 2002 ὕϐριν
3579 1933 3672 1986 τοῦ

2111 2019 2325 2074 Ἰακώϐ.
2374 2023 2484 2075 Καὶ
2523 2023 2583 2075 οὐ
2625 2023 2794 2093 δήπου
2835 2022 3037 2092 φαμὲν,
3077 2023 3158 2076 ὅτι
3202 2023 3296 2076 τοῦ
3329 2024 3672 2095 προπάτορος

2109 2111 2308 2165 Ἰακὼϐ
2346 2115 2374 2167 ὁ
2415 2113 2571 2182 λόγος
2625 2115 2857 2167 ποιεῖται
2902 2115 3277 2186 κατάρῤησιν·
3322 2117 3517 2187 κομιδῇ
3565 2116 3672 2186 γὰρ

2099 2201 2292 2273 εῦηθες
2318 2204 2380 2257 τὸ
2405 2205 2531 2275 τῇδε
2556 2207 2716 2270 νοεῖν,
2746 2206 2826 2260 ὅτι
2852 2206 2946 2259 καὶ
2989 2207 3244 2278 ἠγάπησε
3269 2208 3362 2262 τὸν
3396 2207 3588 2262 Ἰακὼϐ
3610 2211 3676 2261 ὲκ

2103 2297 2336 2367 μήτρας,
2385 2297 2478 2350 καὶ
2519 2295 2814 2350 ἀπόλεκτον
2853 2301 3087 2351 ἐποιεῖτο
3131 2301 3226 2352 καὶ
3268 2299 3506 2372 ἔμϐρυον
3545 2299 3675 2353 ὄντα

2099 2386 2253 2449 Θεὸς.
2293 2386 2488 2439 Ἰακὼϐ
2517 2386 2573 2439 δὲ
2612 2387 2773 2441 πάλιν
2801 2389 2934 2459 φησὶ
2959 2391 3085 2452 τοὺς
3125 2391 3182 2457 ἐξ
3224 2391 3435 2456 Ἰακὼϐ,
3471 2384 3547 2445 ὧν
3578 2392 3676 2462 τὴν

2101 2465 2373 2552 ἐπάρατον
2401 2479 2720 2544 ἀλαζονείαν
2752 2481 2930 2552 (ὓϐριν
2960 2483 3068 2554 γὰρ
3097 2483 3217 2546 ἔθος
3248 2484 3347 2555 τὴν
3376 2484 3678 2555 ὑπεροψίαν

2100 2572 2385 2644 ὀνομάζειν
2427 2575 2492 2644 τῇ
2544 2573 2664 2643 θείᾳ
2712 2573 2924 2646 Γραφῇ)
2975 2575 3337 2646 μεμισηκέναι
3378 2577 3560 2647 φησίν.
3604 2577 3674 2632 Ἦ

2101 2665 2210 2734 γὰρ
2238 2666 2360 2736 οὐχὶ
2385 2665 2446 2719 τὸ
2475 2666 2665 2737 χρῆμά
2691 2667 2838 2720 ἐστιν
2874 2668 3176 2739 ὑπεροψίας
3211 2669 3417 2737 λοιπὸν,
3454 2671 3514 2724 τὸ
3537 2689 3678 2742 παρ-

2100 2756 2376 2820 ωθεῖσθαι,
2399 2758 2562 2828 φημὶ,
2590 2757 2650 2809 τὸ
2685 2759 2764 2818 είς
2789 2758 2921 2811 Θεὸν
2941 2760 3124 2824 σέϐας.
3151 2760 3388 2825 εἰδώλοις
3407 2761 3463 2815 δὲ
3482 2762 3679 2816 ἀπονέ-

2105 2864 2226 2917 μειν
2251 2847 2349 2918 τὴν
2392 2847 2540 2918 αὐτῷ
2589 2849 3048 2922 πρεπωδεστάτην
3094 2851 3174 2904 ὅτι
3221 2852 3456 2922 μάλιστα
3501 2853 3678 2919 δόξαν,

2103 2933 2197 2991 καὶ
2250 2939 2474 3010 προσέτι
2520 2938 2728 3004 τούτοις
2798 2941 2932 3012 μηδὲ
2984 2944 3198 2997 ἐπαΐειν
3251 2943 3436 3008 ἀξιοῦν
3483 2939 3562 2999 ὧν
3613 2946 3680 2998 ἂν

2103 3029 2274 3080 ἕλοιτο
2301 3027 2492 3100 δηλοῦν
2518 3030 2606 3084 διὰ
2632 3032 2925 3102 προφητῶν
2950 3033 3143 3101 ἁγίων,
3167 3034 3389 3106 ἄθυρμα
3415 3036 3471 3090 δὲ
3493 3035 3682 3108 ὥσπερ

2108 3120 2374 3174 ποιεῖσθαι
2419 3121 2517 3192 τὴν
2550 3123 2798 3194 ἀπειλὴν,
2847 3124 2942 3177 καὶ
2976 3125 3170 3191 πλήθει
3213 3129 3516 3199 συμμάχων
3563 3132 3683 3183 ἐπι-

2106 3207 2506 3278 θαρσήσαντας,
2559 3210 2826 3280 ἀλογῆσαι
2872 3214 3152 3278 παντελῶς
3204 3217 3304 3286 τῆς
3345 3219 3474 3289 παρ’
3516 3220 3682 3274 αὐτοῦ

2104 3301 2322 3368 φειδοῦς
2363 3303 2455 3355 καὶ
2497 3304 2848 3376 ὲπικουρίας;
2894 3303 3047 3372 Εἶτα,
3091 3307 3207 3372 πῶς
3246 3309 3402 3363 τοῦτο
3437 3312 3685 3382 ίάμφίϐο-

2105 3391 2232 3456 λον;
2281 3410 2298 3441 ι
2348 3391 2636 3463 Ὀμώμοκε
2666 3392 2843 3447 τοίνυν
2886 3396 3009 3448 καθ’
3050 3397 3262 3461 ἑαυτοῦ,
3294 3399 3480 3469 φησὶν,
3519 3402 3548 3453 ὁ
3574 3400 3684 3454 τῶν

2103 3482 2240 3534 ὅλων
2267 3480 2484 3552 Κύριος.
2523 3501 2542 3534 ι
2578 3483 2715 3535 Καθ’
2739 3485 2933 3537 ἑαυτοῦ
2962 3486 3039 3552 δὲ,
3067 3487 3149 3540 ὅτι
3179 3491 3295 3542 κατ’
3329 3490 3542 3554 οὐδενὸς
3569 3487 3684 3563 εἶχε

2110 3573 2331 3640 μείζονα
2361 3574 2571 3642 ὀμόσαι.
2603 3574 2668 3626 Τί
2697 3575 2753 3628 δὲ
2791 3577 2852 3629 τὸ
2893 3578 3320 3649 ὁμωμοσμένον;
3355 3599 3374 3634 ι
3413 3583 3533 3637 ’Ὁτι
3566 3582 3684 3655 βδε-

2106 3663 2372 3733 λύσσομαι
2419 3666 2597 3718 πᾶσαν
2631 3666 2728 3736 τὴν
2776 3667 2931 3738 ὕϐριν
2982 3671 3196 3736 Ἰακὼϐ,
3233 3673 3351 3743 ήτοι
3385 3673 3481 3745 τὴν
3516 3676 3685 3747 ὑπερ-

2107 3755 2284 3824 οψίαν,
2310 3755 2403 3808 καὶ
2431 3756 2649 3820 ἁπάσας
2680 3759 2736 3810 δὲ
2770 3759 2949 3810 αὐτῶν
2979 3762 3261 3832 μεμίσηκά
3293 3764 3390 3827 τὰς
3426 3764 3629 3836 χώρας.
3658 3784 3678 3818 ι

2108 3848 2180 3898 Οὐ
2211 3846 2318 3916 γὰρ
2362 3841 2430 3917 ἦν
2459 3849 2487 3900 ὁ
2527 3847 2588 3900 τὸ
2621 3847 2784 3912 σέϐας
2821 3850 3076 3904 ἀνάπτων
3115 3853 3281 3924 αὐτῷ,
3325 3855 3419 3908 καὶ
3458 3859 3571 3919 τοῖς
3603 3858 3686 3922 είς

2106 3936 2456 4008 δικαιοσύνην
2501 3939 2784 4009 αὐχήμασι
2823 3940 3158 4012 διαπρέπων.
3200 3943 3276 3999 Οὐ
3316 3945 3425 4017 γὰρ
3469 3945 3537 4000 ἂν
3576 3948 3684 4001 ἀπ-

2109 4028 2351 4099 εστράφη
2381 4029 2702 4102 Θεὸς,εί’περ
2728 4033 2870 4095 τινὲς
2896 4029 3054 4104 ἦσαν,
3089 4034 3192 4087 κᾶν
3223 4036 3354 4104 γοῦν
3383 4038 3686 4111 εὐαρίθμη-

2108 4137 2209 4183 τοι,
2247 4122 2376 4192 παρ’
2405 4121 2608 4187 αὐτοῖς,
2637 4119 2718 4186 οἷς
2744 4119 2813 4194 ἦν
2858 4125 2914 4176 ἐν
2967 4123 3109 4196 λόγῳ
3155 4127 3214 4179 τὸ
3262 4127 3483 4182 ἀνδάνον
3513 4129 3685 4200 αὐτῷ.

2111 4212 2220 4264 Καὶ
2253 4212 2382 4280 γοῦν
2415 4230 2547 4283 φησι
2577 4213 2664 4267 διὰ
2696 4217 2879 4286 φωνῆς
2920 4217 3180 4288 Ἰερεμίου
3201 4233 3214 4246 ⁸
3253 4237 3271 4270 ι
3314 4221 3687 4292 Περιδράμετε

2114 4305 2170 4356 ἐν
2196 4308 2315 4368 ταῖς
2338 4307 2477 4368 ὁδοῖς
2520 4307 2896 4379 Ἰερουσαλὴμ,
2943 4311 3037 4363 καὶ¹
3075 4312 3233 4377 ἴδετε,
3278 4314 3368 4365 καὶ
3414 4313 3688 4384 ξητήσατε

431 4399 713 4468 judicium,
764 4411 817 4454 et
863 4403 1093 4472 diligens
1139 4402 1320 4466 fidem,
1367 4413 1421 4456 et
1470 4406 1737 4475 propitius
1773 4424 1868 4463 ero
1903 4412 2000 4475 eis,

2109 4396 2166 4450 έν
2193 4400 2313 4460 ταῖς
2345 4398 2629 4462 πλατείαις
2671 4401 2862 4469 αὐτῆς,
2896 4401 2989 4455 ἐὰν
3018 4401 3213 4473 εὕρητε
3246 4403 3433 4476 ἀνδρα,
3478 4407 3527 4457 εἰ
3572 4405 3688 4458 ἐστι

440 4492 570 4559 dicit
599 4492 856 4545 Dominus
879 4495 945 4546 9’.
989 4513 1006 4543 ι
1036 4494 1301 4559 Quoniam
1347 4505 1524 4548 autem
1574 4499 1821 4566 regiones
1844 4498 2010 4556 Jacob

439 4601 537 4638 nec
567 4599 729 4636 unum
766 4585 1042 4639 bonum'et
1082 4586 1171 4640 Dei
1203 4597 1472 4641 amantem
1510 4589 1685 4644 virum
1719 4591 2008 4660 habebant,

437 4675 640 4729 idcirco
672 4677 811 4728 datte
863 4684 990 4728 sunt
1043 4677 1094 4727 in
1144 4677 1552 4741 desolationem,
1604 4689 1659 4733 et
1710 4673 1870 4736 urbes
1905 4700 2008 4738 una

436 4780 558 4816 cum
583 4765 769 4818 incolis
801 4765 1139 4818 interierunt.
1190 4765 1548 4822 Vehementer
1598 4770 1780 4840 itaque
1813 4776 2012 4830 sanctis

434 4867 573 4916 opus
597 4863 680 4906 est
709 4869 721 4904 :
755 4861 971 4906 servant
1016 4854 1158 4906 enim
1216 4857 1411 4918 urbes,
1460 4865 1514 4910 et
1569 4859 1813 4928 regiones
1858 4862 2008 4919 clade

435 4941 774 5010 impendente
805 4942 1054 5000 liberant.
1107 4945 1240 4997 iram
1282 4946 1371 4999 Dei
1403 4951 1747 5016 quantumvis
1794 4949 2005 5004 ferven-

436 5041 542 5084 tem
575 5031 697 5085 vita:
727 5032 1048 5086 claritudine
1098 5032 1464 5100 retundentes,
1512 5052 1605 5090 seu
1665 5039 2002 5103 hebetantes,

433 5131 487 5176 et
519 5122 751 5192 impetus
792 5123 911 5194 ejus
958 5125 1254 5178 iracundiae
1313 5125 1652 5183 incursantes
1700 5144 1817 5193 nos,
1850 5129 2006 5197 quasi

434 5215 792 5271 retrahentes.

511 5397 668 5452 Vens.
701 5398 855 5452 9-11.
907 5397 976 5451 Et
1020 5400 1260 5465 auferant
1317 5400 1575 5453 civitatem
1607 5415 1723 5453 cum
1765 5399 2005 5456 omnibus

437 5505 553 5558 quae
583 5491 636 5542 in
657 5507 739 5545 ea.
771 5489 839 5544 Et
868 5494 991 5557 erit,
1017 5494 1061 5548 si
1083 5493 1249 5548 relicti
1271 5492 1463 5562 fuerint
1490 5493 1583 5546 viri
1605 5494 1658 5546 in
1690 5493 1846 5545 domo
1873 5509 2004 5555 una,

508 5668 564 5734 ⁸⁸,
588 5668 810 5726 Malach.
846 5690 884 5740 ι,
914 5673 968 5740 2,
1002 5674 1053 5728 5.
1130 5675 1171 5705 ⁸³
1201 5673 1363 5728 Hebr.
1397 5687 1478 5731 vt.
1512 5672 1595 5727 l5.

2115 4489 2282 4542 ποιῶν
2325 4491 2521 4560 κρῖμα,
2553 4491 2647 4545 καὶ
2681 4492 2908 4560 ἀγαπῶν
2939 4494 3142 4555 πίστιν,
3179 4497 3272 4548 καὶ
3315 4497 3471 4560 ἵλεως
3492 4497 3689 4567 ἔσομαι

2112 4583 2311 4644 αὐτοῖς,
2342 4581 2490 4649 λέγει
2525 4581 2784 4653 Κύριος.»
2825 4583 3040 4655 Ἐπειδὴ
3073 4585 3129 4638 δὲ
3150 4587 3242 4639 τοῦ
3277 4587 3472 4640 Ἰακὼϐ
3495 4589 3550 4641 αἱ
3578 4588 3687 4658 χῶ-

2115 4690 2205 4745 ραι
2228 4673 2515 4742 γεγόνασιν
2536 4675 2593 4726 ἐν
2621 4675 2798 4747 ἐνδείᾳ
2838 4678 3036 4741 παντὸς
3059 4678 3266 4746 ἀγαθοῦ
3289 4680 3383 4732 καὶ
3412 4679 3690 4749 θεοφιλοῦς

2113 4765 2327 4836 ἀνδρὸς.
2362 4765 2620 4838 ταύτῃτοι
2652 4767 2889 4822 δέδονται
2921 4770 3055 4838 πρὸς
3083 4772 3382 4841 ἐρήμωσιν,
3417 4771 3512 4826 καὶ
3552 4771 3690 4842 ὁμοῦ

2112 4857 2222 4917 τοῖς
2253 4855 2551 4908 ἐνοικοῦσιν
2581 4857 2923 4912 ἀπολώλασιν
2952 4862 3004 4912 ai
3041 4861 3240 4924 πόλεις.
3263 4863 3436 4934 Πολλὴ
3470 4881 3691 4936 τοιγαρ-

2115 4946 2210 4999 οῦν
2241 4947 2350 4999 τὼν
2400 4949 2570 5016 ἁγίων
2623 4951 2656 5019 ἡ
2695 4951 2883 5020 χρεία·
2924 4950 3154 5016 σώζουσι
3203 4953 3310 5025 γὰρ
3353 4955 3558 5018 πόλεις,
3596 4955 3690 5008 καὶ

2116 5038 2520 5093 ἀπαλλάττουσι
2555 5041 2737 5111 χώρας
2764 5044 3048 5112 συμφορᾶς
3072 5045 3476 5116 ὲπηρτημένης,
3509 5050 3573 5118 τῇ
3595 5026 3702 5100 τοῦι

2119 5129 2234 5199 βίου
2264 5132 2580 5203 φαιδρότητι
2610 5135 3083 5204 παρεγκόπτοντες
3104 5137 3196 5188 ἐπὶ
3220 5136 3282 5189 τὸ
3309 5137 3550 5209 ῥᾴθυμον
3573 5141 3690 5193 καί-

2114 5239 2197 5275 τοι
2226 5221 2416 5287 ζέοντα
2448 5223 2540 5276 τὸν
2573 5223 2760 5294 θυμὸν,
2793 5227 2884 5278 καὶ
2917 5221 3028 5279 οἷον
3074 5227 3523 5299 ἀνασειράζοντες
3570 5233 3691 5285 ὲπι-

2122 5315 2385 5385 τρέχοντα
2409 5315 2477 5367 τὰ
2507 5317 2572 5369 ἐκ
2607 5315 2757 5379 θείας
2785 5317 2954 5387 ὀργῆς
2985 5319 3281 5389 κινήματα.

2185 5406 2292 5459 Καὶ
2321 5405 2514 5474 ἐξαρῶ
2551 5408 2734 5461 πόλιν
2753 5409 2875 5461 σὺν
2894 5409 3084 5464 πᾶσιν
3115 5410 3239 5478 τοῖς
3267 5411 3336 5465 ὲν
3365 5411 3539 5482 αὐτῇ.
3579 5413 3691 5468 Kal

2114 5497 2302 5563 ἔσται,
2346 5497 2453 5551 ἐὰν
2497 5500 2947 5569 ὑπολειφθῶσιν
2989 5501 3204 5572 ἄνδρες
3239 5504 3308 5558 ἐν
3356 5506 3514 5574 οίκίᾳ
3557 5504 3688 5578 μιᾷ,

1673 5673 1717 5704 θ’
1741 5671 1939 5728 Jcrem.
1975 5685 2023 5737 v,
2057 5670 2108 5724 l.
