4140 6370
489 309 596 366 5ὶό

1445 320 1993 383 COMMENTARIUS
2032 326 2100 382 IN
2136 327 2321 386 AMOS
2359 328 2780 390 PROPHETAM

3632 342 3738 400 526

491 419 589 473 καί
619 419 1076 492 ἀποθανοῦνται,
1104 429 1202 481 καὶ
1235 432 1778 503 ὑπολειφθήσονται
1811 443 1864 492 οι
1894 442 2033 495 κατά

2164 453 2211 496 et
2246 447 2538 502 morientur
2562 488 2576 514 ,
2616 461 2662 504 et
2707 450 3070 522 relinquentur
3106 454 3310 525 reliqui,
3366 467 3412 509 et
3467 458 3736 526 capientur

489 511 711 574 λοιποί,
741 512 840 564 καὶ
860 513 1160 582 λήψονται
1189 522 1242 573 οὶ
1275 523 1476 577 οἰκεῖοι
1505 527 1723 590 αὐτῶν,
1752 531 1848 582 καὶ
1877 546 2060 600 παρα-

490 595 726 652 ϐιῶνται
751 600 857 654 τοῦ
883 603 1189 676 ἐξενέγκαι
1217 609 1289 662 τὰ
1319 612 1469 668 ὀστᾶ
1497 615 1696 668 αὐτῶν
1723 619 1790 672 ἐκ
1825 621 1929 674 τοῦ
1970 623 2056 674 οἵ-

489 709 621 756 κου,
651 696 746 748 καὶ
768 697 894 765 ἐρεῖ
916 701 1039 766 τοῖς
1067 708 1471 771 προεστηκόσι
1500 709 1608 776 τῆς
1630 714 1843 778 οἰκίας,
1877 718 1942 767 El
1972 717 2058 768 ἔτι

487 782 740 854 ὑπάρχει
769 790 926 855 παρὰ
955 793 1094 854 σοί;
1130 795 1236 846 Καὶ
1266 795 1403 862 ἐμεῖ’
1449 801 1570 852 Οὐκ
1609 802 1714 853 ἔτι·
1753 805 1857 856 Καὶ
1905 806 2026 872 ἐρεῖ
2042 825 2051 835 ·

487 874 667 942 Σίτα,
728 875 906 931 ἕνεκα
954 881 1060 934 τοῦ
1111 882 1197 950 μὴ
1253 886 1544 954 ὀνομάσαι
1595 893 1658 942 τὸ
1716 893 1899 962 ὄνομα
1952 897 2057 949 τοῦ

485 965 726 1031 Κυρίου.

555 1057 671 1109 EB’.
717 1059 931 1130 Ἐπειδὴ
961 1061 1066 1133 γὰρ
1099 1064 1370 1134 μεμίσηκε
1394 1067 1493 1136 μὲν
1523 1070 1698 1122 αὐτῶν
1728 1071 1822 1134 τὰς
1851 1073 2052 1144 χώρας,

485 1149 991 1218 καταμυσσάττεται
1035 1153 1092 1206 δὲ
1141 1155 1234 1208 καὶ
1267 1159 1445 1210 πᾶσαν
1491 1159 1587 1230 τὴν
1622 1161 1776 1232 ὕϐριν
1837 1165 2052 1232 Ἰακὼϐ,

483 1239 602 1309 ἤτοι
650 1240 747 1311 τὴν
792 1241 1106 1306 ἀλαζονείαν
1153 1246 1352 1310 αὐτῶν,
1402 1251 1726 1322 αὐτάνδρους
1776 1256 1875 1317 τὰς
1923 1261 2053 1328 παρ’

482 1331 666 1394 αὐτοῖς
696 1332 965 1387 διολλῦναι
1000 1336 1184 1400 πόλεις
1226 1338 1483 1410 ταύτῃτοί
1517 1361 1669 1414 φησι.
1719 1346 1790 1398 Τὸ
1820 1348 1876 1400 δὲ
1904 1349 2053 1414 ὅπως

481 1423 688 1478 ἕκαστα
738 1428 854 1490 τοῖς
903 1429 1082 1482 ἐκεῖνα
1139 1433 1626 1504 πεπλημμεληκόσι
1693 1439 2048 1510 συμϐήσεται,

479 1513 824 1585 διερμηνεῦει
873 1516 1104 1583 λεπτῶς.
1170 1520 1376 1593 Ἐξαρῶ
1425 1523 1573 1594 γὰρ,
1627 1527 1824 1596 φησὶν,
1872 1529 1938 1599 ἣν
1985 1529 2051 1584 ἂν

482 1602 739 1676 βούλομαι
787 1607 959 1674 πόλιν,
1007 1612 1099 1663 καὶ
1138 1605 1248 1665 οἷον
1292 1615 1355 1666 ὲκ
1403 1615 1566 1684 μέσου
1615 1619 1909 1690 ποιήσομαι
1938 1625 2050 1686 τοῖς

478 1697 753 1762 κατοίκοις
798 1701 954 1770 ὁμοῦ.
1006 1702 1124 1756 Κᾶν
1170 1707 1217 1758 εἰ
1263 1705 1470 1774 γένοιτο
1517 1709 1677 1779 τυχὸν
1718 1711 1848 1765 δέκα
1898 1714 2047 1778 τινὰς

478 1790 585 1844 τῶν
629 1791 694 1846 ὲκ
727 1795 856 1863 μιᾶς
883 1793 1050 1848 ὄντων
1081 1797 1259 1860 οἰκίας
1301 1799 1582 1870 διαδράναι
1617 1803 1714 1872 μὲν
1741 1803 1849 1859 τῶν
1889 1807 2045 1860 πολε-
2076 1799 2118 1854 Β

479 1881 619 1951 μίων
666 1883 726 1936 τὸ
769 1883 948 1954 ξίφος,
1001 1888 1238 1941 εἰσδῦναι
1283 1891 1338 1943 δὲ
1384 1892 1465 1955 είς
1497 1895 1701 1963 μυχοὺς
1737 1897 1828 1949 καὶ
1867 1900 1945 1960 είς
1976 1899 2046 1952 τὰ

477 1972 720 2045 ἑσώτερα
775 1977 874 2045 τῆς
931 1977 1136 2042 οἰκίας,
1193 1980 1567 2052 τεθνήξονται,
1628 1984 1858 2050 δεδιότες
1907 1990 2044 2059 τάχα

478 2081 580 2118 που
634 2065 738 2119 κᾶν
791 2065 918 2134 γοῦν
973 2069 1244 2139 προκῦψαι
1301 2071 1473 2143 βραχὺ
1531 2073 1640 2127 τῶν
1699 2078 1755 2128 ὲν
1806 2072 1883 2140 οἷς
1938 2082 2042 2133 εὶσι

476 2154 684 2225 μυχῶν.
722 2155 1027 2223 Διαδέξεται
1079 2159 1256 2213 τοίνυν
1305 2164 1401 2228 τὴν
1430 2161 1522 2214 τοῦ
1562 2165 1812 2228 παίοντος
1861 2171 2038 2240 χεῖρα,

475 2247 658 2316 φησὶν,
711 2247 739 2299 ὁ
789 2247 1007 2318 λοιμὸς,
1060 2250 1152 2302 καὶ
1207 2253 1493 2306 ἀποκτενεῖ
1539 2257 1664 2318 τοὺς
1718 2260 2038 2330 κεκρυμμέ-

472 2352 614 2399 νους.
653 2337 1176 2410 Ἀποκεχωρηκότων
1203 2339 1258 2392 δὲ
1288 2340 1395 2393 τῶν
1424 2341 1657 2413 ἐχθρῶν,
1680 2345 1868 2415 ἥξουσί
1894 2364 2038 2412 τινες

471 2426 580 2480 τῶν
630 2427 688 2493 ἐξ
759 2429 990 2499 αἵματός
1035 2446 1094 2482 τε
1151 2430 1242 2482 καὶ
1302 2432 1441 2485 κατὰ
1501 2433 1739 2488 διάθεσιν
1796 2439 2034 2504 οἰκείων,

480 2536 499 2568 ι
533 2518 639 2570 Καὶ
667 2519 1037 2588 παραῦιῶνται
1057 2520 1148 2574 τοῦ
1177 2521 1501 2590 ἐξενεγκεῖν,
1532 2525 1600 2578 τὰ
1622 2527 1755 2580 ὀστᾶ
1782 2529 1976 2584 αὐτῶν.
2013 2551 2032 2582 ι

470 2607 604 2660 Τίνα
627 2609 683 2662 δὲ
717 2610 1153 2674 καταϐιάσονται,
1192 2614 1261 2666 τά
1290 2613 1397 2668 τῶν
1439 2614 1746 2670 τεθνεώτων
1790 2621 2038 2688 συναγεί-

472 2713 660 2768 ροντες
707 2700 961 2770 λείψανας
1031 2703 1286 2767 Ἑαυτοὺς
1332 2705 1591 2776 δηλονότι.
1631 2709 1890 2780 Φορτικὸν
1927 2713 2036 2783 γὰρ

471 2790 566 2841 καὶ
596 2789 872 2843 δύσοιστον
903 2792 1116 2860 ἀληθῶς
1166 2794 1228 2847 τὸ
1277 2795 1563 2865 μυδώντων
1595 2799 1694 2869 ἤδη
1737 2803 1830 2854 καὶ
1875 2820 2036 2872 σεση-

469 2879 648 2933 πότων
681 2883 944 2936 ἅπτεσθαι
975 2886 1264 2955 σωμάτων,
1300 2890 1392 2941 καὶ
1427 2890 1590 2960 ῥινὸς,
1619 2888 1771 2961 οἶμαί
1802 2912 1924 2956 που,
1959 2897 2034 2966 μὴ

465 2971 804 3042 τ;τρημὲνης
854 2977 966 3036 τοῖς
1014 2975 1080 3027 τά
1125 2977 1300 3029 τοιάδε
1344 2979 1584 3048 τολμῶσι
1631 2984 1819 3051 χρεία·
1869 3001 2033 3037 κακο-

467 3063 634 3132 apale;
663 3064 770 3135 γὰρ
802 3065 900 3134 τῆς
932 3065 1074 3118 οὕτω
1099 3068 1275 3136 δεινῆς
1325 3070 1477 3123 οὐδὲν
1507 3070 1570 3123 ἂν
1594 3074 1800 3140 γένοιτο
1831 3079 2029 3146 χεῖρον.

476 3154 734 3218 Ἑαυτοὺς
781 3153 874 3209 οὖν
913 3157 1021 3228 ἄρα
1067 3159 1488 3214 καταϐιάσονται
1512 3201 1526 3225 ,
1559 3167 1671 3227 τοῖς
1712 3169 2034 3238 κατοιχομέ-

464 3260 576 3306 νοις
628 3245 720 3295 καὶ
747 3245 1080 3299 ἀπολωλόσιν
1114 3250 1219 3302 ὑπὸ
1248 3249 1437 3321 λοιμοῦ
1479 3253 1538 3305 τὸ
1568 3257 1850 3324 συμπαθὲς
1875 3277 2030 3330 χαρι-

464 3335 698 3404 ζόμενοι,
739 3337 828 3390 διὰ
866 3338 958 3391 τοῦ
1001 3341 1187 3408 τάφων
1220 3344 1314 3395 καὶ
1361 3346 1684 3416 περιστολῆς
1721 3349 1903 3415 ἀξιοῦν
1942 3353 2032 3404 αὐ-

462 3425 606 3487 τούς.
657 3429 717 3479 Οἱ
763 3429 819 3480 δὲ
861 3430 1032 3481 τοῦτο’
1057 3431 1320 3500 δρῶντες,
1365 3435 1533 3504 φησὶ,
1579 3443 2030 3510 περιεργάσονται

461 3515 646 3568 λοιπὸν
685 3518 833 3588 παρά
861 3519 956 3570 τοῦ
984 3522 1082 3590 τὴν
1110 3522 1286 3575 οἰκίαν
1317 3523 1536 3589 εἰδότος,
1573 3528 1648 3598 μὴ
1689 3530 1795 3600 ἄρα
1829 3549 1914 3596 τις
1943 3533 2028 3604 εἰή

464 3608 582 3678 μετ’
609 3608 848 3672 ἐκείνους
876 3610 1080 3679 ἕτερος,
1109 3613 1141 3681 ἢ
1179 3613 1284 3676 ζῶν
1309 3615 1388 3668 ἔτι
1420 3618 1581 3686 τυχὸν
1636 3622 1730 3673 καὶ
1759 3623 1814 3674 ὲν
1839 3628 2028 3694 μυχοῖς

460 3698 756 3762 λανθάνων,
806 3699 914 3753 εἴτε
945 3701 1175 3767 τεθνεὼς
1206 3705 1303 3777 ἤδη
1333 3711 1427 3760 καὶ
1459 3710 1686 3774 όόωδώς.
1722 3714 1779 3765 Ὁ
1805 3716 1861 3767 δὲ
1889 3718 2029 3770 ἁπο-

462 3796 750 3861 κρινεῖται,
781 3792 975 3860 λέγων·
1017 3814 1034 3845 ι
1068 3797 1180 3848 Οὐκ
1207 3798 1306 3850 ἔτι.
1336 3819 1353 3849 ι
1385 3801 1554 3854 Τοῦτο
1587 3804 1642 3856 δέ
1676 3807 1820 3859 ἐστιν
1844 3808 2028 3880 ἕτερον

458 3882 632 3947 οὐδὲν,
664 3883 695 3953 ἢ
723 3883 1018 3945 παντελοῦς
1039 3887 1270 3956 ἐρημίας
1300 3891 1573 3957 ἀπόδειξις
1599 3897 1853 3968 ἐναργής.
1887 3902 2026 3955 Ἀλλ’

461 3973 508 4023 εἰ
537 3971 693 4024 τοῦτο
737 3973 945 4040 λέγοιεν
996 3977 1043 4027 oi
1085 3977 1181 4046 τῆς
1217 3979 1390 4043 οἰκίας
1434 3987 1864 4055 προεστηκότες,
1901 3992 2026 4044 ἀντ-

457 4065 800 4124 ακούσονται,
826 4067 979 4136 φησὶ,
1005 4071 1152 4140 παρὰ
1179 4069 1273 4122 τοῦ
1289 4071 1388 4143 τὴν
1417 4074 1607 4128 πεῦσιν
1635 4083 2022 4150 προσάγοντος·

465 4174 482 4206 ι
518 4156 672 4222 Σίγα,
698 4157 884 4209 ἕνεκεν
914 4158 1005 4210 τοῦ
1049 4162 1123 4231 μὴ
1157 4161 1421 4232 ὀνομάσαι
1454 4167 1514 4219 τὸ
1546 4167 1715 4239 ὄνομα
1744 4173 1968 4244 Κυρίου.
2000 4196 2018 4227 ι

459 4249 567 4299 Καὶ
605 4249 657 4300 τί
697 4249 760 4318 δὴ
808 4249 966 4302 τοῦτό
1014 4253 1182 4316 ἐστιν,
1217 4255 1516 4324 ἀναγκαῖον
1548 4260 1694 4316 ἰδεῖν.
1730 4264 1883 4330 Τινὲς
1924 4269 2024 4337 μὲν

455 4334 548 4391 οῦν
581 4341 776 4394 οἴονταί
799 4358 857 4393 τε
888 4341 981 4393 καί
1005 4359 1189 4410 φασιν,
1211 4347 1293 4398 ὅτι
1324 4348 1615 4418 μέλλοντας
1645 4355 1871 4424 ὀμνύναι
1897 4362 2023 4424 τοὺς

2161 537 2432 591 domestici
2467 557 2668 604 eorum,
2698 553 2746 596 et
2783 554 3036 612 cogentur
3061 555 3116 598 ut
3147 548 3370 614 e/I’erant
3407 564 3526 601 ossa
3548 567 3729 603 eorum

2160 627 2223 679 de
2259 633 2434 689 domo,
2462 642 2508 682 et
2536 634 2667 684 dicet
2701 635 3324 700 pm'sidenlibusdomus,
3357 635 3414 690 Si
3449 641 3622 692 adhuc
3655 653 3730 694 est

2159 720 2298 776 apud
2329 724 2412 773 te?
2443 733 2490 772 rt
2533 725 2688 786 (licet,
2724 723 2844 778 Non
2886 727 3078 778 adhuc.
3137 726 3199 778 Et
3251 729 3383 780 dicet
3425 745 3441 780 .'
3483 729 3636 795 Tace,
3675 742 3730 784 tu

2159 823 2259 858 non
2303 812 2533 863 nomines
2556 830 2737 866 nomen
2772 815 3002 869 Domini.

2227 1087 2389 1145 LXII.
2419 1092 2685 1160 Quoniam
2747 1099 2909 1169 igitur
2961 1104 3086 1158 odio
3135 1105 3322 1161 habuit
3358 1108 3600 1178 ipsorum
3635 1128 3723 1166 re-

2153 1181 2360 1248 giones,
2401 1194 2455 1238 et
2492 1187 2838 1243 abominetur
2890 1206 3104 1247 omnem
3161 1197 3501 1254 insolentiam
3530 1200 3722 1266 Jacob,

2153 1266 2267 1319 sive
2301 1271 2607 1338 superbiam
2642 1289 2854 1344 eorum,
2893 1279 3096 1335 idcirco
3123 1285 3218 1348 ait,
3252 1301 3372 1340 cum
3403 1289 3534 1359 ipsis
3567 1291 3719 1346 inco-

2151 1355 2217 1436 li_s
2241 1372 2427 1413 eorum
2472 1364 2632 1418 urbes
2679 1380 2801 1422 esse
2853 1371 3139 1438 perituras.
3196 1375 3312 1442 Quo
3351 1392 3507 1448 pacto
3537 1394 3718 1440 autem

2149 1449 2360 1520 singula
2414 1451 2628 1508 illorum
2681 1457 2946 1515 scelerum
3003 1465 3110 1520 reis
3161 1480 3418 1527 eventura
3472 1476 3600 1540 sint,
3650 1479 3718 1534 ad

2149 1543 2411 1596 amussim
2442 1545 2716 1614 explanat.
2757 1550 3040 1619 Auferam,
3067 1549 3258 1627 inquit,
3291 1577 3451 1629 quam
3501 1570 3718 1625 voluero

2147 1630 2448 1697 civitatem,
2475 1644 2529 1690 et
2558 1639 2957 1705 quodammodo
2986 1660 3017 1700 e
3046 1650 3220 1704 medio
3245 1651 3426 1708 tollam
3463 1672 3564 1712 una
3589 1675 3713 1715 cum

2148 1719 2280 1790 ipsis
2315 1724 2525 1780 incolis.
2559 1727 2626 1782 Et
2653 1731 2696 1782 si
2733 1729 2870 1787 forte
2905 1749 2972 1788 ex
3003 1753 3105 1792 una
3124 1740 3284 1796 domo
3314 1746 3497 1802 decem
3525 1766 3717 1821 super-

2145 1829 2265 1870 esse
2305 1818 2630 1888 contigerit,
2679 1825 2766 1891 qui
2827 1826 3064 1896 gladium
3123 1833 3369 1890 hostilem
3425 1818 3712 1912 fugientes,

2147 1920 2412 1973 recessus,
2452 1920 2507 1964 et
2551 1913 2732 1967 abdita
2763 1918 2957 1971 aedium
3009 1921 3261 1990 subeant,
3288 1931 3608 2000 morientur,
3644 1938 3713 1990 ti-

2147 2005 2354 2050 mentes
2377 1996 2517 2054 forte
2553 2003 2743 2056 saltem
2805 2006 3138 2076 aliquantum
3166 2029 3196 2068 e
3231 2015 3452 2075 latebris
3505 1996 3715 2094 prospi-

2143 2099 2288 2140 cere.
2322 2086 2566 2158 Excipiet
2602 2092 2766 2162 igitur
2813 2095 3059 2156 ferientis
3119 2119 3333 2161 manum
3373 2086 3711 2181 pestilentia,

2144 2175 2338 2246 inquit,
2408 2191 2462 2234 et
2513 2183 2858 2245 absconditos
2912 2194 3140 2249 occidet.
3202 2175 3472 2270 Digressis
3528 2219 3711 2264 autem

2145 2264 2425 2334 hostibus,
2484 2273 2700 2327 venient
2753 2277 2969 2344 quidam
3030 2264 3298 2351 sanguine
3317 2297 3368 2341 et
3397 2289 3585 2345 affectu
3615 2294 3710 2348 do-

2144 2359 2373 2423 mestici,
2412 2378 2432 2411 t
2471 2361 2536 2416 Et
2588 2377 2781 2433 cogent
2825 2368 3022 2424 eﬂerre
3083 2388 3204 2429 ossa
3242 2391 3451 2435 eorum.
3492 2401 3510 2433 ι
3544 2384 3710 2457 319

2141 2448 2311 2514 Quem
2346 2466 2506 2520 porro
2535 2467 2727 2524 cogent
2752 2471 3087 2517 mortuorum
3123 2468 3377 2538 reliquias
3401 2474 3654 2546 colligere
3685 2480 3709 2532 ?

2141 2537 2472 2608 Semetipsos
2513 2544 2777 2601 videlicet.
2818 2550 2912 2605 Est
2943 2555 3085 2608 enim
3137 2537 3269 2613 sane
3325 2563 3608 2620 molestum
3652 2578 3708 2623 et

2139 2629 2479 2688 intolerabile
2512 2650 2741 2706 corpora
2768 2639 2884 2709 jam
2943 2646 3183 2701 labentia
3235 2662 3286 2705 et
3342 2659 3705 2721 putrescentia

2137 2724 2439 2794 attingere,
2501 2739 2556 2783 et
2617 2731 2922 2800 hujusmodi
2987 2743 3264 2810 negotium
3321 2752 3706 2816 peragentibus

2136 2812 2338 2869 clausis
2371 2817 2592 2873 naribus
2633 2835 2770 2890 opus
2827 2835 2950 2880 est:
2989 2835 3096 2882 tam
3169 2812 3500 2891 tetro‘enim
3537 2841 3704 2896 odore

2137 2903 2268 2958 nihil
2309 2906 2460 2976 pejus
2492 2909 2607 2965 ﬁeri
2658 2926 2842 2982 queat.
2901 2918 3234 2991 Semetipsos
3295 2926 3458 2995 igitur
3509 2946 3705 3002 cogent

2136 2995 2405 3053 defunctis
2463 3015 2526 3054 ac
2599 3017 2747 3072 peste
2792 3016 3123 3079 consumptis
3178 3019 3703 3079 commiseratiouem

2141 3084 2460 3155 tribuentes,
2490 3107 2591 3146 nec
2645 3097 2909 3152 cadavera
2944 3101 3180 3170 ipsorum
3214 3107 3506 3178 involvere,
3535 3126 3589 3170 et
3620 3133 3704 3172 se-

2137 3178 2338 3247 pulcris
2375 3185 2608 3239 condere
2641 3188 3025 3258 dedignantes.
3061 3198 3171 3252 lloe
3198 3213 3376 3257 autem
3414 3206 3696 3275 iacientes,

2133 3271 2327 3342 inquit,
2370 3279 2636 3334 curiosius
2688 3281 2880 3338 deinde
2946 3301 3189 3355 qua-rent
3225 3295 3290 3346 ab
3331 3312 3414 3359 eo,
3460 3301 3549 3366 qui
3606 3271 3701 3356 do;

2134 3378 2279 3418 mum
2318 3369 2487 3433 novit,
2514 3386 2639 3423 num
2667 3374 2932 3444 quispiam
2968 3392 3165 3448 praeter
3187 3385 3303 3439 illos
3324 3388 3393 3442 sit
3423 3391 3580 3457 alius,
3610 3408 3704 3450 aut

2131 3455 2286 3509 vivus
2319 3458 2496 3514 adhuc
2538 3460 2790 3529 fortasse,
2831 3477 2884 3521 et
2915 3468 2966 3547 in
3003 3471 3222 3529 latebris
3241 3477 3447 3545 jaceus,
3475 3494 3565 3538 aut
3588 3486 3699 3554 jam

2133 3555 2377 3601 mortuus
2410 3559 2464 3602 et
2512 3549 2701 3608 fetens.
2736 3557 2836 3622 Qui
2865 3564 3225 3631 respondebit,
3258 3587 3276 3618 ι
3318 3569 3434 3624 Non
3463 3549 3691 3628 adhuc.»

2133 3632 2241 3689 Hoc
2265 3647 2440 3692 autent
2469 3641 2610 3695 aliud
2637 3661 2739 3697 tton
2784 3659 2883 3711 est,
2911 3666 3070 3719 quam
3110 3659 3430 3715 omnimodu:
3456 3664 3700 3720 solitudi-

2131 3725 2215 3779 nis
2243 3724 2510 3783 luculenta
2570 3733 2979 3793 demonstratio.
3015 3742 3210 3798 Verum
3238 3748 3280 3800 si
3317 3750 3417 3804 hoc
3465 3753 3698 3810 dixerint

2129 3819 2388 3884 praesides
2417 3823 2629 3886 domus,
2665 3825 2901 3881 vicissim
2929 3832 3169 3898 audient,
3206 3837 3399 3906 inquit,
3432 3844 3500 3896 ab
3529 3846 3696 3901 inter-

2130 3922 2374 3979 rogante,
2407 3930 2426 3962 ι
2465 3911 2626 3980 Tace,
2656 3925 2844 3972 utnon
2892 3925 3135 3979 nomines
3187 3943 3377 3984 nomen
3406 3932 3632 3992 Domini.
3670 3959 3691 3994 ι

2128 3998 2242 4054 Hoc
2279 4003 2410 4071 quid
2460 4005 2550 4070 sit,
2613 4007 2771 4072 plane
2818 4018 3251 4079 cognoscendum
3308 4035 3410 4078 est.
3467 4027 3694 4092 Quidam

2129 4093 2291 4159 igitur
2319 4104 2529 4163 putant,
2557 4097 2940 4171 aﬂirmantque
2985 4106 3261 4172 juraturos
3300 4115 3488 4172 domus
3522 4120 3694 4176 domi-

2129 4199 2226 4237 nos
2254 4185 2320 4238 ab
2363 4186 2818 4256 interrogantibus
2869 4195 3194 4262 prohibitum
3253 4203 3337 4266 iri,
3371 4222 3438 4261 ne
3475 4225 3570 4278 per
3599 4229 3694 4265 no-

2129 4289 2247 4329 men
2327 4274 2535 4332 Domini
2576 4280 2784 4349 jurent.
2836 4286 3054 4342 Addunt
3129 4307 3256 4349 vero
3331 4274 3692 4367 prraimitas

2129 4379 2300 4432 usque
2329 4368 2462 4422 adeo
2494 4369 2557 4422 ad
2593 4382 2891 4428 extremam
2932 4393 2960 4430 a
2997 4379 3104 4435 Deo
3154 4383 3534 4444 alienationem
3570 4412 3692 4461 pro-

455 4429 553 4500 τῆς
597 4431 774 4493 οἰκίας
813 4435 1252 4503 προεστηκότας,
1293 4439 1344 4489 οἱ
1372 4440 1684 4510 ἐρωτῶντες
1721 4452 2018 4518 κατασιγά-

457 4537 638 4550 ’,ειη-ιι
707 4522 791 4550 τι.-
825 4523 895 4550 ..ἒ-
922 4525 1154 4550 λ..Α-..-.
1185 4527 1239 4550 -3.
1273 4527 1376 4550 κλμ
1413 4548 1436 4550 η
1473 4533 1513 4550 Ir
1603 4537 1615 4550 1
1737 4539 1780 4550 η
1975 4544 1985 4550 .

2216 4429 2227 4432 _
3000 4429 3012 4430 ,
3047 4429 3097 4435 η
3155 4429 3534 4444 --.νη-..νηωη
3570 4429 3689 4461 Ι,ιυ-

2134 4455 2327 4524 lapsos,
2364 4469 2420 4511 ttt
2448 4460 2685 4516 volentes
2739 4468 2998 4533 quosdam
3055 4486 3121 4524 ne
3169 4479 3447 4533 nominare
3471 4486 3689 4550 quidem

457 4537 638 4573 σουσιν
658 4561 672 4583 ,
707 4522 793 4575 ἵνα
823 4523 896 4593 μὴ
921 4525 1159 4592 ὀμοσωσι
1182 4527 1243 4579 τὸ
1271 4527 1440 4599 ὄνομα
1473 4533 1695 4605 Κυρίου.
1737 4539 2019 4608 Προσεπά-

453 4629 606 4680 γουσι
638 4613 716 4679 δὲ,
748 4616 828 4668 ὅτι
859 4619 993 4687 πρὸς
1017 4620 1176 4673 τοῦτο
1210 4627 1322 4687 τοῖς
1351 4626 1410 4690 ἐξ
1456 4629 1692 4700 Ἑφραῖμ
1723 4635 1824 4704 τῆς
1853 4639 2016 4708 ἐσχά-

451 4721 549 4773 της
578 4706 892 4773 ἀφιλοθεῖας
921 4711 1292 4768 κατώλισθενὸ
1317 4723 1460 4784 νοῦς,
1480 4721 1555 4784 ὡς
1576 4725 1710 4793 μηδὲ
1732 4728 2018 4798 ἀνέχεσθαί

449 4812 631 4858 τινων,
682 4798 838 4868 εἴπερ
876 4799 1080 4854 ἕλοιντό
1124 4821 1242 4866 πως
1279 4806 1370 4859 τὸν
1409 4810 1518 4862 τῶν
1548 4812 1684 4865 ὅλων
1731 4817 2017 4888 ὀνομάζειν

447 4881 765 4936 ωεόν.”Εστι
799 4884 875 4950 δὲ,
909 4881 1081 4958 οἶμαι,
1104 4893 1302 4960 σαθρὸς
1327 4898 1544 4968 κομιδῇ,
1574 4903 1666 4954 καὶ
1699 4904 1757 4956 τὸ
1787 4881 2016 4975 ἀκαλλὲς

448 4971 583 5038 ἔχων
631 4975 660 5024 ὁ
705 4975 908 5028 τοιόσδε
959 4978 1146 5047 λόγος’
1192 4984 1272 5036 ὅτι
1327 4989 1434 5058 γὰρ
1481 4991 1744 5064 ἀπέθορον
1794 5001 1894 5070 τῆς
1939 4971 2017 5066 εἰς

446 5061 580 5115 Θεὸν
611 5065 830 5134 ἀγάπης
861 5068 1168 5141 ὁλοτρόπως
1203 5077 1254 5126 οἱ
1288 5077 1348 5140 ἐξ
1386 5061 1666 5154 Ἐφραῒμξ
1694 5061 2016 5146 ἐνδοιάσειεν

450 5154 516 5205 ἂν
546 5157 739 5220 οὐδείς.
779 5159 916 5212 Ἀλλ’
948 5163 1012 5216 ὲκ
1053 5164 1276 5234 πληγῶν
1307 5170 1399 5221 καὶ
1429 5173 1691 5244 μάστιγος
1723 5184 2015 5249 γεγονότας

449 5251 945 5320 σωφρονεστέρους,
980 5255 1126 5318 εἰκὸς
1154 5257 1216 5326 δὴ
1254 5259 1454 5327 μᾶλλον
1479 5267 1790 5323 καταδεῖσαι
1813 5271 2010 5346 βραχὺ,

449 5338 540 5390 καὶ
575 5343 965 5412 μεταφοιτῆσαι
995 5344 1178 5399 λοιπὸν
1222 5351 1356 5419 πρὸς
1395 5353 1455 5405 τὸ
1490 5356 1686 5426 χρῆναί
1729 5378 1781 5414 τι
1814 5338 2014 5434 podia;

449 5429 571 5480 σθαι
592 5429 698 5482 τῶν
713 5432 1172 5504 ἀναγκαιοτέρων,
1189 5439 1287 5490 οὐκ
1315 5442 1377 5492 ἐκ
1403 5439 1511 5494 τῶν
1534 5445 1789 5503 ἐναντίων
1808 5454 2014 5522 ἀγρίως

445 5517 616 5581 οὓτως
667 5521 1170 5591 καταθρασύνεσθαι
1229 5530 1327 5597 τῆς
1382 5531 1461 5594 εἰς
1516 5532 1648 5588 Θεὸν
1710 5539 2007 5611 εὐσεϐείας.

450 5608 656 5674 ’Ἄλλως
696 5629 754 5665 τε
801 5614 1134 5687 (προσθείην
1164 5619 1272 5689 γὰρ
1313 5619 1378 5673 ἂν
1411 5625 1523 5688 τοῖς
1568 5629 1879 5701 εἰρημένοις
1919 5608 2012 5694 καὶ

445 5699 595 5771 τόδε)
633 5702 756 5756 ποία
781 5703 888 5776 γὰρ
914 5700 980 5777 ἦν
1007 5707 1219 5780 ἀνάγκη
1258 5712 1368 5774 τοῖς
1414 5699 1774 5791 προεστηκόσι
1808 5729 1904 5798 τῆς
1931 5735 2009 5785 οξ.

2125 4544 2290 4600 Deum
2321 4549 2692 4603 universorum
2730 4564 3062 4622 paterentur.
3098 4561 3192 4613 Est
3239 4574 3413 4619 autem
3435 4610 3450 4634 ,
3479 4575 3689 4641 opinor,

2124 4639 2308 4703 putida
2369 4643 2719 4696 veltetttentcr
2775 4655 2830 4697 et
2868 4649 3116 4703 indetora
3152 4653 3457 4720 hujusmodi
3491 4667 3688 4720 oratio.

2121 4730 2260 4794 Quin
2291 4734 2433 4785 enim
2454 4733 2800 4802 Epltraimitm
2834 4753 2861 4788 a
2897 4740 3162 4797 charitate
3195 4746 3283 4800 Dei
3319 4752 3530 4816 penitus
3557 4758 3693 4810 resi-

2121 4818 2340 4883 luerint,
2376 4836 2531 4875 nemo
2562 4822 2922 4893 dubitaverit;
2951 4831 3043 4883 sed
3070 4849 3133 4885 ex
3163 4835 3331 4904 plagis
3363 4849 3418 4891 et
3465 4841 3689 4910 ﬂagellis

2121 4909 2290 4966 factos
2318 4915 2610 4978 cautiores,
2643 4932 2850 4987 aequum
2876 4933 2994 4975 erat
3023 4926 3199 4991 potius
3231 4928 3417 4984 timere
3441 4932 3688 5002 aliquan-

2122 5011 2254 5067 tum,
2285 5013 2339 5058 et
2364 5005 2614 5076 deinceps
2646 5011 2712 5062 ad
2767 5013 3068 5069 salubriora
3106 5020 3326 5072 consilia
3359 5029 3685 5090 capessenda

2118 5094 2428 5160 procedere,
2465 5111 2563 5151 nec
2593 5114 2622 5151 e
2669 5101 2829 5155 rebus
2883 5107 3126 5159 adversis
3189 5119 3293 5161 tam
3327 5111 3597 5178 ferociter,
3630 5127 3685 5169 et

2117 5183 2375 5239 audacter
2426 5198 2610 5242 contra
2674 5191 2906 5246 divinam
2966 5196 3223 5264 pietatem
3272 5200 3435 5268 loqui.
3485 5207 3684 5261 Adbacc

2116 5273 2386 5342 (adjiciam
2417 5280 2559 5332 enim
2625 5282 2780 5337 dictis
2832 5284 2974 5338 istud
3035 5289 3271 5358 quoque)
3298 5293 3448 5359 quid,
3477 5309 3680 5363 qumso,

2115 5367 2310 5420 a'dium
2343 5371 2660 5439 praepositos
2714 5372 3092 5444 interrogatos,
3143 5380 3389 5445 quisnam
3423 5388 3561 5452 apud
3589 5402 3682 5444 eos

2115 5459 2385 5514 autvivus
2432 5461 2608 5516 adhuc
2649 5461 2901 5529 fortasse,
2938 5476 3031 5520 aut
3065 5467 3266 5522 saltem“
3286 5485 3530 5530 mortuus
3565 5480 3681 5546 jam

2114 5551 2328 5618 lateret,
2359 5551 2522 5606 etiam
2559 5553 2756 5610 addere
2781 5566 3180 5612 sacramentum
3219 5565 3460 5631 cogebat,
3510 5574 3682 5626 uenti-

2115 5654 2237 5693 nem
2260 5639 2487 5709 amplius
2515 5641 2656 5710 apud
2701 5658 2759 5698 se
2796 5644 2950 5699 esse?
2981 5645 3117 5712 Quid
3166 5658 3250 5704 est
3311 5669 3462 5723 ergo,
3492 5675 3508 5709 t
3539 5661 3680 5716 dicet

2116 5743 2254 5799 tace,
2289 5746 2358 5788 ne
2381 5733 2624 5790 nomines
2681 5750 2876 5792 nomen
2921 5736 3058 5794 Dei?
3091 5756 3110 5790 ι
3166 5740 3505 5802 Arbitrantur
3553 5753 3677 5822 quia
