4140 6370
405 367 510 425 527

1434 349 1496 406 s.
1535 343 1808 403 CYRILLI
1851 326 2322 396 ALEXANDRINI
2365 333 2684 392 ARCllIEP.

3573 324 3688 380 528'

407 486 672 540 adversus
701 480 866 534 Deum
908 473 1339 530 exsecrationem
1384 480 1437 524 et
1476 463 1821 522 maledictum
1866 460 1992 515 (iliis

2122 458 2221 521 :ia;
2246 454 2625 528 ἐρωτωμένοις
2658 452 2854 513 εἰπεῖν,
2882 447 2966 510 τίς
2994 447 3102 517 ἄρα
3137 445 3264 516 παρ’
3287 441 3472 506 αὐτοῖς
3505 441 3538 513 ἢ
3571 440 3681 506 ζῶν

407 575 576 628 lsrael
603 573 680 627 sic
713 569 1037 626 interdicere
1090 565 1360 625 solebant,
1415 559 1679 631 principio
1710 558 1871 611 ducto
1920 571 1985 609 ex

409 667 681 723 mandatis
705 664 864 730 legis.
893 662 1166 727 Scriptum
1201 665 1284 711 est
1318 655 1461 709 enim
1492 655 1543 704 in
1569 649 1832 711 Levitico,
1859 647 1994 701 duos

409 760 558 814 viros
591 757 841 827 jurgatos
886 753 1028 805 inter
1071 764 1128 802 se
1160 748 1214 800 in
1263 744 1488 808 castris;
1521 740 1715 795 deimle
1765 738 1992 790 alterum

411 849 764 920 pugnantium
792 844 1007 913 (nempe
1049 839 1315 911 )Egyptize
1377 834 1566 901 filium)
1597 829 1996 899 blaSpbemasse

411 957 611 998 nomen
647 939 768 1002 Dei,
800 946 856 991 et
905 934 1176 1003 lapidibus
1209 944 1331 984 esse
1358 927 1635 980 obrutum.
1690 922 1995 989 Statimque

414 1035 556 1088 Deus
592 1033 709 1083 haec
756 1026 921 1080 verba
960 1022 1182 1092 apponit
1225 1036 1240 1072 :
1287 1035 1308 1071 ι
1365 1015 1540 1069 Homo
1577 1014 1619 1067 si
1659 1011 2000 1065 maledixerit

414 1122 580 1195 320
608 1121 716 1174 Deo
741 1133 860 1182 suo,
889 1124 1170 1185 peccatum
1194 1111 1427 1180 accipiet
1463 1127 1476 1162 :
1503 1107 1790 1160 nominans
1815 1116 1997 1156 autem

417 1231 614 1272 nomen
670 1211 923 1273 Domini,
995 1216 1171 1262 morte
1231 1203 1494 1258 moriatur
1543 1200 1610 1254 ”.
1651 1219 1668 1250 ι
1709 1181 2002 1252 Nominaré

422 1311 600 1378 itaque
625 1319 816 1358 nomen
853 1298 1089 1361 Domini,
1115 1295 1438 1350 maledicere
1470 1301 1572 1357 est,
1597 1290 1742 1359 quod
1768 1305 1796 1342 a
1828 1287 2002 1343 sacris

422 1398 644 1454 Litteris
675 1395 899 1450 vocibus
926 1391 1050 1447 boni
1082 1390 1282 1442 ominis
1326 1383 1670 1453 exprimitur.
1705 1379 1840 1446 Quia
1871 1393 2002 1433 vero

422 1491 575 1546 multi
633 1491 1061 1546 consueverunt,
1117 1495 1239 1534 eum
1294 1478 1346 1531 in
1402 1476 1583 1543 aliquo
1643 1474 1850 1534 dolore,
1912 1478 2005 1526 aut

422 1595 659 1636 moerere
702 1584 1010 1637 versantur,
1069 1585 1226 1625 voces
1286 1567 1574 1635 aliquando
1609 1563 1900 1618 maledicas
1947 1563 2004 1615 in

422 1672 590 1726 Deum
620 1670 853 1739 jactare,
884 1660 1259 1725 lienuntianti,
1307 1657 1504 1724 inquit,
1546 1655 1738 1710 domus
1767 1654 2003 1723 praesidi,

423 1765 538 1817 sive
598 1756 841 1820 domino,
894 1753 1164 1809 neminem
1227 1757 1490 1818 praeterea
1544 1745 1686 1815 apud
1745 1759 1807 1799 se
1861 1758 2002 1808 esse,

2095 551 2173 603 ἔτι
2203 548 2387 619 τυχὸν,
2437 548 2605 616 ἤγουν
2644 541 2877 603 τεθνεὼς
2917 539 3022 611 ἤδη
3052 535 3327 599 λανθάνει,
3365 533 3680 604 προσθεῖναι

2096 642 2190 694 καὶ
2218 641 2401 712 ὅρκον,
2425 639 2500 700 ὡς
2520 636 2694 696 οὐδεὶς
2724 633 2804 686 ἔτι
2832 633 2961 703 παρ’
2985 631 3204 691 αὐτοῖς;
3241 627 3307 678 Τί
3331 623 3422 679 οὖν
3455 627 3572 678 ἐστι
3597 624 3680 690 τὸ,

2102 754 2120 786 ι
2143 735 2318 803 Ἐρεῖ·
2353 731 2510 799 Σίγα,
2535 730 2723 781 ἕνεκεν
2749 725 2844 778 τοῦ
2881 724 2954 794 μὴ
2982 721 3246 792 ὀνομάσαι
3276 718 3336 770 τὸ
3359 719 3531 787 ὄνομα
3571 718 3682 769 Κυ-

2101 825 2213 896 ρίου
2237 822 2496 892 ςιφαμὲν,
2528 823 2610 874 ὅτι
2639 819 2737 891 τὴν
2768 817 2912 872 κατά
2939 813 3076 868 Θεοῦ
3117 810 3462 884 κατάρῤησίν
3487 826 3548 860 τε
3589 809 3684 860 καὶ

2100 915 2451 986 βλασφημίαν
2485 913 2604 976 ἔθος
2635 908 2703 983 ἦν
2736 910 2908 973 οὓτως
2942 905 3240 960 ἀποκαλεῖν
3269 905 3384 966 τοῖς
3427 900 3486 966 ἐξ
3517 899 3684 970 αἵμα-

2097 1024 2189 1070 τος
2244 1005 2481 1076 Ἰσραὴλ,
2527 1005 2590 1056 ἐκ
2639 1001 2881 1072 νομικῶν
2930 998 3287 1068 ὲνταλμάτων
3344 995 3527 1065 ἔχουσι
3588 992 3686 1063 τὴν

2099 1100 2293 1170 ἀρχὴν.
2313 1097 2629 1170 Γέγραπται
2660 1096 2769 1166 γάρ
2801 1098 2857 1148 ὲν
2886 1091 2964 1162 τῷ
2991 1090 3286 1160 Λευῖτικῷ,
3311 1090 3392 1142 ὅτι
3419 1087 3512 1140 δύο
3542 1085 3688 1147 τινὲς

2099 1189 2294 1259 ἄνδρες
2347 1186 2768 1254 συνεπλάκησαν
2820 1182 3071 1251 ἀλλήλοις
3127 1182 3186 1233 ὲν
3245 1181 3311 1250 τῇ
3365 1178 3683 1246 συναγωγῇ.

2101 1277 2235 1334 Εἶτα
2282 1279 2706 1348 δεδυσφήμηκεν
2755 1269 2836 1337 εἷς
2883 1273 2991 1327 τῶν
3040 1270 3464 1343 μεμαχημένων,
3512 1271 3540 1322 6
3587 1268 3691 1336 τῆς

2102 1374 2404 1442 Αἰγυπτίας
2437 1372 2574 1435 υίὸς,
2605 1371 2698 1424 καὶ
2720 1369 2949 1440 τελευτᾷ
2982 1366 3080 1437 μὲν
3106 1365 3469 1426 λιθόλευστος.
3489 1359 3688 1413 Ἐτίθει

2103 1469 2158 1522 δὲ
2212 1469 2376 1538 νόμον
2425 1466 2588 1528 εὐθὺς
2635 1463 2725 1516 τὸν
2773 1462 2866 1514 ἐπὶ
2916 1460 3051 1531 τῷδε
3093 1458 3247 1522 Θεὸς,
3291 1455 3433 1509 οὕτω
3479 1454 3686 1522 λέγων’

2111 1560 2464 1630 «Ἀνθρωπος
2495 1558 2590 1610 ἐὰν
2621 1555 3004 1626 καταράσηται
3026 1552 3161 1604 Θεὸν
3191 1549 3379 1614 αὐτοῦ,
3413 1545 3692 1618 ἁμαρτίαν

2105 1649 2352 1719 λήψεται.
2396 1645 2708 1716 Ὀνομάξων
2757 1645 2814 1697 δὲ
2865 1643 2923 1696 τὸ
2971 1644 3143 1712 ὄνομα
3183 1643 3427 1712 Κυρίου,
3477 1639 3694 1708 Θανάτῳ

2108 1740 2475 1794 θανατούσθω,
2508 1758 2525 1788 ι
2563 1738 2771 1792 Οὐκοῦν
2797 1737 2858 1789 τὸ
2886 1737 3150 1806 ὀνομάσαι
3181 1735 3243 1788 τὸ
3264 1734 3438 1804 ὄνομα
3459 1731 3692 1802 Κυρίου,

423 1863 730 1924 quanquam
771 1839 1106 1916 gravissimis
1129 1839 1531 1896 calamitatibus
1553 1837 1927 1891 circumvento
1952 1845 2007 1888 et

2122 1835 2167 1888 τὸ
2188 1835 2492 1904 δυσφημεῖν
2521 1832 2691 1893 ἐστιν,
2725 1831 2993 1900 εὐφήμοις
3035 1827 3212 1894 λέξεσι
3253 1826 3343 1880 διά
3383 1825 3490 1878 τῶν
3533 1823 3694 1894 ίερῶν

424 1955 713 2014 oppresso,
757 1935 1041 1991 obturabis
1079 1949 1162 1995 os,
1195 1931 1394 1998 inquit,
1425 1943 1494 1983 ne
1530 1929 1772 1982 nominet
1814 1941 2009 1981 nomen

425 2030 664 2092 Domini,
699 2031 802 2082 hoc
848 2037 954 2088 est,
1014 2040 1080 2079 ne
1148 2023 1275 2092 quid
1331 2019 1789 2075 contumeliosum
1820 2029 2010 2073 contra

427 2128 595 2182 Deum
642 2120 869 2177 effutiat.
901 2117 1108 2184 Quibus
1138 2113 1338 2179 verbis,
1373 2127 1480 2167 non
1529 2123 1734 2166 temere
1766 2109 1869 2166 illis
1899 2111 2014 2181 pla-

429 2231 550 2286 gam
593 2229 685 2268 seu
721 2224 936 2282 poenam
967 2207 1289 2276 irrogatam,
1321 2219 1419 2258 nec
1455 2203 1752 2267 immerito,
1785 2203 1879 2258 sed
1916 2219 2012 2257 ne-

430 2306 669 2361 cessario
719 2313 773 2358 et
797 2301 1000 2355 utiliter
1016 2313 1109 2354 eos
1124 2297 1299 2366 puniri
1329 2295 1653 2351 ostenditur.
1677 2293 1827 2348 Licet
1847 2293 2014 2358 enim,

431 2399 578 2459 licet,
610 2406 665 2450 et
692 2392 910 2464 quidem
938 2391 1220 2453 facillime,
1247 2390 1315 2449 ab
1331 2386 1578 2456 exemplo
1609 2401 1714 2440 non
1743 2387 1816 2439 ita
1846 2387 2014 2440 veteri

433 2489 638 2551 videre,
664 2487 814 2539 vivos
843 2483 1018 2537 adhuc
1049 2492 1104 2536 et
1138 2481 1355 2535 relictos
1395 2478 1587 2533 alienis
1622 2477 2020 2532 calamitatibus

434 2582 501 2634 ad
538 2579 850 2648 religionem
893 2587 1184 2628 conversos
1233 2587 1376 2637 esse,
1442 2579 1495 2625 et.
1536 2569 1828 2623 incussisse
1862 2569 2022 2622 timo-

437 2687 547 2726 rem
582 2671 722 2724 ultra
755 2667 924 2725 Deum
967 2664 1294 2727 oifendendi,
1329 2672 1383 2716 et
1416 2661 1502 2716 vel
1556 2663 1700 2715 nudo
1737 2661 1900 2714 verbo
1929 2659 2021 2713 la;—

436 2761 622 2826 dendi,
671 2760 835 2814 etiam
874 2757 940 2812 iis
961 2760 1051 2825 qui
1104 2756 1232 2809 olim
1259 2755 1360 2807 hoc
1391 2752 1570 2806 facere
1619 2749 1842 2803 minime
1873 2764 2021 2802 vere-

437 2855 656 2917 bantur,
697 2850 876 2906 verbis
928 2848 1040 2903 suis
1089 2849 1143 2900 in
1178 2855 1360 2911 patres
1410 2856 1625 2911 quoque
1669 2839 2021 2893 contumelias

439 2951 799 3014 apponentes.
854 2939 1217 3006 Quamobrem
1266 2949 1393 2988 vere
1452 2933 1579 2988 boni
1622 2947 1684 2986 ac
1731 2931 2022 3000 prudentes

441 3036 610 3089 multo
662 3035 856 3088 melius
876 3037 1123 3095 censent,
1187 3037 1315 3080 ante
1356 3025 1563 3079 cladem
1593 3035 1647 3078 et
1680 3021 1887 3090 ﬂagella
1912 3062 1926 3087 ,
1955 3021 2022 3074 ad

440 3125 692 3182 utilitatis
731 3131 946 3194 portum
981 3135 1042 3174 se
1077 3117 1348 3180 conferre,
1399 3126 1452 3169 et
1479 3132 1507 3168 a
1549 3116 1821 3184 pravitate
1845 3114 2021 3168 disce-

2113 1923 2574 1994 ὲκπεφωνημένον
2637 1921 3005 1993 Γραμμάτων.
3067 1918 3283 1989 Ἐπειδὴ
3351 1917 3410 1970 δὲ
3478 1914 3696 1977 πολλοῖς

2115 2017 2321 2080 ἔθος,εἰ
2347 2014 2590 2083 γένοιντό
2619 2031 2735 2075 πως
2790 2013 2846 2064 ἐν
2897 2010 3115 2075 λύπαις,
3151 2010 3546 2080 παλιμφήμους
3584 2007 3696 2060 ἔσθ’

2115 2110 2203 2161 ὅτε
2239 2108 2452 2179 ῥίπτειν
2483 2105 2626 2159 κατὰ
2656 2102 2795 2156 Θεοῦ
2825 2101 3031 2173 φωνὰς,
3063 2099 3496 2170 ἀπαγγέλλοντα,
3539 2098 3694 2168 φησὶ,

2116 2201 2207 2254 τὸν
2237 2198 2617 2272 προεστηκότα
2641 2198 2739 2266 τῆς
2760 2195 2958 2258 οἰκίας,
2978 2194 3054 2257 ὼς
3083 2192 3258 2255 οὐδείς
3286 2194 3434 2245 ἐστιν
3461 2190 3540 2242 ἔτι
3569 2189 3699 2259 παρ’

2119 2291 2483 2362 αὐτῷ,καίτοι
2513 2288 2821 2342 πεπονθότα
2850 2287 2918 2340 τὰ
2941 2286 3002 2351 ἐξ
3037 2285 3352 2356 ἀνηκέστων
3381 2281 3699 2353 συμφορῶν,

2119 2381 2450 2451 ἐπιστομιεῖ,
2487 2379 2640 2450 φησὶ,
2686 2379 2774 2431 ἵνα
2809 2376 2884 2448 μὴ
2911 2376 3158 2448 ὀνομάσῃ
3183 2375 3243 2428 τὸ
3273 2374 3442 2445 ὄνομα
3469 2372 3699 2444 Κυρίου,

2118 2469 2419 2526 τουτέστιν.
2461 2469 2548 2521 ἵνα
2581 2467 2654 2539 μή
2700 2485 2752 2520 τι
2795 2467 2904 2520 τῶν
2952 2464 3331 2536 παλιμφήμων
3375 2463 3504 2534 εἴπῃ
3559 2464 3702 2514 κατὰ

2120 2561 2277 2615 Θεοῦ.
2311 2560 2481 2612 Τοῦτο
2512 2560 2556 2613 δ’
2597 2559 2742 2612 ἐστιν
2783 2558 2882 2611 οὐκ
2932 2557 3056 2627 εἰκῆ
3084 2557 3421 2619 δεικνύοντος
3447 2556 3703 2623 ἐπενηνε-

2122 2654 2329 2724 γμένην
2364 2653 2544 2715 αὐτοῖς
2577 2651 2675 2722 τὴν
2714 2651 2972 2721 μάστιγα,
3005 2650 3100 2703 καὶ
3149 2647 3473 2712 κολάζοντος
3499 2649 3560 2700 οὐ
3599 2648 3705 2718 μά-

2121 2761 2243 2815 την,
2294 2743 2406 2797 ἀλλ’
2455 2743 2548 2797 ἐπὶ
2590 2743 2847 2814 χρησίμῳ
2890 2741 2985 2796 καί⁸
3026 2741 3329 2811 ἀναγκαίῳ.
3372 2741 3528 2793 Ἔστι
3571 2739 3701 2810 γὰρ.

2123 2835 2260 2897 ἐστι,
2294 2835 2389 2887 καὶ
2424 2834 2568 2904 μάλα
2613 2833 2870 2896 εὐκόλως,
2901 2832 2975 2895 ὼς
3004 2832 3112 2884 ἀπό
3141 2848 3205 2898 γε
3238 2830 3331 2884 τοῦ
3362 2829 3706 2900 συμϐεϐηκό-

2122 2947 2214 2992 τος
2249 2928 2399 2990 ἰδεῖν,
2424 2928 2506 2980 ὅτι
2543 2925 2879 2997 μετέστησεν
2904 2926 2984 2988 εἰς
3016 2924 3304 2976 εὐλάϐειαν
3334 2923 3460 2984 τούς
3493 2922 3705 2987 ζῶντας

2124 3021 2203 3073 ἔτι
2242 3020 2337 3072 καὶ
2375 3017 2917 3089 παραλελειμμένους
2958 3019 2991 3086 ἡ
3039 3016 3148 3068 τῶν
3189 3015 3535 3068 πεπονθότων
3570 3013 3710 3084 πλη-

2126 3111 2219 3182 γὴ,
2247 3111 2340 3164 καὶ
2373 3110 2606 3163 δεδιέναι
2637 3106 3018 3177 παρεσκεύασε
3047 3107 3109 3159 τὸ
3141 3104 3505 3178 προσκρούειν
3529 3105 3607 3158 ἔτι
3630 3103 3711 3175 τῷ

443 3172 691 3182 “”···“-*·*
733 3172 946 3194 τν------
983 3172 1033 3174 ~~
1089 3172 1100 3174 -
1335 3172 1347 3180 υ
1550 3172 1564 3184 .

442 3219 636 3284 dendo,
668 3217 1084 3283 statuendoque,
1121 3225 1240 3279 quae
1273 3207 1385 3263 Deo
1418 3221 1545 3261 vero
1611 3207 1844 3262 omnium
1893 3221 2017 3259 san-

2128 3203 2268 3274 Θεῷ,
2300 3203 2404 3257 κᾶν
2433 3201 2562 3270 γοῦν
2591 3202 2649 3254 ὲν
2680 3199 2856 3267 ψιλοῖς
2900 3197 3061 3251 αὐτὸν
3093 3197 3477 3266 καταλυπῆσαι
3507 3195 3707 3274 λόγοις,

441 3309 688 3365 ctissime
740 3305 976 3375 placent,
1030 3303 1095 3355 iis
1159 3302 1259 3354 rite
1297 3297 1470 3367 fungi,
1523 3296 2024 3366 experientiamque

443 3398 611 3453 divini
638 3396 834 3451 furoris
869 3403 1236 3448 antevertere.

2130 3294 2308 3347 καίτοι
2341 3291 2509 3346 πάλαι
2540 3288 2635 3344 καὶ
2674 3286 2832 3340 τοῦτο
2870 3286 3004 3358 δρᾷν
3041 3284 3368 3354 ἀφυλάκτως
3413 3281 3706 3344 εἰωθότας.

2131 3384 2518 3458 προστιθέντας
2533 3382 2588 3435 δὲ
2617 3383 2729 3443 τοῖς
2756 3378 2936 3446 λόγοις
2965 3378 3058 3430 καὶ
3087 3377 3186 3444 τᾲς
3205 3378 3261 3428 ὲν
3279 3376 3459 3436 αὐτοῖς
3502 3372 3711 3444 πατρά-

446 3507 530 3542 σιν
562 3486 766 3557 ὕϐρεις.
797 3483 1008 3539 Οὐκοῦν
1041 3483 1262 3554 ἄμεινον
1299 3480 1451 3552 παρὰ
1486 3479 1621 3532 πολύ
1648 3481 1760 3541 τοῖς
1785 3495 1848 3546 γε
1877 3475 2093 3547 ἀληθῶς
2132 3476 2356 3545 ἀγαθοῖς
2379 3475 2473 3528 καὶ
2504 3471 2768 3543 σώφροσι,
2803 3468 2910 3539 πρὸ
2943 3468 3159 3539 πληγῆς
3194 3469 3287 3520 καὶ
3328 3467 3589 3537 μάστιγος
3619 3464 3711 3518 ἐπὶ

443 3580 541 3651 τὴν
578 3579 671 3632 τοῦ
709 3577 1082 3648 συμφέροντος
1128 3574 1264 3628 ἰέναι
1296 3573 1490 3643 θήραν,
1537 3573 1631 3625 καὶ
1683 3571 1888 3641 φθάσαι
1926 3571 2027 3642 τὴν
2061 3572 2258 3641 πεῖραν
2284 3568 2392 3621 τῶν
2427 3568 2487 3631 ἐξ
2549 3565 2720 3638 ὀργῆς
2761 3562 3100 3634 κινημάτων,
3137 3559 3548 3630 άποφοιτῶντας
3573 3577 3712 3628 φαυ-

444 3673 686 3744 λότητος,
734 3672 828 3724 καὶ
887 3669 1184 3742 κατορθοῦν
1229 3667 1536 3740 ᾑρημένους
1589 3665 1732 3736 άπερ
1799 3666 2015 3720 ἁνδάνει
2055 3664 2197 3719 κατὰ
2251 3665 2310 3717 τὸ
2342 3662 2542 3733 ἀληθὲς
2568 3659 2645 3731 τῷ
2696 3657 2949 3728 παναγίῳ
3013 3655 3151 3726 Θεῷ.

521 3765 681 3819 Vens.
711 3763 796 3817 12.
836 3762 976 3827 Quia
1011 3777 1130 3816 ecce
1163 3761 1417 3814 Dominus
1460 3759 1819 3823 mandabit,et
1849 3775 2029 3827 percu-

447 3860 536 3912 tiet
602 3857 812 3909 domum
860 3869 1107 3922 magnam
1163 3851 1633 3921 confractionibus,
1693 3861 1741 3904 el
1811 3851 2027 3904 domum

446 3963 660 4020 parvam
687 3947 939 4014 rupturis.

521 4037 704 4094 LXIII.
755 4038 1004 4107 Captum,
1059 4035 1141 4088 vel
1193 4034 1373 4102 potius
1423 4034 1690 4103 perditum
1747 4034 1810 4088 iri
1865 4035 2026 4089 urbes

453 4130 617 4187 simul
648 4144 770 4184 cum
823 4127 1218 4183 habitatoribus
1269 4127 1382 4180 suis
1437 4135 1625 4194 aperte
1675 4126 2035 4180 comminatus

451 4231 554 4278 est.
573 4226 616 4274 A
638 4219 747 4276 Deo
765 4230 966 4283 autem,
999 4233 1102 4273 non
1129 4232 1227 4287 per
1247 4233 1326 4280 se,
1350 4225 1405 4270 et
1428 4231 1554 4270 casu
1585 4230 1700 4270 rem
1722 4229 2032 4271 eventuram

456 4313 763 4368 clarissime
791 4312 960 4379 liquet
983 4325 1048 4364 ex
1102 4324 1190 4375 eo,
1217 4308 1359 4376 quod
1415 4306 1676 4361 Dominus
1734 4307 1786 4360 id
1833 4307 2034 4378 negotii

2209 3758 2328 3810 ’Ότι
2365 3755 2497 3810 ὶδοὺ
2526 3756 2742 3825 Κύριος
2773 3749 3100 3806 ἐντελεῖται
3120 3788 3135 3814 ,
3183 3747 3280 3803 καὶ
3321 3747 3571 3812 πατάξει
3605 3745 3713 3800 τὸν

2134 3847 2306 3903 οἷκον
2338 3849 2446 3903 τὸν
2485 3847 2677 3920 μέγαν
2721 3845 3065 3914 θλάσμασι,
3107 3842 3208 3896 καὶ
3253 3841 3359 3896 τὸν
3399 3837 3568 3895 οἷκον
3608 3841 3714 3895 τὸν

2129 3939 2346 4010 μικρὸν
2366 3939 2695 4010 ρήγμασιν.

2204 4029 2319 4084 ΞΓ.
2339 4031 2669 4084 Ἀλώσεσθαι
2701 4029 2820 4099 μὲν,
2859 4029 3059 4099 μᾶλλον
3090 4026 3145 4079 δὲ
3176 4023 3492 4079 ἀπολεῖσθαι
3533 4023 3712 4086 πόλεις

2136 4118 2273 4189 ὁμοῦ
2317 4122 2430 4182 τοῖς
2473 4119 2817 4173 κατοικοῦσιν
2858 4117 3049 4182 αὐτάς,
3100 4114 3402 4184 ἠπείλησεν
3446 4111 3710 4184 ἐναργῶς.

2140 4212 2264 4264 Ὅτι
2304 4212 2361 4265 δὲ
2393 4212 2545 4283 παρά
2574 4212 2708 4264 Θεοῦ
2743 4212 2804 4264 τὸ
2853 4211 3061 4280 χρῆμα,
3110 4207 3203 4260 καί
3245 4206 3346 4258 οὐκ
3389 4204 3713 4274 αὐτομάτως

2139 4301 2292 4356 ἔσται
2339 4301 2724 4373 συμϐεϐηκὸς,
2759 4299 3044 4371 σαφηνίζει
3106 4297 3227 4350 λίαν
3272 4295 3334 4348 τὸ
3379 4292 3714 4347 ἐντέλλεσθαι

454 4405 732 4459 mandabit
763 4411 981 4456 vastare
1002 4399 1325 4463 valentibus,
1348 4406 1402 4452 et
1437 4397 1506 4451 illi
1541 4397 1700 4452 facile
1719 4397 2017 4467 patrabunt,

2140 4396 2242 4467 μὲν
2268 4395 2428 4449 αὐτὸν
2453 4396 2565 4456 τοῖς
2594 4393 2894 4466 καταδῃοῦν
2926 4389 3220 4462 ἰσχύουσιν,
3252 4386 3490 4449 ἐκείνους
3510 4385 3566 4438 δὲ
3585 4385 3715 4455 δρᾷν

453 4511 573 4566 qui:
609 4494 825 4548 divinus
867 4492 1018 4545 furor
1063 4489 1385 4544 decreverit.
1433 4489 1660 4543 Domum
1709 4499 1888 4546 autem
1920 4505 2035 4544 ma-

455 4603 616 4658 gnam
659 4594 714 4640 et
760 4599 1020 4655 parvam,
1051 4582 1307 4651 prraim
1356 4580 1588 4637 fortasse
1627 4589 1680 4635 et
1706 4579 1896 4636 Iudam
1933 4596 2031 4636 no-

455 4680 650 4734 minat.
674 4675 977 4746 Populosus
1005 4675 1149 4729 enim
1183 4672 1286 4727 fuit
1316 4673 1597 4740 Ephraim,
1630 4682 1817 4743 utpote
1845 4673 2032 4727 decem

457 4771 707 4824 tribubus
736 4777 1014 4828 constans,
1046 4765 1301 4833 quocirca
1332 4772 1386 4816 et
1407 4778 1597 4832 magna
1631 4763 1839 4818 domus.
1861 4761 2034 4816 Minor

457 4872 636 4917 autem
695 4859 882 4923 Judas,
939 4869 997 4910 ut
1051 4857 1261 4909 duabus
1324 4864 1577 4909 tantum:
1615 4855 1729 4923 ipse
1762 4855 2031 4923 siquidem

458 4950 845 5021 llierOsolymis
875 4958 1013 5011 erat,
1066 4956 1121 4999 et
1168 4946 1342 5000 tribus
1397 4945 1704 5014 Benjamin.
1741 4945 1835 4999 Est
1892 4947 2036 4999 enim

458 5057 795 5112 consequens
851 5040 1108 5109 cogitare,
1169 5038 1312 5107 quod
1364 5037 1652 5105 frangitur,
1713 5036 1922 5105 integre
1980 5047 2037 5090 et

461 5135 696 5206 perfecte
718 5133 906 5186 collabi
943 5148 953 5178 :
994 5129 1136 5199 quod
1187 5141 1368 5182 autem
1401 5128 1688 5196 rumpitur,
1735 5129 1932 5181 merito
1960 5129 2037 5181 in-

462 5228 628 5297 telligi
655 5241 720 5278 ex
745 5232 898 5292 parte
917 5220 1048 5291 pati.
1071 5218 1489 5286 Contigitporro
1510 5218 1725 5271 domum
1749 5216 2031 5286 prraim,

463 5323 576 5377 sive
616 5315 868 5372 lsraelem
893 5323 1062 5367 totum
1089 5312 1143 5365 in
1197 5310 1518 5366 servitutem
1547 5309 1741 5378 redigi,
1783 5318 1836 5362 et
1891 5309 2032 5363 bello

461 5421 702 5462 extrema
741 5403 948 5474 perpeti
1013 5417 1028 5452 :
1087 5416 1155 5454 ex
1205 5408 1357 5468 parte
1415 5411 1595 5453 autem
1643 5397 1858 5463 Judam,
1892 5400 2039 5453 velut

466 5499 612 5553 brevi
643 5505 865 5565 ruptura
893 5494 1030 5547 idem
1069 5493 1296 5562 perpeti.
1326 5489 1511 5544 Justus
1537 5499 1620 5544 est
1647 5491 1835 5561 judex,
1869 5491 2028 5562 321

470 5605 568 5642 nec
607 5599 863 5657 personas
895 5585 1090 5654 accipit
1121 5583 1186 5639 ³⁵.
1220 5582 1340 5638 Pari
1361 5583 1502 5637 enim
1542 5596 1792 5636 mensura
1829 5585 2034 5654 suppli-

546 5768 592 5800 "
617 5768 789 5823 Levit.
825 5784 974 5835 xxnv,
1010 5765 1198 5821 10-25.
1270 5765 1316 5798 ’³
1346 5763 1506 5817 Rom.
1538 5776 1598 5831 ll,
1629 5762 1714 5815 ll.

2140 4487 2376 4551 εὐκόλως
2403 4485 2546 4557 ἅπερ
2584 4485 2650 4537 ἂν
2683 4487 2711 4538 6
2734 4484 2876 4546 θεῖος
2907 4483 3075 4552 ὁρίζει
3120 4478 3312 4550 θυμός.
3341 4473 3502 4531 Οἷκον
3532 4476 3587 4529 δὲ
3629 4476 3720 4547 μέ-

2139 4597 2264 4649 γαν,
2297 4579 2392 4632 καί
2423 4576 2640 4648 μικρὸν,
2668 4575 2760 4628 τὸν
2787 4572 3029 4645 Ἐφραῒμ
3053 4573 3192 4641 τάχα
3219 4587 3324 4622 που
3345 4567 3437 4621 καὶ
3469 4567 3558 4620 τὸν
3586 4565 3719 4618 Ἰού-

2138 4671 2234 4724 δαν
2274 4669 2562 4724 ἀποκαλεῖ.
2599 4667 3030 4738 Πολυάνθρωπος
3057 4666 3084 4718 ὁ
3123 4661 3364 4733 Ἐφραῒμ
3383 4701 3397 4724 ,
3428 4659 3504 4722 ti);
3535 4660 3592 4711 ἐν
3619 4675 3721 4726 φυ-

2140 4762 2258 4825 λαῖς
2292 4761 2671 4832 μετρούμενος
2695 4760 2849 4812 δέκαο
2883 4756 3137 4826 ταύτῃτοι
3167 4755 3261 4807 καὶ
3283 4757 3310 4806 ὁ
3336 4752 3510 4822 μέγας
3550 4746 3714 4811 οἶκος.

2141 4855 2323 4909 Μείων
2350 4871 2414 4923 γε
2446 4852 2551 4923 μὴν
2579 4851 2799 4914 Ἰούδας,
2831 4850 2906 4911 ὡς
2938 4849 2994 4901 ἒν
3031 4864 3095 4916 γε
3126 4845 3294 4899 δυσίν·
3328 4843 3496 4904 αὐτὸς
3523 4841 3632 4912 γάρ
3654 4835 3720 4909 ἦν

2143 4949 2201 4999 ὲν
2229 4949 2343 5007 τοῖς
2383 4943 2811 5016 Ἱεροσολύμοις,
2848 4941 2946 4994 καὶ
2979 4937 3120 5009 φυλὴ
3168 4935 3444 5005 Βενιαμίν.
3487 4932 3720 4985 Ἐννοεῖν

2139 5039 2198 5090 δὲ
2231 5036 2543 5097 ἀκόλουθον,
2573 5036 2654 5087 ὅτι
2684 5034 2745 5086 τὸ
2774 5033 2871 5104 μὲν
2899 5030 3174 5100 θλώμενον
3205 5026 3316 5097 ἔχει
3349 5042 3465 5088 πως
3495 5022 3719 5092 ὁλοτελῆ

2140 5129 2241 5197 τὴν
2279 5126 2631 5180 κατάπτωσιν
2652 5141 2665 5155 ·
2693 5123 2755 5177 τὸ
2797 5124 2853 5176 δέ
2879 5139 2952 5191 γε
2991 5117 3331 5190 ῥηγνύμενον
3357 5113 3513 5167 νοοῖτ’
3547 5112 3613 5166 ἂν
3647 5113 3722 5164 εἰ-

2139 5221 2313 5283 κότως
2346 5219 2420 5283 ὼς
2451 5218 2660 5288 πάσχον
2691 5218 2754 5270 ὲκ
2789 5214 3010 5286 μέρους.
3040 5207 3365 5280 Συμϐέϐηκε
3396 5206 3452 5258 δὲ
3490 5205 3579 5257 τὸν
3621 5204 3720 5273 μὲν

2139 5306 2285 5364 οἶκον
2328 5309 2568 5382 Ἐφραῖμ
2591 5309 2748 5378 ,ἱῆτοι
2778 5307 2868 5360 τὸν
2911 5303 3148 5374 Ἰσραὴλ,
3187 5299 3399 5354 τελείαν
3433 5297 3723 5366 ὑπομεῖναι

2141 5401 2241 5473 τὴν
2281 5401 2507 5468 ἅλωσιν,
2550 5401 2642 5453 καὶ
2681 5398 2933 5452 δυσίατον
2965 5397 3064 5466 τὴν
3099 5397 3164 5446 ὲκ
3195 5391 3288 5446 τοῦ
3316 5389 3552 5458 πολέμου
3584 5403 3722 5456 συμ-

2151 5495 2347 5564 φορὰν,
2372 5492 2482 5546 ἀπὸ
2525 5492 2724 5563 μέρους
2765 5490 2821 5543 δὲ
2850 5490 2948 5557 ⁸τὸν
2990 5486 3188 5540 Ἰούδαν
3213 5483 3308 5538 καὶ
3340 5482 3416 5545 ὠς
3445 5481 3503 5532 ὲν
3533 5477 3726 5548 βραχεῖ

2146 5587 2385 5656 ῥήγματι
2446 5581 2604 5671 τοῦτο
2663 5581 2873 5636 παθεῖν.
2921 5579 3135 5641 Δίκαιος
3177 5571 3246 5647 ἦν
3289 5574 3318 5627 6
3367 5569 3558 5645 κριτὴς
3630 5568 3724 5619 καὶ
