4140 6370
508 435 616 492 5‘29

1462 423 2008 497 COMMENTéRlUS
2044 421 2111 477 IN
2150 423 2340 480 ΑΜΟὸ
2377 425 2821 485 PROPHETAM’.

3674 437 3779 492 530

509 547 1033 620 ἀπροσωπόληπτος.
1067 544 1396 599 Ταλαντεύει
1445 543 1573 615 γὰρ,
1604 545 1679 607 ὡς
1705 545 1860 614 ὁρᾷς,
1891 542 1962 595 τὰ
1997 542 2094 596 πό-

2201 542 2267 598 cii
2300 546 2534 613 urbium,
2587 556 2682 602 aut
2741 547 3022 618 regionum
3075 550 3281 607 scelera
3327 563 3673 623 compensat,
3721 569 3780 611 ut

508 642 647 696 λεων
671 643 704 714 ἢ
733 640 926 712 χωρῶν
957 639 1124 710 ὲγκλή
1134 656 1301 710 ματα,
1325 639 1419 692 καὶ
1442 639 1722 706 ἀναλόγως
1754 637 1970 708 ἑκάστῳ
1991 638 2092 708 τὴν

508 734 741 803 ὠφελεῖν
774 732 1065 803 ἰσχύουσαν
1096 731 1293 800 ἐπάγει
1325 731 1566 801 πληγήν.
1615 731 1709 802 Μὴ
1751 731 1882 800 γοῦν
1923 748 2092 785 κατα-

509 825 800 899 φρονῶμεν
826 814 984 892 Θεοῦ,
1014 823 1076 877 τὸ
1109 823 1387 887 πάναλκες
1421 823 1621 886 εἰδότες
1653 824 1750 894 τῆς
1779 823 2094 894 ὐπερτάτης

509 919 713 991 χειρός.
747 918 951 988 Χρῆμα
978 915 1088 986 γὰρ
1112 916 1333 986 ἄριστον
1367 917 1401 986 ἡ
1426 917 1506 978 εἰς
1535 914 1694 968 τοῦτο
1724 915 1962 979 σύνεσις.

581 1011 653 1062 Ei.
679 1007 995 1072 διώξονται
1018 1007 1088 1059 ἐν
1116 1005 1360 1074 πέτραις
1387 1006 1600 1074 ἵπποιζ;
1633 1007 1685 1058 εὶ
1707 1004 2094 1073 παρασιωπή-

511 1117 726 1154 σονται
755 1099 824 1152 ὲν
855 1098 1165 1166 οηλείαις;
1200 1098 1322 1150 Ὅτι
1349 1097 1757 1166 ἐξεστρέψατε
1784 1100 1874 1162 εἰς
1905 1098 2096 1166 θυμὸν

509 1193 707 1262 κρῖμα,
739 1193 836 1246 καὶ
868 1192 1104 1260 καρπὸν
1131 1191 1528 1259 δικαιοσύνης
1553 1194 1639 1256 εἰς
1673 1190 1939 1257 πικρίαν.

581 1285 698 1338 ΞΔν.
736 1286 859 1338 Ὀτι
889 1285 953 1356 δὴ
985 1284 1146 1338 πάλιν
1183 1284 1345 1346 αὐτὸς
1373 1283 1702 1347 ἐντέλλεται,
1747 1282 1841 1334 καὶ
1868 1279 2092 1347 κατάξει

507 1377 602 1430 τὸν
630 1372 778 1429 οἶκον
809 1377 900 1429 τὸν
930 1376 1106 1446 μέγαν
1137 1375 1439 1446 θλὰσμασι,
1476 1376 1570 1427 καὶ
1597 1373 1689 1426 τὸν
1715 1369 1861 1426 οἷκον
1886 1374 1976 1426 τὸν
2004 1390 2095 1442 μι-

510 1469 642 1539 κρὸν
676 1469 948 1540 ρήγμασι,
973 1466 1075 1520 κᾶν
1103 1469 1152 1520 εἰ
1181 1467 1271 1520 διὰ
1303 1469 1402 1538 τῆς
1431 1467 1543 1518 τῶν
1578 1463 1880 1536 Ἀσσυρὶων
1915 1467 2092 1538 πράτ-

509 1578 654 1614 τοιτο
690 1561 908 1631 χειρὸς,
951 1560 1113 1613 πάλιν
1164 1561 1311 1630 ἡμᾶς
1363 1558 1685 1624 ἀναπείθει,
1723 1558 1926 1627 λέγων·
1981 1576 2000 1608 ‹
2033 1558 2096 1609 Ei

507 1652 786 1719 διώξονται
813 1655 871 1706 ἐν
903 1653 1130 1723 πέτραις
1164 1653 1321 1704 ἵπποι
1353 1669 1369 1718 ;
1405 1651 1659 1722 »Ὅμοιον
1683 1651 1792 1721 γὰρ
1813 1649 1888 1713 ὡς
1919 1651 1968 1701 εἱ
2004 1648 2094 1700 λέ-

510 1761 594 1812 γοι
630 1744 813 1813 σαφῶς
837 1761 850 1774 ·
870 1745 1174 1814 Ἀγέρωχον
1203 1745 1301 1814 μὲν
1330 1745 1392 1796 τὸ
1425 1744 1586 1810 ζῶον,
1618 1745 1709 1796 καὶ
1736 1744 1844 1796 τῶν
1867 1743 1950 1795 ὃτι
1993 1742 2096 1810 μά-

508 1836 666 1888 λιστα
696 1835 1122 1907 δρομικωτάτων
1154 1837 1181 1887 6
1214 1835 1397 1897 ἵππος·
1466 1834 1602 1888 ἀλλά
1628 1835 1793 1896 τόπος
1828 1831 1975 1902 αὐτῷ
2015 1834 2096 1894 εἰς

2196 635 2368 702 vides,
2405 647 2459 692 et
2489 639 2837 707 proportione
2871 640 3098 696 cuilibet
3133 641 3345 714 plagam
3387 646 3778 702 conducibilem

2196 728 2410 799 inﬂigit.
2430 731 2511 785 Ne
2528 732 2707 800 itaque
2729 742 3141 788 contemnamus
3170 733 3364 800 Deum,
3390 737 3778 792 validissimum

2198 823 2365 876 robur
2383 837 2652 891 suprema:
2683 839 2877 880 manus
2898 835 3229 895 reputantes.
3261 825 3475 898 Optima
3504 831 3648 885 enim
3668 846 3776 892 res.

2198 917 2360 985 hujus
2387 917 2463 971 rei
2499 917 2878 988 intelligentia.

2273 1011 2434 1067 Vsus.
2463 1012 2550 1066 15.
2577 1012 2637 1067 Si
2684 1023 3058 1083 persequentur
3101 1015 3158 1070 in
3203 1016 3365 1084 petris
3396 1016 3536 1086 equi,
3562 1016 3610 1070 si
3641 1025 3755 1074 tace

2198 1105 2325 1158 bunt
2350 1106 2405 1157 in
2447 1105 2699 1174 feminis?
2747 1105 3012 1172 Quoniam
3071 1109 3398 1162 convenistis
3446 1110 3501 1162 in
3543 1107 3782 1177 furorem

2189 1196 2477 1266 judicium,
2509 1208 2555 1250 et
2590 1197 2825 1267 fructum
2851 1197 3081 1266 justitia:
3109 1201 3161 1252 in
3201 1200 3635 1255 amaritudinem.

2267 1285 2451 1342 LXIV.
2505 1286 2744 1342 Rursum
2801 1302 2923 1342 sese
2978 1287 3258 1353 mandare,
3293 1297 3349 1344 et
3392 1304 3775 1357 percussurum

2198 1375 2418 1431 deruunt
2463 1391 2716 1446 magnam
2756 1377 3239 1443 coniractionibus,
3291 1389 3346 1432 et
3384 1379 3649 1434 minorem
3677 1382 3774 1435 do-

2200 1482 2348 1520 mum
2389 1468 2762 1534 scissionibus,
2819 1485 2913 1523 seu
2963 1470 3224 1537 rupturis,
3253 1471 3461 1524 tametsi
3497 1485 3590 1540 per
3615 1471 3776 1542 Assy-

2198 1559 2403 1613 riorum
2429 1574 2647 1613 manum
2673 1560 2726 1614 id
2749 1560 2987 1613 futurum
3013 1561 3104 1625 sit,
3124 1577 3221 1615 nos
3243 1562 3518 1627 admonet,
3551 1563 3770 1618 dicens:

2204 1669 2223 1702 ι
2260 1651 2317 1706 Si
2345 1663 2739 1721 persequentur
2772 1653 2823 1706 in
2863 1653 3031 1722 petris
3059 1653 3203 1722 equi.
3248 1671 3266 1704 ι
3326 1651 3469 1707 Idem
3505 1663 3591 1708 est
3631 1654 3774 1708 enim

2196 1755 2262 1796 ac
2288 1742 2331 1796 si
2364 1742 2644 1812 perspicue
2674 1743 2876 1797 diceret
2911 1758 2924 1793 :
2968 1742 3274 1810 Superbum
3301 1743 3517 1812 quidem
3546 1753 3630 1799 est
3658 1744 3776 1798 ani-

2200 1834 2328 1899 mal,
2358 1843 2412 1889 et
2441 1834 2510 1889 ad
2543 1850 2759 1888 cursum
2787 1836 3128 1903 aptissimum
3168 1849 3364 1901 equus,
3406 1836 3500 1889 sed
3532 1834 3681 1889 locus
3707 1835 3773 1888 ad

507 1926 570 1978 τὸ
598 1927 741 1979 θέειν
774 1928 1101 1997 ἐπιτήδειος,
1152 1927 1250 1979 οὐκ
1284 1925 1446 1989 εἴτις
1496 1926 1583 1997 εἴη
1639 1925 1948 1996 πετρώδης,
1994 1925 2090 1977 καὶ

2201 1942 2413 1981 cursum
2445 1925 2563 1994 ejus
2595 1928 2821 1980 idoneus
2859 1943 2964 1980 non
2995 1927 3100 1978 erit
3132 1935 3399 1993 petrosus,
3428 1935 3483 1980 et
3513 1925 3774 1980 clivorum

507 2018 667 2088 δχθου
701 2019 906 2086 πλέως,
949 2020 1064 2074 ἀλλ’
1103 2022 1131 2072 6
1161 2019 1315 2089 ψιλός
1353 2037 1412 2072 τε
1452 2021 1545 2073 καὶ
1589 2019 1748 2082 λεῖος.
1803 2014 1938 2071 Εἱτά
1974 2033 2090 2078 πως

508 2111 663 2181 ὐμῶν
701 2112 1250 2182 καταδεδραμήκασιν
1280 2115 1329 2164 οἱ
1366 2111 1664 2183 Ἀσσύριοι,
1705 2111 1884 2164 καίτοι
1922 2109 2091 2162 πάλαι

506 2202 738 2273 τραχέος
777 2220 837 2254 τε
877 2204 995 2256 λίαν
1045 2205 1140 2256 καὶ
1188 2204 1353 2256 οἰονεὶ
1402 2202 1712 2274 πετρώδους
1742 2202 1897 2263 ὄντος
1935 2198 2084 2262 λαοῦ,

507 2295 604 2346 καὶ
649 2295 743 2346 ὑπ’
785 2295 999 2357 οὐδενὸς
1041 2295 1262 2348 πώποτε
1315 2295 1424 2347 τῶν
1459 2295 1733 2365 πολεμίων
1768 2292 2092 2362 πεπατημέ-

508 2404 620 2440 νου.
661 2387 799 2440 Ἀλλ’
825 2384 893 2459 ἦν
934 2389 1064 2451 Θεὸς
1104 2389 1132 2440 6
1170 2387 1517 2457 ἠτιμωμένος
1539 2430 1553 2454 ,
1585 2389 1614 2438 6
1646 2386 1714 2439 τά
1745 2384 1959 2454 σκληρὰ
1995 2383 2092 2435 καὶ

508 2480 849 2550 δυσπόρευτα
889 2484 1000 2543 τοῖς
1046 2481 1331 2552 πολεμίοις
1371 2479 1539 2541 τιθεὶς
1567 2479 1773 2548 βάσιμα
1799 2477 1894 2530 καὶ
1925 2476 2094 2545 ἱππή-

510 2569 887 2640 λατα.”Ωσπερ
925 2569 1003 2636 δὲ,
1031 2571 1217 2640 φησὶν,
1249 2570 1350 2621 οὐκ
1382 2568 1448 2621 ἂν
1474 2567 1774 2620 παύσαιντο
1803 2565 2093 2636 ὀρεκτιῶν-

509 2676 599 2723 τες
631 2661 811 2724 ἵπποι,
850 2660 946 2714 καὶ
993 2660 1088 2730 τῆς
1131 2659 1346 2730 φύσεως
1387 2660 1634 2727 κέντροις
1673 2658 1914 2729 θηλείαις
1952 2673 2094 2727 παρα

510 2751 698 2814 ούσαις
749 2753 1138 2823 ἐπιθηγόμενοῖ
1187 2770 1247 2805 τε
1289 2753 1383 2804 καὶ
1427 2750 1880 2823 ὲττιθρὼσκοντες⁸
1920 2748 2095 2811 οὕτως

510 2846 610 2897 οὐκ
641 2845 706 2898 ἀν
728 2846 1069 2916 ὴρεμήσειαν
1099 2846 1147 2896 οἱ
1181 2845 1398 2916 ἐχθροὶ,
1439 2844 1782 2915 θερμοτάτην
1820 2842 1962 2903 τινὰ,
1998 2841 2096 2894 καὶ

511 2937 815 2992 ἀκάθεκτον
843 2939 986 2991 κατά
1009 2939 1118 2992 τῶν
1149 2940 1622 3010 δεδυσσεὸηκότων
1653 2938 1966 3009 ποιούμενοι
1995 2939 2094 3007 τὴν

511 3032 690 3100 ὁρμήν
712 3048 726 3059 ·
764 3031 915 3102 καὶὴ
946 3031 1099 3084 τοῦδε
1128 3033 1398 3103 πρόφασις
1431 3033 1609 3103 ὑμεῖς,
1641 3033 1735 3085 καὶ
1762 3033 1862 3101 οὐχ
1895 3032 2093 3100 ἕτεροι.

522 3123 596 3174 Τὸ
626 3121 734 3193 γὰρ
769 3123 894 3192 ἐμοὶ
925 3123 1134 3176 δίκαιον
1156 3124 1285 3193 περὶ
1307 3124 1452 3193 ὑμᾶς
1477 3125 1652 3193 κρῖμα
1689 3121 2092 3192 παρετρέψατε,

514 3213 700 3282 φησὶν,
744 3214 824 3275 εἰς
869 3212 1062 3282 θυμὸν,
1104 3213 1198 3265 καὶ
1232 3214 1352 3266 ἀντὶ
1406 3213 1500 3265 τοῦ
1545 3212 1792 3282 καρποὺς
1838 3211 1982 3280 ἔχειν
2019 3210 2096 3262 δι-

2195 2015 2404 2084 plenus,
2443 2031 2627 2070 verum
2667 2016 2844 2070 nudus
2909 2025 2964 2068 et
2989 2017 3200 2085 planus.
3239 2017 3331 2070 Sic
3369 2032 3467 2070 vos
3495 2029 3777 2086 percursa-

2194 2111 2331 2162 bunt
2356 2108 2588 2178 Assyrii,
2627 2108 2872 2175 quamvis
2902 2109 3172 2176 quondam
3234 2109 3464 2178 populus
3524 2118 3776 2176 asperet

2195 2203 2349 2270 quasi
2407 2210 2657 2270 petrosus
2711 2199 2944 2262 fueritis,
2991 2210 3046 2253 et
3095 2217 3125 2252 a
3167 2202 3310 2254 nullo
3337 2217 3569 2269 unquam
3621 2205 3776 2258 hoste

2195 2297 2470 2349 subactus.
2505 2293 2610 2347 Sed
2665 2294 2806 2347 Deus
2865 2303 2948 2346 est
3000 2309 3160 2362 quem
3227 2295 3648 2362 contempsistis,
3683 2295 3774 2364 qui

2196 2387 2310 2440 loca
2341 2386 2498 2449 dura,
2546 2395 2601 2439 et
2648 2386 2810 2451 invia,
2848 2387 3098 2440 hostibus
3143 2389 3349 2455 pervia,
3380 2397 3434 2441 et
3462 2388 3773 2456 equilabilia

2198 2478 2348 2530 facit.
2388 2478 2858 2544 Quemadmodum
2911 2487 3089 2531 autem
3139 2493 3243 2531 non
3279 2479 3615 2534 cessaverint
3651 2480 3773 2550 equi

2197 2579 2473 2638 appetere,
2525 2579 2578 2623 et
2627 2569 2934 2638 conspectis
2980 2569 3220 2638 equabus
3287 2582 3494 2624 naturae
3541 2572 3775 2625 stimulis

2197 2664 2404 2716 incitati
2433 2677 2525 2715 eas
2565 2661 2728 2714 salire
2767 2679 2780 2714 :
2819 2661 2891 2714 ita
2941 2679 3044 2715 non
3076 2663 3353 2730 quieSrent
3401 2665 3605 2729 hostes,
3638 2665 3770 2734 quin

2198 2753 2559 2808 l'ervidissimo
2615 2753 2847 2820 quodam
2905 2762 2956 2807 et
3008 2752 3274 2808 eiii-enato
3329 2755 3529 2822 impetu
3586 2765 3773 2810 contra

2199 2849 2490 2918 impietatis
2514 2863 2634 2901 reos
2687 2848 2898 2900 irruaut
2955 2864 2970 2899 :
3025 2856 3188 2916 atque
3243 2847 3403 2918 hujus
3442 2850 3518 2902 rei
3566 2859 3776 2902 vosmet

2199 2954 2358 2993 causa
2387 2939 2539 3002 estis,
2566 2953 2672 2992 non
2713 2938 2824 2992 alii.
2853 2937 3066 2992 .lustum
3093 2939 3238 2991 enim
3286 2939 3546 3008 judicium
3598 2956 3774 2995 meum

2198 3031 2341 3084 circa
2375 3045 2471 3084 vos
2492 3030 2847 3099 pervenistis,
2879 3029 3074 3097 inquit,
3111 3031 3160 3082 in
3194 3029 3456 3096 furorem,
3483 3039 3537 3085 et
3563 3045 3659 3100 pro
3686 3045 3774 3091 eo.

2201 3130 2259 3172 ut
2295 3119 2529 3174 fructum
2555 3119 2829 3175 haberetis
2854 3117 3100 3188 iustitiae,
3149 3121 3328 3174 omnis
3376 3121 3574 3176 laetitiae
3606 3132 3662 3176 et
3687 3122 3776 3190 ju»

2198 3212 2494 3266 cuuditatis
2520 3222 2712 3266 vestrae
2741 3212 3083 3281 praebitorem
3127 3215 3195 3266 ad
3230 3216 3364 3267 iram
3408 3215 3772 3285 compulistis,

514 3301 843 3371 καιοσύνης,
896 3302 987 3354 τὸν
1049 3303 1266 3372 ἁπάσης
1313 3303 1440 3373 ὑμῖν
1494 3302 1760 3371 εὐθυμίας
1827 3301 2094 3372 πρύτανιν

2201 3303 2565 3356 amaritudine
2639 3303 2796 3372 digna
2866 3302 3028 3372 impie
3094 3302 3344 3370 amplexi.
3418 3303 3776 3360 Miserabatur

515 3391 866 3456 ὲξεὸιάσασθε
909 3393 1044 3463 πρὸς
1090 3394 1257 3464 ὀργὰς
1283 3435 1296 3457 ,
1339 3394 1563 3464 πικρίας
1607 3393 1733 3458 ἀξια
1772 3393 2096 3463 ὁεδυσσεϐη-

519 3485 694 3546 κότες.
749 3485 926 3537 Ἥλέει
979 3486 1076 3554 μὲν
1125 3487 1231 3556 γὰρ
1268 3487 1294 3538 6
1333 3485 1440 3538 τῶν
1481 3485 1734 3538 ἀπάντων
1765 3483 1899 3546 Θεὸς
1924 3484 1999 3547 ὼς
2039 3486 2097 3535 ἐν

513 3576 774 3646 Αἰγύπτῳ
815 3576 1160 3646 πεπονηκότα
1190 3577 1280 3628 τὸν
1325 3576 1540 3648 Ἰσραὴλ
1559 3620 1574 3644 ,
1607 3577 1722 3630 ἀλλ’
1749 3576 1808 3628 οὐ
1839 3576 2098 3630 διαλελοί-

515 3688 650 3724 πασι
679 3669 1126 3741 παροτρύνοντες.
1149 3670 1258 3722 Καὶ
1284 3669 1459 3734 τοῦτο,
1482 3665 1656 3738 οἶμαι,
1691 3670 1810 3721 ἐστὶ
1833 3667 1913 3731 τὸ,
1938 3688 1954 3718 ι
1979 3667 2095 3732 Ἐξ-

515 3763 814 3833 εστρέψατε
860 3765 939 3826 εἰς
989 3761 1158 3832 θυμὸν
1199 3765 1392 3832 κρῖμα.
1431 3781 1449 3812 ι
1497 3761 1681 3813 Δεινὸν
1718 3756 1811 3813 οὖν
1851 3761 1960 3828 ἄρα
2000 3760 2098 3827 τῆς

515 3855 838 3926 ἀχαριστίας
873 3853 932 3906 τὸ
959 3853 1213 3922 ἔγκλημα
1238 3870 1250 3881 ·
1292 3852 1579 3914 κολάζεται
1625 3852 1704 3914 δὲ,
1748 3851 1842 3904 καὶ
1889 3849 2097 3919 σφόδρα

514 3946 755 4009 δικαίως.
802 3945 900 4000 Ὃν
938 3945 1049 4016 γὰρ
1096 3945 1202 3997 ἔδει
1252 3944 1455 4014 μᾶλλον
1496 3947 1618 4006 ταῖς
1657 3944 1955 4014 εὐφημίαις
2005 3941 2095 4007 ἑξ-

515 4039 757 4108 ημεροῦν
787 4037 887 4101 ἔτι,
917 4039 1008 4090 καὶ
1033 4038 1405 4108 χαριστηρίοις
1430 4035 1843 4106 κατευφραίνειν
1867 4038 2096 4104 φωναῖς,

517 4129 577 4181 τὸ
604 4130 965 4200 παροτρύνειν
1007 4128 1234 4200 ἀμαθῶς
1276 4127 1390 4192 πῶς
1431 4129 1493 4180 οὐ
1538 4127 1738 4191 παντὸς
1777 4127 1906 4197 ὐμίν
1945 4127 2098 4179 ἔσται

519 4222 776 4294 πρόξενον
815 4221 985 4276 κακοῦ
1005 4241 1018 4288 ;

594 4343 656 4392 Οἱ
695 4338 1150 4406 εὐφραινόμενοι
1191 4336 1282 4388 ἐπ’
1321 4334 1520 4388 οὐδενὶ
1556 4335 1736 4402 λόγῳ.
1786 4336 1850 4386 Οἱ
1883 4336 2094 4402 λεγον-

519 4448 638 4497 τεςο
671 4435 791 4485 Οὐκ
818 4431 885 4482 ἐν·
913 4429 982 4497 τῇ
1013 4431 1181 4497 ἰσχύϊ
1209 4427 1372 4496 ὑμῶν
1403 4427 1625 4496 ἔχομεν
1649 4426 1902 4494 xépata;
1931 4426 2086 4478 Διότι

521 4525 650 4579 ἰδοὺ
680 4523 794 4593 ἐγὼ
826 4521 1084 4591 ἐπεγερῶ
1116 4521 1207 4590 ἐφ’
1244 4518 1400 4588 ὑμᾶς
1421 4562 1435 4585 ,
1476 4521 1640 4584 οἶκος
1667 4517 1775 4571 τοῦ
1818 4517 2058 4585 Ἰσραὴλ
2080 4556 2095 4577 .

2198 3395 2342 3448 enim
2377 3411 2566 3450 omnes
2617 3396 2895 3460 Dominus,
2929 3405 2986 3448 ut
3029 3396 3080 3448 in
3123 3394 3358 3464 Egypto
3394 3395 3651 3453 aiﬂictum
3702 3397 3778 3451 Is-

2199 3487 2396 3540 raelem
2433 3502 2446 3536 :
2485 3487 2577 3540 sed
2606 3502 2711 3540 non
2744 3486 3018 3540 desierunt
3042 3488 3281 3544 irritare.
3314 3488 3375 3540 Et
3404 3488 3505 3541 hoc
3533 3496 3636 3555 est,
3660 3489 3777 3558 epi-

2199 3587 2317 3637 nor,
2343 3572 2486 3642 quod
2511 3573 2625 3626 ait:
2663 3592 2680 3623 ι
2716 3572 3075 3626 Convertistis
3097 3574 3149 3626 in
3187 3572 3426 3626 furorem
3453 3574 3769 3642 judicium.»

2201 3664 2296 3718 Est
2324 3665 2488 3732 igitur
2527 3663 2802 3718 infandum
2829 3665 3034 3718 crimen
3061 3665 3254 3732 ingrati
3295 3666 3492 3728 animi;
3522 3665 3778 3732 plectitur

2199 3768 2457 3813 autemet
2491 3758 2634 3828 juste
2655 3757 2963 3811 admodum.
3002 3757 3169 3823 Quem
3219 3758 3362 3812 enim
3401 3759 3572 3826 magis
3605 3758 3777 3811 adhuc

2200 3851 2588 3917 benedicendo,
2643 3859 2699 3904 et
2747 3850 3015 3904 laudando
3062 3850 3347 3918 oportebat
3401 3849 3664 3912 emollire,
3723 3861 3778 3902 et

2200 3944 2492 4014 gratiarum
2523 3945 2823 3998 actionibus
2846 3944 3170 4008 exhilarare,
3199 3944 3341 3998 hunc
3369 3941 3531 3998 stulte
3556 3941 3620 3994 ad
3644 3943 3776 3995 iram

2191 4038 2496 4100 concitare,
2519 4039 2787 4107 quomodo
2815 4054 2922 4092 non
2947 4037 3241 4106 perniciem
3269 4037 3424 4092 nobis
3453 4037 3670 4104 pariet?

2275 4349 2439 4402 Vsus.
2477 4348 2563 4411 l4,
2592 4349 2681 4402 15.
2719 4347 2821 4412 Qui
2849 4348 3102 4401 (celantur
3134 4348 3186 4398 in
3219 4345 3362 4398 nullo
3393 4360 3648 4397 sermone.
3673 4343 3776 4409 Qui

2200 4441 2398 4503 dicunt,
2427 4438 2616 4492 Nonne
2649 4440 2700 4492 in
2742 4439 3053 4507 fortitudine
3073 4449 3250 4490 nostra
3270 4437 3516 4489 habemus
3538 4451 3734 4489 cornua
3753 4439 3778 4489 Σ)

2205 4530 2334 4585 Ideo
2370 4547 2486 4585 ecce
2538 4548 2630 4598 ego
2684 4530 2949 4584 suscitabo
3003 4545 3161 4596 super
3201 4545 3310 4592 vos,
3356 4529 3544 4580 domus
3582 4525 3774 4589 Israel,

521 4618 696 4683 ἔθνος
717 4657 732 4681 ,
765 4617 924 4684 λέγει
967 4615 1182 4682 Κύριος
1222 4611 1341 4666 τῶν
1372 4611 1684 4680 δυνάμεων
1705 4650 1719 4674 ,
1759 4611 1857 4662 καὶ
1894 4608 2095 4664 ἐκθλί-

2201 4633 2426 4694 gentem,
2466 4624 2593 4675 dicit
2621 4622 2874 4674 Dominus
2910 4621 3257 4682 exercituum,
3296 4628 3344 4672 et
3374 4629 3636 4673 conterent
3666 4636 3776 4681 vos,

519 4715 751 4778 ψουσιν
777 4705 968 4776 ὑμᾶς,
1008 4705 1114 4759 τοῦ
1141 4706 1227 4774 μὴ
1269 4702 1570 4758 εἰσελθεῖν
1613 4705 1698 4770 εἰς
1733 4701 1952 4772 Alpem,
1995 4701 2093 4754 καὶ

521 4803 631 4866 ἕως
667 4799 987 4869 χειμάρῤου
1027 4795 1438 4865 τῶνδυσμῶν.
1941 4790 1946 4796 ’

594 4891 710 4946 ΞΕ’.
747 4890 1100 4961 Ἐστρέψατε,
1137 4889 1290 4959 φησι,
1325 4891 1498 4959 κρῖμα
1535 4889 1614 4948 εἰς
1649 4885 1839 4955 θυμὸν,
1888 4884 2101 4956 καρπὸν

523 4984 580 5037 δὲ
605 4981 951 5051 δικαιοσύνης
985 4982 1064 5043 εἰς
1099 4980 1323 5050 πικρίαν
1365 4980 1553 5048 ὑμεῖς,
1585 4979 1635 5031 οἱ
1669 4979 1812 5048 μέγα
1854 4978 2104 5050 φρονοῦν-

525 5094 614 5139 τες
642 5077 728 5144 ὲφ’
757 5076 968 5137 ἑαυτοῖς
992 5114 1006 5138 ,
1041 5074 1132 5126 καὶ
1171 5071 1381 5144 ὑψηλὴν
1411 5072 1764 5133 ἀνασπῶντες
1803 5072 1943 5124 κατά
1967 5071 2102 5124 Θεοῦ

525 5169 622 5238 τὴν
655 5170 848 5239 ὀφρὺν,
891 5169 940 5220 οἱ
989 5167 1082 5218 ἐπὶ
1132 5164 1317 5236 σαθρῷ
1370 5165 1464 5218 καὶ
1525 5164 1768 5235 ἀσυνέτῳ
1823 5165 2104 5234 χαίροντες

526 5261 688 5331 λόγῳ.
728 5262 999 5332 Εἰρήκατε
1034 5259 1162 5329 γὰρ,
1203 5258 1302 5310 οὐκ
1340 5257 1441 5327 ἐμὲ
1484 5258 1811 5327 γεγενῆσθαι
1870 5259 2106 5330 χορηγὸν

525 5355 626 5423 τῆς
669 5353 896 5423 ἐνούσης
931 5353 1058 5424 ὐμῖν
1094 5351 1296 5420 ἰσχύος,
1346 5350 1439 5403 καὶ⁵
1485 5349 1578 5402 τοῦ
1627 5349 1914 5403 καταθλεῖν
1947 5350 2105 5404 δύνα-

530 5446 651 5500 σθαι
677 5447 786 5499 τῶν
813 5444 1044 5516 ἐχθρῶν.
1075 5443 1237 5496 Ἀλλά
1261 5444 1381 5504 ταῖς
1411 5443 1619 5496 ἑαυτῶν
1650 5443 1946 5513 δυνάμεσιν
1985 5445 2106 5497 ἀναο

529 5542 714 5603 θέντες
743 5539 812 5592 τὰ
849 5539 1168 5607 αὐχήματα,
1213 5535 1582 5606 τετολμὴκατε
1608 5536 1802 5588 εἰπεῖν·
1842 5557 1858 5586 ι
1891 5536 2004 5589 Οὐκ
2048 5536 2108 5590 ὲν

528 5635 595 5702 τῇ
629 5629 774 5700 ἰσχύϊ
800 5629 958 5699 ἡμῶν
986 5627 1181 5696 ἔχομεν
1202 5625 1410 5696 κέρατα
1433 5644 1446 5691 ;
1473 5625 1726 5695 »Ὅμοιον
1759 5624 1815 5678 δὲ
1845 5621 1914 5696 ἦν
1934 5627 2109 5679 έκεῖνο

533 5723 740 5787 λοιπὸν,
774 5721 978 5775 ἁλῶναι
1009 5738 1074 5773 πε
1085 5719 1576 5791 ριπεφρονηκότας,
1605 5719 1698 5771 καὶ
1719 5718 1996 5782 ἀσυνέτως
2021 5719 2107 5771 λέ-

533 5829 746 5880 γοντας*
776 5813 935 5866 Αὐτοὶ
969 5812 1564 5879 κατεδυναστεύσαμεν,
1607 5812 1702 5863 καὶ
1742 5813 2108 5883 περιεσόμεθα

533 5905 642 5958 τῶν
687 5905 915 5977 ἐχθρῶν,
974 5905 1075 5958 κᾶν
1117 5906 1162 5957 εἰ
1208 5902 1283 5974 μὴ
1325 5903 1498 5956 ἕλοιτο
1546 5904 1902 5973 προασπίζειν
1939 5905 2104 5972 Θεὸς,

2202 4731 2264 4767 ne
2294 4708 2900 4781 ingrediamini322in
2928 4709 3174 4774 .rEmath,
3208 4719 3256 4762 et
3293 4725 3453 4776 usque
3486 4709 3555 4761 ad
3577 4717 3781 4761 torren-

2202 4815 2304 4857 tem
2342 4803 2658 4857 Occidentis.

2275 4895 2360 4949 LX
2378 4895 2436 4948 ν.
2479 4895 2854 4956 Convertistis,
2909 4894 3103 4962 inquit,
3132 4893 3398 4960 judicium
3432 4894 3483 4947 in
3517 4892 3778 4956 furorem,

2203 4997 2257 5041 et
2283 4985 2517 5039 fructum
2561 4985 2784 5054 justitiae
2826 4986 2878 5037 in
2915 4984 3353 5046 amaritudinem,
3384 4999 3500 5049 vos,
3534 4983 3624 5053 qui
3663 4999 3780 5038 ma-

2205 5079 2400 5148 gniﬁce
2433 5077 2849 5144 circumspicitis
2883 5091 2977 5128 vos
3006 5076 3171 5144 ipsos,
3201 5087 3255 5131 et
3281 5076 3626 5144 supercilium
3651 5091 3782 5131 con-

2209 5181 2289 5223 tra
2320 5169 2481 5223 Deum
2517 5168 2720 5232 tollitis,
2745 5168 2833 5237 qui
2862 5168 2911 5221 in
2955 5167 3088 5221 iutili
3149 5180 3204 5223 et
3232 5167 3501 5234 insipienti
3532 5183 3782 5222 sermone

2208 5257 2471 5324 gaudetis.
2513 5253 2734 5307 Dixistis
2789 5254 2934 5308 enim
2982 5270 3086 5306 non
3139 5270 3223 5308 me
3253 5256 3482 5308 donasse
3512 5253 3664 5308 vobis
3692 5270 3782 5308 ro-

2208 5351 2312 5402 bur
2335 5358 2592 5412 veslrum,
2618 5357 2670 5399 et
2701 5333 2862 5416 posse.
2888 5362 2981 5400 vos
3021 5346 3292 5400 debellare
3332 5348 3513 5400 hostes
3552 5354 3780 5400 vestros.

2211 5440 2316 5495 Sed
2348 5439 2540 5493 vestris
2568 5439 2773 5493 viribus
2801 5439 3008 5502 coutisi,
3036 5439 3152 5491 ausi
3183 5438 3314 5492 estis
3337 5437 3653 5505 jactabundi
3699 5438 3784 5492 di-

2211 5546 2358 5594 cere,
2387 5529 2532 5582 cNou
2564 5529 2617 5582 in
2648 5528 2962 5582 fortitudine
2983 5537 3162 5580 nostra
3198 5527 3456 5581 habemus
3479 5543 3682 5582 cornua
3707 5529 3730 5581 ?
3758 5548 3776 5580 ι

2211 5621 2324 5677 Hoc
2341 5623 2562 5690 perinde
2585 5632 2688 5687 est,
2717 5636 2781 5675 ac
2804 5621 2849 5676 si
2884 5635 2976 5673 vos
3005 5628 3190 5689 captos
3215 5634 3334 5673 esse
3367 5635 3464 5688 pro
3494 5619 3662 5676 nihilo
3689 5620 3784 5674 du-

2211 5730 2415 5781 centes,
2439 5717 2631 5772 stolide
2687 5717 2958 5781 diceretis,
3015 5716 3118 5785 Ipsi
3172 5716 3431 5769 tlominati
3478 5733 3687 5784 sumus,
3724 5728 3778 5770 et

2211 5811 2586 5880 superabimus
2612 5810 2879 5874 inimicos,
2905 5819 2958 5862 et
2987 5809 3088 5863 nisi
3123 5808 3352 5863 voluerit
3371 5825 3466 5863 nos
3494 5819 3776 5878 protegere

2212 5905 2372 5974 Deus,
2403 5919 2501 5960 nos
2533 5903 2828 5970 \iucemus,
2857 5912 2910 5959 et
2941 5902 3007 5958 de
3043 5909 3149 5957 tam
3178 5901 3456 5972 splendide
3483 5901 3640 5958 iactis
3670 5901 3786 5973 glo-
