4140 6370
389 464 485 521 551

1377 455 1434 509 S.
1475 450 1760 510 CYRILLI
1800 441 2271 503 ALEXANDRINI
2310 437 2608 495 AllCHlEP

3531 429 3636 484 552

391 577 659 640 riandum,
701 575 810 629 Deo
858 573 994 628 nihil
1042 573 1262 626 omnino
1295 569 1674 624 ascribendum
1713 575 1812 620 est.
1851 562 1956 617 Su-

2082 562 2221 632 ιμεῖς
2245 557 2699 627 κεκρατήκαμεν,
2751 554 2844 605 καὶ
2891 554 3001 614 τοῖς
3032 549 3176 603 οὕτω
3211 547 3484 618 λαμπροῖς
3512 561 3616 598 κατ

389 667 574 738 perbia
609 667 794 736 igitur,
835 675 888 720 et
910 663 1199 719 insolentia
1246 671 1433 716 contra
1467 660 1630 714 Deum
1660 655 1960 724 huiusmodi

392 773 567 824 mens,
603 767 766 826 atque
829 770 918 811 res
977 763 1082 811 est.
1140 754 1299 821 Atqui
1351 751 1748 820 sapientissime
1798 745 1963 799 David

389 862 573 904 rerum
597 849 836 902 omnium
864 847 1064 915 potenti
1098 845 1207 898 Deo
1239 843 1460 913 gloriam
1493 841 1782 901 tribuebat,
1815 838 1962 890 dice-

391 938 589 1009 batque
617 955 630 990 :
660 957 678 990 ι
705 937 971 1004 Quoniam
996 936 1162 1006 gloria
1203 933 1416 988 virtutis
1443 947 1627 985 eorum
1667 941 1718 982 tu
1752 944 1810 982 es
1833 930 1898 980 ⁸⁸.
1941 946 1959 978 ι

397 1031 460 1086 Et
493 1046 703 1084 rursum
731 1044 747 1082 :
781 1049 798 1079 ‹
830 1031 886 1082 1η
945 1039 997 1082 te
1024 1029 1272 1081 inimicos
1322 1035 1536 1080 nostros
1586 1021 1966 1077 ventilabimus

397 1121 642 1176 cornu“.
671 1119 878 1190 [Omne
896 1121 1039 1174 enim
1061 1118 1221 1172 robur
1243 1118 1309 1168 ah
1342 1118 1477 1184 ipso,
1498 1129 1594 1168 nec
1619 1129 1646 1165 a
1671 1113 1824 1167 nobis
1840 1126 1968 1179 prte-

397 1216 528 1268 stari
564 1215 859 1283 quidquam
899 1211 1264 1274 memorabile,
1303 1211 1416 1279 ipso
1465 1223 1568 1262 non
1615 1214 1876 1275 praesente
1903 1218 1967 1257 ac

400 1307 742 1376 praesidente,
777 1307 961 1374 possit.
989 1322 1006 1354 ι
1037 1305 1294 1357 Dominus
1319 1303 1460 1356 enim
1495 1299 1728 1353 conterit
1760 1296 1915 1351 bella.
1944 1315 1960 1344 ι

399 1410 456 1453 ut
503 1400 663 1467 habet
693 1399 971 1464 Scriptura
997 1397 1063 1449 ’7.
1118 1395 1383 1461 Quoniam
1422 1393 1582 1461 igitur
1631 1406 1695 1444 eo
1735 1389 1845 1458 jam
1885 1403 1968 1438 ar-

402 1491 658 1560 rogantiae
711 1499 764 1542 ct
817 1487 1219 1542 incontinentim
1271 1487 1323 1538 in
1376 1481 1647 1552 loquendo
1698 1479 1965 1549 progressi

405 1583 742 1646 invenimini,
795 1597 920 1636 ecce
974 1596 1072 1648 ego
1125 1581 1320 1632 induco
1373 1591 1534 1643 super
1578 1589 1672 1627 vos
1731 1581 1964 1642 gentem,

401 1675 652 1740 Assyrios
687 1672 892 1742 utique,
940 1682 993 1725 et
1027 1677 1308 1725 conterent
1340 1681 1455 1731 vos,
1492 1681 1558 1720 ne
1590 1660 1967 1734 ingrediamini

403 1766 456 1816 in
483 1763 726 1826 Emath,
771 1771 826 1816 et
867 1777 1034 1831 usque
1070 1761 1132 1814 ad
1167 1769 1461 1814 torrentem
1495 1755 1826 1812 Occidentis.
1876 1751 1972 1804 Est

403 1854 566 1919 igitur
593 1851 815 1906 IEmath
839 1866 942 1904 una
979 1850 1190 1904 urbium
1246 1845 1611 1908 orientalium,
1649 1853 1774 1897 tunc
1807 1854 1970 1910 regno

2068 649 2349 721 ορθώμασι
2384 646 2741 716 σεμνύνεσθαι
2781 644 2908 715 χρὴ,
2935 641 3055 712 Θεῷ
3079 639 3405 710 τοπαράπαν
3448 635 3638 704 νέμον-

2066 760 2157 805 τες
2187 741 2359 793 ούδέν.
2403 736 2707 808 ’Υπεροψία
2739 735 2802 804 δὴ
2831 729 2923 787 οὖν
2943 776 2957 798 ,
2985 732 3079 784 καὶ
3118 729 3275 808 ὓόρις
3301 726 3442 780 κατὰ
3471 722 3631 808 Θεού,

2065 831 2127 883 τὸ
2139 800 2507 898 ⁷ἀπόπληκτον
2534 800 2678 878 οὕτω
2702 800 2959 894 φρόνημά
2977 836 3038 872 τε
3066 819 3161 872 καὶ
3179 800 3388 888 χρῆμα.
3408 813 3548 867 Ἀλλ’
3568 806 3637 881 ἦν

2068 925 2149 976 ὅτι
2177 922 2410 993 μάλιστα
2450 918 2610 988 σοφὸς
2639 918 2668 969 ὁ
2702 913 2896 978 Δαὸὶδ,
2937 912 3016 982 τῷ
3041 912 3150 964 τῶν
3191 909 3328 962 ὅλων
3379 903 3636 970 κατεξου-

2073 1016 2313 1079 σιάζοντι
2343 1012 2461 1081 Θεῷ
2494 1011 2592 1079 τὴν
2616 1008 2772 1071 δόξαν
2795 1004 3088 1066 ἀνατιθεὶς,
3121 1001 3214 1054 καὶ
3245 1000 3442 1066 λέγων’
3484 998 3637 1048 ("Ott

2069 1109 2128 1162 τὸ
2154 1106 2414 1175 καύχημα
2440 1103 2541 1171 τῆς
2567 1101 2849 1170 δυνάμεως
2869 1096 3048 1150 αὐτῶν
3079 1094 3140 1146 σὺ
3169 1088 3237 1146 εἰ.
3274 1112 3291 1143 ι
3319 1091 3432 1144 Καὶ
3454 1088 3636 1151 πάλιν,

2076 1220 2093 1248 ι
2134 1198 2222 1249 Ἐν
2253 1198 2336 1247 σοί
2378 1195 2502 1254 τοὺς
2545 1189 2770 1260 ἐχθροὺς
2814 1185 2973 1256 ἡμῶν
3010 1179 3390 1253 κερατιοῦμεν.
3427 1198 3444 1230 ι
3486 1177 3642 1228 Πᾶσα

2071 1290 2177 1360 γὰρ
2221 1288 2372 1356 ἰσχὺς
2403 1283 2533 1354 παρ’
2558 1279 2746 1342 αὑτοῦ,
2788 1279 2883 1332 καὶ
2915 1277 3014 1329 οὐκ
3052 1275 3118 1328 ἂν
3160 1270 3367 1340 γένοιτό
3409 1286 3462 1320 τι
3511 1265 3639 1336 παρ’

2075 1380 2232 1452 ἡμῶν
2261 1378 2637 1444 ἁξιάκουστον.
2685 1371 2759 1441 μὴ
2788 1369 2908 1439 οὺχί
2933 1367 3180 1428 συνόντος
3209 1360 3371 1416 αὐτοῦ
3400 1358 3490 1414 καὶ
3516 1373 3642 1426 προ-

2072 1449 2382 1542 εστηκότος.
2423 1487 2440 1519 ι
2469 1467 2673 1538 Κύριος
2705 1464 2814 1533 γὰρ
2839 1459 3114 1530 συντρίϐει
3140 1455 3428 1525 πολέμους,
3457 1469 3474 1501 ι
3501 1449 3642 1502 κατὰ

2069 1565 2130 1616 τὸ
2153 1540 2558 1631 γεγραμμένον.
2598 1554 2816 1624 Ἐπειδὴ
2842 1552 2922 1616 δὲ,
2954 1550 3137 1622 φησὶν,
3161 1551 3239 1610 εἰς
3270 1543 3428 1599 τοῦτο
3457 1540 3641 1631 λοιπὸν

2072 1629 2392 1718 ἀλαζονείας
2432 1650 2526 1704 καὶ
2563 1645 3004 1718 ἀθυροστόματος
3049 1639 3304 1700 πεσόντες
3333 1629 3641 1695 ἁλίσκεσθε,

2077 1749 2184 1801 ἰδοὺ
2215 1745 2325 1812 ἐγὼ
2352 1745 2542 1812 ἐπάγω
2563 1741 2647 1810 ἐφ’
2672 1741 2816 1810 ὑμᾶς
2858 1736 3030 1800 ἔθνος,
3056 1733 3216 1802 δῆλον
3242 1730 3298 1783 δὲ
3333 1729 3414 1781 ὃτι
3446 1725 3507 1778 τὸ
3535 1723 3644 1776 τῶν

2087 1839 2404 1908 Ἀσσυρίων.
2441 1836 2536 1890 καὶ
2567 1833 2907 1902 ἐκθλίψουσιν
2937 1829 3081 1898 ὑμᾶς
3101 1869 3114 1890 ,
3145 1823 3239 1878 τοῦ
3279 1821 3354 1893 μὴ
3383 1817 3644 1908 εἰσελθεῖν

403 1899 555 1919 -,,.--,
593 1899 815 1906 ---η-,η
844 1899 942 1904 κη
983 1899 1189 1904 _--_“___
1597 1899 1610 1908 ,
1868 1899 1896 1910 υ

386 1943 652 1998 .Damasci
689 1943 952 2012 subjecta.
990 1940 1142 1995 Nunc
1190 1949 1368 1993 autem
1414 1945 1620 1991 mutato
1647 1934 1882 1997 nomine,
1917 1942 1974 1984 ut

2082 1934 2157 1994 εἰς
2191 1899 2367 2000 Αἰμὰθ
2391 1929 2495 1991 ἕως
2516 1925 2611 1980 τοῦ
2637 1899 2938 1996 χειμάρρου
2964 1918 3071 1972 τῶν
3108 1913 3347 1985 δυσμῶν.
3367 1911 3522 2012 Ἐστι
3549 1907 3645 1979 μὲν

407 2038 538 2098 dixi,
572 2035 879 2100 Antiochia,
906 2035 1020 2090 sive
1048 2033 1342 2102 Epiphania
1387 2029 1705 2098 appellatur.
1730 2026 1970 2079 Torren-

407 2139 512 2182 tem
540 2142 698 2197 porro
727 2127 1036 2181 Occidentis
1060 2126 1433 2196 Aigyptiorum
1467 2121 1664 2175 ﬂumen
1705 2117 1970 2180 intelligit,

407 2219 642 2288 Egypto
663 2219 948 2272 scilicetad
964 2217 1350 2272 occidentalem
1371 2214 1611 2269 Judaeam
1633 2211 1970 2278 respiciente.

408 2311 541 2374 Quia
570 2325 696 2363 vero
727 2307 981 2362 Israelita:
1017 2323 1221 2362 morem
1246 2306 1535 2364 habebam,
1561 2302 1699 2362 bello
1729 2302 1978 2369 ingruen-

410 2412 482 2460 te,
517 2400 806 2467 aliquando
843 2415 870 2452 a
903 2399 1166 2451 Damasco
1189 2407 1241 2450 et
1276 2393 1430 2465 Syris
1474 2391 1731 2446 auxilium
1770 2397 1971 2458 petere,

408 2493 699 2560 aliquando
734 2494 784 2546 in
837 2491 1215 2560 Egyptiorum
1274 2489 1547 2558 regionem
1586 2497 1644 2539 se
1678 2481 1972 2544 insinuare,

414 2584 532 2636 ideo
559 2584 634 2636 ait
678 2598 736 2635 se
764 2583 1153 2636 suscitaturnm
1192 2589 1403 2649 gentem
1434 2593 1595 2647 super
1615 2592 1726 2630 eos.
1761 2574 1850 2628 Illa
1884 2587 1978 2624 au-

412 2687 517 2726 tetu
545 2673 722 2727 veniet
758 2674 947 2726 validis
973 2688 1094 2725 cum
1145 2672 1369 2732 viribus,
1417 2680 1617 2722 tantam
1652 2668 1783 2737 ipsis
1819 2680 1982 2718 vexa-

414 2765 612 2817 tionem
649 2766 965 2832 iinportans,
1022 2772 1080 2815 ut
1127 2761 1356 2829 amplius
1409 2761 1459 2813 in
1503 2759 1719 2814 Aiunth
1772 2756 1978 2827 ingredi

411 2865 700 2926 nequeant,
761 2869 933 2924 neque
987 2861 1278 2907 torrentem
1329 2850 1655 2913 Occidentis,
1712 2850 1815 2904 hoc
1874 2857 1974 2912 est,

409 2964 582 3016 neque
616 2948 880 3010 Damasci,
928 2960 1100 3015 neque
1135 2943 1350 3014 Aigypti
1393 2944 1572 3012 mpias
1600 2944 1664 2996 ad
1697 2957 1852 3011 opem
1905 2941 1980 2995 le-

412 3040 629 3092 rendam
691 3051 994 3091 accersere.
1055 3055 1074 3087 ι
1140 3035 1248 3088 Deo
1298 3036 1440 3087 enim
1509 3033 1791 3087 claudente
1860 3032 1980 3100 quis

409 3131 646 3198 aperiet?
681 3149 698 3179 ι
734 3139 790 3183 ιιι
812 3131 884 3182 ait
914 3128 1191 3196 Scriptura
1223 3128 1286 3182 9“.
1319 3127 1380 3180 Et
1407 3126 1527 3194 quis
1549 3126 1736 3180 modus
1763 3124 1973 3186 salutis,

2077 2021 2168 2079 οὖν
2203 2027 2235 2092 ἡ
2266 2020 2445 2092 Αἰμὰθ
2485 2019 2581 2088 μία
2623 2015 2730 2069 τῶν
2779 2013 2914 2084 πρὸς
2941 2010 3023 2082 ἠὼ
3053 2008 3207 2069 πόλις
3231 2046 3245 2070 ,
3280 2003 3384 2057 ὑπὸ
3415 2000 3514 2070 τὴν
3550 2002 3648 2050 Aa.-

2081 2114 2292 2190 μασκοῢ
2317 2112 2591 2184 βασιλείαν
2607 2105 2923 2176 τοτηνικόιδε
2945 2101 3192 2173 κειμένη.
3213 2094 3648 2164 Μετωνόμασται

2077 2187 2134 2262 δὲ
2157 2209 2272 2273 νῦν,
2296 2208 2370 2269 ὡς
2398 2205 2556 2272 ἔφην,
2578 2203 2659 2265 εἰς
2683 2199 3043 2269 Ἀντιόχειαν,
3071 2195 3240 2265 ἦγουν
3271 2187 3646 2254 Ἐπιφάνειαν.

2079 2298 2391 2368 Χείμαρρον
2420 2293 2476 2346 δὲ
2509 2291 2725 2360 δυσμῶν
2753 2305 2887 2359 φησι
2917 2287 3025 2340 τῶν
3048 2282 3360 2352 Αἰγυπτίων
3382 2275 3647 2347 ποταμὸν,

2080 2390 2218 2443 κατὰ
2260 2386 2469 2453 δυσμὰς
2498 2385 2608 2437 τῶν
2642 2381 2911 2435 Ἰουδαίων
2944 2378 3048 2447 γῆς
3080 2378 3178 2445 τῆς
3222 2370 3496 2441 Αἰγύπτου
3533 2384 3649 2421 κει-

2085 2481 2270 2552 μένης.
2307 2475 2524 2547 Ἐπειδὴ
2557 2475 2612 2527 δὲ
2641 2469 2709 2544 ἦν
2738 2472 2858 2535 ἔθος
2884 2473 2996 2532 τοῖς
3042 2465 3101 2531 ἐξ
3137 2462 3370 2534 Ἰσραὴλ,
3412 2458 3648 2528 πολέμου

2085 2573 2368 2644 μέλλοντος
2396 2567 2761 2632 ἐπιθρώσκειν
2791 2562 2976 2626 αὑτοῦ,
3013 2558 3142 2612 ποτὲ
3174 2557 3269 2627 μὲν
3309 2554 3408 2623 τὴν
3447 2553 3511 2603 ἐκ
3549 2553 3652 2601 Δα-

2087 2663 2296 2736 μασκοῦ
2330 2663 2423 2716 καὶ
2452 2662 2638 2730 Σύρων
2671 2655 2991 2726 ἐπικουρίαν
3022 2652 3215 2710 αἰτεῖν,
3271 2646 3400 2698 ποτὲ
3447 2643 3502 2695 δὲ
3551 2640 3650 2711 τὴν

2081 2755 2190 2809 τῶν
2222 2751 2534 2820 Αἰγυπτίων
2560 2747 2882 2818 ὑποτρέχειν
2909 2742 3113 2813 χώραν,
3142 2737 3335 2809 ταύτῃ,
3370 2733 3554 2803 φησὶν,
3577 2730 3653 2793 ὡς

2083 2846 2232 2907 ἔθνος
2265 2845 2363 2915 μὲν
2385 2844 2472 2895 ἐπ’
2493 2841 2688 2902 αὐτοὺς
2711 2838 2909 2907 ἐγερεῖ.
2935 2836 2996 2887 Οἱ
3024 2832 3078 2885 δὲ
3107 2829 3329 2901 ἥξουσιν
3358 2823 3650 2888 εὐσθενεῖς,

2082 2934 2352 3003 τοσαύτην
2383 2932 2565 2993 αὐτοῖς
2595 2924 3046 2999 ἐπιρῤιπτοῦντες
3074 2920 3273 2989 θλίψιν,
3294 2917 3368 2979 ὡς
3397 2915 3471 2986 μὴ
3498 2911 3652 2984 ἰσχύ-

2085 3045 2174 3080 σαι
2215 3026 2400 3078 λοιπὸν
2433 3022 2566 3091 μηδὲ
2595 3023 2674 3082 εἰς
2715 3015 2894 3087 Αἰμὰθ
2934 3012 3212 3073 εἰσελθεῖν,
3260 3010 3394 3079 μήτε
3426 3008 3504 3070 εἰς
3542 3020 3654 3074 χει-

2086 3118 2328 3188 μάρρουν
2369 3113 2475 3165 τῶν
2526 3109 2777 3179 δυσμῶν,
2824 3104 3068 3158 τουτέστι
3095 3141 3111 3165 ,
3160 3105 3295 3171 μήτε
3338 3092 3650 3166 Δαμασκοῦ,

408 3223 451 3275 si
485 3222 528 3274 is
554 3235 714 3288 penes
740 3235 895 3288 quem
933 3229 1166 3289 potestas
1197 3230 1278 3273 est
1323 3219 1589 3284 omnium,
1631 3217 1682 3272 in
1725 3215 1974 3272 exsilium

2250 3206 2347 3275 τὴν
2391 3203 2499 3254 τῶν
2554 3199 2869 3266 Αἰγυπτίων
2897 3194 3126 3262 δύναμιν
3154 3187 3488 3243 καλέσασθαι
3517 3183 3654 3255 πρὸς

407 3313 727 3382 compellat?

901 3621 1061 3692 323
1100 3620 1250 3674 CAP.
1295 3617 1402 3676 vn.

483 3758 645 3814 Vens.
683 3761 792 3812 1-5.
821 3759 908 3812 Sic
935 3760 1154 3811 ostendit
1182 3759 1312 3811 mihi
1345 3759 1594 3812 Dominus
1620 3759 1778 3819 Deus,
1800 3769 1846 3812 et
1871 3775 1985 3811 ecce

411 3852 650 3921 genitura
677 3851 996 3903 locustarum
1049 3851 1250 3903 veniens
1295 3852 1575 3911 matutina.
1604 3860 1650 3904 et
1693 3865 1806 3904 ecce
1864 3850 1984 3900 bru-

412 3943 539 3994 chus
562 3949 673 3994 erat
704 3939 814 4008 Gog
849 3955 960 3994 rex.
996 3941 1062 3994 Et
1095 3942 1214 4005 erit,
1263 3941 1306 3993 si
1363 3941 1792 3995 consummaverit
1814 3954 1986 3992 come-

411 4039 532 4088 dere
563 4032 775 4086 herbam
828 4042 1003 4095 terrce,
1044 4040 1091 4085 et
1127 4033 1238 4084 dixi
1267 4047 1286 4084 :
1315 4031 1557 4098 Domine,
1583 4030 1820 4094 Domine,
1861 4045 1986 4098 pro-

413 4126 569 4185 pitius
615 4135 745 4178 esto.
787 4124 916 4189 Quis
975 4124 1252 4178 suscitabit
1299 4123 1506 4190 Iacob,
1561 4124 1685 4193 quia
1738 4121 1985 4190 parvulus

411 4229 481 4270 est
506 4218 531 4271 ἲ
556 4215 924 4272 Paenitentiam
945 4234 1058 4287 age,
1083 4216 1318 4281 Domine,
1342 4233 1496 4286 super
1518 4218 1633 4270 hoc.
1668 4216 1732 4270 Et
1759 4217 1856 4271 hoc
1881 4232 1984 4270 non

411 4309 530 4370 erit,
561 4307 687 4374 dicit
725 4306 997 4360 Dominus.

483 4487 669 4542 LXVI.
699 4488 952 4553 Quzcnatn
989 4487 1058 4538 sit
1092 4485 1574 4554 gensimmittemla
1595 4485 1872 4549 Israelitis,
1895 4494 1987 4540 aut

2085 3296 2425 3366 ἐπικουρίαν.
2472 3313 2488 3342 ι
2519 3291 2654 3344 Θεοῦ
2684 3289 2790 3360 γὰρ
2821 3286 3220 3354 συγκλείοντος,
3243 3279 3327 3341 τίς
3364 3276 3598 3342 ἀνοίξεις
3628 3292 3648 3324 ι

2086 3387 2227 3441 κατὰ
2249 3365 2730 3454 τογεγραμμένον.
2767 3379 2921 3440 "oio;
2943 3377 3097 3428 ἔσται
3128 3369 3400 3440 σωτηρίας
3432 3365 3652 3437 τρόπος,

2085 3480 2180 3532 τοῦ
2207 3479 2382 3532 πάντα
2414 3475 2687 3546 ἰσχύοντος
2715 3474 2794 3534 εἰς
2820 3469 3039 3540 ὄλεθρον
3065 3462 3512 3525 συνελαύνοντος;

2690 3607 2938 3663 ΚΕΦΑΛ.
2991 3608 3063 3659 Z'.

2163 3752 2358 3814 Οὕτως
2393 3744 2585 3810 ἔδειξέ
2623 3762 2725 3813 μοι
2763 3741 2976 3808 Κύριος
3014 3736 3192 3801 Θεὸς,
3223 3731 3323 3788 καὶ
3361 3727 3490 3783 ἰδοὺ
3527 3728 3655 3780 ἐπι-

2090 3843 2238 3913 Tarii
2274 3839 2535 3907 ἀκρίδων
2577 3834 2870 3904 ἐρχομένη
2904 3827 3113 3894 ἑωθινὴ
3134 3845 3146 3858 ·
3187 3825 3286 3879 καί
3319 3821 3448 3877 ἰδοὺ
3474 3817 3657 3913 ,βροῦ-

2089 3907 2196 4001 ioc
2227 3907 2306 3999 ἦν
2333 3927 2470 3997 Γὼγ-
2492 3923 2811 3990 βασιλεύς.
2829 3919 2939 3973 Kal
2963 3917 3156 3980 ἔσται,
3181 3915 3289 3968 ἐὰν
3314 3907 3655 4001 avi-redeat]

2088 4022 2196 4076 τοῦ
2240 4016 2607 4088 καταφαγεῖν
2633 4015 2740 4068 τὸν
2777 4013 2994 4080 χόρτον
3026 4006 3134 4075 τῆς
3173 4005 3306 4075 γῆς,
3351 4001 3451 4056 καί
3485 3995 3654 4054 εἴποι⁸

2088 4115 2284 4182 Κύριε,
2327 4112 2506 4179 Κύριε
2551 4109 2724 4171 ἵλεως
2760 4102 2957 4172 γενοῦ.
3018 4100 3111 4165 Τίς
3169 4093 3504 4160 ἀναστήσει
3555 4091 3659 4144 τὸν

2101 4202 2332 4265 Ἰακώϐ;
2360 4201 2512 4255 διότι
2555 4197 2872 4266 ὀλιγοστός
2895 4194 3048 4246 ἐστι.
3087 4189 3502 4254 Μετανόησον,
3540 4182 3655 4236 Κύ·

2085 4314 2195 4364 ριε,
2236 4294 2333 4348 ἐπὶ
2359 4293 2567 4355 τούτῳ.
2607 4289 2716 4345 Καὶ
2751 4285 2926 4340 τοῦτο
2969 4285 3080 4337 οὐκ
3113 4281 3310 4352 ἔσται,
3342 4277 3505 4346 λέγει
3541 4273 3656 4328 K15-

2125 4407 2230 4441 IOC.

2125 4408 2175 4441 ιο
2218 4428 2230 4439 .

2080 4409 2120 4458 ρ
2157 4408 2291 4546 ἐπ’.
2320 4480 2387 4529 "0
2410 4495 2461 4530 τι
2483 4475 2544 4527 τὸ
2571 4473 2720 4534 ἔθνος
2745 4472 2806 4523 τὸ
2835 4471 2945 4532 τοῖς
2967 4467 3025 4532 ἐξ
3063 4461 3275 4534 Ἰσραὴλ
3301 4455 3659 4527 ἐπενεχθησό-

410 4594 572 4646 quam
599 4579 805 4633 cladem
824 4579 929 4634 illis
944 4578 1192 4641 allatura,
1220 4578 1494 4646 prophetae
1511 4576 1732 4631 revelat.
1757 4576 1975 4632 Accom-

2093 4588 2274 4643 μενον,
2298 4571 2331 4640 ἢ
2367 4572 2517 4622 ποῖον
2537 4563 2703 4619 αὑτοῦ
2728 4562 2935 4616 ἐποίσει
2956 4559 3017 4612 τὸ
3043 4555 3256 4628 βλάϐος,
3285 4548 3660 4606 ἀποκαλύπτει

411 4669 594 4725 modat
622 4678 800 4721 autem
830 4683 888 4722 se
919 4667 1161 4722 moribus
1189 4665 1325 4735 ejus,
1359 4674 1414 4719 et
1465 4681 1586 4734 quae
1616 4675 1840 4720 noverat
1869 4666 1976 4729 ille,

411 4775 508 4830 per
538 4774 600 4814 ea
633 4759 785 4827 plene
807 4758 987 4813 futura
1013 4760 1190 4814 docet.
1229 4756 1436 4811 Revera
1472 4757 1615 4810 enim
1673 4759 1982 4826 pastoribus

411 4849 788 4904 molestissima
812 4864 896 4903 res
919 4849 1130 4904 videtur
1155 4860 1390 4914 semper,
1423 4855 1477 4899 et
1509 4857 1592 4901 est
1650 4846 1858 4902 locusta
1904 4857 1985 4901 at-

410 4957 515 5011 que
541 4941 799 4996 bruchus.
831 4940 989 4996 Velut
1018 4941 1158 4994 enim
1190 4941 1415 4994 detonsa
1453 4941 1520 4993 ab
1542 4939 1671 5008 ipsis
1695 4941 1882 5000 herba.
1919 4941 1985 4994 de

411 5043 609 5088 caetero
643 5047 832 5104 greges
863 5033 1041 5101 perire
1073 5031 1213 5085 fame
1255 5046 1478 5086 necesse
1501 5040 1602 5086 est.
1647 5030 1986 5100 Quapropter

411 5135 666 5193 tanquam
690 5126 890 5193 pastori
926 5122 1066 5177 Dcus
1093 5123 1232 5177 bello
1264 5124 1604 5192 accipiendas
1652 5122 1986 5176 calamitates

410 5218 686 5287 prophetae
709 5216 931 5271 indicat.
961 5214 1062 5268 Per
1093 5216 1327 5282 speciem
1354 5218 1548 5283 quippe
1576 5216 1796 5269 locustae
1818 5213 1986 5283 signi-

411 5311 538 5362 ﬁcat
565 5308 866 5379 Assyrium,
888 5316 1069 5375 utpote
1091 5306 1349 5359 immensa
1383 5306 1727 5358 multitudine
1785 5317 1983 5358 terram

410 5414 546 5467 pene
570 5401 940 5454 absumentem
969 5413 1032 5450 ac
1051 5397 1418 5452 devorantem.
1455 5395 1621 5450 Vocat
1650 5406 1828 5450 autem
1873 5410 1986 5448 ma-

411 5491 663 5555 tutinam,
695 5490 865 5544 instar
897 5489 1036 5545 roris
1068 5489 1373 5552 cadentem,
1405 5496 1459 5542 et
1486 5498 1544 5541 ut
1566 5488 1743 5540 nivem
1769 5483 1986 5540 confer-

413 5588 507 5636 tim
539 5596 700 5649 super
732 5591 930 5636 terram
973 5579 1243 5636 dill‘usam.
1296 5580 1400 5634 Sed
1456 5593 1561 5632 non
1587 5577 1986 5642 eratbruchns,

413 5676 622 5744 inquit;
661 5684 779 5727 crat
806 5685 985 5728 autem
1021 5677 1119 5729 iste
1150 5675 1264 5742 Gog
1307 5690 1420 5728 rex.
1456 5672 1658 5727 Deinde
1681 5687 1808 5726 cum
1839 5671 1981 5724 dice-

485 5855 528 5886 “
562 5853 700 5909 Psal.
736 5871 999 5920 Lxxxvm,
1033 5857 1119 5911 18.
1197 5857 1240 5888 ³⁵
1268 5855 1413 5911 Psal.
1451 5871 1600 5922 xuu,
1628 5856 1678 5910 6.

1760 5856 1802 5888 ³⁷
1831 5854 1964 5910 Osee
1990 5868 2050 5919 ll,
2087 5850 2168 5906 18.

2088 4637 2168 4735 τῷ
2201 4637 2476 4734 προτρήτῃ.
2513 4657 2838 4729 Ἀρμόζεται
2879 4652 2936 4706 δὲ
2969 4654 3080 4714 τοῖς
3113 4649 3300 4721 ἤθεσιν
3341 4639 3527 4735 αὐτοῦ,
3565 4637 3664 4693 καὶ

2086 4731 2154 4809 διλ
2186 4731 2260 4809 ὧι
2291 4731 2398 4807 οἶδε
2421 4731 2455 4818 ζ
2481 4751 2569 4804 διὰ
2601 4749 2802 4802 τούτων
2843 4741 3089 4814 ἀκριϐῶς
3135 4738 3372 4792 διδάσκει
3410 4731 3480 4786 τὰ
3524 4746 3663 4801 πρα-

2087 4848 2421 4920 χθησόμενα.
2465 4843 2752 4897 Πάνδεινον
2773 4835 2997 4909 γὰρ’ἀεί
3027 4835 3138 4895 τοῖς
3162 4828 3415 4898 ποιμέσιν
3447 4817 3586 4905 εἷναί
3605 4837 3664 4874 τε

2085 4917 2349 4996 δοκεῖκαὶ
2381 4938 2528 4990 ἔστιν
2569 4929 2790 5004 άληθῶς
2829 4928 2990 4999 ἀκρίς
3013 4943 3072 4980 τε
3101 4925 3195 4978 καὶ
3222 4920 3467 4992 βροῦχος.
3516 4917 3668 4970 Ἀπο-

2091 5027 2418 5099 κειρομένης
2442 5025 2550 5095 γὰρ
2585 5022 2775 5090 ὥσπερ
2809 5018 2876 5072 δι’
2921 5015 3102 5070 αὐτῶν
3145 5014 3246 5082 τῆς
3292 5010 3451 5072 πόας,
3500 5021 3668 5060 κατα-

2093 5097 2412 5192 φθείρνεσθαι
2452 5114 2637 5169 λοιπὸν
2680 5113 2892 5180 ἀνάγκη
2934 5109 3003 5161 τὰ
3051 5097 3550 5192 ποίμνια-Οὐκοῦν
3592 5097 3670 5156 ὡς

2089 5189 2309 5278 ποιμένι
2330 5206 2406 5275 τῷ
2432 5204 2684 5275 προφήτῃ
2709 5199 2840 5261 Θεὸς
2886 5197 2984 5258 τὰς
3021 5197 3084 5247 ἐκ
3112 5191 3206 5245 τοῦ
3237 5189 3473 5260 πολέμου
3503 5199 3673 5238 κατα-

2091 5299 2346 5372 σημαίνει
2389 5293 2694 5364 συμφοράς.
2732 5293 2819 5353 Ὠς
2844 5292 2901 5341 ἐν
2930 5287 3058 5339 εἴδει
3098 5284 3207 5354 γὰρ
3255 5279 3472 5352 ἀκρίδος
3499 5289 3666 5372 κατα·

2091 5363 2347 5461 σημαίνει
2397 5363 2488 5439 τὸν
2540 5383 2844 5454 Ἀσσύριον,
2896 5381 2972 5442 ὡς
3019 5378 3077 5428 ἐν
3124 5373 3421 5444 ἀμετρήτῳ
3467 5363 3668 5461 πληθύῖ

2093 5481 2372 5556 μονονουχὶ
2434 5476 2790 5532 κατεσθίοντα
2857 5475 2949 5526 καὶ
2992 5467 3318 5524 δαπανῶντα
3376 5461 3474 5532 τὴν
3537 5457 3663 5527 γῆν.

2102 5575 2362 5644 Ἑωθινὴν
2392 5572 2448 5625 δέ
2489 5587 2652 5641 φησιν
2703 5567 2896 5638 αὐτὴν,
2930 5565 3236 5619 πίπτουσαν
3266 5546 3574 5624 ὡς’δρόσον,
3607 5547 3666 5600 ὲν

2095 5639 2331 5736 νιφὰδων
2363 5639 2514 5727 τάξει
2549 5639 2954 5731 καταχεομένην
2981 5655 3078 5727 τῆς
3107 5653 3232 5724 γῆς.
3263 5645 3403 5702 Ἀλλ’
3431 5639 3521 5715 ἦν,
3561 5652 3663 5710 ‘P’i’

2249 5849 2294 5881 ⁸³⁸
2324 5849 2426 5905 lsa.
2463 5861 2605 5915 xx”,
2633 5844 2720 5898 ‘22.
