4140 6370
501 397 605 453 533

1452 402 2002 464 COMMENTARIUS
2042 409 2109 465 IN
2147 411 2334 471 AMOS
2371 415 2816 473 PROPHETAM.

3661 425 3764 483 ὧι

503 509 634 604 ψ,-
648 508 709 604 ob
740 508 1003 604 βροῦχος,
1042 507 1110 584 ἦν
1141 514 1197 568 δὲ
1238 511 1390 582 οὗτος
1426 519 1548 589 Γὼγ
1578 523 1606 574 ὁ
1637 524 1910 592 βασιλεὺς.
1951 525 2083 582 Εἶτα

2196 545 2271 591 ret
2319 538 2478 604 Deus,
2522 557 2540 591 ο
2571 548 2626 594 et
2653 539 2780 604 erit,
2814 554 2936 594 cum
2995 543 3454 597 consummaverit
3480 545 3766 601 comedere

502 599 638 652 Θεοῦ
694 599 963 668 λέγοντος,
1010 622 1028 653 ι
1076 605 1188 658 Καὶ
1240 606 1392 663 ἔσται
1437 611 1566 666 δταν
1625 617 1919 691 συντελέσῃ
1985 621 2080 674 τοῦ

505 695 844 761 καταφαγεῖν
892 695 983 747 τὸν
1015 696 1205 768 χόρτον
1245 702 1345 770 τῆς
1384 702 1508 772 γῆς,
1544 724 1560 753 ι
1608 709 1914 774 τουτέστιν,
1955 713 2084 767 ὅταν

503 783 790 855 δαπανήσῃ
817 785 1117 840 κατεσθίων
1139 790 1237 860 τὴν
1258 792 1521 859 ἀγελαίαν
1549 796 1780 868 πληθὺν,
1797 802 1896 872 τὴν
1919 799 2084 857 οὖσαν

505 874 563 963 ἐν
598 875 879 948 Σαμαρείᾳ
905 878 1168 948 δηλονότι,
1196 883 1290 935 καὶ
1313 885 1371 936 ἐν
1404 889 1471 957 τῇ
1502 889 1653 942 πόλει
1684 893 2083 963 τῆςίουδαίας,

507 961 628 1019 εἶτά
675 985 726 1021 τι
773 969 1059 1039 μέλλοντος
1107 977 1455 1044 προστιθέναι
1493 979 1701 1052 ἕτερον,
1736 961 2023 1042 διαλαϐὼν

509 1061 834 1130 προφήτης,
881 1064 1210 1132 καταλήγειν
1262 1068 1423 1121 αὑτὸν
1470 1071 1570 1141 τῆς
1625 1075 1795 1146 ὀργῆς
1841 1077 2084 1148 λιπαρεῖ,

507 1151 711 1220 λέγων⁸
763 1173 781 1204 ι
812 1155 1022 1226 Κύριε,
1074 1158 1232 1222 ἵλεως
1274 1161 1455 1228 γενοῦ.
1505 1165 1600 1228 Τίς
1646 1167 1942 1240 ἀναστήσει
1996 1171 2090 1224 τὸν

521 1244 748 1312 ἰακώ6;
784 1247 864 1300 ὅτι
893 1249 1190 1317 ὀλιγοστός.
1225 1271 1243 1303 ι
1293 1254 1356 1306 Ei
1390 1254 1499 1326 γὰρ
1532 1256 1596 1328 δὴ
1654 1257 1888 1328 βούλοιο,
1929 1263 2086 1332 φησὶ,

509 1335 630 1390 καθ’
665 1337 723 1390 δν
769 1339 1034 1407 τεθέαμαι
1082 1342 1284 1413 τρόπον
1332 1347 1666 1416 παραδοῦναι
1713 1354 1828 1415 τοῖς
1876 1353 2090 1425 ἐχθροῖς

507 1427 600 1480 τὸν
634 1428 846 1500 Ἰσραὴλ
877 1431 1012 1501 πρὸς
1039 1434 1406 1505 κατάϐρωσιν,
1450 1439 1730 1507 ὀλιγοστὸς
1758 1442 1909 1504 ἐσται
1950 1462 2090 1498 παν-

510 1517 700 1580 τελῶς.
733 1521 875 1591 Πρὸς
904 1522 1078 1576 ταῦτα
1098 1524 1230 1589 Θεός
1250 1542 1263 1555 ·
1290 1545 1307 1578 ‹
1334 1529 1442 1582 Καὶ
1467 1529 1624 1584 τοῦτο
1654 1534 1713 1585 οὐ
1747 1535 1821 1604 μὴ
1847 1536 2088 1604 γένηται,

510 1610 657 1680 λέγει
711 1613 934 1683 Κύριος.
971 1634 989 1665 ›
1034 1617 1148 1669 Οὐκ
1199 1619 1264 1672 ἂν
1304 1622 1636 1693 κοπάσαιμι,
1677 1626 1832 1696 φησὶ,
1879 1629 1986 1681 οὐδ’
2026 1630 2092 1683 ἂν

509 1705 832 1775 καθυφείην.
869 1709 1254 1781 Καταλήξαιμι
1300 1714 1406 1782 γὰρ
1446 1715 1513 1768 ἂν
1540 1717 1793 1789 οὐδαμῶς
1824 1720 1918 1774 τοῦ
1962 1740 2092 1775 παι-

508 1796 685 1850 δεύειν
728 1799 855 1862 τοὺς
890 1802 1250 1870 ἠσεϐηκότας.
1301 1805 1890 1879 Πολυπραγμονοῦντες
1919 1813 1974 1866 δὲ
2008 1815 2094 1867 ἀν-

2189 631 2411 684 Iierbam
2443 639 2598 698 terra}
2627 632 2676 702 ›(
2704 631 2807 686 hoc
2838 639 2940 696 est,
2971 647 3092 687 cum
3131 633 3471 688 devoraverit
3495 636 3765 704 gregalem

2189 724 2608 787 multitudinem,
2637 739 2758 793 quae
2791 734 2874 778 est
2905 725 2958 778 in
2999 722 3246 779 Samaria
3305 725 3579 790 videlicet,
3627 735 3683 779 et
3715 727 3767 780 in

2190 816 2322 869 urbe
2363 813 2604 885 Iudaeae),
2645 815 2913 885 velletque
2994 814 3168 870 adhuc
3236 815 3435 872 addere
3487 817 3768 885 quidpiam

2190 907 2354 974 aliud,
2390 907 2739 976 interpellans
2769 909 3053 978 propheta,
3094 910 3346 964 obsecrat
3395 918 3455 961 ut
3511 909 3604 962 ira;
3645 925 3772 963 mo-

2189 1001 2314 1054 dum
2350 1010 2532 1069 ponat,
2555 999 2742 1054 dicens
2779 1016 2794 1055 :
2861 999 3108 1062 Domine,
3163 999 3429 1068 propitius
3455 1007 3590 1053 esto.
3635 999 3771 1064 Quis

2189 1089 2474 1144 suscitabit
2499 1088 2685 1153 Jacob,
2733 1091 2859 1159 quia
2902 1091 3154 1157 parvulus
3185 1089 3303 1145 est?
3341 1111 3359 1144 ι
3397 1092 3454 1147 Si
3503 1092 3764 1153 enimvis,

2191 1182 2385 1250 inquit,
2418 1195 2482 1235 eo
2507 1181 2665 1236 modo
2687 1197 2793 1250 quo
2824 1183 2958 1248 vidi,
2994 1182 3249 1237 Israelem
3281 1185 3526 1238 hostibus
3550 1184 3768 1238 tradere

2191 1275 2256 1326 ad
2288 1274 2677 1340 devorandum,
2711 1273 2968 1343 parvulus
2991 1283 3075 1327 est
3106 1276 3439 1343 penitus.Ad
3471 1275 3585 1329 haec
3603 1274 3765 1339 Deus,

2199 1383 2217 1416 r
2263 1365 2328 1418 Et
2364 1365 2467 1418 hoc
2497 1378 2604 1418 non
2630 1364 2756 1427 erit,
2788 1362 3221 1417 dicitDominus.
3270 1381 3290 1415 ›
3346 1361 3461 1417 Non
3503 1362 3766 1432 defatiga-

2191 1455 2311 1519 bor,
2338 1468 2511 1523 neque
2528 1453 2822 1507 remittam.
2861 1451 3184 1521 Neutiquam
3207 1439 3364 1516 enim
3399 1453 3767 1508 desinamim-

2192 1545 2311 1613 pios
2343 1545 2588 1599 multare.
2613 1544 2694 1600 Re
2714 1555 2895 1600 autem
2918 1545 3103 1600 sedulo
3132 1545 3410 1613 indagata,
3428 1554 3484 1598 ut
3506 1544 3766 1612 oportuit,

2193 1639 2531 1708 quisnamsit
2560 1637 2697 1706 Gog,
2724 1637 2850 1692 illud
2903 1637 3158 1704 dicimus,
3210 1637 3371 1690 etiam
3436 1635 3769 1690 Ezechielem

2193 1735 2483 1802 ejnscausa
2509 1732 2811 1798 lamentari,
2839 1732 2950 1787 Deo
2981 1731 3208 1800 iubente
3228 1732 3299 1784 ⁸⁸.
3353 1729 3615 1783 Putamus
3648 1745 3772 1784 esse

2197 1825 2589 1888 Sennacherib,
2609 1824 2824 1893 quando
2846 1831 2900 1878 et
2925 1822 3170 1878 Rabsace
3189 1823 3354 1875 Deum
3370 1819 3630 1876 conviciis
3650 1835 3774 1891 pro-

510 1889 752 1956 αγκαίως
776 1931 790 1954 ,
824 1891 907 1954 τίς
945 1891 1008 1963 δὴ
1047 1894 1155 1962 ἄρα
1209 1896 1356 1948 ἐστὶν
1409 1898 1437 1949 ὁ
1471 1898 1616 1967 Γὼγ,
1668 1903 1842 1955 ἐκεῖνό
1886 1922 2089 1976 φαμεν,

2196 1916 2478 1971 scindente
2513 1914 2681 1969 exivit
2713 1913 2940 1982 angelus
2970 1913 3084 1974 Dei,
3113 1922 3167 1966 et
3201 1928 3304 1966 una
3353 1921 3510 1966 nocte
3558 1921 3773 1982 centum

510 1981 592 2033 ὅτι
638 1982 730 2033 καὶ
790 1983 1047 2054 ’ῐεζεχιὴλ
1102 1985 1297 2059 θρῆνον
1349 1991 1408 2041 ἐν
1468 1991 1616 2061 αὐτῷ
1663 1995 1898 2066 γράφει,
1955 1997 2091 2051 Θεοῦ

511 2075 958 2140 προστάττοντος.
998 2079 1237 2150 (ἱξόμεθα
1286 2080 1343 2133 δέ
1389 2078 1528 2136 εἶναι
1573 2084 1665 2138 τὸν
1720 2087 2089 2160 Σενναχηρὶμ,

508 2163 596 2217 ὅτε
643 2167 734 2218 καὶ
780 2167 1054 2237 Ῥαψάκου
1107 2174 1651 2244 κατακερτομοῦντος
1698 2178 1831 2231 Θεὸν
1871 2177 2094 2249 ἐξῆλθεν

509 2257 739 2325 ἄγγελος
799 2259 973 2326 Θεοῦ,
1025 2262 1115 2314 καὶ
1170 2264 1379 2318 ἀνεῖλεν
1441 2267 1497 2318 ἐν
1549 2270 1650 2339 μιᾷ
1698 2271 1854 2323 νυκτὶ
1897 2271 2092 2325 ἑκατὸν

509 2349 836 2419 ὀγδοήκοντα
892 2351 1052 2406 πέντε
1087 2353 1350 2424 χιλιάδας.
1411 2356 1776 2430 Μεμνήσομαι
1821 2361 1878 2414 δὲ
1926 2363 2093 2431 ἀναγ-

511 2442 681 2504 καίως
713 2442 822 2494 τῶν
851 2443 936 2495 ἐπ’
970 2445 1119 2515 αὐτῷ
1158 2449 1562 2519 γεγραμμένων
1591 2449 1682 2502 διὰ
1715 2453 1900 2524 φωνῆς
1937 2454 2096 2519 Ἰεζε-

509 2533 634 2602 χιὴλ
654 2551 668 2565 ο
719 2533 858 2587 Τάδε
891 2534 1039 2603 λέγει
1076 2537 1283 2607 Κύριος
1314 2539 1392 2610 τῷ
1423 2539 1546 2610 Γώγ
1566 2559 1578 2570 ·
1619 2561 1636 2592 ι
1677 2544 1749 2596 Σὺ
1780 2539 1831 2596 εἷ
1873 2547 2002 2616 περὶ
2029 2541 2093 2600 οὖ
2122 2523 2130 2530 .

511 2624 749 2692 ἐλάλησα
803 2625 912 2679 τῶν
958 2627 1184 2700 ἡμερῶν
1231 2631 1340 2684 τῶν
1384 2632 1732 2703 ἔμπροσθεν,
1778 2637 1867 2690 διὰ
1911 2639 2092 2709 χειρὸς

509 2714 617 2766 τῶν
640 2715 842 2768 δούλων
873 2735 974 2787 μου
1006 2719 1113 2772 τῶν
1139 2722 1436 2792 προφητῶν
1474 2725 1583 2777 τῶν
1612 2725 1709 2778 τοῦ
1739 2728 1957 2799 Ἰσραὴλ
1978 2769 1992 2792 ,
2035 2732 2093 2783 ὲν

509 2808 630 2867 ταῖς
675 2807 908 2876 ἡμέραις
955 2810 1190 2873 ἐκείναις
1241 2811 1335 2863 καὶ¹
1374 2811 1540 2878 ἔτεσι,
1591 2815 1686 2868 τοῦ
1736 2818 1964 2885 ἀγαγεῖν
2004 2819 2092 2871 ἐπ’

509 2894 730 2956 αὐτούς.
763 2914 780 2945 ι
819 2897 1066 2961 Ἀκούεις
1099 2899 1249 2963 ὅπως
1284 2901 1466 2966 αὐτὸν,
1497 2903 1590 2955 καὶ
1611 2905 1708 2975 οὐχ
1742 2907 1930 2977 ἕτερον
1954 2904 2093 2960 εἷναί

511 3005 665 3055 φησι,
707 2988 764 3041 δν
799 2990 1064 3061 ἠπείλησε
1115 2992 1201 3045 διὰ
1249 2996 1546 3065 προφητῶν
1591 2997 1763 3065 ἁγίων
1812 3001 2093 3072 ἐπιφέρειν

509 3081 624 3138 τοῖς
668 3079 727 3144 ἐξ
766 3082 1024 3152 Ἰσραήλς
1080 3083 1202 3136 Ὅτι
1255 3083 1312 3136 δὲ
1360 3085 1460 3149 τάς
1526 3087 1626 3156 τῆς
1691 3088 2093 3160 ἀθυροστομίας

513 3173 770 3244 ἐξῄτηται
808 3175 985 3242 δίκας,
1039 3179 1132 3230 καὶ
1165 3179 1462 3250 κρατήσειν
1497 3181 1787 3235 ὑπολαϐὼν
1817 3185 2092 3254 ἀδοκήτως

2193 2009 2469 2077 octoginta
2489 2008 2727 2076 quinque
2748 2005 2914 2059 millia
2947 2003 3219 2059 interfecit
3250 2005 3286 2055 ¹.
3309 2003 3544 2057 Omnino
3568 2011 3772 2068 autem,

2194 2113 2314 2168 quae
2344 2098 2409 2151 de
2433 2097 2548 2164 ipso
2580 2110 2676 2164 per
2709 2094 3043 2148 Ezechielem
3074 2093 3406 2156 scribuntur,
3441 2093 3493 2146 in
3540 2092 3774 2146 medium

2194 2189 2510 2243 adducenda
2538 2197 2682 2242 sunt.
2722 2205 2740 2238 ‹
2775 2185 2900 2241 Haec
2951 2187 3080 2241 dicit
3109 2184 3407 2240 Dominus:
3457 2184 3537 2238 Tu
3576 2185 3662 2238 ille
3689 2198 3772 2250 es,

2193 2280 2261 2334 de
2291 2295 2397 2348 quo
2449 2279 2660 2333 locutus
2687 2277 2853 2348 324
2907 2292 3024 2330 sum
3070 2278 3122 2329 in
3157 2276 3347 2330 diebus
3407 2276 3644 2344 antiquis
3682 2290 3778 2343 per

2194 2385 2414 2422 manum
2434 2383 2712 2423 servorqu
2750 2382 2993 2422 meormn
3048 2367 3433 2435 prophetarum
3489 2364 3674 2429 Israel,
3717 2365 3772 2418 in

2195 2459 2385 2514 diebus
2419 2459 2523 2511 illis
2549 2467 2604 2511 et
2625 2456 2800 2522 annis,
2829 2465 2888 2510 ut
2919 2457 3242 2510 adducerem
3278 2466 3329 2509 te
3357 2471 3518 2526 super
3538 2471 3633 2510 eos
3668 2457 3712 2508 ‘.
3749 2474 3767 2507 ι

2192 2552 2364 2605 Audis
2415 2549 2683 2618 quomodo
2737 2550 2934 2619 ipsum,
3001 2559 3180 2602 etnon
3229 2547 3392 2601 alium
3452 2562 3572 2602 esse
3621 2547 3772 2611 dicit,

2195 2654 2354 2704 quem
2379 2653 2472 2707 per
2509 2645 2725 2692 sanctos
2770 2639 3060 2706 prophetas
3088 2638 3325 2693 minatus
3373 2648 3456 2693 est
3486 2654 3544 2692 se
3591 2638 3774 2694 Isracli

2197 2730 2585 2784 inducturum?
2627 2729 2763 2783 Eum
2788 2739 2965 2784 autem
3003 2745 3189 2797 pmnas
3242 2730 3440 2800 linguae
3477 2731 3775 2798 petulantis

2194 2822 2477 2889 luiturum,
2505 2833 2692 2876 etcum
2719 2830 2898 2891 speret
2928 2823 3230 2889 victoriam,
3255 2823 3547 2893 improviso
3579 2837 3776 2877 caesum

2197 2915 2286 2978 iri,
2319 2928 2682 2983 casurumque
2709 2915 2762 2968 in
2798 2915 3145 2978 terralsracl,
3173 2931 3386 2968 rursum
3424 2915 3662 2970 declarat
3691 2914 3776 2972 bis

2195 3004 2373 3058 verbis
2407 3019 2420 3056 :
2454 3023 2471 3052 ι
2504 3004 2570 3057 Et
2605 3013 2680 3070 tu,
2719 3003 2792 3057 [ili
2839 3005 3092 3069 hominis,
3137 3004 3432 3058 vaticinare
3479 3005 3768 3059 adversum

2196 3095 2329 3163 Gog,
2361 3106 2412 3149 et
2433 3096 2581 3150 dices
2607 3113 2622 3148 :
2648 3095 2789 3151 Ecce
2823 3111 2922 3166 ego
2949 3097 3216 3151 adducam
3250 3106 3301 3150 te
3354 3110 3518 3164 super
3565 3106 3778 3151 montes

2197 3186 2384 3251 Israel,
2415 3199 2467 3241 et
2491 3188 2651 3241 cades
2687 3197 2766 3251 tu,
2801 3196 2857 3241 et
2909 3189 3088 3240 omnia
3144 3187 3356 3256 agmina
3386 3197 3496 3250 tua,
3521 3196 3572 3241 et
3639 3185 3777 3241 dabo

512 3270 800 3341 ἀνῄρηται,
833 3271 928 3323 καὶ
955 3246 1248 3324 πέπτωκεν
1277 3246 1338 3325 ἐν
1364 3276 1429 3345 τῇ
1451 3276 1520 3345 γῇ
1551 3274 1644 3328 τοῦ
1664 3276 1906 3347 Ἰσραὴλ,
1932 3246 2092 3331 πάλιν

2201 3275 2316 3345 Gog
2340 3276 2514 3330 locum
2555 3277 2890 3330 nominatum
2936 3287 3339 3331 tuonumentum
3381 3278 3433 3330 in
3489 3276 3676 3342 Israel,
3719 3285 3779 3331 et

512 3362 673 3426 εὐθὺς
707 3363 1123 3432 κατασημαίνει,
1143 3364 1334 3433 λέγων·
1361 3383 1379 3415 r
1406 3367 1518 3419 Καὶ
1546 3367 1632 3431 σὺ,
1669 3368 1753 3420 υἱὲ
1780 3369 2092 3441 ἀνθρώπου,

513 3455 896 3526 προφήτευσον
927 3453 1018 3506 ἐπὶ
1054 3452 1198 3522 Γὼγ,
1237 3455 1332 3507 καὶ
1361 3455 1504 3526 ἐρεῖς
1526 3472 1540 3484 ·
1583 3455 1713 3508 Ἰδοὺ
1743 3456 1855 3524 ἐγὼ
1890 3458 2004 3522 ἄξω
2035 3475 2093 3510 σε

514 3544 608 3597 ἐπὶ
634 3543 702 3596 ea:
739 3543 840 3613 ὅρη
875 3542 968 3595 τοῦ
992 3541 1244 3613 Ἰσραὴλ,
1285 3544 1381 3595 καὶ
1421 3543 1596 3614 πέσῃς
1629 3546 1727 3610 σὺ,
1764 3547 1859 3599 καὶ
1894 3547 2095 3610 πάντες

515 3636 644 3706 περὶ
679 3634 760 3700 σὲ,
792 3634 888 3687 καὶ
933 3633 1089 3686 δώσω
1142 3631 1218 3702 τῷ
1248 3632 1372 3701 Γὼγ
1414 3633 1581 3688 τόπον
1619 3637 1916 3706 ὀνομαστὸν
1961 3655 2095 3708 μνη-

517 3729 669 3798 μεῖον
700 3727 760 3778 ἐν
785 3726 1024 3796 Ἰσραὴλ,
1055 3727 1149 3780 καὶ
1179 3727 1574 3798 κατορύξουσιν
1602 3729 1798 3793 αὐτοὺς
1821 3727 1970 3793 οἶκος
1998 3731 2094 3785 τοῦ

2203 3368 2576 3436 sepelienteos
2602 3370 2794 3421 dormis
2826 3368 2988 3422 Israel
3018 3369 3058 3421 ³.
3098 3387 3116 3418 ›
3155 3367 3289 3422 Cum
3309 3368 3450 3422 enim
3487 3367 3777 3424 occubuis-

2199 3469 2320 3514 sent
2346 3459 2578 3529 Assyrii,
2605 3461 2696 3530 qui
2721 3460 2858 3516 forte
2876 3477 2970 3529 per
3001 3459 3114 3530 Gog
3151 3461 3543 3529 signiﬁcantur,
3598 3459 3778 3514 multi-

2199 3551 2327 3605 tudo
2351 3551 2580 3606 Iiliorum
2609 3552 2772 3606 Israel
2808 3560 2946 3605 terra
2969 3552 3149 3606 obruit
3174 3553 3461 3613 cadavera,
3503 3567 3568 3605 ne
3617 3550 3776 3620 ,urbi-

2197 3643 2299 3696 bus
2354 3652 2407 3697 et
2442 3643 2754 3710 regionibus
2814 3646 2948 3698 adeo
2987 3641 3348 3698 intolerabilis
3410 3642 3774 3713 graveolentia

2197 3731 2536 3787 incommodo
2575 3742 2739 3787 esset.

529 3821 764 3892 Ἰσραήλ.
797 3841 816 3874 ι
862 3821 1240 3875 Πεπτωκότων
1272 3821 1382 3892 γὰρ
1445 3822 1556 3876 τῶν
1595 3823 1918 3896 Ἀσσυρίων,
1958 3828 2008 3880 οἳ
2044 3825 2135 3879 διά
2173 3825 2267 3880 τοῦ
2313 3825 2436 3895 Γὼγ
2503 3828 2862 3898 σημαίνονται
2901 3831 3043 3901 τάχα
3075 3849 3178 3884 που
3203 3874 3216 3896 ,
3247 3832 3309 3884 τὸ
3347 3830 3546 3900 πλῆθος
3575 3826 3684 3880 τῶν
3714 3822 3777 3891 ἐξ

529 3914 744 3986 Ἰσραὴλ
775 3914 1126 3986 κατορώρυχε
1157 3916 1284 3976 τοὺς
1344 3915 1666 3982 τεθνεῶτας,
1703 3918 1791 3971 ἵνα
1835 3919 1911 3990 μὴ
1967 3918 2154 3972 πόλεσί
2191 3937 2250 3974 τε
2289 3919 2382 3974 καὶ
2429 3919 2637 3991 χώραις
2679 3923 2738 3975 τὸ
2780 3923 3056 3977 δύσοιστον
3087 3924 3187 3986 τῆς
3235 3923 3397 3995 οὖτωι
3424 3924 3602 3992 δεινῆς
3646 3932 3776 3972 κακ-

514 4010 711 4081 οσμίας
740 4008 942 4063 καταλυ
951 4009 1194 4078 μαίνοιτο
1223 4010 1330 4081 χρῆ
1338 4028 1435 4080 μα.

589 4097 788 4162 οὕτως
821 4097 1012 4162 ἔδειξέ
1046 4117 1148 4168 μοι
1190 4101 1426 4168 Κύριος.
1472 4102 1583 4156 Kal
1638 4101 1766 4156 ἰδοὺ
1798 4102 2097 4157 ἐκάλεσεν

514 4192 632 4258 τὴν
675 4190 855 4259 δίκην
896 4191 967 4245 ἐν
1013 4193 1156 4260 πυρὶ
1193 4193 1429 4262 Κύριος,
1471 4194 1571 4248 καὶ
1611 4194 1946 4264 κατέφαγεν
1980 4195 2098 4263 τὴν

515 4283 796 4337 ἄϐυσσον
850 4282 967 4351 τὴν
1004 4285 1268 4352 πολλὴν,
1335 4287 1433 4340 καὶ
1481 4287 1818 4356 κατέφαγεν
1854 4288 1970 4356 τὴν
2001 4305 2100 4358 με·

509 4375 672 4446 ρίδα.
712 4377 820 4430 Kal
847 4373 984 4430 εἶπα
1006 4393 1019 4406 ·
1059 4379 1276 4447 Κύριος
1313 4383 1345 4433 ό
1381 4382 1547 4448 Θεὸς,
1575 4382 1855 4436 κόπασον
1875 4381 1973 4450 δή.
2003 4385 2097 4448 Τίς

515 4467 853 4533 ἀναστήσει
881 4469 988 4522 τὸν
1025 4469 1234 4524 Ἰακώϐ
1249 4487 1266 4534 ;
1299 4470 1387 4524 ὅτι
1413 4473 1731 4542 ὀλιγοστός
1751 4474 1943 4528 ἐστιν.
1977 4477 2093 4528 Με-

2276 4099 2441 4154 Vens.
2472 4100 2527 4160 4.
2558 4101 2608 4155 5.
2645 4100 2737 4155 Sic
2755 4102 2978 4154 ostendit
3031 4102 3160 4154 mihi
3207 4100 3480 4155 Dominus.
3542 4104 3610 4154 Et
3658 4119 3778 4157 ecce

2202 4194 2399 4248 vocavit
2412 4193 2677 4261 judicium
2707 4194 2762 4248 in
2790 4195 2908 4264 igne
2937 4193 3215 4256 Dominus,
3238 4204 3288 4246 et
3336 4195 3560 4246 comedit
3615 4196 3775 4266 abys-

2199 4301 2317 4338 sum
2356 4285 2597 4348 multam,
2655 4294 2705 4338 et
2734 4287 2955 4338 comedit
3006 4297 3226 4354 partem.
3259 4286 3326 4337 Et
3372 4285 3524 4338 dixi:
3560 4285 3777 4341 Domine

2203 4376 2364 4440 Deus,
2405 4377 2631 4445 quiesce.
2653 4376 2786 4441 Qui:
2814 4378 3090 4430 suscitabit
3131 4375 3332 4441 Iacob,
3377 4377 3501 4445 quia
3531 4377 3776 4444 parvulus

2199 4480 2273 4524 est
2291 4471 2317 4522 .9
2344 4469 2705 4522 Paenitentiam
2737 4486 2854 4539 age,
2879 4468 3124 4533 Domine,
3146 4485 3303 4538 super
3321 4471 3438 4523 hoc.
3472 4466 3534 4521 Et
3552 4471 3647 4523 hoc
3673 4486 3779 4525 non

513 4560 846 4628 τανό-ησον,
892 4563 1100 4629 Κύριε,
1139 4564 1251 4616 ἐπὶ·
1283 4565 1478 4619 τοῦτο.
1517 4565 1628 4619 Καὶ
1679 4565 1855 4620 τοῦτο
1901 4567 1974 4620 οὐ
2005 4565 2092 4636 μὴ
2129 4559 2171 4586 ν
2200 4561 2318 4625 erit,
2357 4561 2484 4612 dic“
2526 4559 2804 4614 Ποηιίηιιεο

513 4651 779 4722 γένηται,
806 4650 969 4720 λέγει
992 4653 1229 4719 Κύριος.

584 4741 700 4794 ΞΖ’.
744 4740 847 4794 Τὸν
880 4741 1025 4810 Γὼγ,
1063 4743 1180 4812 ἦτοι
1209 4743 1302 4795 τὸν
1332 4744 1638 4815 Ἀσσύριον,
1681 4732 1974 4818 ὡς’ἀκρίδα
1999 4744 2096 4798 καὶ

516 4829 744 4901 βροῦχον
789 4831 1057 4885 τεθέαται.
1105 4830 1304 4884 Τοῦτον
1352 4833 1508 4902 δίκην
1557 4833 1812 4903 ὀνομάζει
1860 4833 1961 4905 τὴν
2007 4832 2094 4886 διὰ

518 4921 713 4992 πυρός.
749 4922 824 4974 Οὐ
859 4921 967 4990 γὰρ
1002 4923 1212 4992 ήρκηκε
1255 4925 1368 4985 τοῖς
1392 4923 1754 4986 Βαϐυλωνίοις
1780 4924 2072 4994 δαπανῆσα

518 5011 724 5082 σιδήρῳ
761 5013 854 5067 τὸν
905 5013 1168 5084 Ἐφραῒμ,
1205 5013 1342 5067 ἀλλὰ
1378 5015 1487 5084 γὰρ
1531 5016 1627 5068 καὶ
1673 5016 1928 5079 πλείστας
1966 5017 2096 5080 ὅσας

522 5105 627 5159 τῶν
654 5107 712 5159 ἐν
730 5108 1014 5179 Σαμαρείᾳ
1036 5108 1392 5178 κατεπμίπρη
1425 5109 1630 5170 πόλεις.
1663 5110 1724 5160 Ἢ
1747 5108 1870 5178 δίκη
1899 5109 2096 5173 τοίνυν,

518 5198 695 5267 ιφησὶ,
717 5198 1017 5263 τουτέστιν,
1051 5198 1350 5270 ἐκδίκησις,
1381 5202 1423 5270 ri;
1459 5199 1547 5253 διά
1581 5200 1748 5271 πυρὸς
1779 5201 2101 5272 κατεδήδοκε

515 5287 615 5358 τὴν
645 5287 882 5342 ἄϐυσσον
919 5290 1020 5359 τὴν
1050 5289 1273 5358 πολλὴν,
1316 5291 1410 5342 τὸν
1447 5290 1688 5361 Ἐφραῒμ
1716 5291 1978 5361 δηλονότι,
2009 5291 2101 5344 διὰ

517 5379 720 5450 πολλὴν
759 5382 854 5433 καὶ
891 5381 1202 5451 ἀμέτρητον
1243 5381 1453 5452 πληθὺν
1495 5382 1732 5436 ἄϐυσσον
1770 5383 2098 5454 ὠνομασμέ-

517 5487 625 5523 νον.
679 5467 1019 5540 Κατεδήδοκε
1072 5468 1130 5522 δὲ
1174 5469 1326 5522 οὐδὲν
1367 5465 1530 5541 ἦττον
1589 5469 1688 5541 τὴν
1763 5469 1958 5540 μερίδα
1999 5469 2099 5541 τὴν

522 5560 744 5631 μικρὰν,
809 5560 1075 5626 τουτέστι,
1112 5561 1204 5614 τὸν
1251 5560 1455 5614 Ἰούδαν
1519 5563 1612 5614 καὶ
1650 5562 1930 5632 Βενιαμίν.
1985 5563 2099 5615 Οὐκ

517 5652 922 5723 εὐαριθμήτους
965 5653 1073 5722 γάρ
1103 5654 1204 5723 τῆς
1246 5654 1509 5717 Ἰουδαίας
1559 5655 1850 5724 ἐμπρήσας
1892 5652 2095 5718 πόλεις,

591 5836 846 5894 "Ezech.
880 5853 1028 5904 χχχι,
1068 5838 1102 5890 2
1127 5852 1304 5908 seqq.;
1341 5852 1525 5902 una,
1559 5836 1582 5890 I
1621 5851 1775 5908 seqq.

1851 5837 1866 5868 ¹
1894 5835 1957 5890 IV
1980 5836 2112 5907 Reg.
2144 5850 2254 5906 xIx,
2275 5835 2361 5892 33.

2272 4733 2479 4789 LXVII.
2517 4733 2651 4803 GOg,
2685 4736 2798 4788 sive
2824 4735 3124 4806 Assyrium,
3165 4747 3222 4792 ut
3269 4737 3530 4794 locustam
3561 4749 3614 4796 et
3646 4742 3778 4796 bru-

2203 4829 2363 4883 chum
2390 4827 2708 4884 vidit.IIune
2730 4828 2997 4897 judicium
3050 4845 3146 4898 per
3208 4832 3387 4900 ignem
3437 4845 3614 4890 vocat.
3657 4834 3776 4890 Non

2198 4921 2343 4974 enim
2391 4921 2524 4975 satis
2579 4920 2815 4977 habuere
2877 4922 3156 4993 Babylonii
3227 4927 3371 4978 ferro
3459 4941 3778 4982 consumere

2201 5009 2506 5078 Ephraim:
2569 5024 2753 5065 verum
2813 5011 2976 5065 etiam
3031 5014 3480 5084 quamplurimas
3539 5016 3700 5071 urbes
3725 5017 3776 5069 in

2205 5100 2450 5155 Samaria
2505 5100 2628 5170 igne
2679 5103 3092 5159 succenderunt.
3136 5103 3404 5159 Iudicium
3463 5106 3628 5176 igitur
3679 5107 3776 5173 ait,

2207 5195 2309 5248 hoc
2339 5207 2444 5259 est,
2486 5197 2639 5262 ultio,
2675 5211 2792 5264 quae
2811 5210 2907 5265 per
2931 5197 3111 5266 ignem
3151 5196 3228 5264 ﬁt,
3260 5198 3496 5253 comedit
3521 5198 3775 5269 abyssum

2207 5287 2474 5340 multam:
2513 5288 2768 5357 Ephraim
2802 5288 3078 5352 nimirum,
3109 5303 3206 5356 per
3224 5304 3468 5357 magnam
3519 5299 3575 5343 et
3617 5289 3775 5344 innu-

2202 5381 2513 5435 merabilem
2545 5381 2938 5436 multitudinem
2984 5382 3241 5452 abyssum
3281 5382 3640 5436 nominatum.
3670 5383 3773 5438 Co-

2201 5472 2367 5526 medit
2396 5473 2746 5528 nihilominus
2781 5484 2988 5540 partem
3017 5490 3256 5542 parvam,
3284 5474 3385 5527 hoc
3438 5473 3773 5539 est,.|udam,

2201 5570 2257 5616 et
2285 5560 2587 5630 Benjamin.
2646 5561 2964 5617 Innumeras
3015 5563 3156 5616 enim
3198 5561 3397 5617 Judieae
3444 5565 3606 5618 urbes
3649 5578 3771 5618 cum

2204 5653 2592 5720 incendissent,
2619 5663 2802 5722 postea
2830 5661 2884 5709 et
2911 5653 3080 5723 ipsam
3116 5653 3537 5725 Hierosolymam
3569 5653 3773 5708 Rabsa-

2440 5837 2459 5870 ³
2483 5835 2680 5893 Ezech.
2743 5849 2976 5903 xxxvm,
3004 5834 3090 5889 I7.
3170 5835 3188 5867 ³
3212 5834 3408 5890 Ezecb.
3438 5847 3632 5895 χχιιι.
3658 5829 3770 5888 ι-ι.
