4140 6370
368 432 472 489 535

1365 429 1421 487 S.
1465 429 1738 487 CYRILLI
1777 430 2244 487 ALEXANDRINI
2281 430 2598 485 ARCIIIEP.

3526 429 3630 485 536

365 567 459 606 ces
490 551 578 604 ille
611 566 873 620 arrogans
905 550 1277 604 circumdedit.
1354 551 1702 607 Demulcente
1764 561 1943 606 autem

2061 551 2191 621 μετά
2245 549 2406 603 τοῦτο
2458 550 2554 602 καὶ
2600 548 2770 618 αὐτὴν
2824 547 3015 600 λοιπὸν
3083 547 3482 618 πεπολιόρκηκε
3533 551 3631 622 τὴν

366 643 627 714 propheta
664 659 850 696 rursus
875 642 1157 694 Dominum
1195 643 1596 707 universorum,
1660 643 1946 697 suadente—

364 749 470 804 que
504 735 579 787 uti
622 735 998 802 ptenitentiam
1028 744 1232 802 ageret,
1255 735 1648 804 consiliumque
1674 746 1940 801 mutaret,

365 829 655 894 respondet
689 828 819 894 ipse,
857 846 876 878 ι
911 825 1026 879 Non
1064 827 1167 880 erit
1198 827 1317 881 hoc.
1357 846 1375 877 ι
1411 827 1546 894 Quid
1609 829 1772 897 igitur
1821 827 1948 881 hinc

366 933 580 972 rursum
633 918 943 973 discemus?
970 917 1193 972 Peccata
1235 921 1478 988 graviora
1508 934 1668 987 quam
1699 920 1802 973 dici
1855 934 1949 988 po-

366 1017 490 1074 test,
517 1008 680 1062 Deum
699 1008 946 1078 Quamvis
975 1009 1424 1077 patientissimum
1448 1010 1682 1078 graviter
1705 1009 1944 1075 irritare,

365 1115 421 1153 et
449 1109 760 1154 sanctorum
807 1114 995 1169 preces
1036 1103 1420 1170 propemodum
1476 1101 1662 1152 inanes
1711 1097 1945 1153 edicere.

365 1192 545 1267 Quare
575 1193 642 1246 ad
672 1191 962 1246 Jeremiam
995 1195 1070 1247 ait
1120 1193 1188 1248 de
1228 1191 1484 1247 lsraelitis
1520 1209 1532 1244 :
1568 1210 1585 1242 ι
1625 1191 1703 1246 Ne
1747 1207 1947 1262 appro-

364 1284 593 1352 pinques
623 1285 752 1338 mihi
784 1301 878 1352 pro
907 1285 1009 1347 eis,
1044 1285 1166 1352 quia
1205 1299 1309 1338 non
1335 1284 1619 1338 exaudiam
1647 1291 1698 1336 te
1718 1281 1762 1335 ⁸.
1795 1299 1813 1332 ι

2064 642 2424 712 Ἰερουσαλὴμ
2458 643 2486 694 6
2515 639 2728 704 ἀλαζὼν
2769 639 3070 709 Ῥαψάκης.
3119 639 3632 712 Ἐκμειλισσομένου

2054 734 2111 788 δὲ
2153 735 2248 786 τοῦ
2300 737 2576 805 προφήτου
2626 734 2819 799 πάλιν,
2863 736 2957 787 καὶ
3009 734 3325 804 μετανοεῖν,
3363 732 3481 802 ἦτοι
3538 733 3633 784 καὶ

2074 825 2584 895 μεταϐουλεύεσθαι,
2624 825 2718 878 τὸν
2762 824 2873 878 τῶν
2902 823 3037 877 ὅλων
3064 824 3196 876 Θεὸν
3228 823 3631 886 ἀναπείθοντος,

2067 935 2085 966 ι
2118 918 2232 969 Οὐκ
2260 915 2326 970 ἂν
2353 918 2579 986 γένοιτο,
2613 919 2745 988 φησὶ
2768 946 2783 983 -,
2811 916 2992 980 τοῦτο,
3029 936 3047 967 ι
3082 917 3110 968 6
3137 916 3245 970 τῶν
3271 915 3407 969 ὅλων
3433 915 3636 967 Δεσπό-

2056 1025 2174 1077 της.
2213 1008 2278 1061 Τί
2311 1005 2402 1061 οῦν
2435 1009 2684 1063 ἐντεῦθεν
2711 1008 2971 1079 εἰσόμεθα
3000 1009 3196 1075 πάλιν;
3227 1009 3350 1061 Ὅτι
3383 1009 3450 1062 τὰ
3488 1008 3634 1077 πέρα

2058 1099 2225 1168 λόγου
2249 1101 2358 1154 τῶν
2389 1101 2898 1173 πλημμελημάτων,
2933 1104 3109 1158 καίτοι
3135 1102 3270 1156 πολὺ
3304 1101 3424 1154 λίαν
3458 1099 3635 1163 ἀνεξι-

2054 1194 2246 1245 κακεῖν
2288 1194 2467 1248 εἰδότα
2502 1193 2654 1258 Θεὸν,
2692 1195 3002 1266 παραθήγει
3033 1194 3242 1258 δεινῶς,
3281 1191 3493 1256 καὶτὰς
3525 1189 3633 1245 τῶν

2063 1284 2233 1351 ἀγίων
2303 1286 2584 1358 μονονουχὶ
2651 1287 2968 1358 ἀπράκτους
3037 1285 3400 1354 ἀποφαίνουσι
3464 1300 3633 1355 προσ-

366 1341 550 1448 ευχάς.
577 1379 688 1433 Καὶ⁸
719 1341 852 1448 γοῦν
880 1341 1089 1448 ἔφασκε
1122 1379 1263 1449 πρὸς
1299 1378 1570 1448 Ἱερεμίαν
1629 1376 1758 1448 περὶ
1812 1341 1929 1429 τῶν
1951 1376 2010 1442 ἐξ
2071 1341 2323 1451 Ἰσραήλῖ
2355 1402 2371 1432 ι
2401 1381 2492 1452 Μή
2530 1341 2840 1453 ’προσέλθῃς
2885 1341 2974 1452 μοί
3015 1341 3375 1451 περὶαύτῶν,
3413 1341 3633 1430 ὅτι-οὑκ

367 1474 780 1543 είσακούσομαι.
821 1491 839 1523 ι

434 1564 598 1634 325
627 1565 792 1618 Vsus.
827 1563 939 1618 6-9.
975 1561 1060 1616 Sic
1093 1564 1315 1616 ostendit
1363 1562 1489 1616 milii
1533 1561 1808 1615 Dominus.
1875 1559 1943 1613 Et

367 1673 482 1710 ecce
519 1656 770 1710 Dominus
787 1666 932 1709 stans
961 1672 1116 1724 super
1172 1670 1378 1708 murum
1440 1654 1861 1718 adamantinum,
1899 1662 1947 1706 et

368 1751 423 1802 in
445 1766 602 1802 manu
630 1749 742 1818 ejus
805 1749 1044 1803 adamas.
1104 1746 1172 1800 Et
1226 1748 1366 1801 dixit
1433 1747 1681 1799 Dominus
1728 1749 1795 1798 ad
1824 1761 1950 1799 me:

369 1841 509 1906 Quid
549 1851 603 1894 tu
629 1843 788 1905 vides,
815 1841 1014 1894 Amos?
1041 1840 1101 1892 Et
1122 1841 1235 1892 dixi
1266 1855 1285 1894 :
1321 1839 1686 1892 Adamantem.
1743 1834 1816 1890 Et
1865 1839 1949 1889 di-

366 1935 445 1986 xit
467 1935 534 1985 ad
550 1948 667 1986 me:
692 1930 826 1985 Ecce
853 1949 944 2000 ego
967 1934 1176 1999 impono
1198 1934 1536 1984 adamantem
1566 1931 1623 1984 in
1652 1932 1820 1984 medio
1846 1947 1941 2001 po-

366 2023 478 2091 puli
511 2023 611 2076 ηιεὶ
645 2020 829 2074 Israel.
860 2020 982 2073 Non
1033 2020 1175 2070 ultra
1208 2019 1458 2087 adjiciam
1492 2019 1762 2086 prmterire
1799 2032 1940 2071 eum.

373 2115 436 2166 Et
464 2111 774 2164 delabuntur
798 2127 909 2164 ara:
937 2111 1096 2172 risus,
1120 2119 1166 2161 et
1207 2108 1510 2175 festivitates
1533 2106 1707 2161 Israel
1735 2106 1943 2160 desola-

367 2205 585 2266 buntur,
635 2212 681 2255 et
749 2217 1063 2269 consurgant
1109 2216 1264 2266 super
1327 2200 1540 2250 domum
1575 2197 1858 2252 Jeroboam
1890 2200 1946 2251 in

365 2297 564 2367 gladio.

439 2471 669 2526 LXVIII.
699 2473 834 2526 Cum
871 2471 1014 2525 Deus
1073 2467 1374 2537 Assyrium,
1405 2467 1519 2520 sive
1547 2465 1682 2534 Gog,
1707 2475 1766 2518 ut
1810 2464 1949 2518 locu-

376 2577 543 2627 stam,
576 2573 700 2619 etut
729 2565 1082 2627 bruchum,et
1101 2574 1156 2617 ut
1176 2562 1440 2631 judicium
1468 2561 1522 2614 in
1561 2562 1686 2630 igne
1714 2560 1945 2630 prophe-

365 2670 434 2715 tae
464 2661 815 2724 ostendisset,
845 2668 1013 2714 semet
1041 2657 1149 2726 iam
1181 2670 1320 2710 nunc
1353 2670 1514 2723 super
1550 2669 1762 2708 murum
1817 2654 1948 2706 ada-

364 2755 664 2806 mantinum
691 2761 921 2805 stantem
957 2748 1188 2804 ostendit
1216 2767 1227 2800 ε
1273 2755 1328 2799 υι
1359 2761 1452 2815 per
1481 2745 1582 2798 hoc
1620 2743 1950 2812 intelligatur

363 2843 518 2908 quasi
545 2840 875 2906 ascendisse,
912 2853 1004 2893 seu
1033 2839 1286 2892 incedere
1335 2850 1498 2902 super
1531 2833 1767 2901 potentia
1824 2831 1953 2886 inef-

363 2930 534 2993 fabili,
567 2941 618 2982 et
641 2932 1016 2983 inconcussam
1042 2927 1244 2982 habere
1275 2925 1330 2978 in
1381 2924 1537 2978 bonis
1571 2923 1804 2993 propriis
1861 2938 1951 2977 se-

373 3020 1024 3078 curitatem.NihiIenim
1079 3019 1262 3073 divino
1313 3017 1534 3071 numine
1587 3014 1840 3081 validius,
1898 3023 1954 3069 et

368 3115 596 3169 fulcrum
645 3114 808 3167 habet
855 3112 1115 3176 solidum;
1175 3109 1432 3178 quoniam
1491 3105 1687 3159 mutari
1731 3103 1950 3158 nescit:

366 3207 511 3259 omni
555 3205 852 3257 mutatione
931 3202 1196 3271 superius.
1284 3200 1658 3264 bonorumque
1729 3207 1950 3248 suorum

368 3296 692 3364 sempiterna
723 3293 1016 3348 stabilitate
1055 3292 1315 3360 gaudens.
1373 3285 1723 3355 Conspicitur
1773 3283 1955 3350 itaque

368 3398 516 3442 stare
541 3401 703 3454 super
748 3399 959 3437 murum
985 3381 1409 3435 adamantinum.
1446 3379 1614 3434 Porro
1674 3378 1816 3430 inter
1872 3374 1953 3428 Ia-

368 3479 518 3548 pides
561 3478 780 3530 adamas
824 3474 964 3528 nulla
1006 3474 1054 3525 vi
1109 3473 1423 3539 rumpi'aut
1458 3469 1665 3525 domari
1735 3475 1951 3537 potest:

371 3585 546 3640 neque
592 3569 740 3623 duris
782 3577 836 3623 et
894 3567 1147 3620 resistere
1210 3563 1382 3617 solitis
1443 3562 1635 3617 cedere
1703 3561 1952 3621 sustinet,

372 3679 546 3733 neque
577 3663 644 3714 ab
675 3661 776 3714 alia
820 3660 1045 3712 materia
1082 3656 1355 3720 duritiem,
1390 3671 1494 3724 qua
1555 3655 1720 3720 valet,
1773 3652 1952 3723 frangi

372 3757 592 3825 patitur,
633 3753 769 3806 forte
796 3751 960 3806 etiam
998 3750 1134 3819 ignis
1159 3749 1396 3818 vigorem
1429 3756 1780 3808 contemnere
1838 3763 1958 3802 sue-

373 3857 480 3899 tus.
500 3845 764 3909 Quoniam
793 3852 974 3896 autem
995 3840 1082 3909 qui
1122 3841 1174 3893 in
1203 3854 1356 3892 muro
1373 3837 1570 3904 stabat,
1616 3846 1671 3891 et
1691 3840 1952 3892 adaman-

377 3949 482 3990 tem
517 3951 674 3989 manu
729 3933 998 4004 gestabat,
1038 3940 1381 4000 percontatur
1427 3930 1776 3998 prophetam:
1815 3933 1955 3995 Quid

376 4038 432 4081 tu
461 4028 634 4092 vides,
665 4025 870 4078 Amos?
901 4024 978 4080 Eo
1001 4025 1238 4086 vidente,
1267 4031 1321 4075 et
1365 4021 1494 4089 quid
1538 4033 1683 4076 esset
1735 4037 1956 4090 respon-

373 4121 554 4185 dente,
592 4118 667 4170 ait
709 4117 853 4172 enim
891 4135 903 4170 :
937 4115 1319 4176 Adamantem,
1372 4112 1607 4166 aﬂirmat
1669 4113 1956 4182 perspicue

377 4212 521 4266 hunc
544 4209 790 4264 inmedio
812 4207 976 4262 Israel
1018 4207 1338 4274 positurum.
1367 4203 1597 4259 Nomine
1651 4207 1956 4263 adamantis

377 4301 642 4371 intelliges
671 4309 764 4353 aut
792 4299 1071 4368 Assyrium
1107 4311 1332 4361 saevum,
1367 4307 1420 4349 et
1443 4295 1756 4364 infractum,
1791 4306 1847 4352 et
1899 4299 1953 4352 in

377 4388 480 4443 hoc
506 4404 534 4444 a
560 4387 669 4441 Deo
716 4387 1070 4440 constitutum
1112 4384 1466 4453 (corroborat
1510 4385 1656 4439 enim
1695 4384 1957 4442 Dominus

375 4482 662 4547 virtutum,
685 4482 727 4537 si
753 4497 888 4551 quos
906 4480 1043 4536 forte
1063 4479 1334 4553 elegerit),
1359 4487 1455 4532 aut
1489 4491 1639 4536 certe
1664 4479 1954 4536 infractum

2131 1557 2329 1624 Οὕτως
2357 1555 2551 1623 ἕδειξέ
2603 1576 2705 1628 μοι
2769 1559 3006 1625 Κύριος.
3073 1555 3186 1613 Καὶ
3233 1555 3364 1610 ἰδοὺ
3418 1558 3629 1627 Κύριος

2053 1649 2327 1717 ἑστηκὼς
2379 1651 2477 1703 ἐπὶ
2522 1653 2759 1721 τείχους
2819 1649 3246 1720 ἀδαμαντίνου,
3299 1649 3398 1705 καὶ
3449 1651 3520 1705 ἐν
3559 1650 3631 1721 τῇ

2056 1741 2204 1808 χειρὶ
2233 1739 2419 1793 αὐτοῦ
2452 1740 2704 1810 ἀδάμας.
2754 1741 2865 1796 Καὶ
2918 1738 3047 1794 εἷπε
3089 1742 3298 1810 Κύριος
3330 1743 3480 1812 πρός
3529 1760 3627 1812 με·

2065 1833 2126 1885 Τί
2156 1832 2237 1886 σὺ
2279 1831 2442 1900 ὁρᾷς,
2485 1834 2706 1902 Ἀμώς;
2742 1835 2851 1887 Καὶ
2885 1829 3043 1887 εἶπα·
3111 1833 3458 1903 Ἀδάμαντα.
3519 1835 3629 1890 Καὶ

2052 1915 2222 1973 εἶπεν
2248 1923 2398 1989 πρός
2414 1938 2512 1990 με’
2555 1922 2699 1975 Ἰδοὺ
2737 1922 2851 1992 ἐγὼ
2896 1923 3172 1976 ἐντάσσω
3217 1922 3526 1993 ἀδάμαντα
3564 1924 3634 1978 ἐν

2049 2012 2218 2081 μέσῳ
2269 2013 2424 2066 λαοῦ
2472 2031 2591 2082 μου
2647 2013 2916 2081 Ἰσραήλ.
2968 2015 3088 2066 Οὐκ
3145 2014 3234 2067 ἔτι
3265 2013 3352 2083 μὴ
3391 2015 3636 2083 προσθῶ

2051 2102 2160 2157 τοῦ
2189 2104 2510 2170 παρελθεῖν
2535 2106 2740 2158 αὐτόν.
2760 2106 2869 2158 Καὶ
2903 2105 3428 2173 ἀφανισθήσονται
3443 2107 3636 2177 βωμοί

2053 2193 2159 2246 τοῦ
2188 2192 2462 2262 γέλωτος,
2483 2196 2577 2247 καὶ
2607 2199 2664 2248 αὶ
2687 2196 2917 2248 τελεταὶ
2944 2195 3050 2249 τοῦ
3080 2196 3318 2265 Ἰσραὴλ
3339 2197 3638 2267 ἐρημωθή-

2053 2300 2287 2349 σονται,
2311 2286 2406 2337 καὶ
2431 2285 2850 2354 ἀναστήσομαι
2873 2286 2971 2338 ἐπὶ
3003 2286 3110 2338 τὸν
3142 2283 3312 2340 οἷκον
3339 2288 3637 2358 Ἰεροϐοὰμ

2052 2378 2123 2430 ἐν·
2148 2378 2432 2446 ῥομφαίᾳ.

2126 2469 2253 2524 ΞΗ’.
2295 2471 2384 2533 Ὠς
2408 2470 2625 2540 ἀκρίδα,
2660 2471 2751 2522 καὶ
2784 2471 2860 2534 ὡς
2898 2470 3146 2542 βροῦχον,
3178 2473 3272 2524 καὶ
3298 2472 3374 2534 ὼς
3400 2473 3556 2544 δίκην
3581 2475 3637 2528 ἐν

2063 2564 2191 2632 πυρὶ
2221 2562 2311 2614 τὸν
2363 2561 2682 2632 Ἀσσύριον,
2740 2561 2858 2631 ἦτοι
2919 2562 3009 2616 τὸν
3061 2563 3204 2631 Γὼγ,
3255 2564 3528 2634 ἐπιδείξας
3561 2567 3638 2638 τῷ

2068 2652 2323 2722 προφήτῃ
2349 2650 2502 2714 Θεὸς,
2555 2651 2742 2702 ἑαυτὸν
2783 2651 2884 2721 ἤδη
2917 2671 3031 2716 πως
3079 2653 3290 2707 ἑστῶτα
3334 2654 3518 2709 λοιπὸν
3547 2658 3640 2711 ἐπὶ

2057 2743 2268 2814 τείχους
2295 2742 2657 2813 ἀδαμαντίνου
2695 2742 2985 2808 δείκνυσιν,
3008 2744 3096 2798 ἵνα
3122 2745 3211 2799 διὰ
3236 2745 3426 2800 τούτου
3450 2749 3639 2819 νοῆται

2062 2834 2343 2904 μονονουχὶ
2379 2831 2626 2904 βεϐηκὼς
2648 2833 2734 2884 ἐπ’
2768 2833 2992 2905 ἀρρήτῳ
3025 2834 3274 2907 δυνάμει,
3309 2837 3403 2891 καὶ
3430 2839 3638 2894 ἀκατά-

2065 2945 2274 2980 σειστον
2311 2927 2448 2997 ἔχων
2472 2926 2568 2996 τὴν
2597 2928 2688 2978 ἐπὶ
2734 2929 2848 2990 τοῖς
2885 2928 3034 2991 ἰδίοις
3064 2929 3290 2997 ἀγαθοῖς
3316 2931 3636 3000 ἀσφάλειαν.

2063 3018 2320 3088 Παναλκῆ
2362 3019 2471 3086 γὰρ
2508 3018 2568 3070 τὸ
2617 3017 2772 3071 Θεῖον
2803 3019 2897 3073 καὶ
2945 3021 3341 3092 ἐρηρεισμένην
3382 3022 3495 3093 ἔχει
3541 3024 3640 3096 τὴν

2064 3111 2404 3180 ὑποδάθραν,
2449 3111 2530 3162 ὅτι
2592 3111 2953 3180 μεταπίπτειν
3000 3113 3101 3166 οὐκ
3147 3109 3308 3178 οἶδεν,
3364 3115 3478 3168 ἀλλ’
3525 3117 3639 3171 ἐστι

2065 3201 2274 3272 τροπῆς
2297 3203 2539 3270 ἄμεινον,
2572 3199 2664 3252 καὶ
2693 3201 2752 3252 ὲν
2771 3204 2883 3264 τοῖς
2919 3201 3086 3268 ἰδίοις,
3115 3203 3191 3267 ὡς
3221 3203 3376 3276 ἔφην,
3419 3207 3640 3275 ἀγαθοῖς

2058 3296 2146 3347 ἀεὶ
2177 3295 2272 3346 καὶ
2303 3290 2594 3354 διαπαντὸς
2641 3293 2959 3363 ἐρηρεῖσθαι
2995 3294 3154 3362 φιλεῖ.
3209 3297 3436 3370 Ὀρᾶται
3459 3301 3639 3356 τοίνυν

2057 3383 2303 3455 ἑστηκὼς
2333 3383 2424 3434 ὲπί
2452 3382 2666 3452 τείχους
2701 3383 3085 3454 ἀδαμαντίνου,
3120 3389 3429 3459 Ἀῥρηκτός
3461 3408 3520 3443 τε
3547 3395 3640 3446 καὶ

2065 3475 2492 3545 ἀκαταμάχητος
2516 3479 2573 3527 ὲν
2603 3474 2770 3538 λίθοις
2802 3475 3032 3546 ἀδάμας,
3063 3477 3186 3531 οὕτε
3206 3482 3319 3542 τοῖς
3347 3481 3602 3553 σκληροῖς
3622 3523 3637 3547 ,

2061 3570 2154 3622 καὶ
2215 3568 2557 3621 ἀντιπίπτειν
2620 3569 2856 3634 εἰωθόσι,
2903 3577 3253 3645 παραχωρεῖν
3293 3576 3636 3648 ἀνεχόμενος,

2055 3658 2179 3711 οὔτε
2219 3658 2322 3729 μὴν
2355 3660 2567 3729 ἑτέραις
2600 3660 2751 3723 ὕλαις
2772 3661 2946 3726 διδοὺς
2976 3663 3035 3717 τὸ
3067 3666 3356 3720 καταθλεῖν
3377 3669 3635 3723 δύνασθαι

2054 3749 2152 3818 τῆς
2187 3750 2415 3820 ἐνούσης
2438 3751 2619 3820 ἰσχύος
2647 3752 2814 3822 αὐτῷ,
2857 3753 2998 3824 τάχα
3043 3756 3101 3808 δέ
3139 3774 3242 3809 που
3288 3759 3380 3812 καὶ
3417 3759 3516 3830 τῆς
3544 3760 3637 3813 τοῦ

2057 3840 2226 3910 πυρὸς
2253 3842 2435 3912 ἀκμῆς
2461 3842 2673 3910 ἀλογείν
2698 3843 3024 3914 εἰθισμένος.
3070 3847 3286 3919 Ἐπειδὴ
3311 3849 3366 3902 δὲ
3394 3846 3462 3921 ἦν
3491 3852 3519 3904 6
3547 3853 3638 3906 ἐπὶ

2055 3935 2152 3986 τοῦ
2186 3936 2403 4005 τείχους
2430 3935 2678 4004 έστηκὼς
2725 3935 3009 4006 ἀδάμαντα
3059 3939 3239 4010 φέρων
3271 3942 3328 3992 ἐν
3369 3943 3528 4012 χειρὶ,
3559 3943 3637 3995 δι·-

2059 4026 2390 4080 επυνθάνετο
2411 4026 2504 4079 τοῦ
2528 4028 2830 4098 προφήτου,
2851 4028 3043 4097 λέγων·
3068 4031 3136 4084 Τί
3156 4031 3219 4084 σὺ
3251 4034 3404 4102 ὁρᾷς,
3435 4033 3638 4104 Ἀμώςς

2057 4116 2161 4169 Τοῦ
2195 4115 2252 4168 δὲ
2295 4116 2584 4180 συνιέντος,
2641 4117 2734 4170 καὶ
2761 4118 2897 4186 ὅπερ
2945 4113 3012 4189 ἦν
3051 4119 3304 4187 λέγοντος
3334 4121 3462 4193 (ἔφη
3491 4124 3635 4196 γάρο

2069 4208 2423 4279 Ἀδάμαντα),
2457 4207 2645 4261 τοῦτον
2692 4208 2933 4272 ὲντάξειν
2966 4212 3047 4274 εἰς
3083 4212 3247 4281 μέσον
3279 4214 3374 4267 τοῦ
3422 4216 3640 4288 Ἰσραὴλ

2057 4298 2420 4353 διεϐεϐαιοῦτο
2453 4300 2660 4369 σαφῶς.
2725 4300 3028 4370 Ἀδάμαντα
3076 4301 3133 4356 δὲ
3196 4305 3500 4378 νοήσεις,ῆ
3545 4307 3639 4361 τὸν

2073 4393 2378 4463 Ἀσσύριον,
2404 4393 2480 4457 ὡς
2497 4393 2683 4464 ἀπηνῆ
2707 4409 2765 4446 τε
2790 4392 2886 4446 καὶ
2910 4392 3084 4465 ἀθραυ
3094 4412 3238 4463 στον,
3259 4398 3352 4451 καὶ
3377 4400 3456 4463 είς
3481 4399 3639 4454 τοῦτο

2059 4485 2372 4556 τεθειμένον
2405 4485 2557 4558 παρὰ
2579 4484 2714 4538 Θεοῦ
2741 4485 2759 4556 (
2774 4485 3004 4560 δυναμοῖ
3024 4486 3133 4560 γὰρ
3159 4491 3189 4543 6
3216 4490 3326 4544 τῶν
3357 4491 3640 4565 δυνάμεων

375 4581 434 4625 et
475 4574 909 4627 robusdssimum
947 4573 1034 4626 Dei
1059 4574 1312 4640 verbum,
1339 4574 1480 4644 quod
1517 4589 1623 4629 non
1650 4581 1829 4643 potest
1870 4588 1952 4628 re.

2063 4579 2286 4649 Κύριος,
2316 4577 2409 4643 οὒς
2437 4577 2503 4633 ἂν
2535 4577 2710 4632 ἕλοιτο
2734 4577 2953 4652 τυχὸν),
2987 4577 3154 4650 ἧγουν
3191 4582 3282 4636 τὸν
3335 4573 3640 4656 ἇθραυστόν

377 4665 513 4717 verti
534 4679 781 4728 vacuum,
808 4679 904 4730 seu
923 4664 1116 4719 ellectu
1143 4679 1356 4720 carere.
1387 4664 1584 4720 Curret
1609 4664 1756 4719 enim
1785 4677 1958 4734 usque

379 4760 446 4810 ad
483 4756 667 4820 linem,
711 4757 923 4809 nemine
950 4771 1169 4824 prorsus
1198 4757 1544 4825 impediente,
1578 4757 1720 4826 quod
1749 4755 1964 4811 locutus

378 4847 542 4902 fuerit
570 4849 708 4901 Deus
734 4849 775 4900 ⁵.
804 4846 896 4900 Sic
924 4848 1090 4901 etiam
1117 4848 1374 4902 Dominus
1403 4867 1417 4904 :
1451 4867 1470 4900 ι
1490 4849 1696 4904 Ctelum
1730 4860 1785 4904 et
1817 4857 1959 4903 terra

380 4942 706 5006 transibunt,
737 4941 929 5009 inquit,
979 4943 1140 4996 verba
1182 4951 1359 4996 autem
1397 4957 1514 4997 mea
1572 4958 1676 4997 non
1741 4953 1962 5012 praeter-

381 5035 600 5086 ibunt“.
641 5053 659 5086 ι
694 5033 782 5086 Ait
837 5049 980 5096 mox,
1031 5049 1089 5087 se
1133 5050 1237 5088 non
1293 5035 1692 5103 praeteriturum
1751 5034 1910 5090 Israel
1940 5074 1957 5098 ,

381 5128 480 5178 ltuc
510 5138 612 5188 εει,
642 5126 1008 5194 expetiturum
1042 5141 1229 5195 poenas
1284 5126 1352 5180 ab
1414 5128 1544 5195 ipsis
1600 5127 1759 5196 impie
1780 5137 1959 5197 gesto-

381 5234 522 5282 rum,
552 5226 605 5269 el.
630 5215 858 5284 amplius
902 5231 1012 5271 non
1049 5217 1422 5280 toleraturum,
1459 5227 1513 5271 et
1546 5219 1611 5269 de
1646 5225 1840 5270 caetero
1863 5218 1960 5270 ad-

379 5323 568 5362 versus
598 5322 691 5362 eus
721 5308 926 5362 vocatis
966 5309 1016 5360 in
1076 5316 1392 5376 potestatem
1446 5307 1792 5372 traditurum,
1853 5323 1958 5360 una

379 5417 500 5454 cum
548 5401 812 5464 delubris,
872 5401 983 5455 aris
1035 5414 1090 5455 et
1141 5401 1314 5456 idolis.
1345 5401 1521 5470 Inquit
1551 5401 1715 5461 enim,
1750 5419 1766 5452 ι
1808 5399 1956 5454 dele-

381 5493 581 5543 buntur
613 5507 720 5545 arae
751 5493 948 5546 risus.i
969 5493 1127 5545 Risus
1151 5493 1310 5561 igitur
1340 5507 1530 5546 revera
1562 5502 1645 5548 est
1673 5492 1958 5559 cujuslibet

385 5582 506 5635 idoli
549 5583 847 5637 fabricatio.
877 5583 1169 5654 326Meo
1188 5596 1368 5638 autem
1403 5585 1605 5651 judicio
1656 5585 1870 5653 proprie
1905 5592 1960 5638 et

383 5673 726 5740 peculiariter
773 5674 940 5728 risum
988 5675 1345 5746 intelligamus
1399 5673 1541 5742 licet,
1596 5675 1955 5748 Beelpbegor,

2066 4688 2124 4724 τε
2154 4672 2249 4725 καὶ
2286 4671 2537 4743 παναλκῆ
2584 4671 2677 4726 τοῦ
2729 4671 2865 4726 Θεοῦ
2892 4673 3072 4744 λόγον,
3103 4675 3163 4730 ὃν
3192 4679 3289 4730 οὐκ
3334 4676 3482 4731 ἔστιν
3506 4679 3641 4732 ἀπο-

2068 4762 2300 4834 στρέψαι
2338 4761 2515 4830 κενδν,
2535 4763 2700 4834 ἥγουν
2727 4761 3008 4831 ἄπρακτον
3023 4765 3319 4834 ἀποφῆναι.
3344 4769 3639 4838 Δραμεῖται

2068 4856 2178 4926 γὰρ
2203 4856 2285 4919 εἰς
2311 4855 2506 4927 πέρας,
2536 4857 2756 4920 πάντως
2777 4855 3232 4926 ἀντιπράττοντος
3255 4857 3486 4922 οὐδενὸς,
3504 4859 3644 4931 ὅπερ

2068 4948 2134 5002 ἂν
2161 4949 2450 5018 φθέγεοιτο
2474 4949 2624 5012 Θεός.
2644 4949 2800 5004 Οὕτω
2821 4951 2913 5005 καὶ
2939 4950 2968 5001 ὁ
2999 4947 3223 5021 Κύριος*
3251 4970 3271 5002 σ
3304 4950 3362 5003 Ὁ
3394 4951 3640 5022 οὐρανὸς,

2067 5042 2221 5112 φησὶ,
2259 5043 2353 5095 καὶ
2380 5044 2411 5114 ἠ
2449 5043 2519 5112 γῆ
2555 5043 2964 5113 παρελεύσεται,
2994 5046 3043 5098 oi
3070 5044 3126 5096 δὲ
3159 5044 3306 5114 λόγοι
3349 5061 3449 5111 μου
3477 5045 3537 5098 οὐ
3566 5045 3641 5118 μὴ

2070 5133 2431 5204 παρέλθωσιν.
2484 5155 2501 5183 ι
2545 5136 2686 5206 Ἔφη
2736 5133 2791 5187 δὲ
2845 5136 2928 5188 ὅτι
2975 5135 3075 5190 οὑκ
3130 5135 3196 5188 ἂν
3246 5135 3506 5207 παρέλθοι
3551 5137 3642 5191 τὸν

2081 5225 2324 5296 Ἰσραὴλ,
2356 5227 2654 5290 τουτέστιν,
2682 5228 2893 5298 αἰτήσει
2919 5227 3073 5292 δίκας
3102 5227 3210 5281 τῶν
3237 5227 3469 5282 ἀνοσίων
3495 5229 3643 5300 αὑτῷ

2071 5317 2647 5387 πεπλημμελημένων,
2702 5320 2796 5372 καὶ
2854 5319 3235 5391 ἀνεξικακήσει
3290 5320 3387 5390 μὲν
3436 5321 3638 5384 οὐκέτι,

2067 5409 2383 5479 παραδώσει
2439 5409 2496 5460 δὲ
2535 5409 2719 5464 λοιπὸν
2775 5414 2886 5475 τοῖς
2938 5412 3026 5465 ἐπ’
3054 5412 3216 5465 αὐτὸν
3265 5411 3639 5480 κεκλημένοις,

2063 5500 2198 5576 ὁμοῦ
2220 5501 2491 5571 τεμένεσι,
2509 5502 2601 5556 καὶ
2618 5502 2840 5573 βωμοῖς,
2863 5502 2957 5556 καὶ
2983 5505 3092 5566 τοῖς
3109 5503 3398 5568 εἰδώλοις.«
3427 5504 3643 5574 Ἀφανι-

2070 5590 2357 5661 σθήσονται
2392 5592 2522 5661 γὰρ,
2549 5594 2701 5661 φησί.
2728 5593 2776 5644 οἱ
2819 5592 2991 5664 βωμοὶ
3019 5592 3113 5646 τοῦ
3139 5594 3391 5661 γέλωτος.
3423 5613 3440 5647 i
3466 5593 3643 5656 Γέλως

2070 5684 2170 5752 μὲν
2201 5677 2294 5734 οῦν
2331 5681 2536 5752 ἀληθὴς
2562 5683 2594 5752 ἡ
2619 5683 2819 5746 παντὸς
2844 5680 3061 5736 εἰδώλου
3092 5681 3327 5753 ποίησις.
3359 5681 3569 5752 Πρέποι
3597 5679 3644 5732 5‘

454 5852 482 5889 ι
515 5852 714 5909 Jcrcm.
749 5870 844 5918 vn,
885 5855 964 5908 16.
1043 5857 1062 5887 ⁵
1099 5857 1223 5910 lsai.
1267 5873 1354 5922 L\',
1399 5857 1457 5910 ll
1500 5875 1513 5925 ;
1558 5856 1696 5912 Psal.
1738 5873 1935 5923 exuit,
1984 5857 2066 5913 l8.
2145 5857 2163 5886 ⁵
2201 5854 2390 5910 Matth.
2431 5871 2575 5922 xxiv,
2611 5855 2699 5910 55.
