4140 6370
263 444 369 504 537

1213 446 1758 507 COMMENTARIUS
1796 448 1866 505 IN
1907 449 2100 506 ΛΜοὸ
2131 448 2576 515 ΡιιοΡΗΕΤΑΜ.

3417 451 3525 509 538

265 565 353 630 ἀν,
390 561 566 636 οἶμαι,
600 564 804 638 κυρίως
852 583 911 619 τε
970 567 1063 619 καὶ
1118 567 1301 632 ίδικῶς
1355 570 1568 637 γέλωτα
1600 571 1839 625 νοεῖσθαι

1964 581 2161 641 tropter
2195 572 2365 640 ipsius
2420 572 2714 625 schematis
2764 579 2821 631 et
2860 570 3045 640 ﬁgurae
3099 568 3520 625 deformitatem.

262 659 355 712 τὸν
382 657 724 729 Βέελφεγὼρ,
780 658 868 712 διά
906 676 987 712 τοι
1020 659 1115 715 καὶ
1144 660 1275 713 αὐτὸ
1326 662 1386 715 τὸ
1433 662 1527 716 τοῦ
1561 665 1841 734 σχήματος

266 750 517 815 ἀκαλλές.
546 749 799 821 Διασύρει
828 750 884 805 δὲ
914 751 1136 805 ἃπασαν
1172 753 1270 824 τὴν
1299 753 1727 819 είδωλοποίησιν,
1763 757 1843 821 ὡς

268 840 329 904 ἐξ
386 841 503 903 ἐνὸς
550 840 615 909 δὴ
655 840 846 893 τούτου
898 840 994 894 τοῦ
1042 842 1262 895 πάντων
1291 844 1581 913 αἰσχίονος.
1636 846 1844 899 Οὐκοῦν

278 950 295 981 ι
328 932 876 1002 κατασπασθήσονται
913 932 1011 1003 μὲν
1043 934 1092 987 οἱ
1132 932 1323 1004 βωμοὶ,
1354 933 1845 1006 συνεξαρθήσονται

268 1020 326 1073 δὲ
358 1022 453 1074 καὶ
492 1024 549 1074 αἱ
606 1022 818 1076 τελεταὶ
849 1023 943 1076 τοῦ
982 1023 1219 1095 Ἰσραὴλ,
1250 1044 1268 1073 ι
1328 1025 1597 1087 τουτέστι,
1650 1026 1721 1079 τὰ
1748 1029 1847 1098 τῆς

270 1112 680 1183 εἰδωλολατρίας
740 1112 1072 1185 ἀθύρματα,
1136 1114 1337 1186 βέῦηλά
1370 1132 1429 1168 τε
1488 1116 1581 1169 καὶ
1617 1116 1847 1188 βδελυρά

274 1205 570 1275 μυστήρια.
609 1206 728 1259 Ὀτι
787 1205 845 1259 δὲ
907 1208 1019 1271 τοῖς
1076 1207 1225 1270 ἰδίοις
1278 1206 1419 1271 θεοῖς
1470 1209 1848 1278 συνοιχήσεται

273 1294 411 1366 πρὸς
466 1295 742 1350 ἀπώλειαν
796 1298 825 1351 ό
877 1299 991 1361 τοῖς
1052 1298 1152 1369 τῆς
1212 1296 1494 1368 βασιλείας
1532 1299 1849 1370 αὐχήμασιν

273 1386 565 1458 ἐμπρεπὴς
606 1386 907 1458 Ἱεροϐοάμ,
960 1388 1369 1459 διαμεμήνυκεν
1418 1390 1685 1461 ἐναργῶς.
1736 1390 1851 1444 Με-

276 1475 512 1548 μνῆσθαι
536 1476 592 1530 δὲ
611 1478 927 1547 ἀναγκαῖον,
955 1479 1030 1542 ὡς
1058 1478 1144 1532 ἓτε
1156 1496 1247 1549 ρος
1289 1480 1440 1551 παρά
1462 1479 1553 1533 τὸν
1581 1480 1797 1551 πρῶτον
1818 1482 1849 1534 ό

273 1569 405 1639 περὶ
439 1564 501 1623 οὗ
550 1567 644 1622 νῦν
673 1571 701 1622 ὁ
724 1568 898 1638 λόγος.
942 1569 1001 1622 Ὀ
1044 1569 1145 1639 μὲν
1168 1570 1276 1641 γὰρ
1316 1567 1384 1641 ἦν
1414 1573 1478 1625 ὲκ
1504 1572 1713 1637 Ναὸἀτ,
1744 1575 1771 1625 ό
1795 1573 1851 1626 δὲ

272 1658 333 1723 ἐξ
374 1660 544 1724 Ἰωάς.
578 1661 688 1714 Καὶ
715 1662 871 1715 ταυτὶ¹
901 1661 957 1714 δὲ
980 1664 1092 1725 τοῖς
1121 1662 1217 1732 τῆς
1240 1662 1481 1733 ἱστορίας
1522 1665 1852 1736 ὲφαρμόσειε

272 1750 467 1819 λόγοις.

356 1841 663 1911 Ἀδάμαντα
696 1841 752 1895 δὲ
786 1842 878 1895 τὸν
907 1842 1081 1914 ἀληθῆ
1142 1842 1454 1913 παραδείξει
1495 1845 1731 1915 Χριστὸν
1761 1846 1853 1899 τὸν

1945 663 2028 715 Ab
2062 676 2169 715 uno
2192 671 2373 715 autem
2427 662 2532 716 hoc
2577 661 2815 715 omnium
2867 660 3164 717 foedissimo
3214 662 3525 717 universam

1947 753 2211 809 idolorum
2247 753 2652 807 fabricationem
2698 753 3011 808 insectatur.
3045 752 3311 819 Quocirca
3342 771 3359 803 ι
3417 755 3527 807 dis-

1950 842 2236 896 trahentur
2301 841 2517 904 altaria,
2581 841 2947 911 tollenturque
2996 840 3156 895 simul
3207 840 3527 896 festivitates

1946 932 2160 997 Israel,»
2196 935 2297 989 hoc
2328 944 2432 998 est,
2462 934 2777 989 idololatriae
2802 933 3027 997 ludicra,
3061 942 3116 987 et
3134 932 3526 988 oblectamenta

1946 1022 2199 1093 profana,
2233 1033 2289 1077 et
2315 1025 2632 1079 detestanda
2673 1023 2951 1095 mysteria.
2976 1021 3148 1077 Simul
3191 1034 3371 1076 autem
3403 1039 3527 1077 cum

1946 1114 2054 1171 diis
2077 1116 2189 1170 suis
2221 1115 2276 1169 in
2333 1116 2557 1170 exitium
2609 1115 2885 1169 abiturum
2941 1113 3322 1169 Jeroboamum
3381 1115 3529 1183 regni

1950 1206 2119 1276 gloria
2142 1208 2494 1277 conspicuum
2529 1208 2696 1263 claris
2730 1207 2913 1262 verbis
2976 1207 3200 1261 indicat.
3257 1206 3362 1261 Sed
3413 1220 3529 1260 me-

1952 1301 2178 1355 minisse
2202 1300 2464 1369 debemus
2525 1299 2688 1353 alium
2719 1314 2748 1351 a
2770 1298 2943 1365 primo
2972 1312 3115 1362 esse,
3143 1298 3209 1352 de
3249 1313 3357 1367 quo
3390 1312 3531 1350 nunc

1950 1405 2130 1446 sermo
2147 1402 2249 1448 est.
2284 1391 2376 1446 llle
2408 1391 2552 1445 enim
2588 1399 2705 1444 erat
2737 1389 2878 1443 lilius
2902 1386 3145 1451 Nabatb;
3198 1388 3288 1443 bic
3327 1403 3391 1442 ex
3432 1385 3528 1441 Joa

1955 1493 2131 1537 natus.
2194 1483 2261 1537 Et
2312 1483 2426 1537 haec
2478 1483 2695 1537 interim
2754 1495 2879 1536 cum
2957 1478 3181 1534 historia
3266 1492 3532 1547 congrue-

1956 1586 2086 1628 Tllll.

2027 1853 2227 1909 Verum
2280 1862 2460 1907 autem
2515 1850 2857 1905 adamantem
2902 1848 3177 1903 Christum
3223 1845 3533 1910 exhibebit,

273 1934 385 1987 τῶν
440 1934 723 2004 δυνάμεων
778 1934 983 2005 Κύριον
1015 1973 1030 1997 ,
1084 1934 1184 2006 τὴν
1238 1935 1448 2005 ἄμαχον
1498 1937 1690 2008 ἔχοντα
1758 1938 1853 1992 καὶ

1964 1945 2241 2001 Dominum
2268 1945 2546 2007 virtutum,
2586 1939 2990 2011 inexpugnabili
3017 1948 3178 2007 atque
3224 1938 3425 1991 invicto
3451 1952 3538 1989 ro-

275 2024 720 2092 ἀκαταγώνιστον
754 2025 929 2096 ίσχὺν,
942 2024 1034 2078 τὸν
1058 2025 1433 2096 συνθραύοντα
1452 2029 1577 2092 τοὺς
1600 2029 1849 2101 ἐχθροὺς,

274 2118 370 2170 καὶ
402 2116 637 2170 νικῶντα
682 2117 808 2179 τοὺς
868 2115 1291 2188 ἀνθεστηκότας,
1336 2119 1429 2172 καὶ
1488 2119 1594 2172 ὑπὸ
1629 2120 1855 2193 μηδενὸς

275 2202 635 2273 ῥηγνύμενον.
703 2198 871 2268 Οὗτος
924 2203 1001 2267 ὡς
1053 2204 1199 2268 λίθος
1242 2206 1494 2271 ἐκλεκτὸς
1552 2209 1632 2272 είς
1694 2209 1855 2279 μέσον

272 2295 533 2349 τέτακται
558 2296 653 2348 τοῦ
680 2294 863 2351 λαοῦ.‹
888 2295 1066 2366 Ὠφθη
1086 2295 1196 2367 γὰρ
1226 2297 1320 2349 ἐπὶ
1339 2298 1441 2369 τῆς
1473 2299 1594 2371 γῆς,
1627 2301 1856 2365 καὶτοῖς

275 2384 585 2455 ἀνθρώποις
612 2387 1045 2458 συνανεστράφη.
1072 2405 1090 2438 ι
1128 2388 1418 2458 Τοιγάρτοι
1449 2388 1543 2440 καὶ
1594 2388 1857 2460 κέκληται

273 2476 361 2529 διὰ
386 2477 484 2546 τῆς
516 2476 746 2544 ἀγγέλου
795 2477 977 2545 φωνῆς
1025 2477 1391 2549 Ἐμμανουήλ,
1436 2479 1464 2531 ὃ
1512 2479 1627 2531 ἐστι
1662 2476 1859 2548 μεθερ-

279 2568 666 2640 μηνευόμενον,
691 2569 821 2637 μεθ’
852 2569 1070 2638 ήμῶνό
1104 2572 1267 2635 Θεός.
1298 2569 1434 2623 Μεθ’
1455 2570 1612 2641 ἡμῶν
1634 2570 1742 2641 γὰρ
1760 2570 1856 2638 γέ-

275 2676 453 2727 γονεν,
488 2661 575 2714 ὅτε
609 2661 800 2730 γέγονε
850 2660 972 2714 καθ’
1034 2662 1199 2732 ἡμᾶς.
1254 2662 1674 2731 Ἐντεταγμένος
1710 2662 1766 2715 δὲ
1800 2663 1858 2715 ἐν

274 2752 407 2820 ἡμῖν
432 2753 582 2821 παρὰ
613 2751 707 2804 τοῦ
736 2751 871 2805 Θεοῦ
928 2753 1023 2806 καὶ
1062 2753 1296 2825 Πατρὸς,
1325 2753 1401 2817 ὡς
1440 2753 1586 2816 λίθος
1624 2753 1858 2824 ἀδάμας,

279 2844 380 2914 τὴν
412 2842 506 2895 τοῦ
531 2843 777 2895 διαϐόλου
819 2846 1100 2897 κατέσεισε
1143 2844 1455 2916 τυραννίδα,
1491 2846 1861 2915 κατηφάνισεν

284 2936 499 3006 ἀληθῶς
531 2939 653 2999 τοὺς
683 2936 898 3007 βωμοὺς
923 2938 1017 2990 τοῦ
1048 2938 1302 3007 γέλωτος.
1331 2939 1482 3009 Ἀμα
1508 2955 1567 2991 τε
1597 2938 1707 3009 γὰρ
1763 2941 1863 2991 ἐπ-

278 3028 522 3098 έλαμψεν
575 3030 603 3081 ό
643 3028 1011 3099 Ἐμμανουὴλ,
1064 3030 1155 3082 καὶ
1200 3030 1295 3099 τῆς
1321 3029 1553 3101 ἀληθοῦς
1608 3029 1864 3097 γνώσεως

278 3121 389 3182 τοῖς
418 3119 522 3172 ἀνά
555 3121 733 3172 πᾶσαν
790 3120 889 3190 τὴν
924 3121 1015 3173 ὑπ’
1052 3121 1279 3191 οὐρανὸν
1330 3120 1586 3185 ἀπλώσας
1615 3121 1674 3174 τὸ
1715 3121 1860 3189 φῶς,

280 3211 473 3263 ἑαυτὸν
499 3213 629 3281 ἡμῖν
665 3210 943 3275 ὑπέδειξεν
982 3212 1165 3264 είκόνα
1204 3212 1298 3264 καὶ
1326 3211 1585 3281 ὁμοίωσιν
1614 3210 1706 3264 τοῦ
1748 3213 1863 3264 Πα-

278 3304 429 3373 τρός.
462 3303 596 3355 Τότε
623 3302 708 3372 δὴ,
740 3303 862 3355 τότε
888 3303 981 3354 καὶ
1004 3301 1067 3354 τὸ
1089 3303 1185 3372 τῆς
1219 3302 1449 3373 ἀρχαίας
1479 3303 1697 3374 ἀπάτης
1756 3303 1862 3355 ἀπ-

280 3395 513 3465 ελήλακε
567 3396 776 3459 σκότος,
802 3395 896 3448 καὶ
946 3395 1203 3448 πέπτωκε
1233 3395 1297 3465 δὴ
1330 3395 1423 3447 καὶ
1476 3394 1638 3457 αὐτὸς
1691 3394 1719 3446 ὁ
1763 3394 1861 3464 τῆς

1954 2040 2106 2103 bore,
2137 2036 2569 2105 confringentem
2595 2036 2865 2098 inimicos,
2898 2043 2951 2086 et
2974 2033 3317 2086 adversarios
3347 2029 3535 2082 devin-

1955 2137 2190 2191 centem,
2242 2134 2299 2180 et
2380 2126 2471 2193 qui
2542 2124 2717 2194 rumpi
2778 2139 2807 2176 a
2863 2122 3078 2176 nemine
3160 2128 3356 2189 potest.
3443 2115 3540 2171 Hic

1956 2231 2054 2272 ceu
2122 2216 2259 2285 lapis
2302 2215 2505 2270 electus
2553 2215 2604 2269 in
2678 2214 2856 2269 medio
2934 2212 3117 2282 populi
3178 2212 3387 2281 positus
3429 2217 3537 2263 est.

1963 2325 1983 2359 ι
2026 2306 2079 2360 In
2105 2307 2260 2361 terris
2282 2307 2425 2360 enim
2453 2306 2603 2359 visus
2661 2314 2867 2359 etcum
2897 2303 3207 2358 hominibus
3259 2314 3543 2354 conversa-

1961 2408 2047 2453 tus
2081 2407 2167 2453 est
2192 2399 2233 2451 ⁷.
2272 2417 2291 2450 ι
2323 2396 2556 2453 Proinde
2610 2397 2775 2451 etiam
2824 2410 2953 2450 voce
3009 2394 3284 2464 prophetae
3326 2392 3542 2461 l-lmma-

1962 2491 2085 2547 nuel
2135 2490 2312 2545 dictus
2352 2500 2436 2545 est
2472 2491 2515 2555 ⁸,
2573 2491 2715 2559 quod
2793 2490 3216 2559 interpretatur,
3273 2484 3543 2539 nobiscum

1964 2583 2123 2636 Deus.
2156 2580 2445 2637 Nobiscum
2472 2583 2616 2636 enim
2651 2581 2770 2645 fuit,
2798 2581 3014 2651 quando
3059 2588 3301 2634 nostrum
3353 2573 3545 2629 similis

1962 2674 2121 2727 homo
2159 2672 2335 2728 factus
2370 2683 2472 2728 est.
2504 2674 2742 2727 lnsertus
2773 2683 2952 2727 autem
2983 2673 3033 2724 in
3065 2669 3219 2724 nobis
3250 2684 3279 2721 a
3311 2666 3419 2720 Deo
3437 2663 3543 2717 Pa-

1965 2776 2047 2819 tre
2069 2775 2127 2820 ut
2155 2766 2292 2835 lapis
2326 2767 2569 2830 adamas,
2604 2766 2802 2821 diaboli
2846 2763 3187 2836 tyrannidem
3244 2760 3461 2823 evertit,
3493 2766 3547 2812 et

1964 2870 2085 2909 aras
2116 2856 2261 2910 risus
2291 2870 2476 2910 revera
2510 2855 2728 2909 delevit.
2765 2853 2935 2908 Simul
2955 2868 3017 2907 ac
3036 2852 3178 2906 enim
3232 2844 3548 2903 Emmanuel

1966 2944 2164 3010 illuxit,
2194 2955 2249 2999 et
2274 2960 2416 2999 verae
2446 2943 2966 3015 cognitionislumen
2996 2957 3090 3012 per
3127 2948 3295 2995 totum
3359 2936 3547 2991 orbem

1966 3035 2199 3104 diﬂ‘udit,
2220 3036 2458 3106 seipsum
2489 3037 2642 3091 nobis
2674 3036 2965 3105 imaginem
3027 3044 3081 3087 et
3138 3028 3549 3086 similitudinem

1968 3126 2144 3182 Patris
2186 3128 2595 3184 demonstravit.
2645 3126 2798 3182 Tunc
2850 3136 2998 3193 tunc,
3049 3126 3289 3194 inquam,
3328 3127 3552 3175 vetusta:

1968 3219 2302 3288 deceptionis
2336 3221 2591 3275 tenebras
2635 3219 2873 3289 diSpnlit,
2948 3230 2999 3273 et
3053 3216 3285 3286 ipsemet
3325 3209 3553 3265 fallaciae

1965 3311 2317 3377 architectus,
2346 3328 2541 3381 nempe
2572 3312 2820 3375 Satanas,
2884 3309 3098 3373 cecidit,
3146 3307 3465 3375 impuraque
3498 3309 3555 3356 et

1971 3398 2079 3455 Deo
2113 3418 2277 3458 exosa
2312 3404 2612 3457 idololatria
2644 3419 2673 3456 e
2701 3404 2881 3457 medio
2905 3402 3125 3479 sublata.
3144 3410 3244 3453 est.

278 3488 494 3557 ἀπάτης
548 3486 919 3559 προεστηκὼς,
967 3486 1273 3550 τουτέστιν,
1316 3488 1345 3539 ὁ
1393 3486 1671 3551 Σατανᾶς,
1733 3488 1826 3539 καὶ
1895 3489 1927 3561 ή
1988 3490 2215 3563 βέϐηλος
2281 3496 2373 3548 καὶ
2411 3494 2668 3566 θεομισὴς
2722 3496 2787 3548 ἐκ
2841 3494 3008 3565 μέσου
3073 3492 3294 3562 γέγονεν
3339 3485 3555 3541 εἰδωλο-

283 3577 501 3648 λατρία.

354 3671 463 3724 Καὶ
519 3668 948 3733 ἐξαπέστειλεν
990 3668 1271 3734 Ἀμασίας
1307 3668 1340 3720 ὁ
1390 3667 1582 3735 ἱερεὺς
1614 3669 1701 3733 εις
1733 3669 1867 3721 Βαι-

282 3764 401 3833 θὴλ
450 3763 600 3830 πρὸς
638 3760 936 3827 Ἰεροϐοὰμ
978 3757 1247 3822 ,βασιλέα
1310 3758 1591 3826 Ἰσραὴλ,
1636 3757 1862 3828 λέγων·

284 3853 640 3922 Συστροφὰς
695 3842 949 3903 ποιεῖταί
990 3850 1141 3905 κατὰ
1183 3850 1300 3903 σοῦ
1371 3850 1549 3919 Ἁμὼς
1602 3851 1869 3920 ἐνμέσῳ

284 3948 390 4002 τοῦ
421 3946 592 4000 οἴκου
622 3942 893 4013 Ἰσραὴλ,
911 3944 983 3995 οὐ
998 3941 1080 4010 μὴ
1099 3940 1351 4007 δύνηται
1380 3943 1417 4009 ἡ
1444 3942 1518 4011 γῆ
1548 3942 1870 4012 ὑπενέγκαι

285 4038 519 4104 πάντας
564 4035 706 4102 τοὺς
759 4036 979 4104 λόγους
1038 4033 1247 4088 αὐτοῦ.
1307 4035 1461 4087 Διότι
1512 4034 1653 4087 τάδε
1705 4031 1870 4102 λέγει

299 4130 494 4201 Ἃμώς’
538 4130 635 4182 Ἐν
653 4128 919 4197 ῥομφαίᾳ
970 4126 1319 4193 τελευτήσει
1350 4127 1679 4194 Ἱεροϐοὰμ,
1726 4129 1758 4179 ὀ
1801 4124 1870 4178 δὲ

298 4224 549 4295 Ἰσραὴλ
614 4222 991 4294 αιχμάλωτος
1042 4222 1371 4292 ἀχθήσεται
1432 4220 1552 4275 ἀπὸ
1602 4220 1711 4289 τῆς
1759 4220 1871 4290 γῆς

290 4319 503 4373 αὐτοῦ.

359 4410 479 4464 ΞΘ.
520 4408 977 4478 Ἀνεπικούρητον
1001 4404 1088 4460 ἀεὶ
1109 4404 1169 4458 τὺ
1188 4403 1385 4475 ψεῦδος
1418 4403 1509 4473 ἀφ’
1538 4402 1754 4468 ἑαυτοῦ,
1780 4402 1873 4478 κα).

288 4506 339 4559 οἱ
365 4504 463 4574 τῆς
499 4502 716 4572 ἀπάτης
746 4500 907 4562 πόδες
936 4498 1135 4570 σαθρὸν
1174 4496 1356 4568 έχουσι
1377 4496 1437 4549 τὸ
1469 4495 1721 4567 ἔρεισμα.
1746 4494 1873 4547 Τοι-

2043 3669 2209 3724 Vens.
2242 3669 2330 3734 10,
2363 3670 2446 3723 ll.
2480 3668 2547 3722 Et
2572 3670 2709 3723 misit
2756 3669 3002 3722 Amasias
3044 3669 3287 3721 sacerdos
3344 3667 3399 3720 in
3459 3664 3555 3719 Be-

1973 3760 2074 3814 tltel
2109 3762 2175 3813 ad
2196 3759 2476 3813 Jeroboam
2507 3778 2673 3829 regem
2707 3759 2895 3823 Israel,
2950 3761 3127 3811 dicens
3154 3773 3173 3811 :
3214 3756 3555 3827 Conjuratio-

1973 3869 2062 3906 nes
2092 3852 2219 3921 facit
2254 3864 2433 3904 contra
2459 3862 2506 3904 te
2537 3853 2690 3905 Amos
2720 3852 2773 3903 in
2811 3850 2979 3903 medio
3010 3850 3195 3901 domus
3235 3846 3425 3913 Israel,
3451 3863 3554 3901 non

1958 3945 2157 4013 poterit
2226 3956 2366 3997 terra
2405 3943 2627 4011 sufferre
2676 3958 2854 3995 omnes
2902 3956 3161 3994 sermones
3224 3940 3359 4007 ejus.
3416 3938 3555 4003 Quia

1973 4038 2083 4089 [uec
2116 4036 2416 4087 dicitAmos
2440 4048 2458 4087 .°
2488 4032 2553 4086 In
2584 4033 2762 4101 gladio
2793 4033 3047 4085 morietur
3076 4027 3555 4096 Jeroboaszrael

1973 4142 2091 4181 vero
2110 4128 2343 4195 captivus
2370 4126 2590 4179 ducetur
2614 4127 2677 4178 de
2720 4133 2859 4177 terra
2895 4140 3014 4176 sua.

2046 4385 2235 4442 LXIX.
2260 4384 2535 4439 lnlirmum
2560 4397 2657 4453 per
2690 4395 2751 4437 se
2775 4394 2996 4450 semper
3022 4390 3105 4435 est
3126 4378 3485 4444 mendacium,
3503 4388 3557 4437 et

1976 4477 2201 4533 fallaciae
2225 4478 2391 4548 pedes
2411 4476 2633 4530 ruinoso
2663 4472 2920 4528 insistunt
2949 4470 3303 4524 firmamento.
3324 4467 3557 4525 Proinde

290 4562 481 4666 γάρτοι
518 4562 764 4663 γελᾶται,
813 4590 967 4661 μόλις
995 4562 1118 4651 ταῖς
1160 4562 1359 4653 ἔξωθεν
1412 4562 1757 4658 ἔπι-κουρίαις
1794 4585 1862 4649 εἰς

1978 4571 2207 4636 ridetur,
2230 4569 2320 4623 vix
2349 4584 2451 4638 ope
2482 4577 2705 4622 externa
2762 4566 2945 4619 valens
2988 4563 3285 4617 subsistere
3318 4577 3334 4615 :
3398 4562 3557 4632 quale

289 4655 595 4742 λεδ-ἑστάναι
626 4655 1017 4756 κρατούμενον,
1052 4675 1163 4734 οἷον
1218 4680 1283 4753 δὴ
1312 4679 1471 4733 τοῦτό
1523 4655 1638 4732 ἐστι
1683 4678 1746 4731 τὸ
1776 4678 1862 4747 τῆς

1977 4662 2081 4717 bac
2108 4670 2193 4717 est
2240 4660 2292 4715 in
2325 4660 2655 4715 idololatria.
2688 4660 2852 4713 Erant
2892 4658 3035 4712 enim
3096 4656 3236 4725 apud
3269 4670 3363 4710 eos
3406 4655 3559 4723 quasi

291 4774 723 4846 είδωλολατρίας.
754 4771 1079 4827 Μεθυόντων
1110 4766 1181 4841 ἦν
1211 4769 1502 4840 ἀθύρματα
1523 4769 1592 4823 τά
1624 4767 1755 4839 παρ’
1776 4767 1875 4820 αὒ-

290 4871 425 4931 τοῖς,
442 4865 704 4937 δαμάλεις
726 4866 943 4935 χρυσαῖ,
963 4863 1102 4934 ἔργα
1120 4861 1393 4927 τέκτονος,
1418 4860 1512 4914 καὶ
1530 4859 1875 4931 χωνεύματα,

1982 4753 2227 4823 quaedam
2253 4751 2526 4806 ebriorum
2550 4750 2780 4813 ludicra,
2813 4750 2975 4819 327
3004 4747 3153 4801 vituli
3198 4746 3367 4811 aurei,
3396 4760 3558 4814 opera

1982 4844 2213 4899 artilicis
2248 4841 2563 4907 conﬂatilia,
2597 4841 2737 4894 sicut
2796 4841 3058 4909 scriptum
3102 4845 3185 4890 est
3211 4837 3257 4900 ',
3289 4842 3347 4889 et
3396 4833 3562 4887 artili-

292 4926 436 5013 κατά
467 4926 528 5011 τό
552 4926 961 5027 γεγραμμένον,
992 4926 1088 5008 καὶ
1108 4954 1272 5024 τέχνη
1298 4951 1479 5024 χειρὸς
1505 4926 1862 5023 ἀνθρωπίνης.

1986 4936 2131 4993 cium
2162 4936 2324 4991 buma
2338 4949 2420 4990 nae
2449 4950 2663 4998 manus,
2683 4943 2737 4988 et
2758 4932 3043 5003 impiorum
3072 4942 3298 4983 ausuum
3317 4926 3560 4981 inventa.

291 5049 388 5103 xui.
412 5017 646 5101 ἀνοσίων
662 5017 1082 5118 ἐγχειρημάτων
1139 5017 1437 5113 εὗρέείὰτὰ.
1494 5017 1634 5094 Ἀλλ’
1667 5042 1715 5094 οί
1778 5017 1862 5109 μετ

1988 5026 2187 5085 Verum
2214 5026 2491 5082 enimvero
2526 5025 2665 5080 beati
2704 5026 2977 5095 prapbetze
3015 5020 3242 5076 fallaciis
3274 5017 3561 5088 implicitos

295 5139 559 5213 μακάριοι
610 5137 887 5209 προφῆται
947 5135 1208 5191 καλοῦσιν
1268 5136 1347 5199 εἰς
1394 5132 1555 5205 νῆψιν
1598 5134 1725 5197 τοὺς
1762 5133 1879 5195 ταῖς

293 5232 530 5295 ἀπάταις
564 5230 1026 5301 κεκρατημένους.
1085 5227 1151 5282 Ol.
1202 5226 1259 5280 δὲ
1290 5226 1400 5279 τῶν
1453 5225 1687 5277 εἰδώλων
1720 5224 1881 5295 θερα-

294 5324 514 5389 πευταὶ,
545 5322 955 5393 καταλυομένης
1005 5320 1193 5390 ὥσπερ
1237 5318 1420 5381 αὐτοῖς
1462 5317 1560 5387 τῆς
1590 5316 1718 5385 ὅλης
1747 5330 1880 5383 σκη-

293 5417 413 5485 νῆς,
445 5416 507 5469 ού
534 5415 769 5487 μετρίως
803 5412 1150 5483 ἀσχάλλουσι,
1205 5408 1570 5463 καταπτοοῦσι
1620 5408 1735 5469 τοῖς
1768 5405 1879 5458 δεί-

294 5524 491 5577 γμασι,
531 5507 631 5578 τὴν
692 5505 798 5560 τῶν
840 5503 1210 5573 πλανωμένων
1257 5498 1544 5572 θρηνοῦσιν
1588 5495 1874 5567 ἀνάνηψιν.

299 5599 476 5651 Ἴσασι
506 5599 637 5670 γάρ,
666 5600 750 5653 ὅτι
785 5596 969 5667 γοργῷ
1003 5596 1095 5649 καὶ
1135 5594 1459 5673 ἐγρηγορότι
1493 5590 1569 5662 νῷ
1613 5593 1711 5660 τῆς
1746 5589 1877 5659 παρ’

294 5688 480 5756 αὐτοῖς
532 5690 787 5763 λατρείας
830 5690 931 5761 τὴν
982 5686 1281 5759 βεϐήλωσιν
1342 5686 1441 5739 οὐκ
1492 5683 1874 5754 ἀταλαίπωρον

368 5868 391 5887 ’
430 5868 658 5927 Barucb.
702 5886 781 5931 Ill.
821 5870 911 5925 '58.
986 5870 1005 5901 ⁸
1045 5865 1145 5923 lsa.
1190 5882 1286 5932 vtt,
1334 5864 1415 5921 ιι.
1494 5866 1513 5896 ⁹
1555 5864 1707 5921 Deut.
1735 5878 1809 5929 ιι,
1853 5858 1939 5914 l6.

1985 5123 2053 5176 ad
2080 5120 2368 5175 sanitatem
2393 5126 2604 5175 vocant.
2634 5117 2903 5172 idolorum
2935 5123 3123 5170 contra
3156 5110 3409 5173 ministri,
3445 5118 3561 5162 tan-

1985 5229 2146 5284 quam
2172 5222 2281 5269 tota
2332 5227 2519 5269 eorum
2550 5225 2710 5267 scena
2757 5209 3003 5279 disjecta,
3059 5221 3163 5260 non
3220 5200 3560 5258 mediocriter

1986 5308 2352 5378 indignantur,
2372 5316 2608 5359 terrores
2637 5302 2931 5364 incutiunt,
2986 5300 3332 5353 seductorum
3370 5291 3560 5362 resipi-

1982 5399 2244 5455 scentiam
2270 5399 2649 5452 lamentantes.
2696 5393 2903 5449 Norunt
2943 5392 3085 5447 enim
3147 5403 3325 5443 acrem
3381 5395 3436 5438 et
3478 5383 3559 5437 vi-

1980 5492 2237 5564 gilantem
2267 5490 2504 5544 animum
2541 5486 2716 5542 cultus
2743 5484 2910 5540 divini
2967 5483 3107 5553 apud
3162 5495 3254 5535 eos
3318 5476 3563 5549 profana-

1984 5584 2180 5639 tionem
2214 5597 2317 5637 non
2339 5581 2456 5647 sine
2481 5578 2726 5635 molestia
2754 5575 2971 5632 intueri.
2998 5571 3348 5629 Formidabat
3397 5568 3560 5639 igitur

1980 5675 2238 5747 profanus
2259 5672 2633 5739 illeAmasias,
2671 5684 2738 5727 ne
2771 5670 2911 5725 forte
2966 5666 3247 5737 prepbeta:
3291 5660 3555 5719 sermcuio
