4140 6370
1667 429 1728 487 S.
1769 425 2046 485 CYRILLI
2087 418 2554 480 ALEXANDRINI
2593 413 2909 472 ARCﬂlEP.

3793 403 3901 462 διο

639 553 740 606 bus
771 548 999 615 inducti,
1018 547 1073 601 in
1097 559 1155 600 sc
1193 545 1608 610 descenderent,
1633 546 1828 614 quibus
1853 543 2077 598 vitulum
2122 556 2214 594 au-

2325 536 2470 590 ίδεῖν.
2507 531 2740 587 Ἐκδέδιε
2791 528 2970 582 τοίνυν
2995 527 3024 581 ὁ
3053 522 3278 615 βέϐηλος
3331 519 3626 615 ᾋμασίας,⁸
3685 517 3768 615 μή
3791 517 3902 590 ἄρα

641 657 788 694 wum
819 641 1051 694 adorare
1099 653 1413 707 persuasum
1470 648 1608 699 erat,
1654 646 1709 691 et
1771 637 2051 691 excideret
2103 635 2217 703 ipse

638 733 962 795 sacerdotio,
985 732 1332 800 perirentque
1369 745 1489 782 cum
1528 727 1667 783 fauis
1691 744 1810 793 qua:
1829 729 1880 780 in
1914 727 2044 796 ipsis
2063 735 2218 780 erant

637 821 950 875 simulacra.
981 821 1089 875 Hac
1115 822 1180 875 de
1210 836 1373 874 causa
1424 819 1711 875 Jeroboam
1756 819 2090 872 inﬂammare
2128 833 2217 872 co-

641 925 820 977 natur,
841 922 1046 966 tantum
1073 930 1177 966 nou
1207 929 1370 983 regno
1401 913 1572 980 ipsum
1631 913 1829 982 ejicere
1883 911 2048 965 Amos
2070 909 2216 962 allir-

640 1020 812 1069 mans,
848 1017 902 1060 et
951 1020 1075 1060 eum
1125 1005 1236 1073 jam
1292 1001 1538 1061 Odiosum
1597 1015 1760 1073 atque
1819 1003 2214 1060 intolerandum

640 1096 896 1164 quiddam
915 1096 1060 1164 loqui
1091 1099 1307 1160 audere,
1339 1096 1588 1150 videlicet
1642 1098 1815 1166 ipsum
1868 1111 2048 1167 regem
2100 1112 2217 1149 mo-

641 1189 872 1244 riturum
933 1189 1132 1259 gladio,
1177 1198 1232 1243 et
1291 1188 1456 1244 Israel
1503 1187 1774 1243 abiturum
1818 1187 1874 1244 in
1927 1187 2218 1257 captivita-

642 1288 770 1336 tem.

710 1536 842 1596 Tale
885 1542 1161 1612 quidpiam
1217 1553 1272 1599 et
1321 1543 1561 1598 infelices
1636 1542 1808 1598 Judaei
1869 1542 2118 1598 conﬁctis
2162 1543 2216 1597 in

639 1635 912 1690 Christum
937 1637 1222 1691 calumniis
1259 1638 1523 1692 fecerunt.
1561 1636 1692 1691 Cum
1745 1635 1889 1691 enim
1956 1636 2218 1690 mirandis

639 1727 894 1795 operibus
924 1727 1162 1782 Jud:eam
1190 1729 1629 1798 obstupefaciens
1653 1743 1844 1785 omnes
1875 1728 1942 1782 ad
1964 1744 2022 1782 se
2055 1743 2214 1782 voca-

642 1828 746 1884 ret,
779 1819 996 1873 invidiae
1019 1817 1250 1873 ﬂammis
1279 1828 1494 1888 pectora
1556 1820 1823 1885 succensi,
1857 1819 2028 1874 Pilato
2085 1835 2208 1873 eum

637 1908 949 1962 obtulerunt
983 1910 1187 1974 miseri,
1222 1912 1654 1980 addideruntqne
1713 1913 1934 1981 insuper
1965 1931 1978 1967 :
2015 1932 2032 1962 ι
2099 1910 2212 1966 Nisi

638 2000 781 2052 hunc
811 2000 1098 2067 occideris,
1128 2017 1231 2056 non
1255 2018 1314 2058 es
1343 2004 1548 2057 amicus
1579 2004 1808 2058 Czesaris
1850 2006 1915 2058 ¹⁰.
1956 2025 1974 2056 ι
2001 2004 2218 2060 Similes

640 2097 767 2142 sunt
789 2091 1030 2144 omnium
1063 2094 1316 2160 pietatem
1348 2095 1770 2164 oppugnantium
1788 2106 1976 2150 contra
2000 2106 2220 2152 sanctos

637 2190 884 2246 conatus,
907 2193 962 2237 ct
992 2185 1296 2250 persimilia
1321 2199 1494 2256 coepta
1529 2188 1682 2242 venit
1737 2187 2000 2243 mendacii
2021 2187 2220 2258 ubique

636 2275 950 2341 a'grotantis
979 2274 1286 2328 inlirmitas.

710 2444 873 2499 Vens.
914 2448 1001 2510 1‘2,
1048 2447 1133 2503 15.
1161 2447 1228 2501 El
1257 2451 1388 2500 dixit
1410 2448 1649 2503 Amasias
1673 2451 1740 2503 ad
1790 2451 1969 2517 Amos,
1998 2450 2172 2504 dicens
2198 2465 2216 2504 :

651 2535 859 2602 Videns,
895 2542 1038 2605 vade,
1074 2543 1277 2594 discede
1301 2543 1354 2595 in
1384 2553 1574 2595 terram
1597 2543 1760 2607 Juda,
1783 2557 1828 2596 et
1887 2545 1956 2597 ibi
2003 2546 2124 2607 vive,
2165 2555 2215 2598 et

637 2630 750 2682 illic
769 2635 1124 2699 prophetabis.
1155 2633 1219 2687 In
1251 2633 1432 2688 Ret/ie!
1471 2645 1644 2689 autent
1670 2652 1772 2688 non
1807 2637 2026 2705 adjicies
2078 2638 2217 2690 ultra

635 2724 970 2789 prophetare,
998 2725 1118 2794 quia
1149 2726 1536 2793 sanctiﬁcatum
1600 2729 1736 2797 regis
1793 2739 1891 2792 est,
1931 2739 1978 2780 et
2029 2733 2215 2782 domus

639 2816 785 2882 regni
805 2828 902 2869 est.

708 2992 870 3048 LXX.
912 2995 1172 3064 Deinceps
1199 2996 1483 3050 manifeste
1504 3008 1584 3050 cst
1615 2999 1896 3068 impudens
1941 3008 1993 3054 et
2024 3002 2214 3055 adver-

637 3097 728 3134 sus
757 3083 933 3135 divina
965 3085 1124 3138 verba
1157 3086 1412 3140 invidiam
1441 3104 1592 3140 suam
1623 3089 1766 3143 velut
1823 3091 1876 3143 in
1927 3092 2044 3145 acie
2082 3107 2212 3146 con-

637 3175 830 3228 stituit.
889 3174 1171 3231 Viduntem
1225 3179 1368 3232 enim
1427 3181 1658 3249 appellat
1707 3183 2044 3252 prophetam.
2103 3184 2207 3240 Sed

637 3266 778 3317 cnim
808 3284 910 3319 non
944 3267 1164 3324 honoris
1194 3286 1378 3334 causa,
1429 3287 1604 3338 neque
1661 3281 1716 3326 ut
1757 3289 1878 3328 eum
1919 3277 2213 3343 prolibetia?

639 3356 858 3410 nomine
885 3369 1209 3412 Veneretur:
1243 3360 1334 3414 sed
1373 3370 1428 3412 ιιι
1456 3371 1710 3430 tanquam
1762 3381 1923 3418 unum
1979 3381 2010 3420 e
2064 3365 2214 3421 falsis

635 3446 852 3498 vatibm
888 3450 1240 3519 perstringat,
1273 3452 1554 3506 discedere
1593 3453 1646 3508 in
1679 3465 1879 3509 terram
1940 3455 2078 3511 Juda
2127 3459 2215 3526 ju-

635 3535 748 3590 bct.
774 3537 990 3592 Adalcns
1020 3550 1197 3596 autem
1232 3542 1359 3596 illud
1390 3560 1402 3594 :
1435 3561 1454 3595 ι
1486 3542 1597 3597 Illic
1629 3547 1768 3610 vive,
1810 3563 1829 3596 ι
1867 3554 2069 3599 tantum
2108 3563 2213 3601 non

637 3629 801 3681 dicit:
850 3628 894 3681 si
922 3643 1184 3698 quaestum
1220 3641 1428 3702 turpem
1463 3635 1764 3701 desideras,
1793 3648 1847 3690 et
1878 3637 2022 3692 velut
2048 3639 2215 3708 magi-

637 3726 716 3780 cis
758 3725 924 3795 328
978 3725 1181 3781 voculis
1244 3729 1464 3782 auribus
1529 3729 1896 3784 demulcendis
1947 3729 2013 3782 ad
2048 3731 2214 3785 vitam

637 3818 1045 3871 sustentandam
1083 3821 1388 3874 necessaria
1447 3837 1739 3890 corrogare
1779 3821 2002 3890 quatris,
2028 3821 2214 3876 relicta

639 3910 911 3974 Samaria,
944 3911 1164 3980 loquore
1188 3913 1348 3967 tribui
1371 3911 1530 3978 Juda,
1557 3926 1611 3967 et
1664 3913 1767 3967 noli
1809 3915 2134 3983 prophetare
2162 3915 2214 3969 in

638 4000 845 4056 Bethcl.
899 4022 917 4054 ι
973 4002 1231 4057 Sanctqu
1269 4004 1412 4058 enim
1465 4006 1606 4074 regis
1658 4015 1762 4060 est.
1826 4024 1844 4057 ι
1919 4005 2212 4077 ’Λγίασμα,

637 4103 882 4145 sanctum
913 4094 1026 4148 sive
1067 4104 1466 4162 consecratum,
1487 4112 1584 4165 pro
1619 4097 1900 4168 ἀνάθημα,
1929 4099 2212 4152 donarium

637 4194 1050 4249 consecratum,
1081 4201 1176 4240 seu
1224 4202 1320 4256 pro
1353 4185 1470 4241 loco
1503 4189 1864 4244 anathematis
1898 4191 2094 4258 posuit.
2142 4189 2214 4246 lbi

639 4289 870 4342 namque
903 4275 1110 4342 primus
1143 4273 1430 4331 Jcrohoam
1465 4277 1690 4331 vitulum
1749 4294 1971 4332 aureum
2019 4282 2212 4334 erexit.

638 4362 702 4416 Et
738 4365 1012 4434 pr0pbetae
1042 4378 1322 4436 peccatum
1361 4370 1513 4438 quasi
1541 4369 1592 4422 in
1621 4370 1935 4440 imperantis
1954 4371 2213 4426 honorem

640 4454 924 4508 referens:
961 4474 979 4505 ι
1025 4455 1244 4522 Domus,
1285 4457 1476 4526 inquit,
1519 4457 1668 4527 rcgni
1709 4467 1814 4513 est.
1854 4476 1873 4509 ι
1907 4458 1986 4512 Tu
2033 4469 2212 4514 autem

2319 632 2432 692 τοῖς
2456 626 2549 680 τοῦ
2577 623 2856 695 προφήτου
2915 614 3302 688 παρενεχθεῖεν
3354 612 3532 682 λόγοις
3581 612 3662 674 είς
3695 610 3901 682 εῐδησιν

2319 718 2531 790 ἀγαθήν
2552 719 2600 770 oi
2632 714 2900 784 δαμάλεσι
2929 713 3051 772 ταῖς
3079 709 3308 780 χρυσαῖς
3340 705 3664 776 προσκυνεῖν
3691 703 3900 756 ἀναπε-

2320 809 2625 878 πεισμένοι,
2652 805 2744 859 καὶ
2793 799 3174 870 ἀπολισθήσειε
3207 799 3304 867 μὲν
3343 796 3443 866 τῆς
3467 793 3774 866 ἱερουργίας
3804 792 3905 844 αύ-

2316 902 2427 964 τὸς,
2468 897 2791 952 ἀπολοῦνται
2825 894 2883 946 δὲ
2910 895 3024 954 τοῖς
3082 889 3364 959 τεμένεσιν
3400 887 3582 948 αὐτοῖς
3609 887 3677 938 τὰ
3709 889 3764 937 ἐν
3802 885 3902 937 αὺ-

2317 995 2428 1056 τοῖς
2443 992 2558 1062 ἓδη.
2578 988 2843 1060 Ταύτῃτοι
2866 983 3207 1055 παραθήγειν
3223 981 3476 1049 πειρᾶται
3489 977 3577 1030 τὸν
3597 977 3661 1030 ἰε
3673 975 3898 1046 ροϐοάμ,

2321 1085 2602 1157 μονονουχὶ
2620 1082 2719 1152 τῆς
2736 1079 2898 1133 αὑτοῦ
2925 1073 3199 1146 βασιλείας
3217 1068 3702 1136 κατεξανίστασθαι
3726 1066 3901 1135 λέγων

2316 1178 2409 1232 τὸν
2449 1174 2648 1246 Ἀμὼς,
2683 1174 2777 1226 καὶ
2804 1169 3055 1240 διαὸριθῆ
3082 1185 3204 1221 τινα
3237 1166 3329 1219 καὶ
3370 1161 3644 1233 ἀφόρητον
3675 1159 3900 1228 ήδηπως

2317 1267 2631 1338 ἀποτολμᾷν
2669 1262 2943 1317 ποιεῖσθαι
2974 1260 3153 1328 λόγον,
3191 1258 3267 1320 ὼς
3304 1253 3617 1330 τεθνήξεται
3657 1250 3756 1320 μὲν
3809 1247 3902 1300 αὐ-

2316 1360 2408 1424 τὸς
2453 1361 2512 1413 ἐν
2569 1356 2847 1429 ῥομφαίᾳ,
2897 1353 3163 1426 βαδιεῖται
3207 1351 3265 1402 δέ
3320 1346 3664 1417 αἰχμάλωτος
3715 1345 3744 1396 ὀ
3792 1343 3898 1419 ’Πισ-

2320 1453 2480 1524 ρπήλο
2925 1539 2933 1540 ί
3193 1536 3203 1540 Α
3298 1537 3309 1540 _
3406 1532 3441 1540 η
3614 1525 3648 1540 ,,
3721 1525 3805 1540 η

2391 1540 2646 1596 Τοιοῦτόν
2675 1558 2728 1594 τι
2752 1539 3072 1612 πεπράκασι
3121 1536 3216 1590 καὶ
3265 1537 3313 1589 οἱ
3358 1532 3582 1592 τάλανες
3614 1525 3853 1580 Ἰουδαῖοι
3878 1563 3896 1587 ,

2317 1633 2415 1697 τὰς
2453 1633 2546 1686 ἐπὶ
2591 1629 2814 1702 Χριστῷ
2861 1627 3200 1690 συντιθέντες
3247 1621 3632 1692 συκοφαντίας.
3676 1614 3898 1684 Ἐπειδὴ

2317 1724 2424 1796 γὰρ
2440 1725 2551 1786 τοῖς
2573 1721 2814 1791 θαύμασι
2835 1719 3230 1788 καταπλήττων
3244 1716 3342 1787 τὴν
3377 1702 3661 1774 Ἰουδαίαν,
3688 1708 3898 1768 πάντας

2325 1813 2509 1868 ἐκάλει
2571 1813 2707 1885 πρὸς
2757 1811 2984 1872 ἐαυτὸν,
3041 1808 3320 1880 προσῆγον
3359 1805 3598 1873 Πιλὰτῳ,
3655 1801 3752 1864 τὰς
3801 1796 3898 1850 τοῦ

2318 1903 2512 1973 φθόνου
2540 1901 2744 1970 φλόγας
2769 1903 2848 1964 είς
2878 1899 3001 1953 νοῦν
3054 1896 3309 1960 λαϐόντες
3335 1896 3384 1948 οί
3419 1893 3656 1946 δείλαιοι·
3694 1889 3789 1942 καὶ
3829 1887 3900 1973 δὴ

2323 1971 2418 2046 καὶ
2443 1993 2698 2061 ἔφασκον⁸
2741 2011 2757 2042 ι
2813 1991 2939 2044 Ἑάν
2980 1990 3057 2060 μὴ
3088 1988 3274 2042 τοῦτον
3316 1983 3676 2052 ἀποκτείνῃς,
3706 1980 3808 2032 οὐκ
3846 1971 3904 2029 εἴ

2321 2084 2472 2153 φίλος
2506 2084 2598 2136 τοῦ
2629 2084 2924 2153 Καίσαρος.
2958 2102 2976 2134 ι
3021 2084 3141 2135 Ἴσα
3165 2081 3341 2134 τοίνυν
3373 2079 3467 2131 καὶ
3498 2075 3650 2146 παρά
3677 2073 3900 2126 πάντων

2319 2178 2408 2231 ἀεὶ
2435 2179 2540 2231 τῶν
2565 2181 2630 2248 τῇ
2663 2177 2914 2247 εὐσεϐείᾳ
2945 2176 3267 2246 μαχομένων
3317 2175 3384 2226 τά
3411 2171 3552 2226 κατὰ
3578 2168 3685 2222 τῶν
3723 2165 3902 2235 ἁγίων

2317 2268 2678 2340 τολμήματα,
2737 2270 2830 2322 καὶ
2885 2268 2973 2321 διὰ
3029 2268 3136 2320 τῶν
3209 2266 3412 2336 ὁμοίων
3481 2259 3901 2334 ἐγχειρημάτων

2319 2360 2536 2430 ἔρχεται
2576 2359 2853 2430 πανταχοῦ
2885 2359 3114 2429 ψεύδους
3141 2357 3424 2421 νοσοῦντος
3448 2357 3510 2409 τὸ
3536 2355 3746 2408 ἄναλκι.

2394 2451 2501 2505 Καὶ
2542 2448 2711 2504 εἶπεν
2775 2451 3063 2519 Ἀμασίας
3119 2449 3270 2517 πρὸς
3309 2447 3517 2518 Ἀμὼς,
3586 2447 3796 2515 λέγων·
3838 2447 3897 2501 '0

2317 2540 2733 2608 ὀριῖη·,,ϐάδιζε,
2773 2541 3125 2610 ἐκχόερησον
3148 2541 3228 2594 σὺ
3267 2543 3355 2606 είς
3386 2539 3504 2608 γῆν
3541 2539 3750 2602 Ἰούδα,
3791 2541 3898 2594 καί

2316 2633 2445 2687 ἐκεῖ
2469 2635 2753 2687 καταϐίου
2781 2673 2796 2697 ,
2856 2634 2954 2686 καὶ
3015 2631 3145 2686 ἐκεῖ
3185 2633 3640 2700 προφητεύσεις.
3683 2635 3787 2698 Είς
3823 2630 3898 2685 δέ

2316 2725 2545 2791 Barmy!
2583 2726 2693 2777 οὐκ
2739 2725 2827 2777 ἐτι
2877 2721 3246 2791 προσθήσεις
3279 2721 3386 2775 τοῦ
3442 2720 3892 2790 προφητεῦσαι,

2315 2813 2406 2869 ὅτι
2451 2816 2717 2884 ἁγίασμα
2757 2811 3068 2878 ,βασιλέως
3122 2811 3292 2876 ἐστί,
3348 2810 3448 2863 καὶ
3499 2807 3662 2876 οἶκος
3706 2810 3892 2874 βασι-

2313 2907 2484 2972 λείας
2521 2906 2656 2959 ἐστί
2662 2942 2677 2958 .
3707 2891 3714 2899 ’

2385 3003 2466 3051 0'.
2503 2999 2877 3067 Ἀναισχυντεῖ
2901 2994 3085 3049 λοιπὸν
3133 2994 3399 3064 ἐναργῶς,
3453 2994 3684 3056 καὶτοῖς
3729 2992 3893 3056 θείοις

2313 3089 2598 3158 ἀντεξάγει
2639 3088 2816 3156 λόγοις
2844 3088 2946 3158 τῆς
2974 3087 3167 3141 ἐαυτοῦ
3207 3084 3505 3156 βασκανίας
3535 3083 3632 3154 τὴν
3652 3083 3891 3149 ἔνδειξιν.

2327 3180 2566 3250 Ὀρῶντσ.
2603 3181 2704 3250 μὲν
2743 3179 2853 3250 γὰρ
2906 3179 2998 3232 τὸν
3048 3179 3335 3249 προφήτην
3389 3176 3594 3240 ἐκάλει,
3632 3177 3769 3246 πλὴν
3791 3176 3894 3229 οὐκ

2314 3270 2568 3336 ἀξιώσας,
2623 3271 2744 3324 ούδέ
2793 3270 2870 3341 τῷ
2926 3271 3026 3341 τῆς
3080 3270 3414 3342 προφητείας
3458 3269 3679 3338 ὀνόματι
3725 3285 3892 3322 κατα-

2319 3379 2376 3415 σε
2385 3362 2588 3433 μνύνας
2609 3360 2923 3429 αὑτὸν,ξάλλ’
2939 3361 3220 3424 οἱονείπως
3249 3361 3324 3424 ὡς
3345 3360 3451 3414 τῶν
3475 3359 3892 3429 ψευδομάντεων

2314 3454 2409 3506 ἕνα
2441 3451 2831 3523 διαϐεϐληκὼς,
2866 3455 3128 3524 ἐκχωρεῖν
3157 3452 3406 3505 ἐκέλευεν
3433 3453 3512 3514 είς
3551 3451 3653 3520 γῆν
3696 3449 3888 3504 Ἰούδα.

2315 3544 2632 3616 Προστιθεὶς
2683 3545 2740 3598 δέ
2799 3544 2881 3610 τὸ,
2943 3562 2962 3596 ι
3004 3545 3146 3597 Ἐκεῖ
3191 3543 3473 3608 καταῦίου,
3513 3562 3530 3594 ι
3599 3543 3881 3612 μονονουχί

2316 3653 2502 3707 φησιν,
2534 3639 2584 3690 εί
2615 3637 2919 3708 λημμάτων
2944 3636 3184 3707 αἰσχρῶν
3239 3637 3476 3705 ἐφίεσαι,
3529 3635 3623 3688 καὶ
3679 3637 3744 3689 ἐκ
3794 3635 3889 3689 τοῦ

2315 3731 2642 3802 κατεπᾴδειν
2672 3731 2781 3783 τισὶ
2812 3729 3076 3800 ῥημάτια,
3106 3728 3175 3782 τὰ
3206 3729 3342 3798 πρὸς
3369 3729 3462 3780 τὸν
3503 3729 3615 3796 βίον
3647 3729 3891 3799 χρήσιμα

2315 3821 2499 3893 ζητεῖς
2529 3814 2894 3893 ἐρανίζεσθαι,
2929 3820 3028 3890 τὴν
3065 3819 3374 3890 Σαμάρειαν
3419 3819 3576 3887 ἀφεὶς
3604 3818 3753 3871 λάλει
3780 3821 3889 3882 τοῖς

2315 3914 2382 3967 ἐκ
2404 3913 2578 3982 φυλῆς
2623 3913 2814 3976 Ἰούδα,
2866 3911 2961 3965 καὶ
2995 3911 3057 3964 οὐ
3111 3909 3507 3983 προφητεύσεις
3563 3911 3620 3962 ἐν
3650 3909 3885 3980 Βαιθήλ·

2321 4026 2340 4058 ι
2383 4005 2653 4076 ’Δγίασμα
2681 4005 2790 4077 γὰρ
2821 4005 3084 4076 βασιλέως
3111 4004 3248 4060 ἐστί.
3281 4023 3298 4055 ι
3331 4004 3403 4057 Τὸ
3419 4005 3669 4074 ἁγίασμά
3700 4021 3885 4073 φησιν,

2315 4095 2436 4150 ἀντὶ
2462 4094 2557 4148 τοῦ
2595 4095 2873 4166 ἀνάθημα,
2914 4095 3081 4165 ήγουν
3138 4093 3484 4164 ἀναθήματος
3513 4093 3696 4156 τόπος.
3745 4093 3892 4145 Ἐκεῖ

2315 4187 2426 4257 γὰρ
2453 4187 2714 4256 ἀνέθηκεν
2742 4189 2770 4240 ὁ
2793 4185 3008 4258 πρῶτος
3051 4185 3332 4256 Ἰεροεοὰμ
3361 4185 3459 4256 τὴν
3509 4185 3739 4254 δάμαλιν
3789 4182 3890 4255 τὴν

2315 4279 2544 4349 χρυσῆν.
2591 4278 2904 4349 Ἀναφέρων
2936 4275 2994 4330 δέ
3027 4277 3216 4348 ὥσπερ
3245 4276 3340 4330 τοῦ
3400 4278 3681 4347 προφήτου
3705 4277 3766 4329 τὸ
3793 4275 3886 4344 ἔγ-

2315 4371 2504 4440 κλημα
2528 4369 2623 4423 καὶ
2652 4372 2730 4433 εἰς
2785 4367 2883 4440 τήν
2915 4367 3010 4421 τοῦ
3059 4367 3386 4440 κρατοῦντος
3412 4368 3598 4438 τιμὴν,
3663 4386 3680 4419 ι
3706 4362 3886 4434 Οἶκος,

2317 4463 2471 4534 φησὶ,
2504 4457 2780 4532 βασιλείας
2829 4461 2970 4515 ἐστί.
3008 4480 3028 4515 s
3061 4462 3134 4515 Σὺ
3171 4461 3228 4514 δέ
3263 4462 3483 4530 συγχεῖς
3521 4459 3588 4512 τά
3614 4458 3886 4529 βασιλικὰ,

639 4546 923 4612 perturbas
957 4555 1155 4601 statum
1184 4547 1412 4617 regium,
1447 4549 1708 4604 tumultus
1737 4550 2004 4614 concitas,
2035 4550 2213 4604 domi-

2317 4555 2581 4626 θορύϐους
2615 4553 2869 4624 ἐγείρεις,
2918 4555 3032 4616 τοῖς
3087 4551 3195 4606 τῶν
3251 4550 3596 4623 κρατούντων
3623 4551 3888 4622 θελήμασι

640 4654 832 4704 nor_um
853 4638 1109 4694 voluntati
1147 4638 1337 4696 eﬂ'reni
1383 4642 1613 4709 quadam
1669 4642 1894 4697 audacia
1928 4643 2208 4699 resistens.

645 4728 773 4784 Vide
803 4731 985 4798 igitur,
1017 4747 1178 4800 quam
1204 4732 1362 4800 plane
1388 4748 1572 4786 verum
1607 4733 1696 4796 sit,
1718 4733 1860 4802 quod
1889 4733 2092 4788 dictum
2128 4744 2213 4790 est

639 4838 668 4871 ιι
711 4820 818 4874 Deo
855 4823 922 4875 ad
952 4820 1116 4877 Israel
1151 4843 1164 4878 :
1202 4844 1220 4874 ι
1257 4823 1320 4876 Ει
1354 4824 1624 4894 potabatis
1661 4826 2028 4881 sanctiﬁcatos
2062 4841 2214 4882 meos

642 4915 800 4966 vino:
840 4923 898 4967 et
922 4915 1198 4982 prophetis
1231 4917 1572 4971 mandabatis
1624 4916 1907 4972 dicentes:
1965 4916 2043 4972 Ne
2087 4934 2213 4989 pro-

638 5001 871 5070 pbeletis
899 5003 962 5056 ¹¹.
993 5022 1012 5054 ι

712 5093 875 5150 Vens.
908 5095 1099 5151 ιιι-17.
1132 5093 1200 5148 Et
1238 5098 1497 5163 respondit
1521 5098 1700 5162 Amos,
1728 5110 1773 5153 et
1788 5100 1924 5152 dixit
1949 5101 2017 5152 ad
2051 5102 2211 5156 Anta-

639 5191 813 5240 ss'nm:
844 5187 966 5242 Non
988 5204 1131 5242 erant
1185 5191 1454 5257 propheta,
1515 5208 1680 5262 neque
1731 5191 1878 5260 ﬁlius
1924 5193 2209 5262 prop/tem,

639 5282 727 5332 sed
755 5281 1031 5345 caprarius
1060 5297 1204 5334 erant
1251 5281 1497 5336 vellicans
1531 5301 1850 5353 sycomoros.
1905 5285 1974 5340 Et
2005 5303 2215 5340 assum-

639 5371 740 5437 psit
754 5385 839 5439 μιε
863 5368 1113 5424 Dominus
1142 5386 1206 5424 ex
1230 5371 1440 5434 ovibus;
1467 5383 1513 5425 et
1550 5375 1680 5427 dixit
1709 5375 1967 5429 Dominus
1992 5377 2061 5428 ad
2092 5392 2173 5430 me
2196 5391 2216 5430 :

657 5460 816 5523 t'ude,
844 5471 892 5514 et
931 5461 1261 5530 prophetabis
1283 5479 1438 5530 super
1473 5463 1685 5518 domum
1738 5465 1930 5520 Israel.
1963 5465 2029 5519 Et
2052 5482 2057 5486 ·
2079 5482 2216 5520 nunc

642 5552 769 5603 audi
797 5551 1008 5605 verbum
1028 5551 1260 5606 Domini.
1299 5551 1340 5605 T
1345 5571 1376 5606 ιι
1407 5553 1566 5618 dicis,
1598 5572 1699 5608 non
1720 5556 2215 5626 proplietabissuper

645 5641 837 5710 Israel,
871 5654 918 5697 et
943 5659 1046 5698 non
1069 5644 1307 5699 turbabis
1330 5662 1484 5714 super
1513 5647 1724 5701 demum
1751 5647 1934 5703 Jacob.
1968 5647 2216 5718 Propter-

717 5819 760 5851 “
797 5816 952 5876 Joan.
995 5836 1110 5886 tux,
1155 5821 1235 5875 l2.
1318 5824 1355 5854 “
1390 5824 1557 5879 Amos
1597 5839 1654 5889 Il,
1704 5823 1786 5878 l2.

2319 4645 2711 4717 ῥιψοκινδύνως
2732 4643 3212 4715 ἀντιτασσόμενος.
3243 4644 3386 4715 Ὅρα
3419 4643 3593 4696 τοίνυν
3622 4643 3886 4714 ἐναργῶς,

2317 4739 2468 4801 ὅπως
2495 4738 2646 4790 ἐστὶν
2667 4736 2865 4808 ἀληθὲς
2893 4735 2956 4790 τὸ
2981 4738 3268 4807 εἰρημένον
3296 4735 3446 4807 παρά
3468 4735 3602 4788 Θεοῦ
3641 4737 3772 4806 πρὸς
3798 4737 3890 4790 τὸν

2331 4828 2568 4899 Ἰσραήλο
2635 4847 2653 4878 ι
2694 4831 2806 4882 Καὶ
2833 4827 3111 4892 ἐποτίζετε
3147 4830 3272 4892 τοὺς
3313 4827 3679 4898 ήγιασμένους
3716 4824 3888 4890 οἶνον,

2318 4921 2414 4974 καὶ
2462 4921 2576 4982 τοῖς
2627 4921 2935 4990 προφήταις
2970 4918 3344 4985 ἐνετέλλεσθε,
3379 4918 3650 4987 λέγοντεςο
3708 4918 3782 4974 ού
3817 4919 3892 4990 μή

2317 5009 2756 5082 προφητεύσητε.
2789 5030 2806 5062 ι

2387 5102 2494 5156 Καὶ
2512 5102 2801 5170 ἀπεκρίθη
2839 5100 3046 5172 Ἀμὼς,
3068 5102 3166 5156 καί
3195 5099 3366 5157 εἶπεν
3400 5102 3550 5171 πρὸς
3586 5102 3888 5172 Ἀμασίαν·

2320 5193 2442 5246 Οὐκ
2464 5191 2625 5260 ἤμην
2654 5192 2984 5261 προφήτης,
3019 5192 3161 5247 οὐδὲ
3211 5192 3341 5258 υίὸς
3381 5191 3710 5260 προφήτου,
3753 5189 3894 5245 ἀλλ’

2317 5283 2356 5352 ’ἦ
2379 5285 2628 5348 αἰπόλος
2656 5283 2836 5352 ἤμην,
2860 5282 3071 5343 κνίᾷυν
3092 5282 3434 5352 συκάμηνα.
3469 5283 3577 5337 Καί
3597 5281 3896 5338 ἀνέλαόἐν

2311 5393 2390 5446 με
2424 5377 2640 5443 Κύριος
2672 5375 2740 5428 ἐκ
2773 5373 2890 5428 τῶν
2944 5375 3272 5443 προϐάτων,
3323 5375 3422 5429 καί
3472 5371 3641 5428 εἶπεν
3676 5377 3895 5442 Κύριος

2317 5469 2470 5538 πρός
2520 5485 2634 5538 με·
2683 5466 2925 5533 Βάδιζε,
2977 5467 3077 5521 καί
3138 5466 3562 5536 προφήτευσον
3621 5466 3722 5519 ἐπὶ
3786 5467 3895 5519 τὸν

2316 5557 2484 5616 οἶκον
2541 5559 2808 5627 Ἰσραήλ.
2862 5560 2972 5613 Καὶ
3014 5559 3131 5613 νῦν
3178 5559 3363 5612 ἄκουε
3408 5559 3597 5627 λόγον
3643 5557 3891 5625 Kvpt'ov.

2317 5651 2401 5706 Σὺ
2431 5651 2621 5720 λέγεις
2645 5668 2657 5680 ο
2694 5652 2776 5706 Οὐ
2812 5651 3253 5720 προφητεύσεις
3293 5647 3392 5703 ἐπί
3444 5649 3552 5703 τὸν
3609 5645 3892 5718 Ἰσραὴλ,
