4140 6370
251 427 346 483 5H

1199 428 1744 488 COMMENTARIUS
1781 430 1849 486 IN
1888 428 2074 487 AMOS
2113 426 2555 486 PROPHETAM.

3406 417 3511 473 542

250 552 346 604 καὶ
386 552 459 605 οὺ
486 551 573 621 μὴ
614 551 1051 622 ὀχλαγωτήσῖῑς
1102 549 1200 603 ἐπὶ
1238 552 1347 605 τὸν
1400 548 1568 606 οἷκον
1596 551 1822 607 Ἰακώϐ.

1944 566 1986 602 ιη
2048 552 2160 605 Iura
2198 552 2321 603 dicit
2358 546 2612 601 Dominus
2643 557 2663 598 :
2700 540 2847 595 Uxor
2890 550 2981 594 tua
3004 540 3062 592 in
3113 538 3323 591 ciuitate
3344 534 3511 602 [orni-

251 643 353 697 Διὰ
398 643 573 697 τοῦτο
615 642 758 696 τάδε
808 642 970 711 λέγει
1006 642 1255 709 Κύριος·
1300 642 1362 697 Ἡ
1410 643 1561 713 γυνή
1602 659 1719 697 σου
1756 643 1826 695 ἐν

252 733 325 801 τῇ
360 735 532 789 πόλει
586 735 941 803 πορνεύσει,
985 735 1083 788 καὶ
1121 734 1241 789 υἱοί
1294 749 1411 788 σου
1464 734 1565 789 καὶ
1615 737 1673 787 αἱ
1723 736 1827 787 θυ-

251 825 495 893 γατέρες
540 840 656 880 σου
693 825 762 877 ἐν
804 825 1071 894 ῥομφαίᾳ,
1131 824 1479 878 πεσοῦνται.
1516 824 1625 878 Kal
1656 825 1695 892 ἡ
1747 822 1825 893 γῆ

253 933 368 970 σου
417 917 666 987 σχοινίῳ
715 915 1316 986 καταμετρηθήσεται,
1377 917 1475 969 καὶ
1533 916 1614 969 σὺ
1652 916 1722 968 ἐν
1750 912 1827 983 τῇ

1932 644 2161 703 cubilttr,
2203 652 2246 694 et
2272 640 2369 707 ﬁlii
2392 641 2489 703 lui,
2514 647 2559 690 et
2592 635 2717 703 βιξω
2746 644 2850 686 tua:
2876 633 2930 684 in
2969 630 3160 701 gladios
3201 628 3405 681 cadent.
3443 624 3511 676 Ει

1931 744 2076 784 terra
2097 743 2183 782 tua
2222 728 2456 791 funiculo
2482 722 2891 784 mensurabilur,
2915 728 2963 772 et
2996 721 3047 771 in
3081 727 3221 771 terra
3283 716 3511 767 immun-

1932 822 2000 873 da
2028 820 2289 882 morieris,
2327 816 2498 870 Israel
2524 825 2696 867 autem
2726 812 2961 880 captivus
2990 811 3208 863 ducetur
3261 808 3325 860 de
3373 816 3513 858 terra

1932 930 2049 967 sua.
2095 911 2179 965 Sic
2214 909 2341 962 mihi
2377 906 2596 961 ostendit
2629 904 2904 957 Dominus.

253 1010 566 1079 ἀκαθάρτῳ
612 1009 1027 1077 τελευτήσεις,
1078 1010 1203 1065 όδὲ
1252 1010 1498 1079 Ἰσραὴλ
1559 1009 1931 1079 αἰχμάλωτος
1982 1006 2311 1076 ἀχθήσεται
2380 1001 2496 1058 ἀπὸ
2524 999 2632 1069 τῆς
2691 997 2803 1069 γῆς
2835 995 3042 1051 αὑτοῦ.
3072 993 3269 1058 Οὕτως
3324 987 3516 1052 ἔδειξέ

249 1124 349 1176 μοι
372 1108 605 1175 Κύριος.

329 1201 449 1256 OA’.
477 1201 603 1254 Ὅτε
630 1202 740 1265 τοῖς
761 1201 1059 1255 ἐπιεικέσιν
1080 1202 1127 1253 οἱ
1155 1204 1252 1271 τῆς
1283 1202 1613 1272 φαυλότητος
1642 1202 1829 1268 ἐπιτηο

258 1287 442 1342 δευταὶ
470 1288 568 1351 τὰς
607 1287 793 1359 ὕϐρεις
826 1288 1115 1357 ἐπάγουσι,
1142 1291 1268 1352 τοὺς
1294 1289 1456 1353 ἰδίους
1479 1289 1633 1342 αὑτοὶ
1667 1292 1831 1355 ἐγκα-

259 1378 408 1432 λοῦσι
430 1379 683 1449 τρόπους,
734 1381 829 1434 καὶ
859 1381 969 1433 τῶν
1006 1382 1285 1451 σφετέρων
1333 1381 1745 1451 ἁμαρτημάτων
1770 1379 1831 1432 τὸ

258 1468 489 1531 ἀκαλλὲς
517 1469 833 1536 ἐπάγοντες,
854 1471 877 1522 ὲ
887 1472 1207 1540 μπαροινεῖν
1233 1471 1452 1523 οἴονται.
1473 1468 1832 1539 Διαλελήθασι

258 1558 315 1610 δὲ
356 1559 495 1627 σφᾶς
532 1558 749 1621 αὑτοὺς,
778 1560 1058 1629 μονονουχὶ
1084 1561 1142 1612 ἐν
1177 1560 1365 1613 πίνακι
1396 1562 1715 1631 γράφοντες,
1738 1560 1833 1613 καὶ

260 1646 431 1699 ὁποῖοί
463 1647 606 1710 τινές
639 1649 745 1700 εἱσι
773 1647 1251 1712 καταδεικνύοντες
1275 1650 1387 1713 τοῖς
1435 1650 1634 1713 ἄλλοις.
1663 1648 1833 1702 Τοῦτό

258 1756 311 1791 τι
340 1739 579 1793 παθόντα
602 1742 720 1794 νυνὶ
736 1740 825 1794 τὸν
840 1741 1189 1813 ἀπόπληκτον
1220 1742 1484 1812 Ἀμασίαν
1507 1742 1831 1813 εὑρήσομεν.

2008 1193 2194 1249 LXXI.
2223 1191 2449 1259 Quando
2486 1186 2643 1242 bonis
2696 1182 3058 1254 improbitatis
3111 1187 3515 1235 consectatorcs

1936 1284 2622 1351 contumeliasimponunt,
2652 1291 2780 1332 suos
2839 1277 3077 1345 ipsorum
3122 1285 3299 1325 mores
3356 1285 3513 1324 accu-

1936 1384 2079 1441 sant,
2101 1387 2431 1443 suorumque
2487 1378 2832 1440 peccatorum
2896 1363 3285 1432 turpitudinem
3335 1361 3512 1428 palam

1940 1467 2241 1530 facientes,
2293 1478 2413 1519 sese
2478 1474 2677 1516 nocere
2737 1457 3091 1512 arbitrantur.
3158 1451 3372 1505 Fallunt
3422 1466 3515 1503 au-

1941 1569 2046 1614 tem
2101 1556 2460 1625 semetipsos,
2510 1563 2564 1607 et
2605 1550 2759 1621 quasi
2818 1549 2871 1603 in
2919 1545 3097 1601 tabula
3163 1543 3350 1613 quales
3409 1542 3516 1596 sint

1940 1648 2311 1718 depingentes,
2349 1644 2470 1699 aliis
2493 1656 2612 1698 sese
2634 1639 2945 1697 ostendunt.
2997 1634 3053 1689 ιιι
3090 1650 3231 1689 nunc
3268 1632 3516 1687 accidere

1942 1737 2142 1793 amenti
2174 1736 2299 1789 huic
2341 1732 2577 1787 Amasis:
2626 1728 2923 1785 cernimus.
2977 1724 3114 1779 Cum
3166 1722 3311 1775 enim
3371 1727 3515 1774 esset

260 1832 727 1904 Ψευδοπροφήτης
775 1835 884 1904 γάρ
943 1833 1055 1898 ὢν,
1116 1835 1211 1888 καὶ
1271 1837 1385 1895 τοῖς
1442 1834 1550 1887 τῶν
1603 1833 1834 1886 εἰδώλων

1944 1828 2427 1900 pseudoprophela,
2492 1825 2828 1891 deorumque
2878 1819 2991 1872 aris
3042 1815 3331 1878 assideret,
3396 1828 3517 1883 par-

260 1923 637 1994 προσεδρεύων
687 1923 908 1993 βωμοῖς,
950 1925 1099 1979 κῶλά
1145 1942 1204 1979 τε
1264 1924 1534 1992 συλλέγων
1576 1924 1669 1978 καὶ
1722 1922 1830 1975 τῶν

262 2015 615 2085 σφαζομένων
666 2018 732 2069 τὰ
784 2015 1031 2086 λείψανα,
1090 2017 1185 2071 καὶ⁹
1231 2016 1536 2087 λημμάτων
1584 2014 1830 2085 αἰσχρῶν

261 2105 531 2172 ἀχαλίνως
559 2104 903 2175 ἡττώμενος,
954 2105 1332 2170 κατωνείδιζεν
1365 2106 1455 2159 τὸν
1501 2104 1705 2175 Ἀμὼς,
1738 2104 1832 2157 καὶ

265 2198 440 2250 ἰδόντα
480 2197 576 2267 μὲν
622 2196 846 2266 ἔφασκε,
884 2198 981 2268 τῆς
1020 2197 1331 2268 Σαμαρείας
1363 2198 1684 2266 ἀποφοιτᾷν,
1738 2196 1829 2247 ἐκ·

261 2293 459 2363 χωρεῖν
487 2292 564 2355 δὲ,
590 2294 638 2343 εί
680 2291 942 2361 βούλοιτο,
989 2292 1069 2355 είς
1106 2292 1208 2361 γῆν
1251 2289 1438 2353 Ἰούδα,
1465 2290 1558 2341 καὶ
1588 2289 1704 2341 ἐκεῖ
1735 2303 1833 2339 κα-

261 2379 502 2435 ταϐιοῦν.
586 2381 733 2434 Ἐκεῖ
780 2380 888 2451 γὰρ
956 2379 1346 2450 ψευδοεπήσεις
1407 2377 1681 2442 εὐκόλως,
1739 2376 1835 2429 καὶ

265 2471 629 2541 συναρπάζων
677 2472 925 2536 πολλοὺς,
948 2473 1136 2542 ὲρανιῇ
1170 2470 1240 2524 τὰ
1284 2469 1422 2541 πρὸς
1457 2469 1548 2522 τὸν
1574 2467 1706 2538 βίον,
1739 2468 1835 2520 καὶ

267 2562 465 2631 μᾶλλον
502 2560 755 2630 εὑοήσεις
805 2560 872 2613 τά
915 2561 1157 2631 ζωαρκῆ.
1193 2560 1522 2622 Καταϐίου,
1572 2556 1837 2611 τοιουτονί

262 2670 385 2707 τινα
424 2652 755 2723 ὑτέεμςοαίνει
791 2652 882 2705 τὸν
921 2652 1066 2706 νοῦν.
1108 2651 1246 2706 Ἀλλ’
1274 2652 1356 2705 ὅτι
1386 2651 1459 2722 μὴ
1492 2650 1733 2712 τοιοῦτος
1758 2649 1836 2719 τῷ

266 2744 517 2815 προφήτῃ
552 2744 773 2807 σκοπὸς,
799 2746 933 2814 μήτε
970 2742 1074 2814 μὴν
1121 2746 1200 2807 εἰς
1245 2742 1587 2813 φιλοκερδίαν
1619 2741 1793 2813 βλέπῃ
1817 2781 1833 2807 ,

264 2835 600 2899 δεσποτικοῖς
616 2836 670 2889 δὲ
691 2835 889 2906 μᾶλλον
910 2836 1124 2889 ὑπείκει
1147 2835 1271 2907 θελή
1280 2851 1433 2907 μασι,
1464 2836 1559 2888 καὶ
1583 2833 1836 2903 ταύτητοι

266 2928 365 2995 τὴν
413 2928 693 2997 προφήτου
739 2928 1017 2981 διακονίαν
1076 2928 1401 2998 ἀποπληροῖ,
1450 2927 1708 2997 πειρᾶται
1754 2925 1836 2977 δι-

297 3020 505 3079 άσκειν,
542 3017 634 3069 καὶ
663 3016 781 3069 λίαν
816 3015 1091 3079 ἐπιεικῶς,
1126 3019 1297 3070 ἐκεῖνο
1348 3015 1543 3084 λέγων,
1591 3016 1665 3079 ὡς
1715 3014 1837 3067 οὔτε

268 3106 553 3176 προφήτης
582 3102 669 3177 ἧν,
695 3106 817 3160 οὔτε
842 3108 949 3179 μὴν
974 3108 1255 3178 προφήτου
1279 3107 1499 3176 γέγονεν
1530 3108 1663 3169 υἱὸς,
1697 3106 1839 3159 κατά

1942 1933 2130 1992 tesque
2177 1930 2230 1975 et
2264 1920 2435 1973 frusta
2475 1917 2816 1971 victimarum
2837 1910 3135 1978 colligeret,
3191 1917 3246 1962 et
3288 1922 3315 1960 a
3376 1907 3517 1972 turpi

1939 2024 2144 2083 qttmstu
2179 2011 2351 2065 libens
2402 2025 2465 2062 ac
2506 2005 2691 2060 volens
2746 2005 3068 2063 vinceretur,
3119 1997 3519 2052 conviciabatur

1940 2106 2125 2168 Amos,
2144 2110 2198 2157 et
2232 2117 2263 2157 e
2297 2098 2543 2154 Samaria
2575 2097 2849 2151 videntem
2889 2088 3429 2156 discederejubebal,
3464 2094 3519 2140 et

1941 2196 2119 2261 abire,
2160 2194 2203 2248 si
2249 2193 2433 2256 vellet,
2466 2191 2518 2243 in
2544 2199 2744 2244 terram
2776 2184 2934 2249 Juda,
2958 2192 3012 2238 et
3042 2183 3110 2236 ibi
3136 2182 3303 2233 vitam
3337 2192 3518 2248 agere.

1941 2285 2057 2339 Illic
2082 2284 2225 2337 enim
2251 2283 2405 2336 facile
2438 2279 2737 2342 mentieris,
2772 2275 2967 2345 inquit,
2993 2284 3046 2327 et
3071 2271 3344 2341 decipiens
3381 2268 3519 2323 mul-

1943 2388 2045 2439 tos,
2078 2375 2201 2428 vitae
2225 2375 2529 2428 necessaria
2560 2369 2891 2439 corrogabis,
2919 2376 2972 2419 et
3006 2365 3176 2434 magis
3208 2364 3275 2417 ibi
3310 2362 3516 2416 victum

1941 2484 2039 2537 per
2071 2466 2235 2519 vitam
2268 2465 2620 2518 sullicientem
2686 2461 2947 2514 invenies.
2981 2454 3165 2509 Talem
3231 2454 3519 2521 quemdam

1942 2572 2158 2614 sensum
2187 2555 2336 2619 illud,
2367 2556 2482 2607 ἐκεῖ
2521 2550 2809 2615 καταόίου,
2832 2549 2940 2602 illic
3001 2549 3128 2610 vive,
3160 2544 3521 2599 subusteudit.

1942 2648 2107 2720 329
2134 2648 2328 2701 Verum
2374 2643 2637 2713 propheta
2690 2655 2797 2694 non
2840 2638 2982 2692 hunc
3026 2636 3126 2689 sibi
3167 2634 3338 2687 fuisse
3403 2648 3521 2686 sco-

1943 2756 2092 2811 pum,
2128 2752 2308 2807 neque
2332 2751 2391 2791 se
2449 2735 2515 2789 ad
2548 2740 2811 2803 qumstum
2852 2729 3144 2798 respicere,
3200 2728 3292 2780 sed
3347 2724 3522 2794 potius

1948 2826 2155 2884 Domini
2181 2824 2442 2881 voluntati
2468 2824 2876 2891 obsequentem,
2908 2816 3263 2871 ministerium
3289 2813 3521 2883 prophe-

1948 2918 2499 2989 tzeimplere,docere
2531 2915 2741 2976 nititur,
2789 2913 2950 2980 idque
3008 2909 3331 2969 rectissime,
3387 2905 3517 2959 illud

1947 3016 2129 3068 dicens
2161 3029 2173 3064 :
2212 3026 2271 3067 se
2302 3024 2475 3078 neque
2500 3006 2817 3076 prophetam
2844 3017 2983 3063 esse,
3038 3016 3211 3069 neque
3251 2996 3524 3067 prophetae

1947 3102 2140 3167 filium,
2182 3108 2273 3154 aut
2305 3107 2560 3165 tanquam
2591 3092 2909 3163 discipulum
2936 3104 3176 3159 prorsus,
3208 3095 3300 3139 aut
3328 3101 3515 3140 secun-

271 3198 569 3269 μαθητείαν
615 3200 669 3252 δὲ
721 3201 958 3264 πάντως,
998 3202 1165 3272 ἤγουν
1213 3201 1353 3254 κατά
1388 3201 1627 3270 πνεῦμα,
1674 3201 1839 3269 φημὶ,

1947 3193 2069 3245 dum
2109 3187 2653 3258 spiritum,inquam,
2701 3184 2843 3236 sicut
2892 3180 3147 3234 nimirum
3205 3186 3261 3230 et
3323 3176 3525 3230 Eliseus

268 3287 519 3358 καθάπερ
547 3288 737 3357 ἀμέλει
785 3289 879 3341 καὶ
920 3288 1190 3342 Ἐλισσαιὲ
1239 3289 1332 3342 τοῦ
1372 3289 1573 3342 Ἠλίου.
1609 3287 1753 3340 Ἀλλ’
1773 3284 1842 3357 ἦν

271 3378 370 3446 μὲν
393 3377 633 3440 αἰπόλος,
661 3377 917 3447 ἄγροικόν
944 3396 1003 3431 τε
1030 3380 1122 3432 καὶ
1156 3380 1355 3450 ἁπλῆν,
1386 3380 1481 3432 καὶ
1536 3380 1844 3449 ἀκακουργ)⁴

272 3468 527 3539 βιοτεύων
584 3467 751 3538 ζωὴν,
802 3470 958 3537 ὀλίγα
1004 3470 1060 3523 δὲ
1114 3470 1395 3535 παντελῶς
1424 3472 1491 3525 τὰ
1534 3473 1608 3534 εἰς
1640 3471 1845 3542 τροφὴν

270 3558 428 3628 ἔχων,
467 3557 562 3611 καὶ
617 3561 729 3620 τοῖς
764 3558 822 3624 ἐξ
871 3558 1054 3630 ἀγρῶν
1099 3559 1469 3631 ἀρκούμενος,
1522 3562 1558 3614 ἃ
1608 3562 1745 3632 μηδὲ
1775 3560 1842 3614 ἂν

270 3651 491 3720 πρίαιτό
523 3667 629 3714 τις,
683 3650 856 3704 ταῦτα
886 3651 942 3704 δὲ
992 3646 1060 3722 ἦν
1112 3653 1404 3723 συκάμινα.
1460 3654 1704 3723 Σχολαῖοι
1735 3653 1843 3727 γὰρ

268 3743 421 3805 ὄντες
454 3740 562 3794 τῶν
594 3742 857 3811 ποιμνίων
894 3744 942 3795 οξ
988 3744 1297 3810 ἐπιστάται,
1342 3745 1441 3809 τάς
1476 3745 1587 3797 τῶν
1615 3746 1845 3817 δένδρων

272 3834 430 3896 σκιὰς
460 3833 836 3903 ὑποτρέχουσι,
871 3835 965 3887 καὶ
984 3836 1052 3889 τὰ
1076 3837 1138 3888 ὲκ
1166 3836 1265 3907 τῆς
1295 3837 1494 3906 ἀργίας
1524 3838 1845 3909 ἐγκλήματα

274 3927 555 3997 μονονουχὶ
583 3925 990 3992 διαπαίζοντες,
1030 3929 1275 3998 καρποὺς
1330 3930 1716 3993 ἀποκνίζουσι,
1751 3930 1847 3983 καὶ

269 4018 366 4088 τῆς
391 4017 625 4088 γαστρὸς
650 4017 745 4089 τὴν
764 4018 1029 4090 ἀνάγκην,
1048 4019 1123 4084 ὡς
1146 4019 1211 4073 ἂν
1232 4020 1502 4089 ἐνδέχοιτο
1522 4019 1848 4092 Θεραπεύου-

272 4127 375 4163 σιν.
420 4109 559 4162 Ἀλλ’
593 4108 694 4180 ἐμὲ
752 4109 871 4179 μὲν,
926 4110 1113 4181 φησὶν,
1153 4112 1211 4164 ὲν
1252 4109 1464 4174 τούτοις
1518 4110 1675 4173 ὄντα,
1716 4111 1848 4174 Θεὸς

269 4201 413 4255 κατὰ
443 4203 504 4255 τὸ
534 4199 680 4271 αὑτῷ
702 4200 893 4255 δοκοῦν
923 4203 1160 4255 ἐποιεῖτο
1190 4203 1497 4274 προφήτην,
1527 4203 1754 4265 καὶτοῖς
1789 4200 1849 4266 ἐξ

269 4292 500 4361 αἵματος
551 4292 769 4364 Ἰσραὴλ
822 4294 890 4347 τὰ
937 4295 1025 4347 ἐπ’
1060 4294 1258 4358 αὑτοὺς
1313 4295 1541 4366 ἥκοντα,
1594 4295 1689 4348 καὶ
1726 4295 1849 4348 ὅσον

268 4382 422 4437 οὑπω
473 4383 704 4453 ἐσόμενα
747 4383 1066 4455 διατρανοῦν
1110 4385 1346 4441 ἐκέλευε.
1397 4386 1468 4439 Σὺ
1513 4386 1569 4439 δὲ
1598 4389 1711 4450 τοῖς
1738 4386 1850 4440 ἀνω

271 4489 530 4544 νεύμασιν
557 4474 863 4542 ἀντεξάγων
894 4474 963 4527 τά
984 4479 1071 4535 σὰ,
1106 4477 1318 4547 σιωπᾷν
1340 4477 1669 4541 ἐπιτάττεις.
1706 4475 1846 4529 Ταύ-

267 4540 425 4636 τῃτοι
448 4562 636 4617 λοιπὸν
674 4540 799 4617 τάδε
822 4563 969 4633 λέγει
999 4564 1223 4636 Κύριος·
1316 4567 1380 4620 Ἦ
1408 4567 1545 4639 γυνή
1576 4585 1669 4620 σου
1692 4568 1751 4621 ὲν
1776 4570 1842 4640 τῇ
1875 4540 1924 4597 D

268 4658 423 4709 πόλει
480 4656 788 4725 πορνεύσει,
823 4674 842 4707 ι
893 4654 1052 4725 δῆλον
1098 4656 1156 4709 δὲ
1210 4657 1292 4710 ὅτι
1322 4659 1445 4721 ταῖς
1477 4658 1586 4711 τῶν
1638 4658 1847 4713 πόλεων

270 4748 489 4818 ὕϐρεσιν
520 4744 923 4808 ὑποπίπτουσα,
967 4747 1060 4799 καὶ
1088 4747 1150 4799 τὸ
1178 4748 1413 4820 ἀκρατὲς
1441 4750 1521 4813 εἰς
1557 4749 1846 4818 ἀσέλγειαν

267 4839 377 4891 τῶν
406 4837 639 4908 ἑχόντων
674 4836 845 4907 αὑτὴν
877 4836 953 4900 ὡς
974 4837 1031 4902 ἐξ
1061 4838 1306 4908 ἀνάγκης
1341 4840 1704 4910 ὑφισταμένη.
1730 4841 1847 4893 Κα-

266 4930 707 5001 ταφθαρήσονται
729 4931 787 4985 δὲ
812 4932 906 4986 καὶ
934 4932 1002 4986 τὰ
1027 4932 1210 4996 τέκνα,
1263 4931 1534 5003 ῥομφαίας
1560 4932 1721 5003 ἔργον
1754 4948 1847 5001 γε-

268 5037 400 5091 γενη
415 5020 572 5089 μένα.
605 5020 715 5073 Καὶ
742 5020 879 5091 πρός
909 5037 973 5088 γε
1000 5021 1063 5091 δὴ
1096 5020 1290 5091 τούτῳ,
1324 5041 1342 5072 ι
1364 5022 1431 5074 Ἦ
1457 5022 1527 5092 γῆ
1565 5038 1656 5074 σου
1681 5039 1849 5075 κατα-

273 5110 677 5182 μετρηθήσεται
703 5113 975 5182 σχοινίοις,
1006 5132 1023 5163 ι
1052 5112 1348 5175 τουτέστιν,
1374 5112 1645 5182 ὁπότερος
1669 5113 1843 5178 ἔσται,

270 5204 363 5258 καὶ
387 5203 691 5257 συντελέσει
715 5204 953 5274 δασμοὺς
978 5204 1055 5275 τῷ
1084 5206 1471 5276 κεκρατηκότι.
1512 5208 1583 5260 Σὺ
1623 5207 1677 5260 δὲ
1710 5207 1847 5277 πρὸς

269 5295 482 5360 τούτοις
521 5298 549 5350 ὁ
597 5296 693 5349 νῦν
744 5297 1010 5368 οἰόμενος,
1038 5298 1193 5366 φησὶ,
1221 5297 1327 5367 γῆν
1360 5297 1521 5366 ἁγίαν
1554 5300 1720 5352 οἰκεῖν
1749 5299 1847 5368 τὴν

276 5386 494 5456 natent,
545 5387 642 5439 καὶ
687 5387 935 5457 ἀγίασμα
996 5386 1255 5456 βασιλέως
1307 5388 1486 5458 ἔχειν,
1544 5388 1698 5460 βαδιῇ
1748 5390 1846 5459 μὲν

270 5475 637 5546 αἰχμάλωτος,
666 5476 957 5547 ἐντεθνήξῃ
984 5476 1042 5528 δὲ
1068 5478 1178 5540 τοῖς
1206 5480 1416 5541 κακοῖς,
1433 5478 1531 5547 οὑχ
1548 5478 1845 5549 ὑπονοστή-

274 5585 370 5631 σας
395 5568 492 5621 ἔτι.
527 5568 651 5631 Πῶς
682 5568 810 5639 γὰρ,
836 5568 868 5638 ἢ
892 5568 1074 5633 πόθεν,
1100 5568 1538 5641 ἀπομεμενηκὼς
1570 5570 1763 5639 νεκρὸς
1789 5571 1846 5622 ὲν

271 5657 545 5728 ἀλλοδαπῇ
601 5674 663 5711 τε
719 5658 814 5712 καὶ
874 5657 1171 5728 ἀκαθάρτῳ
1234 5660 1305 5729 γῇ
1364 5658 1474 5711 τῶν
1534 5658 1842 5729 πολεμίων;

274 5749 565 5819 Οἱχήσεται
587 5748 646 5801 δὲ
681 5749 773 5803 καὶ
812 5749 975 5813 αὐτὸς
1002 5749 1345 5820 αἰχμάλωτος
1390 5752 1419 5803 ὁ
1462 5750 1698 5820 Ἰσραὴλ,
1732 5751 1759 5802 ὁ
1788 5752 1846 5804 σὲ

276 5841 580 5913 προφήτην,
615 5841 707 5894 καὶ
735 5841 1029 5913 ἐπιστάτην
1072 5842 1181 5897 τῶν
1235 5842 1402 5911 ἁγίων
1451 5841 1841 5913 ἀνῦῃρημένος.

1944 3283 2092 3338 Eliaa.
2135 3280 2241 3333 Sed
2271 3287 2385 3333 erat
2413 3276 2632 3345 quidem
2658 3269 2958 3339 caprarius,
3012 3270 3176 3320 vitam
3240 3265 3522 3335 rusticam,

1943 3372 2264 3440 simplicem,
2326 3375 2382 3421 et
2419 3365 2599 3420 onmis
2657 3361 2908 3417 maleﬁcii
2977 3368 3252 3427 expertem
3300 3356 3524 3422 degens,

1944 3465 2087 3517 victu
2119 3470 2297 3514 autem
2340 3455 2585 3528 pertenui
2639 3468 2699 3508 se
2759 3461 3095 3513 sustentans,
3152 3458 3207 3501 et
3232 3454 3523 3501 contentus

1945 3555 2010 3609 iis
2054 3567 2171 3623 quae
2219 3550 2330 3605 ruri
2382 3556 2709 3608 nascuntur,
2765 3558 2887 3615 qua:
2936 3556 3035 3595 nec
3090 3539 3351 3595 venderet
3374 3538 3524 3607 quis-

1945 3660 2139 3715 quam;
2182 3658 2243 3696 ea
2281 3656 2411 3695 vero
2458 3648 2613 3693 erant
2649 3634 2938 3707 sycomori.
2993 3630 3258 3702 Vagantes
3296 3643 3526 3697 namque

1946 3751 2202 3807 pecorum
2229 3730 2495 3802 magistri,
2546 3729 2801 3784 arborum
2852 3726 3072 3780 umbras
3120 3724 3436 3787 subeuntes,
3470 3729 3526 3777 et

1945 3829 2075 3883 vitia
2128 3842 2195 3882 ex
2239 3827 2351 3881 otio
2403 3823 2670 3879 exsistere
2729 3819 2885 3875 solita
2940 3818 3092 3888 quasi
3153 3815 3517 3879 ludificantes,

1946 3922 2152 3976 fructus
2209 3917 2495 3981 vellicant,
2550 3923 2606 3969 et
2656 3920 2901 3967 ventrem
2958 3925 3055 3977 pro
3096 3908 3353 3962 facultate
3409 3904 3526 3973 pla-

1946 4024 2087 4071 cant.
2111 4010 2308 4066 Verum
2336 4022 2437 4071 me,
2474 4006 2668 4075 inquit,
2746 4005 2800 4058 in
2858 4002 2943 4057 his
2987 4007 3328 4069 occupatum,
3384 3995 3526 4051 Deus

1947 4119 2044 4175 pro
2073 4102 2337 4156 arbitratu
2366 4110 2465 4151 suo
2493 4094 2808 4165 prophetam
2847 4089 2993 4155 fecit,
3041 4096 3096 4143 et
3150 4084 3404 4140 lsraelitis
3459 4086 3525 4139 ad

1948 4210 2041 4250 eos
2076 4189 2419 4264 pertinentia,
2452 4197 2508 4242 et
2565 4198 2689 4239 mox
2745 4191 3006 4237 eventura
3039 4192 3310 4248 exponere
3341 4175 3525 4244 jussit.

1949 4285 2028 4341 Tu
2056 4294 2234 4339 autem
2262 4279 2515 4351 supernis
2543 4276 2764 4332 nutibus
2814 4272 2959 4327 velut
3000 4271 3172 4324 aciem
3220 4280 3520 4338 opponens,

1950 4380 2113 4437 silere
2137 4377 2314 4446 jubes.
2355 4370 2696 4429 ldcircohaec
2738 4367 2993 4434 deinceps
3050 4364 3181 4419 dicit
3228 4362 3521 4416 Dominus:

1957 4486 1977 4521 ι
2015 4466 2168 4524 Uxor
2208 4476 2295 4521 tua
2326 4464 2378 4518 in
2434 4460 2654 4516 civitate
2696 4455 3074 4521 fornicabitur,
3122 4472 3142 4506 ι
3193 4452 3310 4507 sine
3363 4450 3525 4505 dubio

1950 4560 2171 4617 urbanis
2199 4553 2550 4614 contumeliis
2579 4565 2639 4605 se
2690 4547 3039 4611 submittens,
3099 4554 3154 4599 et
3192 4544 3526 4599 incontineno

1952 4654 2083 4709 tiam
2119 4648 2361 4705 libidinis
2396 4642 2705 4700 habentium
2766 4640 2940 4709 ipsam
2981 4637 3111 4692 velit
3167 4636 3303 4690 nolit
3359 4634 3527 4705 perfe-

1948 4759 2093 4799 rens.
2116 4741 2418 4795 Perdentur
2441 4743 2620 4788 autem
2651 4730 2742 4785 lilii
2769 4744 2983 4801 quoque
3020 4745 3050 4784 a
3070 4728 3377 4799 rhomphma
3400 4742 3527 4782 con-

1950 4819 2180 4903 sumpti.‘
2197 4832 2259 4885 Et
2290 4831 2531 4900 insuper,
2560 4847 2579 4881 ι
2615 4837 2757 4883 terra
2808 4840 2887 4884 :ua
2919 4822 3136 4877 funibus
3189 4818 3527 4875 mensurabi-

1951 4936 2058 4990 tur,
2094 4943 2114 4977 ›
2147 4926 2198 4979 id
2225 4933 2327 4987 est,
2362 4922 2575 4977 subdita
2601 4923 2727 4986 erit,
2792 4929 2847 4974 et
2897 4917 3141 4973 conferet
3194 4916 3392 4970 tributa
3446 4914 3521 4967 illi

1949 5017 2043 5088 qui
2076 5032 2193 5070 eam
2232 5014 2527 5082 subegerit.
2572 5012 2649 5066 Tu
2683 5020 2861 5065 autem
2893 5009 3099 5073 adhazc,
3154 5010 3244 5076 qui
3279 5022 3425 5061 nunc
3474 5014 3525 5059 te

1949 5116 2107 5176 putas
2135 5115 2379 5159 sanctum
2417 5104 2615 5159 habere
2656 5101 2860 5164 Bethel,
2882 5110 2936 5154 et
2970 5109 3214 5155 sanctum
3246 5099 3401 5168 regis
3427 5098 3525 5151 ha-

1949 5201 2100 5259 bere,
2133 5197 2307 5251 abibis
2331 5196 2599 5264 captivus,
2628 5204 2681 5249 et
2710 5193 2960 5247 morieris
2990 5192 3042 5245 in
3084 5188 3363 5253 aerumnis,
3418 5204 3524 5242 non

1951 5288 2469 5357 reversusamplius.
2525 5285 2805 5353 Quomodo
2853 5284 3018 5346 enim,
3048 5291 3141 5337 aut
3196 5283 3357 5344 unde,
3403 5296 3523 5335 cum

1951 5381 2212 5435 manseris
2234 5390 2478 5433 mortuus
2503 5378 2554 5432 iu
2586 5379 2805 5448 regione
2838 5376 3142 5446 peregrina,
3163 5383 3215 5429 et
3245 5374 3520 5427 immunda

1950 5482 2093 5529 terra
2137 5470 2413 5527 hostium?
2453 5469 2698 5525 Discedet
2748 5479 2803 5523 et
2867 5468 2982 5537 ipse
3036 5466 3199 5522 Israel
3253 5457 3529 5535 captivus;

1948 5566 2038 5634 qui
2066 5572 2117 5617 te
2144 5564 2479 5633 prophetam,
2507 5550 2562 5616 εἰ
2582 5559 2892 5630 praefectum
2916 5572 3192 5613 sacrorum
3211 5572 3275 5612 ex
3295 5556 3526 5611 adverso

1948 5658 2129 5726 elegit.
2167 5656 2259 5709 Est
2280 5668 2409 5721 ergo
2439 5651 2662 5721 periculi
2703 5652 2917 5721 plenum
2973 5649 3156 5705 divino
3196 5649 3347 5703 nutui
3389 5647 3525 5703 resi-

1948 5742 2905 5809 sterc,etinconsiderateincedere,
2969 5750 3026 5794 ct
3076 5750 3262 5794 vetare
3305 5748 3524 5795 sanctos

1950 5853 2066 5908 quae
2125 5837 2232 5892 Deo
2284 5835 2495 5903 placent
2543 5833 2910 5907 interpretari,
2962 5830 3156 5901 quibus
3199 5838 3254 5887 et
3297 5830 3364 5884 ab
3410 5828 3525 5895 ipso
