4140 6370
644 414 748 465 51ιῦ

1678 407 1734 460 S.
1778 407 2052 464 CYRILLI
2089 409 2564 467 ALEXANDRINI
2605 409 2927 468 ABCHIEP.

3785 413 3890 469 εει

644 523 838 577 dictum
869 530 988 576 est:
1021 541 1041 575 ι
1073 521 1174 589 Qui
1205 521 1506 592 tangitvos,
1530 523 1682 590 quasi
1731 525 1822 592 qui
1856 527 2028 595 tangit
2050 525 2215 596 pupil-

2325 527 2572 580 Χαλεπὸν
2597 521 2691 581 οῦν
2725 526 2833 597 ἄρα
2881 525 2944 578 τὸ
2995 527 3108 588 τοῖς
3141 521 3305 587 θείοις
3358 523 3739 593 ἀντιπράττειν
3784 525 3901 580 νεύ-

642 621 742 665 tam
768 614 910 665 oculi
934 612 1050 681 ejus
1071 615 1136 666 ¹².
1182 633 1201 668 ι

2325 634 2480 687 μασι,
2511 619 2601 670 καὶ
2625 618 3047 687 ἀπερισκέπτως
3086 618 3246 681 ἰέναι,
3286 617 3380 669 καὶ
3429 615 3606 683 ἁγίοις
3649 617 3904 687 ἐπιτιμᾷν

645 707 703 758 τὰ
733 706 851 776 Θεῷ
888 707 1150 762 δοκοῦντα
1196 707 1660 779 διερμηνεύουσινσ
1718 705 1799 772 οἷς
1845 712 1938 764 καὶ
1988 711 2200 781 εἴρηται
2240 713 2371 782 παρ’
2425 711 2614 764 αὑτοῦ·
2655 731 2672 763 ι
2702 712 2813 765 Καὶ
2869 710 3022 764 ἔσται
3050 711 3079 762 6
3120 709 3425 779 ἁπτόμενος
3458 708 3610 780 ὑμῶν
3639 709 3713 772 ὡς
3740 707 3905 761 ἀπτό-

641 815 799 868 μενος
825 798 925 869 τῆς
954 799 1122 871 κόρης
1160 800 1254 854 τοῦ
1284 800 1561 870 ὀφθαλμοῦ
1593 801 1775 855 αὐτοῦ.
1809 821 1828 854 ι

709 893 951 949 Observa
983 906 1166 950 autem
1200 899 1652 965 quemadmodum
1691 899 1829 953 idem
1867 900 2011 967 finis,
2044 910 2098 955 et
2126 902 2221 954 ad-

643 986 932 1041 miratione
964 987 1160 1058 dignus
1193 989 1398 1042 sanctis
1430 990 1497 1042 sit
1525 991 1858 1059 propositus,
1894 1002 1951 1046 ut
1979 993 2070 1046 Dei
2099 1008 2220 1048 vcr-

643 1079 744 1140 bis,
788 1081 1029 1146 inquam,
1073 1079 1206 1133 citra
1254 1079 1752 1136 reformidationem
1795 1083 2218 1147 inserviendum,

643 1179 695 1224 et
748 1173 980 1224 humana
1040 1173 1477 1241 parvipendenda
1531 1176 1877 1240 existiment,
1926 1175 2140 1230 tametsi
2189 1191 2219 1229 a

641 1261 962 1329 quibusdam
993 1261 1096 1315 illis
1148 1260 1286 1315 bella
1355 1272 1406 1317 et
1468 1263 1842 1317 tribulatioues
1897 1262 2220 1316 inferantur.

645 1351 838 1407 Beatus
871 1353 1012 1408 enim
1057 1353 1242 1418 Amos,
1278 1365 1584 1424 contempta
1631 1355 1924 1408 stoliditate
1967 1355 2220 1417 Atnasite,

644 1459 748 1498 non
771 1443 945 1498 solum
980 1460 1084 1497 nou
1119 1445 1404 1508 conticuit,
1433 1447 1526 1500 sed
1554 1446 1773 1513 insuper
1803 1443 1968 1514 330
1997 1455 2220 1499 strenue

644 1533 1091 1602 imprecationetn
1149 1533 1202 1587 in
1266 1534 1417 1588 illum
1479 1537 1765 1591 contorsit.
1816 1536 1996 1588 Divini
2055 1535 2216 1588 etiam

644 1624 914 1692 discipuli,
948 1639 1070 1678 cum
1102 1625 1383 1689 Pharisaei,
1414 1635 1466 1679 el
1506 1624 1709 1679 Seribte
1734 1626 2023 1694 aliquando
2053 1624 2220 1677 silen-

2413 895 2694 966 Ἐπιτήρει
2747 896 2803 948 δὲ
2850 896 2999 959 ὅπως
3059 891 3140 958 εἷς
3193 912 3255 948 τε
3305 895 3400 948 καὶ
3443 893 3768 961 ἀξιάγαστος
3797 898 3908 960 τοῖς

2323 985 2498 1054 ἁγίοις
2529 988 2753 1049 σκοπὸς,
2799 986 2860 1040 τὺ
2907 988 3128 1058 χρῆναι,
3170 985 3334 1057 φημὶ,
3376 987 3488 1048 τοῖς
3532 986 3624 1038 τοῦ
3654 987 3788 1039 Θεοῦ
3823 987 3902 1040 λό-

2322 1096 2439 1146 γοις
2469 1080 2854 1143 ἀνυποστόλως
2901 1080 3216 1150 ὑπηρετεῖν,
3245 1078 3342 1132 καὶ
3395 1079 3525 1148 παρ’
3556 1078 3706 1131 οὐδὲν
3733 1082 3902 1132 ποιεῖ-

2325 1167 2448 1220 σθαι
2493 1169 2561 1221 τὰ
2615 1168 2972 1238 ἀνθρώπινα,
3024 1169 3128 1222 κᾶν
3159 1170 3208 1220 εἰ
3261 1166 3529 1238 πολέμους
3589 1169 3774 1230 αὐτοῖς
3809 1168 3900 1220 καὶ

2325 1258 2537 1327 θλίψεις
2601 1258 2904 1331 ἐπιφέρωσι
2962 1275 3126 1321 τινες.
3196 1259 3254 1310 '0
3314 1258 3413 1329 μὲν
3475 1257 3581 1329 γὰρ
3640 1258 3907 1329 μακάριος

2342 1349 2521 1418 Ἀμὼς
2543 1350 2818 1421 ἀλογήσας
2840 1347 3117 1412 παντελῶς
3145 1350 3244 1418 τῆς
3272 1348 3533 1419 Ἀμασίου
3571 1349 3908 1420 σκαιότητος,

2323 1442 2422 1511 οὐχ
2442 1442 2588 1504 ὅπως
2625 1440 2939 1510 σεσίγηκεν,
2979 1439 3119 1493 ἀλλά
3151 1441 3247 1493 καὶ
3287 1441 3387 1508 τὴν
3412 1440 3502 1492 ἐπ’
3534 1439 3684 1510 αὐτῷ
3712 1440 3911 1510 κατάρ-

2323 1536 2482 1605 ρησιν
2515 1535 2748 1586 ἐποιεῖτο
2774 1531 3055 1595 νεανικῶς.
3080 1531 3214 1584 Οἱδέ
3241 1549 3304 1600 γε
3341 1531 3620 1586 θεσπέσιοι
3650 1531 3908 1603 μαθηταὶ,

2323 1627 2536 1695 σιωπᾷν
2578 1625 2764 1688 αὐτοῖς
2785 1625 3234 1696 προστεταχότων
3275 1623 3404 1676 ποτὲ
3448 1624 3558 1678 τῶν
3603 1623 3911 1695 Φαρισαίων

645 1715 777 1768 tium
819 1716 952 1785 ipsis
988 1715 1363 1785 imperassent,
1403 1727 1590 1784 aperte
1651 1717 1947 1772 dixerunt:
1991 1735 2009 1767 ι
2045 1716 2100 1770 Si
2128 1715 2217 1786 ju-

2325 1719 2419 1770 κα“ι
2466 1717 2864 1787 Γραμματέων,
2913 1715 3212 1789 διαρρήδην
3251 1715 3512 1784 ἔφασκον·
3553 1733 3574 1767 ι
3611 1717 3674 1769 El
3707 1714 3912 1768 δίκαιόν

639 1817 787 1860 stum
811 1815 893 1861 est
921 1822 1105 1860 coram
1141 1807 1252 1861 Deo
1285 1824 1378 1861 vos
1409 1810 1586 1878 potius
1617 1810 1804 1863 audire
1835 1825 1996 1878 quam
2025 1809 2216 1875 Deum,

643 1898 897 1967 iudicate.
929 1897 1044 1951 Non
1080 1899 1226 1952 enim
1256 1915 1565 1969 possumus,
1588 1916 1708 1971 quae
1734 1902 1966 1956 vidimus
1991 1910 2044 1954 et
2069 1902 2221 1954 andi-

644 1988 838 2053 vimus,
867 2005 972 2041 non
1003 1987 1146 2057 loqui
1176 1989 1238 2042 ¹³.
1279 2008 1296 2040 ι

1263 2119 1418 2175 CAP.
1463 2120 1596 2176 VIII.

713 2254 876 2310 Vsus.
922 2255 1036 2308 1-5.
1085 2254 1176 2308 Sic
1223 2255 1449 2307 ostendit
1501 2255 1630 2307 mihi
1678 2254 1950 2309 Dominus.
1997 2255 2063 2308 Et
2105 2274 2219 2311 ecce

644 2362 731 2398 vas
761 2346 1000 2413 aucupis.
1031 2345 1095 2397 Et
1117 2344 1250 2397 dixit
1280 2343 1570 2398 Dominus:
1595 2345 1733 2410 Quid
1759 2354 1813 2398 tu
1836 2347 1998 2410 vides,
2027 2349 2220 2404 Antor?

645 2436 709 2489 Et
739 2436 848 2490 dixi
871 2449 891 2487 .'
926 2434 1031 2488 Va:
1060 2436 1296 2502 aucupis.
1333 2433 1401 2486 Et
1426 2435 1555 2488 dixit
1587 2435 1843 2489 Dominus
1872 2437 1940 2488 ad
1972 2452 2093 2492 me:
2128 2439 2220 2492 Ve-

645 2531 717 2581 nit
748 2528 870 2595 ﬁnis
924 2543 1077 2595 super
1111 2527 1357 2595 populum
1395 2544 1564 2580 meum
1601 2527 1796 2593 Israel,
1829 2545 1931 2582 non
1967 2529 2217 2597 adjiciam

646 2617 806 2678 ultra,
836 2626 889 2669 ut
936 2628 1292 2682 pertranseam
1333 2631 1470 2668 eum.
1518 2614 1581 2668 Et
1621 2616 1898 2670 ululabunt
1944 2617 2218 2687 laquearia

641 2707 818 2772 templi
845 2709 897 2758 in
925 2705 1017 2758 illa
1043 2706 1148 2768 die,
1180 2705 1307 2757 dicit
1340 2705 1619 2759 Dominus.
1646 2704 1816 2760 Multa
1844 2709 2120 2764 cadavera.
2151 2708 2218 2762 In

645 2798 786 2850 omni
817 2797 932 2852 loco
960 2796 1246 2867 projiciam
1272 2795 1562 2850 silentium.

2329 1811 2476 1862 ἐστιν
2505 1808 2734 1862 ἐνώπιον
2773 1808 2866 1861 τοῦ
2890 1808 3027 1861 Θεοῦ
3059 1808 3214 1878 ὑμῶν
3248 1806 3491 1873 ἀκούειν,
3531 1807 3727 1878 μᾶλλον
3756 1806 3790 1876 ἢ
3816 1803 3910 1858 τοῦ

2325 1899 2484 1961 Θεοῦ,
2504 1901 2746 1970 κρίνατε.
2779 1900 2854 1952 Οὐ
2884 1899 3169 1970 δυνάμεθα
3197 1898 3308 1971 γὰρ
3333 1900 3492 1971 ήμεῖς
3514 1898 3552 1954 ἃ.
3582 1899 3794 1970 εἴδομεν
3815 1897 3913 1954 καὶ

2326 1987 2642 2058 ἠκούσαμεν
2668 1987 2742 2058 μὴ
2767 1987 2969 2041 λαλεῖν.
2996 2007 3014 2039 ›

2933 2124 3186 2175 ΚΕΦΑΛ.
3226 2124 3308 2175 Η’.

2404 2258 2601 2322 Οὕτως
2647 2256 2840 2321 ἔδειξέ
2894 2275 2998 2326 μοι
3058 2258 3292 2326 Κύριος.
3358 2258 3468 2310 Καὶ
3547 2256 3675 2309 ἰδοὺ
3730 2255 3913 2325 ἄγγεος

2328 2349 2588 2413 ὶξευτοῦ.
2611 2350 2718 2402 Καὶ
2753 2344 2923 2402 εἶπεν
2944 2350 3176 2415 Κύριος·
3202 2348 3264 2402 Τί
3291 2349 3372 2400 σὺ
3390 2347 3668 2413 βλέπεις,
3702 2347 3872 2415 Ἀμώς
3889 2362 3913 2410 ;

2325 2442 2436 2495 Kal
2493 2437 2650 2494 εἶπα·
2718 2441 2925 2510 Ἀγνγος
2981 2440 3240 2503 ἰξευτοῦ.
3304 2440 3415 2494 Καὶ
3475 2436 3647 2492 εἶπεν
3699 2439 3915 2505 Κύριος

2325 2535 2474 2602 πρός
2526 2549 2631 2602 με·
2679 2533 2847 2587 "liuet
2887 2531 2952 2584 τὸ
3008 2532 3193 2599 πέρας
3245 2532 3342 2585 ἐπὶ
3399 2531 3507 2585 τὸν
3561 2533 3718 2583 λαόν
3746 2547 3910 2598 μου,

2325 2627 2433 2678 τὸν
2481 2623 2758 2693 Ἰσραὴλ,
2809 2625 2880 2676 οὐ
2945 2623 3273 2691 προσθήσω
3332 2625 3444 2677 οὑκ
3483 2624 3569 2676 ἔτι
3628 2621 3736 2675 τοῦ
3764 2638 3915 2688 παρ-

2324 2713 2522 2767 ελθεῖν
2575 2713 2780 2765 αὐτόν.
2840 2712 2950 2766 Καὶ
2991 2713 3278 2776 όλολύξει
3323 2713 3394 2766 τὰ
3419 2712 3779 2781 φατνώματα
3802 2710 3912 2764 τοῦ

2228 2844 2231 2845 ν
2324 2805 2475 2857 ναοῦ
2519 2803 2589 2857 ἐν
2626 2803 2830 2872 ἐκείνῃ
2880 2803 2956 2871 τῇ
3012 2803 3242 2873 ἡμέρᾳ,
3291 2803 3453 2872 ,λέγει
3507 2805 3739 2869 Κύριος.
3799 2805 3914 2855 Πο-

2322 2897 2438 2960 λὺς
2500 2899 2532 2948 ὁ
2599 2894 2952 2960 πεπτωκὼς,
3020 2895 3091 2947 ἐν
3151 2895 3331 2948 παντὶ
3402 2896 3563 2960 τόπῳ
3622 2894 3915 2961 ἑπιρῤίψω

2326 3001 2485 3040 σιωπ
2494 2989 2586 3053 ἠν.
2715 2979 2720 2985 ’

713 3059 924 3116 LXXII.
958 3059 1231 3115 Venerunt
1277 3075 1490 3114 rursum
1535 3061 1808 3130 propheta:
1852 3061 1902 3114 itt
1951 3063 2211 3128 animum,

2391 3080 2509 3132 ()B'.
2548 3075 2666 3132 Εἶσι
2689 3078 2752 3148 δὴ
2789 3077 2948 3130 πάλιν
2971 3076 3050 3146 τῷ
3089 3076 3340 3147 προφήτῃ
3381 3075 3524 3127 κατὰ
3552 3074 3676 3126 νοῦν
3717 3073 3910 3143 ῶσπερ

645 3165 702 3209 ut
734 3155 951 3216 dicitur,
988 3161 1042 3206 et
1080 3167 1200 3205 cum
1238 3168 1360 3221 qua:
1391 3150 1557 3205 semel
1595 3152 1942 3220 subingressa
1987 3153 2222 3220 fuerant,

646 3244 998 3299 sullicicntem
1038 3244 1138 3297 sibi
1181 3244 1546 3297 narrationem
1581 3243 1917 3311 acceperint,
1953 3244 2223 3298 visionum

645 3339 780 3391 ordo
816 3339 880 3389 ad
920 3352 1140 3405 scopum
1189 3336 1288 3389 sibi
1331 3336 1740 3390 convenientem
1788 3335 2038 3389 transilit.
2082 3337 2225 3390 Vidit

648 3429 812 3497 igitur
845 3429 1030 3496 copias
1059 3427 1413 3498 Assyriorum
1453 3437 1512 3481 ut
1542 3428 1860 3481 matutinatn
1895 3428 2225 3483 locustarum

646 3519 878 3572 feturam
921 3529 974 3572 ct
1020 3531 1140 3571 cum
1180 3519 1310 3586 ipsis
1354 3517 1489 3586 Gog,
1525 3519 1637 3573 sive
1665 3516 2055 3584 Sennatlterib,
2082 3521 2227 3576 velut

651 3611 910 3662 brut-ltum
951 3610 1304 3678 descriptum,
1341 3611 1482 3678 quod
1521 3610 1788 3664 insectum
1827 3610 1954 3665 illud
1997 3612 2226 3667 multum

649 3713 807 3756 terra:
846 3702 894 3754 vi
939 3718 1130 3772 magna
1178 3702 1478 3770 c00pcriat.
1514 3702 1718 3756 Similis
1751 3713 1836 3758 est
1875 3704 2038 3759 homo
2073 3721 2228 3758 arro-

653 3810 810 3859 gans,
838 3794 930 3862 qui
969 3809 1183 3863 semper
1215 3794 1264 3847 in
1301 3794 1530 3850 sublime
1553 3795 1755 3861 exsiiit,
1785 3808 1838 3851 et
1866 3813 1988 3851 cum
2012 3799 2226 3851 ltutnili—

644 3886 745 3940 bus
789 3885 1096 3940 conversari
1144 3896 1380 3942 recusat.
1419 3887 1568 3941 Vidit
1610 3888 1775 3942 etiam
1821 3892 1975 3958 quasi
2014 3889 2067 3944 in
2105 3892 2228 3961 igne

657 3988 906 4032 \ocatnm
951 3978 1230 4045 judicium.
1274 3978 1540 4034 Praeterea
1587 3981 1898 4050 impositum
1943 3982 1997 4036 in
2052 3982 2229 4038 medio

647 4068 848 4123 ist'aele
900 4071 1242 4123 adamantem
1291 4071 1357 4123 ab
1399 4085 1463 4124 eo
1506 4071 1598 4139 qui
1643 4074 1821 4126 stabat
1869 4089 2031 4142 super
2074 4089 2228 4129 muro

645 4163 1012 4216 adamantina.
1047 4161 1185 4227 Quid
1222 4163 1447 4230 postea?
1479 4162 1701 4231 Insuper
1732 4179 1847 4225 vas.
1881 4181 1975 4219 seu
2019 4165 2227 4219 instrn-

649 4261 888 4304 meutntn
928 4260 1046 4304 erat
1085 4250 1330 4317 aucupis.
1371 4252 1523 4316 Quod
1571 4266 1751 4307 autem
1791 4254 2057 4322 principio
2089 4253 2224 4319 dixi,

646 4343 840 4396 iterum
881 4341 1076 4406 dicam,
1121 4356 1313 4409 nempe
1357 4344 1625 4410 agrestius
1672 4346 1904 4397 educato
1953 4346 2228 4414 prophetae

2324 3170 2353 3220 6
2395 3167 2571 3235 λόγος,
2602 3169 2694 3220 καὶ
2723 3167 2832 3220 τῶν
2863 3166 3012 3230 ἅπαξ
3037 3165 3552 3236 παρεισὸεϐηκὸτων
3583 3163 3913 3234 ἀποχρῶσαν

2325 3260 2410 3327 ἐφ’
2446 3260 2660 3320 ἑαυτοῖς
2691 3257 2969 3310 λαϐόντων
2997 3256 3096 3326 τὴν
3128 3256 3426 3325 ἀφήγησιν,
3465 3255 3573 3307 τῶν
3612 3257 3912 3326 ὁραμάτων

2324 3351 2358 3420 ἡ
2415 3348 2566 3415 τάξις
2614 3347 2707 3402 ἐπὶ
2757 3347 2852 3400 τὸν
2915 3348 3053 3416 αὐτῇ
3103 3347 3381 3419 πρέποντα
3439 3347 3639 3417 διᾴττει
3687 3345 3911 3400 σκοπόν.

2326 3441 2590 3494 Τεθέαται
2615 3441 2795 3493 τοίνυν
2811 3439 2911 3509 τὴν
2941 3437 3048 3492 τῶν
3074 3439 3374 3509 Ἀσσυρίων
3407 3438 3636 3507 πληθὺν,
3661 3438 3735 3502 ὡς
3757 3438 3916 3492 ἑωθι-

2326 3535 2423 3604 νὴν
2453 3533 2688 3604 ἀκρίδων
2717 3534 2999 3604 ἐπιγονὴν,
3039 3531 3135 3584 καὶ
3171 3533 3267 3584 σὺν
3296 3533 3478 3594 αὐτοῖς
3498 3531 3587 3583 τὸν
3619 3529 3761 3598 Γὼγ,
3785 3532 3906 3601 ἦτοι

2325 3627 2415 3681 τὸν
2444 3626 2786 3696 Σενναχηρὶμ
2817 3625 2893 3688 ὡς
2915 3627 2972 3677 ἐν
2999 3623 3128 3677 εῖδει
3154 3623 3384 3694 βρούχου
3418 3623 3782 3692 γραφόμενον,
3823 3621 3916 3675 διὰ

2325 3718 2388 3770 τὸ
2435 3717 2572 3770 πολὺ
2630 3718 2729 3788 τῆς
2782 3717 2882 3787 γῆς
2936 3715 3308 3786 ἀναθρώσκειν
3366 3713 3632 3777 εὐσθενῶς
3664 3713 3723 3765 τὸ
3751 3712 3913 3776 ζῶον.

2327 3807 2370 3860 Τ
2375 3807 2578 3870 οιοῦτος
2612 3807 2669 3860 δέ
2707 3825 2823 3869 πως
2853 3808 2881 3858 6
2903 3804 3140 3872 ἀλαζὼν,
3168 3804 3537 3875 ἀναθρώσκων
3567 3805 3652 3856 ἀεὶ
3680 3802 3814 3872 πρὸς
3844 3801 3911 3854 τὸ

2328 3899 2484 3969 ὑψοῦ,
2523 3899 2614 3952 καὶ
2655 3902 2767 3962 τοῖς
2795 3901 3074 3960 ταπεινοῖς
3098 3897 3506 3950 συνδιαιτᾶσθαι
3534 3894 3910 3966 παραιτούμε-

2325 4010 2432 4055 νος.
2461 3992 2724 4045 Τεθέαται
2764 3992 2820 4044 δὲ
2860 3993 2953 4044 καὶ
3008 3990 3084 4054 ὡς
3133 3993 3190 4042 ὲν
3247 3991 3378 4060 πυρὶ
3427 3988 3768 4058 καλουμένην
3811 3989 3916 4058 τὴν

2325 4085 2500 4154 δίκην,
2534 4085 2626 4137 καὶ
2667 4084 2772 4154 μὴν
2806 4084 2901 4137 καὶ
2935 4082 3328 4151 ἐντεταγμένον
3362 4083 3441 4143 εἰς
3473 4081 3636 4151 μέσον
3680 4081 3769 4132 τὸν
3811 4081 3916 4132 ἰσ-

2331 4175 2466 4246 ραὴλ
2496 4174 2586 4227 τὸν
2605 4175 2892 4244 ἀδάμαντα
2914 4174 3065 4243 παρὰ
3091 4173 3185 4225 τοῦ
3214 4172 3505 4240 ἑστηκότος
3532 4169 3625 4222 ἐπὶ
3652 4169 3711 4221 τὸ
3734 4171 3916 4237 τεῖχος

2325 4265 2386 4318 τὸ
2412 4266 2792 4336 ἀδαμάντινον.
2827 4261 2957 4316 Εἶτα
2983 4265 3033 4316 τί
3062 4263 3194 4333 πρὸς
3225 4261 3364 4333 [τού]
3386 4261 3482 4330 rip;
3517 4261 3626 4313 Καὶ
3655 4259 3821 4327 ἄγγος
3842 4255 3915 4328 ἦν

2329 4355 2557 4422 ἰξευτοῦ.
2605 4357 2668 4407 ’⁸0
2695 4355 2748 4407 δὲ
2782 4353 2847 4425 δὴ
2897 4356 2990 4406 καὶ
3035 4356 3090 4406 ὲν
3123 4355 3264 4423 ἀρχῇ
3297 4352 3454 4420 ἔφην,
3482 4350 3591 4420 ἐρῶ
3613 4349 3676 4420 δὴ
3709 4349 3874 4401 πάλιν
3896 4390 3913 4412 ,

648 4431 814 4485 Deum
863 4445 956 4500 per
1005 4444 1066 4484 ea
1117 4447 1239 4500 qua:
1289 4433 1399 4486 ruri
1455 4434 1688 4486 maxime
1741 4432 1911 4497 fiunt,
1967 4436 2222 4505 mysteria

2328 4446 2403 4508 ὡς
2430 4445 2812 4516 ἀγροικότερον
2845 4444 3211 4514 τεθραμμένῳ
3256 4441 3331 4512 τῷ
3357 4443 3631 4512 προφήτῃ,
3661 4440 3792 4501 θεὸς
3819 4440 3915 4492 διά

645 4523 906 4579 revelare.
945 4523 1194 4594 Aucupes
1225 4523 1393 4589 enim,
1427 4534 1481 4578 et
1519 4539 1616 4594 per
1647 4538 1741 4578 eos
1775 4533 1957 4593 capta,
1990 4524 2225 4580 volatilia

645 4615 883 4681 scilicet,
941 4631 1046 4669 nou
1105 4624 1211 4667 tam
1267 4614 1488 4669 urbanis
1552 4615 1861 4670 hominibus
1918 4617 2221 4686 quadrant,

645 4721 808 4775 quam
849 4706 1045 4774 quibus
1081 4707 1321 4760 studium
1353 4713 1408 4760 et
1455 4707 1575 4760 vitae
1611 4722 1806 4777 sc0ptts
1849 4724 1975 4762 rura
2015 4717 2070 4762 et
2107 4724 2225 4777 qua;

646 4797 760 4851 ruri
795 4807 938 4851 sunt.
967 4797 1302 4852 Omnimodis
1330 4807 1534 4862 autem,
1561 4814 1626 4854 ac
1662 4814 1882 4867 prorsus
1912 4809 2126 4868 captum
2154 4801 2222 4856 iri

645 4890 713 4942 ad
749 4887 956 4952 necem,
989 4889 1131 4943 sicut
1160 4889 1212 4943 in
1246 4905 1406 4943 manu
1458 4891 1714 4960 aucupari
1752 4893 2058 4956 solitorum,
2091 4908 2213 4946 cum

647 4980 872 5050 plebeiis
912 4981 1076 5034 etiam
1121 4982 1410 5050 Optimates
1453 4981 1734 5050 Satnarite,
1763 4992 2101 5052 arrogantes,
2135 4985 2220 5038 in-

647 5087 832 5141 quam,
865 5081 917 5126 et
966 5071 1197 5126 sublime
1246 5073 1373 5127 ferri
1421 5078 1593 5128 instar
1637 5075 1815 5128 avium
1859 5075 2068 5143 solitos,
2110 5079 2211 5133 sub

648 5162 1021 5229 integumento
1044 5161 1274 5230 quodam
1299 5162 1524 5218 visionis
1546 5163 1625 5218 vis
1673 5173 1728 5218 et
1751 5173 1940 5219 natura
1964 5166 2222 5223 declarat.

649 5251 758 5307 Vas
807 5254 947 5307 enim
1001 5263 1119 5308 erat
1172 5255 1394 5323 aucupis
1445 5255 1586 5324 quod
1633 5256 1935 5310 videbatur.
1993 5257 2228 5313 Proinle

647 5344 806 5416 331
833 5347 909 5398 ait
935 5346 1308 5400 universorum
1345 5345 1602 5402 Dominus
1634 5366 1647 5402 :
1683 5367 1701 5399 ι
1740 5348 1897 5403 Venit
1922 5350 2045 5405 linis
2068 5366 2231 5420 super

649 5437 904 5508 populum
957 5453 1133 5491 meum
1185 5437 1366 5503 Israel,
1413 5447 1469 5493 et
1511 5454 1614 5493 nou
1662 5442 1946 5510 praeteribo
1996 5443 2228 5512 amplius

650 5527 850 5583 eorum'
873 5527 1097 5583 scelera.
1131 5547 1149 5580 ι
1183 5528 1469 5585 lucensum
1505 5546 1665 5600 porro
1695 5531 1760 5585 iri
1790 5542 1845 5586 et
1876 5533 2048 5603 ipsum
2087 5545 2227 5588 tetu-

654 5619 822 5690 plum,
862 5622 1066 5678 habens
1107 5623 1331 5678 vitulum
1373 5638 1596 5679 aureum
1645 5625 1697 5680 iu
1738 5625 1946 5693 Betbel,
1989 5630 2230 5685 ostendit

731 5799 774 5830 ³³
814 5799 1042 5856 Zucbur.
1084 5818 1141 5866 n,
1183 5803 1236 5857 8.
1315 5803 1358 5835 ¹³
1403 5807 1518 5860 Act.
1565 5821 1637 5870 tt’,
1687 5804 1768 5873 l9,
1808 5805 1895 5861 9-0-

2326 4535 2434 4588 τῶν
2463 4538 2520 4588 έν
2550 4537 2742 4606 ἀγροῖς
2789 4535 2870 4588 δτι
2929 4535 3162 4604 μάλιστα
3192 4532 3491 4604 δρωμένων
3535 4530 3914 4586 ἀποκαλύπτει

2327 4627 2623 4699 μυστήρια.
2663 4627 2889 4691 Ἰξευταὶ
2921 4626 3050 4696 γὰρ,
3077 4628 3169 4678 καὶ
3189 4627 3256 4678 τά
3283 4626 3350 4677 δι’
3371 4623 3551 4678 αὐτῶν
3579 4623 3644 4693 θη
3657 4622 3900 4693 ρώμενα,

2326 4719 2504 4789 πτηνά
2529 4719 2804 4790 δηλονότι,
2835 4719 3099 4788 πρέποιεν
3139 4717 3204 4770 ἂν
3233 4717 3354 4786 οὐχὶ
3386 4715 3555 4786 δήπου
3589 4713 3787 4784 μᾶλλον
3815 4714 3915 4766 άν-

2324 4812 2484 4882 δράσι
2513 4814 2624 4874 τοῖς
2655 4812 2921 4873 ἀστικοῖς.
2954 4809 3070 4862 ἀλλ’
3098 4804 3178 4871 οἷς
3210 4809 3276 4861 ἂν
3315 4809 3398 4878 εἴη
3443 4807 3504 4859 τὺ
3542 4806 3913 4875 ἐπιτήδευμα,

2323 4906 2418 4958 καὶ
2453 4907 2480 4957 6
2513 4903 2606 4956 τοῦ
2635 4902 2748 4972 βίου
2769 4901 2972 4964 σκοπὸς
3007 4900 3187 4970 ἀγροὶ,
3217 4899 3310 4952 καὶ
3341 4898 3407 4951 τὰ
3453 4899 3510 4950 ὲν
3555 4897 3756 4958 αὐτοῖς.
3785 4894 3918 4949 ’Ὁτι

2330 4999 2386 5050 δὲ
2434 5000 2609 5068 πάντη
2643 5016 2706 5050 τε
2762 4997 2856 5050 καὶ
2888 4997 3106 5057 πάντως
3154 4993 3584 5064 ἀγρευθήσονται
3615 4990 3749 5060 πρὸς
3777 5007 3920 5059 σφα-

2331 5090 2457 5160 γὴν,
2489 5089 2740 5159 καθάπερ
2763 5087 2869 5140 ὑπὸ
2898 5086 3076 5157 χειρὸς
3103 5086 3214 5138 τῶν
3237 5084 3432 5149 ἰξεύειν
3472 5082 3768 5145 εἰωθότων,
3801 5083 3921 5142 τοῖς

2332 5181 2608 5248 ἀγελαίοις
2635 5181 2771 5249 ὁμοῦ
2817 5179 2910 5232 καὶ
2945 5177 3002 5232 τὸ
3052 5176 3348 5230 ἀπόλεκτον
3395 5175 3500 5228 τῶν
3526 5176 3582 5226 έν
3629 5171 3923 5243 Σαμαρείᾳ

2334 5270 2512 5337 agt-mg,
2539 5271 2681 5339 φημὶ
2703 5268 2767 5339 δὴ
2788 5269 2848 5322 τὸ
2876 5269 2983 5321 τῶν
3011 5267 3306 5331 ἀλαζόνων,
3338 5268 3432 5318 καὶ
3465 5267 3524 5316 ἐν
3557 5265 3656 5334 ἴσῳ
3690 5266 3923 5331 πτηνοῖς

2337 5361 2474 5431 ὑψοῦ
2534 5361 2795 5432 φέρεσθαι
2843 5359 3316 5431 μεμελετηκότων,
3367 5353 3779 5425 αἰνιγματωδῶς
3806 5355 3924 5407 ὑπ-

2336 5451 2507 5518 έδειξε
2555 5451 2664 5506 τῶν
2706 5452 2999 5525 ὁραμάτων
3045 5453 3078 5521 ὴ
3125 5450 3376 5520 δύναμις.
3432 5448 3638 5513 Ἀγγος
3693 5444 3801 5514 γὰρ
3847 5438 3924 5515 ἦν

2341 5542 2546 5607 ἰξευτοῦ
2594 5542 2654 5595 τὸ
2683 5541 2976 5613 ὁρώμενον.
3032 5541 3324 5609 Τοιγάρτοι
3355 5537 3519 5608 φησὶν
3576 5537 3605 5589 ὁ
3643 5534 3752 5588 τῶν
3776 5531 3928 5586 ὅλων

2334 5633 2488 5702 Θεὸς,
2510 5635 2592 5688 ὅτι
2617 5652 2634 5685 ι
2662 5635 2825 5690 "HIC!
2852 5634 2912 5688 τὸ
2938 5633 3109 5704 πέρας
3143 5632 3238 5686 ὲπϊ
3262 5631 3354 5684 τὸν
3378 5627 3505 5683 λαόν
3537 5643 3643 5698 μου
3669 5623 3926 5696 Ἰσραὴλ,
