4024 6192
475 458 1420 621 EPISTOLA
1550 458 3083 622 NUNCUPATOR‘IA.

318 956 1226 1052 ILLUSTRISSIMO
1299 950 1784 1049 DOMINO
1853 956 1967 1044 D.
2033 955 2519 1048 ACHILLI
2598 955 2745 1044 DE
2816 952 3300 1048 HARLAY

963 1200 1321 1260 SUPREMO
1373 1199 1816 1261 GALLIARUM
1870 1200 2214 1260 SENATUS
2265 1198 2615 1259 PRINCIPI.

265 1406 329 1467 Si
367 1406 492 1483 quis
530 1413 614 1462 est
651 1401 895 1478 superis
929 1417 1133 1461 rerum
1167 1401 1576 1461 humanarum
1610 1414 1846 1464 sensus,
1875 1397 1931 1455 si
1959 1414 2079 1473 qua
2116 1413 2214 1461 eos
2241 1397 2650 1472 propriorum
2697 1411 2952 1473 operum
2997 1411 3152 1456 cura
3203 1398 3429 1475 tangit,

201 1523 307 1562 non
334 1505 557 1575 dubito,
605 1503 1034 1563 illustrissime
1083 1512 1337 1561 senatus
1374 1500 1671 1574 Princeps
1695 1543 1710 1570 ,
1738 1498 1892 1575 quin
1931 1496 2199 1573 insignis
2244 1495 2521 1573 beneﬁcii
2551 1493 2685 1554 loco
2717 1494 3047 1557 [cubiturus
3085 1496 3167 1556 sit
3196 1497 3431 1573 Grego-

200 1604 315 1661 2ius
342 1612 551 1672 noster,
583 1600 755 1681 quod
777 1618 1000 1661 novam
1031 1618 1281 1677 operum
1308 1614 1563 1657 suorum
1592 1596 1925 1658 editionem
1945 1596 2380 1673 spectatissimi
2403 1595 2672 1655 nominis
2697 1596 2794 1655 tui
2813 1595 3112 1674 auspiciis
3143 1596 3208 1655 in
3238 1595 3433 1656 lucem

199 1701 425 1779 prodire
444 1701 737 1777 patiaris.
766 1698 1026 1775 Optavit
1057 1699 1164 1759 ille
1192 1699 1257 1758 in
1288 1698 1538 1775 primis,
1566 1696 1713 1758 dum
1750 1699 2004 1768 viveret,
2037 1700 2274 1776 scripta
2308 1710 2377 1758 ut
2409 1718 2520 1759 sua
2564 1700 2809 1776 integra
2850 1707 2906 1758 et
2940 1697 3250 1759 inviolata
3287 1715 3434 1775 per-

200 1802 447 1861 renirent
504 1801 580 1861 ad
609 1807 921 1878 posteros,
956 1796 1303 1857 obtestatus
1329 1797 1678 1859 sacerdotes
1706 1799 1981 1875 Domini,
2017 1800 2124 1876 qui
2155 1808 2297 1874 post
2324 1800 2524 1876 ipsum
2572 1797 2947 1859 Turonicam
2972 1799 3211 1859 recturi
3239 1808 3435 1859 essent

202 1898 538 1974 Ecclesium,
574 1906 646 1959 ut
694 1916 770 1957 ne
802 1896 915 1957 hos
949 1894 1146 1958 libros
1175 1895 1413 1957 aboleri
1438 1897 1742 1967 sinerent,
1773 1914 1893 1957 neu
1920 1896 2271 1961 dimidiata.
2304 1896 2668 1975 quibusdam
2695 1914 2812 1974 pro
2845 1915 2954 1957 suo
2984 1896 3250 1958 arbitrio
3275 1915 3438 1977 prce-

200 2000 494 2068 termissis,
518 1998 816 2065 rescribi:
840 1997 946 2057 sed
976 1998 1088 2065 ita,
1118 2007 1185 2056 ut
1217 1996 1291 2056 ab
1324 2004 1581 2057 auctore
1608 1998 1743 2075 ipso
1776 1998 1997 2060 relicta
2024 2007 2241 2067 essent,
2276 1997 2540 2060 inlibata
2569 2000 2817 2077 suisque
2842 2000 3114 2059 numeris
3156 2018 3230 2060 ac
3277 2018 3436 2078 par—

202 2096 351 2157 tibus
378 2098 642 2159 absoluta
674 2098 934 2160 exorari
964 2106 1278 2159 curarent.
1314 2097 1629 2172 Quantam
1656 2098 1858 2175 igitur
1882 2098 2063 2158 modo
2092 2099 2360 2175 gratiam
2392 2097 2721 2160 habiturus
2752 2101 2802 2160 ei
2831 2100 2935 2170 sit,
2967 2099 3078 2179 qui
3104 2100 3263 2161 hanc
3306 2101 3440 2179 ejus

196 2196 365 2259 libris
390 2200 793 2277 integritatem
819 2206 1078 2268 asserat,
1112 2206 1411 2258 assertum
1446 2200 1821 2258 auctoritate
1851 2216 1965 2257 sua
1995 2206 2266 2272 tueatur,
2298 2208 2405 2258 aut
2442 2199 2702 2277 denique
2727 2199 2801 2259 ab
2830 2199 3190 2278 iniquorum
3231 2199 3440 2262 homi-

199 2312 328 2355 num
354 2314 601 2358 censura
636 2297 955 2359 vindicet?
1006 2296 1317 2358 Praelare
1362 2298 1568 2376 itaque
1623 2315 1763 2359 cum
1805 2297 2114 2375 Gregorio
2145 2300 2306 2376 agis,
2336 2301 2445 2377 qui
2475 2298 2965 2362 illustrissimum
3008 2316 3229 2361 nomen
3264 2308 3441 2361 tuum

197 2411 349 2455 noua
369 2395 509 2457 huic
537 2398 668 2475 ejus
697 2412 953 2474 operum
981 2396 1405 2474 recognitioni
1430 2399 1678 2475 prie/igi
1698 2415 1824 2457 non
1859 2399 2164 2474 graveris.
2204 2398 2414 2477 Neque
2437 2400 2598 2463 enim
2627 2402 2770 2474 erit,
2802 2408 2870 2459 ut
2901 2409 3083 2479 puto,
3115 2405 3442 2482 quicquam

198 2505 305 2556 tam
330 2497 536 2558 audax
564 2507 670 2559 aut
706 2495 1098 2565 temerarius.
1144 2496 1254 2574 qui
1282 2495 1693 2573 Gregorianis
1722 2497 1979 2574 scriptis
2004 2497 2097 2556 cel
2131 2497 2447 2558 tantillum
2479 2500 2707 2579 inferre
2740 2500 2909 2558 ausit
2946 2499 3271 2578 injuriam,
3305 2519 3443 2562 cum

198 2616 254 2655 ea
280 2598 714 2675 sapientissimi
744 2605 803 2655 et
853 2594 1188 2672 (equissimi
1242 2594 1472 2655 arbitri
1505 2593 1756 2673 judicio
1806 2594 2203 2674 comprobata
2240 2596 2488 2657 viderit.

260 2722 349 2780 Tu
385 2739 547 2785 vero.
584 2722 681 2782 cir
712 2726 1247 2801 praestantissime,
1276 2743 1402 2786 rem
1437 2735 1545 2784 tuo
1582 2724 1831 2784 nomine
1864 2723 2072 2804 (liceat
2103 2723 2256 2785 mihi
2298 2722 2414 2785 hoc
2462 2724 2686 2802 dicere)
2743 2734 2968 2802 tuaque
3018 2724 3325 2801 dignitate
3372 2744 3445 2786 ac

197 2819 471 2891 gravitate
499 2820 673 2881 haud
703 2821 1030 2899 indignam
1060 2824 1244 2903 facis,
1281 2842 1418 2884 cum
1450 2832 1625 2885 tuum
1653 2824 1961 2901 Gregorio
2013 2831 2232 2884 nostro
2266 2823 2632 2901 prcesidium
2675 2825 3040 2901 impertiris.
3090 2825 3243 2885 Cum
3288 2826 3447 2886 enim

196 2915 525 2993 religionem
552 2919 796 2980 sincere
822 2939 1006 2994 ames,
1036 2932 1091 2982 et
1125 2924 1327 3001 gentis
1356 2932 1587 2983 nostra:
1610 2922 1962 2991 historiam,
1993 2924 2312 3000 avitasque
2334 2941 2529 2983 mores
2556 2941 2689 3000 pra:
2708 2922 2907 2984 oculis
2929 2941 3159 3002 semper
3181 2923 3399 2984 habeas
3425 2945 3446 2993 ;

196 3030 304 3073 non
346 3029 516 3094 potes
569 3038 704 3079 eum
732 3037 859 3081 non
885 3019 1156 3097 probare
1188 3030 1535 3094 auctorem,
1564 3039 1737 3100 quem
1779 3021 2105 3081 Francica:
2147 3021 2429 3082 historice
2460 3032 2780 3100 parentem
2808 3024 3161 3100 suspiciunt
3192 3041 3399 3083 omnes
3429 3050 3448 3085 .-

192 3130 223 3169 α
249 3132 355 3192 quo
384 3117 721 3196 religionis
750 3118 1127 3181 Christianae
1155 3123 1222 3181 in
1251 3120 1479 3183 Galliis
1508 3119 1773 3181 exordia
1807 3127 1862 3178 et
1884 3136 2310 3200 progressum,
2338 3122 2609 3201 adeoque
2646 3124 2997 3201 primorum
3054 3140 3266 3200 regum
3300 3142 3449 3183 nos-

196 3219 411 3276 trorum
438 3227 614 3296 gesta
647 3221 1018 3298 accepimus.
1043 3223 1252 3301 Neque
1286 3240 1429 3283 vero
1459 3226 1516 3287 si
1542 3223 1672 3295 ille,
1693 3224 1829 3302 jam
1852 3241 2047 3302 supra
2076 3225 2433 3285 mortalium
2461 3234 2687 3285 sortem
2700 3226 2971 3304 positus,
2999 3229 3240 3302 scripta
3265 3225 3448 3285 modo

194 3331 287 3375 sua
316 3336 537 3395 parum
576 3327 795 3391 curat,
830 3320 1009 3381 nobis
1036 3340 1274 3396 eorum,
1310 3341 1443 3403 quw
1474 3324 1527 3385 is
1554 3324 1623 3383 in
1649 3341 1800 3382 usus
1835 3331 2086 3382 nostros
2112 3322 2323 3382 vivens
2352 3322 2568 3393 edidit,
2598 3340 2808 3384 curam
2835 3322 3097 3403 abjicere
3130 3325 3296 3389 licet.
3331 3325 3451 3384 ln-

196 3426 349 3478 terest
386 3421 623 3499 quippe
651 3421 745 3480 rei
785 3420 1052 3500 publica!
1084 3423 1406 3486 Francicte
1436 3443 1508 3486 ac
1540 3424 1939 3495 Christiana,
1973 3442 2041 3483 ea
2086 3440 2214 3482 non
2246 3422 2427 3483 modo
2464 3422 2538 3483 ab
2568 3424 2834 3487 interitu
2861 3424 3210 3502 uindicare,
3241 3442 3453 3485 verum

188 3521 349 3578 etiam
384 3540 601 3582 eorum
631 3526 1077 3585 auctoritatem
1102 3510 1589 3587 sartum-tectam
1624 3527 1787 3587 tueri
1814 3526 2108 3587 adversus
2138 3546 2265 3602 eos,
2288 3527 2400 3606 qui
2426 3527 2523 3588 vel
2550 3527 2832 3588 auctoris
2866 3528 3044 3607 ﬁdem
3073 3528 3343 3600 elevant,
3377 3526 3452 3588 ob

191 3621 444 3696 nimiam,
471 3633 544 3685 ut
578 3624 737 3702 ipsis
771 3625 1019 3702 quidem
1053 3626 1326 3698 videtur,
1379 3625 1651 3686 hominis
1699 3626 2163 3705 simplicitatem
2209 3644 2281 3687 ac
2326 3624 2789 3693 credulitatem;
2841 3625 2937 3687 vel
2986 3625 3277 3703 genuinis
3321 3626 3453 3703 ejus

192 3722 459 3795 operibus
493 3742 630 3783 non
657 3725 977 3784 minimam
1008 3725 1346 3786 detrahunt
1369 3734 1636 3803 partem,
1658 3724 1837 3803 quasi
1857 3724 1932 3784 ab
1963 3723 2526 3802 interpolatoribus
2550 3733 2764 3784 temere
2801 3730 3097 3783 assutam.
3137 3724 3273 3801 Ego
3308 3740 3452 3783 vero

191 3827 501 3899 utrumque
530 3822 843 3901 Gregorio
869 3832 1167 3901 priestare
1196 3843 1331 3885 sum
1368 3832 1652 3898 conatus,
1687 3824 1789 3885 cui
1813 3823 2057 3902 quidem
2082 3825 2251 3901 facto
2281 3824 2338 3883 si
2370 3825 2689 3887 sententia
2722 3830 2844 3883 tute
2870 3820 3150 3898 gravitas
3180 3838 3456 3884 accesse-

186 3924 290 3999 rit,
314 3942 401 3985 me
431 3944 547 4003 ego
582 3924 752 3984 haud
781 3925 906 3984 lere
938 3932 1239 4004 suscepta:
1263 3943 1461 4006 opera:
1502 3926 1777 4004 pretium
1806 3924 2093 3985 retulisse
2123 3923 2272 3984 mihi
2303 3922 2586 3997 videbor,
2618 3931 2797 4001 atque
2825 3920 3141 3983 universis
3181 3938 3312 3981 eam
3342 3937 3454 3998 up—

188 4028 483 4105 probasse.
522 4031 632 4091 Ea
664 4038 750 4088 est
786 4029 945 4088 enim
983 4038 1090 4089 tua
1124 4031 1463 4110 sagacitas,
1492 4046 1564 4088 ea
1592 4030 1874 4107 (equitas,
1912 4044 1981 4086 ea
2009 4024 2273 4103 denique
2318 4024 2665 4084 auctoritas
2705 4023 2876 4103 apud
2910 4040 3141 4096 omnes,
3172 4031 3242 4083 ut
3277 4023 3459 4105 judi-

190 4132 332 4189 cium
360 4142 543 4192 tuum
568 4133 777 4195 instar
809 4131 1083 4194 omnium
1115 4131 1228 4203 sit,
1258 4149 1373 4192 nec
1407 4129 1757 4209 quisquam,
1787 4127 1896 4206 qui
1923 4124 2031 4187 abs
2067 4134 2124 4187 te
2157 4124 2544 4196 dissenserit,
2593 4132 2757 4187 recte
2788 4139 2999 4202 sapere
3028 4133 3376 4186 censeatur.

258 4248 523 4310 Felicem
556 4251 772 4327 itaque
809 4248 1082 4309 dixerim
1114 4247 1485 4325 Gregorium
1513 4255 1824 4319 nostrum,
1868 4246 1979 4325 qui
2008 4244 2188 4306 talem
2212 4251 2556 4324 patronum
2586 4261 2660 4304 ac
2686 4244 2997 4311 vindicem
3028 4249 3297 4309 sortitus
3344 4249 3460 4327 sit,
3524 4328 3527 4331 ἤ

190 4348 506 4423 sincerum,
536 4348 905 4425 sapientem,
936 4348 1405 4424 incorruptum,
1451 4346 1617 4422 regis
1643 4346 1906 4407 maximi
1930 4361 2005 4403 ac
2034 4344 2477 4420 sapientissimi
2493 4338 2743 4419 judicio
2774 4343 3059 4423 dignum,
3088 4350 3222 4428 qui,
3274 4362 3465 4429 post-

191 4456 351 4513 quam
383 4443 695 4504 catholici
722 4444 1037 4521 regiarum
1072 4463 1400 4507 causarum
1442 4446 1791 4524 cognitores
1825 4446 2035 4522 ofﬁcio
2072 4441 2466 4519 integerrime
2498 4443 2752 4515 [unctus
2813 4453 2986 4517 esset,
3005 4462 3143 4521 jam
3187 4462 3459 4507 summus

192 4544 405 4607 arbiter
435 4548 511 4608 de
546 4549 858 4610 universis
875 4547 1195 4627 judicium
1220 4550 1421 4628 ferat,-
1451 4550 1681 4625 virum,
1710 4548 1990 4627 inquam,
2022 4547 2133 4628 qui
2163 4544 2326 4606 nihil
2355 4562 2431 4605 ex
2453 4546 2591 4624 foro
2619 4546 2686 4606 in
2711 4563 2885 4605 suam
2913 4545 3163 4607 domum
3198 4545 3459 4624 derivet,

187 4661 516 4723 pauperum
544 4648 680 4725 ipse
701 4663 930 4723 parens
957 4656 1015 4707 et
1040 4648 1372 4726 provisor;
1394 4648 1505 4728 qui
1520 4646 1692 4727 juris
1712 4665 1784 4706 ac
1810 4647 2007 4726 legum
2029 4644 2473 4725 cognitionem,
2506 4661 2636 4704 non
2663 4644 3138 4706 ostentationem
3158 4644 3458 4716 scientia),

192 4744 280 4805 sed
308 4745 497 4825 legem
528 4747 678 4809 vita
712 4765 838 4807 sua
855 4753 1069 4824 putet;
1098 4748 1209 4827 qui
1238 4748 1475 4808 caeteris
1492 4745 1818 4825 judicibus
1839 4765 1969 4808 non
1994 4749 2198 4809 minus
2224 4746 2372 4807 bene
2397 4743 2673 4815 dicendi,
2708 4762 2890 4823 quam
2923 4743 3173 4805 uiuendi
3195 4745 3461 4822 formam

187 4848 447 4923 exemplo
475 4868 598 4910 suo
630 4857 1067 4909 commonstret
1092 4870 1110 4917 ;
1137 4850 1245 4931 qui
1272 4848 1529 4928 denique
1557 4850 1625 4908 in
1651 4867 1712 4908 se
1731 4868 1855 4911 uno
1886 4847 2199 4924 Harlwos,
2230 4846 2617 4922 Brulartios,
2644 4846 2971 4908 Thuaneos
2998 4865 3069 4906 ac
3089 4844 3460 4917 Bellevreos,

192 4945 450 5027 aliosque
478 4949 821 5027 sanguinis
846 4948 949 5007 sui
981 4946 1200 5008 heroas
1223 4950 1479 5026 referat,
1506 4955 1793 5026 totosque
1824 4947 2054 5026 grandi
2085 4955 2141 5007 et
2171 4946 2410 5007 excelso
2442 4947 2652 5007 animo
2686 4946 3155 5024 complectatur.

254 5067 393 5130 Tali
422 5068 801 5149 patrocinio
828 5068 1109 5128 munitus
1134 5065 1504 5147 Gregorius,
1534 5069 1833 5146 despiciet
1862 5050 2139 5131 homines
2170 5069 2511 5131 nonnullos
2555 5067 2805 5144 fastidii
2853 5066 3005 5126 adeo
3055 5066 3329 5149 delicati,
3388 5078 3461 5130 ut

191 5166 303 5242 sjus
332 5169 667 5230 lectionem
701 5171 875 5249 infra
904 5188 968 5228 se
1000 5168 1260 5241 ducant,
1292 5188 1540 5250 eumque
1591 5177 1884 5250 tanquam
1914 5180 2100 5248 gustu
2145 5189 2259 5229 suo
2312 5170 2634 5248 indignum
2685 5169 2938 5247 penitus
2985 5147 3305 5233 respuant.
3368 5171 3461 5234 Hi

192 5279 361 5331 porro
394 5272 640 5331 rectius
669 5285 884 5347 sapere
912 5268 1243 5347 incipient,
1270 5269 1379 5329 ubi
1413 5277 1469 5328 te
1504 5268 1686 5348 longe
1716 5270 1925 5344 aliter,
1960 5278 2142 5347 atque
2175 5269 2325 5346 ipsi,
2349 5269 2421 5329 de
2448 5268 2752 5347 Gregorio
2782 5280 2999 5331 nostro
3036 5270 3264 5332 sentire
3291 5272 3462 5333 vide-

191 5368 329 5445 rint,
366 5390 505 5431 eum
542 5372 781 5431 scilicet
810 5370 1042 5447 virum,
1080 5370 1259 5448 cujus
1288 5370 1505 5432 nativa
1533 5380 1588 5431 et
1619 5373 1868 5433 minime
1896 5371 2189 5451 affectata
2220 5369 2571 5448 eloquentia
2595 5373 2840 5450 priscos
2874 5370 3020 5433 illos
3052 5373 3346 5433 Romante
3364 5374 3464 5451 fa-

194 5470 419 5530 cundia
446 5469 791 5546 magistros
824 5475 1218 5547 assequatur.
1246 5469 1506 5531 Memini
1539 5470 1745 5530 virum
1775 5470 2093 5549 quemdam
2130 5469 2463 5545 illustrem,
2504 5472 2607 5533 cui
2638 5473 2902 5535 maxime
2937 5472 3277 5552 familiares
3310 5478 3463 5531 sunt

192 5562 348 5630 bona-
376 5568 632 5641 littera,
666 5587 802 5628 cum
831 5586 913 5628 ex
942 5567 1093 5628 aula
1125 5571 1300 5647 regia
1330 5587 1530 5649 nuper
1570 5570 1826 5648 rediret,
1858 5571 1965 5633 ubi
1994 5581 2051 5633 te
2079 5574 2145 5634 in
2172 5574 2480 5653 frequenti
2527 5582 2773 5639 senatus
2838 5576 3228 5656 omniumque
3280 5571 3463 5635 ordi-

454 5671 731 5730 Ριτιιοι.
773 5668 1011 5731 LXXI.
