4024 6192
323 194 3483 254 W

1078 555 1080 558 τ
1332 393 2357 711 ﬁrmitatis

327 809 469 915 In
541 839 998 911 novam
1071 804 1672 1045 editiongwm
1744 812 2146 974 sancti.
2204 808 2738 944 Gregorii
2791 806 3317 947 Episcopi

1591 980 2237 1045 uronenszs.

1591 980 1880 1050 ἀΥΟη
1891 983 2088 1051 ens
2100 983 2198 1051 23
2211 1030 2237 1056 .

1275 1217 1696 1229 ————-——

273 1376 314 1430 1.
347 1375 516 1432 Nemo
555 1378 669 1430 nisi
722 1377 1054 1447 peregrinus
1079 1377 1132 1428 in
1165 1373 1384 1428 historia
1414 1371 1615 1438 nescit,
1649 1387 1808 1440 quam
1839 1374 1890 1430 A
1989 1371 2042 1426 3.
2085 1371 2237 1438 Quod
2267 1386 2394 1429 vero
2423 1379 2779 1434 necessarium
2807 1381 2960 1435 luerit
2991 1381 3054 1436 ad
3079 1384 3289 1441 codices
3317 1403 3504 1445 manu-

222 1467 422 1522 celebris
459 1483 690 1534 semper
737 1469 888 1536 apud
922 1467 1156 1521 eruditos
1196 1466 1340 1520 viros
1389 1463 1549 1519 fuerit
1597 1472 1813 1518 sanctus

227 1559 487 1628 Gregorius
510 1559 872 1613 Turonensis
895 1558 1199 1627 episcopus,
1227 1557 1317 1625 qui
1347 1555 1622 1609 nobilitate
1650 1569 1814 1625 gene-

238 1650 319 1715 ris,
344 1652 460 1704 vitae
489 1651 895 1712 sanctimonia,
919 1663 982 1703 ac
1011 1648 1358 1714 multiplicum
1383 1648 1704 1716 scriptorum
1726 1662 1810 1701 va-

237 1739 398 1794 rietate
424 1741 564 1796 inter
586 1751 834 1796 caeteros
861 1739 960 1793 aevi
985 1739 1066 1793 sui
1093 1738 1358 1792 antistites
1379 1737 1664 1806 plurimum
1686 1738 1818 1792 emi-

245 1831 349 1886 cuit.
373 1831 470 1886 llic
499 1847 627 1885 vero
667 1831 743 1886 de
789 1829 908 1899 ejus
937 1829 1185 1896 operibus
1216 1829 1548 1897 potissimum
1579 1828 1817 1890 dicturo,

252 1923 546 1984 exponenda:
569 1924 691 1990 ejus
712 1924 904 1990 stirpis
926 1922 1269 1990 praestantiae,
1294 1923 1672 1990 praeclarisque
1702 1922 1819 1991 ejus

255 2011 388 2067 iactis
411 2013 572 2066 fusius
598 2012 928 2068 enarrandis
968 2013 1239 2066 immorari
1290 2012 1503 2067 animus
1542 2027 1649 2067 non
1695 2022 1816 2075 est,

258 2119 362 2157 cum
381 2119 439 2157 ea
455 2115 561 2157 tum
584 2121 645 2159 ex
666 2105 788 2174 ejus
816 2105 1054 2174 scriptis,
1082 2113 1192 2158 tum
1215 2104 1376 2158 etiam
1399 2119 1469 2158 ex
1495 2104 1638 2168 Vita,
1661 2120 1819 2173 quam

262 2207 363 2248 cum
393 2196 544 2248 rariis
574 2196 637 2249 de
661 2211 730 2251 eo
760 2196 998 2249 virorum
1033 2195 1322 2250 illustrium
1356 2194 1699 2258 teSIimoniis,
1743 2196 1823 2249 in-

264 2282 401 2337 ferius
424 2285 765 2352 proferemus,
791 2285 926 2340 satis
947 2299 1214 2354 superque
1234 2287 1590 2339 innotescant.
1623 2282 1821 2338 Verum

263 2375 382 2428 circa
407 2390 587 2428 novam
614 2376 734 2445 ejus
759 2391 984 2445 operum
1011 2376 1302 2430 editionem
1323 2386 1554 2444 quatuor
1577 2375 1706 2429 mihi
1731 2391 1823 2444 po-

262 2466 494 2521 tissimum
519 2478 830 2533 occurrunt,
854 2468 921 2522 de
943 2468 1138 2538 quibus
1159 2469 1420 2522 rationem
1443 2467 1673 2521 reddere
1704 2482 1824 2536 ope-

261 2571 324 2609 rae
351 2560 560 2624 pretium
609 2569 759 2628 puto.
801 2559 1036 2612 Primum
1083 2567 1199 2622 est,
1234 2572 1355 2627 qua:
1395 2557 1553 2612 fuerit
1605 2555 1825 2624 huiusve

263 2647 487 2702 editionis
513 2650 594 2704 vel
623 2651 915 2704 necessitas
946 2650 1026 2703 vel
1056 2649 1278 2704 utilitas.
1308 2647 1635 2713 Secundum,
1675 2664 1825 2717 qu:e-

1916 1462 2144 1529 scriptos
2166 1462 2407 1532 Gregorii
2435 1481 2592 1534 Opera
2625 1470 2767 1524 edita
2787 1485 3088 1537 recensere,
3121 1491 3225 1530 non
3250 1479 3380 1532 meis
3407 1482 3505 1536 sed

1917 1551 2141 1606 aliorum
2173 1555 2348 1608 verbis
2377 1558 2606 1625 probare
2641 1560 2691 1613 in
2734 1575 2975 1631 promptu
3005 1572 3089 1620 est
3118 1584 3130 1620 :
3162 1583 3280 1621 cum
3311 1572 3505 1638 passim

1917 1645 2200 1709 conquesti
2230 1645 2426 1700 fuerint
2454 1649 2551 1703 viri
2580 1651 2793 1717 eruditi,
2827 1653 2940 1709 haec
2969 1671 3072 1710 non
3103 1659 3232 1712 satis
3258 1673 3508 1718 accurate

1919 1734 1989 1787 ob
2015 1745 2254 1789 veterum
2293 1738 2538 1793 codicum
2581 1742 2846 1798 defectum
2890 1747 2954 1800 ad
3001 1751 3234 1805 auctoris
3273 1763 3508 1809 mentem

1920 1824 2060 1877 edita
2095 1824 2274 1881 fuisse.
2304 1831 2511 1897 Agmen
2539 1832 2695 1887 ducet
2726 1834 2804 1887 vir
2836 1852 3103 1905 nunquam
3131 1842 3263 1897 satis
3289 1843 3510 1899 laudan-

1920 1915 2021 1969 dus
2046 1917 2400 1990 Hieronymus
2425 1922 2734 1990 Bignonius,
2757 1929 2842 1994 qui
2871 1929 2921 1980 in
2949 1931 3254 1996 praefatione
3285 1936 3348 1988 ad
3371 1937 3511 1991 Mar-

1921 2009 2044 2060 culli
2079 2011 2331 2064 formulas
2356 2011 2509 2080 plura
2546 2026 2816 2069 asseverat
2853 2017 2908 2070 in
2937 2018 3182 2090 Gregorio
3221 2023 3512 2081 Turonensi

1921 2113 2203 2162 occurrere,
2237 2111 2280 2153 et
2309 2101 2509 2168 inﬁnita
2539 2105 2935 2175 propemodum,
2968 2126 3082 2179 qua:
3109 2112 3171 2165 ab
3198 2115 3260 2167 iis
3283 2117 3370 2184 qui
3398 2118 3508 2171 edi-

1922 2190 2122 2254 derunt,
2147 2193 2410 2246 iunnutata
2429 2206 2566 2248 sunt.
2588 2197 2730 2250 Idem
2755 2199 2952 2269 saepius
2973 2203 3196 2258 observa
3208 2206 3275 2260 sit
3292 2208 3514 2262 Hadria-

1925 2295 2024 2333 nus
2058 2281 2320 2349 Valesius,
2370 2285 2617 2342 Historias
2663 2287 2988 2345 Francorum
3029 2295 3259 2364 scriptor
3288 2314 3512 2354 accura-

1925 2374 2190 2441 tissimus,
2220 2377 2310 2445 qui
2348 2393 2467 2432 cum
2501 2383 2695 2450 saepius
2725 2398 2936 2440 errores
2988 2386 3042 2440 in
3088 2389 3244 2443 editis
3273 2389 3513 2462 Gregorii

1925 2466 2173 2532 operibus
2201 2469 2538 2535 advertisset,
2569 2475 2632 2527 ad
2664 2477 2876 2532 codices
2903 2483 3295 2550 manuscriptos
3331 2500 3514 2539 recur-

1927 2571 2045 2611 rere
2069 2568 2286 2614 coactus
2310 2561 2431 2616 fttit.
2461 2563 2524 2616 Et
2547 2567 2807 2634 quoniam,
2840 2569 3011 2638 inquit
3039 2571 3090 2625 in
3115 2573 3426 2641 przefatione
3448 2578 3514 2633 ad

1927 2649 2221 2702 secundum
2269 2652 2520 2707 volumen
2541 2695 2557 2721 ,
2588 2655 2899 2725 Gregorium
2939 2670 3122 2728 prater
3164 2676 3370 2719 cwteros
3399 2683 3518 2720 cor-

265 2752 369 2791 uam
395 2741 492 2792 sint
518 2739 756 2810 Gregorii
787 2754 974 2808 opera,
1005 2754 1180 2807 quove
1220 2748 1463 2808 tempore
1501 2749 1595 2793 aut
1632 2738 1824 2793 ordine
1855 2752 1902 2811 Β
1928 2737 2279 2805 ruptissimum
2319 2757 2431 2796 esse
2471 2745 2963 2814 animadverteram,
3016 2752 3137 2805 dedi
3179 2771 3426 2824 operam,
3465 2768 3520 2812 ut

266 2832 436 2900 scripta
465 2833 673 2888 inierint.
704 2834 972 2899 Tertium,
1003 2847 1070 2886 an
1110 2848 1175 2888 ex
1219 2832 1336 2902 ejus
1377 2832 1628 2886 Historiae
1676 2831 1828 2886 libris

266 2925 510 2992 complura
544 2925 713 2993 capita
740 2924 852 2978 sint
881 2921 1254 2992 expungenda,
1287 2931 1347 2976 ut
1371 2919 1455 2976 Cl.
1487 2921 1605 2976 viro
1633 2921 1829 2976 Carolo

266 3014 454 3070 Cointio
480 3018 645 3071 visum
671 3026 774 3073 est.
804 3017 1061 3084 Quartum
1087 3015 1337 3086 denique,
1363 3015 1489 3083 quid
1509 3014 1562 3069 in
1593 3014 1692 3070 hac
1714 3015 1830 3070 edi-

271 3107 394 3162 tione
419 3127 445 3164 a
473 3127 552 3163 tne
578 3110 873 3181 praestitum
904 3109 1082 3163 fuerit.
1117 3109 1211 3163 llis
1240 3109 1520 3177 expositis,
1543 3124 1660 3178 qua:
1691 3108 1826 3163 Gre-

267 3199 449 3264 gorium
469 3211 725 3266 spectant,
750 3208 937 3269 postea
959 3199 1026 3253 de
1045 3198 1351 3267 Fredegarii
1369 3198 1638 3266 Epitome,
1661 3197 1830 3253 Chro-

270 3289 374 3344 nic)
399 3302 448 3346 et
471 3293 950 3358 contionatoribus,
980 3307 1044 3347 ac
1071 3292 1139 3347 de
1161 3291 1468 3361 Appendice
1490 3302 1670 3346 nostra
1699 3307 1830 3360 pau-

267 3381 337 3435 cis
364 3396 632 3452 agendum.
1016 3399 1028 3406 ”

333 3473 369 3526 l.
390 3473 506 3527 —2.
539 3477 727 3530 Merito
754 3475 896 3545 apud
926 3489 1114 3530 omnes
1143 3474 1460 3530 temerarius
1489 3473 1758 3539 audirem,
1787 3475 1830 3529 si

268 3563 448 3635 absque
487 3569 717 3622 virorum
770 3569 1103 3624 eruditorum
1136 3567 1440 3622 testimonio
1470 3581 1663 3620 novam
1695 3567 1830 3622 Gre-

267 3656 389 3722 girii
404 3673 608 3726 operum
622 3660 912 3715 editionem
935 3675 1057 3715 esse
1071 3659 1451 3724 necessariam,
1471 3669 1589 3726 post
1607 3668 1683 3713 tot
1698 3659 1834 3713 alias

269 3755 316 3798 et
342 3749 534 3816 quidem
566 3751 727 3804 variis
745 3751 1075 3816 temporibus
1108 3765 1137 3803 a
1159 3751 1290 3804 viris
1305 3749 1548 3805 doctrina
1577 3757 1630 3805 et
1657 3751 1834 3805 erudi-

270 3837 405 3891 tione
430 3840 786 3894 celeberrimis
817 3839 1132 3909 publicatas,
1164 3853 1476 3894 asseverare
1507 3854 1668 3892 ausus
1697 3835 1829 3892 fuis-

270 3940 398 3981 sem.
424 3932 485 3984 At
516 3947 634 3984 cum
675 3945 811 3984 meae
854 3931 1170 3985 assertionis
1212 3931 1375 3985 vades
1424 3929 1648 3983 habeam
1689 3929 1832 3983 viros

259 4019 500 4086 eruditos,
530 4032 795 4091 quotquot
833 4024 978 4077 hisce
1009 4023 1341 4090 temporibus
1375 4022 1613 4078 historia:
1656 4028 1832 4092 gent‘s

1933 2829 2126 2898 scripta
2172 2831 2225 2884 in
2254 2834 2559 2888 membranis
2587 2838 2695 2907 ejus
2721 2838 2979 2892 volumina
3003 2845 3340 2900 nanciscerer.
3382 2849 3518 2902 Tum

1933 2921 2214 2978 recensitis
2246 2925 2520 2995 codicibus
2562 2932 2935 2999 manuscriptis
2961 2935 3051 3003 qui
3093 2935 3143 2989 in
3173 2938 3288 3005 ejus
3329 2955 3520 2995 manus

1934 3025 2308 3081 pervenerant,
2330 3019 2611 3086 profitetur
2635 3035 2694 3075 se
2725 3022 2944 3077 multum
2968 3040 3033 3079 ex
3061 3041 3246 3082 eorum
3276 3031 3518 3086 codicum

1933 3115 2182 3159 accurata
2217 3107 2446 3163 lectione
2469 3151 2482 3170 .
2516 3125 2578 3164 ac
2607 3114 2916 3168 eorumdem
2944 3117 3179 3187 diligenti
3208 3137 3329 3176 cum
3361 3123 3520 3178 editis

1935 3194 2086 3250 libris
2107 3197 2392 3254 collatione
2442 3201 2750 3272 profet-isSe,
2792 3219 2913 3259 cum
2946 3207 3000 3259 in
3043 3210 3312 3266 notatione
3354 3229 3521 3267 anno-

1935 3303 2075 3353 rum,
2107 3299 2218 3344 tnm
2247 3291 2299 3345 in
2339 3294 2553 3362 propria
2587 3293 2859 3350 hominum
2900 3297 3246 3369 locorumque
3289 3304 3521 3373 appella-

1936 3377 2102 3443 tione,
2133 3394 2198 3434 ac
2234 3381 2286 3434 in
2327 3383 2581 3438 relatione
2613 3401 2787 3440 rerum
2819 3400 3110 3457 gestarum.
3157 3392 3393 3464 Denique
3420 3413 3516 3451 ex-

1937 3468 2086 3535 ponit
2114 3469 2417 3538 singillatim
2446 3473 2739 3541 praecipuos
2762 3476 2928 3542 locos,
2953 3493 3087 3548 quos
3117 3488 3272 3536 antea
3303 3497 3522 3555 corrup-

1937 3565 2019 3613 tos
2049 3567 2102 3614 et
2133 3561 2344 3616 vitiatas
2373 3563 2613 3618 codicum
2643 3565 2854 3620 illorum
2884 3583 2985 3636 cpe
3016 3572 3268 3626 restituit.

2006 3649 2060 3703 4.
2132 3651 2254 3705 Haec
2305 3653 2576 3708 scribebat
2625 3655 2864 3712 Valesius
2899 3657 3059 3714 etiam
3112 3672 3228 3728 post
3277 3675 3519 3720 exactam

1936 3739 2400 3798 AudreaeChesnii
2423 3745 2732 3811 editionem,
2751 3763 2906 3817 quam
2934 3759 3106 3804 tamen
3141 3753 3238 3807 iste
3259 3767 3378 3807 cum
3400 3757 3523 3826 plu-

1940 3832 2087 3886 rimis
2115 3835 2390 3890 codicibus
2432 3840 2808 3908 manuscriptis
2847 3842 3096 3896 collatam
3133 3859 3192 3899 se
3229 3845 3523 3904 adornasse

1939 3933 2160 3978 testatus
2181 3935 2281 3979 est.
2310 3927 2517 3981 Valesio
2537 3930 2803 3983 consentit
2836 3931 2896 3984 R.
2925 3933 2984 3985 P.
3008 3934 3228 3987 Carolus
3251 3937 3519 4003 Cointius.

1936 4011 2164 4066 Oratorii
2199 4014 2451 4069 Gallicani
2487 4019 2782 4088 presbyter,
2814 4021 3058 4076 doctrina
3081 4033 3135 4078 et
3160 4025 3354 4093 pietate
3377 4033 3523 4086 cele-
3591 4087 3596 4091 .

262 4123 446 4169 nostrae
473 4117 795 4170 illustrandae
835 4131 1050 4184 operam
1090 4131 1240 4169 suam
1281 4114 1704 4177 collocaverunt,
1743 4132 1827 4171 me

1939 4104 2067 4168 bris,
2096 4106 2184 4171 qui
2229 4106 2282 4159 iu
2313 4106 2405 4160 illo
2429 4109 2689 4162 itmueuso
2717 4125 2899 4178 opere,
2927 4114 3066 4182 quod
3097 4120 3329 4172 Annales
3350 4124 3522 4178 eccle-

253 4205 390 4267 apud
441 4208 576 4259 viros
634 4207 886 4260 cordatos
941 4217 1249 4259 excusatum
1305 4206 1367 4260 iri
1442 4221 1545 4259 non
1599 4205 1828 4260 diflido:

260 4309 375 4349 cum
403 4300 625 4353 maxime
657 4301 708 4352 id
738 4314 875 4368 opus
915 4301 965 4353 in
1008 4315 1093 4351 me
1133 4315 1236 4351 non
1275 4301 1598 4364 susceperim
1636 4301 1835 4368 absque

263 4391 533 4444 multorum
557 4393 851 4444 amicorum
875 4393 1119 4455 consilio,
1143 4393 1228 4459 qui
1253 4392 1380 4445 mihi
1407 4393 1625 4446 haerenti
1651 4402 1705 4446 et
1729 4409 1834 4462 pra:

263 4479 449 4534 laboris
489 4482 829 4537 multitudine
875 4483 1131 4539 deterrito
1178 4484 1414 4536 animum
1466 4483 1728 4554 adjecere.
1774 4485 1833 4537 Et

262 4571 460 4636 quidem
502 4573 623 4625 licet
652 4573 760 4626 illis
791 4574 877 4641 qui
925 4574 1132 4638 priores
1167 4573 1432 4627 editiooes
1469 4583 1830 4636 curaverunt,

266 4677 356 4716 nec
373 4665 653 4718 doctiorem
676 4681 784 4728 me,
811 4680 908 4718 nec
931 4665 1321 4734 diligentiorem
1351 4665 1676 4732 existimem,
1701 4681 1836 4734 quos

269 4763 316 4804 ut
347 4757 616 4825 magistros
639 4757 779 4809 ultro
801 4771 1054 4810 revereor
1078 4765 1132 4809 et
1158 4756 1421 4824 suspicio;
1456 4772 1538 4808 me
1567 4767 1740 4810 tamen
1771 4773 1834 4811 eo

271 4842 534 4900 feliciorem
568 4862 731 4902 nemo
755 4847 1101 4911 inficiabitnr,
1136 4849 1275 4914 quod
1319 4858 1374 4901 et
1417 4848 1593 4915 plures
1621 4849 1836 4903 codices

271 4937 653 5003 manusrriptos,
677 4937 766 5003 qui
794 4938 845 4990 in
871 4936 1312 4991 bibliothecarum
1337 4938 1526 4991 forulis
1554 4946 1678 4991 tunc
1706 4939 1836 4992 latc-

271 5021 404 5088 bant,
435 5043 537 5093 prae
566 5027 811 5082 manibus
843 5027 1138 5090 habuerim,
1169 5030 1363 5098 quibus
1388 5031 1629 5098 Gregorii
1673 5048 1833 5098 opera

272 5121 529 5172 emendare
575 5119 739 5184 licuit,
783 5128 840 5173 et
890 5120 1196 5175 innumeras
1226 5123 1460 5176 virorum
1505 5123 1832 5178 eruditorum

273 5208 732 5264 animadversiones
759 5211 827 5264 de
875 5227 1060 5280 regum
1104 5222 1410 5267 nostrorum
1455 5214 1616 5267 rebus
1645 5215 1830 5282 gestis,

274 5295 332 5349 de
354 5300 676 5370 chronologia
705 5311 759 5356 et
785 5302 1114 5372 geographia
1147 5305 1417 5358 Gallicana
1441 5345 1455 5367 ,
1498 5305 1670 5372 deque
1714 5305 1832 5358 aliis

277 5391 414 5445 rebus
439 5395 500 5448 ad
524 5397 695 5464 gentis
725 5403 923 5449 nostra:
957 5396 1234 5450 historiam
1267 5398 1679 5465 pertinentibus,
1715 5399 1834 5465 qni-

275 5478 359 5533 bus
393 5483 690 5551 Gregorium
735 5489 900 5541 variis
940 5491 1078 5541 notis
1115 5498 1168 5542 et
1201 5489 1665 5545 observationibus
1708 5489 1828 5543 illu-

276 5582 423 5630 strare
449 5593 546 5630 non
573 5577 704 5633 adeo
733 5595 1021 5645 operosum
1055 5579 1170 5633 fuit.

1940 4198 2185 4249 siasticos
2235 4198 2559 4252 Francorum
2601 4199 2908 4269 inscripsit,
2962 4207 3158 4272 passim
3198 4208 3267 4264 de
3323 4211 3525 4268 vitiatis

1939 4289 2180 4359 Gregorii
2211 4293 2465 4356 operibus
2491 4303 2814 4360 conquestus
2841 4307 2942 4362 est,
2976 4299 3066 4351 sed
3099 4302 3428 4367 potissimum
3455 4309 3524 4361 ad

1939 4396 2133 4433 annum
2165 4378 2268 4434 617
2297 4397 2400 4449 quo
2447 4382 2673 4449 primum
2712 4385 2776 4437 de
2808 4386 3066 4454 Gregorio
3113 4404 3272 4459 agere
3314 4394 3522 4465 incipit,

1939 4470 2028 4522 ubi
2066 4470 2254 4524 Valesii
2299 4473 2457 4525 verba
2501 4476 2749 4540 superius
2791 4492 2818 4527 a
2871 4492 2957 4532 me
3011 4480 3219 4535 laudata
3269 4485 3522 4554 adoptat:

1937 4577 2056 4630 quae
2085 4578 2244 4616 causa
2273 4580 2394 4617 eum
2431 4565 2657 4635 impulit,
2683 4578 2739 4620 ut
2763 4578 2952 4632 prmter
2979 4587 3070 4624 eos
3097 4574 3306 4630 codices
3327 4578 3520 4645 quibus

1943 4653 2183 4709 Valesius
2215 4672 2340 4710 usus
2372 4670 2504 4722 erat,
2542 4661 2699 4713 etiam
2728 4661 2857 4715 alios
2890 4665 3237 4733 perquirt-rct,
3283 4686 3414 4737 quos
3465 4673 3517 4726 in

1938 4748 2210 4802 laudandis
2238 4749 2478 4819 Gregorii
2509 4753 2778 4818 operibus,
2820 4754 3246 4826 illttSErnndisqu-
3281 4761 3449 4814 his“)?
3470 4777 3517 4814 re

1939 4853 2134 4896 nostra:
2159 4843 2286 4895 locis
2310 4841 2698 4896 difficilioribus
2723 4844 3017 4900 adhibetet.
3037 4847 3289 4902 Sciebant
3325 4868 3517 4916 nempe

1938 4934 2035 4988 viri
2069 4936 2139 4987 illi
2171 4935 2386 5002 eruditi,
2430 4951 2588 5003 quam
2624 4937 2985 4990 necessarium
3026 4939 3094 4990 sit
3124 4941 3383 4994 editiones
3425 4959 3515 4996 ve-

1938 5035 2108 5080 terum
2137 5035 2414 5079 auctorum
2450 5026 2647 5079 habere
2675 5041 2928 5094 perquam
2978 5033 3313 5093 emendatas,
3363 5038 3515 5100 queis

1936 5118 2001 5172 ad
2059 5117 2396 5172 scribendam
2467 5118 2742 5169 historiam
2800 5120 3125 5170 recentiores
3173 5118 3514 5181 adiuventur.

1937 5215 2084 5268 llanc
2113 5213 2182 5267 ob
2210 5227 2424 5265 causam
2455 5212 2727 5278 complura
2752 5211 2991 5278 exempla
3019 5209 3219 5277 ιιι-οἷστε.
3250 5213 3517 5284 Valesius,

1933 5307 2130 5374 quibus
2161 5314 2251 5357 aut
2279 5304 2536 5372 seipsnm,
2573 5315 2661 5356 aut
2687 5303 2821 5356 alios
2851 5312 3004 5356 antea
3029 5320 3237 5359 errasse
3260 5312 3515 5379 ostendit,

1933 5399 2074 5466 quod
2115 5399 2166 5450 in
2203 5398 2414 5449 codices
2446 5411 2550 5449 non
2599 5397 2726 5449 satis
2757 5404 3002 5450 aecurate
3054 5410 3143 5451 aut
3191 5402 3507 5466 descriptos,

1935 5491 2027 5532 aut
2052 5480 2226 5532 editos
2259 5480 2622 5531 incurrissent.
2653 5477 2844 5531 Verum
2877 5478 2975 5530 etsi
3010 5479 3108 5532 hoc
3157 5483 3382 5533 maxime
3418 5499 3510 5534 cn-

1934 5572 2156 5629 randum
2182 5579 2261 5625 est
2291 5569 2355 5624 iis
2385 5571 2471 5640 qui
2499 5586 2565 5624 ex
2605 5570 2833 5640 antiquis
2871 5571 3228 5626 monumentis
3269 5572 3508 5628 lllrlUi‘lie

2394 5658 2412 5683 1
