4024 6192
506 276 574 337 15
1952 257 2035 315 PR
2043 254 2337 315 IEFATIO.
3711 244 3735 299 ί
3748 242 3781 296 6

504 390 831 449 illustrandae
871 403 1087 460 operam
1134 390 1354 448 navant,
1398 388 1457 434 ut
1493 393 1555 436 ea
1599 391 1731 449 pura
1779 384 1833 431 et
1877 375 2086 432 sincera
2116 372 2165 430 Δ
2192 384 2222 423 a
2248 365 2466 423 Francis
2482 365 2730 420 violatam
2746 363 2953 418 ulturus
2974 363 3165 418 Rheno
3181 359 3594 433 transgressoin
3621 356 3789 412 Fratr-

502 485 902 548 nanciscantur,
934 479 985 533 id
1016 488 1188 531 tamen
1220 471 1552 544 potissimum
1592 476 1675 525 est
1697 464 2090 523 observandum

503 594 626 633 cum
649 578 845 634 desunt
879 572 965 628 alii
1009 568 1254 639 ejusdem
1297 566 1397 620 mvi
1442 572 1711 627 auctores,
1737 571 1963 630 quorum
1990 569 2095 623 ope

509 669 649 726 ηπενί
699 677 754 724 et
792 676 1035 731 errores,
1082 660 1171 727 qui
1200 658 1338 713 forte
1386 657 1441 710 in
1486 654 1700 709 codices
1754 648 2091 716 irrepserint,

511 759 786 817 emendari
840 753 997 808 facile
1023 752 1247 822 possint.
1279 748 1425 803 Talis
1447 755 1529 802 est
1559 744 1847 813 Gregorius
1891 748 2092 802 noster,

507 855 699 909 unicus
723 848 926 903 scilicrt
951 852 1158 906 auctor,
1207 840 1293 909 qui
1320 838 1534 909 quidem
1565 832 1816 905 supersit.
1856 830 1946 900 qui
1972 828 2095 881 data

509 959 671 1015 opera
701 942 991 1010 primorum
1023 937 1194 1008 gentis
1227 942 1422 989 nostra!
1453 944 1657 999 regum,
1691 934 1916 998 quorum
1954 930 2094 978 tem-

508 1052 643 1108 pore
668 1034 900 1097 vivebat,
933 1040 1080 1100 gesta
1113 1028 1301 1083 litteris
1330 1023 1683 1080 mandaverit.
1716 1019 1867 1076 Unde
1907 1017 2103 1070 merito

510 1116 756 1185 Valesius
781 1125 896 1195 ejus
927 1123 1092 1178 libros
1116 1120 1349 1191 appellat
1372 1118 1618 1172 Historia:
1642 1122 1830 1169 nostra:
1858 1109 2097 1181 fundum,

512 1237 577 1276 cx
610 1234 716 1289 quo
751 1216 1015 1284 originum
1069 1225 1353 1281 rerumque
1385 1209 1757 1264 Francicarum
1791 1203 1959 1275 prima
2001 1215 2099 1254 no-

512 1312 626 1365 titia
656 1308 990 1379 potissimum
1022 1303 1310 1373 repetenda
1352 1302 1452 1366 sit,
1494 1315 1649 1369 quem
1697 1296 1825 1351 tanti
1878 1293 2104 1347 faciebat

512 1402 593 1455 vir
620 1400 708 1454 ille
730 1396 1096 1462 doctissimus,
1120 1404 1178 1449 ut
1200 1393 1435 1447 historiae.
1456 1405 1568 1445 sua:
1590 1389 1779 1455 libros,
1801 1398 1936 1454 quos
1958 1399 2103 1439 sum-

513 1508 603 1549 mo
633 1493 815 1547 labore
844 1500 899 1546 et
925 1487 1200 1555 diligentia
1250 1501 1356 1540 non
1394 1483 1597 1553 vulgari
1627 1478 1935 1542 adornavit,
1963 1492 2101 1531 nun-

513 1586 614 1641 nisi
655 1580 1069 1638 commentarios
1111 1578 1162 1631 in
1211 1574 1526 1646 Gregorium
1568 1572 1935 1628 Turonensem
1977 1580 2103 1620 cen-

512 1675 681 1732 suerit
709 1670 1074 1744 appellandos.
1104 1664 1212 1723 Nec
1238 1666 1418 1720 minus
1448 1663 1657 1719 Cointio
1682 1660 1800 1715 usui
1836 1658 1933 1713 fuit
1965 1656 2097 1711 Gre-

2200 463 2334 515 ciam
2363 459 2680 530 trajecisset,
2717 458 3000 513 Bructeros
3028 458 3160 524 ripae
3190 456 3482 523 proximos,
3515 464 3569 508 et
3594 466 3787 522 pagunt

2195 566 2351 625 quem
2384 549 2682 607 lnmlebanl
2714 547 2991 613 Chamavi,
3019 547 3169 602 nullo
3203 546 3306 602 sibi
3330 551 3668 608 occursante,
3695 541 3792 598 de-

2198 645 2481 713 populatus
2504 648 2609 705 est,
2637 642 2809 707 inquit
2834 639 2923 693 ille
2950 648 3159 703 auctor,
3198 637 3299 691 nisi
3342 635 3484 705 quod
3531 634 3684 703 pauci
3726 649 3794 688 ex

2197 732 2549 801 Ampsivariis
2574 738 2630 784 et
2654 729 2860 784 Chattis
2890 728 3222 782 Marcomere
3261 726 3398 780 duce
3428 725 3482 779 in
3511 722 3790 779 ulteriori-

2204 823 2303 879 bus
2331 822 2547 877 collium
2573 821 2716 891 jugis
2739 833 3057 889 apparuere.
3089 817 3145 873 Si
3166 819 3332 883 enim,
3360 826 3417 871 ut
3446 814 3580 871 scite
3605 814 3797 869 obser-

2199 922 2287 967 vat
2306 913 2573 975 Valesius,
2604 911 2687 964 his
2713 909 2926 980 pupulis
2953 923 3057 963 non
3082 908 3381 974 prrefuisset
3411 905 3793 971 Marcomerus,

2198 1019 2356 1075 quem
2392 1018 2548 1074 supra
2583 1002 2723 1056 idem
2765 1000 3038 1068 Sulpicius
3075 996 3403 1051 Francorum
3443 994 3664 1065 regalem
3702 1009 3795 1061 ap-

2200 1097 2515 1168 pellaverat,
2550 1108 2647 1147 nec
2676 1090 3059 1161 priores'duos
3102 1089 3327 1159 populos
3374 1085 3665 1141 defendere
3702 1085 3799 1139 de-

2201 1190 2428 1253 buisset,
2444 1201 2543 1241 nec
2567 1186 2700 1240 duos
2724 1184 3050 1253 posteriores
3072 1182 3270 1236 habere
3294 1180 3555 1248 potuisset
3574 1177 3797 1231 milites.

2208 1279 2377 1349 Reges
2416 1286 2641 1341 antunc
2666 1276 2950 1331 habuerint
2994 1274 3207 1341 Franci,
3251 1289 3318 1327 an
3358 1286 3488 1327 vero
3518 1271 3683 1325 duces
3712 1284 3802 1324 so-

2204 1368 2514 1435 lnmmodo,
2564 1377 2654 1421 aut
2706 1366 2895 1436 quovis
2943 1365 3048 1419 alio
3102 1364 3319 1419 nomine
3369 1362 3801 1433 appellarentur,

2204 1461 2497 1533 principes,
2525 1461 2861 1529 subregulos,
2887 1469 2978 1513 aut
3000 1458 3226 1528 regales,
3244 1455 3464 1526 inquirit
3486 1453 3800 1525 Gregorius,

2207 1568 2428 1622 remque
2455 1551 2507 1607 in
2540 1551 2717 1607 medio
2747 1552 3047 1621 relinquere
3090 1548 3318 1613 videtur,
3350 1562 3473 1604 cum
3523 1544 3663 1617 apud
3707 1560 3802 1601 eos

2206 1659 2455 1704 auctores
2486 1656 2610 1701 ante
2640 1644 2864 1716 Eugenii
2899 1644 3107 1716 tyranni
3142 1653 3349 1712 tempus
3378 1655 3539 1697 nemo
3564 1655 3594 1695 e
3636 1635 3802 1695 Fran-

514 1766 697 1837 gorius
728 1732 1194 1818 ecclesiasticis
1230 1756 1555 1810 Francorum
1588 1748 1868 1806 annalibus
1894 1745 2100 1802 descri-
2134 1736 2183 1797 B
2209 1741 2288 1796 cis
2327 1741 2469 1809 regis
2500 1738 2655 1793 titulo
2681 1738 2908 1791 donatus
2936 1745 3204 1792 occurrat.
3236 1734 3346 1801 Qua
3387 1736 3439 1787 in
3475 1748 3535 1788 re
3570 1732 3804 1802 graviter

515 1834 725 1921 hendis,
760 1868 895 1924 quos
916 1867 978 1905 ex
1007 1850 1125 1921 ejus
1153 1846 1304 1902 libris
1328 1854 1384 1898 ut
1412 1843 1696 1914 plurimum
1726 1845 2006 1894 contextus
2026 1834 2104 1887 vi-

514 1948 722 2005 demus.
748 1943 945 2013 Quanti
966 1950 1143 1995 antem
1169 1938 1356 1993 fecerit
1377 1934 1693 2006 Gregorium
1718 1939 1957 1986 nostrum
1980 1926 2099 1981 Hie-

515 2055 772 2114 ronymus
804 2036 1111 2108 llignonius,
1143 2049 1206 2089 ex
1235 2047 1301 2087 eo
1339 2029 1607 2100 conjicere
1647 2028 1769 2081 licet
1808 2020 1949 2093 quod
1987 2020 2105 2089 ejus

518 2110 804 2188 Historiam
830 2170 845 2193 ,
891 2127 1131 2182 codicem
1173 2124 1347 2193 legum
1379 2121 1746 2189 antiquarum,
1779 2124 1836 2169 et
1867 2110 2105 2169 Marculft

518 2225 774 2279 furinulas
799 2218 1107 2275 emendatas
1134 2223 1187 2269 et
1212 2213 1350 2266 notis
1373 2216 1681 2273 exornatas,
1707 2219 1814 2260 uno
1836 2201 2108 2256 volumine

518 2312 938 2384 comprehensas
961 2351 976 2375 ,
1014 2317 1264 2374 tanquam
1310 2316 1472 2355 unum
1512 2311 1706 2368 corpus
1738 2294 1893 2365 prisci
1936 2292 2104 2362 juris,

519 2406 678 2463 edere
714 2401 1064 2464 decrevisset,
1105 2405 1264 2464 atque
1298 2392 1367 2448 oh
1416 2392 1463 2445 id
1491 2389 1603 2461 jam
1649 2386 1863 2441 codices
1909 2386 2110 2451 aliquot

521 2498 706 2552 fuisset
736 2495 1117 2554 mutuatus,-ut
1143 2492 1370 2541 testatur
1398 2481 1480 2536 vir
1506 2477 1773 2544 eruditus,
1801 2476 1886 2545 qui
1915 2472 2107 2544 praefa-

521 2591 719 2644 tionem
748 2584 1045 2656 posthumzn
1080 2576 1319 2633 Marculli
1350 2572 1697 2630 formularum
1726 2567 1946 2626 editioni
1976 2579 2111 2635 pra:-

524 2681 658 2746 fixit,
690 2676 844 2748 cujus
873 2675 959 2729 hic
988 2672 1147 2728 verba
1174 2668 1577 2737 descripsimus.

592 2772 646 2827 5.
690 2772 764 2827 Ea
812 2770 952 2825 enim
984 2776 1064 2822 est
1095 2762 1339 2834 Gregorii
1381 2759 1549 2815 nostri
1587 2758 1816 2821 fortuna,
1849 2762 1907 2809 ut
1946 2766 2112 2823 quano

524 2863 767 2921 tumlibet
789 2860 989 2915 rustico
1012 2868 1262 2913 sermone
1286 2850 1578 2920 scripserit,
1609 2862 1765 2903 nemo
1785 2846 1853 2901 de
1876 2844 2110 2899 Franco-

525 2972 639 3012 rum
668 2950 817 3025 regni
850 2948 1158 3022 primordiis
1202 2946 1405 3014 absque
1445 2944 1559 3012 ejus
1590 2940 1829 2995 subsidio
1871 2937 2111 2993 scribere

527 3047 717 3103 valeat.
753 3038 809 3099 in
842 3045 942 3098 hoc
971 3053 1182 3110 quoque
1205 3035 1359 3091 laude
1382 3035 1595 3104 dignus,
1619 3030 1759 3101 quod
1785 3030 2108 3083 Francorum

2207 1831 2451 1897 culpatur
2479 1844 2507 1883 a
2547 1828 2772 1893 Valesio,
2815 1829 2903 1899 qui
2947 1842 3099 1898 reges
3129 1826 3270 1897 apud
3310 1826 3544 1881 Francos
3585 1833 3801 1892 semper

2206 1920 2478 1975 exstitisse
2520 1918 2821 1974 contendit.
2877 1918 3070 1972 Verum
3121 1919 3221 1975 etsi
3276 1917 3345 1973 de
3393 1918 3530 1984 regis
3588 1917 3807 1970 nomine

2208 2008 2514 2081 disputandi
2545 2009 2755 2064 animus
2783 2023 2889 2063 non
2922 2008 3014 2072 sit.
3048 2024 3154 2062 non
3201 2018 3378 2063 tamen
3423 2007 3593 2061 evrnci
3642 2019 3806 2075 posse

2208 2103 2441 2159 arbitror
2469 2116 2535 2158 es
2565 2102 2783 2171 antiquo
2806 2100 2917 2155 ullo
2940 2109 3311 2168 monumento,
3344 2098 3587 2154 Francos
3612 2112 3803 2153 omnes

2209 2178 2337 2249 tunc
2365 2193 2622 2263 temporis
2664 2191 2822 2247 unico
2866 2191 2978 2260 regi
3023 2191 3285 2261 paruisse.
3317 2190 3574 2258 Quamvis
3601 2198 3805 2245 certum

2209 2291 2455 2345 videatur
2486 2288 2740 2343 familiam
2770 2286 3000 2356 aliquam
3034 2287 3173 2343 inter
3201 2301 3294 2340 eos
3336 2284 3502 2340 fuisse
3549 2284 3804 2353 primum,

2210 2390 2267 2434 ut
2296 2379 2533 2449 loquitur
2578 2377 2889 2447 Gregorius,
2922 2386 2975 2431 et
3023 2377 3343 2443 nobiliorem,
3391 2392 3456 2432 er
3489 2390 3591 2446 qua
3626 2374 3807 2445 populi
3844 2377 3850 2385 '

2211 2482 2452 2531 rectores
2479 2472 2677 2528 assumi
2705 2480 3119 2539 consueverant,
3148 2485 3286 2539 quos
3325 2471 3550 2526 Romani
3581 2467 3808 2537 scripto-

2212 2580 2318 2631 res,
2341 2580 2437 2634 pro
2461 2564 2683 2619 aliarum
2712 2565 2947 2635 gentium
2964 2578 3112 2618 more
3133 2571 3186 2617 et
3213 2576 3312 2617 suo
3336 2561 3590 2631 loquendi
3616 2561 3803 2623 modo,

2210 2672 2353 2726 reges
2378 2664 2469 2710 aut
2497 2656 2699 2726 regulos
2728 2654 3096 2725 appellarunt;
3124 2668 3229 2724 quo
3253 2668 3383 2709 vero
3413 2652 3626 2707 nomine
3669 2652 3810 2720 apud

2212 2746 2360 2818 ipsos
2391 2747 2628 2802 Francos
2656 2748 2988 2813 dicerentur,
3020 2746 3140 2814 quis
3166 2744 3411 2799 divinare
3454 2742 3622 2798 veliti
3669 2742 3811 2798 [nter

2214 2854 2307 2895 eos
2340 2847 2518 2892 tamen
2549 2853 2700 2908 reges
2731 2837 2965 2905 aliquem
3010 2836 3177 2891 fuisse
3223 2834 3433 2890 caneris
3474 2835 3810 2904 prastantio—

2215 2947 2331 2987 rem
2362 2931 2583 2986 inficiari
2619 2930 2804 2995 nolim,
2827 2945 2949 2984 cum
2980 2928 3247 2998 ejusmodi
3278 2928 3445 2983 fuisse
3473 2927 3716 2982 videatur
3738 2941 3810 2982 ex

2217 3025 2332 3092 ipso
2384 3023 2646 3096 Gregorio
2693 3037 2796 3077 nun
2824 3022 2997 3076 solum
3045 3019 3296 3083 Chlodio,
3346 3020 3439 3075 sed
3485 3028 3543 3074 et
3586 3018 3810 3088 ipsemet

527 3137 783 3205 originem
823 3108 1207 3186 nullis—fabulis
1236 3124 1573 3192 resperserit;
1601 3119 1760 3175 sicuti
1804 3119 1981 3173 fecere
2020 3117 2109 3186 qui
2138 3108 2185 3170 (Ζ
2217 3112 2575 3178 Chlodoveus,
2604 3127 2761 3182 quem
2797 3112 3024 3182 legimus
3049 3111 3354 3180 complures
3378 3125 3409 3165 e
3437 3110 3552 3164 Suis
3581 3124 3812 3165 consan-

527 3237 709 3299 postea
738 3222 1006 3279 subsecuti
1033 3228 1158 3274 sunt
1187 3217 1430 3271 Historim
1461 3225 1657 3268 nostra:
1687 3212 1998 3280 scriptores.
2026 3209 2115 3263 Ni-

528 3322 603 3375 hil
627 3317 767 3373 enim
800 3314 961 3369 habet
986 3312 1053 3366 de
1080 3308 1326 3378 Trojanis
1368 3305 1627 3377 profugis,
1658 3318 1793 3373 quos
1829 3302 1905 3358 illi
1944 3301 2113 3355 Fran-

529 3420 713 3466 corum
746 3414 992 3477 parentes
1014 3400 1373 3465 efﬁnxerunt;
1410 3398 1541 3452 nihil
1581 3396 1650 3450 de
1692 3388 1812 3451 ulls
1850 3390 2113 3461 ejusmodi

530 3504 717 3558 naeniis
733 3510 822 3554 aut
849 3496 1064 3562 fabulis,
1088 3495 1279 3565 quibus
1303 3490 1532 3547 Historia
1554 3500 1733 3544 neSIra
1753 3484 2112 3554 postmodum,

529 3603 699 3648 stante
726 3590 901 3645 adhuc
929 3587 1099 3658 prima
1126 3600 1309 3654 regum
1338 3591 1643 3638 nostrorum
1684 3578 1851 3646 stirpe
1874 3617 1888 3641 ,
1922 3574 2112 3630 infarta

530 3696 645 3751 est,
692 3694 746 3737 nt
794 3688 937 3751 patet
981 3694 1047 3734 cx
1092 3676 1395 3744 Fredegarii
1434 3673 1725 3735 Chronico,
1768 3682 1829 3722 ac
1871 3668 2113 3736 ejusdem

531 3776 887 3847 Fragtneutis,
919 3786 1035 3838 quas
1061 3780 1176 3839 pust
1210 3768 1376 3835 ipsius
1395 3768 1801 3821 continuatores
1828 3762 2112 3822 edidimus.

530 3874 601 3925 At
621 3867 906 3936 Gregorius
928 3864 995 3917 de
1014 3860 1219 3930 origine
1249 3853 1574 3913 Francorum
1604 3856 1863 3924 dicturus,
1888 3856 2115 3927 primum

530 3969 775 4014 auctores
806 3958 920 4025 ipso
951 3953 1255 4022 superiores
1283 3950 1570 4016 consuluit,
1596 3964 1822 4016 quorum
1850 3964 1972 4005 cum
2012 3958 2117 4003 tes-

532 4054 751 4108 timonia
785 4049 1091 4111 retulisset,
1127 4057 1289 4109 pauca
1332 4042 1399 4097 de
1434 4041 1497 4097 iis
1520 4057 1637 4113 qua:
1675 4042 1830 4114 vulgo
1855 4056 1920 4098 ea
1948 4040 2017 4097 de
2058 4054 2119 4098 re

531 4140 1038 4199 circumferebantur
1067 4134 1363 4203 subjunxit.
1390 4133 1521 4187 Tres
1559 4135 1613 4187 in
1655 4132 1790 4187 hanc
1836 4146 1947 4186 rem
1989 4143 2115 4185 auc-

534 4245 679 4290 tores
706 4229 1251 4302 pruferthquicium
1278 4226 1663 4289 Alexandrum,
1697 4224 1958 4282 Renatum
1986 4223 2120 4279 Pro-

534 4328 768 4377 futurum
806 4318 1167 4390 Frigeridum.
1215 4326 1271 4371 et
1315 4316 1561 4370 Orosium
1615 4314 2120 4383 historiographum.

538 4414 869 4468 Posxremum
895 4422 1051 4461 nemo
1079 4421 1183 4460 non
1216 4405 1359 4459 novit
1382 4421 1396 4467 ;
1428 4406 1534 4458 duo
1555 4404 1643 4458 alii
1667 4404 1882 4459 nonnisi
1904 4418 1966 4458 ex
1991 4403 2121 4459 Gre-

2218 3210 2429 3279 gnineis
2459 3206 2788 3277 Francorum
2832 3221 2983 3275 reges
3030 3204 3298 3271 habuisse,
3332 3219 3468 3273 quos
3498 3219 3659 3258 unum
3693 3209 3813 3271 post

2218 3305 2445 3357 alterum
2496 3300 2821 3354 monarchia:
2861 3298 3129 3355 desiderio
3175 3307 3364 3365 captus
3412 3297 3698 3365 oppressit.
3749 3295 3813 3351 Et

2218 3394 2429 3461 quidem
2462 3407 2580 3446 cum
2614 3400 2734 3460 post
2762 3389 2878 3459 ejus
2900 3399 3130 3444 mortem
3166 3388 3255 3442 ﬁlii
3287 3389 3453 3457 ipsius
3483 3402 3702 3456 regnum
3734 3388 3814 3441 in-

2218 3492 2301 3537 ter
2329 3498 2387 3538 se
2414 3482 2713 3546 diviserint,
2736 3479 2879 3536 hunc
2906 3479 3180 3551 antiquum
3212 3478 3373 3535 fuisse
3398 3479 3576 3548 gentis
3602 3493 3809 3533 murem

2218 3573 2307 3629 vix
2341 3573 2618 3642 quisquam
2653 3584 2849 3640 negare
2878 3577 3071 3638 potest.

2301 3667 2356 3720 7.
2399 3663 2724 3719 Francorum
2759 3664 2937 3732 itaque
2967 3662 3019 3715 in
3050 3660 3290 3717 ulteriori
3324 3660 3494 3716 Rheni
3524 3660 3635 3731 ripa
3657 3659 3816 3716 sedes

2218 3765 2373 3812 erat:
2405 3753 2499 3810 sed
2528 3768 2661 3825 gens
2700 3752 2951 3807 bellicosa
2994 3760 3049 3808 et
3085 3751 3281 3822 quietis
3309 3750 3595 3820 impatiens
3625 3748 3817 3805 Rheno

2221 3864 2365 3920 saepe
2398 3848 2717 3904 transmisso
2746 3846 3106 3900 Romanorum
3132 3844 3432 3912 provincias
3452 3843 3818 3914 depopulaba—

2222 3948 2333 4008 tur,
2366 3943 2507 3994 unde
2534 3948 2673 3993 natas
2704 3937 2904 4007 passim
2934 3937 3250 3991 occasiones
3268 3935 3443 3990 multa
3476 3934 3658 4002 prtelia
3684 3949 3817 3990 con-

2222 4033 2461 4099 serendi,
2498 4033 2548 4087 in
2599 4030 2791 4100 quibus
2832 4029 3024 4084 Franci
3070 4028 3231 4083 modo
3274 4027 3504 4096 repressi
3550 4041 3614 4081 ac
3662 4026 3815 4095 victi.

2223 4133 2384 4187 modo
2409 4130 2569 4184 etiam
2597 4127 2833 4181 victores
2863 4124 3097 4179 fuerunt.
3130 4122 3380 4179 Turbatis
3408 4120 3613 4176 interea
3645 4120 3818 4189 Impe-

2225 4224 2286 4277 rii
2321 4222 2479 4275 rebus
2509 4219 2578 4273 ob
2607 4229 2823 4273 exortus
2871 4224 3147 4287 tyrannos,
3192 4223 3414 4284 utraque
3459 4228 3581 4283 pars
3621 4227 3718 4268 eos
3744 4210 3817 4270 ad

2223 4312 2324 4367 sibi
2354 4309 2715 4365 auxiliandum
2742 4307 3040 4363 advocavit.
3070 4304 3181 4361 Nec
3224 4304 3316 4361 diu
3360 4306 3501 4359 inter
3541 4304 3817 4359 Romanos

2228 4402 2467 4466 fuerunt,
2496 4402 2623 4471 quin
2655 4416 2718 4455 ex
2753 4401 2819 4454 iis
2848 4399 2997 4452 multi
3029 4413 3121 4453 sua
3154 4398 3369 4460 virtute,
3401 4406 3454 4451 et
3480 4395 3641 4451 animi
3668 4410 3817 4461 mag-

536 4505 689 4574 gorio
719 4510 902 4555 nostro
931 4496 1037 4551 noti
1067 4505 1229 4550 sunt:
1270 4510 1389 4564 quae
1428 4509 1557 4549 vero
1586 4495 1655 4547 ab
1686 4494 1747 4547 iis
1776 4493 1844 4547 de
1873 4493 2123 4550 Romanis
2156 4487 2203 4546 D
2234 4496 2472 4552 nitudine
2496 4497 2697 4566 primos
2725 4492 2933 4547 militiae
2956 4491 3173 4546 honoris
3196 4490 3411 4559 gradus,
3438 4490 3601 4542 immo
3620 4497 3674 4544 et
3700 4489 3816 4557 ipsa

540 4603 843 4655 narrantur,
875 4593 943 4644 ita
972 4589 1180 4644 caneris
1208 4586 1446 4641 historia:
1467 4586 1722 4641 Romana:
1764 4586 2119 4640 monumentis

539 4697 664 4743 sunt
691 4698 945 4748 consona,
978 4692 1036 4737 ut
1062 4695 1157 4735 eos
1183 4692 1394 4749 quoque
1422 4678 1490 4733 de
1526 4670 1743 4732 Francis
1781 4692 1902 4732 vera
1947 4678 2117 4743 scrip-

540 4782 677 4836 sisso
704 4776 787 4832 vix
820 4775 1099 4845 quisquam
1129 4772 1350 4827 inficiari
1382 4771 1573 4840 possit,
1604 4771 1840 4826 maxime
1880 4787 1998 4825 cum
2043 4774 2121 4826 vi-

540 4875 765 4929 deantur
794 4870 930 4924 circa
962 4867 1047 4921 illa
1079 4876 1315 4935 tempora
1347 4864 1611 4920 floruisse.

612 4964 666 5020 6.
711 4964 785 5017 Ex
821 4961 1032 5015 illorum
1074 4971 1200 5012 vero
1245 4964 1521 5008 auctorum
1572 4952 1895 5007 testimoniis
1938 4963 2116 5022 patet,

544 5059 779 5113 Francos
810 5056 898 5108 ditt
930 5054 982 5107 in
1015 5067 1075 5106 ea
1102 5049 1319 5119 regione
1348 5049 1561 5101 stetisse
1589 5091 1601 5114 ,
1646 5063 1762 5114 quae
1790 5049 1921 5100 ultra
1953 5047 2123 5101 Rheni

543 5151 712 5217 ripam
731 5146 899 5215 posita
922 5153 1025 5208 est,
1050 5155 1205 5211 quam
1229 5139 1350 5195 ideo
1374 5140 1422 5194 in
1454 5137 1880 5205 Pcntingcriniis
1910 5140 2122 5204 tabulis,

544 5239 767 5306 aliisque
798 5236 993 5290 veteris
1020 5231 1319 5289 Germania:
1356 5231 1804 5300 descriptionibus
1843 5227 2125 5283 Franciam

544 5329 799 5397 appellari
834 5342 936 5381 non
966 5326 1166 5380 dubito.
1216 5325 1365 5381 lianc
1393 5335 1538 5380 certe
1577 5339 1640 5378 eo
1683 5324 1897 5379 nomine
1925 5323 2125 5380 diserte

547 5420 873 5486 nuncupavit
892 5416 1153 5480 Sulpicius
1177 5416 1478 5470 Alexander
1500 5432 1528 5469 a
1554 5415 1813 5484 Gregorio
1836 5415 2078 5470 laudatus
2108 5434 2119 5468 :

546 5526 609 5565 ex
639 5524 745 5577 quo
772 5508 929 5561 etiam
961 5505 1254 5573 colligimus
1283 5506 1670 5574 Ampsivarius,
1703 5506 1938 5567 Chattos,
1966 5507 2125 5560 Bruc-

548 5614 692 5656 teros
722 5608 775 5652 et
822 5596 1119 5651 Chamavos
1156 5594 1397 5648 Francia:
1435 5595 1609 5662 gentis
1657 5594 1899 5647 surculos
1939 5594 2122 5651 fuisse.

546 5694 752 5765 Quippe
782 5708 899 5750 cum
932 5690 1250 5761 Arhogastes
1278 5689 1501 5744 Romani
1547 5689 1755 5758 imperii
1796 5689 2126 5758 majestatcm

2224 4589 2399 4642 civilia
2429 4587 2603 4641 ofﬁcia
2633 4583 2948 4639 meruerint.
2984 4584 3049 4638 Et
3076 4583 3290 4651 quidem
3319 4581 3428 4651 jam
3473 4583 3630 4647 longe
3654 4592 3814 4636 antea

2226 4680 2424 4733 hedera
2459 4678 2686 4733 inierant
2730 4674 2954 4728 Romani
2983 4688 3103 4726 cum
3141 4672 3397 4733 Francis,
3436 4686 3556 4740 qua!
3603 4671 3815 4727 nonnisi

2225 4780 2478 4827 renovata
2494 4769 2656 4823 fuisse
2681 4766 2898 4834 Eugenii
2925 4765 3255 4834 temporibus
3273 4779 3337 4818 ex
3354 4764 3569 4829 Sulpicii
3584 4768 3621 4816 Α
3634 4765 3818 4819 lexan-

2226 4865 2309 4919 drt
2339 4862 2517 4919 verbis
2551 4868 2778 4914 testatur
2817 4856 3122 4927 Gregorius.
3164 4855 3273 4910 Nec
3313 4857 3598 4919 immerito,
3638 4856 3685 4911 si
3725 4870 3819 4910 ve-

2227 4970 2343 5009 rum
2375 4955 2445 5009 sit
2471 4953 2611 5020 quod
2642 4952 3028 5005 Constantinus
3063 4948 3551 5018 Porphyrogenitus
3576 4946 3814 5014 impera-

2229 5059 2313 5102 tor
2339 5047 2404 5101 ad
2438 5048 2733 5099 Romanum
2778 5044 2940 5096 filium
2982 5057 3136 5096 suum
3173 5040 3388 5103 scribit,
3429 5038 3634 5094 scilicet
3673 5038 3817 5094 Coo-

2228 5137 2449 5193 stantini
2481 5136 2651 5204 Magni
2690 5135 2910 5190 decreto
2934 5135 3199 5187 sancitum
3231 5132 3414 5193 fuisse.
3455 5146 3519 5184 ne
3563 5131 3813 5197 Romam,

2229 5230 2466 5301 exceptis
2491 5230 2621 5284 solis
2649 5227 2889 5290 Francis,
2921 5240 3040 5279 cum
3085 5223 3328 5277 barbatis
3371 5235 3603 5291 unquam
3644 5222 3819 5277 natiu-

2230 5325 2385 5379 nibus
2413 5322 2585 5378 fmdus
2614 5318 2827 5373 inirent.
2864 5318 2987 5371 llaec
3014 5315 3209 5384 quippe
3248 5314 3362 5370 sola
3400 5322 3520 5370 erat
3566 5315 3815 5370 vincendi

2234 5416 2465 5469 Francos
2491 5411 2652 5476 ratio,
2704 5410 2744 5461 si
2800 5406 3090 5463 fcederibns
3120 5405 3288 5469 initis,
3338 5413 3430 5461 aut
3478 5405 3585 5458 alio
3628 5406 3818 5473 quovis

2233 5504 2391 5559 modo
2418 5517 2445 5553 a
2478 5499 2649 5553 solitis
2696 5495 3112 5565 praedationibus
3155 5495 3427 5551 abstinere
3472 5506 3812 5565 cogerentur.

2236 5595 2382 5649 Unde
2410 5590 2661 5646 Libanius
2688 5590 2736 5639 in
2763 5586 3087 5656 Panegyrico
3114 5585 3428 5641 Constantio
3456 5597 3511 5640 et
3535 5586 3816 5642 Constanti

2234 5682 2643 5756 imperatoribus
2666 5679 2831 5745 dicto,
2863 5678 2944 5732 his
2969 5679 3299 5748 principibus
3324 5677 3623 5747 gratulatur
3647 5679 3715 5732 ub
3743 5678 3805 5747 ju
