4024 6192
234 244 283 297 Π
1684 268 2071 329 ΡηιΕΡΔΤΚ).

236 628 401 694 pressi,
430 628 697 698 deinceps
729 631 1096 689 Romanorum
1121 640 1422 706 provincias
1438 648 1677 715 aggressi
1706 664 1809 703 non

236 715 464 780 fuissent,
495 734 622 771 cum
655 718 798 777 idem
826 724 1053 779 omnino
1078 729 1286 783 censeri
1315 732 1507 787 debeat
1536 736 1620 788 vel
1647 736 1811 793 Frau-

233 825 305 864 cos
332 811 635 867 COttcitatos
662 814 902 882 vincere,
934 819 1013 873 vel
1041 820 1259 881 efﬁcere
1306 834 1361 879 ut
1408 842 1511 881 non
1535 832 1810 887 conciten-

234 909 317 952 tur.
350 899 550 954 Franci
582 903 766 972 igitur,
791 904 982 976 inquit,
1015 919 1117 961 tum
1142 929 1293 985 graue
1312 918 1499 986 jugum
1525 919 1805 978 subierunt.

233 989 413 1045 Emam
442 994 556 1047 haec
586 995 691 1048 illis
716 999 935 1053 servitus
959 1012 1032 1054 est
1060 1003 1225 1059 nullos
1253 1006 1436 1062 habere
1456 1027 1581 1079 quos
1610 1012 1808 1084 ἀεργίη-

235 1095 416 1137 acnlttr.

289 1188 338 1242 8.
376 1190 512 1245 Cum
546 1208 673 1247 vero
696 1196 949 1253 inclinata
971 1201 1191 1258 omnino
1206 1202 1420 1274 imperii
1449 1208 1673 1267 Romani
1694 1229 1807 1270 ma-

228 1278 422 1353 jestate,
468 1285 651 1340 nullus
701 1287 811 1355 jam
852 1288 1175 1349 Francorum
1220 1296 1386 1352 armis
1424 1300 1673 1361 resistere
1714 1320 1809 1374 po-

230 1381 329 1429 tens
343 1385 510 1440 esset,
537 1392 642 1432 non
667 1379 827 1434 molo
856 1384 1156 1450 provincias
1184 1386 1561 1458 deprmdaturi,
1594 1395 1687 1452 sed
1718 1413 1805 1453 se-

229 1460 333 1513 dem
352 1462 453 1517 sibi
477 1475 677 1519 certam
701 1470 1009 1537 acquisituri
1036 1472 1278 1531 Rhenum
1298 1480 1643 1550 transierunt,
1663 1488 1803 1554 quod

229 1566 335 1604 cum
388 1554 560 1621 primo
602 1557 765 1613 variis
803 1560 1189 1632 irruptionibus
1236 1576 1559 1639 mutassent,
1601 1576 1799 1632 sensim

231 1644 427 1696 tandem
461 1646 617 1701 variis
648 1653 1017 1718 progressibus
1048 1658 1206 1711 modo
1246 1675 1350 1714 una
1374 1701 1392 1726 ,
1432 1665 1592 1721 modo
1634 1669 1798 1724 altera

231 1732 342 1785 urlte
364 1745 458 1785 aut
490 1738 764 1800 provincia
793 1742 894 1794 sibi
932 1743 1230 1813 acquisitis,
1268 1753 1639 1813 obtinuerunt.
1681 1759 1800 1816 Pri-

227 1838 371 1887 tuum,
401 1828 494 1896 qui
529 1830 580 1882 in
618 1828 802 1886 Galliis
841 1837 990 1903 regni
1016 1836 1352 1901 fundamenta
1388 1848 1549 1915 jecit,
1597 1848 1799 1907 Phara-

226 1917 459 1971 muudurr.
514 1921 716 1991 vulgati
760 1934 1008 1981 auctores
1043 1931 1315 1999 appellant
1359 1952 1373 1992 :
1405 1946 1462 1991 at
1499 1939 1565 1995 de
1590 1955 1657 1995 eo
1689 1952 1792 1997 tam

223 2012 346 2077 apud
374 2012 714 2085 Gregorium,
758 2035 915 2089 quam
956 2032 1010 2077 et
1052 2027 1193 2095 apud
1234 2027 1634 2102 Fredegatium,
1675 2037 1793 2106 ejus

224 2100 618 2168 epitmuatorem
638 2115 692 2162 et
712 2110 1142 2173 continuatorem
1160 2100 1612 2195 antiquissimum,
1625 2128 1788 2185 altum

223 2192 403 2260 ubique
434 2195 723 2253 silentium.
760 2199 807 2253 ls
834 2202 1043 2273 honor,
1093 2208 1139 2261 si
1181 2208 1441 2280 Gregorio
1478 2192 1788 2290 credamus,
1850 2218 1855 2223 ’

219 2284 378 2350 potius
402 2287 683 2344 Chlodioni
705 2333 722 2356 ,
753 2307 849 2347 seu
869 2338 884 2361 ,
918 2304 975 2351 ut
1002 2310 1121 2353 eum
1166 2302 1433 2370 appellat,
1476 2284 1786 2379 Cblogioni,

216 2376 382 2432 deberi
409 2379 647 2450 videtur,
676 2388 769 2453 qui
799 2388 940 2456 apud
970 2389 1279 2463 Di5pargutn
1310 2410 1545 2456 castrum
1582 2376 1638 2459 in
1677 2416 1787 2462 ter-

220 2476 356 2528 mino
380 2475 780 2551 'i'boriugorum
803 2521 820 2547 ,
847 2499 975 2551 seu,
1009 2498 1065 2543 nt
1100 2490 1192 2543 alii
1230 2495 1498 2565 scribunt,
1542 2499 1787 2570 Tungro-

215 2578 339 2631 rum,
370 2566 702 2638 inhabitans,
734 2574 914 2631 missis
941 2576 1169 2644 primum
1200 2578 1551 2640 Camaracutn
1596 2566 1785 2661 exple-

213 2656 490 2723 nitoribus,
524 2658 668 2714 hanc
693 2670 877 2728 postea
908 2666 1093 2723 urbem
1113 2678 1387 2743 totamque
1420 2656 1688 2748 regionem
1718 2687 1784 2739 ad

212 2740 478 2801 Summam
510 2748 736 2805 ﬂuvium
768 2757 1065 2822 occupavit.
1096 2758 1224 2815 Haec
1254 2740 1589 2822 solummodo
1620 2771 1688 2826 de
1718 2788 1785 2829 eo

215 2848 452 2893 memorat
486 2839 804 2909 Gregorius.
852 2844 928 2901 De
955 2846 1199 2905 Heroveo
1233 2867 1361 2907 vero
1390 2870 1514 2924 rege
1539 2859 1591 2912 id
1622 2876 1782 2917 unum

209 2925 338 2991 dicit,
364 2930 507 2999 quod
542 2946 575 2985 e
605 2930 917 3003 Cblogionis
950 2936 1122 3007 stirpe
1156 2956 1464 3010 procreatus
1493 2963 1779 3007 asseratnr.

219 3015 365 3085 ilujns
390 3022 533 3076 filius
564 3021 896 3080 Gltildericus
926 3027 1023 3083 fuit
1050 3047 1065 3084 ;
1089 3031 1243 3101 cujus
1267 3036 1463 3091 variam
1493 3040 1778 3109 tot-urnam,

206 3104 351 3163 idest
378 3125 406 3163 e
435 3126 610 3181 regno
653 3115 1045 3185 expulsionetn,
1088 3132 1144 3175 et
1182 3131 1303 3190 post
1343 3126 1546 3196 aliqum
1588 3104 1778 3203 annos,
1808 3108 1853 3170 α

206 3199 373 3263 quibus
384 3201 616 3273 Egidius
629 3205 888 3263 Romanm
911 3212 1113 3267 militiae
1132 3220 1387 3287 magister
1408 3221 1626 3280 Francis
1648 3199 1782 3297 pne;

205 3286 349 3347 fuisse
374 3295 598 3359 dicitur,
630 3300 1049 3373 restitutionem,
1075 3310 1219 3364 solus
1246 3325 1428 3369 narrat
1450 3315 1735 3388 Gregorius
1761 3341 1775 3377 :

209 3393 254 3435 at
277 3387 493 3444 certiora
527 3401 660 3445 sunt
687 3407 808 3461 quae
837 3395 904 3450 de
939 3397 1178 3467 ejusdem
1210 3405 1352 3475 regis
1378 3406 1430 3461 in
1461 3387 1660 3467 Gallias
1684 3431 1777 3470 ex-

204 3473 545 3539 peditionibus
575 3480 759 3547 habet,
789 3483 841 3538 in
870 3486 1062 3551 quibus
1082 3473 1424 3553 Aurelianum
1451 3509 1506 3554 et
1532 3503 1776 3575 Andega-

201 3578 279 3618 vos
304 3570 454 3626 urbes
503 3573 845 3631 clarissimas
891 3579 1188 3640 obtinuisse
1237 3603 1586 3649 memoratur.
1631 3570 1774 3654 Obiit

200 3658 509 3723 Cbiidcricus
546 3670 604 3722 i
632 3668 846 3740 Belgica
877 3679 1131 3745 secunda,
1159 3682 1244 3736 ubi
1272 3698 1440 3755 prope
1469 3688 1768 3747 Turnacutn

196 3756 405 3811 tumulos
426 3760 549 3827 ejus
582 3774 762 3816 nostra
787 3774 945 3821 aetate
961 3768 1201 3827 detectus
1226 3785 1309 3829 est
1339 3794 1352 3828 :
1383 3780 1536 3847 cujus
1580 3784 1624 3837 si
1650 3786 1767 3852 quis

194 3840 652 3907 cupitaccurasam
694 3848 891 3905 habere
932 3852 1372 3928 descriptionem,
1404 3840 1541 3934 legat
1573 3840 1765 3924 librum

186 3942 241 3979 ea
267 3936 327 3986 de
355 3951 410 3989 re
428 3951 461 3989 a
486 3936 770 3993 Chiffletio
790 3941 988 3999 editum
1013 3962 1157 4003 anno
1181 3953 1349 4009 H555:
1382 3959 1609 4025 pretiosa
1638 3978 1766 4019 vero

184 4019 374 4078 cimolia
404 4043 523 4096 qua;
558 4031 617 4083 in
640 4046 708 4086 eo
728 4033 943 4090 inventa
972 4048 1116 4107 sunt,
1148 4042 1202 4097 in
1253 4045 1577 4107 Bibliotheca
1616 4057 1760 4125 regia

185 4107 383 4171 Parisiis
411 4120 708 4177 habentur.
735 4127 817 4178 An
852 4141 976 4180 vero
1006 4129 1082 4184 illi
1114 4147 1269 4202 reges
1298 4137 1350 4190 in
1380 4138 1566 4197 Galliis

183 4199 302 4258 lixas
320 4207 632 4279 habuerint,
667 4229 926 4284 nusquam
957 4218 1155 4276 diserte
1177 4199 1428 4295 exprimit
1446 4199 1757 4303 Gregorius;

180 4306 265 4349 eos
288 4306 458 4355 tamen
498 4318 731 4373 regnum
777 4321 931 4360 suum
977 4311 1028 4362 in
1080 4312 1304 4382 Belgicae
1345 4322 1592 4376 secunda:
1624 4324 1758 4382 fines

181 4390 521 4460 protendisse,
556 4396 703 4449 unde
746 4395 800 4450 in
844 4397 977 4453 alias
1005 4399 1295 4460 Galliarum
1327 4411 1623 4476 provincias
1662 4432 1755 4471 ex-

176 4480 464 4549 currebant,
506 4484 605 4538 vix
645 4486 931 4554 quisquam
975 4492 1218 4549 dubitare
1265 4508 1461 4563 potest.
1518 4503 1755 4575 Eamque
1788 4493 1834 4552 Ι)
1861 4508 1911 4561 in

175 4563 393 4636 Gregorii
443 4572 618 4629 fuisse
669 4584 902 4631 mentem
950 4581 1144 4651 colligo
1181 4600 1246 4640 ex
1270 4563 1752 4654 substitutionelde

178 4656 343 4727 Egidio
364 4665 415 4719 in
437 4666 737 4722 Cbilderici
757 4669 935 4724 locum
965 4672 1122 4729 facta.
1150 4675 1366 4747 Egidius
1388 4683 1526 4736 enim
1554 4686 1605 4739 in
1628 4686 1748 4742 Bei-

174 4751 272 4817 gica
296 4759 529 4812 secunda
554 4760 1054 4834 ntorabatur,cujus
1076 4771 1222 4838 regni
1254 4775 1433 4828 sedem
1456 4778 1743 4848 Augustam

173 4838 501 4903 Suessionum
532 4849 717 4904 adhuc
750 4854 966 4908 tenebat
984 4855 1128 4912 ﬁlius
1155 4859 1269 4927 ejus
1312 4838 1589 4934 Syagrius,
1620 4887 1738 4929 cum

171 4943 272 4985 eam
295 4938 488 4994 exinde
517 4940 735 5008 ptusum
765 4957 829 4997 ac
857 4943 1121 5000 devictum
1142 4947 1483 5010 Chlodoveus
1526 4963 1739 5019 tandem

172 5022 317 5078 occidi
342 5030 579 5084 curavit.
604 5029 719 5084 δώ
745 5039 802 5084 et
826 5032 945 5099 ipse
967 5034 1327 5106 Cbiodoveus,
1357 5049 1505 5116 regni
1534 5058 1739 5118 paterni

171 5105 317 5168 hctus
341 5117 539 5183 sares.
565 5118 705 5174 nihil
735 5134 841 5176 non
864 5125 1051 5191 movit,
1073 5105 1739 5200 υιθιτοείοηεὶσείιίεέέᾶ

171 5200 396 5264 Romanis
423 5211 614 5266 adhuc
636 5214 905 5280 subiectas
936 5216 1232 5287 invaderet,
1257 5236 1313 5280 et
1333 5227 1503 5285 vicina
1526 5248 1736 5306 quoque

169 5307 308 5362 regna
336 5313 437 5354 suo
479 5301 717 5370 imperio
755 5304 1094 5375 sulrjugarct;
1122 5327 1243 5379 quae
1280 5314 1331 5370 ei
1382 5318 1479 5374 fuit
1518 5301 1730 5383 occasio

168 5385 339 5444 multos
359 5404 395 5448 e
424 5392 542 5447 suis
567 5395 984 5465 consanguineis
1009 5412 1185 5459 morte
1212 5406 1499 5468 efﬁciendi.
1531 5415 1731 5477 Occisis
1778 5400 1781 5405 V

166 5472 322 5545 itaque
352 5483 443 5549 qui
466 5498 505 5538 ε
527 5492 700 5552 gente
736 5482 1061 5545 Francorum
1096 5505 1280 5564 erant,
1340 5500 1460 5556 aliis
1495 5507 1727 5579 regibus,

168 5561 460 5642 interempto
485 5575 722 5645 Syagrio
741 5576 1000 5637 Romanae
1040 5586 1241 5643 militia:
1266 5561 1538 5666 prefecto,
1555 5561 1730 5672 lup;

168 5658 278 5713 ratis
302 5676 405 5718 non
428 5669 611 5723 semel
643 5665 1125 5740 Burgundionibus.
1151 5692 1215 5736 ac
1243 5679 1474 5754 denique
1503 5658 1728 5751 devictis

1916 562 2271 636 Calludraque
2298 577 2443 644 regni
2472 574 2689 635 Parisiis
2715 588 3019 653 constituta,

1912 652 2041 708 illud
2076 673 2316 729 regnum,
2346 667 2488 734 quod
2529 668 2815 739 hactenus,
2864 676 2974 733 Deo
3014 681 3137 750 Opt.
3183 685 3321 742 Max.
3353 652 3492 759 prae;

1911 754 2106 813 stante,
2143 765 2465 822 perseverat,
2490 759 2557 813 ad
2582 777 2844 818 summum
2874 769 3138 840 fastigium
3159 754 3371 844 extulit,
3401 797 3493 834 cu-

1905 837 1994 902 jus
2020 854 2378 907 praecessores
2408 851 2605 909 tamdiu
2632 837 3367 936 fundamentis'imponendis
3408 873 3488 926 iu-

1910 926 2250 987 sudaverant.
2884 1016 2892 1021 η

1980 1018 2030 1073 9.
2048 1022 2296 1089 Quaenam
2323 1046 2450 1087 vero
2475 1046 2599 1094 ante
2620 1039 2750 1101 illud
2775 1018 2979 1115 tempus
3017 1050 3291 1121 regiminis
3308 1054 3482 1110 forma

1908 1112 2048 1180 apud
2081 1113 2317 1175 Francos
2349 1124 2622 1195 valuisset,
2648 1146 2769 1205 quae
2797 1112 2977 1193 essent
3002 1156 3187 1198 eorum
3219 1145 3363 1215 leges
3392 1159 3485 1204 aut

1907 1209 2345 1280 consuetudines,
2380 1231 2553 1289 quove
2581 1224 2767 1287 ordine
2796 1244 2947 1298 reges
2976 1243 3067 1291 aut
3096 1237 3340 1303 patribus
3368 1254 3481 1296 suc-

1905 1293 2179 1365 cederent,
2202 1314 2291 1355 aut
2325 1322 2387 1359 ex
2422 1310 2566 1377 regia
2600 1316 2791 1373 lamilia
2820 1321 3168 1391 eligerentur,
3195 1344 3353 1397 quam
3385 1334 3478 1386 de-

1906 1384 2067 1457 nique
2107 1405 2262 1463 reges
2285 1396 2543 1455 baberent
2574 1406 2624 1461 in
2652 1384 3313 1489 subditos'ancwritatem,
3334 1424 3478 1477 difﬁ»

1903 1475 2163 1537 cillimum
2199 1492 2283 1539 est
2310 1502 2594 1556 exponere.
2630 1497 2827 1559 Eorum
2852 1506 3157 1575 religionem
3178 1528 3288 1569 uno
3315 1516 3477 1571 verbo

1903 1564 2101 1622 indicat
2129 1568 2439 1647 Gregorius,
2460 1598 2580 1643 cum
2619 1602 2715 1645 eos
2741 1596 3099 1666 {mtalicorum,
3132 1604 3182 1657 id
3209 1616 3290 1660 est
3316 1622 3474 1681 pagu-

1902 1671 2112 1761 norum,
2134 1668 2405 1729 erroribus
2438 1674 2597 1734 fuisse
2611 1680 2856 1741 detentus
2872 1688 2963 1751 ait,
2984 1693 3288 1761 priusquam
3316 1668 3475 1754 Gulo-

1835 1746 1879 1809 Β
1907 1744 2110 1804 doveus
2159 1754 2513 1820 ChriStianam
2565 1770 2876 1839 religionem
2916 1744 3195 1849 amplexus
3238 1786 3469 1848 fuisset:

1902 1842 2183 1898 nonnullos
2213 1856 2386 1906 tamen
2417 1869 2478 1911 ex
2504 1856 2570 1915 iis
2598 1859 2828 1919 Arianos
2873 1867 3039 1927 fuisse
3083 1876 3380 1945 colligimus
3401 1898 3468 1937 ex

1899 1931 2088 1987 eodem
2115 1949 2351 2008 auctore,
2368 1946 2454 2014 qui
2486 1946 2883 2017 Lantecbildem
2909 1960 3200 2023 Citlodovei
3227 1985 3466 2029 sororem

1897 2024 2149 2084 Arianam
2194 2031 2359 2091 fuisse
2404 2054 2807 2105 commemorat.
2851 2052 3017 2123 llujus
3065 2060 3263 2130 quippe
3306 2077 3467 2122 sectas

1900 2133 2115 2178 errores
2144 2142 2171 2180 a
2196 2129 2362 2185 Gallis
2391 2148 2484 2189 seu
2515 2137 2769 2200 Romanis
2795 2144 2886 2201 illa
2917 2154 3020 2205 non
3049 2153 3350 2227 imbiberat,
3374 2163 3465 2229 qui

1896 2208 1963 2261 ab
1995 2211 2057 2265 iis
2099 2214 2253 2282 plane
2280 2235 2432 2282 erant
2460 2226 2744 2301 immunes,
2775 2237 2867 2292 sed
2897 2249 2988 2297 aut
3023 2256 3053 2297 a
3080 2208 3464 2305 contribuiilius

1895 2300 2027 2367 suis,
2057 2315 2148 2359 aut
2173 2320 2320 2366 certe
2348 2315 2414 2368 ab
2444 2317 2561 2374 aliis
2579 2300 2840 2394 barbaris,
2861 2343 2996 2397 quos
3026 2331 3138 2391 fere
3156 2352 3344 2395 omnes
3362 2344 3464 2399 itoc

1893 2402 2104 2448 veneno
2134 2395 2356 2459 infectos
2379 2404 2536 2463 fuisse
2565 2426 2725 2468 nemo
2752 2420 2940 2475 nescit.
2966 2421 3164 2484 Tantus
3201 2444 3325 2485 vero
3350 2442 3463 2488 erat

1890 2483 1943 2538 in
1971 2486 2188 2545 Francis
2215 2494 2279 2548 ad
2308 2513 2516 2567 pugnas
2546 2506 2724 2575 ardor,
2744 2518 2887 2566 tanta
2917 2516 2981 2571 ad
3016 2516 3210 2579 bellum
3236 2483 3461 2591 properi;

1887 2576 1992 2643 sin,
2020 2588 2100 2649 ut,
2124 2590 2260 2643 teste
2289 2586 2530 2657 Libanio.
2552 2593 2818 2657 felicitatis
2848 2618 2980 2671 apex
3006 2610 3145 2676 apud
3169 2626 3260 2665 eos
3276 2628 3459 2671 essent

1890 2670 2014 2726 belli
2047 2684 2306 2745 tempora,
2329 2692 2380 2735 et
2408 2686 2633 2743 inutilati
2658 2706 2764 2745 uno
2788 2670 3057 2760 membro:
3076 2712 3223 2769 parte
3250 2706 3452 2775 reliqua

1887 2761 2089 2832 integra
2141 2770 2522 2835 prmliarettlur.
2568 2776 2804 2851 Singulis
2853 2796 3029 2843 autem
3072 2761 3452 2850 annis-saltem

1884 2857 2048 2910 semel
2077 2857 2128 2912 in
2161 2875 2321 2916 unum
2368 2870 2750 2929 conveniebant
2776 2874 2847 2929 de
2887 2880 3045 2935 rebus
3087 2885 3306 2952 majoris
3330 2905 3446 2945 mo-

1886 2951 2051 3005 menti
2090 2953 2429 3023 collocututi,
2458 2961 2511 3017 id
2543 2972 2625 3021 est
2669 2965 2735 3021 de
2760 2968 2900 3027 bello
2929 2972 2981 3031 in
3012 2951 3195 3033 hostes
3242 2995 3457 3048 promo"

1888 3038 2084 3109 vendo,
2116 3055 2205 3098 aut
2229 3057 2375 3104 certe
2402 3050 2468 3104 de
2493 3053 2666 3123 aliqua
2698 3057 2995 3128 irruptione
3021 3063 3259 3124 facienda
3294 3070 3344 3125 in
3376 3074 3430 3131 vi

1884 3128 2033 3185 ciuos
2062 3137 2317 3204 pepulos;
2351 3153 2506 3207 capta
2545 3147 2746 3214 praeda,
2794 3153 2986 3222 singuli
3026 3169 3175 3214 sorte
3211 3172 3305 3216 aut
3348 3165 3453 3219 alio

1882 3224 2069 3290 quovis
2100 3227 2259 3283 modo
2286 3240 2496 3299 partem
2523 3250 2674 3292 suam
2709 3239 3041 3301 obtinebant.
3076 3249 3228 3317 Quod
3261 3253 3333 3305 ita
3362 3269 3450 3309 re-

1881 3315 2068 3385 ligiose
2094 3330 2360 3378 servatum
2400 3326 2564 3385 fuisse
2602 3331 2902 3405 colligimus
2932 3353 2997 3393 ex
3029 3340 3144 3409 ipso
3162 3340 3445 3413 Gregorio,

1879 3416 1936 3465 ut
1962 3425 2029 3465 ne
2051 3412 2264 3482 quidem
2289 3432 2379 3471 rex
2404 3418 2549 3475 aliud
2580 3424 2856 3494 percipere
2880 3431 3100 3499 soleret,
3120 3412 3287 3504 quam,
3302 3441 3447 3509 quod

1875 3502 1925 3555 ei
1949 3507 2219 3561 communi
2243 3509 2407 3567 sortis
2439 3511 2557 3582 iuge
2586 3514 2887 3585 obtigisset.

1950 3592 2033 3647 10.
2068 3593 2147 3649 llli
2207 3612 2364 3664 porro
2418 3614 2713 3663 conventus
2758 3609 3265 3682 Campus-Martius,
3298 3619 3381 3673 vel
3415 3636 3444 3675 a

1872 3681 2041 3738 Marte
2084 3687 2347 3746 bellorum
2389 3692 2512 3758 deo.
2545 3705 2631 3751 aut
2670 3712 2701 3751 a
2741 3698 2933 3761 Mattio
2961 3719 3165 3773 mense,
3191 3724 3299 3778 quo
3332 3712 3444 3766 fieri

1870 3774 2136 3842 solebant,
2166 3782 2777 3852 nuncupabanlurJiinc
2797 3806 2918 3851 cum
2946 3806 3132 3863 postea
3162 3774 3224 3854 in
3244 3801 3439 3857 Maium

1871 3879 2107 3920 mensem
2129 3884 2157 3922 a
2186 3871 2411 3940 Pippino
2431 3877 2670 3934 translati
2698 3880 2942 3949 fuissent,
2962 3891 3158 3955 passim
3187 3889 3440 3962 Campus-

1867 3957 2010 4026 Maii,
2040 3976 2135 4014 seu
2159 3962 2314 4018 Madii
2346 3970 2600 4034 appellati
2632 3972 2865 4033 fuerunt.
2891 3978 3279 4050 Campi-Martii
3306 3957 3439 4044 con-

1865 4049 2198 4105 vocationem
2229 4068 2256 4105 a
2282 4051 2587 4114 Cltlodoveo
2612 4061 2803 4119 factam
2822 4049 3207 4128 commemorat
3230 4076 3437 4148 Grego-

1864 4139 1974 4193 rius
2026 4141 2269 4199 liistorite
2313 4144 2407 4200 lib.
2451 4165 2510 4215 il,
2541 4166 2656 4221 cap.
2680 4153 2771 4223 27,
2797 4158 2862 4213 ad
2904 4175 3061 4229 quem
3100 4179 3288 4223 omnes
3315 4139 3436 4228 cum

1863 4244 2133 4287 armorum
2166 4248 2425 4304 apparatu
2448 4243 2734 4302 convenire
2763 4250 3049 4321 mandavit,
3080 4246 3264 4315 éorum
3293 4263 3435 4319 nito-

1863 4338 1976 4377 rem
2007 4335 2337 4383 ostensuros.
2360 4330 2471 4386 Nec
2502 4332 2721 4392 dubium
2748 4349 2831 4395 est
2863 4344 2990 4411 quin
3018 4348 3201 4417 etiam,
3224 4354 3267 4407 si
3293 4355 3433 4413 inter

1861 4418 2072 4487 aliquos
2103 4420 2335 4478 Francos
2368 4424 2488 4485 lites
2511 4438 2602 4483 aut
2617 4429 2790 4503 jurgia
2813 4436 2948 4491 forte
2968 4440 3155 4498 oborta
3181 4444 3427 4517 inissent,

1952 4510 2217 4579 ejusmodi
2240 4520 2590 4575 conventibus
2621 4523 2920 4585 linireutur.
2945 4530 3070 4588 Hac
3091 4536 3319 4604 primum
3343 4542 3421 4598 fa-

1854 4596 1974 4651 cilia
1996 4610 2175 4667 eraut;
2209 4602 2301 4657 sed
2344 4604 2565 4663 dilatato
2594 4622 2780 4669 postea
2824 4632 2922 4686 per
2950 4596 3250 4691 complures
3290 4644 3428 4698 pro-

1850 4688 2049 4744 vincias
2082 4706 2264 4762 regno,
2313 4710 2505 4765 praeter
2549 4700 2697 4758 illum
2727 4718 3051 4767 conventum
3084 4722 3414 4787 generalem,

1846 4778 1936 4832 alii
1964 4794 2084 4835 cum
2137 4797 2314 4837 rerum
2346 4787 2637 4845 necessitas
2680 4794 2925 4868 exigebat
2951 4815 2980 4853 a
3012 4816 3137 4873 rege
3163 4822 3425 4866 convoca-

1846 4869 2037 4925 bantur
2059 4888 2073 4925 :
2094 4874 2184 4943 qui
2208 4875 2332 4930 licet
2353 4880 2674 4950 quandoque
2689 4869 3194 4956 Campi-Martiiant
3215 4896 3423 4967 Campi-

1848 4959 2005 5015 Madii
2032 4966 2319 5036 nuncupati
2351 4966 2565 5034 fuerint,
2594 4980 2652 5025 ut
2679 4973 2963 5041 plurimum
2991 4988 3171 5039 tamen
3190 4959 3421 5044 Placito-

1845 5067 1960 5105 rum
1982 5055 2195 5111 nomine
2215 5058 2353 5126 apud
2384 5073 2592 5116 veteres
2622 5073 2870 5123 auctores
2910 5071 3084 5128 solent
3124 5075 3414 5148 designari.

1843 5140 1952 5198 Sed
1977 5154 2033 5200 et
2077 5161 2200 5201 cum
2230 5163 2338 5216 pra:
2370 5151 2702 5220 negotiorum
2748 5157 3108 5232 multitudine,
3133 5178 3223 5225 aut
3240 5140 3419 5232 vitine-

1844 5247 1963 5286 rum
1996 5234 2384 5305 longinquitate
2413 5239 2784 5300 difﬁcillimum
2803 5245 3179 5311 fuissetomnia
3203 5267 3415 5332 negotia

1840 5323 2023 5379 inuno
2051 5325 2192 5393 loco,
2225 5336 2315 5381 aut
2339 5328 2480 5383 intra
2512 5346 2800 5400 paucorum
2827 5340 3033 5397 dierum
3063 5347 3413 5415 intervallum

1840 5417 2147 5486 terminare,
2172 5420 2223 5474 in
2248 5420 2534 5489 majoribus
2557 5424 2860 5488 civitatibus
2884 5433 3122 5495 instituta
3146 5454 3272 5499 sunt
3294 5450 3410 5517 pla-

1835 5508 1938 5562 cita
1983 5510 2134 5564 etatis
2175 5512 2523 5582 temporibus,
2552 5531 2670 5585 quae
2699 5533 2730 5574 a
2752 5522 3036 5583 comitibus
3063 5532 3252 5591 aliisve
3282 5508 3402 5592 offi—

1835 5606 2012 5661 ciariis
2043 5607 2393 5673 habebantur,
2416 5609 2579 5666 immo
2604 5613 2762 5671 etiam
2784 5629 2841 5673 et
2860 5620 2929 5676 ab
2948 5623 3213 5698 episcOpis
3237 5640 3286 5687 εξ
3314 5634 3402 5686 ab.

1833 5697 2065 5768 batibus,
2090 5714 2316 5769 quorum
2336 5700 2537 5770 judicio
2562 5719 2670 5775 res,
2690 5723 2810 5778 qua:
2834 5715 2965 5770 tanti
2991 5731 3098 5774 non
3118 5697 3271 5776 erant
3296 5736 3406 5782 mo-
