4024 6192
515 320 577 376 19
1958 296 2336 355 ΡΙΗΕΡΑἹΊΕ).
3698 278 3773 334 20

514 437 680 493 menti
708 443 763 491 ut
784 434 849 488 ad
879 433 1081 505 regium
1115 428 1364 499 palatium
1396 425 1589 481 deferri
1621 424 1903 487 deberent,
1938 421 2084 474 finie-
2112 424 2160 480 Α
2194 416 2337 469 bium
2367 410 2716 483 quarumdam
2736 406 2939 461 civilius
2965 417 3056 457 sua
3074 400 3341 471 privilegia
3360 408 3568 453 servata
3599 396 3773 449 fuisse

516 534 728 587 bantur.
759 529 949 583 Postea
996 534 1049 581 et
1090 525 1142 578 in
1167 521 1297 576 vicis
1336 529 1389 574 et
1419 518 1628 587 oppidis
1671 518 1874 570 minora
1920 514 2079 568 etiam
2186 507 2504 574 colligimus,
2537 502 2676 571 quod
2717 519 2745 553 a
2774 513 2920 568 rege,
2969 511 3088 547 eum
3141 507 3325 546 earnm
3370 490 3773 557 possessionem

517 624 711 691 placita
744 621 981 675 instituta
1009 618 1245 679 fuerunt,
1274 614 1463 683 quibus
1494 621 1755 681 praeerant
1776 609 2030 663 officiales
2054 623 2083 660 a
2186 597 2373 662 inibat,
2406 601 2795 647 εποντιῐιιῡιιίωιι
2828 589 3125 656 οπῖεετειὶῐν
3157 596 3212 637 ιιι
3241 598 3336 636 sua
3380 581 3617 652 ἰρεπιηιι
3655 582 3776 647 ι)τὶ-

517 716 710 769 comite
751 708 1032 778 designati,
1065 707 1152 775 qui
1202 705 1323 759 ideo
1366 703 1751 767 vice-comites,
1776 709 1866 752 aut
1904 697 2084 750 vicarii
2188 688 2375 755 Vilegia
2418 687 2619 754 intcgra
2649 689 3012 736 servarem"?-

516 803 761 876 appellati
792 762 1057 869 leguntur.
1085 762 1096 775 '
1738 762 1747 767 ⁷
2260 779 2343 832 15.
2376 777 2521 830 Haud
2552 775 2729 828 minus
2759 772 2955 840 ignotae
2986 778 3109 822 sunt
3136 765 3301 836 leges,
3346 765 3496 832 queis
3530 762 3777 816 Franco-

2661 873 2668 876 .
3163 855 3411 876 ε.,η-..ςε,
3439 854 3615 876 --ΑΜ
3647 861 3740 876 ,,.,

2191 886 2305 925 rnm
2327 882 2457 938 gens
2483 877 2605 919 ante
2628 863 2913 918 stabilitam
2946 872 3131 914 eorum
3163 855 3414 911 inGalliis
3438 854 3619 907 sedem
3647 861 3778 906 ute—

2192 976 2397 1021 rentur.
2431 964 2686 1017 Memorat
2713 958 2964 1013 Libanius
2996 956 3048 1008 in
3079 952 3397 1022 panegyrico
3439 949 3550 1017 jam
3600 964 3772 1015 supra

2190 1074 2218 1109 a
2252 1074 2334 1111 me
2358 1056 2568 1108 laudato
2593 1048 2960 1121 leges,quihus
2985 1054 3099 1100 erat
3121 1045 3382 1097 sancitum
3415 1041 3551 1110 apud
3585 1039 3777 1093 Fran-

2193 1166 2304 1209 cos,
2340 1159 2395 1201 ut
2444 1146 2535 1215 qui
2574 1143 2713 1211 apud
2759 1157 2851 1196 eos
2898 1139 3097 1206 majora
3151 1135 3428 1199 auderent,
3480 1133 3784 1201 majoribus

593 920 674 972 11.
710 916 836 969 Inde
866 928 1023 983 porro
1044 912 1156 966 nati
1179 918 1303 964 sunt
1332 908 1467 962 varii
1500 905 1812 961 officialium
1837 910 1891 956 et
1913 901 2088 969 iligni-

519 1022 684 1062 latum
714 1006 911 1076 gradus
940 1004 1078 1058 inter
1109 1001 1364 1064 Francos,
1388 1012 1613 1067 quorum
1646 997 1857 1049 nomina
1888 1002 1943 1048 ct
1968 991 2088 1045 offi-

514 1102 596 1153 cia
628 1109 683 1153 ut
712 1097 997 1166 plurimum
1026 1107 1055 1145 a
1081 1092 1333 1145 Romanis
1364 1099 1599 1143 mutuata
1630 1085 1864 1139 fuerunt.
1890 1083 1987 1147 Qui
2011 1096 2077 1135 ex

515 1190 862 1246 nobilissimis
888 1186 1101 1239 familiis
1128 1182 1318 1247 exorti,
1338 1181 1483 1234 nullo
1511 1177 1788 1247 peculiaris
1816 1172 2089 1243 dignitatis

515 1285 670 1338 titulo
722 1280 1156 1347 designabantur,
1214 1275 1246 1328 ii
1296 1273 1388 1328 viri
1437 1274 1616 1342 fortes,
1654 1269 1897 1334 seniores,
1928 1269 2094 1334 majo-

514 1382 769 1437 res-natu,
797 1373 1063 1439 primores,
1094 1367 1301 1434 priores,
1351 1364 1613 1431 primates,
1638 1360 1926 1428 eptimales,
1950 1373 2095 1425 mag-

514 1475 660 1518 nates
675 1462 1094 1533 appellabantur,
1110 1471 1334 1526 quorum
1348 1453 1587 1509 consiliis
1608 1465 1698 1505 rex
1724 1450 1774 1502 in
1802 1446 2093 1516 placitisuti

520 1558 748 1612 solebat.
782 1554 884 1611 Alii
909 1568 1038 1607 vero
1068 1551 1271 1605 aulicas
1306 1546 1595 1617 dignitates
1621 1542 1916 1607 consecuti,
1948 1548 2099 1594 erant

520 1646 851 1711 cancellarii,
898 1641 1269 1701 referendarii,
1302 1637 1604 1702 domestici,
1641 1634 1972 1696 cubicularii,
2012 1646 2098 1685 ca-

522 1739 759 1803 merarii,
787 1732 1238 1790 comites-stabuli
1264 1748 1276 1797 ;
1301 1728 1555 1799 praecipui
1582 1737 1732 1781 crant
1752 1723 1929 1793 palatii
1957 1723 2100 1789 prin-

520 1831 665 1899 cipes
687 1831 1030 1897 autmajores,
1055 1835 1158 1880 etc.
1176 1823 1283 1878 Nec
1311 1821 1591 1877 omittendi
1616 1819 1756 1887 regis
1784 1815 2096 1878 nutritores,

523 1921 687 1992 bajuli
718 1920 875 1989 vulgo
903 1920 1057 1984 dicti,
1082 1918 1326 1972 maxima:
1350 1916 1488 1985 apud
1516 1914 1791 1983 principes
1819 1911 2099 1965 auctorita—

524 2016 613 2069 tis.
643 2018 711 2067 At
739 2012 816 2067 illi
845 2012 1036 2080 quibus
1068 2010 1343 2065 civitatum
1379 2021 1506 2063 cura
1535 2002 1818 2061 commissa
1855 2014 1990 2067 erat,
2017 2018 2103 2055 co.

525 2109 671 2161 mites
711 2105 837 2161 dicti
883 2114 1028 2170 sunt,
1060 2103 1153 2172 qui
1192 2110 1246 2157 et
1272 2116 1399 2156 suos
1430 2112 1647 2169 quoque
1698 2098 1750 2151 in
1797 2094 2103 2150 civitatibus

524 2200 816 2254 officiarios
848 2197 1138 2260 habebant,
1168 2196 1256 2266 qui
1301 2196 1499 2265 passim
1536 2193 1595 2247 in
1628 2191 1874 2246 formulis
1916 2205 2101 2244 recen-

530 2298 736 2342 sentur.
756 2287 925 2340 Duces
949 2302 1077 2341 vero
1102 2301 1261 2353 supra
1293 2284 1483 2337 multos
1501 2284 1783 2336 comitatus
1804 2278 2100 2345 constituti,

530 2380 865 2448 potissimum
908 2376 1231 2433 exercitibus
1278 2374 1706 2444 prteﬁciehantur
1753 2391 1766 2428 :
1804 2386 2103 2441 quanquam

532 2480 586 2523 et
618 2485 744 2524 suos
791 2470 950 2524 etiam
983 2468 1179 2523 milites
1214 2467 1480 2521 habebant
1509 2466 1747 2530 comites,
1790 2464 2105 2532 quibuscum

534 2564 601 2616 ad
633 2562 856 2627 bellum,
879 2576 997 2616 cum
1029 2560 1251 2629 urgebat
1272 2558 1581 2623 necessitas,
1611 2555 2106 2625 progrediebantur.

531 2656 631 2722 Qui
658 2670 786 2710 vero
815 2655 868 2708 in
900 2652 1200 2723 Burgundia
1236 2660 1328 2705 aut
1350 2652 1402 2705 in
1431 2649 1698 2719 provincia
1728 2647 1939 2702 Patrieii
1963 2647 2108 2701 dice-

534 2751 750 2813 bantur,
782 2746 997 2800 nomine
1020 2754 1175 2798 tenus
1202 2744 1302 2797 sub
1324 2742 1648 2796 Francorum
1680 2739 1934 2807 regimine
1962 2753 1991 2791 a
2017 2738 2111 2791 du-

533 2840 685 2894 cibus
714 2838 947 2892 distincti
975 2835 1459 2891 erant.Tribunum
1482 2832 1671 2886 alicubi
1701 2827 2111 2885 memoratGrc-

534 2930 735 2999 gorius,
766 2930 854 2997 qui
878 2935 932 2983 et
960 2927 1069 2981 alio
1099 2927 1151 2979 in
1179 2926 1298 2980 loco
1320 2924 1386 2979 de
1424 2923 1702 2976 tribunitia
1736 2928 1997 2989 potestate
2026 2919 2109 2972 lo-

535 3019 735 3088 quitur.
769 3018 1002 3073 Comites
1026 3028 1201 3071 autem
1230 3016 1318 3084 qui
1352 3017 1543 3069 tributa
1593 3013 1831 3081 aliosque
1870 3011 1983 3064 fisci
2027 3025 2112 3063 re-

538 3112 681 3166 ditus
712 3111 763 3164 in
795 3110 1083 3179 provinciis
1110 3109 1321 3162 debitos
1349 3106 1415 3161 ad
1458 3105 1753 3175 principem
1783 3102 1980 3165 deferri
2020 3117 2113 3155 cu-

541 3203 755 3265 rabant,
783 3203 940 3255 etiam
968 3210 1021 3255 et
1047 3201 1330 3254 comitatus
1360 3213 1483 3253 suos
1525 3196 1845 3266 quandoque
1870 3204 1962 3249 aut
1992 3209 2108 3261 pre-

543 3294 619 3347 tio
646 3292 931 3356 emebant,
966 3300 1074 3353 ant,
1108 3298 1165 3344 ut
1205 3290 1257 3343 in
1285 3289 1347 3343 iis
1378 3288 1834 3349 continuarentur,
1881 3285 2113 3354 praemiis

540 3395 595 3440 et
626 3384 846 3452 pecunia
879 3382 1205 3436 obtinebant
1235 3381 1363 3447 Quae
1393 3394 1552 3433 causa
1580 3376 1679 3431 fuit
1703 3388 1757 3431 ut
1783 3377 1876 3430 viri
1911 3376 2115 3445 ignobi-

549 3477 627 3530 les
671 3472 911 3529 nonnulli
956 3472 1023 3527 ad
1052 3472 1314 3541 ejusmodi
1360 3470 1642 3540 dignitates
1679 3467 1849 3522 evecti
1899 3466 2114 3521 fuerint.

543 3567 780 3623 Fiscales
804 3577 978 3622 tamen
997 3578 1190 3636 praeter
1217 3579 1310 3621 eos
1330 3562 1572 3618 officiarii
1595 3563 1827 3626 fuerunt,
1857 3560 1935 3613 sic
1965 3559 2115 3623 dicti,

543 3658 684 3730 quod
734 3658 980 3712 villarum
1008 3658 1270 3727 regiarum
1292 3671 1472 3710 curam
1505 3652 1784 3716 haberent;
1817 3653 1903 3717 qui
1936 3660 1991 3705 et
2016 3651 2115 3718 ipsi

543 3756 648 3811 sub
676 3769 736 3809 se
766 3752 977 3807 fiscales
1005 3750 1270 3804 variorum
1299 3745 1558 3816 graduum
1597 3743 1657 3799 of
1660 3743 1883 3797 ﬁciarios
1916 3751 1970 3795 et
1999 3759 2116 3795 ser-

544 3861 642 3902 vos
685 3843 985 3910 habebant,
1037 3840 1126 3910 qui
1178 3836 1372 3907 passim
1419 3835 1698 3890 laudantur
1737 3833 1877 3901 apud
1918 3832 2120 3900 Grego-

544 3942 703 3994 rium.

625 4049 706 4102 l2.
750 4048 922 4101 Locus
971 4044 1058 4098 hic
1110 4051 1253 4098 esset
1294 4039 1618 4108 inquirendi,
1665 4053 1908 4108 quianam
1958 4035 2121 4090 fuerit

547 4143 686 4211 apud
740 4149 950 4194 veteres
1000 4137 1232 4190 Francos
1288 4135 1425 4188 inter
1479 4132 1705 4186 familias
1783 4130 2117 4192 differentia,

551 4243 797 4286 utrumve
825 4229 1034 4284 medius
1064 4227 1278 4297 quidam
1306 4226 1444 4279 inter
1473 4222 1679 4278 nobiles
1702 4230 1758 4275 et
1796 4235 1982 4274 servos
2011 4218 2121 4273 fue—

548 4326 619 4379 rit
645 4323 918 4377 hominum
942 4329 1130 4373 status.
1163 4323 1229 4371 At
1259 4318 1357 4370 iste
1381 4314 1550 4368 nodus
1572 4316 1772 4381 absque
1798 4312 1977 4378 aliquo
2008 4323 2123 4362 mo-

501 4434 507 4441 ·
550 4418 808 4466 numento
846 4409 977 4462 solvi
1007 4422 1110 4459 non
1140 4414 1333 4473 potest,
1359 4402 1661 4471 cuiusmodi
1684 4401 1752 4454 de
1781 4400 2002 4454 Francis
2030 4412 2125 4450 an-

2195 1240 2356 1293 etiam
2413 1234 2706 1289 honoribus
2765 1230 3081 1299 potirentur.
3130 1224 3368 1279 Celebris
3415 1238 3628 1289 semper
3681 1222 3788 1274 fuit

2196 1333 2334 1400 apud
2365 1331 2594 1400 majores
2627 1337 2838 1382 nostros
2887 1326 2971 1379 lex
3002 1324 3197 1389 Salica,
3225 1322 3290 1376 de
3317 1322 3467 1387 cujus
3494 1321 3702 1389 origine
3732 1328 3791 1371 et

2199 1422 2364 1475 variis
2393 1419 2769 1475 additamentis
2797 1417 2895 1471 viri
2926 1414 3118 1469 eruditi
3160 1413 3356 1483 passim
3402 1413 3688 1479 scripsiare.
3720 1412 3791 1463 At

2198 1530 2317 1567 eum
2362 1521 2565 1567 certum
2610 1510 2679 1564 sit
2720 1524 2837 1561 eam
2877 1507 2939 1559 ad
2992 1515 3270 1572 posteros,
3314 1504 3485 1571 qualis
3530 1502 3791 1569 primitus

2203 1604 2297 1656 fuit
2338 1618 2367 1655 a
2418 1602 2637 1656 Francis
2679 1600 2852 1653 adhuc
2895 1597 3123 1651 ethnicis
3172 1596 3407 1649 instituta
3453 1604 3506 1647 et
3550 1594 3787 1658 dictata,

2206 1713 2310 1749 Lon
2354 1696 2515 1749 fuisse
2557 1693 3211 1755 transmissam;vetcrum
3250 1689 3570 1740 Francorum
3606 1702 3793 1739 mores

2131 1782 2173 1838 Β
2205 1787 2424 1851 exinde,
2447 1784 2679 1838 maxime
2709 1782 2763 1837 iu
2789 1782 2871 1835 his
2900 1796 3016 1848 quae
3046 1780 3109 1831 ad
3143 1778 3456 1846 religionem
3485 1776 3791 1845 pertinent,

2201 1879 2517 1943 exploratos
2548 1875 2745 1928 habere
2775 1887 2879 1927 non
2911 1884 3211 1940 possumus.
3246 1867 3460 1921 Modum
3493 1881 3595 1934 quo
3628 1865 3795 1933 Ιρςτιιί

2200 1967 2489 2023 Chlodovei
2520 1966 2736 2019 nomine
2755 1963 3073 2018 Chlotildem
3109 1961 3519 2027 desponsarunt,
3550 1956 3791 2011 exhibet

2205 2061 2556 2130 Frcdegarius
2577 2060 2629 2113 in
2662 2058 2928 2125 Epitome,
2957 2054 3129 2124 capite
3152 2051 3234 2105 l8.
3259 2049 3560 2117 O/ferentes,
3589 2048 3799 2117 inquit,

2203 2155 2423 2208 solidum
2464 2161 2510 2205 et
2557 2151 2843 2214 denarium,
2883 2160 2936 2200 ut
2976 2162 3083 2200 mas
3130 2152 3236 2198 erat
3278 2142 3621 2207 Francorum,
3672 2156 3795 2193 cam

2207 2247 2433 2315 partibus
2458 2243 2730 2297 Chlodovei
2753 2241 3081 2308 desponsant.
3115 2236 3262 2303 Quod
3294 2235 3348 2287 in
3378 2234 3648 2288 veteribus
3679 2232 3799 2284 for-

2207 2335 2365 2409 mulis
2399 2336 2535 2402 apud
2568 2330 2906 2401 Bignonium,
2935 2343 3081 2381 num.
3115 2325 3168 2392 5,
3196 2325 3473 2400 secundum
3494 2322 3659 2393 legem
3688 2321 3799 2376 Sa-

2208 2428 2357 2480 licem
2388 2425 2498 2479 fieri
2546 2424 2758 2477 dieitur.
2790 2422 2857 2474 At
2890 2419 3015 2471 nihil
3051 2417 3119 2472 de
3148 2416 3211 2470 iis
3240 2416 3397 2470 habet
3442 2423 3623 2468 noster
3654 2413 3799 2468 Gre-

2208 2517 2425 2587 gorius;
2458 2514 2551 2568 sed
2584 2513 2673 2565 lib.
2706 2527 2755 2564 Ix
2792 2509 3059 2572 Historite,
3090 2508 3265 2575 capite
3294 2506 3387 2571 20,
3408 2503 3684 2571 exemplar
3709 2518 3801 2556 re-

2211 2608 2312 2661 fert
2339 2605 2619 2676 pactionis,
2655 2605 2705 2655 in
2735 2616 2835 2671 qua
2868 2602 2936 2653 de
2962 2599 3085 2653 dote
3109 2607 3162 2650 et
3193 2594 3592 2664 morganegiba,
3621 2592 3675 2646 id
3709 2602 3799 2647 est

2212 2701 2353 2754 dono
2381 2698 2522 2767 quod
2548 2697 2769 2749 maritus
2801 2692 2954 2746 uxori
2989 2690 3160 2759 primo
3188 2688 3275 2742 die
3303 2688 3606 2756 nuptiarum
3631 2700 3802 2739 mane

2212 2789 2493 2851 offerebat,
2537 2786 2727 2855 agitur.
2766 2782 2984 2837 Veteres
3020 2782 3343 2835 Francorum
3392 2778 3536 2848 leges
3564 2792 3592 2831 a
3635 2792 3805 2847 paga-

2216 2880 2393 2933 nismo
2451 2881 2652 2945 primus
2708 2873 3021 2942 expurgavit
3071 2871 3460 2934 Theudoricus,
3522 2868 3805 2937 perfecero

2216 2970 2599 3025 Childebertus
2650 2977 2704 3020 et
2750 2966 3051 3018 (Ililotarius
3079 2963 3196 3032 ejus
3248 2964 3457 3025 fratres,
3491 2977 3621 3030 quas
3667 2962 3803 3015 item

2220 3070 2406 3114 auctas
2442 3068 2498 3112 et
2547 3055 2857 3109 emendatas
2900 3051 3190 3121 publicavit
3227 3065 3367 3104 anno
3396 3049 3499 3103 650
3528 3049 3805 3117 Dagober-

2142 3144 2189 3207 C
2222 3162 2327 3215 tus,
2359 3162 2416 3204 ut
2454 3165 2521 3205 ex
2546 3147 2945 3218 praefatiuncula
2975 3145 3037 3198 ad
3069 3144 3308 3211 ejusdem
3360 3142 3500 3209 regis
3532 3142 3805 3209 capitula-

2220 3244 2299 3296 ria
2341 3250 2504 3310 patet,
2538 3254 2693 3309 quam
2728 3239 2782 3291 in
2809 3236 3101 3306 appendice
3130 3233 3395 3287 dabimus.
3418 3232 3573 3300 Legis
3613 3243 3805 3286 autem

2227 3331 2414 3385 Salicze
2459 3338 2551 3382 aut
2587 3326 2807 3381 alterius
2837 3322 3143 3392 cujuslibet,
3194 3338 3260 3375 ne
3312 3336 3507 3375 nomen
3558 3321 3804 3389 quidem,

2220 3434 2416 3494 prmler
2446 3421 2840 3477 ecclesiasticos
2885 3415 3131 3471 Canones
3178 3424 3235 3469 et
3277 3416 3445 3483 legem
3477 3413 3805 3482 Romanam,

2223 3528 2442 3582 usquam
2494 3511 2750 3578 exprimit
2776 3508 3069 3578 Gregorius
3105 3522 3117 3558 :
3150 3515 3202 3557 at
3231 3520 3295 3558 ex
3331 3504 3396 3557 iis
3437 3517 3555 3572 qua:
3588 3513 3803 3567 narrat,

2223 3604 2376 3658 facile
2407 3602 2705 3669 colligimus
2757 3599 2944 3655 Salicae
2992 3596 3124 3663 legis
3152 3596 3283 3650 scita
3316 3609 3436 3663 quae
3462 3593 3526 3647 ad
3558 3596 3807 3660 regimen

2223 3698 2512 3765 pertinent,
2542 3708 2571 3747 a
2617 3691 2838 3746 Francis
2888 3703 3102 3757 semper
3153 3686 3591 3741 constantissime
3634 3685 3810 3741 fuisse

2221 3790 2518 3843 observata.
2550 3783 2679 3839 Tale
2714 3792 2798 3837 est
2824 3781 2952 3835 illud
2992 3794 3057 3833 ex
3096 3778 3273 3847 capite
3301 3777 3389 3843 62,
3428 3791 3576 3829 num.
3606 3776 3662 3840 6,
3695 3792 3810 3845 quo

2222 3888 2458 3940 eavetur,
2490 3891 2557 3929 ne
2588 3873 2693 3927 ulla
2732 3872 2923 3929 Salica:
2972 3879 3127 3923 terra:
3180 3867 3355 3936 portio
3404 3867 3470 3920 ad
3520 3865 3810 3920 mulierem

2222 3968 2423 4033 veniat,
2455 3964 2545 4020 sed
2577 3973 2681 4018 tota
2712 3962 2778 4016 ad
2808 3959 3019 4015 virilem
3063 3973 3248 4012 sexum
3280 3956 3612 4011 devolvatur.
3648 3956 3809 4021 Quod

2224 4065 2478 4112 accurate
2508 4056 2561 4109 in
2592 4052 2739 4121 regni
2772 4047 3202 4105 successionibus
3240 4048 3581 4102 observatum
3634 4046 3815 4102 fuisse

2225 4162 2289 4202 ex
2322 4144 2564 4212 Gregorii
2613 4139 2841 4196 Historia
2869 4137 3142 4191 discimus.
3174 4135 3441 4204 Nusquam
3484 4134 3628 4187 enim
3658 4139 3811 4203 apud

2224 4249 2346 4287 eum
2392 4232 2619 4301 legimus
2662 4230 2714 4282 in
2749 4226 2899 4295 regni
2944 4225 3294 4279 divisionibus
3323 4225 3549 4278 feminas
3590 4224 3641 4277 in
3677 4242 3814 4293 par-

2228 4331 2337 4378 tem
2362 4321 2594 4373 venisse.
2624 4317 2812 4379 lmmo,
2844 4316 2888 4368 si
2919 4316 3036 4384 quis
3074 4329 3166 4368 rex
3198 4313 3398 4382 absque
3427 4314 3663 4367 maribus
3690 4315 3811 4371 fato

2226 4414 2440 4467 functus
2472 4408 2591 4473 fuit,
2626 4421 2732 4461 non
2762 4406 2931 4474 ipsius
2959 4405 3102 4471 filiae,
3133 4404 3226 4458 sed
3254 4413 3343 4456 aut
3368 4402 3561 4457 fratres
3590 4415 3683 4456 aut
3715 4422 3817 4461 ne-

551 4514 765 4573 tequam
804 4503 857 4556 in
883 4500 1072 4558 Galliis
1100 4498 1317 4553 stabiliti
1355 4494 1601 4558 fuissent,
1632 4508 1891 4561 nusquam
1924 4494 2112 4558 reperi.

2232 4515 2381 4572 potes
2401 4502 2464 4554 ad
2488 4500 2637 4568 regni
2665 4497 3057 4551 successionem
3089 4504 3452 4549 accesserunt.
3480 4493 3605 4548 Haec
3632 4496 3819 4563 prima

554 4596 669 4652 Hoc
695 4607 854 4646 unum
876 4601 1130 4644 constans
1158 4586 1391 4645 invenio.
1410 4583 1597 4636 Franci
1621 4580 2123 4636 nomine’ltominem

563 4687 789 4741 liberum
827 4691 879 4736 et
905 4697 933 4734 a
959 4678 1195 4748 qualibet
1233 4677 1490 4731 servitute
1523 4676 1810 4727 immunem
1836 4671 2126 4741 designari.

556 4777 691 4833 Cum
715 4790 843 4829 vero
873 4770 1062 4827 Franci
1104 4768 1263 4823 simul
1290 4782 1409 4820 cum
1435 4765 1704 4820 veteribus
1732 4763 1898 4819 Gallis
1924 4780 2039 4828 seu,
2070 4773 2130 4819 ut

558 4881 684 4924 tunc
714 4865 1084 4935 loquebantur,
1111 4859 1382 4919 Romanis.
1418 4859 1468 4910 in
1502 4872 1662 4909 unum
1702 4856 1953 4924 p0pnlum
2000 4870 2125 4909 coa-

558 4962 794 5024 luerunt,
829 4953 1070 5009 homines
1103 4951 1237 5006 alios
1265 4964 1333 5003 ex
1365 4946 1713 5001 nobilissimis
1742 4957 1795 4999 et
1821 4946 2124 5012 senatoriis,

555 5062 613 5107 ut
656 5051 817 5105 habet
862 5046 1167 5116 Gregorius,
1216 5040 1428 5094 familiis
1474 5046 1690 5091 exortes
1720 5034 1952 5099 invenio,
1996 5033 2128 5088 alios

557 5142 800 5199 servituti
832 5139 1182 5206 mancipatus,
1218 5134 1352 5185 alios
1377 5133 1632 5200 ingenuos
1655 5125 1977 5189 natos,alios
2005 5140 2129 5179 vero

558 5236 829 5289 servitutis
852 5234 999 5302 jngo,
1019 5230 1355 5285 dominorum
1381 5219 1894 5293 suorum|heneficio,
1914 5218 2131 5271 omnino

560 5329 648 5383 vel
701 5343 763 5381 ex
800 5337 945 5393 parte
981 5324 1274 5377 absolutos.
1308 5320 1406 5386 Qui
1436 5333 1501 5372 ex
1532 5314 1805 5369 veteribus
1846 5310 2010 5366 Gallis
2040 5319 2131 5363 aut

559 5419 751 5489 opibus
773 5415 1116 5483 praestabant,
1133 5422 1223 5466 aut
1250 5422 1399 5465 erant
1422 5426 1488 5464 ex
1512 5408 1744 5476 antiquis
1769 5401 1981 5459 familiis
2003 5400 2128 5466 orti,

562 5511 870 5578 dignitates,
895 5507 1055 5559 etiam
1087 5506 1404 5573 praecipuas,
1438 5504 1575 5555 sicut
1603 5510 1656 5554 et
1682 5509 1889 5553 veteres
1918 5493 2131 5557 Franci,

562 5604 924 5661 obtinuerunt,
976 5596 1206 5662 factique
1243 5604 1366 5649 sunt
1407 5593 1628 5646 comites
1671 5601 1724 5643 et
1769 5590 1971 5652 duces;
2002 5602 2135 5655 quos

564 5694 689 5749 ideo
721 5692 914 5759 passim
940 5687 1076 5758 apud
1107 5685 1420 5755 Gregorium
1440 5683 1663 5750 legimus
1688 5681 1768 5733 his
1797 5679 2015 5732 Vocibus
2046 5680 2137 5728 ile-

569 5788 825 5860 signatos,
856 5781 1089 5837 Francus
1130 5788 1219 5834 aut
1250 5777 1511 5833 Romanas
1553 5790 1756 5843 genere.
1788 5773 1923 5839 Quin
1965 5781 2017 5827 et
2048 5787 2136 5823 ur-

2232 4594 2331 4649 fuit
2357 4594 2491 4646 inter
2520 4597 2748 4660 quatuor
2776 4584 3066 4641 Chlodovei
3096 4586 3266 4655 Magni
3306 4584 3442 4638 filios
3481 4586 3633 4653 regni
3674 4587 3819 4641 divi-

2230 4685 2394 4742 dundi
2421 4684 2553 4738 ratio
2571 4699 2586 4747 ;
2616 4680 2909 4748 eademque
2923 4686 3043 4747 post
3057 4677 3313 4731 Chlotarii
3331 4678 3637 4729 monarchat
3655 4692 3815 4732 mor-

2231 4788 2339 4832 tem
2384 4777 2523 4829 inter
2576 4773 2745 4842 ipsius
2790 4770 2928 4823 filios
2966 4779 3174 4824 servata
3210 4784 3223 4819 :
3255 4776 3310 4821 et
3353 4766 3676 4820 Cbariberto
3724 4779 3821 4827 aut

2231 4868 2573 4923 Childeberto
2600 4864 2836 4933 regibus,
2869 4862 3072 4930 absque
3091 4858 3265 4913 virilis
3292 4873 3450 4913 sexus
3482 4858 3668 4912 liberis
3706 4861 3815 4915 de-

2235 4960 2456 5025 functis,
2484 4973 2588 5011 non
2634 4970 2816 5010 eorum
2868 4953 3013 5019 filim,
3043 4952 3138 5006 sed
3171 4950 3367 5004 fratres
3411 4964 3820 5010 successerunt.

2310 5051 2398 5106 M.
2429 5052 2493 5103 Et
2506 5059 2684 5102 tamen
2712 5060 2776 5100 ea
2804 5053 2921 5099 erat
2944 5059 2976 5098 e
2998 5041 3161 5111 regiis
3183 5041 3366 5095 liberis
3383 5042 3613 5094 filiarum
3642 5044 3823 5112 digni-

2238 5156 2338 5208 tas,
2373 5152 2430 5197 ut
2453 5143 2505 5196 in
2540 5141 2716 5209 probis
2745 5137 3054 5193 auctoribus
3083 5149 3340 5203 nusquam
3370 5134 3609 5187 invenias
3642 5136 3819 5191 ullam

2237 5237 2357 5292 aliis
2400 5249 2559 5303 quam
2612 5232 2827 5300 regibus
2878 5230 2932 5282 in
2978 5224 3321 5281 matrimonio
3368 5225 3620 5280 locatam.
3673 5228 3820 5294 Quin

2239 5329 2401 5381 etiam
2430 5334 2541 5378 tum
2572 5337 2693 5376 cum
2724 5321 2778 5375 in
2819 5328 3039 5388 paterna
3080 5317 3242 5370 domo
3283 5314 3516 5385 conjugii
3558 5330 3821 5384 expertes

2242 5416 2564 5479 manebant,
2614 5411 2826 5481 Reginae
2872 5408 3337 5473 nuncupabantur;
3416 5405 3554 5461 forte
3601 5416 3661 5459 ut
3703 5424 3823 5463 nie-

2243 5509 2527 5564 niinissent
2573 5504 2703 5559 solis
2749 5516 2807 5554 se
2854 5501 3069 5569 regibus
3115 5500 3228 5553 fore
3267 5500 3687 5568 desponsandas,
3720 5517 3827 5558 nec

2243 5602 2363 5655 aliis
2383 5592 2717 5665 Accpulandas
2749 5590 2905 5655 viris,
2937 5604 3003 5642 ne
3039 5598 3143 5641 tam
3176 5588 3382 5643 illustre
3410 5604 3605 5643 nomen
3634 5590 3827 5646 detur-

2246 5697 2453 5760 parent.
2487 5685 2576 5739 Sic
2605 5692 2661 5735 et
2709 5695 2891 5747 regum
2945 5679 3034 5731 filii
3082 5695 3225 5749 reges
3276 5681 3472 5747 passim
3521 5682 3828 5749 appellatos

2248 5783 2411 5838 fuisse
2443 5777 2686 5845 legimus,
2719 5770 2858 5841 quod
2890 5778 3108 5840 potesne
3140 5784 3307 5839 regno
3347 5773 3701 5828 substituendi
3736 5776 3825 5831 fo-
