4024 6192
253 181 294 234 ‘ll
1698 171 2087 226 Pl'lJiFA'l'lO.
3438 185 3514 244 η

258 305 352 352 rent.
375 292 493 348 Mos
524 291 677 345 enim
711 298 854 344 tunc
889 287 1159 345 cralinlcr
1191 287 1430 340 Franc-ts
1459 294 1728 352 receptus,
1761 295 1813 334 ut
1847 289 1894 344 Α
1951 299 2260 353 usurpasse,
2288 286 2437 355 quasi
2469 288 2757 359 aliquando
2786 290 3022 347 Francos
3056 294 3306 363 vicisset;
3349 313 3509 355 exer-

263 394 591 455 ngemortuo,
625 398 732 450 pro
764 381 1002 434 filiorum
1037 393 1260 432 numero
1291 391 1512 446 regnum
1543 374 1816 428 dividere-

264 490 344 536 tur:
366 488 411 532 ct
440 478 516 530 ita
551 476 607 529 in
654 489 760 529 suo
792 477 1021 541 quisque
1060 486 1222 540 regno
1268 479 1381 524 erat
1410 483 1441 521 a
1471 469 1679 522 caeteris
1712 468 1818 520 fra-

263 575 384 626 tribus
415 570 730 630 absolutus,
750 565 1009 620 utnullus
1037 571 1182 618 esset
1211 564 1300 630 qui
1334 562 1385 615 in
1421 562 1638 616 fraterni
1668 561 1816 629 regni

259 665 476 738 regimine
511 665 811 732 quidquam
848 661 1129 729 potestatis
1161 660 1404 713 haberet.
1441 659 1496 717 Id
1530 674 1594 710 ex
1627 671 1691 711 eo
1722 673 1816 727 pa-

254 768 308 808 lci
346 755 485 824 quod
535 755 881 808 Gnntramno
912 751 1150 819 .aCcidit.
1183 750 1314 804 Nam
1366 766 1486 804 cum
1526 749 1664 802 lilios
1715 765 1817 800 nun

250 848 460 908 haberet,
495 846 599 898 etsi
639 851 895 912 nepotum
940 856 1180 906 suorum,
1225 851 1281 894 ut
1327 840 1620 908 loquimur.
1655 839 1707 893 id
1740 850 1822 893 est

249 939 453 992 illioram
491 937 720 990 fratrum
755 950 1000 995 suorum,
1028 944 1178 1002 pater
1207 935 1361 1003 vulgo
1386 942 1817 1002 nuncuparetur;

249 1049 346 1087 eam
385 1044 572 1085 tamen
618 1030 905 1099 episcopos
933 1029 986 1081 in
1016 1027 1315 1082 Chlotharii
1347 1025 1553 1095 parvuli
1599 1039 1818 1092 regnum

252 1127 481 1191 misisset,
515 1123 606 1191 qui
640 1139 756 1175 cum
787 1121 906 1191 ejus
953 1121 1103 1189 regni
1138 1119 1462 1188 primoribus
1489 1118 1554 1171 de
1587 1117 1820 1170 l’rmtex-

253 1219 326 1271 tati
352 1217 498 1271 unde
533 1216 586 1266 in
620 1213 736 1267 loco
760 1221 948 1265 sancto
975 1211 1111 1265 facta
1142 1211 1512 1279 inquirerent:
1558 1207 1819 1261 Chlotarii

254 1309 489 1376 primates
519 1305 570 1357 id
597 1320 656 1358 se
683 1319 786 1356 non
820 1298 1178 1371 pcrmiss‘uros
1215 1315 1336 1354 esse
1364 1299 1644 1353 contestati
1675 1309 1818 1363 sunt,

250 1419 348 1455 cum
375 1400 440 1453 ad
489 1400 660 1465 ipsos,
695 1397 837 1464 regis
866 1395 949 1449 sui
982 1405 1206 1456 tutores,
1251 1394 1505 1447 attineret
1533 1391 1822 1445 auctoritas

249 1494 386 1563 regali
427 1491 694 1544 sanctione
739 1489 879 1541 male
924 1495 1039 1541 acta
1070 1486 1485 1553 comprimendi.
1523 1484 1586 1538 Et
1618 1500 1674 1538 re
1707 1483 1820 1550 ipsa

254 1599 509 1652 nunquam
559 1581 821 1649 impedire
879 1580 1068 1650 potuit,
1102 1579 1226 1646 quin
1264 1579 1563 1642 Melautins,
1597 1581 1647 1632 in
1678 1579 1821 1633 Pute-

1923 376 2086 428 citum
2142 376 2345 441 movit,
2403 386 2460 431 ut
2499 379 2991 447 Constantinopolis
3037 384 3184 439 urbis
3230 401 3506 457 expugna-

1926 467 2091 540 tione,
2126 467 2410 536 subjugato
2441 470 2682 538 imperio,
2721 480 2864 525 tanta
2908 473 3247 534 imperatoris
3290 478 3502 533 vanitas

1923 541 2236 612 dilu‘Eretur.
2274 561 2339 614 Et
2382 561 2598 629 quidem
2645 578 2748 616 non
2798 565 3060 619 minorem
3104 581 3166 621 se
3211 581 3507 638 agnoverat

1923 649 2285 704 Cltlodoveum
2311 654 2623 707 Anastasius
2651 654 2958 721 imperator,
2982 657 3088 723 cui,
3106 665 3336 714 testante
3361 661 3499 715 Gre-

1921 741 2090 807 gorio,
2119 741 2395 796 codicillos
2439 743 2506 796 de
2535 747 2816 799 consulatu
2865 748 3162 803 transmisit
3191 750 3242 803 in
3277 751 3496 806 honoris

1923 841 1978 887 et
2013 835 2265 888 amicitiae
2292 847 2572 892 tesseram.
2606 839 2719 893 Non
2751 841 2894 894 enim
2923 843 3159 913 aliquam
3185 846 3506 916 abimpera-

1926 939 2040 983 tore
2103 940 2416 997 potestatem
2464 948 2530 987 ex
2587 938 2688 988 hoc
2737 940 3018 1002 accepisse
3075 942 3380 996 censendus
3419 951 3508 997 est

1924 1020 2284 1084 Chlodoveus,
2339 1023 2428 1092 qui
2478 1024 2587 1093 jam
2617 1035 2770 1081 “tunc
2819 1030 3074 1097 temporis
3123 1031 3505 1099 imperatorem

1927 1113 2098 1178 ipsum
2134 1117 2366 1190 potentia
2401 1117 2708 1185 superabat.
2739 1119 2944 1176 Exinde
2966 1130 3146 1178 tamen
3167 1122 3504 1179 Chlodoveus

1928 1217 2076 1259 more
2100 1205 2484 1273 imperatorum
2513 1209 2818 1266 diademate
2849 1212 3126 1268 redimitus
3151 1214 3203 1268 in
3233 1216 3502 1283 publicum

1927 1296 2210 1363 processit,
2253 1307 2308 1351 et
2353 1297 2573 1362 blattca,
2607 1299 2657 1354 id
2703 1310 2789 1356 est
2840 1318 3104 1372 purpurea
3149 1315 3320 1374 veste,
3353 1321 3506 1373 usus,

1929 1388 2142 1456 Augusti
2166 1390 2380 1444 nomine
2407 1391 2638 1446 donatus
2663 1392 2780 1448 fuit.

2005 1479 2089 1533 l5.
2142 1479 2290 1534 Hanc
2333 1492 2511 1536 autem
2560 1498 2845 1551 summam,
2875 1503 2979 1558 qua
3031 1487 3305 1557 pollebant
3351 1505 3506 1560 reges

1931 1571 2097 1624 nostri
2129 1575 2524 1640 auctoritatem,
2560 1591 2662 1629 non
2695 1581 2982 1646 supercilio
3023 1580 3076 1635 in
3127 1581 3376 1650 pepulos,
3410 1595 3506 1636 ve-

257 1675 428 1728 textati
460 1673 648 1727 sedem
677 1673 788 1740 ipsa
822 1679 1015 1740 agente
1051 1667 1400 1736 Frcdeguntle
1431 1668 1688 1729 inlruSns,
1721 1667 1824 1720 Ro-
1857 1672 1903 1730 Β
1932 1662 2022 1716 luti
2056 1661 2343 1718 orientales
2378 1680 2529 1734 reges
2558 1667 2647 1736 qui
2677 1683 2706 1721 a
2735 1669 3086 1736 popularibus
3135 1671 3248 1727 suis
3294 1672 3507 1727 adorari

255 1765 568 1834 thomagensi
605 1763 846 1816 Ecclesia
885 1762 1163 1829 potiretur.
1195 1760 1370 1827 Reges
1400 1775 1523 1813 vero
1548 1770 1703 1814 aetate
1727 1762 1825 1814 nti-

260 1875 394 1914 nores
440 1859 531 1926 qui
569 1871 738 1924 regno
783 1853 1214 1907 administrando
1249 1851 1484 1905 nondum
1537 1850 1743 1906 habiles
1772 1861 1826 1906 et

259 1951 412 2003 idonei
450 1957 624 2010 erant,
657 1945 947 2000 manebant
990 1943 1088 1998 sub
1136 1943 1298 1997 tutela
1330 1953 1384 1997 et
1421 1944 1630 2007 matris,
1657 1943 1700 1996 si
1733 1957 1822 1997 su-

263 2052 503 2110 peressct,
535 2050 591 2095 et
634 2039 786 2108 regni
835 2037 1004 2106 ipsius
1051 2037 1389 2106 optimatum,
1425 2045 1483 2089 ut
1507 2035 1574 2090 de
1605 2035 1824 2089 Childe-

270 2138 406 2185 ΙΜιο
427 2132 694 2202 Sigiberti,
723 2138 777 2182 et
826 2128 1102 2181 Chlotario
1131 2128 1416 2197 Chilperici
1451 2125 1571 2180 libis
1602 2142 1665 2180 ex
1696 2126 1826 2182 Gre-

260 2226 397 2294 ει-ιὶυ
426 2228 608 2293 liquet.
631 2220 1010 2275 Childebertus
1040 2219 1180 2274 idem
1221 2233 1391 2275 annos
1420 2218 1544 2272 vitm
1573 2226 1828 2286 quatuor-

263 2317 418 2370 decitu
449 2329 720 2384 egressus,
755 2328 784 2365 a
814 2321 1004 2381 patruo
1034 2325 1132 2365 suo
1163 2309 1493 2365 Gnntramno
1522 2325 1636 2374 rex,
1673 2309 1722 2362 id
1745 2318 1829 2363 est

262 2408 453 2478 pepul'.s
477 2423 574 2476 per
601 2421 660 2459 se
691 2406 863 2473 ipsum
894 2404 1144 2474 regendis
1178 2414 1387 2472 potens,
1419 2417 1533 2464 seu,
1569 2411 1626 2454 ut
1650 2401 1824 2470 loqui-

257 2517 380 2560 tnnr,
399 2501 560 2566 major
583 2496 890 2550 declaratus
918 2502 1004 2547 est
1025 2493 1114 2547 lib.
1141 2509 1211 2547 vn
1242 2495 1510 2558 llistoritc,
1537 2491 1826 2562 capitc55;

257 2608 314 2646 ex
343 2608 444 2660 quo
474 2591 632 2644 etinu
679 2588 856 2653 capite
900 2585 1207 2640 instituendi
1247 2585 1389 2650 regis
1420 2585 1634 2638 modum
1666 2584 1829 2638 disci-

258 2698 387 2736 mus.
419 2683 545 2735 Nam
577 2681 648 2734 ibi
677 2679 1046 2734 Gnntratnnus
1073 2677 1195 2730 data
1224 2677 1278 2729 in
1317 2676 1631 2730 C/tildeberli
1678 2693 1832 2730 manu

260 2776 414 2840 hasta,
441 2775 603 2828 dixit:
637 2774 751 2825 lloc
781 2785 855 2826 est
878 2772 1145 2834 indicium,
1171 2768 1308 2838 quod
1331 2769 1421 2822 tibi
1447 2785 1594 2823 omne
1621 2785 1834 2840 regnum

259 2881 412 2918 meum
441 2866 654 2918 tradidi.
685 2865 848 2918 Certe
876 2878 938 2916 ex
978 2861 1248 2914 veteribus
1281 2860 1513 2913 nummis
1553 2861 1829 2926 discimus,

263 2960 454 3012 hastam
475 2959 610 3028 apud
645 2958 883 3012 Francos
915 2957 1072 3026 regiae
1107 2956 1387 3023 potestatis
1415 2956 1621 3023 insigne
1647 2955 1830 3011 fuisse.

1934 1766 2354 1816 consueverunt.
2391 1773 2493 1812 non
2525 1762 2684 1813 etiam
2718 1763 2829 1815 auri
2853 1762 3234 1818 etdivitiarum
3258 1766 3509 1834 amplitu-

1929 1848 2052 1903 dine
2081 1849 2179 1902 sibi
2211 1851 2583 1916 conciliarnnt,
2613 1855 2706 1907 sed
2740 1871 2922 1911 amore
2949 1856 3000 1910 in
3031 1858 3281 1927 populos,
3311 1867 3367 1914 et
3393 1876 3510 1913 mu-

1931 1949 2020 1995 tuo
2061 1942 2392 2010 popularium
2420 1945 2474 1997 in
2522 1961 2698 2010 regem
2726 1961 2929 2012 amore,
2959 1951 3047 2017 qui
3090 1951 3147 2004 in
3175 1950 3506 2006 Francorum

1929 2035 2182 2089 cordibus
2224 2051 2255 2090 a
2286 2047 2472 2090 natura
2515 2036 2706 2092 insitus
2749 2039 2978 2096 videtur.
3016 2041 3152 2096 llioc
3196 2041 3396 2096 factum
3427 2053 3513 2097 est

1930 2136 1989 2179 ut
2016 2135 2224 2182 caeteras
2257 2129 2521 2196 nationes,
2550 2145 2670 2200 qua:
2710 2131 2966 2187 inclinato
3008 2135 3233 2204 imperio
3263 2135 3425 2189 variis
3455 2137 3508 2191 in

1933 2220 2220 2288 provinciis
2269 2221 2426 2276 sedes
2473 2232 2818 2289 acceperant,
2860 2224 2998 2279 haud
3033 2224 3122 2280 diu
3164 2240 3256 2281 eas
3292 2241 3512 2297 servare

1934 2313 2220 2382 potuerint,
2241 2313 2382 2382 quod
2413 2328 2510 2368 sua
2541 2325 2802 2381 potestate
2831 2316 3200 2372 abuterentur.
3217 2319 3285 2372 At
3315 2317 3511 2374 Franci

1931 2419 2064 2473 quas
2090 2406 2394 2476 provincias
2422 2408 2619 2462 virtute
2641 2421 2736 2462 sua
2764 2408 3155 2477 acquisicrunt,
3186 2423 3292 2463 non
3331 2409 3510 2465 solum

1930 2511 2218 2552 servavere
2245 2497 2555 2563 incolumes,
2586 2501 2677 2554 sed
2704 2509 2758 2554 et
2773 2501 2976 2556 vicinas
2994 2502 3193 2556 autsibi
3208 2501 3511 2571 subiecere,

1933 2597 2024 2642 aut
2072 2589 2182 2642 suis
2229 2591 2464 2646 contenti
2517 2592 2709 2646 finilms
2738 2592 2967 2648 ell‘eeere
3017 2595 3342 2649 tributarias.
3379 2595 3510 2662 Quis

1933 2680 2136 2737 nesciat
2158 2682 2468 2750 Wandalos,
2493 2683 2676 2738 Alanis
2703 2683 3004 2748 exstinrtis,
3037 2686 3270 2740 Africam
3289 2686 3373 2740 vix
3406 2702 3514 2740 uno

1933 2776 2132 2830 saeculo
2170 2775 2491 2840 obtinuisse,
2524 2791 2586 2829 ac
2615 2777 2770 2844 paulo
2801 2786 2921 2846 post
2947 2776 3151 2832 Suevos
3173 2778 3225 2830 in
3263 2776 3510 2832 Callaecia

1929 2864 2114 2935 jugum
2156 2864 2594 2932 Wisigotthorum
2644 2865 2824 2920 subire
2863 2865 3026 2947 fuisse
3075 2868 3326 2920 coactos”!
3357 2867 3509 2921 llaud

1937 2956 2137 3011 diutius
2168 2955 2456 3008 substitere
2496 2954 2896 3024 Burgundiones
2925 2949 2983 3008 in'
3019 2954 3208 3020 Gallia,
3234 2956 3514 3026 Ostrogot-

262 3049 592 3103 Chlodnvets
618 3061 797 3103 tamen
829 3059 945 3119 post
966 3048 1214 3117 Sigiberti
1247 3047 1584 3101 Coloniensis
1614 3046 1752 3115 regis
1777 3055 1833 3101 et
1860 3051 1907 3114 (ι
1942 3048 2014 3102 thi
2055 3047 2106 3102 in
2157 3047 2323 3112 Italia,
2352 3047 2661 3116 Wisigotthi
2706 3048 2758 3101 in
2803 3048 3152 3118 Septimania.
3201 3053 3270 3104 At
3317 3049 3508 3104 Franci

262 3141 374 3210 ejus
413 3143 498 3196 lilii
541 3157 724 3196 necem
762 3142 812 3194 in
863 3139 1043 3208 clypeo
1081 3148 1301 3202 evectus,
1337 3153 1428 3192 rex
1478 3153 1662 3192 eorum
1713 3137 1832 3191 loco

266 3235 567 3288 constitutus
611 3233 730 3286 fuit.
765 3232 1066 3301 Sigibertus
1111 3242 1289 3284 autem
1337 3245 1366 3283 a
1418 3230 1744 3284 Neustrasiis
1781 3231 1832 3283 in

269 3339 439 3393 regem
466 3332 710 3393 acceptus
741 3339 896 3388 super
917 3321 1094 3392 clypeo
1123 3321 1390 3389 impositus
1413 3331 1508 3374 est.
1543 3320 1649 3375 Nec
1680 3321 1835 3374 aliter

270 3414 1036 3470 Gundobadum-Ballomerem
1060 3429 1086 3463 a
1120 3415 1229 3464 suis
1271 3413 1321 3464 in
1359 3427 1539 3481 regem
1588 3422 1834 3466 evectum

273 3505 429 3562 fuisse
457 3508 694 3574 legimus.
728 3506 1054 3573 Supremum
1091 3516 1266 3558 autem
1312 3519 1496 3572 regum
1529 3513 1834 3557 nostrorum

277 3594 552 3649 dominium
584 3596 680 3649 soli
718 3594 826 3648 Deo
857 3593 1152 3660 subjectum
1190 3605 1449 3645 memorat
1481 3594 1676 3659 passim
1705 3593 1836 3648 Grc-

274 3686 463 3751 gorius,
487 3702 604 3740 cum
633 3699 747 3748 eos,
778 3681 879 3737 nisi
903 3683 1162 3752 jusitiam
1195 3683 1553 3745 exercuerim,
1574 3683 1834 3750 judicium

276 3777 371 3829 Dei
397 3778 482 3832 sibi
512 3777 785 3832 imminere
821 3775 1110 3839 admonet;
1138 3774 1288 3841 cujus
1333 3775 1405 3827 rei
1437 3774 1710 3842 egregium
1737 3775 1837 3827 ha-

275 3867 453 3922 bemus
473 3869 770 3937 exemplum
805 3867 856 3919 iu
890 3865 1029 3919 libro
1061 3881 1089 3917 v
1121 3865 1388 3932 Historiae,
1413 3865 1588 3934 capite
1620 3867 1708 3929 l9,
1746 3864 1837 3918 ubi

272 3956 554 4029 Gregorius
580 3958 941 4028 Chilpericum
975 3957 1268 4026 alloquens,
1304 3957 1410 4026 regi
1458 3958 1673 4026 quidem
1722 3958 1836 4024 epi-

269 4066 460 4120 scopas
486 4069 670 4108 omnes
712 4067 834 4107 esse
876 4051 1145 4120 subjectos
1188 4059 1443 4114 testatur;
1480 4066 1656 4120 regem
1709 4066 1839 4105 vero

268 4143 440 4210 ipsum
485 4147 690 4200 nonnisi
747 4145 876 4206 Deo,
909 4143 998 4212 qui
1049 4143 1336 4196 criminum
1394 4156 1840 4210 quorumcunqne

270 4233 538 4290 hominum
569 4237 709 4291 ultor
735 4245 834 4289 est.
861 4234 921 4289 Si
951 4235 1087 4303 quis,
1118 4233 1312 4301 inquit,
1350 4249 1410 4285 ex
1441 4232 1585 4285 nobis
1629 4235 1838 4285 aberra-

267 4334 413 4394 ren't,
441 4347 468 4381 α
489 4341 533 4383 te
562 4340 718 4400 potest
756 4329 1016 4382 emendari
1033 4343 1052 4390 ,°
1076 4328 1117 4378 si
1156 4343 1270 4378 vero
1301 4337 1354 4377 tu
1398 4328 1691 4389 excesseris,
1725 4326 1836 4393 quis

1941 3139 2206 3209 hodieque
2229 3142 2279 3192 in
2304 3139 2496 3194 Galliis
2530 3147 2897 3208 perseverant,
2924 3139 3014 3210 qui
3051 3141 3101 3194 in
3130 3140 3262 3210 ipsis
3290 3140 3514 3196 stabiliti

1939 3233 2088 3301 regni
2120 3231 2449 3301 primordiis,
2478 3231 2825 3296 Alamannos,
2856 3231 3152 3300 Bajoarios,
3183 3231 3510 3302 Thuringos,

1941 3328 2202 3388 Saxones,
2246 3322 2512 3385 Winidos,
2567 3323 2810 3389 Sclavos,
2853 3323 3092 3392 aliasque
3119 3323 3392 3390 nationes,
3423 3332 3518 3377 aut

1939 3416 2210 3485 subjectas
2262 3415 2386 3480 sibi,
2432 3426 2524 3469 aut
2577 3416 2883 3470 tributarias
2932 3415 3130 3471 fecere.
3161 3414 3516 3485 Wisigotthos

1940 3507 2259 3575 expulerunt
2305 3523 2368 3560 ex
2417 3507 2770 3575 Septimania,
2807 3505 3242 3575 Burgundionum
3288 3521 3512 3574 regnum

1943 3599 2098 3668 plane
2126 3599 2520 3660 exstinxerunt.
2551 3599 2926 3666 Ostrogottltos
2957 3597 3010 3650 in
3028 3597 3170 3652 Italia
3188 3603 3515 3661 terruerunt,

1943 3692 2325 3759 Langobardis,
2359 3691 2448 3760 qni
2477 3689 2689 3746 Gottbis
2720 3690 2772 3742 iu
2814 3689 2960 3743 Italia
2996 3696 3388 3754 successerant,
3421 3689 3516 3742 tri-

1940 3785 2064 3840 buta
2095 3785 2505 3852 imposuerunt:
2538 3782 2678 3850 iique
2724 3782 2792 3833 ita
2841 3789 2993 3836 erant
3047 3779 3192 3849 ipsis.
3211 3777 3426 3842 addicti,
3457 3789 3515 3832 ut

1940 3890 2114 3943 neque
2141 3890 2320 3943 regem
2350 3874 2449 3927 sibi
2477 3873 2804 3927 constituere
2831 3871 3101 3925 auderent
3117 3870 3319 3938 absque
3341 3869 3512 3923 Fran-

1939 3981 2123 4021 corum
2153 3965 2325 4018 venia.
2357 3963 2474 4018 Uno
2511 3965 2673 4017 verbo
2707 3961 2969 4018 nihilnou
3005 3959 3222 4014 Francis
3255 3960 3513 4028 parebat:

1939 4073 2167 4129 quorum
2189 4057 2478 4112 amicitiam
2499 4066 2552 4110 et
2576 4057 2675 4124 ipsi
2693 4056 3048 4123 imperatores
3073 4053 3205 4108 tanti
3221 4053 3507 4123 faciebant,

1941 4163 1997 4206 ut
2037 4167 2154 4216 eam
2189 4151 2392 4204 crebris
2439 4147 2813 4219 legationibus,
2856 4146 3228 4217 largitionibus
3268 4145 3517 4214 pecunia-

1941 4259 2082 4310 rum,
2109 4253 2160 4300 et
2186 4243 2582 4312 provinciarum
2612 4240 2942 4296 cessionibns
2967 4248 3271 4308 captarent;
3305 4253 3521 4307 parum-

1941 4355 2047 4407 que
2074 4336 2240 4396 abl'uit
2270 4339 2396 4405 quin
2421 4334 2612 4390 tributa
2643 4333 2772 4402 ipsis
2805 4331 3119 4402 penderent,
3145 4330 3195 4384 id
3218 4331 3337 4385 sine
3352 4331 3516 4384 dubio

269 4429 319 4470 te
366 4423 625 4491 corripiet?
658 4421 941 4490 Loquimur
985 4421 1095 4486 tibi,
1119 4420 1208 4471 sed
1238 4419 1280 4470 si
1308 4420 1548 4483 volueris,
1580 4419 1761 4482 audis;
1793 4420 1829 4471 si

1944 4431 2154 4495 facturi,
2191 4429 2244 4484 ni
2278 4429 2446 4497 pudor
2472 4426 2791 4484 obstitisset.
2821 4425 2954 4480 Cum
2981 4425 3121 4478 enim
3149 4438 3212 4478 ea
3248 4423 3316 4478 ab
3347 4423 3516 4491 impc-

270 4525 391 4564 δι’το
435 4515 668 4582 nolueris,
703 4516 813 4584 quis
852 4525 899 4565 te
937 4511 1314 4578 condemnabit,
1351 4512 1448 4564 nisi
1477 4512 1564 4580 qui
1593 4529 1646 4565 se
1678 4513 1835 4583 justi-

269 4606 396 4657 tiam
423 4625 520 4662 esse
547 4607 987 4679 pronuntiaverit?
1010 4605 1218 4658 Nullum
1248 4605 1408 4658 etiam
1444 4620 1600 4672 supra
1635 4620 1694 4658 se
1741 4606 1836 4657 lio-

269 4700 461 4754 minem
489 4701 808 4771 agnoscebat
833 4698 1138 4752 Chlotarius
1157 4697 1441 4764 Chilpcriei
1472 4699 1636 4765 ipsius
1662 4708 1832 4763 pater,

269 4793 360 4859 qui
394 4803 499 4860 post
522 4794 741 4847 fratrum
773 4806 996 4846 suorqu
1041 4804 1336 4857 eorumque
1368 4789 1595 4842 liliorum
1646 4787 1829 4842 funera

271 4869 544 4941 monarclta
588 4885 776 4948 factus,
806 4897 929 4938 cum
963 4881 1238 4950 proximus
1267 4889 1412 4934 esset
1453 4882 1632 4944 morti,
1676 4895 1738 4932 ac
1783 4881 1833 4932 vi

272 4976 430 5030 febris
455 4993 770 5049 magnOpcre
817 4985 1144 5031 vexaretur:
1181 4972 1314 5038 Uva,
1347 4975 1640 5042 inquiebat,
1671 4974 1835 5042 qualis

272 5083 298 5117 ε
332 5079 351 5118 ι
383 5069 459 5122 ille
479 5088 562 5123 res:
602 5069 816 5125 caelestis
855 5068 942 5137 qui
973 5077 1074 5119 tam
1104 5082 1316 5134 magnos
1365 5081 1506 5135 rcges
1557 5065 1838 5133 interﬁcit!

273 5157 405 5214 lliue
445 5178 705 5232 nunquam
769 5162 941 5214 tulere
990 5158 1312 5212 Francorum
1346 5172 1522 5227 reges,
1561 5167 1710 5211 utne
1740 5158 1839 5211 mi-

273 5252 408 5306 nima
436 5255 638 5322 quidem
679 5249 1028 5321 subjectionis
1073 5251 1256 5303 umbra
1303 5264 1486 5302 eorum
1555 5247 1836 5317 imperium

274 5347 648 5400 obscuraretur.
683 5342 1037 5400 Memorabile
1068 5352 1149 5396 est
1182 5342 1316 5394 hanc
1361 5340 1412 5394 in
1449 5357 1560 5395 rem
1590 5341 1838 5395 Theode-

276 5435 816 5496 ltertiAustrasiorum
850 5437 994 5506 regis
1018 5437 1252 5502 facinus,
1275 5437 1365 5500 qui
1404 5434 1672 5490 referente
1697 5439 1836 5505 Aga-

274 5530 381 5581 tbia
410 5543 613 5587 auctore
641 5533 855 5598 Graeco,
893 5545 1016 5585 cum
1049 5528 1309 5584 audiisset
1351 5527 1710 5582 Justiniauutu
1742 5527 1838 5580 im-

276 5632 559 5682 peratorctn
590 5623 730 5681 inter
760 5625 899 5680 alios
935 5620 1133 5689 titulos,
1168 5616 1411 5675 Francici
1442 5621 1602 5679 etiam
1645 5635 1839 5676 nomen

1948 4530 2126 4578 ratore
2177 4518 2499 4576 Theoderici
2550 4521 2690 4587 reg‘s
2739 4514 2897 4587 legati
2936 4517 3154 4584 exigere
3199 4514 3519 4576 voluissent,

1945 4615 2257 4680 imperator,
2298 4609 2470 4678 inquit
2504 4605 2935 4676 Theophylactus
2979 4603 3268 4660 Simocatta
3303 4603 3440 4656 libro
3473 4618 3523 4654 γι

1945 4705 2325 4766 Ιῒὶειοτίιιιιιιι),
2353 4702 2558 4771 legatos
2589 4699 2892 4754 humaniter
2923 4706 3256 4761 muneratus,
3287 4695 3524 4748 Francos

1942 4797 2257 4851 adhortatus
2291 4805 2399 4861 ρει,
2441 4803 2494 4848 ut
2523 4792 2651 4846 citra
2683 4792 2913 4860 pretium
2953 4791 3265 4844 societatem
3299 4787 3519 4850 inirent,

1941 4903 2062 4944 cum
2095 4891 2232 4943 t'erre
2257 4903 2361 4942 non
2405 4895 2585 4957 posset
2612 4884 2870 4939 barbaros
2896 4898 2927 4938 a
2969 4879 3228 4936 Romanis
3258 4879 3514 4930 tributmu

1941 4982 2174 5048 exigere.

2017 5073 2101 5127 16.
2146 5073 2312 5125 Tanta
2344 5070 2539 5139 quippe
2559 5067 2670 5138 jam
2704 5076 2830 5120 tunc
2859 5074 2970 5118 erat
2999 5063 3326 5118 Francorum
3357 5058 3521 5124 fama,

1945 5172 2194 5232 tantaque
2221 5161 2320 5216 sub
2348 5160 2451 5214 illis
2482 5157 2812 5228 principibus
2841 5153 3158 5224 populorum
3191 5149 3526 5217 l'elit-itas,-ut

1947 5265 2002 5309 et
2031 5256 2219 5310 vicina:
2247 5262 2456 5322 gentes,
2481 5265 2599 5319 qua:
2627 5265 2690 5302 ex
2725 5246 2949 5302 Romani
2978 5245 3188 5314 imperii
3221 5243 3460 5314 reliquiis
3489 5260 3520 5298 a

1951 5345 2188 5400 barbaris
2212 5343 2418 5397 fuerant
2448 5340 2764 5410 subjugatze,
2800 5345 2935 5392 teste
2964 5336 3224 5408 Gregorio
3243 5375 3261 5402 ,
3290 5335 3525 5391 Francos

1949 5440 2145 5495 habere
2175 5452 2328 5506 reges
2353 5435 2740 5496 desiderarent,
2769 5433 2870 5488 sub
2899 5433 3110 5502 quibus,
3141 5441 3196 5486 et
3225 5433 3411 5503 religio
3438 5446 3531 5485 ca-

1947 5531 2170 5595 tholica,
2217 5543 2376 5598 quam
2412 5541 2582 5596 nuper
2623 5523 2856 5594 amplexi
2908 5524 3118 5580 fuerant
3144 5566 3158 5589 ,
3201 5521 3444 5586 ﬂoreret,
3476 5530 3532 5574 et

1949 5624 2193 5681 libertate
2211 5637 2307 5681 sua
2331 5621 2541 5691 populis
2563 5619 2638 5678 uti
2661 5618 2868 5677 liceret.
2887 5617 2943 5675 Id
2964 5627 3140 5675 autem
3169 5614 3390 5686 contigit
3410 5620 3532 5682 post
