4024 6192
487 247 560 304 23
1943 237 2328 295 PR/EFATIO.
3692 243 3761 296 οη

490 364 778 424 Chiodovei
797 366 1224 430 conversionem,
1254 377 1373 418 cum
1404 375 1509 417 non
1541 361 1711 418 solum
1741 359 2062 431 Remigium,
2097 365 2147 422 Α
2173 357 2312 411 ditas
2332 398 2346 422 ,
2378 364 2463 407 aut
2497 357 2597 410 alia
2632 358 2838 424 quasvis
2867 357 3006 412 ratio
3049 356 3378 427 principibus
3424 362 3761 414 contrarimu

488 457 572 512 sui
628 467 682 511 et
728 458 890 512 totius
933 457 1104 526 gentis
1151 455 1478 523 apostolum,
1533 454 1626 509 sed
1673 454 1823 508 alios-
1854 467 2066 523 quoque

487 547 794 617 episcopos,
825 562 888 602 ex
919 546 1108 616 quibus
1139 545 1291 598 multi
1323 546 1372 598 in
1398 545 1586 599 Galliis
1619 556 1742 597 tunc
1769 553 1922 597 erant
1945 557 2069 597 san-

489 641 673 696 ctitate
695 641 937 696 celebres
959 678 973 703 ,
1006 639 1340 692 consiliarios
1383 637 1644 691 adhibuit.
1680 635 1871 690 Exstat
1908 650 1972 690 ea
2001 636 2068 688 de

490 748 548 788 re
577 732 717 788 beati
745 730 965 800 Remigii
989 729 1232 796 epistola,
1264 743 1379 798 quae
1406 727 1658 796 principis
1684 723 1856 780 ()mt'fiil
1886 725 2069 793 paucis

492 825 706 890 verbis,
751 822 845 877 sed
901 821 1291 877 efﬁcacissimis
1345 819 1739 888 complectitur.
1800 818 2066 872 Cmterum

503 926 648 970 tanta
675 929 739 969 ex
781 923 907 968 tunc
928 915 1091 983 coepit
1117 927 1237 968 esse
1265 913 1638 982 episcoporum
1670 911 1981 976 auctoritas,
2015 917 2072 963 ut

491 1007 619 1060 nihil
662 1007 774 1060 fere
819 1007 1021 1072 absque
1063 1020 1247 1059 eorum
1295 1004 1521 1060 consilio
1571 1005 1741 1058 fleret.
1773 1001 1947 1058 Testis
1988 1012 2070 1057 est

487 1097 780 1167 Gregorius
835 1095 1139 1166 complures
1195 1109 1379 1149 eorum
1436 1093 1794 1164 legationibus
1859 1095 2068 1147 functos

487 1188 654 1244 fuisse
680 1189 746 1243 ad
776 1197 990 1243 exteros
1014 1187 1302 1256 principes.
1331 1186 1386 1242 Si
1417 1199 1549 1241 vero
1572 1186 1715 1242 inter
1738 1187 1926 1240 fratres
1952 1194 2070 1254 post

489 1280 642 1351 regni
681 1279 996 1335 divisionem
1027 1279 1206 1348 aliqua
1241 1279 1584 1334 exorireutur
1625 1277 1847 1332 dissidia
1868 1318 1883 1342 ,
1917 1291 2068 1330 com-

492 1372 830 1442 ponebantur
861 1386 957 1440 per
991 1370 1273 1440 episcopos
1304 1387 1316 1423 :
1345 1369 1478 1425 citra
1519 1383 1746 1440 quorum
1795 1368 2074 1423 interven-

491 1473 604 1518 tum
635 1463 724 1517 vix
753 1462 1054 1532 quisquam,
1078 1461 1169 1528 qui
1196 1475 1224 1513 a
1253 1461 1397 1531 regis
1418 1461 1590 1530 gratia
1618 1459 1926 1523 excidisset,
1952 1473 2070 1513 eam

493 1556 865 1625 recuperabat.
900 1555 1098 1611 Harum
1129 1555 1452 1616 similiumve
1478 1567 1657 1608 rerum
1680 1552 1926 1621 exempla
1947 1565 2073 1606 con-

493 1661 685 1714 gerere
715 1661 820 1701 non
851 1646 1062 1702 videtur
1096 1660 1275 1715 operte
1303 1646 1534 1715 pretium
1563 1685 1577 1711 ,
1611 1658 1731 1699 cum
1762 1643 1961 1714 passim
1993 1643 2072 1697 Ie-

2173 455 2461 517 suasisset,
2491 453 2869 522 episcoporum
2901 453 3285 508 monitionibus
3310 463 3364 508 et
3392 453 3748 508 intercessio—

2173 546 2328 602 nibus
2357 547 2638 602 cedebant.
2658 545 2787 600 Rem
2813 546 2971 615 paulo
3001 545 3118 613 plus
3137 561 3294 612 quam
3323 547 3503 600 cmteri
3539 562 3752 614 promo-

2171 651 2322 695 verat
2350 640 2652 694 Cltlotarius
2683 637 2843 706 hujus
2873 635 3103 690 nominis
3137 639 3358 706 primus,
3391 639 3478 705 qui
3499 678 3513 700 ,
3551 647 3608 689 ut
3639 651 3756 688 om-

2174 748 2268 788 nes
2298 733 2549 788 Ecclesite
2577 731 2840 785 redituum
2883 745 3104 783 suorum
3147 739 3352 799 partem
3389 730 3517 781 lisco
3549 727 3758 794 persol-

2173 833 2383 889 verent,
2415 825 2632 878 decreto
2677 823 2999 876 sanciverat.
3051 823 3118 875 At
3163 820 3576 875 conniventibus
3624 819 3763 886 regis

2174 918 2436 972 voluntati
2463 959 2477 982 ,
2512 927 2658 970 metu
2691 925 2783 969 aut
2813 915 3119 968 adulatione
3141 955 3156 977 ,
3190 913 3403 966 caeteris
3452 912 3725 979 episcopis
3749 951 3764 973 ,

2177 1011 2492 1080 lnjuriosus,
2527 1010 2804 1063 Turonum
2850 1007 3110 1072 antistes,
3143 1023 3254 1060 rem
3303 1007 3437 1058 adeo
3487 1005 3761 1058 insolitam

2173 1118 2276 1156 non
2310 1102 2505 1166 ferens,
2538 1101 2827 1154 insalutato
2849 1115 2973 1169 rege
3001 1097 3416 1164 abscessitzquo
3444 1097 3583 1150 facto
3612 1110 3764 1149 com-

2174 1202 2348 1248 motus
2373 1209 2486 1257 rex,
2519 1192 2817 1261 ductusque
2849 1191 3187 1260 paenitentia,
3222 1199 3277 1242 ut
3307 1191 3590 1257 episcopus
3615 1188 3762 1242 redi-

2174 1294 2256 1340 ret
2285 1289 2518 1356 rogavit;
2548 1300 2795 1353 eumque,
2834 1283 3003 1338 fracto
3034 1283 3263 1352 propriis
3287 1283 3534 1336 manibus
3558 1282 3764 1342 edicto,

2176 1378 2443 1432 laudatum
2479 1377 2790 1431 muneribus
2823 1376 3127 1441 honoravit,
3153 1375 3295 1444 quod
3325 1375 3373 1428 ei
3399 1382 3505 1426 tam
3537 1373 3761 1427 salubre

2176 1469 2451 1524 consilium
2476 1469 2811 1536 inSpirasset.
2838 1468 3006 1532 Quam
3033 1482 3159 1521 vero
3184 1467 3232 1519 in
3260 1465 3342 1519 his
3373 1463 3648 1518 servandis
3680 1479 3766 1514 re-

2177 1561 2346 1630 ligiosi
2378 1561 2572 1614 fuerint
2596 1574 2747 1626 reges
2773 1559 2962 1620 nostri,
2995 1553 3488 1624 scribitGregorius
3511 1554 3653 1606 libro
3682 1568 3762 1612 Ix,

2179 1653 2352 1720 capite
2379 1649 2476 1715 50;
2517 1650 2610 1704 sed
2649 1650 2906 1702 memoria
2946 1658 3144 1702 aeterna
3179 1649 3395 1711 dignum
3437 1658 3521 1700 est
3569 1645 3764 1699 Chari-

493 1738 735 1793 ctoribus
781 1738 835 1792 in
880 1737 1121 1806 Gregorii
1154 1737 1384 1791 Historia
1415 1743 1718 1790 occurrant.
1753 1732 1912 1787 Certe
1950 1747 2070 1786 cum
2106 1743 2150 1801 Β
2183 1744 2315 1798 beru
2347 1743 2489 1812 regis
2519 1743 2715 1795 factum
2745 1785 2756 1804 ,
2793 1740 2880 1809 qui
2921 1756 3041 1794 ρυιι,
3091 1740 3160 1794 ab
3209 1738 3460 1794 Εηει-θυλο
3505 1739 3767 1805 ενίείιομο

496 1830 551 1883 in
574 1829 918 1901 expeditione
944 1829 1232 1898 Hispanica
1254 1826 1566 1883 Guntramui
1586 1825 1852 1880 exercitus
1879 1823 2078 1891 rapinis

499 1923 711 1979 inhians
741 1939 854 1979 rem
886 1924 1023 1978 male
1049 1924 1323 1993 gessisset,
1357 1921 1664 1976 convocatis
1710 1935 1806 1973 rex
1852 1929 2079 1987 quatuor

497 2016 766 2086 episcopis
791 2031 914 2072 cum
939 2017 1056 2070 aliis
1086 2031 1117 2070 e
1149 2015 1295 2086 regni
1327 2013 1662 2083 primatibus,
1691 2011 1958 2066 exercitus
1984 2010 2076 2064 du-

498 2123 620 2164 cum
647 2123 861 2164 causam
892 2117 1147 2164 excutere
1173 2108 1356 2177 carpit,
1389 2106 1660 2161 referente
1689 2103 1955 2174 Gregorio
1979 2101 2073 2155 l'th.

494 2212 593 2257 Vni
617 2203 882 2268 Historiae,
912 2204 1086 2272 capite
1113 2203 1201 2257 30.
1229 2201 1316 2256 Sic
1347 2209 1400 2255 et
1432 2211 1550 2269 post
1583 2197 1885 2253 Praetextati
1938 2211 2082 2249 mor-

503 2302 633 2358 tem,
665 2293 804 2348 idem
834 2296 1082 2363 princeps
1104 2303 1212 2348 tres
1241 2293 1520 2362 episcopos
1541 2291 1606 2346 ad
1636 2288 1896 2344 Chlotarii
1929 2287 2080 2357 regni

504 2385 790 2455 optimates
818 2386 1106 2456 delegavit,
1141 2387 1230 2454 qui
1261 2399 1321 2440 ea
1357 2385 1423 2439 de
1455 2399 1513 2441 re
1544 2383 1894 2452 inquirerent.
1922 2379 2084 2433 Deni-

504 2493 610 2545 que
654 2491 774 2531 cmn
822 2477 962 2532 idem
1006 2475 1372 2530 Guntramnus
1402 2475 1468 2529 de
1499 2473 1749 2543 legitimis
1777 2468 2038 2526 Chlotarii
2063 2509 2078 2533 ,

502 2568 792 2638 Chilperici
825 2584 888 2624 ex
932 2567 1282 2637 Fredegunde
1331 2567 1463 2632 ﬁlii,
1514 2564 1780 2618 natalibus
1831 2561 2084 2616 dubitare

505 2661 803 2727 videretur,
837 2661 1018 2729 regina
1048 2660 1324 2715 accersitis
1355 2657 1600 2727 inprimis
1633 2656 1776 2726 regni
1797 2652 2079 2724 prioribus,

504 2753 559 2805 id
583 2761 658 2806 est
680 2753 960 2820 episcopis,
984 2761 1114 2815 etc.,
1147 2750 1242 2804 lilii
1270 2750 1349 2803 sui
1377 2747 1708 2802 nativitatem
1759 2745 1924 2798 fuisse
1953 2743 2085 2812 legi-

507 2845 692 2901 timum
717 2855 1050 2900 sacramento
1072 2844 1408 2913 approbavit.
1433 2843 1650 2898 Minime
1681 2841 1856 2908 itaque
1887 2838 2082 2891 mirum

508 2940 756 3009 cuiquam
784 2938 950 2994 videri
979 2938 1155 3000 debet,
1181 2937 1223 2990 si
1256 2937 1490 3005 episcopi
1513 2935 1624 2989 suis
1652 2934 1703 2987 in
1736 2933 1956 2988 urbibus
1977 2930 2086 3000 pri-

505 3039 752 3086 vatorum
802 3045 994 3086 causas
1046 3045 1166 3084 cum
1211 3028 1478 3098 adjunctis
1527 3025 1812 3081 comitibus
1859 3024 2086 3092 aliisque

2179 1833 2410 1888 monitus
2439 1833 2623 1887 fuisset
2652 1831 2844 1885 tributa
2877 1849 2904 1884 a
2934 1831 3043 1883 suis
3068 1830 3325 1882 ministris
3347 1830 3485 1896 apud
3517 1828 3770 1882 Tut'ones

2180 1923 2347 1978 fuisse
2379 1933 2588 1988 exacta,
2616 1923 2890 1992 ingemuit,
2923 1932 3030 1973 tum
3058 1921 3206 1974 libris
3228 1934 3482 1974 censuum
3517 1920 3770 1972 incendio

2182 2019 2407 2081 traditis,
2439 2031 2628 2070 aureos
2659 2030 2868 2084 quoque
2893 2014 3003 2083 jatn
3040 2023 3285 2081 receptos
3316 2013 3565 2067 Turonos
3595 2011 3764 2066 remi-

2181 2106 2549 2170 sit:veritus,
2584 2119 2651 2159 ne
2691 2107 2831 2174 quod
2877 2104 3134 2158 officiales
3180 2120 3277 2158 suo
3334 2106 3549 2158 nomine
3596 2103 3767 2158 etiam

2183 2200 2299 2267 ipso
2331 2199 2496 2252 inscio
2542 2206 2867 2265 exegerant,
2901 2199 2950 2251 in
2985 2213 3136 2250 suum
3167 2207 3329 2268 caput
3373 2197 3465 2252 Dei
3505 2207 3559 2251 et
3586 2199 3765 2252 sancti

2185 2289 2393 2344 Martini
2422 2288 2839 2358 indignationem
2873 2289 3194 2342 c0ucitaret.

2260 2381 2345 2433 l8.
2388 2379 2653 2446 Quantum
2685 2395 2814 2434 vero
2856 2381 3139 2434 catholica:
3165 2378 3440 2448 religionis
3468 2379 3767 2448 professio—

2185 2472 2236 2525 ni
2266 2471 2460 2525 addicti
2490 2485 2704 2538 semper
2728 2471 2922 2525 fuerint
2952 2487 3105 2540 reges
3133 2472 3323 2537 nostri,
3349 2487 3412 2524 ex
3436 2486 3502 2526 eo
3524 2472 3763 2525 maxime

2187 2571 2351 2632 patet,
2384 2562 2522 2630 quod
2556 2578 2749 2616 uxores
2773 2563 2962 2616 haeresi
3013 2564 3235 2618 infectas
3262 2564 3459 2618 ducere
3489 2579 3768 2632 nunquam

2187 2656 2469 2708 voluerint.
2517 2654 2909 2708 Brunichiltlem
2942 2654 3242 2725 Sigibertus
3275 2670 3494 2710 uxorem
3541 2656 3769 2720 habuit,

2188 2746 2583 2802 Galesvintltam
2612 2744 2946 2814 Chilpericus
2971 2750 3087 2814 ejus
3112 2747 3296 2813 frater,
3322 2747 3507 2801 ambas
3530 2748 3770 2802 Athana-

2189 2839 2312 2910 gildi
2345 2836 2787 2908 Wisigotthorom
2838 2837 2979 2909 regis
3025 2838 3191 2903 ﬁlias,
3225 2849 3277 2892 et
3322 2839 3518 2892 Ariana
3571 2839 3772 2894 ha-resi

2189 2928 2576 2983 contaminatas
2608 2945 2622 2980 :
2654 2939 2707 2980 at
2755 2940 2943 2982 neutra
2993 2927 3046 2981 in
3087 2928 3298 2982 tltorum
3350 2930 3491 2998 regis
3531 2927 3773 2983 admissa

2191 3033 2292 3087 est,
2321 3022 2448 3092 quin
2479 3021 2626 3091 prius
2651 3020 2894 3075 haeresim
2925 3037 3076 3076 suam
3104 3022 3392 3090 ejurassct.
3428 3024 3468 3077 Ε
3497 3024 3774 3077 contrario

503 3121 781 3178 ofﬁciariis
811 3121 1144 3190 iudicarent,
1179 3129 1234 3174 ut
1283 3135 1348 3174 ex
1384 3119 1616 3188 antiquis
1654 3116 1894 3171 formulis
1935 3115 2082 3169 aliis-
2111 3125 2157 3189 ρ
2192 3127 2495 3170 nostrorum
2529 3131 2710 3184 rmum
2747 3114 2868 3168 filim
2908 3115 3113 3170 exteris
3161 3117 3376 3184 regibus
3426 3130 3454 3168 a
3502 3115 3773 3170 catholica

504 3227 610 3283 que
636 3213 907 3268 veteribus
940 3214 1132 3275 passim
1166 3211 1524 3266 monumentis
1553 3251 1568 3266 .
1600 3211 1763 3263 immo
1784 3217 1836 3261 et
1857 3222 1921 3262 ex
1951 3206 2087 3262 Gre-

505 3304 660 3375 gorio
687 3313 873 3358 nostro
901 3314 1104 3358 certum
1133 3313 1234 3368 est,
1262 3319 1383 3357 cum
1413 3301 1512 3372 ipsi
1536 3301 1602 3356 de
1625 3299 1917 3368 majoribus
1936 3313 2086 3367 regni

505 3396 687 3452 causis
715 3396 1032 3449 sententiam
1058 3395 1282 3450 ferrent.

582 3489 672 3541 17.
713 3487 986 3543 Neminem
1018 3486 1159 3541 enim
1182 3487 1234 3540 in
1264 3483 1578 3553 suis'regnis
1601 3480 1857 3551 majorem
1881 3479 2089 3548 episco-

509 3582 594 3651 pis
619 3581 980 3650 agnoscebant
1000 3592 1153 3648 reges
1183 3578 1526 3650 nostri,_quos
1549 3573 1747 3629 Christi
1765 3570 2010 3635 vicarios,
2035 3580 2090 3624 et

511 3670 890 3742 mysteriorum
929 3669 1022 3724 Del
1069 3667 1467 3736 dispensatores
1505 3679 1629 3720 esse
1652 3663 1918 3718 sciebant.
1951 3661 2088 3714 llinc

511 3763 668 3832 primi
696 3762 749 3816 in
783 3761 988 3830 placitis
1018 3759 1353 3823 adsidebant,
1383 3767 1680 3826 eorumque
1705 3753 1923 3809 nomina
1955 3763 2081 3807 ante

512 3853 779 3923 quoslibet
801 3854 934 3908 alios
956 3853 1395 3907 recensebantur.
1413 3850 1580 3904 Filios
1606 3863 1792 3918 regum
1820 3848 1920 3916 ipsi
1944 3861 1974 3900 e
2003 3861 2091 3901 sa—

511 3961 605 4000 cro
629 3945 775 4000 fonte
802 3943 1194 4012 suscipiebant:
1225 3942 1290 3996 ad
1321 3953 1558 3996 mensam
1591 3941 1794 4010 regiam
1825 3953 1933 3993 non
1964 3951 2090 3993 raro

510 4039 672 4091 etiam
720 4036 1103 4100 invitabantur,
1136 4047 1431 4102 eorumque
1469 4031 1936 4087 benedictionibus
1968 4045 2090 4083 mu-

510 4129 615 4183 niri
647 4141 802 4198 reges
831 4128 932 4197 ipsi
961 4125 1290 4196 ﬂagitabant.
1319 4126 1470 4181 Unde
1505 4125 1790 4194 aliquando
1817 4123 2090 4190 Chilperi-

512 4235 609 4274 cus
639 4235 754 4284 rex,
782 4229 838 4272 ut
864 4219 990 4274 olim
1021 4218 1190 4275 Jacob
1210 4217 1276 4272 ad
1302 4217 1549 4288 angelum
1569 4255 1582 4281 ,
1615 4231 1675 4271 se
1704 4231 1809 4270 non
1839 4215 2090 4269 dimissu-

513 4327 631 4363 rum
663 4311 982 4381 Gregorium
1030 4320 1271 4364 nostrum
1318 4307 1579 4374 asseruit,
1614 4309 1714 4362 nisi
1756 4307 1902 4376 prius
1931 4305 1998 4358 ab
2027 4318 2093 4358 eo

512 4403 937 4457 benedictionem
972 4402 1286 4469 recepisset.
1307 4402 1438 4465 Qum
1463 4414 1648 4468 regum
1679 4407 1979 4452 nostrorum
2009 4408 2093 4448 re-

2194 3210 2298 3262 fide
2326 3207 2516 3262 alienis
2547 3207 2598 3260 in
2641 3206 2985 3261 matrimonio
3015 3206 3323 3270 collocatae,
3356 3221 3506 3259 suam
3555 3205 3772 3275 religio-

2193 3315 2315 3354 nem
2347 3299 2652 3353 inviolatam
2686 3300 3165 3366 intemeratatnque
3189 3308 3542 3352 servaverunt
3568 3316 3578 3349 :
3609 3309 3776 3367 atque

2193 3391 2296 3446 hoc
2328 3391 2556 3460 primum
2591 3390 3026 3459 prazcipuumque
3056 3387 3537 3443 utatrimouialium
3587 3400 3774 3458 pacto-

2191 3500 2309 3539 rum
2336 3482 2452 3547 fuit,
2479 3491 2536 3536 ut
2565 3497 2677 3536 sua:
2707 3483 2978 3550 religionis
3005 3481 3234 3535 liberum
3268 3482 3585 3536 exercitium
3621 3483 3772 3551 regi-

2195 3591 2278 3631 nre
2305 3575 2408 3629 illae
2433 3574 2716 3628 haberent:
2743 3572 2882 3642 quod
2913 3571 3124 3640 quidem
3159 3584 3368 3641 pactum
3400 3589 3522 3628 cum
3552 3575 3776 3626 Amala-

2195 3667 2355 3731 ricus,
2381 3665 2468 3734 qui
2496 3664 2815 3718 Chlottldem
2847 3664 3138 3718 Chlodovci
3162 3665 3334 3732 magni
3365 3664 3525 3718 filiam
3546 3664 3778 3720 duxerat

2195 3773 2440 3823 uxorem,
2466 3755 2666 3809 violare
2698 3765 2977 3822 tentasset,
3001 3763 3193 3821 morte,
3223 3771 3382 3824 quam
3413 3758 3462 3810 ei
3489 3756 3776 3811 Chlottldis

2195 3851 2388 3905 fratres
2419 3851 2731 3912 intulerunt,
2764 3850 3041 3918 perfidiam
3072 3864 3223 3902 suam
3254 3850 3422 3902 eluit:
3449 3850 3534 3902 illa
3568 3865 3693 3902 vero
3718 3849 3777 3904 in

2194 3945 2299 3999 fide
2343 3943 2600 3998 catholica
2654 3942 3085 3996 conStantissime
3139 3941 3521 4010 perseveravit.
3578 3940 3780 3994 Iisdem

2199 4037 2596 4094 conditionibus
2625 4035 2934 4091 Chlotsinda
2956 4079 2970 4101 ,
3002 4037 3261 4090 Chlotarii
3294 4037 3313 4090 ι
3365 4038 3469 4090 filia
3491 4078 3504 4100 ,
3537 4038 3778 4091 Alboiuo

2198 4131 2663 4200 Langobardorum
2714 4129 2858 4197 regi,
2909 4130 3158 4197 lngundis
3211 4128 3608 4198 llermenigildo
3661 4130 3778 4196 regi

2195 4221 2642 4290 Wisigotthorutn
2674 4221 2727 4272 in
2760 4220 3034 4287 Hispania,
3060 4229 3115 4274 et
3144 4220 3339 4273 Bertha
3369 4219 3682 4274 Cantiorum
3717 4218 3780 4275 in

2201 4312 2391 4380 Anglia
2435 4311 2547 4379 regi
2580 4321 2907 4378 nupserunt;
2941 4326 3060 4379 qua:
3086 4311 3298 4380 quidem
3328 4311 3527 4381 regina:
3551 4327 3780 4377 omnes,

2197 4418 2302 4457 non
2324 4401 2494 4456 solum
2517 4401 2834 4455 catholicam
2865 4403 3022 4455 fidem
3047 4415 3451 4472 perseveranter
3469 4404 3784 4471 coluerunt,

514 4495 641 4563 ligio
670 4507 734 4547 ac
764 4493 934 4561 pietas
957 4506 1054 4546 eos
1075 4491 1261 4555 movit,
1291 4499 1352 4544 ut
1373 4505 1478 4545 non
1509 4491 1680 4544 solum
1704 4488 1907 4557 priscas
1934 4486 2082 4540 cleri-

2196 4493 2290 4547 sed
2317 4507 2434 4547 eam
2462 4507 2675 4561 quoque
2705 4491 2834 4546 viris
2857 4493 2967 4547 suis
2999 4494 3346 4562 inspirarunt,
3379 4496 3618 4566 adeoque
3646 4510 3782 4563 gen-

514 4598 704 4640 corum
735 4581 1207 4650 Ecciesiarumque
1237 4580 1634 4646 immunitates,
1667 4593 1787 4646 quae
1816 4578 1882 4630 ab
1914 4578 2088 4645 impe-

518 4673 790 4729 ratoribus
815 4686 1091 4728 concessae
1116 4672 1349 4736 fuerant,
1378 4672 1764 4725 confirmarent
1788 4709 1803 4733 ,
1830 4667 1921 4721 sed
1953 4677 2006 4721 et
2031 4677 2093 4722 ut

518 4781 689 4823 novas
718 4766 882 4821 etiam
910 4765 1183 4820 veteribus
1209 4764 1521 4832 adjicerent.
1546 4761 1829 4816 Bernensis
1857 4761 2093 4813 Ecclesia

515 4859 568 4912 in
592 4872 696 4927 qua
729 4855 942 4911 fuerant
985 4856 1038 4909 in
1083 4852 1300 4910 Christo
1339 4853 1618 4924 generati,
1651 4851 1810 4905 simul
1853 4860 1907 4904 et
1947 4851 2088 4904 beati

515 4947 746 5018 Remigii
773 4947 1089 5002 eorumdem
1118 4945 1344 5015 apostoli
1381 4944 1629 5010 basilica,
1663 4945 1808 4996 omni
1843 4943 2091 4996 immuni-

516 5050 627 5095 tate
653 5039 994 5110 gaudebant,
1025 5047 1162 5094 teste
1203 5036 1533 5091 Frodoardo.
1572 5034 1764 5089 Na‘rrat
1801 5034 2093 5103 Gregorius

517 5133 656 5186 libro
687 5147 746 5186 nt
775 5129 1026 5186 Historia:
1051 5173 1067 5197 ,
1110 5131 1282 5200 capite
1309 5128 1411 5194 25,
1439 5143 1501 5183 ea
1530 5129 1707 5184 omnia
1737 5142 1856 5196 quae
1884 5127 1953 5179 ab
1979 5126 2090 5180 Ar-

519 5237 810 5278 vernorum
839 5225 1097 5281 Ecclesiis
1122 5225 1253 5280 ti‘sco
1281 5222 1433 5278 reddi
1463 5230 1873 5283 consueverant,
1906 5218 2036 5287 ipsis
2066 5232 2096 5272 a

513 5313 898 5370 Thoodeberto
942 5326 1072 5387 rege
1118 5316 1321 5372 indulta
1365 5317 1564 5382 fuisse;
1597 5314 1740 5384 quod
1785 5312 2100 5368 Cbildeber-

521 5418 608 5462 tus
633 5406 672 5460 ll
691 5447 708 5474 ,
737 5407 830 5462 lib.
856 5425 887 5462 x
909 5448 924 5472 ,
952 5411 1128 5478 capite
1157 5412 1188 5463 7
1210 5450 1224 5475 ,
1255 5412 1606 5466 conﬁrmasse
1645 5418 1995 5463 memoratur.
2029 5405 2100 5457 At

518 5498 860 5552 Turonenses
889 5513 993 5552 non
1019 5499 1178 5551 modo
1206 5500 1409 5566 clerici,
1439 5502 1530 5554 sed
1562 5509 1616 5555 et
1645 5500 1788 5554 cives
1811 5510 2000 5552 omnes
2021 5535 2036 5558 ,
2067 5509 2095 5546 a

519 5591 708 5658 quovis
735 5589 931 5644 tributo
954 5590 1277 5645 erant-liberi
1297 5592 1365 5644 ob
1389 5593 1742 5647 reverentiam
1768 5593 1937 5646 sancti
1956 5591 2096 5644 Mar-

521 5685 638 5738 tmi.
663 5683 718 5740 Si
743 5693 915 5740 autem
942 5683 1232 5764 aligttaudo
1261 5684 1516 5739 fiscaliutn
1551 5684 1918 5777 ministrorum
1946 5684 2094 5761 cupi-

2199 4583 2339 4640 tibus
2388 4585 2530 4639 inter
2584 4599 2719 4652 quas
2760 4584 2889 4653 ipsa:
2919 4586 3292 4639 versabantur.
3326 4587 3578 4640 llortatur
3615 4601 3676 4640 ea
3707 4586 3786 4642 de

2196 4694 2256 4733 re
2275 4676 2532 4741 Nicetius,
2551 4676 2896 4731 Trevirorum
2925 4679 3297 4732 sanctissimus
3327 4679 3583 4744 antistes,
3611 4677 3787 4732 Chlo-

2199 4767 2428 4821 tsindam
2456 4767 2508 4821 in
2540 4767 2784 4836 epistola,
2818 4767 2868 4821 iu
2897 4767 3195 4836 appendice
3221 4767 3306 4822 hic
3331 4770 3519 4834 relata,
3551 4778 3606 4822 ut
3635 4768 3786 4821 scili-

2199 4870 2282 4914 cet
2311 4875 2415 4914 non
2443 4861 2616 4915 solum
2645 4861 2922 4930 religionis
2948 4875 3058 4914 sua!
3089 4861 3450 4930 integritatem
3491 4861 3786 4916 virtutibus

2200 4964 2255 5008 et
2283 4954 2404 5006 vita:
2428 4952 2778 5007 sanctimonia
2820 4961 3199 5020 conservaret,
3227 4969 3410 5007 verum
3446 4955 3604 5008 etiam
3636 4961 3690 5006 ut
3729 4964 3788 5009 et

2204 5044 2483 5096 veritatem
2535 5044 2653 5111 ejus
2682 5043 2800 5097 viro
2826 5057 2956 5109 suo,
2988 5044 3216 5099 Alboino
3260 5045 3411 5112 regi,
3444 5052 3498 5097 et
3533 5044 3788 5096 omnibus

2206 5135 2569 5203 Langobardis
2604 5136 2706 5204 ipsi
2737 5135 2994 5206 subjectis
3017 5136 3338 5204 persuadere
3375 5147 3682 5191 conaretur.
3717 5135 3786 5190 Et

2206 5229 2421 5296 quidem
2453 5229 2578 5283 licet
2609 5228 2923 5282 infructuosi
2957 5229 3150 5282 fuerint
3191 5228 3422 5283 Alboino
3450 5227 3786 5284 Cblotsindae

2207 5329 2461 5382 conatus,
2495 5333 2613 5386 quae
2643 5328 2816 5372 tamen
2846 5317 2956 5385 ipsa
2985 5327 3112 5371 tunc
3142 5318 3528 5382 seminaverat,
3562 5330 3742 5385 postea
3766 5359 3785 5386 ,

2211 5416 2266 5463 ut
2296 5407 2508 5477 quidem
2541 5407 2847 5462 existimare
2872 5409 3017 5470 licet,
3045 5408 3466 5475 pullulaverunt,
3498 5423 3618 5461 cum
3649 5410 3787 5462 alte-

2204 5501 2314 5554 rius
2344 5500 2543 5568 reginze
2584 5515 2653 5552 ex
2699 5509 2859 5568 gente
2899 5499 3266 5566 Francorum,
3321 5509 3548 5554 testante
3595 5512 3787 5554 nostro

2201 5592 2485 5660 Gregorio,
2510 5591 2770 5656 oriundae,
2803 5591 3182 5646 Theodelinda:
3210 5593 3433 5659 scilicet,
3467 5607 3626 5646 suasu
3655 5592 3779 5660 Agi-

2199 5683 2358 5740 iuifus
2381 5700 2500 5741 cum
2532 5692 2690 5751 gente
2726 5684 2828 5740 sibi
2859 5684 3070 5741 subdita
3095 5685 3218 5742 ﬁdei
3249 5685 3528 5743 catholicae
3565 5683 3778 5740 confes.
