4024 6192
162 235 214 293 25
1615 224 2003 282 ΡΒᾸΞΡΑΤΙΟ.
3362 235 3436 289 96

170 354 333 407 sionem
359 346 636 417 amplexus
677 355 799 403 est.
859 346 1008 402 Idem
1034 342 1256 413 contigit
1302 340 1444 412 apud
1478 339 1738 409 Wisigot-
1766 344 1817 400 Α
1843 338 1937 393 sed
1969 339 2124 395 unica
2150 339 2474 397 auctoritate
2498 354 2682 410 regum
2716 341 2882 398 fuisse
2911 342 3182 400 institutos
3207 344 3434 403 innuero

172 446 297 508 tinos;
318 440 592 496 seminavit
619 438 930 494 Cbl0tildis
950 478 965 503 ,
991 451 1111 506 qua:
1151 434 1319 490 etiam
1352 432 1627 500 sanguinis
1656 430 1741 484 sui
1847 430 2077 485 videtur.
2115 431 2314 487 Verum
2340 432 2386 486 si
2408 432 2653 502 Gregorii
2684 434 2872 501 verba,
2904 438 3097 507 resque
3124 438 3193 494 ab
3218 456 3283 494 eo
3312 455 3438 495 uar-

175 534 389 590 eﬁusione
410 533 529 587 ﬁdei
545 532 846 588 catholicae
865 531 1146 586 veritatem
1164 527 1469 582 Amalarico
1483 532 1743 593 regnante
1848 530 1993 576 ratas
2025 522 2184 591 paulo
2223 524 2528 577 accuratius
2558 525 2967 592 perpendamus,
3001 543 3190 583 eorum
3228 539 3436 602 tempo-

177 629 383 685 meruii.
415 627 664 698 lnigavit
688 624 975 696 lngnudis,
999 636 1121 677 cum
1152 617 1598 689 Hermenegildus
1623 615 1742 685 ejus
1844 629 1961 669 rum
1992 614 2328 682 disciplinam
2377 614 2535 669 talem
2570 615 2731 671 fuisse
2766 617 3277 686 animadvertemus,
3307 639 3435 693 qua:

179 722 357 792 conjux,
386 720 581 775 Ariana
614 719 820 773 haeresi
845 718 1054 783 eiurata
1078 752 1094 780 ,
1134 712 1203 768 ad
1228 712 1386 766 ﬁdem
1415 708 1738 766 catholicam
1844 708 1917 761 ita
1958 722 2142 777 regmn
2182 708 2486 785 auctoritati
2528 709 2840 777 providerit,
2873 718 2932 765 ut
2959 726 3222 768 canonum
3261 718 3441 772 eccle-

181 814 405 868 accessit:
427 822 481 867 at
503 812 703 866 messis
731 809 947 878 integra
968 813 1292 876 congregata
1320 803 1439 868 fuit,
1463 816 1584 856 cum
1604 800 1747 853 Rec-
1842 797 2183 853 siasticorum
2210 799 2444 867 vigorem
2474 814 2579 853 non
2610 800 2958 856 convelleret.
2983 803 3048 857 Et
3067 804 3280 873 quidem
3307 822 3437 862 cum

182 902 344 960 caredo
369 919 492 973 rege
520 913 633 958 tota
664 901 1128 970 Wisigotthorum
1160 908 1294 966 gens
1333 893 1614 950 catholica:
1638 891 1743 946 Ec-
1844 899 1993 945 tanta
2023 899 2149 946 tunc
2177 900 2345 957 esset,
2372 893 2448 946 uti
2478 906 2542 946 ex
2568 891 2833 962 Gregorio
2870 893 3292 963 observavimus,
3319 899 3431 967 epi-

182 994 331 1049 clesire
355 1008 549 1048 nomen
578 990 754 1045 dedit.
784 989 894 1043 Nec
925 989 1102 1041 minus
1122 984 1400 1040 feliciores
1426 983 1575 1037 fuere
1613 981 1742 1035 Bero
1842 995 2127 1049 scoporum
2160 982 2212 1036 in
2244 996 2410 1052 regno
2449 983 2739 1037 auctoritas
2776 993 2832 1039 et
2860 983 3116 1054 dignitas,
3150 987 3284 1041 nihil
3324 1002 3432 1042 non

180 1088 267 1142 tba
302 1088 350 1142 in
382 1086 567 1155 Anglia
599 1091 863 1148 conatus,
910 1095 1032 1151 qua:
1058 1080 1234 1134 vlrum
1279 1092 1436 1131 suum
1457 1120 1472 1143 ,
1506 1074 1738 1145 primum
1842 1072 2009 1142 magis
2035 1073 2226 1127 rationi
2247 1082 2303 1127 et
2324 1074 2562 1142 aequitati
2590 1084 3011 1129 consentaneum
3040 1076 3157 1143 fuit,
3180 1093 3338 1145 quam
3373 1086 3431 1133 ut

178 1178 363 1249 quidem
407 1190 616 1231 morum
658 1174 929 1230 suavitate
958 1171 1179 1227 lenitum
1198 1211 1213 1235 ,
1259 1183 1323 1222 ac
1354 1178 1537 1236 postea
1565 1167 1738 1221 sancti
1840 1176 2000 1219 nemo
2023 1162 2140 1218 sine
2162 1164 2301 1233 regis
2326 1178 2596 1219 consensu
2622 1174 2675 1219 et
2702 1167 3020 1222 auctoritate
3047 1166 3187 1221 hunc
3206 1169 3429 1239 gradum

175 1270 427 1338 Augustini
455 1270 791 1338 aliorumque
840 1268 1225 1322 monachorum
1256 1278 1286 1316 a
1316 1262 1578 1331 Gregorio
1623 1260 1737 1314 Μελ·
1840 1254 2259 1324 adipisceretur;
2301 1255 2445 1310 sicut
2492 1267 2546 1312 et
2581 1271 2653 1312 ex
2693 1257 2861 1312 altera
2900 1267 3088 1328 parte,
3129 1260 3176 1314 si
3213 1260 3432 1331 quidem

172 1376 268 1433 gno
292 1377 355 1416 ex
384 1360 530 1415 Italia
558 1359 853 1413 missorum
878 1352 1351 1425 praedicationibus
1369 1349 1736 1406 Christianum
1835 1348 1986 1417 juxta
2015 1363 2200 1403 eorum
2234 1357 2533 1417 temporum
2556 1349 2893 1421 disciplinam
2920 1352 3174 1408 Ecclesiae
3194 1355 3429 1409 viduata:

170 1454 349 1507 factum
380 1451 562 1506 videre
588 1449 806 1504 meruit.
831 1451 1007 1517 Atque
1039 1447 1135 1509 ita,
1159 1445 1320 1515 juxta
1344 1442 1588 1512 Apostoli
1614 1456 1739 1495 sen-
1837 1440 2119 1494 electionis
2159 1439 2409 1496 libertate
2441 1440 2770 1511 gauderent,
2797 1457 3008 1513 aequum
3036 1443 3194 1499 etiam
3232 1456 3348 1501 erat
3376 1456 3434 1501 ut

168 1543 397 1604 tentiam,
427 1541 522 1595 v'n'i
553 1540 802 1595 inﬁdeles
830 1553 859 1591 a
887 1534 1202 1592 mulieribus
1231 1532 1481 1587 ﬁdelibus
1501 1532 1739 1587 sanctiﬁ-
1838 1532 1948 1586 illa:
1972 1535 2085 1586 suis
2109 1532 2362 1603 legitimis
2395 1532 2604 1602 juribus
2642 1532 2966 1590 fruerentur.
3013 1535 3102 1591 Sic
3122 1545 3300 1591 autem
3340 1554 3431 1594 res

170 1633 290 1701 cati,
320 1632 601 1688 Ecclesiam
634 1630 960 1685 catholicam
1005 1642 1101 1697 per
1132 1635 1297 1680 totam
1323 1625 1436 1680 fere
1466 1625 1735 1691 Eumpam
1835 1625 2112 1695 agebatur.
2144 1625 2405 1680 Defuncto
2429 1626 2705 1697 episcopo,
2737 1626 2928 1682 electio
2955 1628 3284 1683 successoris
3322 1640 3431 1686 sta-

168 1726 558 1796 ampliﬁcarunt.
586 1725 705 1779 iam
727 1724 926 1794 quippe
950 1731 1107 1776 antea
1133 1718 1548 1788 Burgundiones
1576 1716 1735 1771 ﬁdem
1769 1703 1817 1762 Β
1845 1715 1937 1769 tim
1982 1715 2035 1769 in
2076 1730 2140 1770 ea
2180 1715 2342 1771 ﬁebat
2368 1710 2602 1781 civitate,
2638 1733 2756 1787 qua:
2799 1729 2908 1773 erat
2944 1731 3160 1788 pastore
3186 1720 3432 1788 viduata;

164 1818 463 1871 catholicam
486 1816 722 1885 amplexi
757 1815 989 1879 fuerant,
1016 1821 1074 1868 et
1106 1812 1160 1866 id
1187 1810 1521 1865 Francorum
1553 1824 1738 1864 exem-
1847 1816 1957 1862 tum
1988 1808 2098 1875 ille,
2136 1810 2188 1862 in
2215 1824 2375 1879 quem
2405 1809 2655 1880 suﬂ'ragia
2695 1823 3080 1878 convenerant,
3120 1826 3212 1868 aut
3237 1815 3433 1884 aliquis

169 1909 267 1976 plo,
292 1924 353 1964 ac
375 1909 598 1978 Remigii
620 1920 807 1961 eorum
834 1905 1059 1975 apostoli
1077 1903 1459 1958 miraculorum
1491 1902 1627 1955 tanta
1661 1903 1710 1954 in
1822 1891 1958 1970 'ejus
1982 1901 2219 1967 nomine,
2245 1903 2360 1958 sive
2387 1902 2476 1957 alii
2503 1902 2572 1958 ab
2600 1903 2711 1972 ipsa
2736 1903 2969 1959 Ecclesia
2995 1904 3185 1960 delecti
3215 1906 3429 1962 defere-

166 1997 324 2062 ducti,
345 1998 486 2068 quod
512 2001 628 2067 ipse
655 1998 846 2051 Avitus
884 1996 935 2049 in
964 1995 1250 2049 collatione
1279 2003 1465 2048 contra
1506 1991 1738 2046 Ariaros
1843 1992 1969 2047 bant
1990 1992 2055 2047 ad
2080 2006 2256 2061 regem
2278 1992 2557 2047 electionis
2586 1992 2959 2060 instrumenta,
2983 2009 3102 2064 quae
3122 1996 3169 2049 si
3195 1996 3431 2067 legitima

170 2100 418 2156 praesente
437 2089 789 2146 Gundobaldo
816 2104 948 2157 rege
975 2086 1115 2142 facta
1147 2096 1456 2142 attestatur.
1488 2086 1559 2139 Ut
1588 2086 1736 2163 nulla
1837 2084 2133 2153 judicaret,
2166 2083 2406 2153 nihilque
2448 2084 2499 2137 in
2526 2083 2793 2139 electione
2822 2084 3071 2139 vitiosum
3102 2086 3429 2152 adverteret,

168 2192 462 2250 superesset
490 2182 541 2236 in
572 2190 680 2236 toto
705 2177 1003 2236 Occidente
1030 2178 1325 2247 provincia,
1359 2191 1481 2246 qua:
1510 2174 1736 2230 Francis
1840 2172 2157 2228 admittebat
2194 2173 2542 2239 electionem;
2573 2182 2664 2227 aut
2701 2187 2818 2228 eam
2850 2173 3054 2228 irritam
3084 2176 3358 2240 reddebat,
3384 2178 3432 2232 si

170 2275 381 2329 salutem
408 2289 557 2329 suam
588 2288 693 2328 non
723 2273 968 2337 deberet,
1004 2272 1144 2326 unde
1168 2285 1272 2325 non
1302 2270 1576 2325 immerito
1606 2267 1738 2323 Gre-
1842 2268 1979 2322 torte
2018 2267 2164 2321 cives
2208 2266 2261 2320 in
2313 2278 2595 2332 personam
2645 2264 2747 2319 sibi
2777 2276 2870 2319 aut
2915 2281 3082 2336 regno
3126 2280 3431 2335 suspectam

169 2366 354 2432 gorius,
386 2381 444 2421 re
467 2366 637 2420 multo
664 2365 836 2434 magis
866 2377 1025 2433 quam
1056 2361 1271 2417 nomine
1291 2360 1529 2429 Magnus,
1553 2360 1648 2414 lib.
1682 2375 1734 2423 v,
1841 2360 2258 2414 consensissent.
2300 2356 2436 2421 Rex,
2475 2356 2705 2411 admissa
2736 2356 3017 2425 electione,
3058 2358 3326 2416 scribebat
3365 2361 3434 2416 ad

171 2456 376 2523 epistola
419 2456 481 2521 6,
528 2458 854 2525 praeclarum
889 2456 991 2509 hoc
1032 2455 1100 2508 de
1149 2454 1478 2507 Francorum
1528 2451 1739 2521 regibus
1842 2449 2306 2519 metropolitanum
2347 2449 2650 2517 epistolam,
2691 2464 2795 2518 qua
2835 2450 2881 2503 ei
2919 2448 3145 2520 ejusque
3180 2465 3435 2516 compro-

172 2546 369 2614 protnlit
394 2546 631 2602 sdatum.
674 2547 877 2611 Quanto
905 2554 1114 2599 cateros
1138 2542 1366 2596 homines
1390 2543 1533 2613 regio
1565 2542 1738 2611 digni-
1843 2541 2158 2595 vincialibus
2180 2541 2445 2610 episcopis
2473 2556 2671 2595 novum
2695 2542 3004 2611 episcopum
3033 2542 3311 2598 ordinandi
3337 2558 3435 2613 po-

178 2649 242 2691 tot
280 2640 519 2694 antecedit
542 2683 557 2705 ,
610 2650 757 2693 tanta
803 2648 1102 2693 ceterarum
1150 2637 1378 2708 gentium
1410 2652 1565 2705 regna
1596 2636 1740 2705 regni
1846 2643 2092 2688 testatem
2120 2633 2364 2687 faciebat.
2393 2632 2517 2687 [inc
2542 2632 2721 2687 omnia
2750 2647 2893 2688 anno
2918 2633 3022 2688 549
3046 2636 3229 2703 paucis
3255 2635 3437 2693 verbis

183 2728 471 2785 Francorum
499 2734 703 2785 culmen
733 2731 956 2785 excellit.
1843 2740 2159 2794 expressere
2182 2724 2364 2779 Patres
2389 2724 2612 2779 Consilii
2640 2742 2670 2778 v
2693 2724 3093 2780 Aurelianensis
3111 2741 3314 2782 canone
3335 2730 3431 2787 tu.

237 2820 317 2878 l9.
358 2823 520 2878 Tanta
562 2831 743 2877 autem
784 2830 902 2877 erat
939 2830 995 2877 et
1032 2836 1216 2889 regum
1255 2828 1310 2874 et
1348 2820 1497 2889 regni
1537 2818 1589 2872 in
1628 2817 1739 2873 Ro-
1845 2818 1974 2873 Cum
2012 2818 2267 2871 voluntate
2314 2816 2641 2894 regir,ju:r.ta
2671 2816 2965 2871 electionem
3000 2818 3123 2872 cieri
3152 2835 3214 2873 ac
3248 2820 3432 2890 plebis,

180 2929 372 2969 manum
409 2914 716 2983 pontiﬁcem
763 2912 1099 2977 reverentia,
1157 2919 1216 2965 ut
1253 2910 1375 2966 licet
1401 2949 1417 2974 ,
1460 2923 1557 2977 pro
1595 2922 1742 2962 more
1844 2911 1977 2964 sicut
2000 2911 2051 2964 in
2072 2909 2295 2979 antiquis
2325 2909 2603 2963 canonibus
2623 2919 2822 2963 tenetur
2840 2911 3106 2979 scriptum,
3128 2927 3161 2965 a
3185 2923 3440 2982 metropo-

182 3015 292 3062 tunc
312 3009 559 3078 temporis
586 3015 826 3076 recepto,
858 3006 1095 3075 episcOpi
1119 3017 1307 3059 omnes
1331 3000 1597 3073 apostolici
1622 3001 1735 3067 viri,
1849 3001 2038 3064 litano,
2073 3001 2150 3054 vel
2180 3016 2328 3070 quem
2357 2999 2409 3053 in
2438 3000 2544 3053 vice
2570 3016 2663 3053 sua
2700 3001 3021 3069 prtemt'sert't,
3057 3019 3174 3056 cum
3205 3019 3439 3072 compro-

183 3107 263 3152 aut
282 3114 416 3169 popc
441 3105 913 3167 uuucnparentur;
944 3109 1105 3151 nemo
1136 3104 1315 3149 tamen
1346 3107 1410 3147 ex
1442 3092 1521 3146 eis
1552 3099 1746 3159 prteter
1767 3078 1819 3142 C
1848 3091 2148 3145 vincialibus
2175 3090 2402 3160 pontifex
2430 3100 2793 3147 consecretur:
2823 3108 2982 3162 quam
3012 3098 3247 3163 regulam
3286 3112 3441 3151 exse-

187 3186 452 3244 Rotnanum
491 3189 819 3260 pontiﬁcem,
861 3203 1015 3257 papa,
1056 3184 1112 3240 id
1150 3193 1232 3239 est
1298 3181 1534 3237 omnium
1575 3190 1744 3249 pater,
1848 3184 2048 3239 cntioui
2068 3182 2372 3237 mandatam
2392 3182 2555 3238 fuisse
2570 3182 2772 3238 inlinita
2791 3188 3177 3254 propemodum
3196 3186 3443 3259 Gregorii

189 3280 400 3337 absolute
426 3283 712 3339 diceretur.
738 3281 870 3335 Item
894 3279 1036 3335 sedis
1076 3277 1384 3349 apostolicae
1411 3276 1628 3330 nomine
1656 3273 1748 3328 de-
1851 3276 1967 3331 loca
1994 3274 2241 3344 probant,
2272 3274 2323 3327 in
2353 3273 2545 3342 quibus
2589 3273 3004 3330 instrumentum
3036 3292 3065 3330 a
3096 3278 3308 3333 civibus
3339 3295 3441 3348 pro

189 3370 464 3440 signabatur
485 3389 580 3443 per
598 3374 977 3429 excellentiam
1000 3369 1238 3426 Romana
1262 3368 1525 3433 Ecclesia,
1554 3375 1611 3421 ut
1638 3376 1747 3421 tum
1852 3364 2118 3420 electione
2156 3363 2351 3418 factum
2392 3364 2621 3433 appellat
2646 3381 2951 3420 consensum
2976 3369 3193 3435 civium;
3234 3371 3442 3442 regium

190 3476 246 3515 ex
273 3476 445 3521 nostro
471 3466 759 3535 Gregorio,
804 3476 917 3520 tum
954 3478 1023 3520 ex
1062 3464 1223 3519 variis
1260 3462 1500 3519 cunciliis
1540 3461 1750 3515 illorum
1856 3472 1983 3512 vero
2007 3457 2264 3527 diploma,
2295 3466 2625 3529 prteceptum,
2655 3467 2747 3514 aut
2774 3462 3184 3532 ρηεοεριὶοηεηι,
3216 3464 3331 3521 sive
3359 3467 3447 3519 in-

191 3562 463 3622 temporum
488 3567 720 3612 constat.
747 3558 921 3625 Atque
946 3555 1091 3621 inde,
1115 3565 1170 3610 et
1198 3554 1339 3624 quod
1366 3554 1605 3624 plerique
1630 3552 1752 3605 bar-
1854 3548 2100 3603 dicatum.
2133 3547 2285 3604 Hanc
2308 3564 2434 3604 vero
2455 3551 2813 3620 prrsceptionis
2838 3567 3024 3609 vocem
3046 3555 3124 3610 sic
3148 3572 3253 3611 non
3287 3558 3444 3614 intel-

188 3642 290 3698 bari
310 3644 564 3703 hereseos
584 3648 703 3702 tabe
726 3648 911 3703 infecti
933 3655 1137 3711 essent,
1159 3645 1520 3700 Romanorum
1538 3644 1753 3700 nomine
1855 3641 2123 3711 ligendam
2154 3655 2296 3707 esse,
2333 3649 2392 3694 ut
2430 3640 2749 3698 electionem
2789 3645 3070 3712 excludat,
3094 3663 3158 3703 ex
3190 3649 3452 3718 Gregorio

187 3736 432 3801 catholici,
452 3741 613 3794 etiam
645 3739 714 3794 ab
737 3738 869 3808 ipsis
895 3737 1181 3802 itareticis,
1210 3736 1606 3792 indicabantur.
1854 3739 2043 3787 nostro
2078 3740 2254 3800 patet,
2287 3731 2375 3801 qui
2409 3739 2531 3800 post
2562 3733 2796 3788 delatum
2833 3734 2900 3790 ad
2932 3750 3109 3807 regem
3140 3754 3446 3793 consensum

250 3829 333 3884 20.
371 3830 418 3886 ls
444 3833 620 3902 itaque
647 3840 785 3899 erat,
816 3831 1082 3887 referente
1109 3829 1368 3901 Gregorio
1396 3841 1601 3893 nostro,
1629 3827 1753 3883 Gal-
1856 3826 2063 3894 civium,
2090 3841 2241 3881 suam
2266 3827 2661 3896 pra’ceptionem
2688 3843 2812 3884 eum
2836 3830 3053 3886 dedisse
3076 3832 3269 3899 passim
3296 3847 3447 3887 cout-

184 3917 359 3974 liarum
380 3931 546 3979 status
574 3925 677 3978 sub
699 3923 1008 3978 Chlodoveo
1053 3922 1245 3993 Magno
1271 3922 1495 3992 ejusque
1541 3922 1665 3976 ﬁliis
1691 3938 1754 3978 ac
1856 3926 2135 3973 memorat.
2177 3917 2313 3984 Quin
2344 3920 2505 3972 etiam
2539 3919 2664 3973 licet
2692 3922 2746 3974 in
2775 3920 2936 3990 regiis
2966 3923 3157 3978 litteris
3186 3938 3282 3978 seu
3303 3941 3443 3995 ρτωο

186 4013 469 4078 nepotibus.
501 4015 609 4070 Sed
634 4016 744 4083 jatn
771 4028 840 4069 ex
866 4014 965 4068 hoc
990 4015 1108 4084 ipso
1129 4022 1349 4069 auctore
1379 4014 1752 4084 inquirendum
1856 4012 2107 4078 ceptione,
2143 4010 2284 4063 nulla
2315 4009 2469 4065 ﬁeret
2505 4011 2787 4066 electionis
2821 4022 2913 4067 aut
2940 4029 3216 4069 consensus
3247 4031 3448 4084 prince-

185 4110 279 4162 esl.
304 4118 535 4170 quanam
569 4113 696 4159 tunc
719 4105 975 4174 temporis
1000 4106 1203 4175 vigeret
1228 4105 1369 4172 apud
1393 4105 1631 4161 Francos
1655 4105 1756 4161 Ec-
1857 4103 2034 4158 dentis
2081 4104 2302 4167 mentio,
2334 4112 2393 4156 ut
2420 4119 2487 4157 ex
2536 4100 2781 4161 formulis
2828 4105 3065 4161 Marculli
3112 4109 3447 4180 colligimus;

183 4190 352 4247 elesia:
374 4194 672 4265 disciplina.
715 4196 783 4250 Et
804 4196 980 4265 primo
998 4196 1214 4266 quidem
1243 4195 1618 4264 episcoporum
1647 4196 1757 4253 ele-
1859 4196 2007 4252 illum
2048 4205 2225 4252 tamen
2264 4195 2459 4249 civium
2499 4209 2823 4251 consensum
2861 4214 2918 4253 re
2957 4200 3069 4270 ipsa
3103 4204 3450 4270 praecessisse

184 4281 375 4338 ctione:
402 4286 597 4341 liberas
616 4294 671 4340 ct
696 4286 973 4361 absolutas
995 4302 1153 4341 nemo
1178 4296 1261 4341 est
1284 4287 1374 4355 qui
1405 4302 1512 4342 non
1532 4288 1753 4354 dixerit,
1858 4303 1963 4343 non
1992 4288 2164 4343 solum
2194 4285 2562 4357 eX‘Gregorio.
2595 4288 2690 4342 sed
2718 4288 2880 4343 etiam
2900 4305 2966 4346 ex
2992 4293 3163 4346 sancti
3186 4292 3450 4351 Desiderii

184 4376 225 4423 si
248 4374 322 4427 vel
345 4376 524 4432 leviter
546 4376 665 4446 ejus
688 4377 790 4433 :evi
812 4378 1155 4433 conciliorum
1178 4394 1414 4434 canones
1437 4395 1751 4447 percorrere
1858 4379 2200 4435 Caturcensis
2230 4380 2337 4433 vita
2361 4378 2639 4445 discimus,
2671 4379 2725 4434 in
2756 4394 2859 4450 qua
2890 4381 3104 4451 quidem
3134 4383 3251 4439 Vita
3283 4384 3448 4453 regia:

186 4464 339 4533 volet,
358 4484 485 4536 quos
522 4470 684 4525 etiam
716 4486 974 4535 canones,
1000 4487 1067 4527 ne
1103 4472 1282 4527 debita
1324 4473 1403 4527 eis
1425 4472 1615 4529 deesse
1656 4490 1753 4544 pu-
1784 4458 1834 4517 ι)
1860 4472 2053 4527 litterae
2080 4472 2386 4527 referuntur
2410 4471 2477 4524 ad
2498 4472 2804 4542 episcopos,
2829 4480 2962 4541 etc.,
2984 4473 3123 4529 dantur
3143 4475 3305 4530 simul
3325 4492 3455 4533 cum

189 4563 320 4613 tetur
353 4561 656 4629 auctoritas,
695 4577 728 4615 a
768 4562 981 4630 regibus
1018 4563 1397 4630 comprobatos
1432 4570 1487 4618 et
1517 4563 1755 4621 ﬁrmatos
1859 4561 2096 4617 iudiculo
2138 4561 2204 4615 ad
2228 4560 2524 4631 Sulpicium
2552 4564 3067 4633 metropolitanum:
3099 4565 3192 4621 sed
3226 4566 3276 4620 in
3304 4567 3455 4621 indi-

190 4651 371 4714 passim
397 4653 640 4724 legimus.
675 4653 733 4710 Si
766 4662 940 4709 tamen
962 4653 1209 4724 Gregorii
1232 4655 1520 4711 Historiam
1548 4657 1755 4728 aliaque
1859 4652 1982 4707 culo
2013 4668 2105 4709 rex
2133 4669 2202 4708 ne
2228 4653 2448 4709 verbum
2477 4653 2692 4724 quidem
2723 4654 2883 4711 habet
2906 4656 2976 4713 de
3001 4658 3130 4713 cieri
3161 4659 3245 4713 vel
3280 4660 3454 4727 plebis

191 4738 296 4805 eius
321 4756 476 4810 Opera
504 4746 843 4809 evolvamus,
875 4746 1197 4800 contrariam
1228 4748 1451 4802 omnino
1480 4747 1564 4803 his
1592 4763 1757 4803 cano-
1859 4748 2122 4803 electione
2157 4756 2251 4802 aut
2280 4761 2580 4810 consensu,
2611 4748 2826 4804 tametsi
2862 4750 2916 4805 in
2945 4751 3060 4806 suis
3090 4751 3282 4807 litteris
3317 4767 3449 4807 mox

192 4832 337 4887 nibus
357 4837 799 4892 consuetudinem
828 4847 953 4892 tunc
980 4839 1240 4908 temporis
1268 4839 1499 4910 viguisse
1527 4841 1757 4896 nonnul-
1861 4837 2110 4901 laudatis,
2152 4837 2292 4893 hanc
2331 4838 2719 4906 promotionem
2760 4857 2877 4894 cum
2916 4842 3158 4896 abbatum
3196 4847 3453 4913 totiusque

197 4921 253 4975 lis
277 4924 555 4984 videbitur.
595 4942 717 4983 cum
755 4926 830 4982 ibi
871 4930 1108 4998 legamus
1145 4929 1344 4997 passim
1383 4931 1753 5000 episcoporum
1862 4931 1988 4985 cleri
2016 4935 2345 4987 consensione
2370 4931 2565 4987 factam
2596 4933 2763 4989 fuisse
2790 4942 3057 4990 testatur.'

195 5020 534 5075 successiones
576 5022 923 5088 praecipiente
964 5035 1089 5084 rege
1124 5032 1254 5076 tunc
1295 5024 1553 5091 temporis
1591 5023 1756 5078 factas
1934 5023 2025 5080 2t.
2069 5024 2219 5079 Haud
2252 5034 2426 5079 tamen
2456 5025 2687 5085 diilitear
2712 5026 3007 5080 electiones
3047 5042 3077 5079 a
3106 5027 3253 5081 clero
3276 5034 3332 5080 et
3356 5042 3453 5096 po-

196 5106 359 5163 tuisse.
398 5110 525 5178 Hic,
550 5113 745 5181 inquit,
787 5113 1128 5181 praceptione
1150 5113 1285 5182 regis
1316 5114 1367 5168 iu
1397 5114 1628 5183 cpiscOpi
1659 5117 1755 5170 de-
1866 5117 1991 5186 pulo
2016 5117 2183 5171 factas
2233 5131 2613 5184 nonnunquam
2642 5132 2675 5169 a
2700 5117 2918 5185 regibus
2946 5117 3231 5186 abrogatas
3262 5118 3453 5187 fuisse,

197 5197 341 5256 iuncti
372 5205 536 5260 locum
567 5217 649 5261 est
678 5204 1002 5260 substitutus
1031 5223 1043 5257 :
1074 5216 1187 5271 aut,
1216 5205 1337 5272 Ille,
1370 5207 1621 5264 defuncto
1640 5209 1755 5277 epi-
1864 5210 1953 5263 vel
1992 5210 2132 5277 quod
2173 5208 2362 5263 divisis
2400 5209 2540 5263 inter
2576 5223 2639 5263 se
2665 5208 2961 5263 electorum
3001 5208 3289 5280 suﬁ'ragiis,
3321 5231 3452 5269 una-

196 5304 337 5361 Icopo
372 5313 400 5351 a
423 5314 549 5369 rege
586 5299 977 5369 praeceptionem
1015 5298 1276 5364 obtinens;
1314 5309 1404 5354 aut
1430 5302 1585 5366 alius,
1614 5303 1755 5370 quod
1862 5313 2085 5368 quaque
2105 5313 2226 5367 pars
2245 5311 2366 5352 cum
2387 5311 2486 5351 suo
2504 5297 2782 5353 electionis
2799 5300 3159 5355 instrumento
3176 5302 3248 5358 ad
3268 5319 3452 5376 regem

191 5382 285 5451 im
326 5401 470 5447 antea
519 5408 549 5445 a
597 5407 730 5461 rege
779 5394 1087 5446 mandatum
1136 5392 1486 5458 obtinuisset,
1542 5399 1755 5451 ceteris
1862 5389 2209 5457 θεωθεὶεθει,
2238 5388 2492 5455 velquod
2522 5388 2679 5443 electi
2708 5404 2939 5458 persona
2970 5392 3085 5461 regi
3115 5392 3454 5463 displiceret.

192 5484 495 5548 posthabitis,
530 5485 768 5538 viduatae
807 5483 956 5537 urbis
991 5484 1358 5554 episcopatum
1398 5486 1621 5556 adeptus
1646 5496 1753 5542 est.
1861 5481 1971 5535 Nec
1998 5480 2154 5534 etiam
2184 5480 2404 5534 inﬁciari
2427 5480 2588 5534 velim
2618 5481 2908 5538 nonnullos
2929 5486 3267 5555 quandoque,
3289 5490 3454 5541 etiam

187 5570 381 5644 Quibus,
414 5586 506 5632 aut
534 5590 673 5631 sane
700 5573 968 5629 similibus
992 5574 1174 5631 verbis
1206 5591 1326 5632 cum
1359 5579 1527 5633 utitur
1544 5577 1752 5647 Grego-
1860 5589 1968 5628 non
1997 5582 2301 5641 exspectata
2328 5573 2461 5628 Cleri
2479 5583 2575 5629 aut
2601 5573 2784 5645 populi
2814 5577 3097 5645 electione,
3119 5595 3146 5633 ι
3175 5581 3369 5649 palatio
3397 5581 3457 5635 in

186 5665 295 5733 rius,
315 5668 595 5741 episcopos
628 5682 742 5724 non
773 5664 942 5722 libera
969 5666 1163 5725 civium
1191 5677 1284 5726 aut
1312 5668 1444 5726 cleri
1460 5669 1750 5737 electione,
1859 5669 2036 5727 locum
2065 5666 2440 5725 defunctorum
2468 5673 2848 5742 episcoporum
2894 5687 2925 5728 a
2968 5687 3095 5743 rege
3120 5672 3286 5729 fuisse
3326 5673 3456 5728 sub-
