4024 6192
583 238 651 293 27
2011 237 2405 295 ΡΒίΕΡΛΤΙΟ.
3814 240 3886 297 23

582 354 795 411 stitutos
826 372 841 409 :
873 369 1009 425 quos
1046 354 1470 421 metropolitani,
1501 353 1569 410 de
1606 368 1792 408 eorum
1834 354 2075 409 doctrina
2115 364 2169 409 et
2198 354 2250 413 A
2277 368 2395 406 rum
2446 350 2724 407 ordinatus
2768 356 2886 420 est,
2920 354 3219 409 Aventinus
3245 355 3383 424 apud
3424 353 3839 409 Castrodunum
3862 398 3877 425 ,

582 448 763 516 probis
793 446 1032 502 moribus
1059 462 1089 500 a
1115 462 1237 516 rege
1263 447 1379 513 ipso
1407 446 1526 499 facti
1570 446 1852 512 certiores,
1883 461 2169 500 consecra-

583 543 740 606 bant;
772 542 865 596 sed
888 541 1079 595 civium
1101 551 1189 592 aut
1213 539 1340 593 cleri
1364 552 1680 603 consensus,
1699 555 1819 593 cum
1844 539 1916 592 illi
1944 541 2170 607 primum

584 634 639 687 in
680 634 862 687 urbem
892 647 1041 685 suam
1075 630 1451 697 adveniebant,
1482 631 1787 699 rogabatur.
1831 631 1955 684 llaec
1994 641 2169 684 tamen

582 722 913 779 consuetudo
942 722 1262 775 electionum
1296 722 1593 775 libertatem
1628 722 1851 793 multum
1888 722 2173 775 labefacta-

583 819 686 881 vit;
732 832 886 885 quam
934 815 1171 868 conciliis
1218 814 1470 883 ignotam,
1518 824 1571 866 et
1616 814 1814 868 sensim
1857 815 1974 868 sine
2012 829 2171 868 sensu

585 907 934 960 introductam
965 904 1269 959 Cblotarius
1300 906 1340 960 ll
1403 905 1453 958 in
1486 905 1721 959 edictum
1752 904 2173 959 confirmationis

584 999 772 1069 synodi
798 1015 826 1049 v
868 998 1182 1051 Parisiensis
1211 998 1411 1063 primus
1440 996 1601 1051 inseri
1630 997 1856 1059 curavit,
1884 1011 2022 1049 anno
2044 995 2170 1057 “5',

587 1098 647 1142 ut
676 1089 927 1153 deinceps
958 1102 1052 1154 pro
1084 1088 1198 1155 lege
1230 1087 1536 1141 haberetur.
1564 1085 1842 1155 Episcopo,
1869 1087 2060 1151 inquit,
2085 1087 2172 1137 de-

581 1181 807 1240 cedente,
834 1182 885 1231 in
915 1182 1027 1231 loco
1054 1179 1215 1245 ipsius
1235 1179 1323 1247 qui
1347 1194 1379 1230 a
1410 1178 1798 1247 metmpolitano
1828 1178 2058 1230 ordinari
2087 1179 2174 1229 de-

581 1271 678 1337 bet,
710 1287 825 1323 cum
848 1271 1239 1340 provincialibus
1264 1286 1296 1321 a
1321 1270 1456 1321 clero
1486 1278 1531 1321 et
1560 1268 1752 1337 populo
1782 1268 2035 1338 eligatur;
2062 1270 2172 1320 etsi

583 1379 800 1429 persona
819 1362 1072 1432 condigna
1097 1361 1270 1429 fuerit,
1304 1375 1393 1428 per
1418 1359 1791 1412 ordinationem
1816 1358 2064 1427 principis
2086 1373 2174 1410 or-

581 1456 804 1506 tlinetttr.
839 1454 962 1506 [hec
993 1454 1159 1521 prima
1189 1452 1584 1506 ordinationum
1627 1453 1831 1521 regula,
1861 1463 1916 1505 ut
1946 1451 2174 1505 vidimus

582 1562 647 1600 ex
663 1547 931 1601 eonciliov
949 1546 1342 1611 Aurelianensi,
1372 1562 1559 1599 novam
1577 1546 1726 1599 addit
1753 1566 1766 1599 :
1800 1545 1875 1599 rel
1894 1557 2027 1599 certe
2046 1549 2090 1599 si
2112 1548 2176 1600 de

583 1639 779 1703 palatio
806 1639 1032 1705 eligitur,
1062 1654 1151 1706 per
1178 1638 1412 1689 meritum
1438 1654 1670 1706 persona:
1698 1649 1743 1690 et
1774 1639 2018 1689 doctrina:
2037 1640 2177 1691 ordi-

2275 444 2588 512 Austrapius
2608 444 2658 498 in
2689 444 2918 499 Sellensi
2946 455 3146 511 castro,
3203 456 3307 501 etc.
3356 445 3752 516 Coadjutorem
3802 458 3878 501 ta-

2274 550 2398 587 men
2441 536 2616 589 renuit
2665 535 2916 589 ordinare
2964 536 3255 605 Gregorius
3301 546 3482 591 noster
3521 538 3878 607 Burgundio-

2276 641 2436 691 ncm,
2471 626 2664 680 Felicis
2713 627 3086 682 Namnetensis
3129 628 3364 697 episcopi
3414 639 3712 697 nepotem,
3769 639 3877 683 tnui

2273 716 2417 782 quod
2449 718 2746 787 neopbytus
2769 726 2934 783 esset,
2970 730 3078 771 tum
3114 718 3258 786 quod
3290 720 3427 772 sacri
3458 734 3710 773 canones
3737 729 3881 772 veta-

2276 818 2415 871 rent,
2452 824 2517 862 ne
2547 811 2665 877 quis
2696 811 2980 877 episcopus
3010 811 3165 865 alteri
3208 812 3383 865 adhuc
3412 814 3618 867 viventi
3671 813 3877 866 substi-

2278 904 2534 960 tueretur,
2563 908 2618 951 ut
2662 899 2774 967 ipse
2812 910 2995 955 narrat
3025 902 3161 955 libro
3197 919 3269 964 v1,
3293 904 3466 969 capite
3495 906 3530 959 5
3553 942 3568 955 .
3603 904 3768 958 Unde
3800 904 3879 957 in-

2276 990 2456 1043 solens
2486 993 2705 1045 omnino
2749 992 2916 1045 videri
2975 994 3137 1047 debet
3187 995 3329 1063 quod
3377 994 3519 1049 idem
3575 996 3880 1062 Gregorius

2278 1081 2442 1135 refert
2468 1082 2534 1137 de
2557 1082 2840 1137 Theodoro
2865 1093 2919 1137 et
2950 1086 3173 1139 Proculo
3202 1087 3470 1155 episcopis
3498 1104 3530 1141 e
3552 1088 3876 1156 Burgundia

2276 1172 2481 1241 pulsis,
2526 1175 2615 1243 qui
2657 1174 2957 1230 Ecclesiam
2987 1174 3309 1231 Turonieam
3343 1178 3499 1231 simul
3548 1184 3767 1232 rexisse
3797 1178 3879 1231 di-

2276 1274 2495 1328 cuntur,
2529 1275 2647 1333 post
2677 1266 2865 1320 Licinii
2926 1276 3017 1319 aut
3048 1267 3240 1321 Leonis
3278 1269 3488 1323 obitum
3524 1288 3536 1321 :
3572 1285 3751 1338 quare
3781 1286 3876 1325 eos

2280 1356 2457 1422 potius
2504 1356 2970 1413 administratores
3014 1376 3176 1428 quam
3240 1363 3524 1431 episc0pos
3566 1363 3876 1418 Turonicos

2276 1446 2625 1513 appellandos
2674 1464 2797 1503 esse
2863 1450 3184 1506 existimem.
3240 1454 3635 1524 Nounttnquam
3696 1465 3877 1508 tamen

2279 1534 2539 1603 episcopi,
2567 1539 2726 1591 etiam
2760 1539 3104 1607 sanctissimi,
3132 1544 3361 1613 aliquem
3390 1562 3419 1599 e
3453 1561 3554 1600 suo
3577 1548 3737 1601 clero
3777 1550 3875 1602 sibi

2278 1640 2641 1682 successorem
2683 1630 3067 1698 designarunt,
3098 1651 3255 1703 quem
3297 1638 3543 1691 Sciebant
3586 1640 3656 1691 ad
3695 1640 3747 1692 id
3781 1642 3874 1692 nii-

578 1740 749 1785 netur.
782 1734 847 1784 At
879 1730 991 1784 lucc
1020 1746 1153 1783 nova
1183 1731 1513 1785 consuetudo
1536 1731 1818 1783 multorum
1846 1732 1897 1783 in
1928 1731 2170 1785 Ecclesia
2207 1735 2249 1792 Β
2281 1721 2557 1776 "Nerium
2587 1740 2695 1791 ρι’ίιε
2737 1729 2951 1781 εαξιεΐίδ
2981 1729 3229 1784 idoneum
3259 1748 3398 1787 esse.
3451 1734 3524 1787 lla
3575 1735 3871 1802 Sacerdos,

582 1820 840 1875 malorum
853 1822 1062 1876 occasio
1080 1819 1197 1889 luit,
1213 1822 1439 1875 favendo
1451 1820 1854 1875 ambitiosorum
1868 1821 2169 1885 conatibus.

588 1914 828 1970 maxime
856 1914 1167 1969 officialium
1193 1915 1496 1985 regiorum,
1532 1916 1619 1984 qui
1654 1924 1835 1984 postea
1872 1916 2175 1983 pinguiorcs

579 2007 915 2077 episcopatus
941 2009 1186 2076 aucupati
1212 2016 1337 2063 sunt
1362 2026 1374 2060 :
1399 2017 1453 2063 et
1473 2009 1651 2062 statim
1675 2022 1739 2061 ex
1766 2008 1914 2061 laicis
1937 2008 2173 2075 episcopi

581 2100 724 2160 facti,
755 2100 1005 2154 Ecclesize
1029 2099 1317 2153 Gallicana:
1339 2101 1677 2154 sanctitatem
1702 2115 1808 2153 non
1833 2100 2175 2153 mediocriter

580 2192 983 2245 imminuerunt.
1034 2194 1134 2246 Alii
1179 2208 1307 2245 vero
1341 2196 1562 2261 pecunia
1608 2204 1661 2245 et
1709 2193 2046 2255 muneribus,
2080 2191 2170 2244 alii

580 2283 997 2347 adulationibus,
1030 2293 1123 2336 aut
1171 2281 1538 2337 ministrorum
1584 2283 1852 2351 regiorum
1881 2298 2017 2351 quos
2057 2298 2177 2337 eor-

582 2385 840 2443 ruperant
861 2376 1073 2441 officiis,
1095 2386 1346 2446 prmcepta
1368 2392 1549 2447 regum
1574 2378 1774 2446 adepti,
1793 2379 2173 2446 Simoniacam,

583 2475 641 2518 ut
669 2467 959 2530 vocabant,
1001 2469 1246 2522 lia'resim
1286 2469 1665 2535 introduxere;
1708 2470 1935 2539 indeque
1980 2478 2057 2524 tot
2087 2485 2177 2524 ca-

584 2573 752 2613 nones
781 2560 1038 2613 adversus
1068 2561 1371 2631 neophytos
1400 2572 1455 2616 et
1474 2562 1809 2618 Simoniacos
1841 2565 1945 2618 illis
1973 2575 2176 2631 tempo-

586 2650 733 2703 ribus
765 2652 816 2704 in
844 2650 1129 2705 Gallicanis
1158 2653 1401 2707 conciliis
1427 2654 1671 2708 conditos
1705 2656 1952 2722 legimus,
1982 2657 2072 2722 qui
2098 2665 2176 2709 ta-

586 2758 705 2796 men
757 2758 1047 2812 nunquam,
1116 2745 1254 2799 sicut
1305 2761 1405 2800 nec
1435 2745 1798 2800 Romanorum
1841 2748 2174 2815 pontificum,

582 2842 638 2885 et
664 2835 993 2900 potissimum
1027 2836 1268 2906 Gregorii
1300 2838 1493 2905 Magni,
1527 2839 1790 2907 epistolaa,
1820 2850 1927 2894 tam
1954 2842 2174 2897 nefaria:

586 2929 718 2992 pesti
749 2929 928 2983 eradic
949 2930 1081 2982 inda-
1109 2945 1267 3000 pares
1299 2930 1467 2986 fuere.
1492 2932 1689 2986 Omitto
1721 2933 2004 3000 singularia
2032 2951 2175 3003 qua:-

585 3018 705 3071 dain
738 3022 1001 3086 exempla,
1033 3038 1152 3090 qum
1182 3038 1302 3076 cum
1344 3025 1538 3092 regulis
1567 3028 1836 3079 contraria
1870 3026 2085 3091 fuerint,
2120 3027 2171 3079 in

2282 1814 2650 1884 Lugdunensis
2698 1822 2954 1885 antistes,
2988 1824 3144 1876 morti
3181 1829 3457 1893 proximus
3482 1870 3497 1893 ,
3542 1828 3873 1884 Cliildcbeh

2280 1916 2389 1960 tuin
2424 1925 2601 1977 regem
2636 1923 2968 1968 contestatus
2997 1927 3103 1982 est,
3138 1929 3195 1971 ut
3220 1918 3483 1973 Nicetium
3511 1921 3619 1975 sibi
3655 1922 3711 1975 in
3744 1923 3870 1977 sedc

2282 1996 2622 2064 Lugdunensi
2654 2002 2900 2057 substitui
2941 2018 3174 2061 curaret.
3224 2009 3467 2064 lllaurilio
3516 2011 3870 2067 Catureensis

2278 2087 2561 2172 cpisc0pus
2593 2093 2822 2162 podagra
2861 2093 3126 2163 afflictus,
3157 2101 3463 2167 praevidens
3505 2101 3723 2159 futuras
3753 2122 3872 2172 gra-

2280 2194 2373 2231 ves
2403 2180 2543 2233 circa
2591 2198 2745 2235 suum
2789 2200 3156 2243 successorem
3206 2194 3625 2260 contentiones,
3675 2206 3733 2248 ut
3771 2198 3871 2249 sibi

2278 2271 2438 2325 etiam
2491 2276 2689 2330 viventi
2749 2278 3025 2334 Ursicinus
3101 2284 3537 2351 substitueretur,
3595 2291 3870 2342 exoravit.

2280 2363 2422 2417 Idem
2453 2364 2684 2435 fecerat,
2720 2380 2777 2424 ut
2810 2390 2929 2427 mox
2984 2376 3294 2431 dicebamus
3317 2419 3332 2443 ,
3379 2379 3525 2433 Felix
3576 2382 3872 2451 episcopus

2279 2455 2672 2526 Namnetensis,
2707 2465 2959 2519 confecm
2985 2482 3045 2520 ea
3084 2468 3153 2522 de
3197 2485 3257 2524 re
3310 2471 3691 2535 instrumento.
3727 2477 3867 2543 quod

2278 2550 2811 2615 comprovincialium
2851 2556 3225 2627 episcoporum
3268 2563 3768 2630 subscriptionibus
3791 2584 3875 2620 ro.

2279 2643 2457 2696 borari
2487 2660 2787 2703 curaverat.
2819 2650 3300 2724 ChorepiscOpum,
3333 2673 3399 2712 ne
3430 2675 3592 2712 unmn
3619 2661 3870 2729 quidem,

2280 2749 2540 2792 memorat
2570 2740 2893 2810 Gregorius,
2928 2749 3029 2801 nisi
3070 2748 3146 2803 illi
3198 2765 3264 2804 eo
3311 2752 3527 2805 nomine
3572 2753 3874 2823 donentur,

2278 2827 2387 2895 qui,
2424 2840 2476 2883 ut
2508 2846 2632 2886 mox
2662 2833 3006 2903 dicebamus,
3050 2841 3101 2893 in
3133 2842 3325 2895 castris
3352 2843 3583 2897 ordinati
3628 2845 3871 2900 fuerant.

2278 2919 2409 2974 Nam
2427 2921 2788 2992 Mundericuc,
2808 2943 2965 2996 quem
2985 2930 3035 2984 iu
3051 2938 3230 2985 castro
3243 2933 3644 2989 Tornodorensi
3663 2938 3874 2992 sedisse

2281 3012 2537 3080 diximus,
2564 3031 2625 3069 ea
2650 3020 2849 3086 Specie,
2881 3021 3047 3090 inquit
3068 3021 3795 3096 Gregorius,ordinatusest,
3820 3041 3875 3082 ut

588 3111 758 3177 legem
790 3115 1016 3166 transire
1046 3130 1148 3167 non
1182 3116 1400 3170 debent.
1426 3118 1517 3171 Sic
1551 3119 1601 3171 in
1631 3119 1933 3188 longinquis
1963 3122 2174 3187 quihus-

2286 3102 2411 3157 dum
2443 3119 2661 3163 sanctus
2688 3108 2953 3177 Tetricus,
2985 3113 3071 3181 qui
3102 3124 3227 3169 tunc
3254 3116 3551 3186 Lingonum
3575 3122 3876 3189 episcopus

589 3201 710 3255 dam
744 3204 1031 3271 provinciis
1061 3206 1297 3274 epi~copi
1328 3208 1549 3277 a'iquot,
1604 3211 1975 3265 dissimulante
2025 3227 2167 3280 rege,

586 3300 681 3345 aut
708 3308 815 3361 prae
838 3297 1027 3349 m'nori
1052 3306 1208 3352 aetate
1230 3307 1321 3351 aut
1342 3302 1488 3368 regni
1515 3300 1683 3355 turbis
1708 3318 1812 3357 non
1839 3304 2168 3368 attendente,

589 3384 791 3449 absque
811 3384 929 3454 ejus
956 3387 1108 3440 venia
1140 3391 1437 3444 consecrati
1469 3390 1703 3447 fuerunt.
1734 3395 1902 3462 Major
1926 3395 2021 3449 fuit
2044 3410 2173 3464 pon-

590 3474 792 3527 tificum
830 3478 1129 3545 Aquitaniae
1172 3480 1208 3533 ll
1256 3495 1438 3546 ausus,
1478 3483 1565 3551 qui
1600 3484 1927 3552 Eumeiium,
1983 3486 2174 3540 Santo-

590 3581 809 3620 nensem
835 3570 1171 3637 episcopum,
1195 3587 1225 3626 e
1252 3573 1389 3627 solio
1416 3574 1792 3642 dcturbarunt,
1818 3578 1955 3647 quod
1988 3580 2176 3649 absque

589 3660 970 3727 metropolitani
986 3663 1197 3715 consi.’io
1220 3664 1425 3731 fuisset,
1455 3667 1797 3735 prmcipienle
1818 3684 1963 3733 rege,
1987 3685 2175 3726 conse-

590 3760 768 3802 cratus
794 3769 806 3803 :
830 3761 884 3804 at
906 3769 1024 3806 eum
1051 3754 1100 3806 id
1136 3756 1835 3823 rescivissetharibertus,
1863 3764 2174 3820 Eumcrium

591 3840 644 3894 in
674 3843 856 3897 sedem
890 3845 1096 3899 restitui
1130 3846 1430 3916 imperavit,
1454 3851 1744 3920 mulctatis,
1770 3864 1823 3907 ut
1858 3855 2021 3909 refert
2047 3854 2177 3910 Gre-

596 3936 797 4003 gorius,
821 3939 1109 4007 episcopis,
1149 3942 1236 4007 qui
1271 3942 1375 3996 tale
1410 3942 1613 3998 facinus
1654 3948 1886 4014 aggressi
1942 3946 2171 4004 fuerant.

595 4028 741 4082 llaud
789 4040 965 4085 tamen
994 4033 1131 4087 adeo
1159 4036 1731 4093 exarsitCharibertus
1777 4040 1829 4093 in
1870 4042 2173 4110 episcopos,

592 4123 733 4186 quod
765 4125 1000 4179 Eumerii
1027 4129 1419 4183 ordinationem
1446 4132 1754 4187 examinare
1781 4134 2096 4195 voluissent,
2125 4133 2177 4186 id

592 4213 735 4266 enim
756 4217 832 4268 eis
858 4232 951 4283 per
978 4233 1209 4273 canones
1234 4219 1434 4273 licitum
1464 4231 1602 4286 erat,
1622 4222 1714 4276 sed
1739 4224 1876 4289 quod
1903 4224 2045 4275 illum
2066 4224 2176 4290 jam

593 4304 683 4357 diu
716 4322 833 4359 cum
877 4311 1189 4365 auctoritate
1218 4313 1359 4380 regis
1386 4314 1696 4382 episcopatu
1730 4316 2035 4384 pollentem,
2061 4316 2179 4368 abs-

594 4410 698 4462 que
724 4396 837 4466 ejus
854 4398 1059 4466 judicio
1086 4416 1117 4455 e
1147 4402 1273 4456 sede
1303 4402 1645 4470 dejecissent.

2277 3212 2412 3261 erat,
2449 3202 2682 3268 viveret,
2717 3204 2801 3259 hic
2830 3205 3243 3263 Tornodorense
3286 3222 3542 3276 castrum,
3579 3221 3643 3266 ut
3696 3213 3876 3268 archi-

2279 3294 2559 3362 presbyter
2584 3306 2827 3362 regeret,
2858 3308 3017 3367 atque
3053 3298 3103 3352 in
3137 3315 3201 3354 eo
3227 3312 3679 3357 commoraretur.

2349 3383 2440 3439 ‘25.
2492 3387 2865 3443 Ordinationes
2913 3391 2979 3444 ad
3013 3392 3450 3461 metropolitanos
3500 3397 3876 3463 pertinebant,

2286 3475 2337 3528 in
2372 3476 2585 3543 propria
2610 3476 2871 3547 cujusque
2894 3481 3186 3547 provincia.
3222 3482 3374 3537 Unde
3409 3484 3701 3553 Gregorius
3730 3488 3872 3543 libro

2282 3583 2332 3620 tv
2365 3568 2633 3637 llistorire,
2666 3573 2839 3639 capite
2869 3572 2957 3636 35,
2992 3574 3132 3641 quod
3162 3575 3215 3628 in
3243 3577 3402 3629 editis
3432 3578 3874 3644 praecedentibus

2280 3661 2709 3730 desiderabatur,
2766 3681 2989 3721 narrans
3038 3669 3178 3721 Aviti
3221 3668 3574 3725 Arvernensis
3623 3672 3872 3741 episcopi

2282 3756 2706 3823 ordinationem,
2734 3759 2891 3827 jussu
2937 3761 3190 3830 Sigiberti
3235 3765 3376 3834 regis
3416 3763 3589 3819 Mettis
3622 3766 3826 3823 factam
3854 3810 3870 3834 ,

2281 3847 2535 3901 observat
2563 3848 2660 3902 hac
2692 3850 2743 3902 itt
2772 3865 2831 3904 re
2860 3854 3162 3906 canonicum
3183 3856 3403 3923 rigorem
3427 3871 3531 3909 non
3565 3850 3737 3912 fuisse
3759 3873 3875 3912 ser-

2281 3948 2483 3993 vatum.
2504 3940 2620 4008 lpse
2648 3951 2823 3996 tamen
2849 3941 3132 4011 Gregorius
3158 3944 3376 4000 Rhemis
3397 3956 3752 4003 consecratus
3779 3950 3875 4005 fuit

2281 4030 2348 4084 ab
2377 4030 2588 4093 Egidio
2613 4033 2732 4101 ejus
2759 4035 2908 4089 urbis
2932 4038 3373 4104 metropolitano,
3407 4048 3464 4091 ut
3498 4039 3641 4093 canit
3672 4040 3875 4096 Fortu-

2282 4132 2458 4188 natus,
2493 4138 2590 4177 nec
2633 4124 2873 4179 alterutri
2926 4142 3155 4195 unquam
3185 4128 3286 4183 hoc
3312 4128 3504 4183 factum
3534 4131 3665 4185 vitio
3684 4132 3876 4188 vertit.

2284 4216 2351 4267 At
2377 4229 2498 4268 cuin
2528 4216 2669 4270 idem
2720 4218 2966 4286 ASgidius
3001 4236 3104 4274 non
3134 4221 3306 4274 solum
3355 4222 3606 4275 ordinare
3652 4224 3875 4292 episeo-

2283 4321 2400 4375 pos,
2418 4322 2605 4361 verum
2626 4310 2787 4363 etiam
2808 4321 2862 4364 et
2888 4312 3252 4381 episcopatum
3280 4314 3555 4368 instituere
3579 4315 3630 4367 in
3651 4314 3871 4370 Castro-

2285 4397 2540 4464 Dunensi,
2572 4400 2713 4467 quod
2747 4402 2796 4454 in
2829 4404 3133 4458 Carnotena
3162 4405 3380 4459 dioecesi
3414 4407 3575 4460 situm
3622 4416 3727 4473 est,
3760 4418 3873 4462 ten-

667 4490 759 4543 ΕΞ,
801 4490 1201 4547 Τιιαηειθιῖοηεδ
1231 4494 1602 4563 episcoporum
1634 4511 1703 4551 ex
1736 4512 1839 4550 una
1874 4497 1925 4550 in
1955 4499 2174 4552 alteram
2207 4497 2258 4557 Ι)
2287 4496 2469 4555 lasset,
2504 4491 2736 4557 graviter
2764 4494 2830 4544 ab
2861 4494 3125 4562 episcopis
3184 4497 3397 4550 οοηοὶιίἰ
3460 4513 3508 4550 IV
3553 4498 3876 4555 Parisiensis

600 4582 781 4636 sedem
814 4598 1070 4651 nusquam
1096 4583 1148 4637 in
1181 4583 1421 4653 Gregorii
1455 4584 1603 4639 libris
1632 4587 1869 4654 reperire
1896 4587 2040 4654 licet,
2080 4587 2179 4641 nisi

600 4689 807 4738 eorum,
842 4675 930 4743 qui
956 4688 1021 4729 ex
1057 4676 1285 4743 prepiiis
1317 4675 1539 4729 urbibus
1582 4677 1955 4732 haereticorum
1984 4679 2180 4745 princi-

600 4783 721 4837 pum
757 4767 910 4838 jussu
941 4767 1185 4836 expulsi,
1216 4768 1268 4820 in
1302 4767 1627 4822 Francorum
1654 4782 1874 4837 regnum
1908 4771 2180 4833 Taeceden-

598 4872 697 4921 tes.
729 4860 957 4914 viduatis
988 4859 1241 4914 Ecclesiis
1265 4859 1516 4927 Tprtcfeeti
1562 4861 1741 4924 fuere,
1782 4862 1921 4917 uuod
1966 4877 2178 4931 semper

600 4952 913 5022 approbavit
943 4951 1202 5007 Ecclesia.
1236 4951 1585 5019 Coadjutores
1627 4952 1929 5007 viventibus
1980 4954 2179 5008 substi-

600 5047 698 5100 tuti
750 5044 991 5100 nonnulli
1044 5053 1368 5108 occurrunt,
1419 5046 1505 5112 qui
1540 5044 1620 5098 vel
1652 5060 1834 5114 regum
1863 5045 2062 5110 favore,
2096 5046 2180 5099 vel

594 5136 698 5189 alia
730 5136 917 5205 quavis
945 5150 1013 5191 ex
1047 5150 1227 5200 causa,
1251 5150 1371 5189 cum
1401 5149 1495 5203 spe
1522 5134 1586 5187 ad
1616 5134 1845 5202 aliquam
1882 5134 2179 5188 Ecclesiam

598 5228 941 5292 succedendi,
974 5228 1202 5282 ordinati
1233 5227 1477 5289 fuerunt;
1511 5232 1565 5278 at
1587 5239 1691 5278 non
1721 5240 1878 5291 vano,
1932 5234 1989 5278 ut
2020 5223 2180 5278 hodie

602 5320 679 5383 lit,
712 5318 883 5381 titulo,
917 5333 1087 5386 neque
1115 5320 1165 5371 in
1197 5333 1257 5373 ea
1287 5318 1396 5386 ipsa
1423 5315 1680 5379 Ecclesia,
1710 5331 1866 5385 quam
1892 5314 2177 5384 aliquando

597 5418 781 5463 essent
801 5407 1044 5475 adepturi
1068 5410 1468 5473 ordinabantur,
1495 5408 1587 5462 sed
1629 5408 1779 5477 quasi
1808 5408 1930 5461 novi
1969 5408 2177 5475 episco-

598 5510 755 5568 patus
784 5498 1056 5552 erectione
1081 5543 1092 5565 ,
1128 5501 1178 5553 in
1202 5500 1379 5569 aliquo
1415 5501 1603 5553 futura:
1631 5513 1741 5553 sure
1763 5499 2061 5553 dimceseos
2089 5512 2177 5551 ca-

598 5601 713 5647 stro
742 5588 1029 5652 sedebant,
1055 5604 1174 5642 cum
1215 5591 1482 5658 assignata
1514 5588 1619 5644 sibi
1663 5590 1715 5642 in
1746 5590 1947 5643 vicinos
1975 5587 2178 5656 aliquot

600 5682 748 5736 vicos
779 5679 1172 5750 jurisdictione.
1214 5680 1303 5737 Sic
1333 5679 1675 5736 Mundericus
1720 5680 1862 5743 apud
1893 5678 2175 5735 Tornodo-

2290 4579 2647 4645 reprehensus
2678 4580 2815 4651 fuit,
2851 4586 2993 4653 quod
3042 4601 3153 4639 rem
3204 4587 3340 4641 adeo
3392 4587 3659 4641 insolitam
3711 4601 3879 4645 extra

2286 4687 2397 4725 sua:
2410 4672 2637 4727 civitatis
2658 4683 2710 4728 et
2732 4676 3019 4743 provinciae
3043 4679 3304 4732 terminos
3333 4675 3521 4733 fuisset
3547 4694 3867 4748 aggressus.

2290 4766 2353 4819 Et
2382 4768 2601 4829 merito,
2635 4783 2755 4821 eum
2791 4783 2857 4821 ne
2887 4769 2938 4821 id
2970 4769 3184 4837 quidem
3214 4770 3311 4837 ipsi
3344 4771 3527 4824 liceret
3548 4786 3613 4823 ex
3641 4781 3845 4838 aposto
3874 4804 3886 4809 -

2286 4854 2401 4908 lica:
2425 4856 2568 4909 sedis
2591 4854 2844 4911 vicariatu
2870 4858 2980 4913 sedi
3004 4872 3114 4913 sua:
3135 4860 3272 4913 beati
3302 4860 3521 4929 ltemigii
3538 4862 3875 4927 temporibm

2284 4961 2573 5013 concesso;
2602 4949 2645 5002 si
2678 4950 2896 5018 quidem
2923 4950 3187 5017 ejusmodi
3221 4952 3502 5021 privilegia
3536 4954 3753 5008 nonnisi
3794 4940 3899 5021 ἰιιςῖ

2286 5038 2451 5105 tegris
2484 5051 2545 5092 ac
2580 5040 2743 5092 salvis
2766 5040 3294 5107 metropolitanorum
3339 5040 3547 5107 juribus
3598 5016 3884 5096 (εοηοεεάρ.⁸

2283 5130 2495 5184 bantur.
2530 5128 2682 5185 Unde
2711 5132 2858 5186 brevi
2888 5132 3083 5186 cecidit
3108 5132 3195 5184 illa
3225 5132 3492 5186 Dunensis
3522 5134 3875 5203 episcopatus

2283 5220 2521 5284 erectio,
2554 5234 2674 5288 quae
2711 5230 2895 5273 contra
2938 5234 3198 5272 canonum
3237 5219 3367 5271 scita
3412 5221 3703 5273 temerario
3739 5236 3873 5272 ausi:

2282 5309 2421 5363 facta
2453 5309 2665 5375 fuerat;
2697 5312 2849 5363 stetit
2876 5325 3025 5373 vero,
3062 5308 3330 5376 hodieque
3371 5310 3626 5377 perdurat
3648 5309 3869 5363 Laudu-

2279 5404 2462 5458 nensis
2494 5403 2733 5457 Ecelesia
2763 5420 2792 5457 a
2823 5412 3011 5455 sancto
3032 5400 3551 5469 Remigioinstituta,
3578 5402 3722 5468 quod
3747 5417 3868 5456 eam

2282 5498 2332 5552 in
2351 5498 2767 5552 sumdimcescos
2785 5504 2960 5550 castro
2972 5495 3327 5559 constituens,
3345 5493 3544 5548 nemini
3570 5497 3866 5564 irrogasset

2281 5587 2551 5656 injuriam.
2592 5587 2799 5640 Novum
2831 5586 2955 5638 item
2988 5584 3353 5652 episcopatum
3390 5586 3440 5635 in
3485 5595 3664 5637 castro
3694 5584 3863 5640 Melo.

2280 5675 2506 5730 duncnsi
2536 5674 2861 5728 constituere
2890 5679 3186 5725 tentavcrat
3216 5686 3305 5723 rex
3334 5672 3716 5722 Cbildelmrtns
3751 5676 3863 5721 nri.
