4024 6192
206 322 268 368 si
1604 283 1980 343 pomario.
3385 270 3456 330 3,,

220 440 351 489 mus;
398 428 446 473 at
485 416 835 472 reclamante
866 410 1044 465 Leone
1084 408 1355 463 Senonum
1391 403 1674 471 episcopo,
1704 399 1768 451 ad
1796 397 1847 453 Δ
1874 408 1938 447 ex
1968 394 2235 448 universis
2260 392 2547 449 Galliarum
2574 394 2857 462 provinciis
2880 390 3308 463 congregandatn
3332 403 3454 443 esse

220 520 349 581 ritjus
372 508 630 564 dioecesim
669 508 834 559 locus
860 504 950 555 ille
974 499 1291 568 pertinebat,
1314 512 1398 550 res
1428 495 1624 549 infecta
1648 492 1767 545 fuit.

217 608 294 661 Sic
319 615 365 658 et
392 601 543 669 periit
570 597 905 649 Arisitensis
935 592 1274 656 episcopatus
1297 630 1312 652 ,
1358 602 1511 655 quem
1565 584 1768 648 Gotthi,

219 695 441 749 detractis
463 692 672 756 aliquot
704 703 735 740 e
759 684 982 739 dimccsi
1008 680 1356 742 Rutheuensi,
1388 678 1475 748 qui
1512 676 1641 745 ipsis
1677 690 1771 745 pa-

217 789 397 847 rebant,
431 785 579 845 vicis,
611 781 986 835 instituerant.

273 878 353 930 εἰ.
386 876 424 929 Ε
449 873 625 927 laiCaIi
649 880 797 924 statu
831 868 895 921 ad
928 864 1286 920 sacerdotium
1316 859 1645 929 promoveri,
1667 858 1768 912 nisi

213 979 317 1037 post
343 980 587 1023 emensos
616 966 801 1015 varios
827 959 1052 1027 gradus,
1086 969 1354 1023 nunquam
1411 967 1505 1020 per
1540 964 1772 1004 canones

212 1062 362 1116 licuit.
392 1059 557 1125 Quam
594 1054 870 1123 regulam,
903 1050 1001 1104 etsi
1039 1050 1345 1115 frequenter
1386 1043 1657 1106 violatam,
1682 1056 1770 1094 se-

210 1154 304 1207 cuti
332 1161 446 1205 sunt
476 1160 658 1201 tamen
692 1159 907 1208 semper
927 1140 1163 1209 episcopi
1196 1135 1577 1206 religiosiores.
1608 1130 1773 1201 Hujus

209 1246 279 1298 rei
303 1242 599 1310 exemplum
644 1237 856 1289 illustre
895 1234 962 1287 de
1002 1247 1065 1286 se
1094 1233 1212 1299 ipso
1244 1237 1426 1282 narrat
1460 1224 1772 1294 Gregorius,

209 1339 319 1392 loco
338 1335 442 1403 jam
466 1348 497 1385 a
524 1331 683 1385 nobis
705 1327 953 1395 superius
1000 1323 1214 1377 laudato
1252 1338 1315 1374 ex
1366 1319 1503 1372 libro
1535 1334 1562 1369 v
1597 1316 1774 1369 llisto-

204 1429 311 1489 rite,
332 1427 501 1493 capite
530 1422 631 1487 15;
656 1436 777 1475 curn
805 1419 948 1473 enim
973 1413 1281 1484 Burgundio
1312 1412 1505 1466 Felicis
1534 1405 1775 1477 episcopi

205 1532 363 1586 nepos
392 1515 458 1569 ad
484 1530 603 1568 eum
636 1511 992 1570 accessisset,
1044 1502 1289 1559 avunculi
1320 1502 1401 1554 sui
1431 1510 1777 1553 thtcrorum-

205 1629 303 1681 que
327 1606 851 1678 comprovincialium
889 1601 1265 1669 episcoiiorum
1302 1607 1568 1649 consensu
1601 1588 1775 1642 muni-

205 1712 303 1768 tus,
336 1712 386 1753 ut
420 1703 467 1753 in
499 1698 816 1766 episcopum
864 1698 1307 1749 consecraretur;
1338 1682 1616 1752 respondit
1641 1681 1775 1735 Gre-

201 1793 371 1855 gorius
400 1808 413 1842 :

204 1896 487 1951 quemquam
514 1879 583 1930 ad
637 1877 984 1945 episcopatum
1014 1870 1279 1931 accedere,
1310 1866 1409 1918 nisi
1446 1864 1588 1933 prius
1618 1862 1774 1913 eccle-

202 1972 417 2024 siasticos
447 1970 643 2039 gradus
678 1963 985 2033 regulariter
1032 1961 1296 2014 sortiatur.
1329 1957 1464 2010 Turn
1513 1970 1631 2008 eum
1679 1952 1774 2005 do-

203 2062 305 2114 ioit
332 2062 452 2129 quid
478 2060 529 2113 ei
559 2057 869 2112 faciendum
901 2064 1077 2117 esset,
1112 2062 1167 2105 ut
1210 2062 1329 2103 sese
1359 2049 1577 2118 dignum
1624 2042 1774 2098 exhi-

202 2155 352 2207 lveret
384 2151 669 2218 episcopali
715 2149 940 2201 honore.
974 2146 1302 2211 Quibusnam
1348 2155 1477 2195 vero
1522 2137 1774 2207 gradibus

202 2245 259 2295 ad
293 2252 487 2296 tantam
517 2242 832 2311 dignitatem
854 2237 1112 2292 canonice
1162 2232 1548 2301 assequendam
1582 2244 1771 2282 ascen-

202 2337 427 2390 dendum
456 2335 632 2398 foret,
686 2334 754 2387 ab
783 2332 976 2387 eodem
1016 2327 1275 2399 Gregorio
1319 2325 1573 2379 discimus
1603 2338 1669 2377 ex
1710 2323 1778 2375 li-

204 2430 292 2482 bro
321 2445 390 2494 IV,
423 2428 602 2496 capite
625 2428 677 2488 6,
710 2425 797 2478 ubi
821 2423 952 2477 Cato
975 2422 1250 2491 presbyter
1278 2434 1335 2472 se
1364 2418 1635 2470 clericatus
1657 2430 1775 2483 gra-

204 2520 287 2571 dus
299 2516 873 2571 canonicainstitutione
884 2513 1128 2567 sortitum
1151 2509 1309 2563 fuisse
1326 2507 1405 2561 his
1424 2507 1604 2561 verbis
1618 2519 1777 2571 i-xpo—

204 2610 270 2661 nit
300 2628 311 2659 :
345 2609 523 2661 Lector
564 2609 738 2659 decem
765 2607 913 2658 annis
941 2605 1046 2671 fui,
1074 2605 1125 2656 in
1156 2602 1550 2655 subdiaconatus
1604 2597 1776 2665 ofﬁcio

205 2700 408 2769 quinque
435 2700 587 2751 armis
622 2697 943 2759 ministravi;
990 2693 1284 2747 diacomtui
1321 2707 1436 2744 vero
1486 2688 1776 2757 quindecim

205 2795 337 2844 annis
367 2793 695 2853 mancipatus
730 2788 840 2857 fui,
882 2785 1174 2854 presbyterii
1224 2784 1412 2834 honore
1457 2782 1569 2850 jam
1597 2777 1777 2848 viginti

208 2885 337 2937 armis
364 2886 557 2951 potior.
590 2881 658 2934 Et
680 2880 894 2948 quidem
918 2878 1171 2939 Nicetius,
1200 2871 1565 2943 Lugdunensis
1591 2879 1773 2938 postea

208 2978 491 3045 cpiscopus,
528 2972 748 3028 nonnisi
781 2982 927 3025 (etate
951 2971 1224 3022 tricenaria
1261 2966 1540 3037 presbyter
1562 2962 1774 3017 ordina-

211 3080 280 3121 tus
305 3066 419 3122 fuit.
467 3068 671 3120 Verum
723 3064 776 3117 id
825 3063 1021 3129 regula:
1063 3058 1346 3127 exigebant
1380 3065 1472 3109 :at
1502 3052 1774 3107 contraria

1874 485 2137 549 dixisset,
2169 486 2412 553 reposuit
2454 483 2780 554 Gregorius,
2820 486 2910 553 qui
2960 493 3085 538 tunc
3125 480 3455 537 Childeberti

1873 578 2019 645 regis
2053 578 2258 647 legatus
2288 587 2433 641 erat,
2468 577 2706 630 inutilem
2744 576 2907 630 videri
2939 587 3096 630 tantae
3140 576 3329 647 synodi
3364 586 3455 626 ce-

1873 666 2259 727 lebrationem,
2292 680 2412 719 cum
2454 666 2592 718 nulla
2629 675 2754 718 tunc
2783 674 2925 718 esset
2954 674 3133 719 exorta
3166 679 3297 717 nova
3336 663 3456 716 ha:-

1873 758 2012 812 rcsis
2034 800 2047 820 ,
2080 757 2389 826 nullumque
2420 757 2726 811 immineret
2752 757 2805 809 in
2838 756 2939 809 fide
2969 756 3261 824 periculum
3289 771 3303 808 :
3352 753 3447 807 sed

1873 850 2151 913 sufﬁcere,
2184 858 2241 902 ut
2270 850 2632 917 unusquisque
2663 845 3101 912 metropolitanus
3137 847 3292 905 juxta
3317 860 3444 897 cono

1874 942 2196 993 suetudinem
2225 957 2474 992 canonum
2503 955 2621 993 cum
2666 939 2766 992 sibi
2809 939 3067 1007 subjectis
3109 938 3441 991 conveniret.

1874 1032 2130 1099 Mapinius
2148 1043 2322 1086 tamen
2345 1033 2670 1087 Rhemorum
2695 1033 2918 1086 antistes
2938 1032 3004 1086 ad
3026 1032 3304 1085 concilium
3321 1030 3450 1083 Tul-

1876 1122 2020 1176 Ieuse
2061 1138 2090 1175 a
2132 1122 2509 1177 Theodebaldo
2548 1138 2674 1192 rege
2712 1133 3065 1179 convocatum
3107 1123 3187 1176 ire
3234 1121 3447 1188 renuit,

1875 1215 2013 1285 quod
2045 1230 2137 1270 rex
2165 1216 2472 1269 evocationis
2502 1231 2705 1268 causam
2738 1215 2786 1268 ei
2822 1230 2925 1267 non
2958 1213 3267 1277 indicasset;
3308 1210 3449 1265 unde

1878 1309 2192 1376 conjicimus
2222 1307 2535 1377 episcopos,
2567 1308 2757 1361 saltem
2794 1306 3178 1374 przecipuarum
3208 1301 3411 1357 sodium
3433 1343 3451 1368 ,

1880 1400 1947 1452 de
1980 1400 2207 1467 negotiis
2238 1414 2356 1468 qua:
2384 1399 2435 1452 in
2469 1398 2662 1453 talibus
2692 1397 2934 1452 conciliis
2966 1395 3236 1449 tractanda
3266 1401 3453 1457 erant,

1879 1489 1992 1544 ﬁeri
2022 1490 2269 1544 debuisse
2299 1491 2582 1544 certiores.
2619 1491 2683 1543 Et
2711 1490 2925 1559 quidem
2958 1488 3216 1556 Mapiuius
3255 1502 3314 1541 ea
3355 1500 3456 1539 oc-

1877 1580 2092 1634 casione
2139 1580 2396 1634 Nicetium
2451 1580 2825 1633 Trevirensem
2874 1577 3256 1648 reprehendit,
3308 1574 3449 1644 quod

1877 1673 2056 1741 potius
2087 1672 2151 1725 ad
2199 1687 2376 1740 regem
2398 1713 2412 1739 ,
2445 1687 2600 1741 quam
2636 1672 2698 1724 ad
2732 1672 2906 1741 ipsum
2939 1667 3289 1740 reprimendae
3318 1682 3456 1736 quo-

465 1761 724 1840 Habemus
765 1782 1012 1850 scriptum
1043 1780 1095 1831 in
1139 1776 1409 1830 canouibus
1436 1816 1450 1839 ,
1489 1788 1591 1824 non
1622 1786 1767 1839 posse
1798 1761 1841 1818 Β
1872 1763 2112 1815 rumdam
2144 1764 2402 1816 malorum
2434 1763 2708 1815 hominum
2743 1766 3025 1829 proterviae
3056 1775 3216 1815 causa
3275 1774 3459 1815 recur-

1876 1854 2051 1908 risset.
2110 1853 2237 1922 Ejus
2287 1853 2566 1922 epistolam
2612 1854 2858 1906 dabimus
2902 1854 2954 1906 in
2996 1852 3289 1921 appendice
3331 1865 3452 1903 cum

1876 1948 2129 2017 Sigiberti
2174 1948 2316 2016 regis
2357 1947 2459 1999 alia
2499 1946 2755 2014 epistola,
2800 1961 2900 2013 qua
2954 1944 3228 1998 Desiderio
3265 1941 3457 1995 Catur-

1883 2040 2032 2094 ceusi
2081 2040 2335 2102 mandat,
2382 2047 2437 2091 ut
2488 2052 2554 2091 ne
2599 2037 2821 2090 accedat
2868 2036 2933 2089 ad
2986 2035 3286 2105 synodum,
3339 2048 3459 2101 quas

1878 2131 2058 2197 seipso
2088 2128 2394 2183 inconsulto
2425 2130 2595 2181 fuerat
2627 2127 2845 2180 indicta.

1952 2222 2042 2275 26.
2069 2222 2332 2276 Gtt-terum
2365 2236 2429 2274 ex
2462 2220 2544 2273 his
2582 2234 2698 2288 quae
2726 2218 3089 2273 Guutramnus
3119 2214 3459 2282 ad‘Grcgorii

1876 2314 2039 2369 verba
2068 2311 2316 2381 superius
2341 2311 2549 2365 laudata
2576 2308 2884 2378 respondit,
2918 2318 3062 2377 patet
3088 2308 3458 2376 episcoporum

1877 2418 2069 2457 causas
2100 2419 2163 2457 ex
2193 2403 2258 2456 iis
2289 2402 2483 2468 fuisse,
2510 2403 2578 2455 ob
2608 2417 2739 2471 quas
2766 2401 3102 2468 potissimum
3126 2401 3351 2455 concilia
3377 2408 3459 2453 to-

1878 2498 1983 2550 tius
2014 2496 2245 2550 nationis
2276 2495 2650 2563 episcOporum
2680 2492 3049 2562 congreganda
3077 2502 3277 2546 essent.
3321 2489 3457 2557 Illa,

1879 2588 2052 2655 inquit
2072 2627 2087 2651 ,
2131 2586 2227 2639 Dei
2254 2600 2407 2637 causa
2437 2595 2601 2637 exstat
2627 2584 2859 2637 omnibus
2888 2585 3076 2653 major,
3108 2593 3159 2635 ut
3198 2583 3455 2650 inquirere

1879 2679 2120 2744 debeatis,
2152 2694 2243 2730 cur
2276 2668 2617 2729 Prwtextatus
2643 2676 2910 2746 episc0pus
2939 2674 3114 2726 aladio
3150 2674 3201 2727 in
3248 2673 3458 2726 ecclesia

1878 2774 2029 2843 fuerit
2066 2773 2425 2837 interemptus,
2472 2781 2578 2822 tum
2613 2771 2674 2823 de
2717 2768 2943 2823 dissidiis
2998 2768 3380 2837 episcoporum,
3410 2773 3458 2817 et

1878 2865 2035 2917 variis
2061 2862 2387 2928 criminibus,
2418 2862 2597 2931 quibus
2639 2876 2810 2913 eorum
2853 2859 3087 2912 nonnulli
3127 2868 3452 2910 accusantur.

1879 2956 2047 3009 Immo
2065 2964 2121 3010 et
2134 2968 2285 3023 reges
2299 2953 2398 3021 ipsi
2413 2966 2599 3006 causas
2614 2952 3015 3019 episcoporum,
3033 2964 3168 3017 quos
3189 2949 3288 3002 sibi
3315 2949 3455 3001 haud

1880 3047 2066 3101 fideles
2092 3045 2254 3100 fuisse
2274 3044 2674 3107 existimabant,
2700 3044 2763 3097 ad
2786 3042 3007 3097 concilia
3033 3040 3369 3096 referebant:
3398 3050 3457 3095 ut

212 3163 472 3229 plurimum
523 3158 630 3212 fuit
678 3156 862 3226 praxis
892 3128 963 3207 iet
1005 3149 1336 3207 consuetudo
1354 3188 1369 3211 ,
1423 3162 1580 3216 quam
1612 3143 1774 3197 variae
1797 3128 1846 3192 C
1878 3137 1944 3191 de
1964 3137 2151 3191 eodem
2168 3136 2489 3190 Prmtextato
2510 3145 2848 3205 patet,quem
2866 3134 3199 3203 Chilpericus
3220 3148 3338 3198 rex,
3362 3147 3453 3187 ve-

213 3268 363 3307 causa:
394 3253 834 3307 introduxeraut.
874 3247 946 3299 Ex
982 3245 1065 3297 his
1111 3241 1362 3311 legitima:
1405 3238 1645 3297 luerunt,
1676 3233 1776 3286 Ec—

214 3345 367 3399 clesiae
396 3343 696 3398 necessitas
718 3382 733 3405 ,
765 3338 1055 3405 iusignisve
1081 3335 1281 3403 aliquot
1310 3331 1545 3385 virorum
1571 3324 1773 3382 sancti-

214 3446 299 3503 tas,
330 3454 483 3507 quam
516 3434 750 3489 illustria
782 3430 916 3483 facta
966 3428 1048 3480 vel
1096 3425 1253 3479 etiam
1287 3420 1543 3475 miracula
1584 3417 1775 3486 proba-

214 3536 339 3585 bant.
373 3532 680 3600 Iniprobata
714 3538 844 3577 vero
871 3519 1223 3591 quorumdam
1246 3515 1615 3582 episcoporum
1644 3508 1775 3563 faci-

217 3622 319 3674 litas
338 3663 352 3687 ,
379 3631 435 3674 ut
462 3615 717 3685 exetnplo
733 3610 1121 3681 Burgundionis
1136 3623 1238 3661 non
1254 3604 1418 3658 semel
1434 3603 1593 3655 allato
1612 3609 1774 3669 patet,

215 3713 347 3782 cujus
396 3711 577 3765 adhuc
628 3705 751 3760 laici
817 3699 1133 3772 promotioni
1190 3695 1427 3766 episcopi
1490 3691 1776 3762 provinciae

217 3805 568 3878 Lugdunensis
601 3804 673 3856 Ill
701 3805 1119 3861 consenserant,
1153 3795 1245 3848 sed
1284 3808 1443 3861 quam
1485 3787 1775 3857 Gregorius

214 3911 397 3967 noster,
426 3913 703 3955 canonum
735 3893 1027 3948 acerrimus
1072 3889 1262 3943 vindex
1284 3930 1299 3954 ,
1340 3901 1433 3939 sua
1457 3882 1777 3937 auctoritate

217 3991 498 4061 impedivit.
531 3988 840 4056 lmprobata
869 3996 1080 4051 quoque
1104 3977 1481 4034 nonnullorum
1529 3972 1773 4035 ambitio,

214 4084 289 4150 qui
316 4098 489 4151 regum
514 4076 838 4133 auctoritate
859 4074 1220 4142 episcopatum
1243 4064 1538 4129 consecuti,
1567 4061 1777 4116 caeteris

215 4174 453 4240 imperare
484 4169 848 4229 conabantur,
887 4165 1222 4233 priusquam,
1268 4169 1327 4214 ut
1368 4160 1443 4213 ait
1488 4154 1777 4225 Gregorius

215 4264 435 4333 Magnus,
471 4262 701 4318 obedire
734 4258 1069 4313 didicissent.
1117 4251 1395 4322 Ejusmodi
1450 4258 1625 4301 tamen
1676 4246 1775 4298 ali-

213 4362 401 4429 quantis
427 4356 687 4413 diebusin
709 4352 964 4407 clericatn
992 4348 1240 4417 probatos
1252 4342 1417 4396 fuisse
1430 4339 1771 4403 crediderim,

214 4455 502 4524 priusquam
526 4454 992 4506 consecrarentur,
1032 4452 1090 4496 ut
1116 4442 1183 4495 de
1235 4436 1547 4507 Badegesilo
1596 4434 1777 4487 obser-

1883 3232 1979 3286 luti
2002 3247 2150 3287 reum
2176 3230 2494 3302 majestatis,
2515 3231 2566 3285 iu
2594 3230 2820 3285 concilio
2844 3228 3131 3283 Parisieusi
3161 3228 3454 3282 accusavit.

1883 3328 1951 3381 Et
1976 3329 2203 3397 ipsemet
2228 3336 2410 3381 noster
2432 3324 2720 3395 Gregorius
2744 3332 3025 3378 accusatus
3041 3336 3068 3374 a
3091 3321 3346 3376 Leudaste
3367 3334 3459 3374 co-

1882 3419 2030 3483 mite,
2048 3418 2185 3487 quod
2209 3417 2465 3473 adversus
2488 3417 2724 3485 reginam
2743 3413 3147 3484 Fredegundcm
3176 3412 3347 3467 malos
3369 3426 3457 3464 ru-

1881 3526 2055 3565 mores
2077 3512 2397 3579 sparsisset,
2424 3510 2654 3576 seipsutn
2676 3508 2726 3561 in
2747 3507 2972 3561 concilio
2988 3504 3347 3559 Brennacensi
3373 3517 3458 3556 sa-

1882 3612 2158 3657 cramento
2190 3602 2449 3671 purgavit.
2480 3600 2586 3655 Nec
2606 3600 3014 3670 praetermittere
3040 3597 3160 3651 licet
3182 3597 3453 3665 egregium

1880 3691 2204 3747 Cbildeberti
2236 3694 2275 3745 ll
2310 3692 2534 3757 facinus,
2553 3692 2638 3760 qui
2672 3706 2790 3743 cum
2818 3688 3090 3759 [Egidium
3123 3686 3453 3741 Rhemorum

1884 3788 2210 3852 antistitem,
2257 3786 2543 3848 multorum
2585 3784 2799 3853 quidem
2838 3782 3117 3836 criminum
3148 3794 3327 3843 reum,
3362 3775 3456 3830 sed

1885 3881 2112 3935 necdum
2147 3881 2196 3932 in
2228 3879 2331 3931 ulla
2362 3878 2572 3948 synodo
2600 3876 2836 3930 auditum
2858 3914 2873 3939 ,
2906 3874 3093 3927 Mettas
3127 3871 3314 3923 adduci
3344 3869 3457 3937 jus-

1882 3975 2073 4036 sisset,
2119 3972 2181 4024 ab
2221 3968 2339 4022 aliis
2382 3969 2629 4039 episcopis
2667 3966 2980 4035 increpitus,
3025 3977 3147 4017 eum
3188 3961 3306 4014 urbi
3347 3974 3456 4012 suae

1882 4064 2087 4118 restitui
2121 4062 2441 4115 incolumem
2465 4058 2734 4128 praecepit.
2761 4056 2867 4111 Sed
2912 4054 3005 4109 ille
3035 4061 3215 4122 postea
3248 4052 3301 4107 in
3344 4052 3457 4120 epi-

1882 4171 2163 4226 scoporum
2196 4154 2402 4225 synodo
2427 4152 2563 4222 apud
2608 4153 2797 4205 Mettas
2838 4148 3131 4219 majestatis
3172 4148 3312 4201 lassa:
3336 4162 3459 4202 reus

1882 4248 2163 4311 inventus,
2193 4256 2246 4299 et
2275 4244 2565 4313 episcOpali
2593 4242 2721 4296 sede
2748 4242 2984 4311 privatus
3003 4280 3018 4306 ,
3047 4254 3076 4292 a
3105 4254 3229 4308 rege
3254 4239 3458 4307 Argen-

1884 4346 2113 4392 toratum
2144 4336 2291 4389 exsul
2324 4334 2570 4387 mittitur.
2601 4333 2716 4387 Jarn
2741 4346 2867 4386 vero
2893 4330 3148 4386 adversus
3175 4331 3459 4399 cpiscolios

1887 4444 1989 4481 non
2015 4428 2239 4495 quilibet
2262 4426 2357 4480 viri
2382 4424 2798 4479 admittebantur
2820 4423 2868 4475 in
2895 4422 3276 4487 testimonium;
3297 4437 3461 4490 quare

214 4505 591 4612 vatGiegorius
610 4546 814 4601 noster,
838 4535 927 4605 qui
947 4540 1263 4596 tonsuratus,
1287 4529 1484 4598 gradus
1514 4540 1646 4595 quos
1663 4523 1774 4578 cle-
1810 4505 1865 4564 Ῑ)
1888 4536 2008 4575 cum
2043 4520 2314 4574 inferioris
2341 4517 2549 4572 ordinis
2580 4517 2820 4571 nonnulli
2853 4526 3015 4571 testes
3044 4517 3298 4571 adversus
3328 4516 3460 4571 Gre-

217 4634 296 4687 rici
326 4634 621 4688 sortiuntur
649 4627 963 4689 ascendens,
983 4634 1100 4694 post
1123 4621 1467 4690 quadraginta
1493 4618 1609 4672 dies
1630 4617 1780 4670 Dom-

215 4728 305 4777 noli
336 4725 566 4792 episcopi
600 4719 1024 4774 Cenomanensis
1046 4714 1277 4768 defuncti
1295 4726 1571 4766 successor
1585 4708 1775 4763 evasit.

274 4814 355 4868 25.
388 4816 467 4870 Ad
502 4812 734 4869 concilia
762 4809 900 4878 quod
929 4807 1148 4869 attinet,
1175 4804 1274 4857 alia
1304 4812 1456 4855 erant
1481 4800 1776 4869 provincia—

216 4907 272 4958 lia
296 4946 308 4969 ,
350 4922 507 4959 unius
549 4903 754 4958 scilicet
796 4898 1082 4969 provinciae
1119 4897 1527 4965 episcoporum;
1558 4893 1659 4946 alia
1699 4902 1779 4946 to-

217 4997 306 5049 tius
335 4997 570 5050 nationis
600 5009 697 5047 seu
724 4990 897 5060 regni.
931 4989 1114 5043 Priora
1149 4985 1544 5055 metrOpolitani
1583 4985 1776 5052 quique

213 5089 352 5140 statis
387 5086 723 5154 temporibus
749 5083 901 5151 juxta
931 5095 1193 5133 canonum
1226 5077 1514 5147 prescripta
1545 5090 1776 5144 congre-

216 5178 395 5247 gabant
421 5197 433 5233 :
463 5180 693 5231 aliorum
722 5188 853 5227 vero
885 5172 1102 5225 indictio
1132 5170 1197 5223 ad
1231 5184 1406 5238 regem
1437 5167 1734 5236 pertinebat
1759 5208 1775 5231 ,

218 5282 421 5331 quorum
456 5267 695 5335 episcopi
724 5261 939 5318 etiamsi
968 5260 1103 5316 forte
1131 5260 1462 5313 diversorum
1492 5270 1775 5325 regnorum

217 5368 379 5421 erant,
406 5375 471 5412 ex
500 5367 685 5413 mutuo
718 5365 896 5409 tamen
927 5369 1108 5423 regum
1139 5351 1374 5405 omnium
1407 5363 1671 5403 consensu
1703 5347 1778 5399 fa-

218 5449 302 5503 cile
324 5452 672 5517 Cogebantur.
716 5447 773 5501 In
807 5446 891 5498 his
918 5444 983 5499 de
1015 5444 1135 5498 ﬁdei
1176 5443 1334 5497 rebus
1375 5456 1439 5495 ac
1481 5439 1778 5510 majoribus

220 5544 463 5609 aegonis,
499 5553 590 5597 aut
617 5550 767 5598 certe
796 5540 863 5593 de
895 5553 1022 5606 pace
1053 5538 1191 5592 inter
1221 5552 1373 5605 reges
1404 5533 1773 5601 componenda

222 5633 456 5697 agebatur
490 5652 505 5687 :
538 5648 655 5702 qua:
682 5646 749 5686 ex
779 5627 1037 5696 Gregorio
1065 5628 1320 5681 discimus
1347 5626 1482 5679 libro
1510 5640 1562 5678 ix
1594 5624 1774 5677 [listo-

220 5722 329 5789 ηε,
356 5724 533 5792 capite
573 5723 674 5789 2t),
718 5721 811 5777 ubi
852 5735 971 5776 cum
1002 5718 1359 5775 Guntramnus
1385 5732 1477 5772 rex
1510 5715 1772 5786 synodum

1884 4612 2093 4682 gorium
2126 4613 2177 4664 in
2207 4610 2412 4682 synodo
2442 4610 2799 4665 Brennacensi
2828 4610 2994 4665 auditi
3023 4610 3275 4677 fuissent,
3305 4625 3365 4664 ea
3392 4610 3460 4665 de

1884 4719 1943 4759 re
1969 4703 2249 4770 conquesti
2281 4711 2403 4755 sunt
2429 4700 2690 4770 cpisc0pi.
2716 4700 2806 4755 Ille
2833 4716 2959 4755 vero
2982 4715 3101 4755 cum
3130 4701 3344 4755 testium
3379 4715 3462 4753 re-

1884 4797 2085 4851 latione
2106 4795 2351 4849 convinci
2379 4809 2482 4847 noo
2507 4795 2769 4863 potuisset
2794 4793 2950 4847 ullius
2976 4793 3234 4857 criminis,
3261 4807 3457 4860 resque

1888 4904 2107 4942 manere
2139 4887 2409 4942 videretur
2444 4888 2494 4939 in
2530 4887 2780 4956 ambiguo
2800 4928 2814 4950 ,
2847 4886 2996 4939 dictis
3024 4886 3189 4939 missis
3219 4886 3270 4936 in
3302 4883 3458 4936 tribus

1880 4982 2161 5043 altaribus,
2206 4995 2325 5034 sese
2379 4980 2493 5047 ipse
2523 4987 2858 5032 sacramento
2888 4978 3174 5045 purgavit;
3211 4976 3346 5044 quod
3383 4986 3433 5029 ta

1880 5090 2001 5129 men
2032 5089 2137 5127 non
2166 5075 2283 5127 sine
2322 5071 2513 5140 injuria
2559 5086 2618 5124 se
2658 5070 2847 5124 fecisse
2889 5068 3160 5135 professus
3187 5077 3302 5131 est,
3334 5083 3459 5122 cuin

1825 5156 1830 5161 ’
1884 5171 1936 5224 id
1963 5169 2257 5223 canonibus
2287 5178 2430 5221 esset
2455 5170 2804 5221 contrarium.
2830 5164 3093 5216 (Izetcrum
3121 5164 3239 5216 latae
3266 5162 3317 5216 in
3342 5163 3461 5218 istis

1888 5262 2128 5317 conciliis
2151 5260 2428 5313 sententia:
2462 5259 2506 5311 si
2547 5257 2751 5309 nollent
2791 5255 3027 5309 damnati
3077 5257 3457 5324 acquiescere,

1885 5353 1990 5406 illis
2008 5358 2286 5417 supererat
2303 5349 2367 5403 ad
2390 5348 2734 5417 apostolicam
2759 5347 2940 5401 sedem
2959 5348 3285 5419 confugium.
3310 5350 3461 5405 Unde

1882 5458 2000 5497 cum
2031 5442 2348 5508 Sagittarius
2378 5452 2431 5495 et
2460 5437 2705 5494 Salonius
2736 5440 2974 5509 epiSCOpi
3004 5456 3126 5495 sese
3180 5442 3372 5508 injuria
3403 5443 3457 5496 in

1882 5533 2108 5587 concilio
2123 5530 2457 5600 Lugduneosi
2483 5540 2855 5584 exauctoratos
2879 5529 2902 5584 I'
2904 5533 3044 5586 uisse
3066 5535 3341 5602 conquesti
3365 5546 3457 5585 es-

1880 5632 2030 5686 sent,
2066 5624 2268 5676 licentia
2300 5622 2444 5691 prius
2475 5636 2502 5673 a
2535 5636 2660 5690 rege
2691 5621 3022 5677 Guntramno
3050 5624 3263 5677 obtenta
3287 5662 3301 5685 ,
3332 5637 3453 5674 cum

1880 5716 2064 5772 littoris
2093 5714 2209 5785 ejus
2238 5712 2689 5771 commcndatitiis
2718 5712 2939 5771 Romam
2972 5715 3277 5785 petierunt,
3308 5710 3395 5764 ubi
3421 5725 3450 5765 a
