4024 6192
585 246 645 303 δι
1997 238 2388 296 ΡΒᾸΞΡΑΤΙΟ.
3407 295 3423 310 ,
3787 244 3856 298 se

592 360 799 417 Joanne
839 362 1093 431 pontilice
1121 361 1319 428 auditi,
1352 359 1593 430 ejusdem
1620 360 1772 430 jussu
1801 357 2016 412 sedibus
2042 357 2158 412 suis
2184 359 2238 416 Α
2264 354 2518 408 dinationi
2556 356 2960 421 commendavit,
3004 356 3313 422 invaderet,
3356 358 3400 410 si
3443 373 3633 413 eorum
3687 358 3857 417 nollet

593 455 827 509 restituti
858 468 1020 525 sunt,
1048 464 1106 511 ut
1135 464 1316 509 narrat
1346 452 1638 523 Gregorius
1670 453 1806 509 libro
1837 468 1865 503 v
1896 450 2163 517 Historia,

588 546 763 614 capite
789 547 880 603 21.

660 637 751 691 Q7.
788 638 1098 706 Colligimus
1120 646 1298 693 autem
1322 653 1386 693 es
1412 638 1653 707 ejusdem
1679 638 1918 709 Gregorii
1940 646 1994 692 et
2013 638 2168 693 dictis

597 737 651 782 et
682 727 853 792 faelis,
886 738 1081 798 quanta
1114 737 1242 784 tunc
1270 740 1412 785 esset
1436 729 1490 783 in
1518 744 1698 784 sacros
1729 744 1960 785 canones
1987 730 2170 785 Eccle-

592 821 687 877 sia:
706 817 996 876 Gallicana:
1016 822 1335 875 reverentia.
1355 819 1597 890 Egidius
1614 820 1933 877 Rhemensis
1962 820 2170 890 episco-

600 927 699 978 pus
716 949 736 976 ,
767 911 981 966 nonnisi
1011 912 1155 966 lectis
1179 912 1447 966 Canonum
1474 913 1839 979 sanctionibus,
1865 927 1896 968 e
1914 914 2052 967 solio
2073 927 2169 967 suo

592 1003 905 1058 deturbatus
955 1010 1066 1066 est,
1103 1011 1380 1073 postquam
1430 1019 1552 1059 reus
1581 1004 1966 1075 oonjurationis
2005 1006 2056 1059 in
2086 1021 2168 1059 re-

593 1108 714 1164 gem
739 1093 986 1148 iuventus
1008 1093 1218 1149 fuisset.
1244 1094 1449 1161 Quanta
1472 1110 1600 1152 vero
1621 1094 1782 1151 animi
1804 1095 2171 1166 magnitudine

566 1193 647 1239 et
674 1185 972 1245 constantia
998 1199 1182 1241 eorum
1210 1187 1583 1243 auctoritatem
1609 1188 1869 1244 adversus
1888 1202 2067 1260 regem
2090 1188 2171 1256 ip-

589 1290 741 1341 sum,
770 1284 823 1331 et
848 1274 1084 1344 reginam
1116 1277 1235 1345 ejus
1281 1278 1596 1348 conjugem,
1641 1278 1805 1333 tuitus
1842 1276 2002 1334 fuerit
2035 1279 2169 1335 Gre-

593 1364 777 1434 gorius
805 1365 856 1419 in
889 1379 1047 1419 causa
1079 1365 1428 1435 Praetextati,
1460 1384 1619 1426 nemo
1643 1378 1727 1426 est
1753 1371 1843 1440 qui
1872 1370 2107 1439 nesciat,
2139 1387 2170 1425 a

594 1469 823 1523 quorum
852 1455 1226 1511 observatione
1253 1472 1351 1513 nec
1378 1458 1568 1527 minis,
1600 1474 1702 1518 nec
1734 1458 2041 1529 blanditiis,
2072 1475 2172 1517 nec

597 1560 731 1601 auro
758 1557 854 1604 aut
875 1560 1097 1619 argento
1126 1565 1357 1619 unquam
1401 1550 1660 1606 dimoveri
1700 1552 1890 1620 potuit.
1932 1550 2085 1608 Unde
2124 1552 2170 1607 si

593 1638 769 1705 aliqua
796 1651 1097 1710 emergeret
1126 1643 1179 1697 in
1225 1642 1386 1697 rebus
1427 1643 1647 1713 agendis
1692 1642 2005 1708 difﬁcultas,
2050 1658 2173 1712 pro-

2268 446 2521 517 lacrymis
2550 447 2797 513 enecari,
2829 463 2952 503 cum
2982 448 3059 503 illi
3088 450 3157 506 de
3183 449 3444 508 fructibus
3486 451 3605 508 istis
3643 454 3720 507 ali
3764 454 3858 511 de—

2266 539 2474 592 berent.
2508 539 2672 609 llujus
2704 541 2781 595 rei
2811 555 2972 595 causa
3004 552 3160 597 erant
3187 544 3261 597 in‘
3283 545 3527 600 ecclesiis
3570 549 3813 619 catalogi
3838 589 3853 615 ,

2268 630 2576 685 matricolas
2605 633 2945 699 appellabant
2966 676 2980 696 ,
3011 634 3064 688 in
3094 634 3286 705 quibus
3313 636 3557 707 inscripti
3588 652 3858 710 pauperes

2271 722 2515 777 ecclesiae
2545 724 2698 779 bonis
2744 739 2807 779 ac
2860 726 3095 781 ﬁdelium
3135 728 3497 786 oblationibus
3538 733 3852 789 alebantur.

2269 815 2404 869 Aliis
2430 816 2669 885 episcopi
2714 833 3095 888 nonnunquam
3133 820 3340 876 litteras
3380 839 3544 880 manu
3590 842 3693 880 sua
3736 831 3856 882 sub-

2270 906 2495 975 scriptas
2523 907 2751 973 dabant,
2780 910 2973 979 quibus
3002 910 3206 966 incitati
3237 912 3423 969 fideles
3448 916 3854 992 eleemosynam

2268 999 2574 1068 petentibus
2613 1000 2820 1055 facilius
2862 1002 3203 1072 largirentur.
3255 1004 3493 1077 Denique
3533 1020 3685 1069 tanta
3733 1026 3848 1068 erat

2271 1090 2508 1143 omnium
2538 1090 2591 1143 in
2619 1090 2929 1162 episcopos,
2963 1110 3098 1164 quos
3134 1095 3366 1165 Spiritus
3396 1111 3617 1158 sanctus
3668 1104 3854 1174 posuit

2272 1192 2458 1247 regere
2494 1178 2789 1234 Ecclesium
2830 1181 2959 1251 Dei,
3007 1186 3341 1252 reverentia,
3386 1199 3441 1242 ut
3483 1190 3624 1259 apud
3667 1207 3857 1247 omnes

2273 1278 2545 1340 receptum
2579 1271 2741 1326 fuerit
2770 1272 2901 1329 illud
2934 1274 3148 1332 eﬁ‘atum
3168 1320 3183 1345 ,
3207 1282 3325 1349 quia
3346 1297 3435 1336 nec
3458 1284 3595 1335 istud
3620 1285 3735 1339 sine
3760 1286 3858 1340 ha?-

2271 1363 2405 1426 resi,
2438 1363 2609 1433 inquit
2639 1364 2931 1433 Gregorius
2961 1368 3057 1423 lib.
3093 1386 3159 1432 ll,
3195 1386 3314 1442 cap.
3346 1373 3448 1439 23,
3478 1386 3645 1442 potest
3669 1378 3855 1445 accipi,

2275 1463 2330 1506 ut
2358 1456 2410 1508 in
2435 1457 2648 1510 ecclesia
2678 1475 2781 1512 non
2807 1461 3111 1516 obaudialur
3142 1466 3397 1519 sacerdoti
3424 1509 3439 1533 ,
3482 1482 3589 1538 quo
3635 1473 3856 1526 nomine

2276 1546 2364 1599 hic
2393 1555 2445 1601 et
2476 1549 2676 1617 passim
2703 1551 3010 1621 episcopum
3038 1553 3299 1626 designat.

2350 1638 2440 1695 50.
2484 1640 2561 1693 Ad
2593 1642 2997 1700 archidiaconus
3029 1656 3206 1701 autem
3237 1649 3509 1716 spectabat
3540 1668 3727 1708 rerum
3759 1653 3858 1711 Ec-

594 1726 718 1783 latis
746 1744 1011 1786 canonum
1043 1733 1222 1788 verbis
1249 1748 1366 1790 eam
1397 1734 1710 1790 elevandam
1738 1750 1862 1791 esse
1889 1736 2160 1792 Censebat.
2197 1732 2246 1790 B
2273 1728 2450 1785 desire
2480 1733 2786 1790 distributio
2805 1777 2819 1800 ,
2859 1752 3155 1808 eorumque
3200 1756 3340 1796 cura:
3372 1760 3476 1798 non
3509 1745 3688 1801 solum
3729 1763 3856 1818 pau-

592 1816 662 1871 Et
689 1819 904 1888 quidem
935 1821 1312 1891 Bertegundis,
1341 1838 1459 1892 qua:
1490 1823 1674 1879 relicto
1701 1840 1803 1882 suo
1829 1823 1945 1881 viro
1972 1826 2024 1880 in
2055 1841 2169 1881 mo-

593 1913 885 1967 nasterium
915 1913 1229 1971 Turonense
1256 1916 1608 1987 confugerat,
1638 1916 1991 1989 pervicaciam
2024 1923 2170 1989 refu-

594 2006 750 2070 tauit,
779 2020 1038 2061 canonem
1062 2007 1334 2063 Niczcnum
1365 2011 1671 2081 relegendo.
1715 2010 1806 2067 Sic
1843 2020 1898 2067 et
1927 2012 2170 2083 Burgun—

597 2092 776 2148 dionis
824 2098 1173 2165 postulationi
1222 2100 1526 2169 respondit,
1577 2102 1670 2172 qui
1717 2102 1875 2158 Felici
1916 2102 2171 2173 episcopo

595 2184 772 2242 adhuc
803 2189 1003 2245 viventi
1032 2192 1083 2245 in
1114 2192 1296 2246 sedero
1328 2193 1741 2251 Namnetensem
1780 2195 2054 2265 subrogari
2094 2199 2171 2251 ef-

592 2276 889 2349 ﬂagitabat.
930 2279 1181 2336 Codicem
1214 2293 1394 2338 autem
1428 2300 1690 2341 canonum
1714 2328 1729 2353 ,
1758 2302 1864 2357 quo
1895 2298 2021 2343 tunc
2050 2289 2173 2343 Gal-

594 2372 768 2428 licana
816 2377 1063 2430 utebatur
1111 2377 1378 2446 Ecclesia,
1422 2378 1582 2434 alium
1626 2394 1656 2434 a
1698 2378 1938 2449 Dionysii
1981 2377 2169 2449 Esigui

595 2465 916 2522 collectione
958 2469 1121 2523 fuisse
1157 2470 1489 2539 colligimus,
1522 2483 1629 2527 tum
1657 2487 1723 2527 ex
1753 2487 1959 2525 canone
1999 2471 2170 2527 Nicae-

594 2572 703 2623 no,
733 2558 855 2627 qui,
891 2570 945 2613 ut
988 2576 1015 2613 a
1062 2560 1321 2631 Gregorio
1364 2564 1631 2630 laudatur,
1674 2565 1815 2634 apud
1859 2564 2171 2635 Dionysium

600 2662 707 2702 non
735 2648 982 2714 habetur,
1007 2658 1115 2705 tum
1140 2666 1204 2705 ex
1224 2668 1365 2707 novo
1396 2655 1747 2722 quateruione
1772 2653 1942 2708 codici
1970 2667 2000 2704 a
2028 2652 2174 2706 Chil-

595 2738 779 2808 perico
810 2756 935 2809 rege
963 2752 1145 2798 assuto
1182 2755 1366 2799 contra
1415 2744 1820 2802 Praetextatum.
1851 2748 1907 2802 In
1935 2762 2003 2803 eo
2031 2747 2171 2803 enim

600 2833 952 2899 quaternione
981 2852 1195 2891 canones
1224 2839 1375 2907 quasi
1422 2840 1761 2907 apostolicos,
1789 2841 1879 2911 qui
1909 2841 1961 2895 in
1990 2841 2175 2896 codice

600 2921 836 2995 Dionysii
870 2925 1044 2980 locum
1088 2928 1312 2993 habent,
1360 2932 1630 2986 exStitisse
1664 2942 1923 2991 memorat
1965 2931 2175 3005 Grego-

596 3017 710 3072 rius
730 3058 747 3083 ,
777 3019 863 3088 qui
895 3021 1120 3089 proinde
1161 3037 1265 3076 non
1292 3023 1625 3081 habebantur
1655 3026 1709 3081 in
1733 3025 1948 3083 sincero
1984 3027 2175 3085 codice

595 3124 861 3163 canonum
889 3110 1300 3168 Gallicanorum.

667 3197 759 3253 28.
796 3200 1075 3254 Dicecesitn
1107 3217 1257 3257 suam
1285 3215 1532 3261 accurate
1561 3206 1846 3262 visitabam
1871 3218 2000 3264 tunc
2038 3216 2172 3265 tem-

598 3292 746 3360 poris
771 3291 1008 3361 episoOpi
1031 3333 1045 3358 ,
1080 3294 1229 3350 vicos
1259 3305 1313 3349 et
1343 3297 1535 3366 Oppida
1564 3313 1677 3352 sua:
1702 3299 1892 3353 ditioui
1931 3299 2170 3370 subjecta

603 3383 1017 3449 circumeundo,
1050 3386 1124 3439 uti
1156 3401 1219 3441 ex
1249 3388 1613 3456 compluribus
1641 3388 1878 3459 Gregorii
1911 3390 2040 3445 locis
2063 3406 2174 3445 cer-

598 3481 710 3529 tum
741 3482 844 3529 est.
878 3474 1133 3547 Plerique
1163 3478 1407 3532 solebant
1434 3479 1587 3533 statis
1614 3481 1942 3549 temporibus
1967 3481 2020 3535 iu
2054 3496 2171 3535 mo-

601 3570 833 3623 uaSteria
853 3607 869 3634 ,
900 3583 996 3624 seu
1024 3569 1076 3624 iu
1107 3571 1345 3625 solitaria
1374 3572 1486 3625 loca
1533 3573 1819 3639 secedere,
1859 3583 1914 3628 ut
1947 3574 2018 3629 ibi
2055 3589 2173 3628 ora-

603 3657 750 3713 tione
775 3673 839 3713 ac
863 3660 1229 3727 spirituahbus
1254 3660 1520 3717 exercitiis
1548 3664 1806 3728 recreati,
1840 3664 1962 3719 inde
1987 3665 2053 3718 ad
2081 3679 2174 3720 cu-

603 3762 720 3802 ram
771 3750 1068 3806 animarum
1114 3751 1215 3807 sibi
1261 3753 1666 3808 commissarum
1712 3756 2006 3826 vegetiores
2050 3755 2174 3810 facti

600 3852 1033 3910 reverterentur;
1066 3844 1207 3913 quod
1237 3844 1460 3900 solemni
1488 3862 1677 3916 pompa
1709 3847 1763 3901 in
1789 3848 2056 3914 aliquibus
2091 3847 2175 3900 lo-

596 3936 674 3990 cis
705 3936 791 3991 die
817 3935 1099 3992 dominica:
1128 3951 1299 3993 caena:
1338 3936 1517 3993 facere
1559 3939 1819 3994 solebant.
1861 3939 2009 3993 Licet
2048 3953 2174 3994 vero

601 4025 749 4078 omni
782 4032 1025 4095 tempore
1049 4028 1214 4085 sancti
1243 4027 1322 4083 illi
1348 4027 1584 4099 episcopi
1611 4028 1868 4085 Ecclesiis
1898 4028 1996 4084 sibi
2026 4044 2172 4083 com-

596 4114 774 4169 missis
816 4129 1108 4182 prtesentes
1150 4118 1343 4174 adesse
1374 4120 1682 4185 studerent,
1721 4120 1773 4175 id
1813 4128 1987 4174 tamen
2021 4135 2170 4175 sum-

598 4222 819 4274 mopere
860 4209 1155 4279 curabant,
1200 4211 1246 4264 si
1271 4210 1448 4279 aliqua
1487 4212 1792 4267 calamitate
1844 4211 2024 4281 plebes
2067 4211 2169 4267 sibi

594 4297 896 4351 commissae
914 4299 1302 4370 afﬂigerentur.
1330 4301 1465 4356 Hinc
1491 4318 1610 4358 cum
1635 4302 1874 4373 Albigam
1901 4303 2169 4363 civitatem

602 4388 717 4442 lues
764 4391 1060 4458 inguinaria
1110 4393 1442 4459 devastaret,
1495 4394 1707 4449 Salvius
1752 4397 1870 4464 ejus
1918 4395 2171 4449 Ecclesia:

603 4485 728 4531 tunc
767 4478 1139 4534 sanctissimus
1179 4482 1432 4549 antistes,
1475 4492 1713 4552 tanquam
1755 4484 1914 4537 bonus
1973 4495 2166 4554 pastor,

600 4567 771 4635 inquit
798 4569 1113 4639 Gregorius,
1138 4572 1205 4627 ab
1228 4588 1292 4629 ea
1323 4575 1456 4629 urbe
1485 4590 1755 4646 nunquam
1800 4576 2051 4632 recedere
2075 4594 2165 4631 vo-

602 4660 720 4715 luit.
751 4660 1067 4718 Theodorus
1109 4680 1236 4721 vero
1277 4666 1683 4722 Massiliensium
1721 4669 2004 4737 episcopus
2045 4685 2164 4725 cum

598 4761 804 4823 pestem
836 4756 1201 4824 gravissimam
1234 4760 1285 4812 in
1319 4775 1413 4813 sua
1461 4761 1593 4816 urbe
1632 4763 1827 4817 savire
1872 4767 2167 4832 accepisset

599 4843 817 4910 absens,
836 4845 1014 4900 statim
1038 4861 1281 4902 reversus
1307 4848 1373 4902 ad
1393 4850 1564 4904 sancti
1590 4849 1818 4905 Victoris
1839 4851 2167 4919 sepulcrum,

598 4938 928 4992 orationibus
976 4953 1039 4993 ac
1084 4939 1279 5008 vigiliis
1325 4955 1552 5010 vacans,
1603 4942 1699 4997 Dei
1746 4941 2166 4999 misericordiam

601 5027 819 5083 ﬂectere
848 5037 1071 5082 conatus
1098 5038 1196 5082 est.

667 5115 759 5175 29.
792 5118 908 5173 Jam
940 5134 1069 5175 vero
1098 5121 1471 5190 episcoporum
1500 5122 1809 5175 ordinationi
1832 5136 1896 5178 ac
1923 5125 2172 5191 poteStati

600 5210 932 5276 potissimum
966 5212 1357 5268 commendatae
1385 5222 1537 5268 erant
1568 5213 1824 5268 Ecclesiae
1850 5212 2127 5269 facultates
2154 5252 2169 5281 ,

597 5313 716 5361 qua:
744 5313 928 5354 eorum
957 5311 1086 5355 nutu
1129 5312 1184 5361 et
1223 5302 1538 5358 auctoritate
1576 5302 1843 5358 debebant
1878 5301 2123 5356 distribui
2152 5342 2168 5367 ,

600 5388 743 5443 unde
772 5397 827 5445 et
854 5406 1145 5459 pauperum
1174 5409 1238 5447 ac
1277 5394 1553 5449 viduarum
1590 5393 1880 5449 nutritores
1920 5392 2171 5447 diceban-

600 5490 687 5535 tur
712 5497 725 5532 :
754 5495 919 5551 quare
948 5497 1067 5535 cum
1112 5482 1340 5539 Gottbus
1371 5486 1585 5554 quidam
1616 5485 1869 5539 Ecclesia:
1900 5484 2169 5553 Agathcn-

595 5575 671 5628 sis
702 5574 838 5629 bona
876 5574 1171 5644 rapuisset,
1206 5578 1558 5631 mouuiteum
1598 5578 1704 5632 Leo
1745 5579 2065 5645 episc0pus,
2110 5584 2169 5630 ut

595 5680 661 5720 ne
692 5680 777 5723 res
807 5680 1099 5736 pauperum
1120 5708 1136 5736 ,
1170 5683 1335 5735 quas,
1368 5668 1665 5734 inquiebat,
1699 5669 1839 5724 Deus
1869 5678 2055 5723 nostra:
2084 5685 2167 5721 er-

2273 1836 2459 1890 perum
2486 1827 2800 1882 sustentatio
2824 1829 3110 1885 commissa
3137 1841 3280 1894 erat.
3306 1834 3398 1889 sed
3432 1836 3597 1891 etiam
3633 1840 3857 1894 clerico-

2274 1929 2414 1978 rum,
2444 1916 2554 1985 qui,
2581 1917 2632 1971 in
2678 1918 2948 1988 plerisque
2986 1922 3172 1976 saltem
3223 1924 3484 1990 ecclesiis,
3514 1941 3855 1985 communem

2272 2007 2502 2075 agebant
2528 2008 2709 2063 vitam.
2753 2009 2864 2065 lloc
2893 2020 3005 2074 est,
3052 2014 3104 2066 ni
3135 2012 3307 2081 fallor,
3341 2016 3483 2084 quod
3516 2034 3746 2073 mensam
3775 2040 3857 2075 ca-

2274 2100 2575 2153 nonicorum
2621 2102 2854 2169 appellat
2906 2101 3217 2174 Gregorius,
3274 2121 3429 2174 quam
3480 2108 3622 2162 libro
3674 2113 3858 2167 ultimo

2277 2191 2526 2246 Historiae
2552 2193 2724 2261 capite
2756 2195 2845 2259 50,
2877 2211 2929 2249 n.
2968 2196 3052 2260 16,
3101 2212 3131 2250 a
3160 2196 3394 2255 Baudino
3432 2202 3568 2268 apud
3614 2205 3857 2261 Turonis

2275 2281 2570 2336 institutam
2604 2283 2766 2339 fuisse
2795 2286 2997 2349 scribit.
3033 2286 3191 2358 idque
3215 2304 3281 2344 ex
3309 2294 3480 2359 capite
3514 2293 3547 2348 9
3584 2294 3719 2351 Vita:
3770 2314 3857 2367 pa-

2278 2382 2415 2427 trum
2441 2372 2779 2444 intelligitur,
2808 2376 2897 2431 ubi
2938 2393 3057 2431 eum
3103 2378 3414 2449 Patroclus,
3450 2384 3540 2453 qui
3567 2394 3681 2443 tum
3713 2389 3857 2443 Bitu-

2277 2463 2477 2531 rigibus
2507 2465 2881 2534 residebut,ad
2913 2470 3215 2524 convivium
3246 2488 3429 2527 mensa:
3453 2479 3718 2533 canonica
3739 2495 3857 2535 cum

2276 2554 2497 2624 reliquis
2548 2554 2757 2611 clericis
2803 2559 3060 2615 accedere
3084 2562 3412 2634 negligeret,
3460 2566 3694 2636 malens,
3730 2571 3854 2627 dum

2275 2648 2452 2701 caueri
2481 2663 2677 2719 corpus
2709 2651 3027 2719 reficerent,
3058 2654 3175 2721 ipse
3202 2658 3427 2712 orationi
3454 2674 3516 2713 ac
3548 2676 3722 2718 sacrm
3754 2665 3858 2719 lec-

2276 2735 2404 2791 tioni
2426 2753 2642 2807 operam
2672 2739 2801 2795 dare
2825 2782 2840 2806 ,
2891 2742 2958 2797 ab
2999 2744 3373 2801 archidiacono
3411 2750 3646 2818 graviter
3674 2768 3857 2823 repre-

2278 2826 2475 2883 hensus
2494 2840 2596 2895 est,
2619 2830 3059 2903 admonitusque,
3087 2845 3255 2890 utaut
3283 2852 3401 2891 cum
3444 2841 3652 2908 reliquis
3675 2845 3857 2914 [ratri-

2277 2922 2369 2975 bus
2395 2922 2560 2976 cibum
2588 2934 2829 2992 sumeret,
2860 2933 2956 2979 aut
2998 2937 3147 2983 certe
3173 2928 3473 2985 discederet
3500 2946 3530 2985 a
3563 2932 3721 3000 loco;
3755 2951 3857 2991 non

2277 3011 2419 3066 enim
2447 3022 2650 3067 rectum
2674 3012 2767 3068 ille
2795 3014 3155 3084 existimabat,
3187 3028 3248 3071 ut
3275 3034 3405 3072 unus
3427 3035 3540 3073 cum
3564 3022 3644 3077 Itis
3678 3025 3857 3079 habere

2200 3118 2245 3179 ρ
2276 3103 2461 3155 uictum
2481 3104 2859 3171 dissimularet,
2892 3121 3013 3160 cum
3045 3107 3235 3176 quibus
3277 3109 3678 3167 ecclesiasticum
3706 3128 3855 3188 puta-

2273 3204 2416 3250 retur
2435 3196 2645 3267 implere
2666 3198 2906 3267 o/ﬁcium.
2952 3199 3029 3254 Ex
3069 3201 3257 3255 eodem
3300 3202 3433 3256 libro
3487 3215 3630 3275 patet
3678 3210 3856 3264 archi-

2274 3286 2500 3339 diacono
2520 3289 2862 3343 commissam
2887 3289 3049 3344 fuisse
3071 3289 3511 3349 instituendorum
3537 3297 3853 3355 clericorum

2274 3391 2477 3444 curam,
2503 3390 2734 3447 eumque
2761 3380 2957 3435 schola:
2982 3380 3290 3451 praefectum
3324 3384 3486 3441 fuisse
3514 3404 3527 3452 ;
3561 3392 3705 3457 quod
3739 3408 3855 3460 pas-

2274 3464 2375 3519 sim
2407 3465 2575 3520 innuit
2599 3467 2905 3539 Gregorius.
2947 3471 3213 3527 Clerieum
3248 3483 3445 3542 tamen,
3469 3493 3627 3548 quem
3657 3482 3850 3539 [Ethe-

2274 3556 2386 3610 rius
2415 3556 2737 3613 Lexovieusi
2763 3559 2968 3615 scholae
3006 3562 3342 3633 praefecerat,
3373 3555 3659 3624 diaconum
3694 3573 3854 3630 fuisse

2277 3665 2534 3719 nusquam
2564 3652 2809 3722 legimus.
2874 3653 3065 3710 Verum
3110 3657 3491 3727 archidiaconi,
3525 3664 3625 3719 etsi
3654 3667 3853 3722 scholis

2276 3742 2513 3812 przefecti
2537 3783 2555 3810 ,
2594 3746 2716 3815 quia
2765 3748 2942 3802 multis
2966 3750 3109 3803 curis
3138 3750 3377 3807 distracti
3405 3764 3591 3825 erant,
3612 3757 3853 3826 juniores

2273 3833 2501 3890 clericos
2530 3853 2622 3905 per
2649 3837 2781 3893 alios
2807 3839 3005 3894 erudiri
3036 3842 3311 3895 curabant.

2347 3927 2437 3981 5f.
2477 3926 2576 3995 Qui
2606 3930 2848 3985 ecclesiis
2894 3931 3159 3988 ruralibus
3179 3972 3193 3997 ,
3220 3948 3352 4004 quas
3381 3934 3539 3992 hodie
3569 3941 3851 4005 parochias

2274 4033 2367 4072 seu
2394 4034 2549 4075 curas
2577 4020 2941 4092 appellamus,
2983 4023 3429 4092 praeficiebantur,
3474 4028 3507 4080 ii
3538 4027 3852 4086 dicebantur

2276 4111 2614 4180 presbyteri,
2672 4126 2806 4181 quos
2858 4128 3237 4184 nonnunquam
3279 4115 3775 4190 arcltipreshyteros
3822 4137 3852 4179 a

2276 4199 2536 4270 Gregorio
2561 4201 2737 4257 dictos
2763 4202 3010 4273 legimus,
3043 4205 3158 4261 sive
3188 4207 3327 4275 quod
3365 4208 3695 4279 presbyteris
3727 4213 3852 4268 vici-

2276 4293 2380 4359 uis,
2412 4302 2467 4346 ut
2496 4293 2654 4348 hodie
2678 4295 2757 4363 fit,
2783 4308 3107 4365 praeessent,
3147 4298 3261 4354 sive
3290 4300 3428 4370 quod
3467 4302 3518 4355 in
3548 4317 3642 4359 sua
3670 4305 3851 4360 Eccle-

2274 4381 2351 4434 sia
2384 4381 2564 4449 plures
2594 4382 2693 4437 sub
2717 4397 2811 4438 sua
2835 4383 3113 4455 disciplina
3140 4388 3363 4444 clericos
3390 4388 3665 4447 haberent.
3688 4393 3851 4448 Erant

2196 4482 2451 4548 Dtamen
2515 4482 2569 4528 et
2619 4474 2708 4529 alii
2759 4476 2995 4531 minores
3049 4478 3231 4534 clerici
3279 4481 3545 4536 nonnullis
3596 4482 3850 4539 Ecclesiis

2280 4565 2581 4635 praepositi,
2605 4567 2899 4638 cujusmodi
2931 4569 3026 4624 fuit
3050 4568 3338 4637 Cautiuus,
3372 4581 3555 4641 postea
3581 4576 3850 4633 Arverno-

2276 4673 2392 4711 rum
2449 4659 2762 4727 episc0pus,
2815 4660 2904 4730 qui
2959 4662 3011 4714 in
3058 4661 3195 4717 libro
3232 4663 3301 4718 de
3352 4661 3529 4719 Gloria
3578 4666 3849 4722 confesso-

2274 4764 2413 4812 rum,
2435 4751 2608 4819 capite
2632 4750 2723 4814 50,
2740 4751 2935 4807 dicitur
2955 4753 3007 4805 in
3035 4768 3125 4807 suo
3152 4753 3430 4807 diaconatu
3451 4752 3844 4813 Iciodorensem

2275 4836 2567 4893 Eeclesiam
2611 4840 2841 4894 rexisse.
2910 4840 3161 4897 Urbanus
3198 4857 3325 4897 vero
3380 4843 3626 4899 diaconus
3677 4847 3846 4903 sancti

2274 4929 2469 4985 Juliani
2526 4932 2851 4987 Brivateust’s
2906 4935 3253 5005 martyrarius
3304 4936 3471 4990 factus
3516 4945 3617 4991 est.
3679 4937 3846 4992 Immo

2276 5022 2410 5076 libro
2436 5039 2449 5077 t
2481 5023 2548 5079 de
2573 5023 2751 5080 Gloria
2774 5025 3084 5097 Martyrum,
3105 5028 3280 5097 capite
3301 5028 3390 5094 66,
3426 5040 3686 5085 memorat
3706 5032 3842 5087 Gre-

2273 5115 2452 5184 gorius
2501 5118 2777 5186 parvulum
2822 5121 3153 5187 oratorium,
3208 5129 3393 5175 sancto
3433 5120 3679 5178 Patroclo
3707 5122 3843 5192 apud

2274 5204 2471 5258 Trecas
2501 5210 2992 5271 consecratum,cui
3023 5223 3160 5263 unus
3190 5218 3394 5264 tantum
3423 5211 3654 5276 clericus,
3687 5227 3841 5282 quem

2274 5297 2433 5364 paulo
2460 5304 2579 5366 post
2620 5299 2852 5366 appellat
2898 5299 3175 5366 lectorem,
3222 5302 3507 5358 serviebat.
3547 5304 3841 5359 Occurrunt

2273 5389 2432 5443 etiam
2479 5386 2618 5455 apud
2661 5388 2907 5443 eumdem
2939 5397 3251 5457 auctorem,
3283 5391 3373 5460 qui
3420 5400 3512 5445 aut
3556 5392 3694 5457 soli,
3753 5403 3841 5448 aut

2270 5490 2417 5535 certe
2443 5480 2598 5550 pauci
2632 5482 2849 5534 omnino
2879 5482 2929 5534 in
2971 5480 3104 5536 locis
3126 5482 3292 5537 sacris
3319 5482 3600 5553 degebant,
3630 5483 3698 5540 de
3727 5485 3839 5554 qui-

2269 5571 2369 5626 bus
2400 5571 2566 5625 fusius
2587 5584 2746 5640 agere
2776 5586 2879 5623 non
2909 5582 3077 5623 vacat.

2341 5660 2428 5715 52.
2470 5661 2661 5717 Clerici
2693 5670 2889 5729 autem,
2917 5661 3105 5716 saltem
3138 5663 3397 5732 minores,
3430 5677 3533 5718 non
3561 5673 3715 5719 erant
3746 5676 3828 5717 ne-
