4024 6192
216 230 283 289 33
1671 258 2053 317 ΡΒΑΞΡΑΤΙΟ.
3444 289 3517 344 54

233 345 445 399 ⁸⁸³⁵³*ῖο
470 360 497 399 ³
529 350 779 415 Propriis
834 353 1113 425 epiSCOpis
1146 358 1266 412 huic
1294 358 1475 415 officio
1502 364 1823 424 destinandi.
1860 375 1905 431 Α
1938 371 2253 443 Cbanaone,
2280 393 2429 435 suam
2454 398 2670 438 uxorem
2699 387 3007 457 recepisset,
3035 408 3067 444 a
3096 396 3292 450 ceteris
3318 400 3517 469 ρρὲεεο..

238 434 464 469 Nan-nulli
494 439 635 469 sn}...
670 456 779 469 σι-,ι
824 456 1135 469 .η........---..-
1173 460 1255 469 ---ι
1308 452 1348 469 ne
1374 467 1411 469 η
1977 467 1985 469 Α

238 434 465 491 Nonnulli
494 439 637 492 enim
670 456 781 508 pro
824 456 1138 514 temporum
1169 460 1258 504 aut
1307 452 1544 508 locorum
1575 470 1829 527 Opportu:

246 530 412 589 nitate,
461 542 490 581 a
534 531 737 595 quovis
788 532 1056 605 episcopo
1107 548 1197 592 aut
1226 539 1419 597 abbate
1443 584 1459 607 ,
1485 545 1636 613 juxta
1668 563 1823 603 suum

253 628 332 671 aut
359 630 625 687 parentum
652 632 887 690 votum,
922 626 987 679 ad
1032 628 1337 685 clericatum
1366 635 1820 697 admittebantur:

255 723 349 775 quo
378 720 520 778 pacto
542 708 879 783 Gregorius,
912 728 971 771 ut
998 718 1219 788 ipsemet
1250 734 1465 789 narrat,
1502 727 1821 787 Winnocum

258 814 423 855 recens
447 817 476 856 e
498 803 773 858 Britannia
801 806 854 859 in
884 822 1035 861 suam
1063 810 1334 867 dimccsim
1364 816 1821 886 advectum,pres-

262 889 479 957 byterum
507 891 820 959 ordinavit,
870 907 926 950 ut
949 898 1099 953 illum
1132 903 1268 969 apud
1300 920 1360 958 sc
1403 908 1679 964 retineret.
1720 914 1820 979 Qui

258 980 387 1034 enim
429 985 583 1037 semel
614 983 667 1038 in
716 987 913 1055 quavis
968 988 1204 1044 Ecclesia
1257 995 1488 1049 ordinati
1538 1010 1720 1065 erant,
1753 1004 1817 1057 ad

258 1072 403 1126 aliam
455 1078 676 1131 transire
725 1095 832 1132 non
866 1090 1154 1150 poterant,
1203 1084 1366 1141 immo
1403 1104 1501 1142 nec
1544 1092 1818 1160 aliquanto

254 1162 436 1220 diutius
483 1169 531 1222 in
578 1171 753 1226 aliena
786 1172 1009 1229 dioecesi
1065 1176 1376 1243 immorari,
1430 1181 1630 1250 absque
1662 1188 1814 1241 venia

249 1257 488 1326 episcopi,
518 1262 604 1328 qui
628 1262 776 1329 ipsos
814 1264 1161 1321 ordinaverat
1186 1286 1197 1320 :
1230 1271 1372 1325 unde
1396 1286 1517 1327 cum
1545 1273 1811 1330 Theodnl-

245 1347 345 1413 fus,
374 1349 454 1417 qui
482 1350 699 1407 Parisiis
727 1355 988 1410 diaconus
1012 1359 1290 1413 ordinatus
1322 1360 1490 1415 fuerat
1516 1406 1530 1429 ,
1561 1364 1811 1436 Andega-

239 1452 361 1493 vum
392 1444 844 1513 trausmigrasset,
870 1463 896 1499 a
925 1447 1268 1517 Ragnemodo
1287 1451 1571 1510 Parisienst
1604 1457 1811 1525 episeo-

234 1544 304 1596 po
328 1571 341 1594 ,
376 1540 430 1585 ut
467 1544 644 1588 narrat
684 1536 977 1606 Gregorius
1025 1540 1160 1596 libro
1198 1557 1229 1594 χ
1298 1542 1578 1612 Historiae,
1639 1551 1811 1618 capite

229 1621 323 1685 16,
358 1625 534 1691 swpius
556 1629 1018 1682 excommunicatus
1040 1640 1132 1697 est,
1165 1634 1301 1699 quod
1321 1635 1390 1687 ad
1435 1634 1721 1691 Ecclesium
1752 1642 1804 1693 in

223 1729 330 1778 qua
352 1714 584 1769 diaconus
614 1718 885 1773 ordinatus
914 1722 1080 1791 fuerat
1136 1721 1303 1777 redire
1334 1725 1582 1792 differret.
1624 1728 1795 1785 Abba-
1835 1748 1884 1808 Β

221 1812 303 1856 tes
330 1804 491 1859 etiam
539 1807 590 1860 in
640 1810 753 1863 suis
799 1811 1139 1866 monasteriis
1168 1813 1396 1870 clericos
1436 1816 1803 1886 instituebant,

218 1896 297 1948 uti
345 1894 625 1966 Gregorius
657 1900 853 1969 passim
881 1941 895 1963 ,
949 1903 1280 1969 potissimum
1327 1905 1380 1959 in
1426 1908 1801 1964 miraculorum

212 1986 371 2040 libris
419 1997 721 2043 attestatur.
785 1990 910 2045 Inde
956 1994 1289 2047 consuetudo
1337 1994 1703 2065 proﬂuxerat,
1748 2012 1804 2054 ut

212 2079 457 2131 monachi
485 2094 543 2132 ac
565 2081 737 2133 clerici
760 2099 957 2136 nomen
985 2085 1284 2151 promiscue
1308 2089 1583 2144 monachis
1607 2092 1803 2148 tribue-

210 2176 373 2222 retur
403 2188 413 2221 :
440 2173 574 2240 quod
606 2171 717 2227 fuse
742 2177 934 2242 probat
960 2176 1038 2230 \il‘
1068 2178 1308 2232 eruditus
1338 2179 1637 2237 Ludovicus
1662 2184 1801 2236 Tuu-

210 2263 501 2316 massinns.
550 2263 613 2317 Et
645 2263 860 2331 quidem
905 2267 1186 2320 ordinandi
1209 2308 1224 2331 ,
1256 2270 1418 2324 etiam
1453 2274 1516 2325 ad
1545 2274 1799 2327 sacerdo-

208 2355 386 2419 tium,
454 2356 507 2409 in
566 2357 909 2411 monasteriis
977 2360 1378 2426 erndiebantnr,
1440 2374 1496 2417 ut
1545 2372 1793 2433 exemplo

205 2438 439 2500 Μετονεί
478 2446 763 2513 Cbilperici
798 2449 938 2517 regis
971 2449 1063 2503 filii
1091 2462 1320 2515 constat,
1354 2454 1442 2522 qui
1476 2456 1527 2507 in
1559 2454 1795 2510 Aninsn-

206 2528 346 2587 lensi
400 2537 724 2591 monasterio
773 2540 981 2607 positus
1028 2549 1110 2593 est
1130 2544 1439 2597 sacerdotali
1464 2546 1643 2617 regula
1669 2562 1795 2602 eru-

206 2622 452 2679 diendus.

275 2718 365 2770 35.
405 2720 698 2776 Clerieatus
748 2723 845 2778 fuit
883 2724 1081 2793 sacpius
1128 2736 1485 2797 opportunum
1531 2731 1791 2789 adversus

208 2807 567 2865 imminentem
618 2828 805 2867 necem
861 2814 1110 2885 asylum,
1167 2819 1397 2875 maxime
1466 2824 1790 2893 principibus

209 2903 356 2966 viris,
384 2920 530 2969 quos,
560 2921 625 2959 ne
656 2906 840 2961 turbas
867 2923 1265 2966 commoverent
1286 2954 1301 2978 ,
1332 2924 1612 2984 suspectos
1640 2934 1790 2987 reges

209 2992 484 3051 habebant.
528 2998 695 3052 Certe
740 2996 1064 3056 Cltararicus
1107 3016 1235 3068 rex,
1287 3019 1406 3058 cum
1458 3005 1567 3061 filio
1618 3023 1715 3063 suo
1758 3025 1786 3062 a

1900 467 2014 534 tpis
2038 474 2509 530 excommunicalus
2536 486 2629 532 est.
2672 480 2934 536 Memorat
2971 488 3168 552 passim
3218 467 3508 565 Gregorius

1928 558 2231 630 episcopos,
2275 565 2362 631 qui
2392 574 2517 621 ante
2544 583 2695 623 suam
2723 571 3111 631 ordinationem
3144 558 3355 639 uxorati
3389 586 3505 643 fuc-

1928 660 2047 702 rant
2071 665 2084 704 :
2113 662 2170 705 at
2195 655 2376 708 statim
2426 657 2695 730 subjungit
2718 700 2734 726 ,
2763 677 2857 718 eos
2886 665 2952 719 ab
2989 667 3218 726 invicem
3237 676 3394 743 juxta
3418 697 3507 734 ca.

1925 755 2114 795 nonum
2150 747 2448 817 praescripta
2479 748 2640 804 fuisse
2669 762 3067 821 scquestratos:
3101 763 3240 829 quod
3270 767 3504 824 ordinem

1924 833 2256 889 institutionis
2285 838 2552 895 catholica
2580 843 2813 911 appellat
2834 846 2885 900 in
2915 846 3052 902 libro
3077 851 3144 907 de
3171 853 3349 910 Gloria
3372 873 3505 915 oon-

1923 923 2207 992 fessarum,
2257 930 2435 998 capite
2486 932 2587 997 78,
2634 944 2693 989 ut
2719 936 2859 991 hunc
2898 953 3100 996 morem
3150 960 3256 1002 non
3298 946 3349 1003 in
3398 966 3501 1007 una

1921 1015 2095 1069 solum
2129 1027 2220 1072 aut
2252 1020 2303 1073 in
2335 1021 2499 1077 altera
2532 1025 2786 1095 regione,
2817 1029 2912 1083 sed
2943 1032 3139 1102 ubique
3178 1037 3229 1091 in
3265 1048 3372 1095 tota
3402 1043 3503 1098 Ec-

1921 1106 2082 1159 clesia
2132 1108 2393 1167 catholica
2426 1112 2766 1170 uniformiter
2809 1129 3075 1176 servatum
3125 1123 3287 1183 fuisse
3322 1140 3503 1187 osteu‘

1918 1196 2093 1253 deret.
2172 1199 2325 1256 Unde
2383 1203 2674 1260 maximum
2727 1209 2864 1276 apud
2918 1214 3141 1280 populos
3190 1219 3497 1280 scandalum

1916 1291 2209 1353 oriebtur,
2264 1293 2309 1346 si
2357 1295 2645 1364 episcopus
2690 1301 2854 1355 etiam
2901 1317 3022 1358 cum
3070 1322 3233 1365 uxore
3282 1317 3495 1383 propria

1915 1382 2291 1436 coiitmcrcium
2322 1383 2537 1453 aliquod
2586 1386 2840 1447 habuisse
2885 1403 3186 1462 putaretur.
3254 1382 3499 1464 Habebat

1914 1467 2189 1526 Etherius
2232 1474 2514 1543 cpiscOpus
2567 1477 2911 1540 Lexoviensis
2941 1487 3079 1541 circa
3122 1491 3305 1547 factum
3344 1512 3495 1554 suum

1910 1560 2103 1613 multos
2149 1561 2361 1617 lectulos
2409 1566 2748 1634 clericorum,
2795 1582 2850 1626 ut
2893 1574 3055 1630 dubio
3103 1582 3282 1647 procul
3313 1598 3496 1643 essent

1912 1648 2029 1717 ejus
2057 1654 2397 1709 continentia:
2429 1665 2612 1711 testes.
2656 1660 2720 1713 Et
2746 1662 2963 1731 quidem
3002 1668 3245 1739 episcopi
3274 1672 3494 1730 decum-

1912 1739 2109 1795 bebant
2139 1744 2191 1796 in
2223 1744 2494 1811 domibus,
2526 1764 2658 1817 quas
2688 1750 2974 1823 Gregorius
3004 1757 3161 1828 vulgo
3184 1760 3360 1818 domos
3388 1764 3524 1819 Εεμν

1909 1832 2078 1886 clesia:
2105 1845 2195 1888 aut
2240 1837 2607 1893 ecclesiasticas
2638 1852 2832 1909 vocat,
2869 1860 2988 1914 quae
3029 1848 3180 1916 juxta
3210 1856 3491 1915 ecclesiam

1906 1921 2026 1976 sitae
2069 1936 2244 1990 erant,
2295 1937 2351 1979 ut
2398 1926 2602 1983 facilior
2622 1942 2766 1986 esset
2801 1936 3064 2004 episcopis
3106 1950 3160 1995 et
3184 1941 3395 2000 clericis
3422 1949 3490 2001 ad

1905 2014 2189 2068 ecclesiam
2216 2016 2415 2074 aditus.
2477 2018 2669 2075 Rarius
2703 2037 2833 2079 vero
2872 2028 3183 2087 mulieribus
3210 2035 3278 2089 ad
3306 2037 3489 2107 hujus-

1904 2107 2049 2158 modi
2096 2107 2286 2162 domos
2340 2112 2751 2179 permittebatur
2777 2130 3026 2172 accessus
3050 2161 3065 2186 ,
3115 2127 3401 2194 etquidem
3436 2132 3487 2184 in

1906 2198 2149 2253 Ecclesia
2190 2200 2537 2271 Lugdunensi
2577 2210 2910 2262 consuetudo
2937 2210 3109 2267 fuerat
3128 2215 3238 2282 jam
3267 2232 3297 2271 a
3326 2217 3487 2290 longo

1903 2298 2144 2359 tempore
2165 2296 2472 2359 observata,
2502 2306 2555 2349 ut
2580 2298 2762 2351 mulier
2792 2301 3017 2356 ecclesia:
3043 2304 3252 2359 domum
3280 2326 3381 2364 non
3407 2313 3486 2366 in-

1899 2382 2239 2449 grederetur;
2278 2394 2423 2453 quoa
2476 2387 2819 2444 interdictum
2871 2406 2992 2447 cum
3036 2398 3287 2454 volasset
3317 2401 3483 2459 Prisci

1899 2472 2136 2542 episcOpi
2171 2490 2325 2541 utor,
2376 2476 2635 2533 divinitus
2683 2481 2864 2548 punita
2895 2493 3012 2551 est,
3040 2495 3099 2540 ut
3126 2488 3380 2547 discimus
3408 2510 3482 2550 es

1900 2561 2039 2618 libro
2087 2579 2137 2618 tv
2188 2565 2431 2635 Gregorii
2463 2568 2707 2623 Historia:
2730 2611 2746 2635 ,
2778 2560 2952 2641 capite
2975 2574 3061 2640 56,
3091 2579 3234 2646 quod
3265 2583 3316 2635 in
3346 2597 3484 2651 pra:-

1896 2656 2210 2711 cedentibns
2240 2659 2566 2715 editionibus
2616 2662 2979 2721 desideratum
3025 2682 3091 2725 ex
3118 2672 3303 2728 codice
3329 2676 3480 2731 Casi~

1896 2748 2046 2799 nensi
2074 2748 2437 2817 Supplevitnus

1962 2876 2051 2931 54.
2094 2880 2357 2935 Cancrum
2392 2895 2495 2935 non
2528 2882 2701 2937 minus
2733 2887 2970 2943 vestibus
3013 2903 3074 2943 ac
3102 2904 3321 2949 externa
3351 2912 3475 2953 cor-

1893 2973 2037 3039 poris
2065 2972 2265 3040 specie,
2296 2989 2452 3043 quam
2482 2977 2720 3031 moribus
2745 2979 2924 3036 clerici
2953 2996 2980 3035 a
3012 2989 3359 3046 saecularibus
3387 2994 3472 3047 vi-

208 3085 513 3141 fllilodoveo
541 3100 760 3157 captus,
796 3106 898 3145 n0n
930 3091 1087 3145 aliter
1117 3063 1303 3148 mortis
1342 3097 1637 3165 periculum
1666 3115 1791 3154 eva-
1818 3115 1863 3178 ρ
1895 3063 2916 3178 ἷίῗξΫ-ἾεέῗῖῗξωῗῖέἀίῗῇἪυθξθηωῨ
2975 3077 3251 3178 “mf”?
3280 3087 3474 3157 quipp"

211 3184 311 3238 sit;
354 3193 512 3245 quare
557 3194 676 3233 eam
722 3180 904 3236 subire
948 3183 1103 3237 ambo
1132 3196 1314 3253 postea
1348 3188 1516 3242 coacti
1550 3188 1782 3256 fuerunt,

209 3280 322 3320 cum
350 3271 595 3325 clericatu
625 3283 930 3342 contempto
951 3273 1017 3328 ad
1040 3276 1347 3333 stecularem
1376 3288 1572 3335 statum
1602 3282 1785 3339 volue-

211 3369 327 3411 runt
348 3366 553 3419 reverti.
599 3363 733 3418 Hinc
765 3376 843 3419 est
868 3366 1007 3435 quod
1040 3367 1427 3426 Cblodoaldum
1456 3371 1781 3430 Cblodomc-

214 3450 281 3503 ris
313 3452 469 3507 filium
498 3457 635 3509 ultra
666 3456 730 3509 ad
758 3472 941 3511 necent
974 3458 1136 3525 ipsius
1164 3463 1334 3529 patrui
1368 3477 1472 3517 non
1498 3464 1782 3534 quwsicrc,

1892 3172 1920 3210 a
1952 3166 2099 3227 patre
2127 3158 2428 3237 Chilperico
2467 3162 2772 3231 aliquandiu
2802 3167 2902 3222 sub
2930 3173 3173 3227 custodia
3200 3175 3470 3247 detentus,

1893 3248 2226 3313 postmodum
2253 3257 2566 3315 tonsuratus,
2598 3262 2906 3326 mutataque
2935 3270 3080 3316 veste
3133 3280 3234 3334 qua
3263 3269 3473 3325 clericis

1889 3338 1962 3391 uti
1992 3353 2107 3393 mos
2136 3348 2239 3406 est,
2274 3342 2441 3412 inquit
2470 3342 2761 3414 Gregorius
2792 3358 2971 3405 noster
3015 3352 3109 3407 lib.
3141 3372 3189 3421 v,
3224 3372 3344 3431 cap.
3381 3364 3468 3431 ll,

1886 3430 2170 3502 presbyter
2203 3442 2284 3487 est
2325 3436 2603 3491 ordinatus
2635 3455 2649 3490 :
2683 3440 2821 3494 unde
2851 3451 3036 3509 postea
3063 3462 3182 3501 cum
3214 3430 3469 3512 clericatu

1885 3521 2095 3591 abjccm
2126 3524 2436 3593 aufugisset,
2466 3529 2702 3582 scerulnri
2732 3542 2864 3585 reste
2889 3534 3100 3591 indutus
3134 3539 3297 3598 fuisse
3325 3545 3466 3601 dici-

1886 3622 1989 3667 tur.
2014 3616 2134 3669 Alio
2163 3617 2216 3670 in
2242 3618 2361 3672 loco
2386 3629 2601 3674 sanctus
2626 3622 2883 3678 Martinus
2906 3627 3052 3698 nigra
3082 3642 3230 3688 veste
3252 3635 3469 3693 indutus

1882 3705 2089 3760 cuidam
2141 3709 2456 3776 apparuisse
2501 3712 2715 3767 dicitur.
2770 3714 3007 3773 Clericos
3051 3736 3201 3791 vero,
3250 3728 3465 3786 sieutct

1882 3798 2192 3866 manacltos,
2228 3809 2352 3856 tunc
2378 3805 2633 3869 temporis
2660 3813 2840 3861 tonsos
2870 3808 3036 3867 fni-se
3068 3829 3228 3869 nemo
3263 3829 3347 3874 est
3370 3824 3461 3891 qui

1883 3886 2107 3943 iuiiciari
2156 3891 2314 3957 velit;
2349 3902 2401 3946 at
2444 3909 2658 3949 coronte
2689 3912 2845 3965 quam
2878 3898 2951 3952 illi
2989 3903 3322 3975 deferebant,
3354 3886 3463 3978 pri-

1880 3992 2003 4031 nam
2036 3981 2304 4034 notionem
2349 3981 2605 4051 Gregorio
2635 3997 2818 4041 nostro
2847 3989 3026 4045 deberi
3073 4009 3257 4052 censet
3289 4000 3462 4057 Ludo-

1879 4068 2025 4124 vicus
2047 4070 2451 4138 Thomassinus,
2480 4076 2566 4143 qui
2594 4076 2819 4131 clericos
2846 4091 2997 4134 antea
3027 4085 3238 4154 quidem
3273 4100 3460 4149 tousos

1878 4158 2041 4214 fuisse
2064 4162 2277 4228 fatetur,
2305 4179 2410 4217 non
2437 4179 2563 4218 vero
2590 4168 2904 4236 capillorum
2928 4187 3120 4228 corona
3150 4178 3459 4250 insignitus.

1874 4253 2047 4307 Locus
2070 4252 2314 4323 Gregorii
2354 4254 2579 4311 habetur
2624 4257 2676 4311 iu
2710 4259 2844 4314 Vitis
2877 4263 3112 4331 Patrum,
3157 4273 3336 4340 capite
3365 4277 3453 4343 l7,

1874 4345 1962 4399 ubi
1987 4354 2168 4399 narrat
2196 4346 2485 4411 Nicetium,
2511 4360 2688 4415 postea
2720 4350 3092 4412 Trevirensem
3120 4364 3455 4434 episcOpum,

1873 4451 1938 4491 ex
1964 4440 2149 4493 matris
2177 4438 2295 4494 alvo
2317 4441 2641 4508 processisse
2667 4457 2784 4496 cum
2809 4446 2928 4514 pilis
2958 4448 3029 4503 ita
3060 4452 3109 4505 in
3143 4457 3318 4523 capite
3338 4459 3456 4528 ejus

1873 4529 2152 4595 ordinatis,
2187 4541 2242 4584 nt
2282 4541 2489 4603 putares
2517 4534 2579 4586 ab
2609 4536 2795 4588 eisdem
2836 4553 3078 4595 coronam
3106 4549 3279 4600 c'erici
3299 4550 3454 4620 [uisu

1868 4622 2141 4691 signatam.

215 3556 324 3595 tum
347 3545 440 3600 sibi
466 3548 563 3614 ipsi
607 3549 817 3614 capillis
860 3549 1072 3614 int-isis,
1124 3558 1403 3623 presbyter
1432 3554 1618 3611 fuisset
1639 3556 1783 3609 ordi-

218 3644 380 3688 natus.
431 3638 539 3692 Nec
584 3639 725 3692 aliud
779 3649 925 3694 certe
974 3641 1129 3695 iidem
1172 3643 1249 3696 illi
1280 3659 1430 3713 reges
1460 3660 1488 3697 a
1515 3644 1781 3700 Clilotilde

214 3737 476 3794 exegerant
501 3769 516 3794 ,
544 3744 705 3795 quam
750 3740 802 3781 ttt
834 3740 1055 3798 nepotes
1089 3748 1215 3786 suos
1239 3734 1462 3790 clericos
1490 3738 1603 3791 fieri
1635 3747 1780 3807 pale-

218 3825 375 3880 retur,
396 3819 436 3872 si
468 3834 561 3872 eos
588 3821 746 3873 morti
776 3831 989 3885 ereptos
1018 3835 1256 3889 cuperet.
1319 3826 1485 3880 Nemo
1515 3844 1644 3883 vero
1666 3830 1781 3883 exi-

217 3905 422 3972 stimet,
447 3908 752 3978 huju~modi
810 3910 1052 3966 homines
1098 3914 1296 3969 invitos
1337 3931 1398 3970 ac
1427 3919 1778 3975 reclamantcs

218 3994 279 4045 ab
322 3998 573 4068 episcopis
624 4000 898 4055 ordinatos
946 4002 1139 4057 fuisse:
1169 4004 1217 4058 id
1270 4007 1463 4075 quippe
1509 4024 1775 4077 nunquam

217 4085 413 4141 admisit
457 4087 736 4144 Ecclesia:
771 4089 954 4157 immo,
1006 4106 1061 4148 ut
1108 4095 1242 4151 scite
1291 4099 1596 4153 observavit
1635 4103 1777 4157 Tho-

219 4177 457 4230 mztssinus
486 4218 502 4243 ,
555 4180 802 4233 volentes
831 4195 884 4234 et
912 4183 1382 4240 vehetnentissime
1415 4192 1655 4245 volentes
1683 4210 1775 4246 or-

218 4265 546 4336 dinabantur,
601 4276 732 4328 certi
788 4276 925 4344 quod
978 4277 1121 4331 nulla
1161 4279 1262 4333 sibi
1310 4296 1616 4350 superesset
1671 4286 1771 4341 alia

222 4362 421 4428 propria:
447 4366 567 4418 vita:
609 4366 661 4419 in
695 4377 806 4420 tuto
859 4369 1117 4435 ponendae
1155 4372 1262 4424 via.
1307 4373 1369 4426 Et
1395 4376 1605 4443 quidem
1641 4393 1772 4432 ηοω-

223 4454 331 4505 ualli
360 4458 550 4521 passim
584 4471 869 4512 occurrunt
899 4459 975 4514 sic
1006 4461 1233 4515 ordinati
1258 4504 1274 4528 ,
1303 4465 1392 4532 qui
1420 4468 1620 4536 reliquo
1650 4468 1768 4524 vita:
1800 4487 1847 4543 ι)

222 4554 311 4593 sua:
334 4555 563 4612 tempore
609 4547 682 4601 ita
716 4546 816 4615 piis
845 4551 1122 4602 exercitiis
1151 4565 1366 4619 operam
1395 4553 1679 4622 dederunt,
1711 4570 1767 4613 tit

221 4633 399 4689 undetn
442 4639 492 4691 in
523 4647 830 4691 sanctorum
875 4656 1150 4694 numerum
1200 4646 1489 4700 meruerint
1536 4650 1760 4717 referri;

218 4721 314 4778 licet
340 4739 389 4782 et
419 4732 548 4783 alios
580 4730 741 4784 fuisse
790 4731 1072 4797 fateamur,
1125 4738 1211 4802 qui
1239 4740 1574 4803 postmodum
1603 4742 1761 4795 liber-

219 4825 348 4873 tatein
378 4822 653 4887 pristinum
683 4824 884 4892 adepti,
915 4827 1183 4893 preposito
1208 4829 1441 4899 abjccto,
1463 4832 1528 4883 ad
1555 4835 1764 4901 nuptias

212 4914 566 4978 contolarunt,
616 4922 709 4967 aut
760 4928 906 4969 certe
948 4918 1010 4968 ad
1064 4920 1308 4986 proprias
1341 4936 1533 4975 uxores
1559 4926 1760 4977 reversi

208 5014 305 5056 sunt
330 5022 341 5055 :
371 5004 569 5073 quippe
592 5008 681 5073 qui
714 5021 808 5074 per
838 5007 941 5059 vim
976 5008 1203 5063 ordinati
1247 5012 1401 5064 nullis
1423 5015 1759 5069 continentia:

207 5096 381 5159 legibus
426 5112 484 5150 se
526 5099 795 5151 obnoxios
842 5112 964 5151 esse
1009 5100 1382 5154 causabantur.
1433 5108 1501 5157 At
1542 5104 1591 5156 id
1625 5121 1759 5158 nun-

201 5202 331 5252 quam
378 5190 595 5257 impnnc
626 5187 746 5241 tulit
794 5188 1033 5243 Ecclesia
1062 5229 1077 5253 ,
1128 5205 1244 5260 quae
1276 5191 1435 5245 variis
1460 5194 1755 5250 canunibus

198 5279 429 5347 ejusmodi
460 5281 819 5335 temeritatem
871 5282 1203 5351 proscripsit.
1249 5283 1360 5338 Hoc
1392 5286 1592 5339 crimen
1625 5304 1753 5353 apo-

198 5371 374 5423 stasiam
396 5372 637 5443 appellat
670 5382 856 5424 noster
904 5368 1195 5439 Gregorius
1224 5372 1359 5428 libro
1390 5389 1441 5427 tv
1482 5375 1744 5442 llistorim,

195 5461 339 5528 capite
388 5463 438 5526 4,
491 5462 583 5517 ubi
648 5460 894 5515 Maeliavi
940 5458 1235 5519 Brittonum
1285 5466 1495 5521 comitis
1544 5466 1749 5524 facinus

196 5564 391 5617 enarrat,
422 5557 508 5623 qui
540 5569 664 5607 cum
697 5554 750 5605 in
789 5552 1051 5606 extremis
1076 5556 1333 5623 angustiis
1373 5558 1574 5625 posittts
1604 5559 1750 5612 ordi-

194 5656 313 5698 natus
337 5646 515 5702 fuisset
546 5647 847 5717 episcopus
879 5642 1215 5711 Vcncteusis,
1239 5656 1293 5702 ct
1333 5660 1511 5717 postea
1538 5662 1747 5704 mortuo

1937 4732 2024 4785 '53.
2050 4732 2372 4789 Monasticus
2402 4738 2536 4790 ordo
2556 4738 2665 4807 jam
2697 4750 2936 4810 tempore
2964 4745 3208 4816 Gregorii
3241 4750 3313 4806 ita
3338 4764 3451 4809 crat

1865 4822 2136 4877 clericatui
2165 4828 2500 4893 coniunctus,
2536 4840 2593 4883 ut
2621 4831 2758 4885 idem
2790 4834 2948 4891 fuerit
2981 4843 3300 4895 monachum
3324 4859 3448 4901 esse

1865 4928 1926 4965 ac
1962 4916 2238 4982 clericum,
2292 4920 2431 4987 quod
2466 4920 2603 4985 fuse,
2645 4933 2698 4978 et
2750 4941 2844 4993 pro
2884 4942 2983 4983 suo
3032 4946 3180 4985 more
3219 4934 3446 4998 erudite,

1868 5007 2051 5070 probat
2074 5005 2370 5061 Ludovicus
2387 5010 2803 5079 'l‘liontassiuus;
2832 5020 3139 5085 etquidem,
3170 5031 3228 5074 ut
3248 5030 3446 5090 passm

1862 5099 1973 5151 suis
2003 5098 2133 5151 locis
2163 5100 2531 5167 observamus,
2558 5118 2691 5171 quos
2714 5103 3000 5175 Gregorius
3029 5111 3257 5177 appellat
3286 5116 3445 5168 ειμι-ί..

1858 5202 1948 5241 ρος
1972 5188 2120 5241 initio
2145 5191 2354 5258 capitis,
2378 5193 2593 5244 eosdem
2625 5204 2805 5260 postea
2831 5202 3119 5253 monachus
3146 5219 3440 5274 nuncupat.

1858 5278 1966 5332 Nec
1987 5279 2199 5344 mirum,
2225 5295 2343 5332 cum
2370 5281 2473 5334 illis
2498 5284 2843 5348 temporibus.
2867 5288 3044 5357 etjam
3072 5292 3237 5347 tnulto
3259 5307 3438 5365 antea,

1858 5370 2102 5424 monachi
2130 5370 2465 5424 clericalibus
2489 5373 2737 5428 omnibus
2758 5377 2950 5433 officiis
2976 5382 3438 5455 pet-fungerentur,

1859 5462 2285 5531 prtecipnamque
2349 5460 2648 5515 divinorum
2726 5466 3022 5525 officiorum
3089 5477 3439 5535 celebratiutti

1858 5568 2073 5625 cperam
2107 5553 2504 5622 impenderent;
2538 5555 2700 5609 immo
2727 5572 2779 5612 ct
2807 5562 3043 5627 abbates,
3080 5578 3137 5620 ut
3167 5572 3327 5625 modo
3356 5574 3437 5626 di-

1858 5650 2131 5713 cebamus,
2164 5648 2386 5701 clericos
2415 5645 2750 5715 ordinabant,
2781 5663 2833 5707 et
2860 5670 2980 5710 cntn
3011 5660 3206 5729 aliquid
3237 5666 3433 5719 soletn—
