4024 6192
506 271 582 327 55
1939 253 2327 313 ΡῐὶᾸΞΡΛΤΙΟ.
3766 254 3851 306 ἷϐ

504 387 701 439 mnitrr
732 383 782 435 in
811 381 1049 435 Ecclesia
1097 380 1354 448 agendum
1386 378 1719 441 occurrebat,
1750 378 1925 430 statitn
1968 378 2076 444 epi-
2104 375 2153 431 Δ
2184 375 2395 437 fuerint,
2428 391 2530 429 non
2559 388 2937 444 usquequaque
2966 372 3152 443 liquet.
3188 372 3345 426 Certe
3378 386 3616 426 narrans
3666 370 3848 425 Gre-

506 476 675 542 senpi,
710 483 763 525 ut
804 473 997 539 passim
1042 478 1300 522 memorat
1330 468 1636 536 Gregorius,
1680 484 1791 522 sure
1838 467 2087 521 dimeesis

505 568 727 619 alibates
759 573 812 618 et
846 563 1184 630 presbyteros
1232 561 1617 615 commeabant.
1665 560 1820 613 Tanti
1852 576 1975 613 vero
2008 559 2084 609 fa-

505 656 719 711 ciebant
751 654 1041 706 monachos
1066 652 1385 705 sanctissimi
1418 652 1611 721 quique
1639 652 1849 705 illorum
1882 663 2087 717 tempo-

507 760 624 799 rum
669 744 924 812 episcopi,
957 752 1015 796 ut
1044 742 1132 794 vix
1176 757 1359 795 eorum
1389 741 1669 811 quisquam
1703 752 1967 807 occurrat,
1999 741 2085 808 qui

509 837 884 891 monasterium
935 834 1147 902 aliquod
1192 849 1296 888 non
1346 833 1656 887 instituerit.
1702 832 1990 899 Gregorius
2035 832 2085 886 in

508 930 698 984 itinere
741 927 1066 981 Constitutus
1110 926 1175 978 ad
1209 925 1532 979 monasteria
1563 925 1769 978 solebat
1797 925 2086 987 divertere,

506 1034 561 1074 ut
595 1020 979 1073 monachorum
1028 1016 1102 1071 ibi
1146 1016 1437 1070 viventium
1467 1022 1649 1069 sancta
1680 1015 2089 1068 converSatioue

504 1110 794 1173 frueretur,
824 1118 876 1161 et
899 1106 1312 1176 prmcedentium
1340 1105 1579 1174 egregias
1609 1104 1847 1159 actiones
1875 1104 2085 1158 edisce-

504 1212 624 1266 ret;
657 1200 885 1269 indeque
918 1198 1092 1252 hausit
1121 1208 1197 1251 tot
1224 1197 1447 1250 illustria
1489 1205 1791 1250 sanctorum
1847 1198 2081 1250 virorum

504 1294 759 1363 praeclara
786 1292 944 1355 facta,
968 1305 1084 1358 quae
1116 1298 1225 1343 tum
1257 1289 1307 1342 in
1341 1287 1486 1343 libris
1514 1288 1582 1342 de
1605 1287 1786 1342 Gloria
1816 1287 2091 1341 confesso-

504 1401 643 1448 rum,
702 1394 812 1438 tum
865 1384 917 1436 in
961 1383 1177 1436 Patrum
1208 1379 1345 1434 Vitis
1393 1389 1575 1447 postea
1626 1378 1943 1448 publicavit;
1994 1393 2090 1431 nec

505 1476 738 1530 llistoria
785 1474 960 1543 gentis
988 1480 1189 1525 nostrae
1239 1471 1512 1541 indignum
1541 1469 1746 1538 putavit
1784 1481 2089 1523 sanctorum

511 1565 897 1619 monachorum
928 1562 1105 1615 obitus
1133 1571 1188 1615 et
1216 1561 1467 1614 miracula
1516 1562 1773 1623 inserere,
1815 1559 1966 1627 queis
2016 1559 2093 1611 le-

510 1670 715 1712 etorum
748 1655 909 1708 animi
954 1664 1006 1706 et
1040 1652 1138 1706 hac
1183 1668 1359 1707 rerum
1398 1661 1671 1722 gestarum
1716 1650 1976 1705 varietate
2007 1667 2089 1703 re-

2189 466 2370 535 gorius
2395 467 2536 520 viros
2564 482 2593 519 a
2619 465 2942 519 Chrodielde
2968 464 3186 532 ejusque
3226 464 3545 531 sequacibus
3581 460 3643 514 iu
3696 478 3845 514 m0-

2192 559 2481 612 nasterium
2528 568 2725 613 sancte
2763 558 2947 612 Crueis
2990 557 3286 623 immissos,
3325 556 3411 625 qui
3453 555 3847 609 abbatissam

2191 667 2287 719 per
2336 652 2437 704 vim
2487 667 2516 706 e
2568 652 2685 705 loco
2737 665 2889 703 sacro
2940 659 3221 717 raperent.
3284 651 3361 703 ait
3414 651 3465 703 in
3506 649 3845 703 Justitiam

2192 744 2527 811 prtepnsitam
2558 742 2873 805 incurrisse,
2900 757 3058 809 quam
3088 758 3118 793 a
3140 742 3304 809 capite
3331 740 3561 793 solutam
3586 742 3852 794 ca’sarie

2189 847 2217 883 a
2252 832 2456 885 sicariis
2488 832 2588 885 illis
2611 840 2813 901 raptam
2841 830 3002 886 fuisse
3028 831 3275 883 afﬁrmat.
3304 831 3439 884 Alis
3466 832 3649 884 etiam
3696 831 3850 882 illo-

2191 938 2307 975 rum
2351 932 2649 991 temporum
2682 923 3043 976 monumentis
3082 921 3382 974 confirmari
3411 932 3608 989 posset
3646 922 3853 988 virgi—

2192 1030 2290 1068 nes
2339 1029 2520 1067 sacras
2567 1023 2694 1068 tunc
2739 1013 2963 1083 capillos
3010 1028 3281 1079 servasse;
3330 1023 3381 1066 at
3435 1028 3545 1065 non
3602 1012 3852 1066 desum

2190 1106 2349 1159 etiam
2384 1120 2499 1174 qua:
2538 1106 2859 1159 contrariam
2901 1108 3217 1159 sententiam
3268 1106 3515 1159 suadent.
3578 1106 3716 1172 Qua
3762 1106 3848 1160 de

2192 1212 2251 1251 re
2291 1197 2496 1249 Consuli
2529 1206 2702 1265 potest
2727 1195 2877 1263 Hugo
2906 1196 3186 1250 Menardtts
3220 1196 3268 1247 in
3316 1195 3849 1251 observationibus

2194 1288 2259 1341 ad
2293 1287 2766 1342 saerameutarium
2797 1288 3202 1355 Gregorianum,
3235 1297 3323 1341 aut
3354 1302 3445 1341 cer
3469 1302 3498 1341 e
3537 1287 3851 1342 Slaliillo-

2193 1378 2312 1431 nius
2344 1378 2397 1430 in
2426 1378 2564 1432 notis
2593 1378 2659 1431 ad
2692 1376 2865 1431 Vitam
2897 1388 3095 1431 saneta:
3136 1376 3414 1432 Gertrudis
3460 1377 3850 1432 Nivialensis

2193 1470 2498 1532 abbatissze,
2540 1485 2659 1539 qua:
2698 1470 2923 1524 habetur
2974 1471 3027 1522 in
3072 1469 3271 1523 sacculo
3314 1484 3363 1522 xi
3410 1470 3843 1532 Benedictino,

2194 1563 2282 1616 ubi
2334 1563 2508 1630 agitur
2553 1576 2767 1631 quoque
2815 1561 2882 1615 de
2928 1576 3198 1615 sacrarum
3227 1562 3490 1630 virginum
3516 1563 3845 1626 mitrellis,

2194 1656 2383 1724 quibus
2415 1654 2739 1709 successisse
2769 1653 3016 1707 videntur
3043 1670 3103 1707 ea
3133 1654 3454 1717 linteamina,
3504 1670 3644 1723 quze
3678 1655 3847 1710 Gre-

505 1754 836 1809 crearentur,
867 1753 923 1798 et
951 1743 1251 1813 huiusmodi
1297 1744 1693 1797 narrationibus
1743 1745 2090 1797 incitarentur
2123 1733 2374 1814 Bgorius
2410 1744 2673 1798 Justinam
2741 1744 2795 1796 in
2845 1744 3019 1810 capite
3067 1742 3316 1797 habuisse
3372 1755 3848 1802 commemorat.

509 1839 574 1893 ad
610 1837 858 1892 imitanda
890 1852 1072 1891 eorum
1098 1836 1351 1889 virtutum
1377 1835 1642 1904 exempla.

573 1928 663 1981 55.
698 1927 807 1981 Nec
836 1929 1012 1980 minor
1038 1934 1155 1980 erat
1184 1926 1566 1977 monachorum
1596 1923 1853 1977 adversus
1879 1923 2089 1992 episro-

505 2035 602 2089 pos
634 2019 929 2073 reverentia
975 2027 1027 2071 et
1066 2015 1392 2080 obedientia,
1425 2016 1565 2085 quod
1595 2015 1673 2069 vel
1705 2030 1771 2069 ex
1802 2030 1907 2067 uno
1957 2011 2091 2067 Ulli-

502 2112 626 2167 laici
660 2112 903 2165 monachi
948 2109 1200 2178 exemplo
1247 2107 1551 2162 conﬁrmari
1604 2117 1799 2176 potest,
1845 2107 1959 2174 qui,
2011 2106 2088 2158 ιιιί

503 2212 687 2256 narrat
734 2200 1025 2269 Gregorius
1056 2198 1191 2252 libro
1227 2212 1320 2251 vui
1352 2197 1626 2259 Historiae,
1657 2199 1832 2264 capite
1864 2194 1949 2261 15,
1980 2196 2095 2262 epi-

509 2298 689 2364 scopis
711 2296 748 2362 ji
773 2293 1019 2348 bentibus
1036 2301 1089 2345 ut
1110 2307 1138 2344 a
1164 2291 1432 2355 columna,
1462 2291 1542 2342 cui
1575 2288 1885 2357 Stylitarum
1915 2302 2093 2341 exen-

510 2391 599 2457 plo
629 2387 913 2451 insidebat,
944 2384 1315 2448 descenderet,
1348 2382 1528 2435 statim
1556 2379 1817 2445 obedivit,
1842 2378 1983 2448 quia,
2016 2379 2095 2430 in-

503 2476 741 2547 quiebat,
767 2476 1055 2528 sacerdotes
1081 2490 1182 2525 non
1205 2471 1447 2525 obaudire
1470 2470 1659 2523 crimen
1697 2478 1804 2531 est;
1833 2479 1886 2522 et
1910 2469 2095 2520 maluit

505 2569 669 2621 vitam
716 2578 1055 2621 communem
1105 2579 1225 2617 cum
1270 2563 1481 2617 caneris
1543 2558 1820 2614 monachis
1865 2558 2092 2621 dueere,

507 2681 666 2735 quam
707 2663 771 2717 ad
826 2661 1208 2732 perfectionem
1254 2657 1478 2712 tendere
1544 2656 1830 2708 contrarius
1878 2652 2094 2706 existens

504 2757 814 2831 fussionibus
842 2754 1183 2810 sacerdorum.
1221 2751 1300 2805 An
1334 2764 1463 2804 vero
1505 2746 1744 2816 quaedam
1774 2744 2093 2798 monasteria

507 2865 634 2908 tunc
661 2856 845 2904 essent
870 2846 937 2900 ab
962 2846 1335 2915 episcoporum
1378 2841 1633 2910 regimine
1662 2838 1936 2903 immunia,
1966 2853 2096 2891 nus-

503 2958 660 3009 quam
690 2940 921 3008 explicat
947 2938 1255 3005 Gregorius.
1288 2934 1366 2987 Ex
1395 2948 1461 2988 eo
1494 2942 1670 2985 tamen
1714 2930 1990 2992 discimus,
2031 2930 2095 2980 in

505 3036 570 3091 iis
601 3031 937 3087 monasteriis
967 3043 1085 3095 qua:
1115 3028 1213 3081 sub
1244 3026 1383 3094 regis
1430 3024 1655 3078 tuitione
1682 3034 1857 3084 erant,
1888 3020 2095 3087 episeo-

2192 1837 2455 1891 Caeterum
2478 1835 2673 1904 Papula
2699 1835 2866 1903 virgo,
2892 1836 2943 1889 in
2970 1835 3102 1889 libro
3114 1835 3179 1890 de
3200 1836 3379 1889 Gloria
3394 1836 3848 1906 COItfeSSOI'IIID,

2192 1930 2366 1997 capite
2410 1927 2509 1993 16,
2542 1926 2739 1982 saeculo
2779 1928 3085 1983 valedicens
3134 1946 3342 1983 comam
3382 1930 3484 1983 sibi
3532 1935 3844 2001 totondit,

2192 2020 2287 2075 sed
2328 2029 2383 2073 ut
2423 2019 2596 2073 virum
2647 2019 2949 2075 simularet.
2998 2021 3284 2075 Monachus
3328 2023 3528 2091 quippe
3588 2040 3850 2082 ennium

2195 2128 2298 2165 non
2340 2112 2626 2165 uutrivisse
2669 2122 2875 2166 certum
2917 2121 3021 2176 est,
3053 2116 3191 2166 inter
3219 2130 3353 2182 quos
3385 2116 3484 2169 sub
3514 2116 3679 2170 virili
3722 2118 3848 2173 lia-

2196 2202 2304 2255 bitu
2333 2201 2533 2269 Papula
2565 2201 2829 2270 reliquum
2860 2218 2967 2253 sua:
2994 2202 3118 2256 vita:
3151 2212 3362 2271 tempus
3391 2206 3601 2273 exegit.
3661 2209 3842 2260 San-

2195 2292 2534 2346 etimoniales
2563 2308 2589 2343 a
2621 2292 2768 2346 laicis
2796 2291 3078 2347 distinctas
3102 2292 3282 2358 fuisse,
3317 2294 3397 2347 vel
3426 2309 3489 2348 ex
3524 2310 3649 2347 uno
3687 2298 3852 2350 Cre-

2194 2382 2332 2451 gnrii
2361 2384 2482 2436 loco
2514 2382 2878 2451 intelligimus,
2908 2385 2992 2436 ubi
3018 2384 3355 2453 Radegundis
3383 2401 3440 2439 se
3468 2401 3495 2437 a
3519 2386 3853 2445 laicaliouc

2198 2476 2412 2528 vinculis
2454 2475 2754 2528 absolutam
2801 2477 3079 2544 profitetur
3126 2478 3189 2529 ad
3233 2478 3490 2547 religionis
3542 2496 3848 2539 normam

2199 2570 2505 2622 transiisse.
2534 2566 2634 2622 Ubi
2658 2568 2817 2622 etiam
2846 2578 2991 2637 patet
3015 2567 3277 2639 religionis
3306 2572 3568 2625 vocabqu
3617 2591 3854 2627 mmm-

2195 2660 2385 2715 stieum
2425 2660 2664 2714 ordinem
2704 2660 2813 2729 jam
2858 2668 2982 2714 tunc
3012 2660 3347 2728 designatum
3398 2662 3602 2727 fuisse;
3661 2669 3850 2735 quod

2199 2752 2377 2806 multis
2401 2752 2521 2804 aliis
2549 2751 2683 2806 locis
2714 2751 2927 2820 probari
2964 2751 3121 2808 facile
3163 2765 3358 2821 posset.
3397 2754 3532 2809 [line
3569 2760 3853 2830 religiosi

2199 2852 2254 2897 et
2301 2844 2555 2914 religiosa:
2608 2842 2823 2897 nomina
2878 2844 3265 2911 proﬂuxerunt.
3339 2846 3853 2907 Sanctimoniales

2199 2952 2408 3009 quoque
2438 2938 2742 3006 frequenter
2769 2937 2999 3007 appellat
3026 2935 3313 3009 Gregorius
3344 2953 3523 2993 sacras
3549 2943 3847 3011 virgines

2202 3044 2320 3099 quae
2352 3032 2404 3084 in
2430 3030 2771 3084 monasteriis
2809 3031 3283 3084 conversabantur.
3323 3028 3851 3096 Quemadmodum

509 3144 611 3199 pos
643 3126 770 3178 nihil
802 3121 1081 3193 potestatis
1115 3120 1384 3180 habuisse,
1416 3118 1617 3185 absque
1645 3113 1863 3184 spee‘ali
1895 3110 2094 3181 princi-

2203 3139 2330 3177 vero
2371 3124 2424 3177 iu
2462 3124 2944 3178 sanetimonialium
2975 3124 3219 3177 etenobia
3254 3125 3523 3192 ingressus
3559 3125 3715 3181 viris
3754 3130 3852 3182 in-

508 3222 590 3290 pis
630 3216 900 3271 mandato.
934 3212 1140 3267 Etenim
1172 3225 1290 3263 cum
1324 3209 1605 3262 Maroveus
1663 3207 1941 3259 Pictonum
1979 3203 2092 3268 epi-

515 3324 712 3376 sc0pns
742 3321 922 3360 curam
958 3302 1263 3356 monasterii
1290 3310 1486 3354 sancta:
1514 3297 1889 3366 Radegundis,
1920 3297 1971 3348 in
1996 3308 2092 3347 sua

508 3401 676 3470 ipsius
705 3397 838 3451 urbe
881 3393 1198 3458 consmteti,
1232 3392 1508 3459 suscipere
1558 3390 1842 3451 renuisset,
1874 3402 1972 3439 nec
2004 3402 2094 3438 vo-

508 3492 696 3546 luiSset
726 3493 924 3541 sancta)
950 3485 1139 3538 Crucis
1187 3482 1583 3535 translationem
1629 3478 1824 3541 facere,
1858 3476 1997 3545 quod
2028 3475 2094 3528 ab

510 3598 579 3638 eo
625 3581 796 3635 enixis
828 3578 1080 3647 precibus
1126 3573 1536 3641 eiﬂagitabatur,
1585 3570 1925 3639 Radcgundis
1968 3569 2097 3621 adiit

510 3688 690 3741 regem
724 3669 1072 3739 bigtbertum,
1120 3664 1210 3734 qui
1244 3665 1378 3716 hanc
1427 3678 1607 3716 curam
1642 3661 1900 3714 Eufronio
1928 3660 2097 3714 Turo-

510 3770 658 3820 nensi
708 3764 961 3831 episcopo
1012 3756 1374 3812 demandavit.
1431 3755 1672 3823 Cumque
1710 3752 2095 3807 monasterium

509 3859 610 3913 sub
650 3858 780 3927 regis
822 3854 1035 3907 tuitione
1084 3850 1269 3905 fuisset
1308 3850 1570 3917 positum.
1626 3845 1837 3900 nonnisi
1882 3845 2099 3899 obtenta

513 3950 729 4021 speciali
756 3964 785 4001 a
809 3945 1154 4000 Cliildeberto
1176 3942 1532 4014 praeceptione,
1565 3941 1718 4006 illud,
1742 3941 1878 3994 sicut
1905 3947 2099 3993 etetera

509 4057 621 4095 Sum
648 4041 941 4092 dimi-oscus
969 4035 1310 4097 monasteria,
1342 4034 1595 4101 episeoito
1618 4031 1911 4085 l’ietavensi
1944 4045 2097 4099 regu-

510 4133 687 4184 lariter
732 4130 1009 4199 gubernare
1053 4128 1216 4192 licuit,
1270 4136 1325 4176 ut
1382 4124 1542 4177 habet
1571 4123 1863 4191 Gregorius
1910 4121 2003 4173 lib.
2050 4135 2099 4171 ix

512 4224 781 4288 llistorim,
815 4224 988 4288 capite
1018 4220 1107 4272 40.
1143 4219 1206 4271 Et
1232 4216 1449 4286 quidem
1482 4215 1728 4268 defuncta
1758 4211 2100 4279 Radeguude,

512 4330 631 4367 cum
658 4312 724 4365 ab
756 4312 887 4365 urbe
910 4309 1192 4364 Maroveus
1222 4308 1507 4375 episcopus
1535 4308 1763 4369 abesset,
1791 4304 2100 4371 Gregorius,

515 4406 600 4472 qui
633 4415 868 4471 praisens
906 4402 1123 4465 aderat,
1166 4396 1251 4450 vix
1281 4398 1473 4450 adduci
1506 4400 1693 4464 pottiit,
1741 4404 1798 4447 ut
1824 4393 2102 4461 exsequias

2200 3218 2453 3272 tertlictus
2480 3227 2623 3281 erat,
2651 3219 2727 3270 sie
2754 3228 2806 3270 et
2835 3231 2863 3269 a
2896 3218 3129 3270 virorum
3162 3217 3498 3270 monasteriis
3530 3220 3854 3274 arceiian-

2201 3322 2283 3364 tur
2323 3310 2595 3375 mulieres,
2626 3311 2900 3379 quihusne
2930 3310 3140 3376 quidem
3186 3309 3236 3361 in
3268 3307 3546 3362 eetlesiam
3581 3313 3848 3377 patebat

2199 3402 2372 3456 aditus
2392 3403 2441 3454 in
2470 3400 2733 3471 plerisque
2755 3402 3089 3455 monasteriis
3111 3416 3123 3464 ;
3148 3401 3287 3469 quod
3312 3400 3378 3455 de
3399 3400 3855 3462 Condatescen-

2201 3495 2243 3546 si
2276 3509 2337 3547 ex
2371 3494 2477 3545 vita
2510 3492 2680 3546 sancti
2710 3492 2956 3556 Romani,
2991 3490 3042 3545 id
3076 3503 3158 3545 est
3188 3491 3363 3561 capite
3389 3507 3404 3544 ι
3433 3492 3500 3544 de
3531 3490 3684 3547 Vitis
3721 3499 3855 3550 νε-

2204 3597 2366 3649 trinu,
2400 3600 2520 3637 tnan
2548 3584 2737 3637 festum
2763 3594 2863 3637 est.
2895 3584 2962 3636 At
2993 3582 3117 3636 licet
3146 3583 3441 3647 monachis,
3473 3584 3565 3651 qui
3606 3589 3855 3646 reclusi

2204 3691 2310 3728 ron
2352 3686 2525 3738 erant,
2558 3685 2707 3729 extra
2758 3676 3078 3729 monasteria
3126 3675 3309 3729 liceret
3357 3673 3523 3735 exire,
3578 3676 3636 3729 id
3677 3680 3857 3735 ἔξει.νο

2205 3768 2446 3820 distriCIe
2495 3766 2816 3820 monialibus
2858 3777 3058 3819 sanctae
3105 3765 3291 3819 Grueis
3340 3766 3693 3821 l‘ietavensis
3772 3791 3855 3827 ιιι

2206 3858 2518 3926 praescripto
2549 3857 2764 3926 Regula:
2795 3858 2964 3911 sancti
2988 3855 3203 3910 Cazsarii
3233 3865 3349 3909 erat
3373 3857 3630 3921 vetitum,
3663 3873 3733 3913 ut
3773 3882 3856 3920 ne

2206 3950 2417 4020 quidem
2464 3949 2530 4002 ad
2592 3948 2955 4017 sepeliendum
3004 3948 3170 4001 herta:
3218 3946 3562 4016 liadegundis
3610 3965 3859 4021 corpus

2205 4040 2571 4095 cmmeterium
2602 4041 2749 4094 adire
2780 4040 2859 4093 eis
2899 4038 3099 4091 licitum
3146 4038 3321 4091 fuerit.
3360 4038 3411 4090 Id
3441 4053 3505 4089 ex
3534 4036 3860 4107 Gregorio

2208 4132 2467 4185 discimus
2500 4132 2550 4184 in
2582 4132 2717 4184 libro
2747 4130 2811 4184 de
2842 4130 3019 4182 Gloria
3045 4128 3444 4191 Cotn'essnrum,
3477 4130 3665 4196 capite
3694 4134 3856 4201 itit},

2209 4219 2297 4271 ubi
2331 4221 2613 4287 exsequias
2645 4220 2811 4272 beata:
2846 4218 3057 4285 Regina:
3088 4218 3422 4281 describens,
3449 4217 3697 4274 clericos
3746 4242 3860 4276 re-

2210 4318 2495 4377 praesentat
2522 4311 2677 4361 funus
2701 4310 2978 4378 psallendo
3000 4309 3345 4373 deducentes,
3370 4309 3510 4374 quod
3537 4315 3746 4367 monia
3763 4320 3861 4371 los

2210 4416 2238 4453 c
2279 4399 2526 4453 fenestris
2576 4405 2630 4451 et
2675 4398 2809 4452 muri
2857 4399 3310 4468 propugnaculis,
3360 4401 3729 4455 lamentando
3796 4419 3861 4461 ιιι

521 4493 638 4563 t'jUs
681 4498 915 4551 curaret,
942 4490 1084 4559 quod
1123 4488 1432 4541 monasterii
1476 4489 1837 4540 (mmcterium
1869 4486 2102 4539 nondum
2134 4480 2186 4538 D
2214 4494 2412 4558 ﬂendo,
2462 4494 2672 4547 "crinis;
2724 4494 2894 4547 oculis
2947 4503 2999 4547 et
3030 4492 3263 4553 ﬂetibus,
3318 4494 3854 4561 irosequebatitur.

515 4587 818 4640 sacerdomli
842 4583 1184 4636 benedictione
1204 4589 1458 4633 sacratum
1493 4581 1698 4641 fuisset,
1731 4580 1928 4649 vixque
1955 4579 2101 4633 eilia-

511 4677 799 4747 gtautihus
829 4674 1076 4727 omnibus
1105 4674 1193 4741 qui
1226 4672 1443 4724 aderant
1464 4711 1477 4731 ,
1514 4673 1831 4740 prtrsuntpsit
1876 4688 1937 4724 ea:
1966 4671 2099 4722 cari-

511 4778 612 4820 tate
643 4768 818 4835 fratris
847 4764 925 4816 sui
968 4761 1149 4815 altaris
1193 4762 1653 4814 consecrationem
1678 4806 1690 4826 ,
1724 4763 1792 4812 ita
1841 4772 2013 4813 tamen
2047 4771 2102 4812 ttl

513 4872 709 4928 corpus
743 4859 793 4910 in
825 4854 1135 4910 cmineterio
1177 4853 1340 4907 humo
1370 4868 1475 4906 non
1522 4855 1731 4916 texerit,
1782 4853 1831 4907 id
1862 4855 2101 4922 episcopo

514 4952 611 5004 loci
646 4963 944 5003 reservans.

586 5043 673 5095 δῖ.
694 5042 927 5095 Abbates
950 5051 1000 5092 et
1024 5039 1302 5093 abbatissm
1323 5036 1694 5090 communibus
1722 5038 2100 5092 monachorum

512 5140 628 5190 sive
657 5134 964 5189 mouialium
1000 5131 1138 5185 votis
1188 5130 1542 5199 eligebantur,
1589 5130 1683 5184 sed
1732 5132 1800 5186 ab
1839 5132 2102 5200 episcopis

515 5232 547 5281 ι»
568 5229 942 5281 ιηειιὶςιίοιιθιιι
970 5226 1233 5280 uehebant
1262 5226 1529 5293 accipere.
1558 5224 1743 5278 Vestes
1772 5236 1945 5279 autem
1979 5240 2102 5278 san-

517 5320 902 5374 ctimonialium
930 5320 1060 5372 alias
1081 5318 1458 5372 assecularium
1480 5318 1809 5373 vcstiuient's
1835 5320 1999 5373 fuisse
2022 5319 2103 5372 vel

522 5426 585 5463 ex
620 5424 685 5462 eo
714 5410 1099 5475 convincimur,
1131 5409 1273 5477 quod
1308 5408 1595 5477 Gregorius
1638 5412 1852 5478 passim,
1896 5426 2101 5473 earum,

524 5507 661 5560 sicut
708 5512 764 5557 et
810 5503 1232 5568 monachorum,
1284 5507 1687 5558 conversionem
1736 5506 2100 5567 memorando,

522 5612 779 5663 utrosque
804 5603 934 5645 veste
962 5601 1155 5644 mutata
1183 5592 1251 5646 ad
1277 5594 1595 5647 monasteria
1624 5595 1935 5649 eonvolasse
1964 5596 2100 5648 suri-

520 5691 629 5745 bat.
664 5692 742 5744 An
784 5701 910 5741 vero
955 5686 1187 5753 virgines
1222 5700 1410 5740 omnes
1458 5700 1627 5740 sacra:
1674 5697 1840 5741 tonsa:
1883 5688 2100 5742 omnino

2216 4590 2395 4641 Plures
2450 4604 2576 4641 vero
2618 4589 2669 4640 in
2722 4588 3061 4642 monasteriis
3094 4588 3326 4640 \irorum
3363 4589 3590 4654 lit‘glllus
3644 4591 3863 4651 simul

2215 4680 2450 4749 viguisse
2479 4696 2543 4733 ex
2584 4680 2756 4747 capite
2784 4678 2852 4730 ‘29
2917 4680 3032 4731 libri
3068 4696 3095 4730 x
3143 4680 3458 4746 colligimus,
3494 4679 3583 4731 ubi
3619 4681 3679 4733 in
3718 4703 3865 4742 un-

2214 4771 2371 4825 nobio
2404 4771 2660 4825 Ataneusi
2705 4784 2812 4823 non
2858 4771 3015 4822 modo
3044 4770 3306 4833 Cassiani,
3340 4770 3429 4822 sed
3468 4780 3520 4823 et
3544 4769 3766 4826 Basilii
3806 4790 3864 4832 σε

2212 4863 2524 4931 reliquorum
2558 4862 2819 4927 abbatum,
2863 4862 2946 4930 qui
3001 4863 3407 4913 ntanastcrinlcnt
3451 4867 3610 4912 vitam
3657 4867 3864 4922 iusti-

2211 4964 2434 5016 luerunt,
2467 4954 2668 5023 regulas
2711 4955 2995 5007 invaluisse
3025 4956 3212 5006 scribit
3239 4953 3544 5021 Gregorius.

2276 5046 2365 5101 58.
2408 5048 2571 5101 Porro
2594 5048 2887 5100 lieetnemu
2917 5062 3019 5097 non
3054 5046 3277 5099 fateatur
3303 5045 3631 5115 prmcipuaut
3664 5070 3819 5108 sum

2210 5154 2302 5205 per
2322 5138 2640 5192 clericorum
2672 5148 2725 5191 et
2754 5139 3141 5192 monachorum
3178 5138 3585 5204 occupationem
3615 5141 3859 5213 luissv,

2209 5229 2463 5282 orationis
2507 5243 2569 5281 ac
2617 5243 2888 5282 snerarum
2922 5230 3316 5295 Seripturarnm
3381 5227 3644 5291 studium,
3719 5250 3858 5292 nun

2212 5321 2433 5374 defuere
2472 5330 2646 5372 tamen
2686 5322 2772 5388 qui
2815 5318 3252 5373 consuetudinem
3288 5319 3423 5370 hanc
3462 5318 3616 5369 statis
3666 5320 3857 5381 lium

2213 5412 2468 5471 officium,
2519 5419 2578 5463 ut
2612 5421 2820 5473 vocant,
2860 5410 3099 5463 divinum
3156 5410 3367 5475 publice
3413 5417 3504 5460 aut
3553 5412 3860 5477 privatim

2212 5502 2491 5563 recitandi,
2520 5516 2621 5553 non
2652 5501 2785 5553 adeo
2809 5502 3080 5569 antiquam
3121 5500 3284 5554 fuisse
3318 5501 3680 5554 crediderint.
3730 5508 3861 5561 γυ,

2212 5614 2327 5649 rum
2372 5597 2487 5662 ejus
2516 5594 2775 5663 originem
2818 5594 2882 5645 ad
2915 5596 3025 5663 ipsa
3073 5595 3327 5648 Eeclesire
3368 5595 3663 5647 Gallicana:
3724 5614 3861 5666 ρει-

2212 5686 2415 5740 mordia
2474 5693 2688 5739 revocat
2734 5694 2917 5739 uoster
2946 5684 3235 5754 Gregorius
3285 5687 3468 5739 libror
3519 5684 3865 5766 Ηὶειοιήιε,
