4024 6192
181 222 231 246 ἾἽ

190 246 233 275 ιὶΔ

1638 217 2014 278 ΡΙΗΕἘΑΤΙΟ
2038 268 2043 274 .
3417 220 3487 273 58

203 331 451 406 εινιιθὶξ),
495 335 591 390 ubi
618 334 701 389 de
757 342 956 390 sancto
991 331 1218 402 quodam
1263 331 1401 394 viro,
1454 329 1540 398 qui
1592 328 1788 383 Bituri-
1821 339 1864 395 Α
1895 331 2150 397 scriptum
2187 327 2305 394 luit,
2339 330 2390 382 in
2421 329 2642 386 dubittm
2683 331 2869 386 Petrus
2901 331 3138 388 l‘ithmus
3161 336 3482 389 revocavit:

213 445 309 498 guto
333 429 624 482 Ecclesium
673 427 991 481 instituisse
1027 425 1181 493 paulo
1221 431 1341 492 post
1373 421 1515 476 Decii
1551 430 1815 490 tempora‘

225 525 399 584 dicitur,
423 517 496 570 ait
527 534 544 570 :
567 515 774 570 Clerici
801 518 874 570 ab
898 530 964 570 eo
990 515 1213 568 ordinati
1244 513 1397 566 ritunt
1413 511 1668 579 psallendi
1690 526 1798 563 sus-

231 618 404 683 cipiunt,
455 621 498 664 et
534 609 763 678 qualiter
808 609 1072 662 ecclesiam
1105 615 1420 668 construant,
1452 603 1527 656 vel
1567 605 1798 672 omnipo-

237 705 330 756 tenti
353 701 447 755 Deo
474 701 730 754 solemnia
774 699 1033 753 celebrare
1069 697 1280 750 debeant
1311 696 1626 748 imbuuntur.
1667 693 1796 746 Data

241 795 453 847 Ecclesia:
484 808 614 862 pace
651 792 848 846 Ol'licia
875 793 1054 844 divina
1079 790 1287 856 publice
1311 788 1361 841 in
1391 787 1632 842 ecclesiis
1657 787 1799 840 cele-

240 889 359 939 brata
391 886 544 940 fuisse
570 887 694 954 quis
723 883 1036 939 iulicietur?
1069 884 1210 936 ldem
1245 881 1441 935 factum
1473 889 1558 934 est
1599 880 1652 932 in
1684 893 1800 934 mo-

231 979 470 1041 nasteriis,
502 992 605 1030 non
651 977 826 1031 solum
880 973 1197 1044 majoribus,
1227 972 1318 1026 sed
1362 980 1416 1024 et
1447 970 1499 1023 in
1533 969 1638 1023 illis
1666 983 1800 1038 quo-

238 1086 344 1137 que,
369 1072 416 1124 in
441 1070 628 1138 quibus
677 1069 828 1137 pauci
863 1082 1091 1123 numero
1121 1064 1370 1120 monachi
1401 1063 1801 1120 conversaban-

243 1173 331 1224 tttr,
357 1171 404 1214 ut
429 1177 489 1216 ex
514 1158 944 1228 variisGrt-gorii
973 1158 1105 1212 locis
1132 1164 1339 1211 certum
1363 1164 1465 1217 est,
1499 1154 1588 1209 ubi
1619 1155 1802 1223 quoti-

237 1252 431 1304 dianum
474 1249 608 1304 istud
661 1264 886 1318 pensum
947 1248 1299 1318 psallentium,
1345 1245 1632 1314 aliquando
1671 1260 1802 1299 vero

230 1343 445 1409 ofﬁcium
491 1341 802 1392 dominicum
831 1338 1091 1407 appellat.
1111 1337 1329 1408 Vigilias
1354 1345 1660 1401 nocturnas,
1691 1345 1802 1390 tum

227 1449 253 1485 a
282 1449 358 1498 se,
383 1444 485 1485 tum
506 1433 570 1484 ab
593 1431 710 1484 aliis
735 1432 1036 1485 celebratas
1064 1429 1373 1498 frequenter
1393 1437 1800 1497 commemorat,

226 1539 254 1574 a
290 1524 473 1589 quibus
498 1521 651 1574 etiam
693 1519 1008 1573 Matutinum
1032 1535 1125 1572 seu
1155 1518 1375 1584 Laudes,
1415 1530 1470 1570 ut
1491 1516 1602 1586 jant
1633 1519 1804 1586 loqui-

228 1628 368 1677 mur,
393 1612 559 1678 aliquo
582 1613 839 1679 temporis
869 1609 1151 1664 intervallo
1185 1609 1464 1662 distinctas
1501 1607 1684 1674 fuisse,
1719 1606 1801 1662 vel

1898 421 2119 474 omnino
2149 429 2326 474 autem
2355 431 2516 490 negat
2562 423 2901 477 Mabillonius
2941 435 3128 479 noster
3151 427 3204 479 in
3235 425 3486 481 Tractatu

1899 510 1966 566 de
1996 526 2155 565 cursu
2193 510 2492 575 Gallicano,
2544 513 2614 567 ob
2665 513 2716 567 iri
2766 514 3122 582 potissimum,
3177 517 3318 586 quod
3377 519 3488 587 ipse

1899 603 2188 674 Gregorius
2216 604 2370 658 aliam
2403 605 2706 660 versionem
2739 617 3049 662 co..st:tnter
3082 610 3407 672 laudaverit,
3438 618 3494 663 et

1901 695 2118 764 quidem
2165 697 2218 750 in
2263 696 2514 750 Historiae
2545 696 2717 763 libris,
2749 713 2884 767 quos
2912 700 3127 755 ultimos
3154 701 3493 768 conscripsit,

1899 797 1956 840 et
1986 786 2075 840 ttbi
2125 787 2324 854 passim
2371 787 2676 854 complures
2703 789 3028 855 psalmorum
3063 790 3210 843 locos
3241 790 3492 856 adduxit,

1905 876 1995 945 qui
2027 877 2078 929 in
2108 875 2288 931 ollicio
2315 877 2682 932 ecclesiastico
2713 878 3042 944 legebantur.
3090 881 3320 949 ldipsum
3361 896 3496 936 cou-

1903 972 2080 1022 lirmat
2109 968 2350 1038 ejusdem
2393 968 2634 1036 Gregorii
2667 970 2907 1036 przelatio
2940 972 2992 1025 in
3039 973 3293 1042 psalmos,
3338 973 3492 1039 cuius

1903 1061 2254 1128 fragmentum
2287 1060 2410 1113 huic
2437 1059 2657 1114 editioni
2684 1064 2929 1126 accessit,
2961 1064 3010 1116 in
3041 1078 3144 1132 qua
3176 1064 3314 1118 tituli
3342 1066 3490 1132 psil-

1903 1165 2133 1214 morum,
2163 1165 2298 1220 quos
2327 1151 2680 1220 esponeudos
2701 1152 2926 1222 suscipit
2956 1154 3265 1224 Gregorius,
3293 1169 3483 1209 omnes

1904 1251 2028 1295 sunt
2053 1242 2202 1309 juxta
2229 1241 2576 1312 Septuaginta
2607 1243 2960 1316 lnterprctum
2993 1245 3302 1300 editionem.
3323 1246 3499 1301 Caete—

1906 1346 2022 1384 rum
2054 1331 2287 1386 cilicium
2316 1333 2557 1386 divinum
2591 1341 2714 1388 tunc
2742 1337 3026 1391 vernacula
3057 1337 3234 1407 lingua
3257 1338 3497 1392 celebra-

1905 1432 2014 1476 tum
2058 1439 2161 1477 non
2196 1423 2361 1479 fuisse
2395 1441 2458 1480 ex
2498 1426 2631 1481 Vitis
2677 1426 2915 1493 Patrum,
2959 1429 3134 1498 capite
3167 1429 3252 1495 12,
3277 1431 3491 1500 colligi-

1906 1527 2046 1578 mus,
2079 1514 2168 1568 ubi
2200 1516 2266 1569 de
2321 1515 2642 1582 Braebione,
2682 1519 2773 1586 qui
2811 1535 2932 1575 sese
2979 1520 3044 1574 ad
3096 1521 3498 1577 conversionem

1909 1603 2204 1660 Aimiliano
2246 1607 2571 1675 subjecerat,
2599 1609 2793 1664 dicitur
2815 1610 3069 1666 nesciisse
3113 1614 3248 1680 quod
3277 1625 3498 1676 caneret,

225 1719 288 1758 ex
324 1719 421 1755 ttuo
443 1704 554 1757 libri
589 1720 601 1756 ι
637 1703 706 1756 de
735 1702 1002 1756 Miraculis
1039 1701 1209 1756 sancti
1243 1701 1474 1764 Martini,
1507 1692 1683 1771 capite
1709 1701 1798 1762 53,
1833 1703 1878 1764 Β
1904 1699 2024 1766 quia
2056 1699 2258 1752 litteras
2288 1700 2576 1770 ignorabat,
2609 1701 2660 1754 id
2695 1711 2774 1756 est
2803 1701 3035 1772 linguam
3069 1703 3332 1758 Latinam.

225 1797 340 1850 loco
381 1796 738 1865 intelligimus.
771 1794 846 1849 lbi
891 1795 1035 1849 enim
1083 1806 1201 1864 pom
1239 1793 1458 1865 vigilias
1491 1795 1542 1858 in
1575 1794 1800 1848 ecclesia

221 1901 528 1952 transactas,
553 1890 702 1960 signo
731 1889 797 1941 ad
837 1889 1114 1940 matutinas
1141 1897 1392 1939 commoto
1414 1899 1473 1939 se
1504 1885 1799 1940 recessisse

221 1980 513 2048 prolitetur.
539 1975 742 2032 Ibidem
759 1976 1145 2029 matutinorum
1163 1973 1394 2027 cilicium
1414 1993 1583 2041 mane,
1616 1988 1668 2032 et
1703 1977 1801 2030 hoc

221 2075 342 2125 loco
363 2083 413 2126 et
440 2073 606 2140 capite
631 2087 665 2125 tt
689 2071 806 2124 libri
834 2070 1074 2135 secundi,
1103 2069 1359 2126 celebrari
1385 2071 1602 2124 solitum
1635 2069 1801 2124 fuisse

221 2163 475 2223 insinuat,
510 2162 558 2215 id
597 2174 675 2216 est
719 2162 1006 2214 albescente
1049 2160 1194 2223 calo,
1245 2170 1301 2214 ιιι
1329 2162 1559 2229 loquitur
1601 2161 1650 2214 iu
1687 2160 1802 2214 Vita

224 2255 392 2306 sancti
444 2253 575 2307 Galli
626 2251 762 2305 inter
801 2251 946 2303 Vitas
993 2250 1232 2311 Patrum,
1282 2249 1457 2316 capite
1505 2254 1558 2314 ti,
1599 2266 1663 2304 ex
1703 2266 1804 2320 qua

225 2345 353 2397 item
401 2344 513 2397 \‘ita
570 2342 854 2406 discimus,
917 2341 1137 2410 eosdem
1188 2342 1352 2396 lcrtue
1387 2342 1639 2410 psalmos,
1674 2357 1807 2410 quos

227 2437 377 2490 hodie
405 2438 466 2490 ad
499 2436 706 2490 Laudes
734 2435 1002 2497 canimus,
1030 2433 1142 2503 jam
1175 2446 1300 2488 tunc
1330 2435 1588 2503 temporis
1617 2435 1804 2488 eadem

225 2535 353 2584 liora
373 2531 541 2584 dictos
573 2530 759 2583 fuisse.
791 2528 923 2583 Cum
955 2530 1096 2582 enim
1124 2528 1204 2581 vir
1244 2537 1461 2581 sanctus
1491 2528 1648 2580 morti
1681 2541 1805 2596 pro-

237 2627 402 2680 simus
429 2626 549 2694 quid
598 2625 650 2678 in
678 2623 908 2677 ecclesia
940 2630 1221 2678 caneretur
1266 2621 1669 2689 interrogasset,
1719 2635 1806 2674 re-

233 2733 472 2787 sponsum
513 2727 597 2772 est
625 2720 698 2782 ci,
742 2717 970 2770 clericos
999 2714 1371 2768 benedictiones
1403 2714 1667 2782 psallere;
1697 2723 1808 2766 tum

236 2811 335 2872 ille,
358 2810 550 2874 psalmo
578 2808 1027 2877 quinquagesimo,
1060 2817 1105 2860 et
1147 2807 1493 2860 benedictione
1518 2808 1806 2871 decantata,

238 2911 278 2952 et
302 2901 604 2954 atleluiatico
633 2914 752 2950 cum
775 2896 1014 2966 copttello
1050 2898 1272 2962 expleto,
1304 2895 1670 2948 consumntarit
1710 2911 1812 2948 ma-

239 2992 434 3044 tutinos.
482 2991 748 3044 Caeterum
805 2989 1013 3057 vigilias
1063 2997 1355 3041 nocturnas
1408 2987 1730 3056 quandoque
1778 3002 1808 3040 a

1971 1791 2060 1847 40.
2098 1792 2364 1859 Quantum
2399 1808 2526 1848 vero
2554 1793 2769 1849 solliciti
2815 1804 2998 1850 essent
3045 1795 3113 1850 ad
3154 1796 3270 1851 haec
3318 1795 3496 1851 ofﬁcia

1903 1885 2055 1940 statis
2081 1884 2224 1938 horis
2252 1885 2415 1938 etiam
2446 1884 2691 1952 privatim
2721 1885 3097 1954 persolvenda,
3141 1891 3355 1956 quando
3377 1902 3496 1940 cum

1911 1975 2124 2029 caeteris
2147 1975 2337 2032 adesse
2365 1990 2471 2029 non
2508 1975 2721 2040 licebat,
2768 1976 3113 2032 ecclesiastici
3144 1977 3380 2031 omnium
3409 1992 3498 2031 οτι

1909 2068 2094 2122 diuum
2122 2065 2242 2131 viri,
2266 2082 2332 2122 ex
2356 2067 2518 2120 variis
2537 2065 2780 2138 Gregorii
2813 2067 2945 2122 locis
2967 2076 3020 2121 et
3037 2069 3299 2136 exemplis
3313 2076 3499 2122 osten—

1905 2162 2112 2214 demus.
2148 2160 2265 2226 Ipse
2293 2158 2433 2212 enim
2479 2157 2769 2226 Gregorius
2825 2158 3041 2212 Parisiis
3094 2175 3281 2228 agens,
3333 2176 3498 2228 prope

1909 2251 2074 2305 sancti
2115 2250 2311 2306 Juliani
2339 2251 2622 2304 ecclesiam
2651 2250 2975 2313 morabatur,
3005 2266 3163 2320 quam
3188 2262 3346 2308 nocte
3378 2270 3491 2305 me-

1908 2343 1994 2397 dia
2031 2343 2416 2411 frequentabat,
2456 2353 2509 2395 ut
2559 2359 2709 2396 suum
2737 2345 2961 2413 expleret
3009 2361 3235 2398 cursant.
3299 2345 3391 2400 Sic
3444 2356 3498 2402 et

1915 2435 2205 2504 Gregorius
2259 2432 2676 2503 Liugonensium
2737 2437 2960 2490 antistes
3013 2436 3236 2491 Dit‘ione
3284 2437 3500 2492 domuut

1914 2525 2143 2580 habebat
2173 2525 2486 2595 baptisterio
2531 2524 2915 2590 adhaerentem,
2957 2527 3009 2580 in
3055 2543 3162 2595 quo
3211 2528 3498 2582 multorum

1914 2620 2249 2673 habebantur
2269 2628 2577 2672 sanctorum
2608 2618 2868 2687 reliquias,
2901 2633 3060 2687 quem
3084 2619 3259 2672 locum
3289 2635 3499 2674 sat-rum

1912 2708 2136 2777 singulis
2185 2708 2429 2762 noctibus
2469 2708 2670 2772 adibat,
2723 2709 2950 2776 indeque
2981 2710 3189 2777 impleto
3232 2726 3386 2765 cursu
3433 2711 3500 2766 ad

1913 2801 2107 2856 lectum
2131 2802 2512 2856 revertebatur.
2543 2801 2798 2857 Memoria
2832 2816 3050 2869 prorsus
3076 2815 3129 2857 et
3159 2803 3316 2858 laude
3341 2804 3501 2874 digna

1913 2907 1996 2949 est
2023 2894 2316 2950 beatissimi
2341 2895 2593 2950 Germani
2623 2895 2948 2950 Parisiorum
2980 2897 3234 2950 antistitis
3272 2897 3324 2950 in
3355 2898 3500 2966 ejus-

1915 2986 2060 3041 modi
2100 2987 2292 3042 ol'liciis
2349 2988 2717 3056 persolvendis
2771 2987 3098 3052 sollicitudo,
3131 2989 3219 3056 qui
3275 2988 3328 3041 in
3374 2989 3503 3057 ipsis

242 3084 469 3151 Gregorio
494 3083 653 3136 etiam
679 3083 960 3134 matutinas
1011 3082 1301 3151 appellatas
1351 3081 1515 3134 fuisse
1581 3081 1810 3134 inliciari
1841 3080 1887 3142 C
1919 3079 2202 3133 itineribus
2253 3079 2522 3148 equitans,
2585 3080 2630 3132 si
2681 3079 2838 3134 aliter
2888 3096 2991 3133 non
3044 3090 3242 3148 posset,
3298 3096 3503 3135 cursum

258 3176 424 3227 nolint.
477 3175 604 3229 Nam
645 3175 821 3243 capite
861 3174 933 3226 25
982 3174 1096 3228 liliri
1148 3188 1203 3227 ιιι
1250 3173 1318 3227 de
1355 3173 1618 3226 Miraculis
1647 3177 1814 3228 sancti

250 3264 459 3330 Martini,
489 3269 693 3336 signant
733 3267 876 3320 horis
925 3266 1189 3319 matutinis
1230 3277 1454 3329 motum,
1481 3276 1534 3320 et
1559 3267 1760 3336 rigilias
1785 3281 1814 3319 a

253 3357 423 3422 trepido
453 3358 746 3410 celebratas
781 3355 948 3410 luisse
981 3355 1240 3423 perhibet.
1274 3355 1497 3409 Tertiam
1519 3365 1574 3411 et
1602 3357 1814 3410 Scitum

252 3447 296 3497 in
324 3447 530 3502 ecclesia
562 3446 863 3501 Turoncnsi
897 3447 966 3499 ab
999 3446 1260 3514 lujttrioso
1302 3447 1556 3515 episcopo
1602 3449 1814 3501 institu-

254 3544 321 3591 tas
346 3537 491 3592 fuisse
514 3539 639 3591 dicit
673 3538 806 3590 libro
838 3552 889 3601 ιι,
920 3539 1094 3606 capite
1135 3537 1324 3590 ultimo
1371 3537 1655 3599 llistorize;
1709 3555 1815 3591 cur-

253 3633 490 3682 mmhorw
515 3629 699 3684 Tertirc
736 3627 1000 3698 appellat,
1031 3630 1206 3696 capite
1243 3628 1311 3683 96
1349 3629 1469 3682 libri
1517 3630 1585 3683 de
1631 3627 1812 3683 Gloria

253 3718 620 3774 Confessorum.
657 3705 1010 3788 Vesperarum
1064 3735 1216 3780 vero.
1262 3734 1393 3788 quas
1425 3720 1669 3774 nonnulli
1699 3725 1814 3790 ejus

253 3811 339 3860 δτι-ι
367 3822 591 3864 auctores
617 3811 990 3863 Lucernarium
1021 3811 1419 3878 nuncupabant,
1470 3810 1715 3864 meminit
1760 3810 1814 3863 ιιι

253 3897 375 3951 libro
407 3901 466 3953 de
489 3901 754 3956 Miraculis
783 3903 953 3955 sancti
984 3901 1200 3965 Juliani,
1234 3915 1350 3969 cap.
1396 3901 1486 3964 ‘20,
1522 3902 1608 3954 ubi
1652 3902 1816 3956 histo-

255 3992 373 4042 riam
410 4004 787 4047 commemorat
834 3992 968 4046 furis
997 3993 1295 4059 cujusdam,
1329 3993 1416 4060 qui
1449 4002 1569 4060 post
1596 3994 1816 4062 gratiam

251 4089 557 4147 vespertinam
585 4084 903 4139 discedente
943 4085 1140 4153 populo
1185 4085 1236 4138 in
1287 4084 1505 4139 basilica
1536 4087 1811 4148 remansit,

251 4183 300 4223 ut
327 4174 561 4228 latitaret.
603 4174 727 4228 No.1:
784 4176 1056 4228 adveniens
1097 4175 1208 4245 jam
1267 4178 1514 4227 mundum
1563 4177 1816 4242 operiebat

249 4265 466 4328 tenebris,
513 4281 630 4319 cum
667 4266 849 4320 clerici
876 4266 1046 4319 sancti
1078 4265 1217 4320 Petri
1251 4264 1545 4334 Burdigala:
1575 4281 1816 4320 :lt:ct‘$$8~

250 4364 360 4406 runt
386 4355 431 4408 in
461 4357 766 4421 ecclesiam,
813 4365 971 4425 atque
1023 4355 1176 4409 dictis
1223 4357 1540 4424 psalmorum
1580 4357 1817 4425 capitulis

1919 3173 2059 3226 nudo
2087 3171 2272 3239 capite,
2313 3181 2369 3224 ut
2412 3172 2572 3225 habet
2613 3170 2936 3226 Fortunatus
2965 3174 3016 3225 in
3045 3171 3161 3240 ejus
3192 3174 3328 3237 Vita,
3363 3177 3502 3228 ret-i-

1919 3263 2062 3319 tabat
2091 3265 2286 3318 etiamsi
2328 3267 2416 3318 nia:
2445 3275 2532 3317 aut
2575 3265 2734 3318 imber
2775 3274 2996 3335 urgeret.
3031 3265 3218 3320 Gallus
3246 3282 3372 3320 vero
3402 3274 3504 3321 ΑΙ·-

1918 3373 2200 3412 ventorum
2225 3358 2508 3426 cpiscopus
2540 3357 2697 3410 morti
2730 3359 3008 3426 proximus
3041 3358 3399 3429 interrogans,
3447 3371 3504 3413 tit

1918 3465 2042 3503 mox
2079 3449 2410 3514 dicebamus,
2443 3449 2708 3518 quodnam
2739 3449 2975 3503 oflicittm
3009 3451 3059 3503 ιιι
3089 3451 3313 3504 ecclesia
3343 3467 3504 3506 cane-

1919 3551 2091 3606 retur,
2121 3523 2242 3594 cum
2293 3554 2604 3608 reSponsum
2637 3549 2780 3594 esset
2821 3539 3190 3594 benedictiones
3233 3556 3263 3594 a
3294 3542 3505 3596 clericis

1916 3636 2143 3698 absolvi,
2200 3634 2340 3689 idem
2393 3636 2506 3703 ipse
2554 3635 2796 3690 recitavit
2851 3636 3115 3701 cilicium;
3154 3647 3208 3691 et
3256 3651 3504 3692 consum-

1919 3739 2062 3781 mato
2089 3728 2384 3781 matutinali
2413 3743 2571 3782 cursu
2614 3729 2894 3784 defunctus
2930 3740 3034 3785 est.
3073 3730 3188 3784 Non
3219 3732 3360 3784 e..itn
3395 3733 3505 3783 exi-

1917 3819 2207 3872 stimabant
2233 3820 2402 3873 saucti
2435 3820 2511 3873 illi
2545 3821 2644 3873 viri
2694 3821 2893 3875 licitam
2922 3823 3000 3875 eis
3037 3837 3154 3876 esse
3182 3821 3342 3875 divini
3381 3825 3505 3875 olli-

1919 3912 1983 3964 cii
2008 3911 2378 3966 emissionem.
2423 3910 2579 3967 Certe
2605 3928 2726 3967 cum
2774 3913 3077 3978 Pot-Janus,
3129 3914 3280 3982 cujus
3331 3916 3502 3971 Vitam

1922 4003 2397 4072 habetGregorius
2428 4005 2567 4059 inter
2601 4006 2745 4060 Vitas
2801 4009 3033 4071 l'atrutu,
3095 4011 3270 4077 capite
3326 4011 3379 4078 5,
3434 4018 3503 4066 ah

1919 4096 2174 4162 Optimate
2201 4095 2428 4162 quodam
2462 4094 2510 4148 in
2540 4097 2659 4151 aula
2687 4097 3001 4152 Theoderici
3027 4101 3165 4169 regis
3193 4113 3500 4171 urgeretur,

1920 4197 1978 4240 ttt
2007 4187 2294 4254 pauxillum
2327 4187 2433 4240 vini
2471 4187 2797 4258 dcgttstarcl,
2849 4190 2898 4244 id
2931 4192 3108 4245 renuit
3134 4195 3504 4251 sanctissiunts

1919 4279 2104 4344 abbas,
2134 4293 2199 4332 eo
2231 4277 2585 4346 putissimmn,
2611 4281 2749 4348 quod
2775 4283 2998 4336 necdum
3031 4281 3251 4337 Domino
3283 4287 3502 4341 debitam

1921 4371 2232 4438 psalmorum
2259 4371 2657 4425 deminutionem
2679 4374 3014 4429 exsolvisset.
3050 4376 3196 4430 Alias
3227 4393 3356 4434 vero
3390 4381 3501 4432 lau-

248 4457 585 4501 recesserunt.
648 4447 722 4500 De
770 4448 890 4500 aliis
953 4449 1099 4501 horis
1153 4448 1293 4501 nulla
1340 4448 1621 4517 peculiaris
1672 4449 1808 4517 ιιριμΙ

1918 4463 2074 4516 datur
2107 4463 2385 4532 presbyter
2407 4463 2644 4532 quidam,
2673 4467 2760 4534 qui
2777 4468 2935 4536 juxta
2964 4471 3281 4521 sacerdotum
3315 4488 3504 4526 morem

247 4537 376 4591 hunc
410 4552 676 4593 aut-torem
707 4541 942 4593 occurrit
983 4541 1206 4602 mentio,
1244 4539 1337 4594 sed
1381 4555 1569 4594 omnes
1615 4541 1810 4607 passiut

243 4629 454 4689 generali
481 4645 660 4681 cursus
690 4630 848 4681 divini
872 4631 1086 4683 nomine
1113 4630 1537 4697 comprehendit.
1570 4631 1809 4684 Alternis

243 4729 402 4771 a-tlctlt
429 4719 601 4770 choris
651 4720 703 4770 in
755 4719 978 4772 ecclesia
1023 4718 1187 4772 fuisse
1219 4720 1520 4788 persolutas
1556 4721 1809 4788 perhibet

243 4808 288 4857 iu
313 4809 435 4861 libro
461 4809 526 4863 de
556 4809 743 4863 Gloria
774 4809 1175 4876 Conlessorum,
1200 4811 1372 4879 capite
1398 4812 1489 4865 47.

309 4919 389 4972 59.
430 4921 666 4983 Plenam,
693 4923 765 4974 uti
802 4923 1067 4988 conjicere
1094 4923 1240 4984 licet,
1272 4933 1324 4976 et
1355 4923 1611 4993 integram
1643 4925 1811 4980 habe-
1841 4933 1872 4966 ε’

248 5022 407 5063 remus
443 5026 627 5064 cursus
661 5012 910 5065 Ecclesia:
937 5012 1220 5066 Gallicana:
1243 5016 1508 5078 nomium,
1541 5016 1583 5067 si
1613 5016 1676 5066 ad
1712 5031 1811 5068 nos

251 5113 400 5167 usque
426 5105 750 5167 pervenisset
795 5111 1070 5167 tractatus,
1101 5117 1257 5171 quem
1306 5103 1372 5157 de
1402 5119 1467 5158 eo
1496 5117 1810 5174 argumento

252 5193 512 5259 scripserat
539 5203 723 5247 noster
762 5193 1074 5262 Gregorius.
1125 5181 1451 5248 Auctorest
1492 5195 1810 5254 Walalridus

253 5277 442 5349 Strabo,
465 5286 528 5338 de
571 5285 757 5339 Rebus
799 5285 1196 5350 ecclesiasticis,
1241 5285 1416 5355 capite
1464 5287 1557 5351 “25,
1586 5290 1810 5357 psalmos

249 5377 500 5428 secundum
521 5377 955 5442 emendationem,
1008 5394 1160 5446 quant
1195 5377 1538 5447 Hieronymus
1564 5391 1705 5449 pater
1746 5383 1809 5435 de

249 5463 374 5519 LXX
413 5469 630 5522 editione
677 5469 986 5536 composuit,
1025 5485 1056 5520 a
1095 5468 1337 5539 Gregorio
1387 5470 1670 5525 Turenensi
1700 5475 1810 5540 epi-

243 5574 386 5617 πονο
406 5576 430 5610 e
451 5561 678 5629 partibus
702 5558 952 5612 Romanis
981 5571 1287 5628 mutuatam,
1315 5563 1365 5614 in
1389 5560 1678 5616 Galliarum
1713 5564 1812 5616 Ec-

243 5651 408 5703 rlcsias
450 5654 687 5706 iuvectos
725 5651 916 5705 fuisse.
964 5652 1028 5706 At
1057 5653 1194 5720 quod
1242 5653 1309 5707 ab
1341 5656 1498 5709 unico
1551 5653 1813 5709 Strabone

1918 4570 2072 4610 noete
2109 4574 2139 4611 a
2169 4572 2267 4611 suo
2321 4569 2488 4612 stratu
2539 4573 2871 4629 consurgens
2919 4564 3214 4618 orationem
3252 4566 3501 4623 lat-iebat.

1920 4646 2176 4716 Denique,
2201 4665 2304 4701 non
2333 4651 2474 4703 enini
2505 4651 2681 4704 omnia
2715 4653 2766 4704 iu
2801 4654 2936 4708 hanc
2959 4671 3069 4710 rem
3099 4656 3342 4726 Gregorii
3379 4661 3493 4714 loca

1916 4741 2155 4806 proferre
2183 4749 2356 4803 vaeat,
2400 4740 2646 4795 Salooius
2686 4753 2740 4796 et
2779 4743 3098 4812 Sagittarius
3134 4752 3392 4818 episcopi,
3430 4753 3500 4804 ob

1916 4846 2006 4885 Sua
2034 4833 2238 4887 scelera
2271 4832 2480 4898 famosi,
2505 4837 2739 4902 graviter
2759 4852 2785 4887 a
2811 4835 3066 4903 Gregorio
3098 4842 3502 4904 reprehendun-

1919 4933 2005 4976 tur
2035 4923 2170 4976 lib;o
2206 4939 2259 4984 ν,
2291 4925 2465 4993 capite
2501 4916 2593 4991 “2‘1,
2639 4927 2779 4994 quod
2811 4928 2952 4980 nulla
2995 4944 3210 4995 prorsus
3237 4934 3372 4998 apud
3407 4950 3502 4988 eos

1917 5017 1982 5070 de
2013 5017 2122 5070 Deo
2150 5017 2352 5071 mentio
2394 5028 2556 5084 esset,
2608 5020 2701 5072 nul
2714 5023 2882 5087 'usque
2919 5023 3124 5073 omnino
3173 5039 3352 5077 cursus
3402 5043 3500 5080 me-

1917 5108 2092 5161 moria:
2129 5106 2418 5160 haberetur.
2454 5109 2576 5161 ΙΙωο
2605 5111 2671 5162 de
2699 5111 3016 5164 clericorum
3061 5113 3497 5181 obligationibus.

1917 5202 1984 5252 At
2016 5199 2151 5262 laici,
2184 5201 2424 5268 quamvis
2475 5201 2733 5265 ejusmodi
2783 5217 2949 5256 onere
3004 5209 3238 5274 exempti
3293 5222 3496 5280 essent,

1918 5289 2108 5343 ofﬁciis
2139 5300 2314 5344 tamen
2346 5291 2556 5357 divinis,
2600 5301 2656 5345 et
2695 5295 3026 5360 potissimum
3059 5301 3332 5355 nocturnis
3370 5305 3504 5374 vigi-

1921 5383 2003 5436 liis
2056 5382 2297 5446 aderant,
2349 5385 2536 5437 diebus
2591 5385 2778 5440 saltem
2840 5388 3120 5446 dominicis
3169 5396 3500 5455 et'lestivis.

1924 5472 2072 5527 Unde
2103 5473 2155 5526 in
2183 5474 2320 5527 libro
2349 5474 2415 5528 de
2471 5477 2640 5530 sancti
2681 5477 2872 5533 Juliani
2925 5481 3207 5540 virtutibus
3252 5488 3498 5542 Fedautia

1921 5565 2253 5635 objurgatur,
2278 5565 2416 5634 quod
2440 5569 2648 5621 caeteris
2671 5573 2906 5626 excubias
2927 5585 3208 5629 nocturnas
3235 5580 3503 5633 celebran-

1925 5659 2084 5724 tibus,
2119 5658 2228 5725 ipsa
2258 5658 2368 5712 sola
2416 5671 2606 5712 somno
2635 5661 2814 5717 dedita
2864 5664 3003 5721 lecto
3042 5667 3410 5722 decumberet.
3443 5669 3500 5722 lu
