4024 6192
529 254 599 309 30
1954 284 1960 293 .
1984 244 2380 303 ΡΒιΕΡΑΤΙΟ.

3762 247 3839 304 40

528 365 794 435 ejusmodi
824 373 1003 419 autem
1050 361 1326 419 solemniis
1354 361 1598 417 convivia
1649 363 1970 430 parabantur
2000 363 2109 417 cle-
2142 366 2191 424 Α
2219 358 2446 426 ctiones,
2480 360 2532 415 in
2574 361 2829 417 natalitiis
2870 369 3047 417 autem
3100 371 3411 417 sanctorum
3456 364 3581 420 dum
3613 363 3839 420 solum:

529 460 681 521 ricts,
708 464 765 511 et
791 456 1112 525 pauperibus
1168 455 1218 506 in
1275 454 1560 508 matricula
1600 467 1695 508 seu
1729 453 1971 521 catalogo
2018 451 2112 507 de-

532 549 767 617 scriptis,
793 549 955 605 immo
984 539 1038 601 et
1065 547 1350 616 aliquando
1388 548 1520 602 viris
1549 546 1868 611 illustribus,
1893 546 2113 616 potissi-

533 655 678 694 mum
709 638 763 693 in
796 637 1082 709 majoribus
1135 638 1408 701 Ecclesiis,
1462 638 1519 691 in
1569 639 1760 708 quibus
1811 638 2118 692 celebrabat

529 734 833 800 episcopus,
862 744 981 799 quae
1004 730 1243 785 convivia
1281 730 1335 783 in
1360 732 1514 783 domo
1540 731 1764 784 ecclestte
1786 729 1927 784 facta
1951 730 2116 783 fuisse

533 839 639 879 non
671 821 830 877 semel
863 820 1151 890 Gregorius
1192 830 1438 876 testatur.

602 913 691 965 tl.
734 911 883 965 Haud
914 912 1089 966 minus
1119 911 1267 964 utilis
1294 919 1378 965 est
1400 910 1692 980 Gregorius
1722 920 1907 965 noster
1938 911 1990 965 in
2021 912 2116 966 de-

533 1003 912 1072 prehendendo
943 1004 1167 1072 litargiaa
1190 1002 1476 1059 Gallicana:
1509 1002 1636 1069 ritu,
1673 1019 1832 1070 quam
1867 1004 1918 1057 in
1943 1018 2118 1073 expo-

534 1098 928 1152 nendiscursus
965 1100 1129 1153 divini
1181 1098 1445 1168 partibus.
1505 1100 1844 1167 Deperditum
1898 1097 2118 1166 quidem

532 1202 639 1241 non
673 1203 956 1257 possumus
984 1206 1087 1244 non
1115 1190 1297 1244 dolere
1330 1190 1522 1244 librum
1565 1191 1717 1244 illum
1763 1190 1833 1245 de
1864 1189 2043 1244 Missis
2090 1204 2121 1243 a

534 1288 722 1334 sancto
753 1263 1046 1349 Apollinari
1076 1280 1297 1336 Sidonio
1334 1282 1667 1348 compositis,
1724 1284 1807 1335 cui
1853 1280 2125 1350 praefatio-

533 1386 655 1425 nem
709 1372 1027 1440 adiunxerat
1053 1382 1233 1427 noster
1262 1372 1572 1442 Gregorius,
1606 1381 1661 1424 ut
1691 1372 1804 1441 ipse
1839 1380 2122 1426 attestatur

534 1464 675 1519 libro
719 1479 757 1516 ll
788 1464 1055 1528 Hismrise,
1085 1466 1261 1533 capite
1279 1463 1371 1529 ‘22,
1396 1480 1513 1517 eum
1544 1464 1744 1518 exinde
1776 1474 1939 1516 totam
1964 1463 2120 1517 litur-

534 1558 634 1625 gite
666 1568 864 1611 nostra:
887 1559 1080 1611 seriem
1110 1557 1506 1611 didicissemtts.
1532 1557 1609 1610 Ex
1636 1557 1740 1610 hoc
1766 1566 1943 1611 autem
1975 1555 2114 1612 Gre-

535 1647 669 1715 gorii
703 1649 819 1701 loco
850 1647 1108 1702 refutatur
1135 1663 1319 1703 eorum
1351 1648 1639 1712 sententia,
1671 1648 1761 1717 qui
1786 1647 2116 1701 Gallicanam

2214 453 2378 505 modo
2402 453 2723 519 referttntur,
2770 455 2911 522 quod
2942 455 3170 519 scilicet,
3222 466 3279 509 ut
3315 456 3532 526 quidem
3592 455 3836 527 conjici-

2215 558 2368 618 mus,
2392 545 2513 601 loco
2542 548 2729 615 prima:
2770 546 3013 601 lectionis
3041 546 3306 615 ejusmodi
3338 557 3654 602 sanctorum
3712 549 3839 603 vita

2216 656 2279 695 ex
2311 641 2418 693 alio
2446 638 2633 692 codice
2662 637 2987 706 legerentur.
3037 635 3178 690 Idem
3228 636 3396 691 innuit
3447 639 3564 707 ipse
3620 637 3840 708 Grego-

2218 732 2333 787 rius
2360 731 2415 784 in
2442 728 2616 799 capite
2643 728 2711 782 86
2745 726 2865 781 libri
2897 726 2962 781 de
2989 726 3173 780 Gloria
3221 727 3536 797 Martyrum,
3594 729 3694 782 ubi
3744 728 3843 780 ha-

2219 825 2348 880 bet:
2384 821 2538 877 Lecta
2576 821 2835 891 passione,
2869 819 3039 873 sancti
3077 818 3379 889 Polycarpi,
3423 819 3577 887 Cujus
3626 818 3839 873 festum

2220 915 2591 980 celebrabatur,
2616 929 2733 967 cum
2769 912 2979 982 reliquis
3008 912 3331 978 lectionibus,
3362 927 3487 981 quas
3523 929 3707 965 canon
3749 930 3841 966 sa-

2219 1005 2493 1059 cerdotalis
2540 1005 2751 1066 inuexit,
2783 1013 2980 1072 tempus
3023 1002 3093 1055 ad
3140 1004 3456 1071 sacriﬁcium
3500 1002 3843 1071 offerendum

2221 1095 2446 1149 advenit.
2489 1093 2767 1163 Ejusmodi
2796 1103 3104 1148 sanctorum
3130 1096 3263 1149 Acta
3312 1109 3340 1147 a
3375 1094 3565 1149 lectore
3599 1098 3839 1150 recitata

2224 1188 2392 1242 fuisse
2431 1194 2659 1241 testatur
2686 1185 2976 1256 Gregorius
3022 1186 3162 1240 libro
3185 1200 3223 1238 tr
3252 1186 3319 1240 de
3350 1184 3632 1241 Miracuiis
3664 1188 3844 1243 sancti

2223 1279 2435 1335 Martini
2465 1293 2587 1349 cap.
2619 1278 2707 1345 Μ),
2742 1293 2850 1348 quo
2881 1278 3098 1332 nomine
3126 1279 3381 1333 clericum
3411 1280 3476 1331 ad
3518 1278 3570 1331 id
3619 1279 3845 1348 specia-

2225 1372 2349 1426 liter
2378 1371 2687 1427 ordinatum
2718 1370 3126 1440 intelligendum
3177 1384 3299 1424 esse
3347 1370 3569 1424 inﬁciari
3634 1371 3843 1437 nolim,

2222 1475 2523 1531 quanquam
2549 1471 2604 1515 et
2627 1461 2694 1515 ab
2723 1460 2840 1514 aliis
2879 1461 3092 1515 clericis
3135 1461 3430 1531 majoribus
3462 1461 3562 1531 legi
3620 1462 3846 1533 potuis-

2225 1563 2366 1609 sent.
2410 1553 2652 1608 Meminit
2697 1552 2838 1607 idem
2886 1552 3178 1621 Gregorius
3241 1553 3375 1606 libro
3431 1568 3546 1617 vttt,
3603 1568 3741 1623 cap.
3788 1555 3842 1619 ὅ.

2225 1643 2813 1714 psalmi-responsorii,
2865 1643 2957 1712 qui
3012 1642 3300 1698 adiacouo
3352 1642 3408 1696 in
3456 1644 3623 1698 Missa
3654 1659 3845 1701 coram

536 1739 804 1809 liturgiam
833 1755 898 1793 ex
927 1739 1265 1794 Mosarabum
1307 1741 1411 1793 ritu
1458 1746 1750 1792 mutuatam
1800 1737 1967 1793 fuisse
1997 1736 2129 1792 scri-
2160 1734 2208 1792 B
2235 1752 2363 1807 rege
2387 1746 2631 1792 cantatus
2661 1735 2855 1790 fuerat.
2884 1735 3036 1803 Quod
3078 1735 3219 1790 inter
3270 1736 3404 1791 duas
3446 1736 3727 1793 lectiones
3769 1738 3847 1792 fa—

536 1840 773 1897 pserunt,
812 1831 953 1896 quod
987 1838 1129 1898 patet
1169 1844 1235 1883 es
1264 1830 1383 1883 aliis
1431 1830 1627 1899 passim
1680 1826 1922 1897 Gregorii
1978 1829 2132 1883 testi-

536 1922 757 1988 moniis,
787 1922 978 1992 quibus
1006 1932 1214 1976 certum
1250 1932 1334 1976 est
1378 1922 1543 1975 multo
1588 1928 1712 1975 ante
1748 1930 1992 1974 sanctum
2038 1920 2132 1974 Isl-

537 2015 724 2069 dorum
760 2015 1125 2084 llispalensem
1154 2016 1490 2085 episcopum,
1536 2029 1692 2084 quem
1745 2014 1924 2068 ferunt
1954 2014 2132 2069 Mosa-

539 2106 707 2159 rabtci
749 2098 884 2161 ritus
920 2116 1219 2171 auctorem,
1268 2106 1597 2161 Gallicanam
1624 2107 1887 2176 Iiturgiam
1917 2106 2132 2160 ordina-

537 2208 644 2253 tam
674 2199 861 2253 fuisse.
892 2199 1134 2253 Sufficiat
1183 2200 1272 2253 hic
1323 2215 1487 2253 unum
1540 2213 1805 2268 promere,
1864 2214 1932 2253 ex
1986 2199 2125 2252 libro

541 2290 747 2343 scilicet
799 2291 869 2342 de
900 2289 1034 2343 Vitis
1066 2289 1305 2351 Patrum,
1354 2289 1528 2356 capite
1568 2288 1655 2355 17,
1703 2289 1789 2342 ubi
1817 2288 2129 2356 Gregorius,

544 2381 770 2447 loquens
790 2378 864 2432 de
892 2379 1210 2433 lectionibus
1231 2394 1350 2447 quae
1380 2380 1517 2432 inter
1544 2378 1820 2432 Missarum
1845 2379 2130 2443 solemnia,

546 2480 817 2541 praesente
850 2469 1233 2524 Theodeberto
1282 2485 1431 2540 rege,
1483 2472 1723 2524 recitatae
1772 2471 2004 2537 fuerant,
2058 2471 2136 2525 sic

544 2563 706 2617 habet
737 2578 750 2612 :
792 2559 956 2615 Lectis
978 2560 1297 2626 lectionibus,
1324 2578 1448 2630 quas
1485 2578 1649 2616 canon
1675 2564 1845 2616 sanxit
1869 2564 2131 2630 antiquus.

548 2653 808 2722 Antiquos
833 2655 1012 2722 itaque
1036 2655 1146 2722 jam
1176 2663 1301 2708 tunc
1322 2663 1439 2708 erat
1462 2655 1552 2708 ille
1581 2655 1715 2710 ritus
1735 2655 1922 2710 Missas
1944 2656 1997 2709 in
2030 2656 2133 2711 Ec-

547 2743 708 2799 clesia
734 2744 1011 2799 Gallicana
1036 2745 1366 2809 celebrandi,
1416 2756 1701 2814 antequam
1753 2747 1992 2799 isidorus
2043 2746 2136 2800 iii-

547 2836 846 2906 spalensem
873 2836 1120 2891 thronum
1145 2837 1371 2891 subiret.
1397 2838 1467 2890 Et
1491 2839 1601 2890 haec
1622 2838 1724 2890 fuit
1750 2846 2005 2890 constans
2036 2851 2135 2906 pa-

548 2938 689 2982 trum
733 2939 1035 2983 ttostrorum
1070 2930 1302 2992 traditio,
1333 2946 1494 2998 quam
1538 2930 1734 2982 saeculo
1764 2943 1906 2983 nouo
1935 2927 2136 2983 confir-

555 3024 721 3076 mavit
753 3021 1053 3084 llilduinus,
1089 3021 1253 3077 abbas
1281 3020 1461 3075 Sancti
1515 3021 1775 3091 Dionysii,
1805 3022 1871 3073 ad
1902 3019 2137 3074 Ludovi-

2232 1838 2376 1884 ctum
2405 1827 2572 1883 fuisse
2599 1843 2703 1882 non
2733 1828 3062 1894 dubitamus,
3102 1843 3168 1883 eo
3220 1836 3461 1898 tempore
3508 1845 3625 1899 quo
3679 1830 3847 1891 hodie

2232 1923 2488 1993 graduale
2519 1923 2731 1975 concini
2761 1922 2919 1975 solet.
2967 1920 3062 1975 [iis
3093 1922 3346 1988 peractis,
3375 1920 3641 1976 diaconus
3670 1924 3848 1978 lectu-

2234 2029 2327 2069 rus
2367 2013 2717 2082 Evangelium
2748 2011 3063 2066 solemniter
3089 2011 3433 2081 procedebat,
3471 2013 3548 2065 uti
3605 2013 3848 2069 refertur

2239 2104 2375 2157 libro
2398 2118 2493 2157 vttt
2518 2144 2533 2167 ,
2561 2104 2737 2171 capite
2758 2104 2812 2170 ι,
2840 2111 3004 2171 atque
3030 2103 3080 2156 ei
3114 2102 3383 2172 Evangelii
3413 2103 3713 2158 lectionem
3737 2122 3838 2159 att-

2236 2194 2521 2261 nuntianti,
2554 2193 2703 2262 plebs
2726 2194 2902 2248 omnis
2930 2193 3154 2263 gloriam
3190 2192 3300 2247 Deo
3325 2193 3565 2249 referens
3599 2210 3841 2265 respon-

2236 2287 2418 2351 debat,
2446 2286 2637 2341 iisdem
2687 2286 2915 2341 fortasse
2946 2288 3149 2352 verbis,
3193 2287 3388 2356 quibus
3432 2287 3715 2359 hodieque
3744 2292 3851 2344 uti-

2238 2395 2376 2434 mur.
2404 2378 2533 2434 Nam
2564 2378 2931 2433 Guntramnus
2959 2379 3098 2448 apud
3127 2380 3442 2448 Gregorium
3469 2380 3588 2434 loco
3615 2382 3850 2436 laudato

2237 2480 2441 2532 narrat,
2469 2472 2714 2526 eamdem
2758 2471 2926 2528 fuisse
2958 2471 3138 2541 populi
3167 2472 3572 2540 reSponsionem
3606 2474 3851 2530 diacono

2237 2566 2603 2633 cvattgelicatn
2648 2565 2935 2619 lectionem
2979 2562 3363 2632 pronuntianti,
3393 2578 3454 2617 ac
3488 2563 3705 2618 homini
3757 2568 3852 2634 qui

2236 2656 2508 2726 Sigiberto
2558 2659 2669 2727 regi
2720 2667 2900 2711 natum
2932 2657 2982 2711 ei
3021 2655 3190 2711 fuisse
3245 2655 3409 2709 tilium
3466 2658 3849 2712 nuntiaverat.

2242 2747 2392 2803 Unde
2420 2748 2615 2818 factum
2648 2756 2742 2813 est,
2773 2747 2964 2815 inquit,
2993 2754 3049 2799 ut
3086 2748 3249 2800 omnis
3276 2744 3496 2816 populus
3538 2746 3591 2800 in
3622 2760 3855 2818 utraque

2240 2838 2635 2894 annuntiatione
2659 2840 3000 2909 proclamaret
3029 2841 3220 2908 pariter
3250 2853 3285 2909 ί
3309 2838 3485 2892 Gloria
3530 2836 3649 2893 Deo
3680 2842 3855 2894 omni-

2239 2931 2450 3001 potenti.

2312 3022 2404 3075 43.
2446 3022 2719 3078 Absolutis
2746 3021 3086 3087 lectionibus,
3123 3022 3380 3076 diaconus
3429 3022 3631 3091 populo
3676 3022 3857 3078 silen-

555 3127 678 3166 cum
732 3112 884 3165 Pium
915 3113 1182 3174 scribens,
1228 3113 1316 3180 qui
1362 3112 1679 3181 peculiarem
1706 3111 1885 3166 Μίδεω
1908 3112 2142 3165 ordinem
2164 3110 2214 3171 C
2251 3115 2381 3172 tium
2406 3118 2697 3183 indicebat,
2737 3130 2793 3171 ut
2820 3117 2995 3172 Missa:
3023 3122 3458 3182 auscuftarentur,
3488 3132 3552 3171 et
3583 3116 3851 3188 Gregorii

554 3217 694 3255 more
719 3201 920 3255 Gallico
966 3204 1026 3254 ab
1071 3201 1215 3254 initio
1260 3214 1474 3270 receptas
1504 3203 1627 3271 ﬁdei
1652 3202 1702 3256 in
1736 3202 1817 3256 Itis
1844 3202 2134 3257 Galliarum

552 3292 795 3361 partibus
825 3293 1122 3347 adhibitum
1164 3293 1333 3347 fuisse
1376 3295 1589 3350 asserit.
1620 3294 1801 3361 Qualis
1829 3309 1956 3350 vero
1977 3294 2141 3349 fuerit

553 3385 644 3441 ille
660 3385 820 3447 ordo,
846 3384 1147 3453 intelligere
1176 3382 1303 3437 licet
1328 3399 1394 3438 ex
1429 3385 1662 3453 antiquis
1703 3384 1935 3452 liturgiis
1963 3399 1991 3436 a
2024 3382 2137 3437 νγ.

554 3475 639 3529 Gl.
686 3472 920 3542 loseplto
949 3473 1219 3528 Thomaso
1251 3474 1564 3543 presbytero
1593 3476 1842 3543 regulari,
1874 3484 1933 3529 et
1958 3485 2142 3529 nostro

558 3566 865 3619 Mahillonio
898 3563 1084 3628 editis,
1131 3580 1265 3633 quas
1308 3581 1373 3619 ex
1423 3567 1667 3632 plurimis
1694 3564 1941 3635 Gregorii
1972 3567 2144 3621 nostri

554 3660 904 3723 testimoniis,
937 3660 1164 3727 alitsqne
1198 3661 1469 3713 veteribus
1498 3666 1882 3726 monumentis,
1927 3671 1982 3714 et
2011 3662 2146 3715 iuvi-

556 3753 656 3805 ctis
680 3750 1031 3820 argumentis,
1067 3765 1196 3803 vere
1233 3750 1538 3805 Gallicanae
1583 3749 1745 3805 fuisse
1770 3750 2148 3821 deprehende-

557 3844 989 3909 runt.Quzenam
1046 3853 1224 3897 autem
1282 3842 1481 3897 fuerint
1540 3842 1769 3913 liturgia:
1828 3852 2028 3913 partes,
2058 3855 2151 3900 aut

563 3937 687 4005 quis
711 3951 830 3990 eam
883 3936 1191 3991 celebrandi
1238 3937 1395 4002 rites,
1428 3952 1493 3991 es
1534 3936 1777 4007 Gregorii
1816 3937 2029 4007 scriptis
2056 3954 2153 3992 es-

562 4030 902 4100 pendendum
925 4039 1035 4084 est.

629 4119 717 4172 42.
761 4121 896 4175 Tl‘res
921 4121 1178 4176 lectiones
1220 4136 1286 4175 ex
1321 4120 1484 4175 variis
1523 4136 1694 4176 sacris
1741 4122 2036 4191 Scriptum
2088 4121 2155 4175 li-

561 4209 673 4263 bris
697 4212 849 4265 initio
877 4212 1055 4265 Missae
1084 4212 1253 4267 lectas
1310 4211 1476 4266 fuisse
1512 4212 1775 4266 discimus
1814 4212 2152 4280 potissimum

561 4317 627 4356 ex
660 4304 795 4356 libro
843 4318 888 4354 tv
944 4304 1213 4366 Historiae,
1257 4305 1433 4370 capite
1487 4304 1574 4366 l6,
1619 4318 1848 4371 quorum
1899 4300 2045 4371 prior
2086 4316 2157 4356 ex

568 4392 878 4461 Pt-opbetis,
913 4392 1082 4448 altera
1126 4406 1192 4446 ex
1225 4392 1504 4446 canonicis
1549 4392 1825 4460 Epistolis,
1852 4406 1916 4444 ac
1940 4393 2158 4447 deum

2242 3211 2382 3269 libro
2408 3227 2511 3280 vn,
2548 3212 2723 3282 capite
2767 3211 2820 3279 8,
2880 3223 3097 3281 tumque
3144 3210 3426 3266 celebrans
3473 3210 3542 3265 de
3586 3212 3859 3281 praesenti

2246 3306 2582 3359 solemnitate
2608 3314 2846 3359 astantes
2877 3304 3021 3357 brevi
3049 3302 3350 3369 erudiebat,
3382 3311 3544 3372 atque
3585 3302 3692 3356 hac
3730 3320 3858 3358 mo-

2248 3396 2454 3449 nitione
2483 3394 2617 3450 facta
2658 3394 3017 3463 subiungebat
3059 3393 3357 3446 orationem
3407 3405 3503 3446 seu
3535 3392 3859 3460 collectam,

2248 3502 2369 3557 qua:
2398 3488 2562 3555 vulgo
2596 3485 2759 3540 Missa
2811 3487 2864 3538 in
2893 3486 3060 3539 veteri
3116 3483 3533 3538 sacrametttario
3591 3483 3862 3542 Bobiensi

2250 3578 2569 3648 appellatur.
2617 3579 2783 3649 Hujus
2827 3592 2989 3647 porro
3026 3579 3311 3632 occasione
3356 3576 3555 3631 silentii
3602 3587 3861 3647 accepta,

2250 3683 2308 3724 ttt
2329 3670 2529 3723 ibdem
2555 3668 2842 3738 Gregorius
2867 3678 3068 3732 narrat,
3094 3668 3458 3725 Guntramnus
3481 3682 3573 3721 rex
3600 3676 3859 3726 astantes

2252 3762 2533 3832 aliquando
2554 3771 2883 3817 contestatus
2905 3771 3007 3828 est,
3041 3776 3109 3815 ne
3129 3776 3158 3815 a
3188 3776 3478 3830 quoquam,
3503 3770 3558 3814 ut
3590 3760 3861 3818 fratribus

2254 3855 2366 3908 suis
2412 3859 2730 3925 contigerat,
2779 3853 3203 3918 interficeretur;
3237 3864 3285 3905 et
3318 3855 3497 3906 statim
3539 3854 3727 3908 omnis
3762 3870 3863 3926 po-

2257 3945 2412 4014 pulus
2438 3961 2533 4015 pro
2554 3946 2695 4017 regis
2722 3945 3092 4001 incolumitate
3136 3946 3204 3998 ad
3236 3945 3516 3997 Dominum
3562 3946 3864 4002 orationem

2260 4039 2416 4103 fudit.

2328 4131 2421 4184 M.
2464 4131 2591 4185 Post
2616 4130 2877 4185 lectiones
2906 4147 3019 4183 cum
3063 4131 3303 4198 sacri/icii
3351 4129 3623 4196 oferendi,
3678 4128 3865 4201 inquit

2261 4223 2554 4290 Gregorius
2588 4223 2769 4276 librOI
2812 4223 2879 4276 de
2920 4221 3105 4277 Gloria
3158 4223 3474 4293 Martyrum,
3530 4221 3712 4290 capite
3766 4222 3862 4288 86,

2264 4327 2458 4384 tempus
2488 4318 2792 4381 advenisset,
2843 4316 3089 4369 diaconus
3135 4316 3319 4368 turrim
3370 4316 3425 4369 in
3468 4331 3571 4386 qua
3622 4319 3867 4386 corporis

2267 4410 2515 4462 dominici
2548 4411 2838 4479 mysterium
2871 4410 3242 4477 continebatur,
3271 4408 3464 4473 attulit,
3488 4424 3551 4463 ex
3581 4410 3863 4473 sacrario,

565 4482 721 4536 tertia
750 4496 814 4536 es
846 4481 1134 4550 Evangelio
1164 4483 1273 4548 poti
1322 4481 1591 4536 solebant.
1645 4481 1987 4550 Pt'ophetiam
2018 4481 2139 4550 ipse

2267 4503 2339 4555 uti
2371 4500 2499 4555 mihi
2529 4499 2758 4555 videtur.
2792 4502 3004 4554 Ublatto
3035 4503 3188 4569 panis
3236 4509 3291 4555 et
3320 4500 3427 4553 viui
3479 4498 3639 4552 fiebat
3684 4512 3717 4550 a
3767 4514 3868 4568 po-

564 4582 675 4628 met
706 4571 973 4625 Palladius
1017 4574 1301 4641 episcopus
1347 4572 1630 4627 celebrans
1677 4572 1906 4641 legebat,
1952 4586 2073 4626 cum
2128 4588 2155 4625 a

567 4664 900 4717 Guntramno
951 4676 1100 4729 rege,
1154 4662 1244 4730 qui
1303 4675 1539 4730 prJBSBIIS
1582 4662 1791 4729 aderat,
1844 4663 2039 4717 vetitus
2078 4672 2161 4716 est

580 4752 795 4806 Missam
852 4751 1079 4807 ulterius
1133 4750 1405 4819 prosequi.
1454 4751 1741 4819 Martyrum
1800 4752 2076 4821 passiones
2106 4762 2161 4809 et

571 4846 953 4901 Confessorum
981 4854 1118 4897 Vttas
1142 4845 1463 4913 quandoque
1486 4844 1629 4899 inter
1661 4845 1937 4900 Missurum
1962 4846 2158 4901 solem-

2267 4596 2427 4666 pulo;
2460 4611 2670 4649 munera
2693 4609 2820 4649 vero
2850 4605 2968 4663 pOal
3008 4593 3332 4648 oblationem
3376 4606 3535 4661 super
3560 4594 3733 4644 altare
3768 4594 3867 4646 deo

2265 4690 2458 4757 posita,
2494 4688 2631 4755 palla
2663 4701 2757 4740 seu
2783 4688 2943 4756 pallio
2973 4686 3309 4753 tegebantur,
3340 4685 3482 4752 quod
3515 4684 3585 4736 ita
3614 4682 3867 4751 amplum

2264 4797 2382 4837 esse
2406 4783 2652 4845 debebat,
2682 4790 2740 4833 ut
2766 4780 3011 4832 altarium
3038 4778 3192 4831 simul
3238 4785 3293 4833 et
3328 4776 3629 4829 oblationes
3657 4783 3863 4827 conte-

2266 4888 2393 4940 gere
2425 4883 2627 4941 posset.
2660 4870 2893 4924 Pallittm
2915 4869 3132 4923 sericum
3181 4869 3418 4937 appellat
3444 4864 3740 4937 Gregorius
3801 4867 3868 4919 li-

569 4942 658 4996 ¹¹ί³
687 4940 857 4995 [ecus
902 4940 1066 4995 fuisse
1134 4953 1241 4991 "0"
1295 4938 1484 5032 semel,
1528 4939 1700 4992 imm“
1740 4938 2055 5007 Gregorius,
2107 4945 2201 4994 δι’
2270 4938 2365 5020 bro
2390 4938 2481 5029 vit,
2515 4966 2690 5032 capite
2718 4962 2820 5028 ‘22;
2872 4959 3263 5029 coopertoritttn
3314 4973 3444 5012 vero
3493 4956 3867 5011 Sarmaticum

571 5048 832 5103 nusquam
869 5035 1001 5087 satis
1024 5032 1233 5086 diserte
1260 5031 1517 5097 exprimit
1543 5045 1652 5099 quo
1686 5042 1925 5098 tempore
1948 5032 2045 5084 ista
2076 5032 2159 5085 le-

572 5129 678 5177 Hi0
704 5128 875 5179 tle-ret.
910 5127 1056 5178 ltattc
1080 5134 1255 5176 tamen
1312 5124 1494 5190 prima:
1543 5124 1785 5176 lectionis
1827 5124 1942 5176 loco
1966 5124 2162 5176 iactam

573 5216 740 5288 fui-se
767 5216 1066 5284 colligimus
1092 5231 1157 5270 ex
1183 5212 1498 5269 lectiouat'io
1520 5215 1798 5268 Gallicana
1822 5215 2167 5280 Luxurieusi,

574 5306 715 5375 quod
746 5322 775 5357 a
806 5308 1111 5363 Mabilttmio
1138 5309 1337 5363 editum
1370 5317 1472 5371 est,
1499 5308 1585 5363 ubi
1613 5308 1665 5361 in
1694 5289 2164 5363 festo-sanetoan

582 5400 718 5451 Petri
747 5408 801 5454 et
830 5401 977 5455 Pauli
1005 5442 1020 5464 ,
1062 5405 1262 5457 omissa
1294 5404 1571 5472 prophetia
1594 5446 1609 5468 ,
1653 5404 2016 5471 apostolorum
2044 5417 2167 5472 pas—-

576 5494 657 5545 sio
683 5492 901 5560 legenda
918 5496 1253 5561 proponitur.
1273 5495 1324 5549 ld
1338 5505 1523 5562 aperte
1552 5505 1695 5564 patet
1720 5512 1782 5549 ex
1804 5505 2167 5550 sacramenta-

579 5588 661 5640 rio
693 5584 961 5651 Bobiensi,
990 5588 1058 5640 ab
1103 5590 1296 5643 eodem
1350 5589 1674 5653 Mabitlonio,
1735 5600 1880 5643 tomo
1936 5589 1953 5641 i
2001 5589 2165 5642 Musei

583 5676 747 5733 ltalici
777 5674 945 5744 edito,
970 5679 1059 5732 ubi
1083 5679 1132 5731 itt
1164 5678 1340 5733 Missis
1366 5679 1435 5733 de
1457 5689 1697 5749 tempore
1728 5690 1836 5734 tres
1859 5679 2057 5748 ubique
2089 5680 2139 5733 le

2273 5059 2323 5111 itt
2357 5056 2471 5109 Vita
2504 5057 2672 5110 sancti
2728 5054 2912 5108 Nicetii
2968 5051 3338 5121 Lugdunensis
3387 5052 3453 5104 ad
3504 5050 3555 5103 id
3610 5050 3867 5105 oblatum

2275 5148 2434 5202 fuisse
2458 5148 2700 5200 dicitur:
2742 5148 2833 5200 sed
2870 5144 2993 5197 illud
3044 5144 3206 5211 recipi
3238 5142 3403 5196 vetuit
3450 5150 3672 5195 sanctus
3714 5145 3871 5197 anti-

2277 5252 2408 5307 stes,
2443 5242 2582 5309 qttod
2618 5256 2719 5293 non
2746 5248 2890 5294 esset
2921 5236 3193 5291 sufficiens
3232 5236 3296 5289 ad
3337 5234 3756 5304 c00periendum
3789 5239 3870 5290 al-

2283 5346 2395 5388 tare
2424 5335 2579 5388 simul
2612 5348 2731 5389 cum
2783 5330 3091 5384 muneribus
3128 5330 3328 5393 sacris;
3357 5338 3412 5382 et
3460 5331 3531 5381 ita
3567 5343 3776 5398 rarum,
3815 5340 3872 5384 ut

2275 5442 2337 5481 eo
2364 5441 2470 5479 non
2496 5427 2624 5479 satis
2656 5432 2922 5493 tegeretur
2947 5424 3175 5489 corporis
3225 5431 3272 5474 et
3316 5422 3585 5489 sanguinis
3614 5423 3871 5473 dominici

2276 5517 2589 5586 mysterium.
2627 5515 2899 5568 Diversum
2924 5524 3097 5565 autem
3132 5517 3198 5565 ab
3228 5514 3308 5565 his
3342 5513 3558 5580 pallium
3591 5523 3730 5575 erat,
3758 5528 3872 5581 quo

2275 5622 2423 5665 ettra
2474 5609 2751 5661 Missarum
2800 5605 3056 5659 solemnia
3112 5607 3280 5659 altare
3330 5615 3640 5671 coopertum
3692 5604 3873 5659 fuisse

2276 5703 2530 5756 discimus
2558 5715 2621 5754 ex
2656 5700 2794 5752 libro
2838 5713 2890 5762 ι,
2928 5699 3101 5766 capite
3149 5698 3229 5759 lli,
3266 5697 3352 5749 ubi
3376 5696 3581 5751 Justina
3615 5698 3760 5761 palla
3792 5702 3858 5753 at
