4024 6192
222 182 276 238 ΔΙ
1637 174 2022 233 ΡΒᾸΞΓΛΤῖΟ.
3368 180 3433 235 19.

234 292 328 345 utris
348 297 488 358 operta
527 295 924 351 memoratur,
978 300 1039 341 eo
1090 293 1331 354 tempore
1373 300 1476 355 quo
1517 286 1755 341 homines
1788 294 1831 349 Α
1864 286 2100 340 meminit
2129 288 2179 341 in
2219 283 2348 343 Vitis
2376 289 2608 359 Patrum,
2638 291 2809 359 capite
2848 291 2927 357 ιϐ,
2960 293 3042 346 ubi
3085 293 3240 347 etiam
3266 294 3435 349 refert

236 379 460 441 furibundi,
490 378 828 432 Pictavense
851 377 1072 445 ingrcssi
1096 377 1497 440 monasterium,
1525 378 1759 431 abbatis-

237 488 320 523 sam
339 484 486 538 rapere
506 468 883 521 conabantur.
912 469 1074 521 Porro
1099 466 1342 535 Gregorii
1379 467 1569 529 locum,
1604 482 1760 534 quem

239 577 324 615 mox
347 561 670 623 laudavimus,
700 561 866 627 paulo
895 559 1049 612 aliter
1075 557 1331 611 exhibent
1361 558 1510 623 editi,
1548 559 1634 611 ubi
1666 574 1762 627 pro

238 652 486 721 mysterium,
530 664 636 702 vox
690 650 1033 701 ministerium
1095 649 1342 713 habetur,
1401 650 1547 715 quasi
1604 650 1655 701 in
1700 664 1761 702 ea

239 753 343 795 turre
364 756 467 810 quae
495 756 523 791 a
545 742 775 794 diacono
796 739 975 793 alferri
1000 739 1223 801 solebat,
1258 737 1385 790 nihil
1437 739 1580 791 aliud
1634 741 1763 794 fuis-

233 846 306 897 set,
329 848 463 901 quam
496 846 621 885 vasa
649 841 709 885 et
741 834 845 884 alia
871 831 936 884 ad
986 830 1360 884 celebrandam
1410 830 1623 883 Missam
1673 848 1766 885 ne-

234 927 432 979 cess:tria.
464 924 573 978 Sed
606 931 845 976 nostram
880 922 1164 975 lectronem
1189 922 1342 976 alteri
1374 922 1764 990 praeferendam

229 1032 321 1069 esse
338 1015 530 1079 suadet,
562 1024 760 1081 praeter
780 1022 1089 1081 argumenta
1123 1028 1242 1082 quae
1266 1014 1316 1066 in
1349 1014 1490 1068 notis
1524 1013 1590 1066 ad
1621 1014 1761 1067 hunc

231 1111 364 1164 locum
390 1112 726 1180 protulimus,
773 1110 1010 1168 omnium
1040 1112 1259 1164 omnino
1284 1112 1765 1181 ntanuscriptorum

227 1202 428 1255 codicum
460 1202 778 1255 auctoritas.
815 1201 882 1255 Ει
929 1203 1145 1271 quidem
1183 1203 1455 1271 aptissima
1486 1214 1565 1258 est
1609 1207 1674 1259 ad
1706 1205 1769 1259 il-

230 1296 513 1347 lustrandum
563 1296 774 1349 concilii
832 1294 985 1363 primi
1044 1297 1355 1351 Arausieani
1387 1314 1646 1353 canoncm
1675 1300 1766 1364 2'2,

226 1388 294 1453 qui
321 1390 434 1441 adeo
492 1388 721 1441 virorum
769 1388 1101 1441 eruditorum
1151 1388 1361 1457 ingenia
1411 1391 1585 1445 torsit.
1634 1392 1766 1445 Cum

225 1479 344 1532 enim
370 1479 430 1533 ibi
475 1478 800 1548 praecipitur,
854 1496 969 1532 cum
998 1496 1153 1549 capsa
1196 1491 1240 1534 et
1270 1481 1481 1534 calicem
1512 1499 1619 1536 esse
1644 1484 1770 1550 offc—

225 1571 429 1634 rendum,
450 1583 491 1623 et
518 1572 826 1624 admixtione
856 1570 1199 1624 Eucltaristite
1226 1575 1647 1637 consecrandum,
1685 1576 1768 1629 ni-

1862 384 2093 430 sanctum
2140 393 2324 430 munus
2362 379 2507 447 signa
2545 382 2708 434 crucis
2750 384 3068 451 superposito
3120 381 3433 436 benedictum

1864 464 2046 530 fuisse,
2080 466 2237 537 idque
2258 469 2417 537 juxta
2456 485 2644 523 morem
2673 470 2993 524 catholicum.
3020 472 3224 537 Quibus
3252 483 3432 527 extre-

1867 558 1967 612 mis
1991 560 2165 613 verbis
2188 560 2356 614 innuit
2388 560 2673 614 Ecclesium
2696 562 3005 615 catholicam
3037 578 3126 630 per
3156 572 3320 616 totum
3351 579 3438 615 nr-

1866 648 1985 700 betn
2021 659 2281 703 terrarum
2313 650 2595 715 diffusam,
2634 654 2768 705 hanc
2797 654 2946 719 signo
2975 654 3150 707 crucis
3180 653 3322 706 cdito
3349 654 3441 706 be-

1867 739 2219 793 nedictionem
2245 741 2294 794 in
2320 742 2665 795 Eucharistim
2685 745 3086 797 consecratione
3106 743 3434 798 adhibuisse.

1867 830 2025 890 Unde
2054 831 2175 887 licet
2198 834 2248 886 in
2269 834 2385 886 aliis
2417 835 2606 888 ritibus
2631 835 2881 889 Ecclesiae
2905 837 3197 901 peculiares
3223 852 3253 889 a
3280 850 3337 890 se
3359 836 3439 889 in-

1868 927 2037 979 vicem
2070 937 2444 987 nonnunquam
2490 920 2849 991 discreparent
2872 964 2886 984 ,
2916 924 2970 975 in
3003 924 3110 991 ipsa
3144 933 3318 975 tamen
3351 937 3439 977 ac-

1870 1018 2013 1071 tione
2061 1014 2497 1077 Consecrationis,
2537 1013 2672 1067 sicut
2706 1014 2756 1066 in
2786 1014 2963 1068 verbis
3003 1014 3200 1067 Christi
3233 1014 3442 1068 Domini

1871 1109 2180 1172 recitaudis,
2211 1109 2291 1161 sic
2318 1117 2372 1161 et
2401 1107 2449 1159 in
2481 1105 2865 1160 benedictionis
2910 1106 3068 1160 modo
3096 1118 3210 1161 erat
3250 1106 3445 1172 ubique

1871 1202 2229 1255 uniformitas.
2273 1198 2435 1253 Verba
2473 1215 2616 1252 sacra
2644 1198 2819 1252 laudat
2850 1199 2901 1252 in
2946 1198 3079 1252 libro
3117 1216 3131 1253 t
3168 1198 3235 1252 de
3263 1197 3445 1253 Gloria

1874 1294 2183 1363 Martyrum.
2207 1291 2381 1360 cnpite
2404 1291 2493 1357 87,
2518 1291 2696 1359 ibique
2720 1291 2961 1345 meminit
2987 1290 3234 1359 caiifraeti
3261 1306 3416 1359 corpo
3432 1321 3449 1330 -

1870 1387 1944 1439 ris
1974 1385 2232 1439 Dominici
2264 1394 2388 1439 ante
2417 1384 2868 1438 communionem.
2900 1385 3223 1438 Dominicam
3254 1387 3450 1440 oratio.

1872 1490 1992 1529 nem
2033 1476 2101 1527 ad
2140 1474 2331 1528 Missas
2361 1475 2683 1528 decantatam
2736 1474 2896 1528 fuisse
2942 1475 3196 1531 habemus
3236 1478 3287 1531 in
3320 1477 3450 1532 Vitis

1876 1569 2112 1631 Patrum,
2141 1566 2315 1633 capite
2343 1567 2427 1630 16,
2458 1581 2613 1635 quam
2645 1566 2711 1620 ab
2737 1568 3005 1633 omnibus,
3035 1570 3193 1622 etiam
3222 1569 3455 1624 mulieri-

233 1659 301 1713 hil
328 1661 452 1713 aliud
477 1662 692 1716 voluere
737 1661 948 1726 Patres,
978 1677 1136 1730 quam
1165 1671 1223 1714 ut
1252 1672 1373 1730 post
1398 1664 1632 1716 oblatam
1668 1665 1773 1717 Deo
1807 1663 1852 1721 Β
1884 1660 2001 1726 bus,
2035 1660 2219 1713 itidem
2251 1660 2571 1711 decantatam
2591 1655 2758 1710 fuisse
2783 1659 3080 1727 colligimus
3107 1674 3172 1714 ex
3197 1660 3286 1713 lib.
3321 1676 3360 1714 ιι
3387 1661 3455 1715 de

221 1766 423 1821 capsam,
459 1752 509 1806 in
536 1769 636 1822 qua
672 1756 843 1820 panis,
875 1761 930 1806 et
955 1752 1172 1806 calicem
1199 1754 1247 1804 in
1280 1766 1386 1822 quo
1419 1754 1599 1805 vinum
1628 1768 1761 1806 eon-

230 1840 485 1907 tinebatur,
532 1843 583 1895 in
614 1846 833 1896 cahcem
878 1842 1193 1896 immittatur
1236 1844 1487 1911 particula
1520 1844 1777 1898 Euchari-

228 1935 329 1986 stia:
353 1948 413 1986 ex
451 1934 688 1987 sacrario
718 1934 768 1987 in
809 1934 939 1987 turri
988 1933 1179 2002 allatae,
1228 1945 1284 1987 ut
1335 1936 1550 2004 exponit
1601 1946 1781 1991 noster

228 2028 529 2082 Mabillonius
563 2030 613 2082 in
646 2029 1043 2084 Commentario
1073 2031 1136 2082 ad
1169 2029 1425 2083 Ordinem
1462 2030 1776 2093 Romanum,

230 2132 304 2184 pai
317 2132 395 2185 ag.
423 2119 509 2173 20.

300 2210 383 2263 45.
424 2210 580 2265 Facta
613 2213 790 2281 itaque
815 2212 964 2281 panis
992 2223 1039 2267 et
1066 2213 1172 2267 v’ni
1200 2213 1489 2279 oblatione,
1518 2213 1604 2282 qui
1632 2219 1785 2267 erant

220 2302 279 2354 ab
302 2303 543 2358 Ecclesia:
570 2307 953 2359 communione
997 2307 1261 2376 segregati
1306 2306 1487 2375 egredi
1517 2306 1784 2373 cogeban-

224 2402 311 2445 tur.
334 2394 455 2447 Cum
486 2411 681 2464 nempe
711 2395 1121 2449 Tlteodcbertus
1166 2413 1257 2449 rex
1289 2397 1426 2465 apud
1456 2397 1708 2452 Treviros
1728 2399 1779 2453 in

224 2483 470 2540 ecclesiam
526 2488 871 2554 accessisset,
906 2488 959 2541 in
1003 2487 1138 2541 Vitis
1195 2487 1432 2556 Patrum,
1465 2490 1639 2555 capite
1683 2489 1775 2555 i7,

226 2575 429 2632 Nicetius
476 2579 806 2633 urbisillius
837 2579 1147 2649 episcopus,
1194 2583 1281 2649 qui
1333 2595 1481 2637 sacra
1529 2580 1779 2652 faciebat,

225 2679 325 2736 pOSt
356 2669 512 2724 lectus
564 2685 747 2725 sacras
806 2671 1085 2735 lectiones,
1130 2672 1415 2741 oblataqtte
1448 2688 1668 2726 munera
1699 2690 1788 2727 su—

226 2773 303 2825 per
351 2763 510 2817 altare
574 2762 694 2825 Dei,
742 2776 924 2831 regem
973 2762 1353 2831 interpellavit,
1405 2762 1672 2831 proleSsus
1728 2778 1788 2816 se

226 2849 470 2907 Hssarum
519 2854 789 2907 Solemnia
844 2868 946 2907 non
994 2862 1508 2919 consutntnaturutn,
1560 2855 1660 2909 nisi
1688 2871 1785 2909 ex-

225 2944 590 3007 uimmunicati,
618 2960 755 3014 quos
779 2944 829 2997 itt
858 2958 955 2996 suo
986 2944 1234 2997 comitatu
1272 2944 1517 3012 habebat,
1544 2944 1693 3013 prius
1720 2946 1787 2998 ab

1880 1749 2150 1803 Miraculis
2174 1750 2343 1803 sancti
2372 1749 2602 1812 Martini,
2628 1764 2747 1815 cap.
2780 1749 2845 1802 50
2869 1767 2882 1814 ;
2910 1766 3007 1818 qua
3034 1752 3083 1805 in
3115 1765 3171 1805 re
3186 1750 3456 1807 Gallicana

1884 1844 2148 1908 Ecclesia,
2180 1853 2233 1895 ut
2257 1843 2562 1898 observavit
2582 1843 2937 1905 Mabillonius,
2967 1858 3086 1897 cum
3118 1846 3298 1900 Graeca
3325 1860 3456 1899 con-

1883 1932 2120 1998 veniens,
2150 1948 2180 1987 a
2218 1933 2457 1986 Romano
2487 1932 2591 1986 ritu
2617 1931 2970 2000 discrepabat.
3001 1935 3233 2001 Etenim,
3267 1937 3341 1991 uti
3371 1937 3455 1992 di-

1883 2024 2078 2078 scimus
2116 2038 2180 2077 ex
2208 2024 2427 2092 epistola
2458 2021 2523 2077 67
2554 2023 2792 2093 Gregorii
2842 2025 3032 2094 Magni,
3066 2027 3202 2081 libro
3254 2043 3324 2081 vu
3378 2028 3458 2081 lti-

1883 2116 2009 2170 dict.
2040 2116 2103 2171 'll
2128 2157 2142 2181 ,
2175 2130 2293 2185 quae
2319 2126 2402 2170 est
2440 2115 2507 2169 ad
2536 2116 2792 2171 Joannem
2825 2118 3133 2189 episcopum
3170 2121 3459 2190 Syracusa-

1885 2224 2034 2270 num.
2069 2209 2340 2262 Dominica
2369 2211 2539 2262 oratio
2565 2211 2699 2278 apud
2729 2208 2943 2265 Grtccos
2970 2212 3037 2266 ab
3066 2213 3211 2265 omni
3242 2213 3459 2281 populo,

1884 2302 1936 2354 in
1960 2300 2196 2355 Ecclesia
2223 2315 2350 2354 vero
2376 2301 2609 2353 llomana
2638 2318 2666 2354 a
2706 2302 2823 2355 solo
2860 2305 3136 2358 Sacerdote
3162 2305 3459 2359 dicebatur.

1956 2395 2046 2448 47.
2105 2392 2387 2448 Confraetc
2444 2404 2620 2448 autent
2691 2395 2951 2450 Dominici
3006 2398 3244 2467 corporis
3294 2411 3463 2451 sacra-

1890 2496 2092 2549 mento,
2125 2496 2181 2540 ut
2208 2485 2442 2555 loquitur
2466 2483 2753 2553 Gregorius
2781 2496 2961 2542 noster
2991 2489 3125 2542 libro
3149 2504 3162 2541 ι
3192 2488 3257 2542 de
3285 2488 3462 2542 Gloria

1890 2580 2199 2649 Martyrum,
2231 2579 2404 2648 capite
2426 2578 2515 2645 δἸ,
2547 2578 2798 2633 sacerdos
2829 2580 2941 2647 ipse
2962 2578 3245 2632 Eucltarist
3265 2596 3349 2631 am
3377 2595 3464 2631 su-

1890 2674 2088 2737 ntcbat,
2118 2682 2174 2725 et
2198 2671 2316 2725 aliis
2343 2671 2694 2726 distribuebat
2726 2671 2791 2724 ad
2820 2670 3105 2725 edendum.
3132 2671 3249 2738 Quo
3274 2674 3323 2724 in
3349 2670 3464 2724 loco

1892 2766 2115 2818 innuere
2155 2762 2447 2830 videretur,
2495 2770 2551 2816 et.
2592 2762 2921 2816 sacerdotem
2953 2762 3123 2830 ipsum
3170 2770 3227 2815 et
3277 2776 3464 2815 omnes

1891 2869 2126 2913 astantes
2153 2872 2218 2910 ex
2245 2857 2433 2910 eadem
2463 2854 2635 2909 hostia
2662 2854 3104 2917 communicasse,
3137 2854 3235 2907 nisi
3264 2867 3466 2909 certum

1892 2957 2037 3005 esset
2061 2948 2301 3017 singulos
2328 2947 2531 3012 ﬁdeles,
2557 2954 2648 2998 aut
2677 2956 2820 2999 certe
2845 2942 3286 3013 quanipluritnos,
3320 2943 3468 2998 obla-

227 3036 417 3090 ecclesia
457 3036 799 3091 recederent.
852 3034 1107 3089 Cauthus
1159 3047 1333 3089 tamen
1366 3034 1646 3103 cpiscopus
1691 3034 1788 3088 Δι’·
1816 3028 1862 3086 U
1899 3040 2095 3094 tionem
2126 3052 2279 3093 suam
2304 3036 2370 3091 ad
2409 3037 2578 3091 altare
2603 3036 2811 3090 deferre
2838 3035 3003 3090 fuisse
3027 3035 3232 3100 solitos,
3276 3051 3341 3088 ex
3366 3051 3467 3103 qua

230 3138 476 3183 ternorum
508 3130 652 3183 libro
686 3144 713 3181 ι
760 3126 1029 3191 Historia),
1073 3142 1188 3195 cap.
1235 3127 1289 3191 8,
1344 3127 1550 3181 Etilalio
1578 3141 1793 3181 exeunt-

232 3221 464 3275 municato
485 3223 720 3289 permisit
753 3237 868 3273 cum
911 3220 1104 3273 caneris
1146 3230 1372 3289 spectare
1408 3220 1684 3273 Missurum
1710 3236 1791 3274 so-

230 3309 405 3365 lemnia.
431 3318 494 3366 At
520 3314 623 3377 illi,
656 3328 793 3381 quos
834 3310 1071 3366 Nicetius
1098 3311 1293 3380 expelli
1326 3312 1558 3379 volebat,
1601 3313 1652 3365 in
1685 3315 1794 3365 suis

232 3402 509 3459 criminibus
535 3415 890 3459 contumaces
918 3414 1102 3469 erant;
1146 3403 1385 3457 Eulalius
1419 3418 1547 3456 vero
1574 3404 1794 3471 pedibus

231 3494 435 3563 episcopi
454 3496 747 3550 obvolutus
773 3494 1166 3563 protestabatur
1196 3510 1255 3549 se
1278 3494 1570 3549 inauditum
1604 3505 1661 3549 et
1693 3497 1791 3547 im-

235 3588 448 3640 nteritum
474 3604 503 3641 a
534 3587 921 3642 communione
969 3601 1286 3656 suspensum
1319 3587 1482 3642 luisse
1516 3606 1529 3639 :
1575 3587 1717 3642 unde
1745 3598 1797 3641 et

232 3687 392 3740 postea
418 3679 857 3731 communionem
889 3678 1111 3745 recepit,
1150 3685 1419 3732 reservata
1466 3678 1556 3733 Dei
1592 3678 1798 3748 judicio

232 3765 440 3821 criminis
469 3768 673 3823 occulti
704 3767 999 3835 punitione,
1053 3767 1096 3820 si
1125 3782 1272 3832 vere,
1322 3778 1378 3820 ut
1435 3783 1618 3821 rumor
1660 3778 1797 3831 emt,

229 3855 383 3922 ipsum
414 3859 752 3912 admisis-et.
785 3857 979 3911 Narrat
1007 3857 1295 3926 Gregorius
1317 3858 1453 3913 libro
1481 3874 1516 3913 tt
1547 3861 1614 3913 de
1645 3860 1799 3914 Ll.ra~

228 3946 344 3997 culis
364 3951 529 4002 sancti
558 3949 801 4013 Martini,
837 3949 1085 4016 populum
1114 3963 1351 4013 omnem,
1389 3950 1507 4003 viso
1542 3950 1799 4004 miraculo

226 4036 348 4103 quod
376 4054 403 4091 a
428 4052 621 4093 sancto
650 4040 894 4093 antistite
940 4048 1204 4106 patratum
1246 4037 1440 4104 fuerat,
1473 4042 1715 4110 erupiSSe
1745 4043 1797 4095 in

225 4143 383 4193 Voces,
414 4133 769 4197 cecinisseque
817 4132 1058 4200 hymnum
1087 4129 1269 4184 Gloria
1316 4133 1369 4183 in
1414 4133 1626 4185 excelsis
1672 4132 1796 4196 Deo,

222 4220 303 4271 sed
330 4234 442 4275 eum
462 4221 577 4291 jam
607 4232 740 4275 tunc
761 4236 975 4274 munera
1005 4237 1155 4273 sacra
1187 4236 1348 4288 super
1378 4221 1544 4275 altare
1567 4222 1800 4285 depasita

220 4323 398 4373 essent,
430 4314 563 4365 nihil
612 4312 741 4365 inde
763 4313 989 4365 furasse
1026 4310 1203 4379 colligi
1254 4320 1450 4379 potest,
1505 4312 1605 4363 nisi
1658 4312 1799 4366 hunc

1899 3142 2081 3201 postea
2109 3130 2592 3186 communieabant.
2620 3128 2983 3184 Censebantur
3006 3129 3261 3182 solemnia
3286 3128 3469 3181 Missa-

1897 3242 2012 3279 rum
2039 3235 2407 3279 consummata
2426 3263 2441 3289 ,
2471 3223 2778 3293 priusquam
2804 3222 3108 3276 eotnmunio
3159 3222 3351 3277 saltem
3376 3222 3470 3274 lai-

1896 3315 1996 3376 cis.
2026 3314 2452 3378 distribueretur,
2488 3325 2541 3366 ut
2565 3329 2629 3367 cx
2661 3313 2933 3368 nonnullis
2963 3311 3202 3380 Gregorii
3236 3312 3363 3367 locis
3389 3312 3471 3366 fa«

1896 3406 1996 3460 cile
2024 3405 2310 3475 colligitur.
2333 3405 2490 3460 Certe
2518 3404 2877 3459 Guntratnnus
2909 3419 3021 3470 rex,
3055 3404 3190 3458 libro
3214 3419 3268 3457 ix
3298 3403 3473 3458 [listo-

1898 3496 2025 3561 riae,
2078 3496 2251 3565 capite
2304 3496 2370 3559 5,
2425 3496 2644 3564 peractis
2701 3494 3048 3558 solemnibus,
3116 3494 3181 3547 ad
3234 3493 3472 3547 altarium

1898 3591 2308 3644 communicandi
2331 3590 2496 3659 giatia
2540 3588 2785 3645 accessit.
2814 3587 2878 3640 Et
2906 3602 2972 3641 ne
3008 3588 3124 3655 quis
3165 3602 3347 3640 vocem
3388 3603 3473 3638 so-

1898 3681 2141 3733 lumnium
2171 3682 2235 3733 ad
2266 3682 2429 3733 alium
2460 3695 2676 3735 sensum
2701 3678 3026 3748 detorquere
3056 3677 3199 3740 velit,
3234 3680 3348 3730 loca
3370 3678 3473 3731 al-a

1899 3788 2017 3841 qua:
2039 3772 2183 3825 omni
2212 3772 2554 3839 ambiguitate
2588 3779 2772 3824 earent
2803 3768 3140 3836 proferimus.
3177 3765 3347 3821 Umnn
3388 3779 3473 3821 est

1900 3880 1965 3918 ex
1990 3863 2126 3916 libro
2150 3878 2189 3915 ll
2218 3862 2286 3915 de
2312 3863 2579 3915 Miraculis
2616 3860 2785 3915 sancti
2812 3860 3038 3925 Martini,
3070 3862 3243 3927 capite
3261 3860 3351 3923 47,
3382 3859 3474 3914 ubi

1901 3955 2128 4022 legitur:
2159 3953 2381 4021 Cumque
2418 3952 2631 4021 expletis
2668 3950 2841 4005 Missis
2870 3951 3092 4020 populus
3125 3952 3349 4020 cwpisset
3390 3969 3474 4006 sa-

1899 4054 2217 4096 crosanctum
2248 4058 2431 4109 corpus
2455 4040 2805 4111 Redemptoris
2827 4041 3072 4109 accipere,
3096 4053 3201 4094 etc.
3232 4042 3311 4095 Ad
3336 4041 3470 4108 hate,

1903 4139 2091 4193 mulier
2119 4137 2269 4192 vidua
2290 4178 2306 4203 ,
2339 4136 2508 4206 capite
2532 4132 2600 4187 05
2630 4133 2750 4188 libri
2778 4133 2846 4188 de
2871 4133 3047 4188 Gloria
3074 4133 3437 4187 conchStirum
3456 4175 3471 4197 .

1901 4230 2135 4299 expletis,
2160 4228 2517 4297 celebratisque
2557 4226 2751 4292 Missis,
2779 4227 3005 4280 accessit
3034 4226 3098 4279 ad
3125 4230 3365 4294 poculum
3384 4243 3475 4279 su-

1904 4329 2088 4379 lutare.
2113 4324 2450 4379 Aecedebant
2477 4330 2654 4377 autem
2685 4336 2872 4376 omnes
2897 4322 2963 4374 ad
2986 4322 3155 4376 altare
3175 4323 3239 4375 ad
3264 4338 3473 4378 sacram

222 4398 458 4470 hymnum
485 4405 557 4455 ob
591 4402 868 4455 insolitum
898 4403 1037 4454 hunc
1071 4401 1328 4465 favorem,
1363 4416 1393 4454 a
1423 4403 1618 4470 populo
1644 4411 1782 4455 extra

1900 4420 2328 4471 cuinmunionem
2374 4413 2759 4483 recipiendam.
2783 4416 2919 4482 Quin
2960 4422 3015 4469 et
3044 4431 3109 4468 es
3133 4415 3288 4470 unito
3308 4416 3473 4472 calice

220 4504 404 4544 morem
428 4503 756 4547 consuetum
792 4502 915 4544 tunc
944 4501 1213 4544 cantatum
1254 4492 1435 4546 fuisse.
1473 4494 1604 4545 Nam
1635 4492 1794 4547 simili

219 4581 393 4646 gaudio
437 4582 697 4651 perfusus
748 4581 1109 4649 Eberegisilus
1152 4580 1489 4637 Coloniensis
1537 4584 1792 4652 pontifex,

221 4670 419 4726 invento
448 4676 625 4727 sancti
670 4673 877 4727 Mallosi
925 4688 1175 4741 oorpore,
1219 4676 1448 4727 amittens
1490 4691 1658 4727 vocem
1684 4690 1793 4726 ma-

219 4779 372 4831 gnam,
404 4765 587 4819 Gloria
609 4767 671 4818 in
696 4765 907 4817 excelsis
939 4763 1043 4816 Deo
1068 4781 1235 4818 secum
1261 4781 1457 4818 omnem
1486 4768 1678 4818 clerum
1700 4784 1791 4834 pa-

218 4857 323 4907 riter
342 4861 563 4925 psallere
617 4858 776 4925 fecit;
816 4864 873 4908 ut
905 4857 1018 4923 ipse
1047 4855 1338 4926 Gregorius
1377 4857 1563 4911 scribit
1608 4858 1789 4913 libr0t

220 4944 276 4998 de
313 4947 490 5002 Gloria
532 4950 863 5017 Martyrum,
896 4947 1067 5015 capite
1102 4944 1191 5002 65.

278 5059 358 5114 45.
399 5064 868 5117 Contestationem
896 5060 1459 5130 memoratGregorius
1485 5059 1621 5115 libro
1660 5076 1696 5114 ll
1727 5061 1792 5115 de

218 5151 464 5211 Miraculis
496 5157 683 5212 sancti
715 5157 951 5217 Martini,
981 5154 1155 5220 capite
1180 5154 1266 5220 Η,
1292 5155 1344 5209 in
1371 5169 1472 5222 qua
1498 5154 1634 5207 beati
1664 5170 1793 5208 con-

218 5246 414 5303 lessoris
444 5253 715 5303 virtutum
747 5247 1018 5301 enarratio
1053 5246 1447 5310 continebatur,
1476 5246 1786 5313 reSpondet-

217 5351 307 5401 que
334 5340 608 5394 hodierna:
639 5348 838 5390 nostra:
870 5338 1184 5406 praefationi.
1220 5337 1350 5390 lliuc
1370 5346 1489 5391 eam
1521 5351 1549 5389 a
1576 5351 1653 5401 se,
1679 5338 1792 5404 epi-

217 5440 357 5497 scopi
395 5432 608 5485 scilicet
658 5428 995 5491 celebrante,
1038 5436 1302 5481 conlatam
1344 5425 1508 5480 fuisse
1545 5436 1790 5488 testatur,

220 5532 307 5579 quo
336 5522 570 5585 expedita
598 5517 768 5570 omnis
807 5518 1026 5585 populus
1046 5515 1264 5570 Sanctus
1286 5516 1335 5568 in
1358 5515 1562 5568 laudent
1590 5515 1793 5567 Domini

221 5611 553 5673 proclamavit,
589 5610 675 5663 uti
710 5609 969 5675 hodieque
995 5609 1107 5663 fieri
1139 5609 1293 5663 solet.
1330 5607 1577 5678 Ejusdem
1612 5608 1791 5679 hymni

478 5708 767 5769 ΓΑτιιοιη
811 5702 916 5760 LX
935 5701 1041 5760 XI.

1903 4525 2090 4565 omnes
2119 4508 2315 4565 Christi
2347 4510 2606 4580 sanguine
2637 4511 2974 4578 putabantur,
3004 4525 3122 4578 quae
3146 4525 3261 4565 erat
3290 4514 3477 4568 catho-

1900 4602 2031 4656 licos
2059 4601 2192 4656 inter
2223 4612 2277 4656 et
2316 4602 2542 4656 Arianae
2579 4602 2901 4667 dil’fercutia,
2933 4612 2989 4655 ut
3032 4601 3148 4670 ipse
3190 4603 3478 4674 Gregorius

1898 4696 2145 4749 observat
2188 4693 2321 4765 libro
2350 4708 2419 4762 _ll|
2454 4694 2717 4759 Historizc,
2763 4693 2933 4761 capite
2963 4694 3052 4747 51.
3084 4695 3291 4750 Etenim
3335 4702 3477 4764 apud

1896 4785 2122 4838 Arianos
2139 4784 2406 4838 consuedo
2433 4784 2549 4849 fuit,
2574 4799 2629 4837 ut
2657 4787 2725 4837 ad
2744 4786 2985 4838 altarium
3015 4787 3263 4841 venientes
3286 4788 3348 4841 de
3369 4790 3475 4843 alio

1902 4874 2060 4926 calice
2105 4873 2266 4945 [leges
2304 4875 2705 4939 communicent,
2733 4884 2779 4926 et
2804 4876 2867 4927 de
2899 4876 3002 4927 alio
3039 4876 3258 4942 populus
3286 4877 3473 4934 mittor.

1904 4963 1978 5016 lt):
2010 4980 2113 5034 quo
2138 4962 2298 5017 etiam
2330 4964 2445 5016 loco
2475 4971 2638 5032 patet,
2666 4964 3091 5018 communionem
3122 4966 3220 5018 sub
3252 4973 3478 5035 utraque

1901 5062 2080 5128 specie
2107 5060 2460 5114 communiter
2484 5058 2732 5112 omnibus
2762 5057 2922 5112 fuisse
2948 5069 3264 5125 porrectam,
3287 5075 3477 5127 quam-

1902 5152 1982 5206 vis
2010 5151 2247 5204 nonnulli
2271 5150 2426 5203 unica
2447 5149 2680 5201 contritti
2703 5158 2900 5201 essent.
2925 5148 3053 5201 Nam
3077 5166 3195 5203 cum
3217 5149 3473 5207 Cautinus

1901 5253 2207 5310 cpiscOpus,
2242 5240 2375 5291 libro
2413 5254 2467 5299 χ,
2494 5240 2665 5305 capite
2690 5238 2745 5303 8,
2783 5238 2988 5291 Eulalio
3016 5239 3240 5295 dixisset
3269 5259 3283 5295 :
3320 5242 3479 5300 Sume

1901 5330 1987 5382 tibi
2021 5326 2361 5381 Eucharistice
2383 5329 2721 5395 particulam,
2750 5339 2900 5398 atque
2928 5330 3130 5397 impone
3154 5333 3231 5385 ori
3254 5344 3362 5399 tuo,
3389 5338 3479 5391 ille

1901 5428 2107 5487 accepta
2148 5417 2475 5472 Eucltaristia
2518 5420 2897 5473 communicans
2931 5420 3191 5477 abscessit.
3233 5426 3329 5482 Ubi
3361 5426 3475 5479 Eu-

1898 5513 2148 5568 cltaristiw
2164 5514 2378 5567 nomine
2402 5513 2552 5567 unica
2574 5512 2780 5579 species
2795 5524 2978 5583 aperte
2999 5516 3329 5585 designatur,
3353 5536 3477 5588 qua:

1900 5609 1950 5661 in
1977 5608 2154 5677 plures
2179 5606 2465 5675 particulas
2485 5616 2573 5658 aut
2600 5604 2800 5658 oblatas
2830 5606 2937 5660 divi
2968 5623 2994 5657 τι
3020 5612 3477 5668 communicandis

3001 5696 3043 5755 2
