4024 6192
567 228 632 284 45
2018 202 2400 280 Pii/EFATlO.
3759 216 3836 272 ts

566 342 958 413 porrigebatur,
992 356 1095 395 non
1124 339 1331 410 quidem
1361 338 1415 395 in
1444 352 1556 401 ore,
1598 339 1670 392 uti
1703 335 1860 393 hodie
1900 336 1956 390 fit
1978 378 1991 401 ,
2035 336 2128 391 sed
2159 335 2210 392 Δ
2236 351 2457 388 sacrum.
2499 334 2836 390 Ministerium
2867 350 2990 390 vero
3011 334 3360 402 quotidianum
3390 330 3623 399 appellat
3646 345 3712 384 ea
3737 344 3837 383 so-

564 433 779 503 stnguli,
811 432 971 487 etiam
999 433 1134 495 laici,
1167 447 1283 485 earn
1315 445 1470 483 manu
1501 430 1709 498 propria
1742 436 2027 496 sumptam,
2060 427 2137 479 si-

567 525 734 578 lriuret
753 524 881 593 ipsis
908 525 985 575 ori
1014 522 1374 590 imponebant.
1399 520 1642 573 Mulieres
1666 530 1838 573 tanzen
1869 534 1973 572 non
1998 518 2138 572 nuda

568 631 746 678 manu,
782 614 853 667 uti
877 628 937 665 ex
971 611 1089 665 aliis
1122 610 1480 664 monumentis
1506 610 1784 674 discunus,
1808 608 2139 678 accipiebant

568 702 971 764 Eucharistiam,
995 700 1087 753 sed
1117 714 1180 753 ex
1210 714 1273 751 t-a
1306 700 1355 751 in
1386 702 1523 761 velo,
1548 699 1687 767 quod
1718 700 1875 768 vulgo
1902 699 2133 751 orarium

563 794 928 858 appellabant,
964 808 992 844 a
1020 790 1387 845 sacerdotibus
1415 800 1649 857 recepta,
1683 802 1862 859 postea
1896 804 2136 843 commu-

564 882 825 935 trlt'aijalll.
857 882 911 936 Si
942 882 1030 949 qui
1062 894 1189 933 vero
1233 895 1297 933 ex
1329 878 1626 932 aszan.ibus
1662 889 1862 944 essent,
1896 893 2000 931 non
2044 892 2136 932 ex-

559 976 934 1028 communieati
987 975 1223 1043 quidem,
1277 973 1368 1025 sed
1416 972 1505 1041 qui
1558 981 1754 1035 tamen,
1806 981 1861 1025 ut
1906 972 2137 1038 loquitur

562 1065 906 1127 Ilincntarus,
952 1063 1347 1116 communicare
1386 1078 1491 1113 non
1539 1061 1762 1114 fuissent
1812 1061 2005 1130 parati,
2034 1060 2136 1113 illis

561 1155 784 1226 eulogia:
829 1153 1300 1216 distribuebantur,
1351 1152 1402 1204 id
1449 1162 1532 1204 est
1578 1150 1774 1219 aliquid
1815 1154 1881 1205 de
1913 1152 2136 1219 panibus

559 1244 789 1309 oblatis,
819 1244 907 1312 qui
938 1241 1235 1296 consecrati
1266 1255 1370 1294 non
1404 1242 1644 1301 Inerant,
1681 1254 1733 1292 ut
1776 1240 1913 1293 idem
1950 1250 2137 1294 auctor

561 1336 897 1401 prosequitur
920 1334 971 1387 in
998 1330 1256 1400 Capitulis
1277 1332 1399 1383 anni
1424 1329 1552 1393 859.,
1587 1340 1641 1383 et
1674 1330 1720 1383 id
1748 1331 1798 1383 in
1822 1332 2129 1384 communio-

558 1446 587 1478 n
610 1444 633 1478 ,ς
662 1438 940 1479 tesseram.
974 1424 1126 1479 Unde
1155 1438 1273 1477 curn
1299 1423 1577 1477 Merovcrrs
1600 1422 1885 1483 Gltilperici
1917 1404 2077 1484 filius.
2104 1438 2136 1479 θ

560 1516 884 1569 monasterio
912 1514 1081 1567 sancti
1113 1511 1328 1567 Carileﬁ
1359 1512 1584 1575 fugiens,
1616 1513 1681 1565 ad
1714 1511 1983 1566 basilicam
2012 1528 2138 1566 san-

558 1610 627 1658 cti
659 1606 865 1660 Martini
910 1606 1245 1670 accessisset,
1278 1604 1364 1658 ubi
1409 1614 1533 1657 trrnc
1561 1602 1849 1674 Gregorius
1876 1617 2024 1657 sacra
2060 1603 2137 1657 fa-

2244 430 2517 483 lunrmodo
2556 443 2713 492 vasa,
2760 444 2877 497 quae
2918 428 3094 482 Missa:
3141 425 3475 480 celebranda:
3512 423 3836 477 necessaria

2240 523 2479 577 absolute
2508 534 2677 585 erant,
2709 521 2762 575 id
2792 533 2895 586 est,
2930 520 3220 589 palenulam
3249 533 3457 587 parvam
3486 532 3602 569 cum
3634 516 3837 579 calice,

2239 627 2359 680 qua:
2388 612 2657 665 Maximus
2690 612 2970 681 presbyter
3018 611 3069 663 in
3106 609 3297 664 itinere
3336 605 3660 663 constitutus
3699 620 3836 659 cum

2238 702 2420 757 codice
2441 702 2847 772 Evangeliorum
2872 703 2925 754 in
2948 700 3081 754 collo
3100 716 3344 769 suspensa
3364 698 3657 753 deferebat.
3688 695 3837 750 Natu

2237 797 2367 849 alias
2397 796 2532 849 calix
2567 797 2618 849 in
2665 795 2840 850 Missis
2887 793 3216 849 solemnibus
3259 792 3618 860 amplissimus
3661 801 3788 843 erat
3816 830 3836 854 ,

2238 888 2375 940 sicut
2403 897 2457 941 et
2489 896 2700 954 patena,
2732 902 2852 940 cum
2882 901 2945 939 ex
2977 885 3136 938 unico
3164 884 3353 947 calice,
3384 891 3439 933 nt
3461 896 3582 935 mox
3606 880 3839 934 diceba-

2240 992 2376 1043 mus,
2409 993 2595 1032 omrres
2626 977 3108 1040 communicarent;
3135 983 3189 1028 et
3212 984 3399 1043 patena
3422 987 3482 1026 ea
3507 985 3630 1026 esse
3656 971 3839 1026 debe-

2240 1076 2321 1121 ret
2338 1083 2454 1133 qrrze
2481 1069 2765 1122 astantitnn
2786 1068 3082 1122 oblationes
3104 1080 3290 1119 omnes
3309 1071 3490 1133 posset
3509 1064 3835 1125 continere;

2237 1159 2330 1214 st-d
2382 1162 2680 1227 patenulam
2729 1160 2883 1213 istam
2932 1174 3053 1213 (unt
3102 1157 3267 1211 calice
3312 1169 3492 1210 secum
3545 1152 3840 1208 deferebat

2238 1252 2520 1317 Maximus,
2552 1261 2608 1305 ut
2649 1251 2852 1305 scilicet
2881 1250 3118 1319 quotidie
3150 1257 3330 1315 posset
3357 1261 3505 1301 sacra
3538 1260 3836 1316 peragere.

2236 1344 2469 1413 Singulis
2500 1346 2642 1398 enim
2669 1343 2854 1398 diebrrs
2882 1343 3037 1396 Missa
3070 1351 3280 1410 poterat
3307 1339 3587 1394 celebrari.
3621 1338 3689 1392 Et
3710 1337 3841 1405 qui.

2238 1435 2361 1489 dent
2395 1435 2587 1488 mulier
2618 1435 2770 1487 vidua
2801 1449 2893 1501 per
2917 1448 3113 1485 annum
3146 1431 3407 1500 integrum
3438 1429 3664 1499 quotidie
3693 1426 3840 1479 Mis-

2236 1541 2409 1577 sarum
2431 1524 2677 1578 solemnia
2698 1524 2976 1577 celebrasse
3015 1522 3210 1576 dicitur
3234 1562 3248 1586 ,
3282 1521 3454 1588 capite
3491 1519 3558 1571 65
3596 1517 3724 1571 libri
3770 1518 3841 1570 de

2240 1615 2424 1670 Gloria
2454 1614 2838 1669 Confessorum
2860 1654 2876 1679 ,
2904 1614 2975 1667 ob
3005 1612 3055 1666 id
3096 1613 3300 1667 scilicet
3329 1613 3521 1673 Solum,
3561 1609 3706 1678 quod
3739 1624 3842 1664 ne-

538 1699 752 1761 -eicbat,
795 1708 906 1761 post
946 1696 1153 1759 Missas,
1196 1695 1347 1764 petiit
1388 1694 1620 1764 culogias
1660 1694 1759 1747 sibi
1807 1709 1836 1746 a
1879 1694 2131 1764 Gregorio

2239 1723 2468 1763 cessat-ta
2523 1708 2589 1762 ad
2632 1707 2962 1762 offerendum
3012 1706 3330 1759 sacrificium
3376 1703 3725 1764 ministraret,
3785 1712 3841 1756 et

538 1791 689 1845 dari.
730 1790 880 1854 Ouod
924 1805 1043 1845 cum
1088 1790 1176 1843 ille
1209 1788 1383 1842 facere
1425 1789 1715 1852 renuisset,
1749 1788 2027 1841 Meroveus
2076 1802 2135 1839 se

549 1884 875 1937 immeritum
936 1897 965 1935 a
1021 1878 1371 1935 communione
1425 1896 1729 1949 suspensum
1782 1893 2134 1948 conquestus,

557 1974 722 2027 multa
761 1973 991 2026 minatus
1039 1983 1119 2027 est
1159 1988 1209 2026 ιιι
1257 1973 1441 2027 urbem
1489 1976 1515 2023 Ἰ
1535 1987 1852 2027 ttrorteusem
1895 1974 2029 2026 mala
2078 1989 2137 2027 se

555 2068 842 2129 facturum,
868 2064 968 2118 nisi
996 2065 1230 2133 epzscopi
1253 2066 1658 2117 communionem
1680 2074 1992 2117 mereretur.
2021 2062 2135 2117 lstis

552 2170 715 2219 porro
759 2154 981 2223 enlogiis
1010 2155 1263 2208 successit
1311 2155 1492 2222 panis,
1529 2164 1585 2206 ιιι
1613 2164 1841 2219 vocant,
1875 2154 2133 2209 benedicti

558 2246 885 2309 distributio,
918 2262 1036 2315 quae
1079 2246 1365 2313 hodieque,
1413 2246 1745 2313 potissimum
1792 2247 1843 2298 irt
1892 2246 2135 2300 ecclesiis

538 2336 973 2403 ,pat-t.clttalibus,
1000 2335 1287 2389 Dominicis
1309 2336 1495 2388 diebus
1515 2337 1623 2389 tieri
1648 2338 1805 2389 solet.
1832 2342 1999 2406 Atque
2023 2340 2135 2392 tunc

542 2432 683 2478 sunt
711 2440 829 2494 qua:
853 2424 921 2478 de
950 2425 1228 2477 Missarum
1250 2424 1622 2479 celebratione
1649 2439 1714 2478 es
1749 2425 1910 2480 variis
1932 2427 2135 2496 Grego-

556 2517 619 2569 rii
654 2514 783 2569 locis
822 2515 1074 2583 colligere
1111 2515 1285 2578 licuit,
1318 2531 1380 2567 ex
1422 2515 1613 2584 quibus
1649 2514 2009 2581 Mabillonius,
2040 2517 2135 2571 ad-

553 2608 750 2676 iunctis
787 2620 851 2661 ex
895 2607 1119 2660 aliorum
1161 2614 1438 2660 auctorum
1482 2607 1845 2675 compluribus
1890 2609 2134 2662 testimo-

555 2697 658 2750 niis
680 2738 695 2761 ,
728 2695 1048 2750 Gallicanam
1079 2696 1339 2764 liturgiam
1382 2695 1664 2763 plurimum
1696 2697 1998 2753 illustravit.
2026 2699 2133 2753 Nos

553 2804 705 2854 vero,
738 2789 1016 2845 utfacilius
1046 2790 1239 2856 cuique
1267 2795 1442 2853 pateat
1463 2788 1712 2857 quisnam
1737 2789 1896 2845 fuerit
1927 2802 2049 2847 tunc
2072 2795 2131 2846 il-

538 2885 663 2935 lius
695 2882 857 2948 titus,
894 2881 1165 2948 specimen
1210 2880 1407 2947 Missze,
1428 2893 1695 2950 quantum
1727 2880 1805 2935 fas
1831 2884 1966 2949 erit,
1997 2885 2132 2938 inte-

550 2990 659 3041 μω
690 2989 752 3026 ex
794 2973 1017 3043 liturgiis
1054 2972 1268 3043 etaliis
1305 2972 1663 3029 monumentis
1692 2974 1760 3029 ab
1800 2976 1987 3039 eodem
2019 2978 2129 3032 Μ..-

2245 1804 2404 1857 etiam
2450 1802 2547 1870 ipsi
2599 1800 2901 1862 interesset,
2934 1807 2992 1851 ιιι
3032 1813 3098 1850 cs
3151 1794 3338 1864 capitis
3381 1801 3635 1848 contextu
3668 1792 3842 1847 facile

2244 1895 2536 1965 colligitur.
2569 1894 2726 1947 Binas
2745 1908 2872 1946 vero
2904 1891 3091 1944 ltlis.~as
3117 1888 3339 1957 singulis
3365 1884 3653 1940 Dominicis
3678 1886 3840 1939 cele-

2240 1988 2425 2041 brabat
2457 1986 2690 2040 Severus
2712 1983 3011 2053 presbyter,
3037 1996 3099 2035 es
3122 1982 3294 2048 capite
3314 1976 3381 2030 5t)
3406 1976 3643 2046 ejusdem
3676 1976 3838 2041 litari,

2240 2079 2293 2131 in
2325 2079 2528 2130 duabus
2550 2075 2757 2129 scilicet
2780 2073 2940 2137 villis,
2973 2086 3089 2139 qum
3110 2085 3139 2123 a
3170 2084 3228 2123 se
3252 2069 3477 2123 invicem
3504 2064 3686 2136 viginti
3710 2064 3841 2117 ruit-

2240 2169 2366 2223 liurn
2397 2167 2569 2233 spatio
2620 2166 2821 2218 dissita:
2870 2170 3044 2218 erant.
3086 2160 3322 2229 Denique
3359 2158 3426 2212 ad
3472 2157 3684 2212 Missam
3744 2172 3842 2211 so-

2238 2259 2467 2313 lerunern
2500 2261 2627 2310 hora
2651 2258 2825 2319 tertia,
2851 2270 3007 2323 quam
3038 2252 3194 2307 hodie
3221 2264 3415 2305 nonam
3446 2249 3691 2314 dicimus,
3732 2264 3838 2317 po-

2238 2348 2418 2417 pulum
2451 2347 2766 2400 convenisse
2788 2353 3031 2398 narratur
3052 2342 3106 2397 in
3141 2341 3273 2396 Vitis
3291 2340 3525 2405 Patrum,
3559 2341 3742 2409 capite
3775 2338 3840 2392 8.

2306 2431 2398 2492 49.
2439 2437 2709 2492 Ministros
2756 2437 2957 2499 altaris,
2990 2451 3111 2489 curn
3142 2448 3293 2488 sacra
3345 2434 3552 2497 fierent,
3583 2431 3717 2484 albis
3753 2432 3843 2485 itt-

2236 2532 2394 2585 dutos
2433 2530 2597 2583 fuisse
2634 2528 2888 2582 discimus
2929 2543 2992 2583 ex
3033 2542 3237 2581 canone
3268 2524 3336 2581 12
3364 2525 3576 2579 concilii
3621 2523 3845 2580 Narbo-

2239 2623 2441 2685 nensis,
2472 2619 2616 2691 quod
2646 2633 2787 2672 anno
2811 2616 2914 2673 589
2940 2618 3174 2671 habitum
3199 2625 3301 2671 est.
3330 2614 3475 2670 Idem
3505 2614 3844 2669 inuuitGre-
3894 2676 3897 2679 ν

2237 2715 2419 2783 gorius
2450 2714 2502 2766 in
2534 2712 2669 2766 libro
2698 2711 2766 2764 de
2796 2710 2973 2765 Gloria
3002 2707 3401 2774 Confessorum,
3426 2707 3598 2775 capite
3616 2702 3714 2769 ‘20,
3742 2707 3843 2760 ubi

2237 2805 2417 2859 laudat
2457 2805 2778 2858 sacerlotum
2813 2819 2875 2855 ac
2912 2803 3178 2855 levitarum
3216 2801 3268 2852 in
3297 2798 3425 2852 albis
3473 2798 3683 2851 vestibus
3730 2814 3842 2851 non

2236 2898 2498 2952 minimum
2530 2899 2766 2962 chorum,
2813 2896 2902 2963 qui
2946 2891 3165 2947 oratorii
3196 2894 3277 2945 sui
3321 2889 3643 2944 dedicatiotri
3674 2889 3844 2945 inter

2239 2990 2353 3045 fuit.
2386 2990 2442 3043 ltr
2459 2989 2633 3057 capite
2652 2986 2722 3041 44
2752 2985 3021 3050 Ηὶδιοι·ἱ;ι·,
3051 2984 3191 3053 quod
3216 2982 3268 3037 in
3300 2982 3417 3036 aliis
3443 2980 3602 3035 editis
3626 2989 3716 3034 est
3737 2979 3842 3047 58,

536 3067 769 3122 .billonio
803 3066 960 3119 editis
998 3066 1334 3129 proferemus
1374 3069 1425 3123 in
1456 3068 1752 3137 appendice
1795 3069 1954 3138 hujus
1984 3071 2130 3125 volu-

2242 3082 2656 3137 archidiaconus
2685 3079 2899 3132 indutus
2928 3075 3044 3129 alba
3064 3076 3395 3145 episcopum,
3419 3082 3475 3126 ut
3496 3089 3602 3125 mos
3631 3081 3731 3138 est,
3768 3075 3843 3127 ad

538 3164 731 3214 antuis.

625 3277 711 3332 48.
752 3278 955 3341 Quanta
987 3289 1161 3331 autem
1186 3293 1304 3329 euzn
1332 3278 1629 3332 reverentia
1655 3278 1720 3331 ad
1744 3278 1918 3332 divina
1945 3288 2132 3347 myste-

552 3384 626 3419 rrn
660 3378 749 3419 aut
780 3367 1096 3420 celebranda
1120 3408 1135 3431 ,
1166 3376 1257 3420 atrt
1287 3368 1592 3437 recipienda
1622 3368 1961 3432 accederent,
1996 3374 2128 3422 tnul-

551 3470 619 3510 trs
654 3460 703 3509 in
740 3458 867 3511 locis
899 3460 1072 3524 prodit
1102 3457 1417 3527 Gregorius.
1443 3460 1635 3512 Narrat
1662 3459 1715 3513 in
1748 3460 1884 3512 libro
1909 3460 1977 3514 de
2005 3459 2131 3514 Glo-

538 3556 627 3604 ria
664 3552 972 3617 Martyrum,
1003 3553 1177 3616 capite
1211 3553 1298 3612 87,
1335 3551 1623 3619 Epachium
1659 3552 2028 3622 presbyterum
2051 3553 2131 3607 tli-

550 3644 746 3696 vinitus
777 3645 940 3694 lulsse
968 3642 1203 3709 punitum
1231 3641 1367 3703 quod
1396 3652 1578 3695 temere
1602 3658 1717 3709 quae
1743 3654 1853 3695 erat
1886 3643 2130 3711 indignus

540 3751 700 3805 rigere
729 3735 1155 3801 pr'tesunrpsisset.
1196 3733 1452 3787 Eutrtdem
1483 3734 1679 3802 arguit,
1709 3735 1848 3803 quod
1880 3736 1977 3789 etsi
2012 3747 2131 3805 post
2186 3806 2189 3807 ν

547 3824 673 3891 galli
714 3832 928 3878 cantuu
975 3825 1228 3891 bibisset,
1260 3837 1412 3877 sacra
1444 3833 1620 3877 tamen
1667 3827 1920 3894 mysteria
1968 3841 2129 3881 ausrrs

544 3916 732 3967 fuisset
760 3915 1032 3967 celebrare
1064 3930 1075 3964 :
1104 3913 1279 3979 Quod,
1326 3912 1522 3983 inquit,
1548 3915 1762 3985 jejunus
1789 3917 2002 3984 quisque
2030 3935 2130 3970 non

539 4010 656 4061 "sine
680 4015 813 4059 metu
840 4014 997 4077 potest
1017 4014 1233 4059 terrente
1253 4006 1562 4059 conscientia
1578 4009 1852 4077 explica'e,
1874 4021 1925 4062 et
1956 4011 2129 4076 capite

543 4102 894 4169 ‘pra'ceclerrti,
928 4100 1161 4167 deflenda
1192 4115 1298 4152 esse
1322 4110 1367 4151 rt
1390 4100 1677 4169 plangentia
1701 4104 1897 4173 scelera
1925 4115 2127 4169 mouet,

541 4204 666 4243 eum
697 4189 764 4241 ad
803 4198 973 4243 altare
1006 4188 1509 4250 accedendum'est.
1540 4205 1605 4243 rre
1631 4205 1815 4256 corpus
1840 4199 1888 4242 et
1914 4192 2127 4260 sangui-

544 4296 658 4333 nem
691 4276 900 4331 Domini
924 4290 1038 4330 actu
1066 4278 1250 4349 polluti
1282 4279 1446 4347 porius
1471 4282 1537 4333 ad
1558 4281 1820 4351 judicium
1844 4297 2126 4346 sumamus,

542 4387 695 4439 quam
717 4381 770 4423 ut
787 4372 984 4422 veniam
1004 4385 1389 4439 consequamur.
1416 4369 1709 4440 Nequidem
1724 4370 1893 4427 videri
1918 4373 1995 4427 fas
2014 4384 2128 4427 erat

2236 3174 2403 3227 altare
2436 3172 2693 3225 invitasse
2729 3179 3080 3233 memoratur,
3128 3178 3186 3222 ut
3221 3166 3411 3221 natalis
3459 3164 3718 3221 Dornitrici
3754 3181 3844 3221 so-

2235 3266 2563 3320 lemnitatem
2589 3262 2907 3318 celebraret.
2938 3259 3225 3314 Albentium
3254 3276 3463 3330 quoque
3488 3260 3843 3315 diaconorum

2236 3362 2388 3412 turba
2417 3356 2601 3410 aderat
2632 3354 2769 3408 beati
2801 3351 2995 3406 Nicetii
3017 3352 3389 3422 Lugdunensis
3414 3351 3650 3421 episcopi
3678 3366 3843 3406 esse-

2233 3450 2391 3518 quiis,
2425 3464 2490 3501 ex
2542 3446 2678 3500 libro
2721 3447 2789 3499 de
2830 3443 3011 3499 Gloria
3054 3444 3462 3508 Gont‘essorum,
3510 3444 3685 3512 capite
3736 3443 3837 3499 01.

2233 3539 2607 3595 Sacerdotales
2641 3547 2817 3591 vestes
2849 3536 2968 3590 aliis
3000 3538 3048 3589 in
3076 3536 3204 3589 locis
3227 3545 3637 3590 commemorat.
3660 3533 3840 3589 Habc~

2235 3649 2354 3686 mus
2386 3645 2511 3686 vero
2532 3630 2586 3684 in
2612 3629 2745 3691 libro
2766 3628 2833 3683 de
2864 3628 2993 3682 Vitis
3028 3628 3260 3693 Patrum,
3295 3629 3470 3695 capite
3494 3624 3548 3691 8,
3574 3628 3836 3697 candida,

2232 3739 2408 3780 vestes
2458 3724 2662 3778 scilicet
2705 3723 2910 3791 amplas
2942 3763 2957 3787 ,
3001 3722 3075 3775 uti
3122 3720 3193 3774 ibi
3240 3722 3633 3786 describuntur,
3691 3737 3840 3791 quas

2234 3817 2384 3871 festis
2428 3813 2772 3886 paschalibus
2822 3813 3157 3868 sacerdotum
3190 3811 3659 3879 hutnerisitnponi
3704 3828 3839 3868 suos

2232 3920 2367 3965 erat.
2418 3911 2650 3977 ldipsutn
2682 3917 2762 3963 est
2797 3908 3201 3970 vestimentum,
3232 3906 3285 3960 ni
3334 3906 3510 3970 lailor,
3536 3905 3678 3975 quod
3710 3923 3839 3968 san.

2231 4013 2349 4056 ctus
2380 3996 3035 4069 Rcrnigiusamphibulum
3060 3995 3234 4050 album
3271 3996 3559 4067 pose/talin
3587 3999 3838 4064 appellat

2235 4099 2284 4149 itr
2337 4109 2435 4149 suo
2463 4102 2821 4155 testamento,
2871 4108 3029 4162 qrreru
3077 4093 3328 4162 episcopo
3371 4092 3473 4145 sibi
3503 4108 3837 4148 successum

2234 4187 2469 4255 reliquit.
2499 4184 2824 4239 Vestimenta
2849 4196 3027 4238 autem
3048 4189 3110 4234 au
3134 4198 3286 4237 sacra
3310 4181 3549 4238 facienda
3574 4182 3624 4236 in
3644 4197 3838 4239 sacra-

2234 4281 2314 4332 tio
2347 4277 2773 4343 assumebantur,
2806 4277 2893 4329 ubi
2944 4277 3176 4344 peractis
3204 4276 3481 4331 soletuniis
3510 4277 3708 4346 deponi
3745 4296 3831 4334 so-

2238 4369 2433 4422 lebant.
2467 4367 2677 4422 Etenim
2721 4383 2842 4422 cum
2874 4383 3012 4436 a-gre
3039 4366 3204 4423 ferret
3246 4368 3624 4434 Guntratunus,
3673 4374 3832 4441 quod

544 4428 697 4518 sacra
723 4478 943 4517 munera
972 4462 1125 4515 altari
1156 4428 1434 4531 imposita,
1465 4428 1631 4531 qaiare
1659 4463 1890 4519 Nicetius
1913 4465 2127 4536 Lugdu-
2157 4428 2207 4488 Β
2236 4460 2503 4515 Palladius
2551 4461 2843 4515 Santonum
2873 4428 3177 4530 episcotius,
3220 4463 3309 4532 qui
3347 4428 3706 4517 Gundovaldd
3736 4466 3837 4519 ad-

544 4556 728 4610 nensis
755 4556 977 4610 antistes
1006 4556 1057 4609 irt
1091 4556 1203 4608 visu
1230 4556 1440 4608 cuidam
1475 4558 1787 4627 presbytero
1815 4558 2124 4627 apparuisse

542 4646 738 4701 dicitur
769 4646 821 4700 itr
857 4644 987 4698 Vitis
1020 4646 1232 4699 Patrum
1252 4685 1266 4708 ,
1297 4646 1473 4714 capite
1504 4647 1557 4712 8,
1609 4657 1665 4700 ut
1696 4648 2020 4716 prohiberet,
2057 4666 2126 4705 rre

542 4741 964 4809 coopertorinm,
1000 4740 1138 4807 quod
1170 4754 1346 4792 rarum
1376 4750 1538 4805 esset,
1575 4755 1674 4795 nec
1700 4754 1765 4795 eo
1795 4741 1953 4810 plane
1980 4753 2126 4811 tege-

543 4843 733 4890 rentur
758 4848 909 4888 sacra
939 4834 1215 4903 mysteria,
1248 4846 1408 4900 super
1440 4833 1607 4886 altare
1646 4842 1951 4899 poneretur.
1984 4833 2119 4889 Vasa

541 4930 657 4993 ipsa
701 4941 819 4995 qua:
860 4924 924 4978 ad
960 4939 1168 4977 sacrum
1198 4922 1557 4976 ministerium
1593 4924 2002 4989 adhibebantur,
2041 4934 2123 4979 sa-

540 5026 684 5071 crata
716 5016 908 5085 passim
951 5022 1221 5080 nuncupat
1262 5014 1570 5082 Gregorius,
1602 5030 1825 5084 quorum
1860 5016 2000 5070 varia
2032 5033 2124 5086 ge-

543 5126 669 5163 nera
704 5125 798 5179 pro
823 5110 942 5163 data
979 5109 1262 5162 occasione
1291 5122 1696 5177 commemorat,
1725 5110 1940 5178 calices,
1976 5122 2122 5180 pate-

542 5215 660 5263 nas,
702 5213 909 5267 turres,
940 5215 1155 5264 cruces,
1188 5210 1291 5255 etc.
1328 5201 1396 5254 Ea
1427 5216 1554 5255 vero
1591 5201 1657 5255 ad
1709 5202 1958 5259 Immunes
2003 5221 2123 5260 usus

538 5299 726 5357 aptare
753 5292 1012 5357 piaculum
1036 5291 1235 5360 grande
1260 5291 1622 5361 computabat,
1651 5294 2115 5361 prtevaricatorunr

542 5379 895 5431 tenteritatenr
943 5396 969 5429 a
1018 5381 1123 5433 Deo
1168 5378 1402 5446 punitam
1448 5379 1611 5436 fuisse
1648 5384 1812 5438 variis
1851 5386 2119 5441 miraculis

539 5468 916 5534 cornprobans.
962 5467 1050 5519 llla
1080 5480 1252 5521 autem
1283 5470 1460 5523 omnia
1494 5485 1619 5525 vasa
1650 5488 1751 5525 non
1784 5473 1955 5528 solum
1987 5475 2121 5530 Gre-

541 5559 723 5630 gorius
743 5600 757 5622 ,
787 5558 878 5611 sed
921 5566 975 5609 et
1009 5560 1185 5612 caueri
1216 5561 1332 5629 ejus
1371 5564 1468 5616 arvi
1498 5578 1745 5619 auctores
1778 5568 1933 5620 unico
1965 5582 2117 5621 voca-

538 5655 663 5711 bulo
687 5653 1017 5706 ntinistrrirm
1046 5653 1403 5721 appellabant,
1437 5658 1749 5721 quandoque
1788 5660 2117 5716 ministerium

2236 4555 2483 4619 haeserat,
2515 4569 2693 4607 corarn
2723 4568 2788 4608 eo
2824 4568 2979 4608 sacra
3007 4554 3227 4621 faceret,
3256 4556 3347 4610 ille
3376 4556 3465 4626 qui
3488 4555 3598 4625 jam
3638 4555 3833 4613 lectio-

2235 4661 2328 4699 nes
2359 4644 2672 4715 inctnperat,
2706 4646 2758 4699 in
2783 4648 3073 4700 sacrarium
3097 4647 3339 4701 recessit.

2303 4738 2394 4795 50.
2434 4741 2650 4793 Munera
2694 4739 2878 4794 ﬁdeles
2918 4739 3250 4807 offerebant,
3294 4751 3351 4796 ut
3394 4756 3489 4811 pro
3516 4743 3595 4798 eis
3636 4743 3831 4801 Missa:

2231 4834 2629 4888 celebrarentur
2662 4849 2675 4884 :
2716 4833 2857 4900 qrrod
2899 4832 3069 4886 innuit
3106 4833 3390 4902 Gregorius
3433 4833 3485 4887 in
3535 4836 3671 4890 libro
3698 4851 3721 4890 ι
3752 4838 3831 4894 de

2228 4925 2407 4980 Gloria
2439 4924 2751 4994 Martyrum,
2780 4924 2954 4993 capite
2980 4923 3068 4989 75,
3102 4927 3190 4979 ubi
3211 4921 3509 4994 Frigoriu'ci
3529 4926 3827 4985 sanitatem

2227 5033 2575 5087 recuperasse
2606 5030 3003 5085 memorantur,
3033 5017 3123 5087 qui
3153 5018 3340 5071 Missas
3364 5017 3416 5072 in
3444 5017 3651 5074 honore
3695 5034 3831 5075 san-

2227 5112 2297 5163 cti
2330 5109 2656 5178 Sigismundi
2686 5108 2984 5171 celebrare,
3017 5115 3070 5160 et
3099 5106 3422 5161 oblationem
3459 5121 3553 5177 pro
3590 5108 3712 5179 ejus
3746 5126 3831 5165 re-

2228 5200 2349 5271 quie
2392 5200 2501 5255 Deo
2535 5197 2738 5254 offerre
2783 5206 3118 5254 curaverant.
3161 5196 3295 5251 Bern
3333 5199 3528 5252 clarius
3559 5200 3823 5269 exprimit

2229 5293 2367 5347 libro
2394 5306 2409 5345 t
2442 5294 2507 5345 de
2538 5290 2801 5345 Miraculis
2828 5288 2997 5344 sancti
3027 5287 3256 5354 Martini,
3288 5290 3462 5358 capite
3490 5288 3577 5356 12,
3609 5291 3697 5345 ubi
3727 5292 3792 5348 Ul

2229 5388 2492 5455 trogottlra
2518 5385 2696 5454 regina
2719 5382 2783 5436 ad
2812 5381 2981 5436 sancri
2998 5379 3209 5435 Martini
3227 5382 3503 5437 ecclesiam
3526 5383 3823 5441 advenisse

2226 5480 2441 5544 dicitur,
2492 5488 2546 5530 et
2592 5475 2764 5527 multis
2809 5472 3102 5526 muneribus
3153 5472 3336 5527 oblatis
3384 5473 3695 5542 expetiisse,
3759 5487 3821 5530 nt

2226 5572 2382 5625 Missa
2416 5572 2465 5623 itt
2508 5567 2677 5621 sancti
2719 5565 3040 5619 confessoris
3071 5569 3278 5621 honore
3316 5576 3659 5623 revocaretur.
3709 5569 3819 5624 Vi-

2226 5679 2348 5719 num
2379 5659 2635 5715 offerebat
2679 5655 2915 5725 quotidie
2959 5657 3022 5712 ad
3072 5658 3391 5714 sacriﬁcium
3441 5661 3822 5735 peragendum
