4024 6192
160 236 207 291 ιδ’
1612 223 1998 281 ΡΙῖιΕΡΑΤΙΟ.
3345 231 3412 285 ιο
3498 226 3505 229 ⁷

164 370 236 426 pro
258 354 358 408 viro
379 367 474 408 suo
496 351 765 407 defuncto
797 351 992 407 mulier
1020 351 1178 405 vidua
1204 350 1254 403 in
1280 348 1415 402 lilno
1445 348 1511 401 de
1539 343 1718 399 Gloria
1745 344 1798 403 Α
1822 355 2082 407 concavo,
2116 351 2207 395 aut
2237 341 2289 394 in
2338 342 2572 410 ampulla
2617 342 2731 397 sive
2760 344 2975 412 capsula
3017 346 3308 413 conclusze,
3352 348 3414 403 in

165 446 521 510 Coalessorum,
570 445 761 511 capite
789 444 886 508 ($5,
919 443 1043 497 licet
1085 443 1196 510 ipsa
1227 442 1292 494 ad
1339 440 1720 493 communican-

169 538 263 591 dum
282 536 437 590 rarius
462 536 780 589 accederet.
815 534 924 589 Sed
957 544 1009 588 ct
1032 533 1274 586 diversas
1305 546 1483 585 rerum
1512 532 1719 599 species

175 645 197 681 a
225 628 437 683 ﬁdelibus
465 627 681 681 oblatas
713 625 965 680 ecclesiis
1001 625 1165 678 fuisse
1194 638 1257 677 ex
1296 623 1469 691 capite
1508 622 1542 676 2
1576 622 1720 692 ejus-

171 721 263 776 dem
288 722 394 775 libri
423 730 632 775 certum
661 728 773 781 est,
818 728 876 772 et
903 717 1120 787 quidem
1160 731 1321 785 super
1346 716 1535 778 altare,
1577 715 1718 784 quod

173 821 283 879 patet
309 826 367 865 ex
399 810 637 879 pluribus
668 809 795 863 aliis
824 807 978 861 locis.
1010 806 1091 860 Ob
1120 806 1608 865 decimarumvero
1634 819 1724 858 so-

172 902 362 957 lutiones
381 916 409 954 a
436 902 647 970 populis
676 900 950 969 neglectas
979 898 1214 966 regionis
1253 896 1524 951 excidium
1554 895 1725 947 mina-

172 1008 238 1047 tus
255 1001 325 1047 est
340 993 519 1048 beatus
542 992 850 1061 Hospicius,
874 992 929 1045 in
955 992 1092 1046 libro
1114 1005 1161 1042 vt
1187 987 1454 1054 Historiae,
1479 987 1651 1055 capite
1667 984 1721 1039 G.

168 1084 497 1138 Hemorabilis
529 1095 707 1137 autem
745 1092 827 1136 est
869 1081 1209 1135 Lemovicum
1233 1078 1468 1141 devotio,
1500 1076 1588 1146 qui
1624 1092 1729 1129 non

170 1177 314 1231 solum
352 1177 507 1230 semel
532 1186 624 1229 aut
649 1176 869 1239 iterum,
902 1173 1232 1241 autqnando
1262 1172 1473 1236 liberet,
1507 1185 1728 1224 munera

173 1269 391 1322 ecclesiae
419 1269 583 1321 sancti
614 1266 830 1321 Juttiani
858 1266 1056 1321 ollerre
1101 1273 1516 1331 consueverant,
1548 1279 1732 1317 verum

168 1363 310 1414 etiam
326 1362 432 1427 ejus
445 1360 603 1414 veluti
618 1361 900 1424 tributarii,
922 1360 1065 1425 facti,
1090 1361 1160 1413 ad
1188 1359 1379 1413 tributa
1396 1358 1622 1427 singulis
1644 1372 1737 1410 an-

166 1457 241 1505 nis
254 1453 397 1507 statis
411 1453 595 1507 dl‘t'bllS
607 1452 654 1506 ei
675 1452 1027 1523 persolvenda
1045 1466 1163 1506 sese
1190 1451 1334 1521 ipsos
1346 1450 1732 1519 obligaverant-

226 1542 309 1596 51.
354 1542 708 1596 Εοειῶἒετυιη
738 1556 832 1595 seu
862 1541 1199 1595 basilicarum
1247 1539 1473 1594 formam
1506 1548 1559 1593 et
1592 1554 1737 1607 mag-

163 1632 467 1684 niﬁcentiam
490 1647 589 1685 non
613 1634 666 1685 in
692 1646 798 1685 uno
821 1633 940 1685 loco
963 1631 1223 1687 describit
1245 1629 1560 1700 Gregorius.
1588 1630 1741 1685 Unde

1823 433 1935 502 ipsa
1968 434 2152 487 altaris
2180 442 2445 487 structura
2477 434 2903 505 deponebantur,
2950 439 3136 507 quales
3164 452 3225 493 se
3253 454 3413 494 inve-

1824 527 1969 580 nisse
2000 534 2223 579 testatur
2245 524 2533 594 Gregorius
2564 525 2616 580 in
2644 525 2751 582 ﬁne
2775 528 2893 583 libri
2919 528 3135 585 decimi.
3161 530 3415 585 Loculum

1824 617 2054 689 appellat
2082 616 2218 673 libro
2246 634 2262 670 ι
2292 620 2360 672 de
2396 616 2578 673 Gloria
2611 619 2925 690 Martyrum,
2963 620 3137 689 capite
3166 621 3257 689 54,
3291 638 3413 691 par-

1828 718 1933 762 tem
1968 708 2111 762 illam
2142 708 2348 775 altaris,
2382 709 2432 762 in
2458 724 2561 778 qua
2607 709 2826 765 inclusa:
2861 711 3123 778 ejusmodi
3155 713 3413 783 reliquiae.

1827 799 1937 854 Nos
1964 799 2119 853 hodie
2140 798 2429 869 sepulcrum
2455 813 2846 869 nuncupamus,
2864 801 3005 871 quod
3031 813 3419 871 representare

1831 890 2074 945 videatur
2116 901 2422 945 sanctorum
2463 892 2729 960 sepulcra,
2778 907 2939 962 super
2963 909 3082 963 qua:
3128 895 3419 966 antiquitus

1831 984 2023 1038 altaria
2050 984 2181 1054 erigi
2210 984 2473 1039 solebant.
2508 984 2616 1038 Nec
2643 986 2788 1039 enim
2819 985 2947 1039 olim
2979 985 3172 1041 licebat
3199 987 3298 1043 nisi
3324 1002 3419 1043 su-

1834 1088 1928 1141 per
1972 1087 2279 1127 sancrorum
2332 1082 2629 1143 martyrum
2672 1074 2926 1144 reliquias
2963 1076 3149 1131 altaria
3193 1078 3418 1148 erigere.

1837 1165 1988 1219 Unde
2018 1168 2068 1218 in
2094 1164 2386 1233 majoribus
2408 1165 2650 1220 ecclesiis
2667 1168 2834 1222 altare
2854 1170 3025 1236 majus
3045 1178 3103 1222 ut
3130 1170 3423 1238 plurimum

1836 1258 1889 1310 in
1938 1257 2054 1311 loco
2083 1258 2227 1311 edito
2273 1266 2534 1310 structum
2565 1264 2702 1323 erat,
2736 1258 2836 1312 sub
2866 1272 2925 1312 se
2955 1258 3155 1313 habens
3179 1270 3422 1331 cryptatn

1837 1356 2145 1399 sanctorum
2175 1345 2418 1414 reliquiis
2457 1347 2774 1401 instructam
2800 1364 2812 1397 :
2842 1363 2961 1418 qua:
2989 1360 3043 1403 et
3070 1364 3223 1404 suum
3253 1353 3426 1406 altare

1842 1437 2088 1492 habebat.
2118 1436 2333 1507 Cryptze
2367 1452 2495 1491 vero
2527 1436 2635 1490 illae
2665 1452 2784 1507 quae
2814 1452 2971 1506 supra
3003 1448 3305 1493 sanctorum
3338 1447 3425 1491 tu-

1842 1531 2014 1584 mulos
2042 1536 2362 1582 constructa:
2391 1534 2566 1592 erant,
2599 1527 2872 1582 nonnullis
2903 1527 2955 1580 in
2987 1527 3118 1583 locis
3149 1529 3428 1597 confessio-

1844 1638 1931 1674 nes
1954 1628 2273 1687 nuncupatae
2320 1617 2558 1688 luerunt,
2589 1619 2841 1674 Romana:
2872 1619 3124 1675 Ecclesia:
3152 1621 3425 1690 exemplo.

163 1710 441 1792 intelligere
470 1723 593 1778 licet
627 1737 826 1793 quanta
852 1722 1011 1779 fuerit
1041 1734 1254 1793 patrum
1287 1733 1595 1778 nostrorum
1626 1724 1738 1792 pie-
1769 1718 1815 1778 B
1847 1716 2054 1772 Etenim
2088 1716 2342 1785 confessio
2371 1716 2536 1769 sancti
2566 1716 2708 1769 Petri
2730 1715 2915 1772 Rontae
2932 1718 3041 1786 jam
3066 1717 3343 1773 dicebatur
3364 1734 3431 1774 ea

162 1826 255 1877 tas.
298 1817 385 1883 qui
422 1831 519 1871 nec
549 1817 851 1885 sumptibus
882 1826 1235 1886 pepercerunt
1273 1830 1373 1871 nec
1411 1816 1690 1871 laboribus
1716 1855 1732 1879 ,

166 1924 274 1961 cum
302 1910 366 1963 de
393 1909 689 1964 condendis
715 1917 769 1964 et
791 1907 1121 1963 adornandis
1149 1907 1400 1962 domibus
1432 1906 1542 1985 Deo
1569 1920 1741 1960 sacra'

166 2002 224 2055 tis
250 2012 418 2055 actum
456 2013 557 2055 est.
598 2000 817 2070 Legesis
848 2000 967 2055 libri
1013 2016 1051 2055 tt
1082 2000 1333 2054 Historia:
1375 2000 1551 2067 capita
1584 1995 1655 2049 14
1682 2006 1741 2052 et

169 2092 247 2156 l6,
282 2092 335 2146 in
360 2108 575 2160 quorum
608 2092 772 2160 priori
800 2092 1132 2147 Turonensis
1161 2091 1332 2146 sancti
1360 2089 1570 2143 Martini
1596 2088 1742 2142 basi-

169 2182 280 2247 lica,
312 2185 362 2236 in
391 2185 553 2238 altern
574 2186 747 2238 senior
766 2184 996 2239 ecclesia
1020 2183 1375 2238 Arvernensis
1396 2181 1737 2237 describitur.

170 2274 435 2343 Marmora,
471 2278 727 2347 picturas,
756 2292 944 2345 aurea,
990 2287 1349 2347 argenteaque
1390 2286 1703 2330 ornamenta
1726 2318 1739 2341 ,

172 2368 296 2430 tela,
330 2369 555 2435 palliola,
594 2379 735 2422 tecta
764 2368 878 2438 ipsa
902 2384 971 2422 ex
1015 2384 1123 2424 aere
1161 2366 1430 2434 cunfecta,
1464 2369 1529 2421 ad
1559 2381 1747 2421 Olllalt°

171 2459 253 2511 das
294 2460 541 2514 ecclesias
598 2460 839 2513 adhibita
882 2459 1051 2515 fuisse
1095 2461 1290 2530 passim
1333 2468 1742 2515 commemorat.

174 2548 297 2603 Duas
324 2552 559 2605 ecclesia:
608 2554 907 2620 praecipuas
948 2561 1125 2620 partes
1172 2550 1335 2605 fuisse
1362 2567 1427 2604 ex
1456 2551 1645 2605 eodem
1678 2551 1748 2603 di”

174 2644 373 2705 tomus,
402 2657 619 2709 capsum
654 2641 867 2713 (navim
912 2641 1369 2713 interpretamur)
1401 2652 1454 2697 et
1483 2644 1750 2714 presbyte-

174 2732 319 2798 rium,
351 2734 427 2786 sic
447 2733 673 2797 dictum,
696 2732 838 2801 quod
870 2732 939 2786 ibi
966 2733 1264 2803 presbyteri
1296 2741 1441 2787 stare
1466 2747 1749 2793 consueve_

173 2826 287 2878 rint.
332 2824 707 2894 Nuucupatum
754 2834 839 2879 est
882 2825 1045 2878 etiam
1103 2841 1208 2878 non
1255 2825 1443 2890 semel,
1469 2825 1745 2890 altarium,

174 2918 299 2985 quod
341 2918 410 2972 ibi
439 2918 610 2973 altare
659 2916 835 2986 majus
860 2917 1168 2989 exsisteret.
1204 2920 1519 2986 Analogium
1551 2918 1605 2972 in
1651 2917 1751 2971 Ec-

172 3009 319 3063 clesia
336 3010 503 3063 sancti
525 3009 689 3064 Vener
706 3008 828 3062 andi
849 3008 989 3078 apud
1012 3010 1281 3064 Arvernos
1297 3011 1570 3065 exstitisse
1587 3019 1748 3066 testa-

1842 1812 2087 1866 Vaticani
2120 1827 2260 1879 pars,
2287 1813 2337 1864 in
2364 1825 2464 1879 qua
2491 1811 2772 1866 beatorum
2799 1815 3175 1881 Apostolorum
3203 1830 3431 1885 corpora

1841 1905 2200 1975 requiescunt.
2233 1904 2325 1960 Sic
2354 1914 2409 1959 et
2438 1904 2617 1958 limina
2645 1905 2815 1960 sancti
2845 1907 3093 1973 Martini,
3123 1918 3216 1965 aut
3260 1911 3432 1969 sancti

1843 1996 2028 2051 Hilarii
2056 1996 2460 2066 appellabantur
2491 1996 2804 2052 eorumdem
2834 2008 3141 2054 sanctorum
3172 2002 3428 2069 basilicae.

1843 2089 1985 2158 quod
2018 2103 2142 2156 eas,
2176 2088 2253 2143 uti
2281 2100 2333 2143 et
2364 2087 2545 2141 limina
2573 2090 2935 2159 Apostolorum
2965 2091 3151 2147 Romae
3193 2095 3433 2151 existen-

1846 2178 1915 2233 tia
1947 2180 2210 2250 peregrini
2256 2180 2492 2235 invisere
2536 2179 2793 2235 solerent.
2826 2181 3071 2251 Legimus
3102 2184 3261 2241 etiam
3292 2188 3434 2257 apud

1845 2271 2163 2341 Gregorium
2195 2282 2499 2326 sanctorum
2534 2273 2789 2341 reliquias
2821 2277 2873 2328 in
2905 2277 3229 2346 baptisteriis
3260 2296 3436 2336 asser-

1846 2375 1994 2419 vatas
2024 2365 2187 2419 fuisse
2218 2382 2230 2417 :
2261 2375 2315 2418 at
2352 2364 2442 2419 illa
2473 2364 2785 2434 baptisteria
2824 2369 3038 2425 diversa
3086 2372 3155 2427 ah
3182 2375 3437 2429 Oratoriis

1846 2458 2061 2513 cen~eri
2092 2473 2196 2513 non
2225 2458 2443 2525 debent,
2474 2462 2613 2526 quod
2648 2461 2719 2515 ihi
2750 2477 2855 2516 non
2886 2465 3060 2519 Solum
3087 2466 3433 2521 administra—

1850 2560 2000 2602 retur
2042 2549 2289 2617 baptismi
2338 2560 2764 2619 sacramentum,
2796 2553 2891 2607 sed
2936 2563 2991 2609 et
3032 2569 3185 2611 sacra
3225 2572 3438 2627 quoque

1850 2643 2137 2711 mysteria,
2190 2652 2245 2697 et
2281 2657 2472 2696 cursus
2501 2642 2668 2696 divini
2715 2645 3135 2701 celebrarentur.
3169 2649 3439 2720 Reliquias

1850 2734 2023 2789 sancti
2057 2733 2229 2804 Sergii
2268 2733 2515 2803 martyris
2542 2734 2593 2786 iu
2634 2735 2836 2788 sublimi
2868 2738 3075 2805 parietis
3104 2749 3278 2792 contra
3306 2740 3440 2793 alta-

1850 2826 2064 2881 riumin
2091 2826 2301 2895 capsula
2318 2824 2611 2879 reconditas
2633 2827 2882 2882 servabat
2905 2826 3192 2885 Eufronius
3221 2830 3440 2901 quidam

1852 2918 2022 2988 Syrus
2052 2918 2104 2971 in
2132 2917 2295 2971 domo
2320 2931 2438 2980 sua,
2465 2930 2625 2983 quam
2651 2917 2787 2985 apud
2823 2918 3157 2987 Burdigalam
3189 2921 3240 2974 in
3264 2922 3440 2975 eccle-

1854 3012 1988 3064 siam
2013 3010 2345 3065 convertisse
2370 3020 2696 3062 memoratur
2711 3009 2848 3079 apud
2872 3010 3184 3084 Gregorium
3210 3014 3347 3068 libro
3371 3029 3444 3070 Vtt

78 3112 81 3113 '
173 3109 251 3153 tur
279 3102 328 3154 in
354 3103 487 3154 libro
519 3102 587 3155 de
614 3099 795 3155 Gloria
824 3102 1229 3169 Confessormn,
1273 3104 1448 3168 capite
1473 3105 1562 3168 57,
1604 3104 1745 3173 quod
1775 3080 1823 3145 ο
1857 3103 2122 3165 Historiae,
2150 3104 2320 3169 capite
2346 3099 2437 3155 3|.
2476 3103 2582 3159 Sed
2620 3109 2675 3155 et
2704 3102 2761 3157 in
2802 3102 2923 3158 aliis
2952 3080 3149 3174 passim
3192 3105 3326 3163 locis
3352 3121 3444 3162 oc-

174 3192 445 3247 tribunalis
469 3194 689 3247 nomine
710 3193 843 3247 alias
864 3192 1150 3261 designare
1173 3195 1405 3248 videtur.
1434 3194 1509 3249 lbi
1538 3196 1747 3262 episco-

174 3292 263 3344 pus
304 3283 750 3347 Concionabatur,
781 3297 888 3352 quo
926 3284 1085 3336 etiam
1129 3285 1181 3337 in
1231 3284 1349 3338 loco
1394 3284 1643 3353 Episto'a:
1694 3295 1749 3340 et

173 3371 448 3442 Evangelia
471 3375 855 3443 legebanturin
874 3375 1225 3429 conventibus
1244 3376 1468 3445 publicis
1488 3378 1743 3432 lidelintn.

173 3464 403 3533 Analogii
446 3468 648 3519 veteris
688 3475 993 3519 accuratam
1023 3464 1439 3533 descriptionem
1482 3484 1549 3523 ex
1577 3471 1747 3523 saneti

170 3553 448 3610 Clementis
474 3560 703 3611 ecclesia
730 3556 916 3611 Roma:
946 3559 1111 3612 habes
1141 3559 1279 3627 apud
1307 3558 1666 3615 Mahillonium
1696 3562 1749 3615 in

168 3646 772 3716 Coinmenwrioprxvio
784 3648 851 3701 ad
872 3649 1114 3702 ordinent
1137 3649 1457 3720 Romanum,
1480 3652 1565 3706 ubi
1588 3654 1748 3707 etiam

166 3735 274 3803 ejus
294 3734 747 3808 ichnographiam
791 3746 1165 3807 reprzesentat.
1196 3741 1363 3794 Erant
1392 3752 1651 3812 praeterea
1674 3760 1753 3798 ec-

166 3832 442 3886 etesiarum
472 3831 731 3901 porticus,
772 3842 996 3900 cryptae,
1025 3845 1088 3886 ac
1114 3848 1491 3904 nonnunquam
1520 3843 1753 3891 oratoria

163 3917 599 3991 ipsis'adjuncta,
624 3938 744 3993 qua:
773 3931 828 3977 et
852 3938 946 3975 sua
979 3924 1247 3977 habebant
1285 3926 1496 3980 altaria.
1529 3926 1669 3995 Quin
1700 3938 1755 3983 et

162 4013 305 4079 plura
336 4015 391 4069 in
424 4018 585 4069 unica
629 4014 851 4068 basilica
882 4017 1115 4069 oratoria
1164 4033 1545 4085 nonnunquam
1587 4020 1755 4074 fuisse

160 4120 219 4159 ex
262 4110 447 4165 multis
481 4105 733 4176 Gregorii
767 4109 902 4161 locis
937 4106 1092 4162 facile
1136 4113 1455 4177 probaretur
1486 4128 1500 4164 :
1531 4110 1648 4181 lege
1676 4112 1757 4166 Ilio

160 4200 368 4254 storiani
382 4202 529 4255 libro
546 4216 579 4253 ν
595 4201 773 4269 capite
785 4200 982 4265 50,etc.
1001 4202 1269 4256 Ecclesias
1285 4217 1411 4257 vero
1425 4205 1754 4270 complures,

158 4292 377 4349 oratoria
435 4306 494 4349 et
547 4294 740 4363 altaria
792 4309 821 4347 a
871 4310 933 4348 se
981 4305 1295 4350 consecrata
1350 4295 1518 4351 fuisse
1570 4298 1759 4352 scribit

164 4382 277 4437 libri
301 4402 357 4455 x,
380 4389 582 4459 capite
611 4388 821 4450 ultimo,
846 4387 941 4441 sed
963 4387 1317 4443 dedicationis
1338 4388 1581 4444 ecclesiae
1601 4404 1758 4445 caere-

1850 3202 2075 3247 cnrrunt
2114 3202 2420 3246 sanctorum
2454 3194 2642 3248 tumuli
2683 3198 2733 3248 in
2766 3194 3111 3251 ecclesiarum
3153 3198 3446 3268 parietibus

1852 3285 2067 3350 inclusi,
2101 3299 2195 3339 seu
2228 3285 2404 3353 p0tius
2435 3286 2487 3340 in
2520 3287 2771 3353 arcubus,
2802 3289 2890 3357 qui
2925 3288 3062 3342 intra
3088 3289 3236 3359 ipsos
3264 3290 3446 3359 parie-

1851 3385 1931 3428 tes
1961 3375 2258 3429 constructi
2281 3383 2454 3430 erant.
2490 3376 2769 3446 Nunquam
2805 3391 2937 3432 vero
2978 3387 3283 3434 sanctorum
3313 3380 3446 3435 reli-

1865 3464 2017 3535 quias
2043 3481 2208 3535 super
2231 3468 2420 3535 altare,
2440 3469 2541 3523 nisi
2561 3467 2787 3525 fortasse
2808 3469 3123 3527 brevissimo
3143 3472 3444 3540 intervallo,

1860 3557 2133 3625 deponere
2147 3557 2229 3612 las
2249 3560 2378 3623 luit,
2405 3559 2547 3629 quod
2563 3561 2843 3616 nonnisiin
2869 3576 3053 3617 earum
3083 3563 3448 3619 translationi-

1859 3649 1977 3712 bus,
2003 3658 2097 3703 aut
2122 3651 2603 3719 supplicationibus
2633 3653 2877 3722 publicis,
2905 3655 2993 3709 vix
3012 3654 3440 3723 permittebatur.

1924 3738 2015 3793 55.
2032 3745 2348 3796 Sanctorum
2365 3744 2551 3797 tumuli
2571 3744 2745 3813 palliis
2757 3744 2955 3814 operiri
2968 3757 3375 3813 consueverunt,
3391 3756 3446 3802 et

1854 3829 2108 3885 cancellis
2137 3831 2356 3899 includi,
2387 3834 2433 3887 si
2456 3849 2679 3904 magnus
2699 3845 2843 3890 esset
2867 3835 2935 3889 ad
2970 3836 3091 3890 illos
3123 3840 3439 3907 populorum

1856 3937 2188 3989 concursus;
2227 3924 2429 3978 ciboria
2468 3927 2626 3980 etiam
2657 3942 2819 3995 super
2848 3928 2993 3995 ipsos
3037 3931 3448 3989 exstruebantur

1857 4027 1911 4072 et
1941 4016 2125 4083 fredzc,
2155 4017 2206 4071 id
2241 4027 2322 4071 est
2353 4019 2683 4084 umbracula,
2710 4020 2905 4089 quibus
2936 4022 2989 4074 in
3025 4023 3312 4092 pyramidis
3333 4042 3448 4079 mo—

1859 4110 1984 4162 dum
2024 4107 2392 4163 desinentibus
2430 4123 2810 4179 nonnunquam
2839 4125 2967 4165 crux
3014 4112 3066 4166 in
3100 4111 3310 4183 fastigio
3345 4115 3448 4170 int-

1858 4202 2033 4270 posita
2073 4211 2210 4265 erat,
2245 4212 2302 4253 nt
2330 4201 2397 4255 de
2426 4200 2634 4255 tumulo
2661 4201 2833 4257 Sancti
2858 4202 3051 4258 Juliani
3077 4206 3326 4276 martyris
3348 4209 3452 4263 ob-

1860 4303 2042 4346 servat
2064 4292 2373 4362 Gregorius,
2402 4292 2576 4360 capite
2602 4291 2671 4346 20
2692 4292 2811 4364 ejus
2836 4293 3230 4351 .‘lllraculorum.
3260 4297 3450 4355 Crucis

1862 4383 1980 4438 loco
2009 4383 2277 4438 nonnullis
2302 4385 2473 4438 inerat
2501 4384 2748 4439 columba
2774 4426 2788 4450 ,
2817 4386 2990 4456 qualis
3013 4390 3289 4446 exstitisse
3318 4393 3452 4447 dici-

158 4478 353 4532 ntonias
381 4457 711 4549 singulatim
738 4478 958 4547 exponit
991 4482 1042 4534 in
1084 4480 1223 4535 libro
1248 4480 1316 4535 de
1337 4480 1518 4535 Gloria
1544 4480 1757 4536 Confes-
1785 4457 1835 4517 υ
1863 4484 1950 4530 tur
2016 4490 2177 4544 supra
2242 4475 2380 4530 beati
2441 4476 2680 4547 Dionysii
2741 4480 3047 4549 sepulcrum
3118 4482 3171 4539 in
3244 4485 3382 4541 libro
3436 4502 3454 4541 ι

158 4583 347 4639 torum,
380 4586 577 4643 caplle
623 4571 696 4625 2t)
715 4615 730 4638 ,
764 4573 852 4626 ubi
882 4573 1103 4626 oratorii
1133 4572 1216 4627 sui
1242 4572 1636 4628 dedicationem
1664 4574 1758 4629 de-

159 4664 347 4721 scribit.
386 4667 614 4721 Altaria
657 4677 834 4719 autem
870 4679 1185 4719 consecrare
1210 4665 1413 4735 absque
1451 4678 1755 4722 sanctorum

160 4760 380 4829 reliquiis
406 4762 575 4817 nefas
618 4770 757 4814 erat.
790 4759 942 4814 Unde
970 4759 1236 4815 Palladius
1271 4759 1623 4815 Santonensis
1644 4759 1758 4827 epi-

158 4866 337 4925 scopus
377 4872 407 4910 a
458 4864 671 4911 sancto
717 4852 979 4923 Gregorio
1020 4870 1155 4923 papa
1196 4854 1461 4921 ejusmodi
1501 4852 1756 4923 reliquias

162 4952 410 5017 poposcit,
434 4964 586 5019 quas
621 4948 679 5003 in
712 4946 972 5001 altaribus
994 4962 1021 4999 a
1046 4961 1106 5001 se
1132 4948 1423 5001 exstructis
1448 4958 1755 5015 reponeret.

221 5038 303 5094 52.
342 5041 638 5112 Reliquias
665 5048 974 5093 sanctorum
996 5038 1227 5106 appellat
1249 5036 1556 5107 Gregorius,
1582 5038 1756 5093 velum

164 5137 373 5202 sepulcri
403 5133 654 5203 alicujus
683 5132 881 5195 sancti,
910 5137 1003 5183 aut
1040 5131 1253 5199 pallium
1282 5129 1523 5199 ejusdem
1556 5132 1760 5185 tumulo

164 5228 478 5297 impositum,
502 5244 727 5291 ceram,
752 5235 843 5280 aut
863 5227 1044 5280 oleum
1067 5241 1129 5280 ex
1160 5226 1496 5293 lampadibus
1516 5237 1567 5280 et
1591 5225 1762 5281 cereis

166 5324 241 5388 qui
268 5326 332 5379 ibi
362 5327 565 5380 ardere
596 5320 880 5384 solebant;
914 5318 1040 5372 item
1071 5319 1348 5387 pulverem
1376 5318 1569 5373 exinde
1598 5318 1763 5374 colle-

164 5423 314 5481 ctum,
343 5414 611 5473 herbulas
638 5421 733 5465 aut
760 5409 923 5465 flores
953 5409 1027 5463 ibi
1058 5410 1352 5478 appositas,
1385 5409 1592 5476 aliaque
1622 5408 1762 5476 ejus-

170 5508 313 5561 modi.
336 5510 680 5563 Sanctorum
702 5512 881 5556 tamen
903 5500 1124 5568 aliquot,
1144 5488 1378 5554 maxime
1396 5498 1761 5563 orientalium,

169 5610 273 5652 ossa
323 5600 701 5660 habebantur,
751 5609 878 5663 qua:
926 5594 1088 5648 etiam
1138 5592 1493 5663 Reliquiarum
1550 5594 1765 5649 nomine

172 5686 293 5748 idem
323 5704 510 5749 auctor
549 5686 831 5754 designat.
888 5684 1163 5751 Ejusmodi
1208 5685 1445 5752 reiiqnizc
1495 5686 1544 5739 in
1593 5687 1767 5754 lapide

1861 4570 1929 4623 de
1951 4568 2132 4625 Gloria
2182 4579 2500 4640 martyrum,
2542 4573 2717 4641 capite
2748 4574 2835 4630 72.
2869 4574 3124 4632 Coronam
3161 4589 3338 4635 autetn
3365 4574 3454 4637 se-

1860 4666 2032 4735 pulcri
2072 4667 2212 4722 beati
2252 4668 2460 4723 Martini
2490 4708 2505 4734 ,
2534 4684 2654 4740 qua:
2686 4670 2801 4740 ejus
2832 4674 3086 4728 meritum
3116 4674 3447 4739 declarabat,

1861 4774 1891 4813 a
1918 4759 2106 4813 Chuno
2128 4762 2357 4831 quodam
2404 4773 2612 4833 raptam
2644 4762 2808 4819 fuisse
2856 4774 3119 4821 memorat
3160 4767 3341 4821 librat
3380 4767 3452 4821 de

1863 4852 2135 4906 Miraculis
2154 4852 2393 4923 ejusdem
2419 4856 2612 4919 sancti,
2635 4858 2809 4926 capite
2824 4856 2879 4911 2.
2916 4858 3039 4911 llaec
3053 4872 3212 4925 porro
3241 4855 3448 4910 videtur

1865 4941 2035 4999 fuisse
2066 4946 2363 5000 sanctitatis
2386 4954 2531 5009 nota,
2556 4947 2601 4999 si
2624 4948 2711 5000 cui
2766 4947 2970 5000 tumulo
3021 4947 3240 5015 pallium
3273 4947 3449 5012 impo-

1867 5046 2106 5092 neretur.
2145 5036 2279 5091 llinc
2306 5037 2596 5106 Gregorius
2624 5037 2894 5099 observat,
2924 5038 3182 5090 honorem
3210 5036 3454 5093 debitum

1867 5143 2054 5185 sancto
2109 5131 2319 5184 cuidam
2370 5130 2684 5201 presbytero
2747 5131 3046 5199 impensum
3103 5145 3212 5185 non
3257 5130 3452 5202 fuisse,

1870 5224 2010 5293 quod
2049 5223 2285 5277 tumulus
2324 5222 2443 5293 ejus
2470 5224 2625 5279 alteri
2652 5225 2874 5294 junctus
2904 5239 3002 5279 nec
3032 5225 3214 5280 ornari
3270 5224 3456 5296 pallio,

1874 5331 1973 5369 nec
1993 5316 2166 5369 cereis
2194 5316 2448 5369 illustrari
2476 5324 2694 5386 propter
2710 5315 2813 5371 loci
2837 5316 3136 5387 angustiam
3167 5317 3454 5387 potuisset.

1873 5409 2046 5477 Atque
2078 5406 2163 5461 hic
2203 5418 2328 5460 tunc
2365 5418 2480 5462 erat
2501 5407 2757 5463 solemnis
2784 5409 3132 5465 canonizandi
3159 5454 3175 5479 ,
3214 5422 3271 5467 ut
3300 5410 3463 5468 hodie

1872 5498 2158 5570 loquimur,
2180 5499 2406 5569 alicujus
2424 5500 2591 5554 sancti
2610 5500 2764 5569 ritus,
2783 5503 2826 5555 si
2841 5500 2956 5571 ejus
2970 5517 3165 5573 corpus
3180 5518 3212 5559 c
3229 5516 3371 5560 terra
3391 5507 3459 5565 ab

1874 5592 2137 5661 Episcopo
2188 5593 2457 5647 levaretur
2487 5635 2501 5658 ,
2559 5592 2712 5648 altari
2753 5595 3186 5663 supponendum.
3239 5595 3456 5651 Catena:

1876 5686 2076 5757 autem,
2107 5686 2412 5758 compedes,
2436 5685 2646 5759 aliaque
2675 5685 2940 5759 ejusmodi
2965 5685 3303 5744 anathemata
3326 5698 3451 5742 sau-
