4024 6192
562 241 625 295 ιη
2017 213 2406 271 vestrarm.
3759 207 3835 260 48

560 362 768 407 cwrum
824 322 1079 415 sepulcris
1124 345 1153 395 ii
1186 336 1560 410 appendebant
1586 377 1601 401 ,
1634 333 1727 405 qui
1757 348 1940 387 eorum
1976 330 2137 384 inter-
2169 330 2216 386 Α
2245 337 2618 415 nonnunquam
2637 330 2871 383 ornatas.
2899 321 3171 415 lampades
3192 320 3245 373 in
3268 320 3509 415 ecclesiis

558 441 889 499 cessionibus
917 455 975 493 se
1026 437 1274 489 liberatos
1296 448 1359 486 ac
1399 429 1695 485 incolumes
1733 427 1966 481 evasisse
1994 423 2130 475 arbis

561 534 861 593 trabantur,
881 545 941 583 ex
971 527 1099 581 Vitis
1125 528 1359 585 Patrum,
1383 537 1498 591 cap.
1517 521 1573 576 8.
1591 518 1705 573 Huc
1726 517 1881 571 etiam
1897 514 2141 569 solebant

506 612 515 689 ξ
561 623 848 677 convenire
863 621 955 677 itli.
975 619 1060 686 qui
1079 616 1328 686 gravibus
1345 613 1412 667 de
1429 612 1606 666 causis
1619 608 1853 664 accusati
1869 607 2141 674 iuramen-

563 723 620 767 to
643 729 701 769 se
715 714 853 782 ipsos
867 722 1091 779 purgare
1107 708 1443 762 tenebantur.
1459 703 1587 771 Qua:
1600 700 1815 768 quidem
1831 712 2141 752 sacramen-

504 798 527 855 ἵ
565 817 615 857 tu
638 800 1021 872 quanduqttcin
1044 797 1390 853 ecclesiarum
1412 792 1734 862 porticibus,
1765 801 2141 856 nonnunquam

569 898 618 948 in
651 895 765 961 ipso
794 892 1049 956 sacrario,
1084 898 1176 943 aut
1221 886 1450 955 denique
1480 892 1618 939 tacto
1658 882 1775 950 ipso
1802 880 2030 943 tumulo.
2052 886 2142 930 θυι

482 964 527 1010 ’ὗ
564 986 741 1048 altari,
772 986 891 1039 data
925 982 1086 1035 fuisse
1127 981 1373 1049 legimus.
1401 981 1465 1031 At
1510 974 1779 1029 insolitum
1806 971 2026 1025 omnino
2049 967 2147 1021 fuit

566 1077 698 1129 illud
735 1076 1093 1145 juramentum
1119 1110 1135 1134 ,
1178 1069 1318 1138 quod
1349 1083 1379 1121 a
1433 1077 1617 1119 nostro
1664 1063 1921 1131 Gregorio
1972 1062 2149 1127 exegit

562 1167 917 1235 Cltilpet'imts,
953 1172 1009 1217 ut
1049 1161 1252 1216 scilicet
1302 1160 1459 1213 dictis
1503 1154 1679 1211 Missis
1716 1154 1781 1206 ad
1832 1151 2016 1205 altaria
2050 1151 2146 1202 tria

560 1273 715 1313 suam
748 1256 1103 1311 innocentiam
1148 1260 1490 1307 sacramento
1528 1247 1868 1317 approbaret.
1904 1241 2037 1297 Illud
2068 1250 2147 1295 t-t-

561 1368 688 1409 men
723 1351 967 1421 praestitit
990 1357 1210 1403 sanctus
1232 1345 1483 1407 antistes,
1513 1341 1639 1394 licet
1683 1334 2152 1392 fueritcanonibus

567 1440 914 1504 contrarium,
949 1454 1014 1491 ue
1042 1435 1181 1505 apud
1214 1447 1391 1504 regem
1421 1432 1560 1484 laesa-
1592 1426 1888 1496 majeSIatis
1912 1437 2037 1479 reus
2062 1422 2153 1474 lta-

568 1533 798 1589 beretur.

640 1624 725 1678 54.
774 1622 871 1678 Jus
908 1620 1040 1690 asyli
1089 1618 1331 1673 ecclesiis
1356 1626 1410 1671 et
1461 1616 1593 1668 locis
1632 1612 1801 1667 sacris
1844 1624 2154 1665 concessum

568 1718 827 1785 exemplis
857 1724 912 1771 et
933 1713 1145 1782 scriptis
1166 1712 1397 1765 asseruit
1425 1706 1734 1778 Gregorius.
1768 1704 1842 1759 Ita
1864 1719 1995 1757 vero
2025 1702 2154 1767 ipsis
2191 1697 2233 1756 Β

571 1810 727 1866 e:iam
762 1807 974 1876 regibus
1002 1802 1326 1858 inviolabilis
1357 1800 1636 1854 videbatur
1679 1798 1766 1849 illa
1798 1795 2149 1850 ecclesiarum

568 1897 908 1962 immunitas,
932 1905 989 1951 ut
1016 1894 1300 1964 nequidem
1325 1892 1467 1946 laesa:
1497 1888 1796 1961 maiestatis
1819 1902 1940 1941 reos
1971 1900 2001 1939 a
2024 1885 2156 1940 locis

578 1995 747 2047 sacris
770 1999 1037 2047 extractos
1059 1988 1237 2042 necari
1263 2001 1417 2056 posse
1442 1994 1743 2040 censerent.
1779 1979 2157 2050 Depreltensus

576 2085 750 2140 fuerat
793 2083 845 2137 in
892 2080 1118 2137 ecclesia
1160 2078 1335 2134 sancti
1382 2076 1615 2132 Marcelli
1642 2090 1809 2144 prope
1849 2071 2155 2126 Cabilonem

578 2176 801 2231 sicarius
831 2174 1069 2244 quidam,
1102 2170 1191 2241 qui
1216 2170 1605 2225 Guntramnum
1638 2182 1814 2237 regem
1844 2167 1895 2219 itt
1923 2165 2034 2233 ipsa
2067 2179 2159 2219 ec-

576 2268 739 2322 clesia
753 2265 995 2321 occidere
1007 2273 1121 2319 erat
1137 2270 1350 2331 paratus
1374 2304 1389 2327 ,
1409 2269 1466 2314 ut
1490 2258 1880 2314 narratarlibro
1896 2274 1948 2311 ix
1981 2256 2157 2310 Histo-

576 2350 693 2424 rize,
721 2357 897 2427 capite
926 2353 1133 2409 3.1nde
1176 2365 1352 2407 tamen
1393 2351 1643 2405 eductum
1672 2349 1833 2418 juSsit
1861 2362 1951 2402 rex
1984 2347 2161 2400 vivum

582 2447 795 2513 dimitti,
827 2447 948 2515 quia
979 2445 1121 2513 nefas
1143 2443 1361 2514 putarit,
1392 2442 1437 2494 si
1464 2443 1506 2494 is
1525 2442 1609 2508 qui
1629 2444 1691 2492 ab
1721 2438 1931 2494 ecclesia
1954 2439 2163 2492 eductus

584 2543 778 2611 fuerat,
826 2548 1164 2592 truncaretur.
1210 2535 1386 2591 Simili
1432 2532 1753 2605 indulgentia
1796 2532 2166 2586 Gltildebcrtus

584 2629 982 2686 Austrasiorum
1007 2643 1098 2682 rex
1118 2627 1404 2693 nonnullis,
1432 2627 1519 2696 qui
1543 2622 1922 2692 coniurationis
1950 2623 2003 2675 in
2028 2621 2167 2689 seip-

577 2738 703 2778 sum
771 2720 913 2776 initae
971 2719 1200 2773 accusati
1262 2717 1508 2781 fuerant,
1557 2730 1615 2770 sc
1653 2715 1975 2785 parciturum
2023 2725 2165 2776 esse,

584 2817 746 2869 etiam
788 2815 894 2868 reis
919 2855 932 2877 ,
963 2812 1232 2883 pollicitus
1263 2819 1362 2874 est,
1403 2808 1542 2879 quod
1583 2808 1647 2861 ad
1683 2808 1959 2861 ecclesiam
1982 2804 2169 2860 confu-

586 2904 808 2970 gissent.
861 2901 1291 2967 Promissionem,
1348 2901 1518 2968 inquit
1575 2898 1846 2967 piissimus
1908 2913 2001 2951 rex
2028 2897 2165 2966 apud

582 2993 907 3065 Gregorium
932 2995 1066 3048 libro
1098 3010 1172 3058 ιι,
1196 2993 1367 3062 capite
1398 2992 1497 3058 38,
1528 2990 1701 3044 habete
1730 2991 1793 3042 de
1820 2991 1944 3054 vita,
1973 2986 2169 3041 etiamsi

2242 414 2578 477 candelabra,
2622 416 2809 465 vexilla
2846 429 2940 466 seu
2981 413 3153 482 signa,
3183 428 3296 481 qua-
3328 413 3378 464 itt
3412 411 3837 480 supplicationi-

2245 506 2343 558 bus
2384 520 2478 557 seu
2511 504 2938 572 procesionibns
2991 503 3185 556 deferri
3253 503 3517 569 solebant,
3548 514 3639 554 aut
3682 513 3839 556 certe

2243 609 2360 649 cum
2409 594 2584 648 clerus
2620 603 2674 647 et
2714 594 2938 661 populus
2986 593 3095 661 regi
3146 604 3235 645 aut
3263 592 3525 660 episcopis
3558 593 3610 644 in
3640 593 3841 646 urbem

2246 684 2650 737 advenientibus
2702 683 2846 735 obvii
2891 685 3261 750 procederent.
3309 683 3434 735 llaec
3474 698 3602 737 vero
3650 685 3839 739 omnia

2246 785 2427 827 sancta
2466 784 2516 826 et
2552 774 2657 825 Deo
2677 772 2847 824 dicata
2892 774 3177 839 reputabat
3220 773 3304 840 pia
3349 772 3581 827 fidelium
3614 774 3838 843 religio,

2249 873 2306 917 ut
2355 864 2555 931 absque
2603 863 2881 933 sacrilegio
2912 863 2978 916 ad
3014 863 3263 931 profanos
3303 880 3430 917 usus
3452 864 3694 918 adbberi
3725 881 3841 921 non

2252 970 2407 1023 posse
2429 965 2729 1019 censerent,
2760 969 2983 1022 quorum
3006 956 3202 1023 stepius
3232 957 3313 1009 vel
3339 958 3455 1009 solo
3485 967 3626 1011 tactu
3654 958 3843 1009 mede-

2251 1045 2356 1100 lam
2394 1044 2495 1099 sibi
2516 1045 2688 1099 alierri
2727 1059 2880 1112 posse
2923 1046 3315 1100 existimabant.
3360 1045 3525 1100 Immo
3557 1046 3698 1101 inter
3725 1049 3848 1103 tneo

2253 1138 3008 1209 computabantvelsignorum
3024 1152 3506 1207 seucatnpanarum
3537 1140 3717 1199 funes.
3752 1147 3852 1194 aut

2254 1231 2432 1283 claves
2459 1228 2609 1298 queis
2638 1226 2881 1283 ecclesia:
2903 1230 3038 1281 ostia
3082 1230 3488 1296 reserabuntur,
3513 1238 3571 1283 ut
3593 1232 3848 1285 utnittam

2255 1323 2436 1376 claves
2464 1321 2583 1375 illas
2614 1321 2781 1375 “Ollia
2804 1322 2992 1375 allatas
3018 1363 3034 1387 ,
3064 1338 3196 1391 quas
3222 1323 3413 1377 alicubi
3454 1333 3852 1378 commemvrat

2259 1412 2566 1483 Gregorius.
2598 1413 2790 1468 Glaves
2818 1429 2946 1468 vero
2998 1414 3337 1469 basilicarum
3382 1415 3702 1484 quandoque
3726 1417 3853 1469 atti-

2259 1507 2488 1560 utalibus
2537 1507 2942 1575 imprimebaut,
2978 1516 3034 1560 ιιι
3078 1522 3171 1561 eos
3200 1517 3290 1561 aut
3311 1522 3338 1560 a
3368 1509 3452 1562 lue
3475 1524 3631 1577 quam
3659 1510 3853 1563 incur-

2261 1609 2442 1654 rerant
2485 1600 2801 1663 liberarent,
2830 1609 2919 1652 aut
2950 1609 3093 1653 certe
3122 1600 3486 1655 imminentem
3515 1611 3853 1656 averterent.

2330 1688 2418 1742 56.
2450 1691 2552 1744 Sed
2595 1701 2669 1748 et~
2696 1703 2906 1744 veteres
2951 1706 3190 1760 quasque
3246 1691 3533 1747 Gallicana:
3590 1694 3857 1748 Ecclesia)

2257 1780 2668 1835 consuetudines
2698 1782 2870 1851 quivis
2912 1796 2976 1835 ex
3022 1781 3263 1853 Gregorii
3296 1784 3461 1837 nostri
3498 1784 3730 1839 lectione
3772 1786 3857 1838 fa-

2259 1874 2359 1928 cile
2398 1872 2782 1941 deprehendet.
2838 1873 2994 1927 Tales
3016 1884 3140 1927 ειιιιι
3172 1883 3473 1928 sanctorum
3504 1874 3665 1929 etiam
3712 1876 3859 1930 Con-

2262 1966 2521 2018 l'essorum
2570 1963 2881 2018 festivitates
2913 2003 2927 2028 ,
2987 1978 3104 2033 quae
3132 1974 3255 2019 tunc
3298 1966 3552 2035 temporis
3594 1966 3645 2020 in
3681 1965 3859 2021 Gallia

2260 2055 2711 2122 celebrabantur;
2762 2056 3050 2110 Duminiea:
3096 2056 3201 2110 diei
3248 2058 3551 2112 observatio
3590 2060 3664 2112 ita
3694 2074 3859 2112 acce-

2264 2158 2378 2203 rate
2406 2157 2618 2202 servata
2642 2192 2655 2213 ,
2689 2157 2801 2201 uta
2846 2148 3029 2217 primis
3062 2150 3327 2217 vesperis,
3362 2148 3411 2202 id
3462 2160 3544 2203 est
3578 2162 3605 2202 a
3627 2151 3863 2204 sabbato

2267 2243 2585 2311 prmcedenti
2611 2251 2728 2311 post
2777 2242 3077 2307 meridiem,
3136 2242 3493 2296 inchoaretur.
3526 2243 3697 2309 Quam
3728 2260 3861 2299 cum

2266 2336 2555 2390 violassent
2581 2335 2839 2395 nonnulli.
2865 2334 3118 2389 divinitus
3144 2335 3312 2402 puniti
3354 2336 3584 2389 fuerunt.
3611 2336 3837 2402 Quadra

2265 2426 2520 2495 gesimatn
2549 2438 2784 2478 sane’am
2811 2440 2915 2478 non
2944 2426 3110 2480 semel
3136 2426 3314 2479 laudat
3346 2426 3482 2479 idem
3507 2434 3717 2479 auctor.
3750 2427 3866 2481 Sed

2270 2515 2629 2569 tnemoralilia
2672 2525 2797 2569 sunt
2841 2518 2979 2571 illius
3003 2516 3162 2570 verba
3196 2517 3246 2569 in
3306 2517 3435 2570 Vitis
3473 2517 3710 2583 Patrum,
3773 2533 3869 2572 ca-

2270 2609 2377 2679 pite
2410 2608 2491 2674 l5,
2520 2608 2608 2661 tibi
2639 2608 2964 2678 Quadragint
2990 2632 2993 2637 ν
3020 2610 3128 2661 dies
3158 2619 3562 2672 commemorat,
3584 2626 3716 2679 quos
3738 2621 3871 2667 ante

2272 2702 2534 2770 paschalia
2581 2705 2710 2772 [cata
2749 2702 2819 2754 .in
2877 2719 3075 2755 summa
3116 2702 3234 2755 duci
3285 2702 3585 2756 abstinentia
3640 2701 3871 2758 Patrum

2271 2797 2445 2848 sanxit
2471 2795 2767 2848 auctoritas.
2800 2795 3064 2848 Describit
3095 2795 3444 2864 [legationum
3481 2810 3575 2851 seu
3622 2797 3873 2851 Litania-

2274 2903 2388 2940 runt
2414 2886 2567 2952 ritus,
2602 2897 2847 2956 quatrum
2880 2887 3152 2940 nonnullze
3189 2889 3345 2941 statis
3383 2888 3574 2942 diebus
3622 2888 3745 2944 lieri
3779 2906 3873 2945 so-

2276 2978 2492 3041 lebant;
2525 2977 2646 3032 alia:
2668 2992 2795 3031 vero
2819 2993 2938 3032 cum
2970 2978 3142 3048 aliqua
3176 2981 3448 3050 ingrueret
3484 2980 3692 3050 publica
3718 2985 3874 3037 cala-

590 3086 873 3157 culpabiles
916 3085 1260 3140 inveniamini.
1307 3082 1586 3136 Christiani
1627 3083 1757 3134 enim
1787 3096 1999 3144 sumus;
2026 3079 2168 3147 nefas
2194 3066 2242 3129 Ο
2278 3072 2451 3123 tltitas.
2493 3070 2694 3137 Quibus
2726 3072 2886 3124 etiam
2923 3073 3251 3139 tempatibus
3283 3087 3469 3141 preces
3501 3073 3753 3142 publicat.
3793 3078 3874 3129 Vi-

581 3187 655 3233 εει
699 3178 832 3232 enim
878 3176 956 3230 vel
1010 3177 1305 3229 criminosas
1357 3174 1419 3227 ab
1465 3173 1677 3228 ecclesia
1717 3174 1925 3225 eductos
1961 3171 2161 3240 punire.

584 3265 799 3321 Exinde
827 3268 1058 3322 celebria
1092 3267 1239 3321 fuere
1270 3266 1333 3320 ad
1361 3280 1664 3318 sanuorum
1691 3263 1935 3318 basilicas
1973 3261 2165 3315 confu-

591 3358 699 3424 gia,
728 3372 830 3427 qua
862 3356 1193 3410 immunitate
1234 3372 1337 3409 non
1369 3354 1526 3408 tundo
1562 3357 1686 3424 ipsa:
1712 3353 1944 3407 basilica:
1967 3352 2166 3422 gaude-

581 3451 734 3515 bant,
759 3449 850 3504 sed
877 3450 1043 3503 multa
1067 3451 1283 3514 insuper
1298 3446 1518 3502 a‘dif‘tcia
1542 3457 1594 3500 et
1632 3447 1743 3500 loca
1773 3446 1875 3499 illis
1897 3446 2165 3509 adjuncta,

584 3542 639 3593 in
672 3540 862 3609 quibus
892 3549 1006 3594 tuto
1051 3540 1158 3593 reis
1191 3539 1371 3593 vivere
1400 3553 1711 3592 concessum
1748 3547 1883 3592 erat.
1927 3536 2170 3607 Ejusmo-

556 3658 563 3659 ν
589 3630 988 3685 dicelebriores
1014 3627 1162 3684 fuere
1184 3631 1420 3684 ecclesia!
1452 3630 1620 3681 sancti
1662 3629 1840 3682 llilarii
1871 3628 2170 3681 l’it-tavien-

586 3720 703 3785 sis,
738 3722 907 3775 sancti
939 3722 1143 3775 Martini
1191 3720 1332 3791 apud
1382 3721 1648 3787 Turonos,
1693 3723 1861 3775 sancti
1917 3719 2169 3774 Germani

589 3814 967 3878 Antissiodori,
995 3817 1163 3870 sancti
1189 3814 1410 3886 Remigii
1435 3814 1671 3881 Rbemis,
1704 3826 1758 3871 et
1787 3818 1903 3871 alia:
1930 3819 2173 3887 complu-

586 3921 695 3969 res,
726 3922 841 3977 qua:
875 3907 1070 3978 passim
1102 3909 1240 3979 apud
1268 3909 1585 3981 Gregorium
1616 3910 1735 3965 data
1754 3913 2038 3967 occasione
2062 3927 2175 3967 tne-

584 4009 884 4053 morantur.

806 4096 1162 4152 Eeclesiarum
1213 4109 1525 4153 ornamenta
1557 4115 1659 4153 non
1714 4100 1765 4154 in
1811 4100 2061 4156 uuoloco
2093 4117 2177 4156 rc-

592 4193 776 4238 censet
812 4183 1099 4256 Gregorius
1127 4228 1141 4250 ,
1180 4188 1294 4242 vela
1348 4189 1553 4243 scilicet
1596 4191 1883 4256 parietibus
1921 4201 1975 4244 et
2023 4192 2178 4245 ostiis

597 4289 830 4344 appensa
863 4318 879 4342 ,
909 4287 1002 4332 aut
1038 4293 1157 4345 qua:
1200 4282 1493 4334 sacrarium
1544 4282 1611 4335 ab
1640 4281 1759 4335 aliis
1809 4283 2051 4337 ecclesia:
2100 4284 2181 4337 lo-

590 4365 670 4418 cis
701 4364 1080 4435 sejungereut;
1109 4371 1342 4435 picturas
1365 4384 1484 4439 qua:
1513 4386 1619 4424 non
1651 4370 1824 4423 minus
1847 4372 2054 4437 fideles,
2080 4388 2175 4441 po-

2270 3161 2409 3228 giliis
2434 3164 2700 3216 so'eumes
2730 3175 2791 3213 ac.
2813 3160 3014 3231 jej-tnia
3057 3164 3445 3219 indicebantur.
3474 3164 3628 3220 Certe
3663 3169 3870 3233 pallam

2270 3268 2300 3307 e
2330 3254 2498 3307 sancti
2551 3253 2771 3322 Remigii
2816 3265 2871 3307 tu
2897 3255 3019 3308 aulo
3052 3265 3315 3325 siunptam
3350 3272 3442 3325 per
3495 3260 3751 3315 universa
3786 3279 3875 3317 re-

2270 3346 2441 3411 gionis
2471 3361 2583 3399 sua:
2608 3346 2721 3400 loca
2748 3346 3050 3401 detulerunt
3078 3347 3428 3441 thetnenses)
3445 3367 3541 3407 nec
3569 3355 3873 3410 incassum.

2274 3432 2401 3489 Nam
2436 3452 2501 3492 ne
2526 3452 2666 3492 unus
2693 3438 2905 3506 quidem
2957 3439 3095 3494 intra
3134 3457 3321 3496 eorum
3355 3432 3509 3508 fines,
3540 3454 3711 3512 peste,
3744 3464 3876 3514 qua)

2272 3540 2494 3584 caeteras
2523 3532 2771 3600 regiones
2801 3532 3115 3586 devastabat
3140 3575 3155 3599 ,
3193 3533 3465 3604 itnpetitus
3497 3537 3613 3591 fuit.
3646 3538 3878 3607 Suppli-

2273 3631 2513 3684 eationes
2542 3627 2702 3684 etiam
2732 3644 2826 3684 seu
2860 3632 3231 3698 processioues
3262 3647 3327 3686 ex
3355 3648 3456 3686 una
3490 3634 3539 3687 in
3580 3633 3743 3688 aliam
3780 3651 3879 3691 ec-

2275 3722 2494 3775 clesiam
2526 3720 2578 3775 in
2601 3720 2932 3776 solemnibus
2958 3731 3262 3777 sanctotum
3287 3722 3663 3778 festivitatibus
3694 3725 3877 3784 factas

2277 3812 2438 3866 fuisse
2464 3827 2529 3866 ex
2558 3810 2746 3867 eodem
2772 3820 2995 3867 auctore
3021 3811 3300 3867 discimus.
3349 3815 3582 3883 Exponit
3633 3831 3746 3870 non
3781 3834 3880 3875 se-

2276 3906 2382 3961 mel
2408 3905 2461 3960 in
2495 3903 2743 3960 Historiae
2775 3904 2925 3960 libris
2952 3904 3223 3960 solemnes
3255 3908 3629 3979 episcoporum
3662 3920 3760 3964 aut
3784 3927 3880 3967 re-

2276 4015 2399 4070 gum
2425 3998 2778 4068 reccptiones,
2809 4014 2926 4069 qum
2957 4000 3379 4068 prazcedeutibus
3398 4003 3671 4071 crucibus,
3699 4007 3883 4059 vexil-

2280 4091 2366 4158 lis,
2399 4106 2462 4144 ac
2483 4091 2653 4147 cereis
2681 4132 2696 4156 ,
2727 4091 2795 4145 ah
2826 4091 3035 4144 urbium
3066 4093 3212 4147 clero
3258 4104 3311 4147 et
3341 4094 3535 4162 populo
3576 4093 3691 4149 ficri
3722 4098 3883 4151 Sole-

2281 4181 2441 4245 bant;
2471 4192 2733 4237 memorat
2761 4191 2815 4236 et
2857 4182 3094 4251 publicas
3124 4184 3187 4237 iis
3234 4183 3608 4239 occasionibus
3637 4190 3883 4254 poitulo-

2281 4290 2397 4329 rum
2426 4276 2842 4329 acclamationes
2876 4315 2891 4340 ,
2941 4276 3095 4344 queis
3153 4277 3338 4341 fausta,
3392 4278 3549 4332 variis
3580 4278 3747 4333 etiam
3782 4280 3887 4335 litt-

2282 4366 2419 4436 guis,
2459 4367 2525 4421 ad
2573 4367 2828 4436 majorem
2885 4368 3275 4423 solemnitatem
3307 4369 3717 4425 advenientibus
3780 4388 3885 4440 ap-

591 4457 856 4510 tissimunt
890 4459 1082 4511 idiotas
1110 4503 1123 4527 ,
1149 4461 1443 4525 erudirent,
1473 4476 1630 4530 quam
1659 4473 1911 4517 ornarent
1938 4463 2130 4530 templa
2156 4480 2168 4517 :
2200 4435 2253 4494 θ
2280 4465 2453 4528 μνεοιιῒ
2476 4472 2654 4514 antur.
2700 4462 2846 4514 Alias
2893 4474 3280 4515 commemorat
3312 4463 3558 4516 funebres
3586 4462 3886 4519 defuncto.

589 4561 832 4602 cameras
858 4563 952 4602 seu
973 4549 1239 4617 laquearia
1261 4565 1391 4604 auro
1413 4563 1738 4621 argentoque
1766 4554 1934 4620 finita,
1955 4565 2010 4611 et
2036 4566 2171 4611 tecta

593 4651 662 4690 ex
691 4650 796 4690 aue
826 4645 1125 4692 autslauno
1146 4636 1281 4702 fusa;
1308 4640 1462 4708 pallia
1494 4642 1651 4694 etiam
1672 4642 1955 4711 ditissima,
1985 4648 2174 4716 quibus

591 4722 802 4792 altaria,
828 4739 880 4782 et
906 4738 1212 4785 sanctorum
1243 4731 1429 4787 tumuli
1465 4732 1567 4803 tegi
1589 4744 1642 4789 et
1668 4739 1848 4789 ornari
1882 4753 2175 4795 consueve-

595 4829 737 4874 rant.
762 4822 1085 4875 Ornamenta
1107 4834 1284 4876 autem
1311 4824 1363 4877 in
1393 4825 1676 4894 praecipuis
1697 4826 2074 4883 festivitatibus
2095 4832 2177 4884 di-

590 4913 725 4967 tiora
789 4912 1113 4982 quotidianis
1166 4923 1222 4970 et
1272 4916 1633 4985 splendidiora
1696 4930 1867 4974 erant.
1912 4921 2170 4977 Describit

588 5007 879 5077 Gregorius
901 5008 954 5061 in
980 5003 1247 5063 eraculis
1266 5011 1438 5062 sancti
1466 5008 1682 5075 .luliani,
1707 5012 1879 5077 capite
1905 5012 1995 5075 20,
2030 5013 2173 5081 cju~-

589 5099 715 5153 dem
762 5102 932 5154 sancti
978 5099 1223 5168 Martyris
1270 5099 1543 5154 basilicam
1573 5099 1625 5153 in
1678 5088 2172 5169 ipsius‘festivitate

589 5190 900 5244 orna'mentis
930 5192 1186 5245 inmensis
1216 5191 1563 5261 el‘fulgentem.
1603 5191 1804 5246 Omitto
1826 5209 1950 5248 vasa
1977 5209 2126 5249 sacra
2152 5238 2166 5263 ,

590 5280 805 5345 calices,
841 5298 1078 5350 pa'enas,
1112 5284 1515 5355 Evangeliorutn
1548 5285 1746 5347 libros.
1777 5287 1984 5357 aliaque
2005 5304 2171 5344 saeue

592 5368 882 5438 Scriptura:
901 5375 1227 5443 exemplaria
1249 5418 1264 5441 ,
1294 5373 1783 5443 Sacramentorum,
1815 5380 1887 5433 uti
1920 5380 2133 5435 aiebant
2154 5422 2169 5444 ,

591 5456 831 5521 codices,
868 5462 918 5514 id
949 5471 1033 5515 est
1061 5462 1223 5517 libros
1250 5464 1507 5530 Missales,
1539 5467 1800 5530 Rituales.
1828 5468 2171 5525 Paenitentia-

590 5549 689 5617 lcs,
735 5560 790 5604 et
826 5551 981 5618 alios,
1014 5553 1103 5621 qui
1133 5554 1186 5608 in
1213 5568 1311 5609 usu
1333 5557 1642 5624 quotidiano
1664 5559 1952 5614 necessarii
1983 5576 2169 5621 erant;

587 5642 654 5699 ad
697 5643 809 5699 hac
839 5656 1027 5699 cruces
1083 5645 1307 5713 gemmis
1350 5648 1509 5703 etiam
1540 5660 1594 5705 et
1623 5649 1886 5720 lapidibus
1927 5654 2174 5721 pretiosis

2280 4566 2397 4604 rum
2428 4556 2733 4621 exsequ‘as,
2753 4552 2801 4603 in
2817 4551 2986 4615 iisque
3000 4563 3113 4606 vest
3136 4569 3221 4606 um
3244 4553 3585 4613 mutationes.
3621 4554 3887 4623 lugubria

2281 4640 2610 4704 indumenta,
2635 4652 2689 4696 et
2713 4642 2815 4695 alia
2843 4642 3170 4711 bujusmodi.
3206 4643 3699 4710 Gomprovittciales
3745 4646 3889 4715 Epi-

2278 4747 2471 4799 scopos
2501 4734 2566 4787 ad
2621 4733 2860 4804 episcopi
2902 4732 3140 4788 defuncti
3191 4736 3476 4804 exsequias
3518 4735 3890 4796 celebrandas

2278 4838 2562 4878 occurrere
2618 4824 2964 4877 consuevisse
3011 4825 3268 4879 discimus
3310 4840 3378 4878 et
3436 4825 3610 4895 capite
3664 4828 3699 4881 6
3730 4827 3888 4883 inter

2286 4915 2433 4970 Vitas
2476 4916 2687 4969 Patrum
2714 4958 2729 4979 ,
2763 4917 2853 4970 ubi
2883 4916 3141 4972 describit
3179 4918 3468 4986 Gregorius
3513 4920 3688 4972 sancti
3731 4918 3885 4977 Galli

2283 5022 2529 5076 pompam
2577 5006 2873 5063 funebrem.
2916 5009 3102 5079 Capite
3146 5013 3385 5079 sequenti
3434 5010 3574 5064 idem
3609 5010 3778 5066 liabet
3814 5016 3886 5067 de

2280 5097 2541 5170 Gregorio
2599 5099 2943 5170 Lingonensi.
2997 5101 3308 5170 Legendum
3354 5117 3566 5172 quoque
3607 5118 3671 5157 ea
3716 5104 3791 5159 de
3823 5122 3889 5161 re

2280 5201 2440 5259 caput
2468 5192 2570 5247 l06
2600 5193 2719 5247 libri
2750 5192 2819 5247 de
2839 5193 3017 5247 Gloria
3045 5193 3449 5259 Goufessorum,
3482 5194 3569 5248 ubi
3599 5195 3670 5249 de
3699 5194 3890 5253 beatae

2279 5284 2617 5357 Radeguudis
2658 5286 2948 5354 Sepultum:
3003 5287 3339 5340 cieretnouiis
3373 5287 3523 5359 plura
3570 5287 3756 5343 liabet.
3805 5292 3892 5347 Ex

2275 5394 2383 5447 quo
2409 5380 2535 5433 item
2566 5378 2742 5449 capite
2772 5378 3058 5445 discimus,
3088 5384 3398 5435 cmmeteria
3430 5381 3495 5435 ad
3527 5382 3891 5449 sepeliendos

2281 5469 2466 5524 fideles
2487 5470 2754 5525 destinata
2776 5512 2790 5536 ,
2818 5469 2927 5538 jam
2962 5480 3085 5524 tunc
3119 5471 3453 5536 sacerdotali,
3486 5471 3539 5525 id
3583 5484 3667 5526 est
3691 5479 3887 5542 ponti-

2284 5561 2443 5625 ficali,
2476 5561 2845 5616 benedictione
2873 5563 3135 5615 sacranda
3168 5562 3362 5627 fuisse,
3391 5564 3441 5617 in
3474 5563 3674 5631 quibus
3700 5566 3890 5623 altare

2284 5654 2410 5722 er'gi
2463 5652 2668 5707 solebat
2706 5653 2769 5708 ad
2820 5652 3123 5709 offerendas
3165 5671 3259 5724 pro
3315 5664 3649 5712 mortuorum
3682 5672 3886 5731 requte
