4024 6192
207 243 254 300 ιθ
1642 245 2035 303 ΡΒΔΕΕΑἸΊΟ.

3393 252 3465 312 50

215 361 463 432 piaculares
501 359 725 418 hostias
752 400 772 427 ,
820 370 883 417 ut
924 360 1043 418 aliis
1088 360 1139 417 in
1162 359 1293 417 locis
1320 361 1520 431 saepius
1569 359 1768 417 factum
1797 360 1851 421 A
1876 369 2104 432 quenter
2159 362 2362 419 retulit.
2415 361 2735 421 Chrismalis
2777 364 3205 422 benedictionem
3248 365 3316 421 ab
3346 370 3453 437 cpi-

218 454 351 510 luisse
371 453 513 510 docet
540 452 689 509 idem
723 451 1048 525 Gregorius.
1070 453 1305 522 Corpora
1329 467 1463 509 vero
1494 452 1769 508 defuncto-

221 565 312 605 rum
337 548 491 602 abluta
548 548 792 617 primum
828 587 844 612 ,
888 556 999 601 tum
1034 544 1218 601 induta
1255 544 1652 616 sepeliebantur
1677 587 1692 610 ,
1715 553 1769 601 et

223 641 391 710 quidem
445 639 581 693 haud
623 653 758 694 raro
805 638 862 693 in
919 637 1209 692 ecclesiis:
1253 636 1397 707 quod
1444 638 1604 692 etiam
1651 637 1768 693 aliis

225 742 377 802 praeter
402 735 677 800 episcOpos
703 740 759 787 et
791 730 1064 799 principes
1093 730 1175 785 his
1205 729 1538 799 temporibus
1568 730 1619 784 in
1644 729 1769 785 Gal-

224 825 286 877 liis
323 826 735 892 permittebatur.
772 822 1369 876 Excontmunicatorum
1415 836 1544 877 vero
1572 831 1624 877 et
1650 820 1767 881 inli-

221 914 380 968 delium
423 914 683 970 cadavera
720 929 827 967 non
879 916 1053 967 Solum
1085 913 1155 968 ab
1183 913 1455 977 ecclesiis,
1489 912 1581 967 sed
1604 914 1766 967 etiam

219 1020 241 1057 a
279 1003 634 1059 communibus
691 1001 931 1057 ﬁdelium
1002 1002 1327 1058 cwmeleriis
1380 1002 1702 1056 arcebantur
1749 1016 1764 1053 :

214 1096 317 1164 quin
364 1105 415 1149 et
461 1095 732 1149 Palladius
772 1108 974 1158 comes,
1009 1094 1098 1163 qui
1141 1108 1200 1149 se
1248 1094 1368 1162 ipse
1399 1092 1762 1158 interemerat,

210 1191 336 1260 juxta
370 1189 769 1244 Christianorum
796 1189 1045 1242 cadavera
1085 1188 1290 1255 positus
1317 1203 1421 1240 non
1459 1186 1575 1240 fuit.
1608 1188 1768 1257 Aque

208 1281 452 1335 benedicta:
478 1295 631 1335 usum
663 1280 731 1333 ad
773 1279 991 1333 morbos
1041 1278 1335 1347 abigendos
1357 1320 1373 1343 ,
1417 1278 1687 1333 miraculis
1713 1288 1769 1333 et

203 1381 483 1425 sanctorum
510 1371 744 1423 virorum
768 1368 1031 1437 exemplis
1059 1368 1355 1438 legitimum
1386 1366 1555 1421 fuisse
1584 1381 1688 1421 non
1712 1367 1765 1420 in

202 1478 294 1517 uno
318 1464 432 1517 loco
456 1462 642 1531 probat
670 1459 988 1529 Gregorius,
1017 1458 1106 1519 qui
1130 1468 1183 1513 et
1209 1458 1404 1526 passim
1445 1458 1514 1512 de
1542 1456 1661 1511 aliis
1681 1472 1767 1510 re-

196 1556 287 1609 bus
339 1554 644 1610 sacerdotali
697 1552 1074 1607 benedictione
1120 1549 1342 1605 munitis
1384 1549 1638 1619 loquitur.
1690 1549 1767 1605 De

192 1646 460 1701 benedicta
498 1660 632 1713 pane
681 1659 779 1697 seu
820 1641 1078 1708 eulogiis,
1110 1657 1231 1712 qum
1262 1641 1363 1695 sub
1400 1640 1559 1694 linem
1588 1639 1764 1693 Misso

1874 455 2050 525 scopis
2101 454 2296 512 factam
2334 469 2441 511 non
2482 456 2649 512 semel
2696 456 2878 512 laudat
2907 497 2920 522 ,
2951 456 3092 512 sicut
3122 467 3177 513 et
3202 456 3461 513 cbrtsma-

1873 544 2071 599 tionem
2102 586 2118 611 ,
2149 560 2270 617 qua:
2299 547 2365 602 ad
2396 546 2736 617 recipiendos
2767 549 2818 601 in
2853 549 3145 605 Ecclesiam
3171 549 3461 604 redeuntes

1877 637 2159 691 haereticos
2180 636 2560 697 adhibebatur.
2584 639 2790 694 Laudttt
2812 640 2973 695 etiam
3005 641 3145 707 illos,
3176 643 3265 711 qui
3294 642 3462 695 crucis

1872 728 2061 783 vexillo
2082 731 2369 802 consignati
2406 730 2564 787 ﬁdem
2592 747 2744 785 suam
2775 733 3027 800 eperlhus
3055 734 3457 801 approbabant;

1870 830 1923 877 et
1948 820 2310 877 Chlodoveum
2336 837 2515 892 regem
2540 840 2568 877 a
2597 823 2837 891 Remigio
2864 824 3189 880 Francorum
3212 828 3459 895 apostolo

1870 927 1976 966 non
2026 912 2350 981 baptizatum
2399 914 2594 979 modo,
2649 916 2822 969 sedet
2874 933 3021 968 sacro
3043 916 3319 971 chrismate
3341 932 3457 969 cunt

1867 1002 2133 1075 signaculo
2179 1006 2345 1059 crucis
2386 1004 2574 1061 Christi
2614 1006 2777 1061 fuisse
2819 1006 3101 1061 delibutum
3149 1015 3452 1063 attestatur.

1870 1093 2013 1150 lnter
2032 1096 2357 1166 episcopalia
2385 1099 2569 1152 ntunia
2600 1114 2720 1167 quae
2748 1099 3004 1155 Promoto
3052 1099 3283 1155 Dunensi
3316 1103 3456 1159 male

1868 1187 2115 1242 ordinato
2161 1190 2416 1259 episcopo
2460 1189 2787 1246 interdicunt
2817 1189 3006 1246 Patres
3022 1192 3243 1247 Concilii
3274 1209 3324 1247 tr
3356 1193 3454 1247 Pa-

1869 1280 2129 1347 risiensis,
2156 1290 2470 1337 recensetur
2496 1284 2759 1355 infantum
2785 1284 3126 1351 conﬁrmatio.
3156 1284 3298 1340 Idem
3321 1284 3456 1342 Gre-

1864 1371 2049 1441 gorius
2092 1371 2529 1428 Exoreismorum
2577 1375 2627 1428 itt
2666 1372 2941 1429 daemones
2988 1375 3094 1430 vim
3126 1390 3233 1430 non
3284 1376 3454 1433 semel

1867 1465 2108 1533 exponit.
2133 1464 2482 1532 Tonsuratps,
2508 1467 2758 1532 lectores,
2776 1468 3047 1534 ostiarios,
3070 1469 3453 1536 eerolerarios,

1865 1556 2223 1613 subdiaconos
2251 1557 2498 1627 aliosque
2540 1558 2849 1628 superiores
2878 1560 3196 1616 clericorum
3228 1560 3453 1631 gradus,

1864 1660 1985 1702 cum
2038 1662 2160 1703 sese
2208 1649 2370 1704 offert
2408 1651 2654 1715 occasio,
2703 1660 3095 1705 commemorat
3125 1669 3136 1703 :
3164 1652 3452 1706 interstitia

190 1738 657 1801 distribuebantur,
690 1734 803 1805 jam
835 1736 1091 1789 diximus.
1143 1732 1393 1804 Eulogius
1425 1746 1638 1802 quoque
1666 1747 1759 1786 seu
1790 1750 1837 1810 Β
1864 1747 2072 1802 autem,
2099 1755 2220 1809 quas
2246 1741 2310 1795 ad
2352 1755 2446 1795 eos
2485 1742 2585 1797 me
2631 1741 3003 1811 suscipiendos
3045 1743 3249 1798 εει-γετί
3285 1744 3453 1799 dape.

190 1829 547 1883 benedictione:
603 1838 876 1897 nuncupat
925 1826 1233 1896 Gregorius,
1259 1824 1514 1895 quaelibet
1540 1836 1764 1878 munus-

185 1922 295 1976 eula
324 1938 352 1976 a
404 1921 779 1977 sacerdotibus
810 1921 863 1974 in
894 1918 1145 1974 amicitiae
1174 1918 1384 1987 signum
1419 1916 1541 1970 data
1566 1915 1647 1970 vel
1675 1930 1764 1970 ac—

184 2022 355 2082 cepta,
386 2012 523 2083 quod
556 2020 741 2067 essent
773 2022 975 2066 tessera
1006 2008 1249 2079 quaedam
1274 2006 1685 2069 communionis,
1710 2014 1765 2059 et

186 2111 248 2160 ali
276 2108 405 2175 ipsis
426 2107 656 2161 solerent
676 2103 944 2159 benedici.
972 2101 1131 2155 Nefas
1154 2110 1332 2154 autem
1357 2107 1472 2153 erat
1499 2106 1764 2166 praesente

185 2197 453 2252 sacerdote
501 2196 784 2266 quidquam
834 2195 937 2248 cibi
988 2202 1079 2246 aut
1132 2199 1290 2261 potus
1345 2204 1600 2254 sumere,
1660 2186 1761 2269 nisi

190 2292 325 2357 prius
356 2291 425 2344 ab
469 2289 586 2358 ipso
624 2287 967 2343 benedictum
1009 2284 1217 2353 fuisset,
1249 2297 1406 2351 quem
1430 2283 1590 2334 ritum
1623 2278 1764 2332 Deus

189 2383 372 2450 saepius
404 2381 676 2438 miraculis
700 2377 1043 2448 comprobari
1071 2375 1276 2439 voluit,
1308 2382 1365 2428 ut
1392 2388 1460 2427 es
1504 2370 1764 2442 Gregorio

194 2491 378 2543 nostro,
425 2476 650 2545 aliisque
700 2474 938 2542 antiquis
991 2470 1301 2525 auctoribus
1354 2465 1633 2522 discimus.
1687 2464 1764 2518 De

196 2571 351 2623 crucis
393 2568 530 2638 signi
572 2566 817 2622 efﬁcacia
841 2574 897 2620 et
927 2562 1214 2618 virtutibus
1243 2570 1320 2617 tet
1361 2567 1489 2615 sunt
1526 2558 1764 2612 testimo-

197 2664 272 2715 tiia
292 2670 415 2732 quot
441 2661 553 2716 fere
580 2661 813 2731 pagina).

255 2756 343 2811 57.
368 2754 526 2810 Multa
552 2753 684 2808 item
708 2749 870 2805 habet
889 2747 1175 2819 Gregorius
1194 2745 1261 2800 de
1288 2744 1763 2801 Sacramentorum

195 2846 659 2903 administratione.
684 2846 801 2912 Quo
828 2844 932 2897 ritu
972 2838 1325 2896 Eucharistim
1364 2845 1764 2891 sacramentum

197 2937 585 2994 distribueretur
625 2937 738 3005 jam
788 2949 951 3003 supra
1003 2930 1259 2986 diximus.
1312 2928 1492 2998 Ipsum
1541 2941 1669 2981 vero
1711 2926 1764 2981 in

202 3030 319 3082 turri
353 3038 473 3084 tunc
520 3026 781 3095 temporis
829 3028 1162 3079 asservatuut
1212 3018 1378 3073 fuisse
1404 3018 1456 3071 in
1501 3016 1765 3083 sacrario,

1866 1839 2006 1896 rent,
2038 1845 2201 1900 supra
2222 1846 2286 1885 ex
2318 1831 2538 1886 Catonis
2559 1832 2856 1902 presbyteri
2880 1833 3058 1887 verbis
3084 1835 3450 1903 exposuimus.

1868 1923 2255 1992 Episcoperum
2319 1939 2445 1978 vero
2490 1924 2857 1979 ordinationes
2922 1925 3215 1981 Dominicis
3259 1926 3452 1983 diebus

1868 2014 2031 2070 fuisse
2061 2014 2363 2069 celebratas
2390 2029 2498 2068 non
2543 2016 2707 2070 semel
2760 2015 2951 2071 innuit.
2987 2014 3329 2086 :Egrotorum
3355 2034 3455 2071 un-

1865 2106 2069 2161 ctiones
2090 2106 2287 2175 passim
2312 2105 2517 2162 laudat.
2539 2107 2700 2162 Certe
2717 2108 2810 2162 lib.
2838 2122 2855 2161 ι
2873 2107 3051 2176 capite
3070 2107 3160 2172 41,
3181 2109 3454 2165 Artemius

1866 2199 2070 2269 legatus
2100 2202 2371 2254 Arvernos
2389 2199 2675 2265 transiens,
2696 2216 2818 2255 cum
2847 2201 2901 2254 in
2928 2199 3115 2255 febrim
3144 2201 3452 2268 incid’s‘et,

1865 2304 1895 2342 a
1922 2288 2219 2359 Nepotiane
2247 2289 2502 2359 episcopo
2524 2289 2791 2355 visitatus,
2822 2298 2878 2345 et
2904 2289 3018 2346 oleo
3044 2300 3224 2346 sancto
3255 2308 3454 2363 perun-

1865 2390 1985 2435 ctus
2006 2419 2023 2446 ,
2055 2381 2334 2435 sanitatem
2365 2382 2586 2450 rcvcpit.
2631 2382 2965 2437 Matrimonia
2990 2398 3118 2438 vero
3143 2399 3263 2439 cum
3292 2386 3454 2440 henc~
3482 2420 3485 2424 ι

1865 2471 2100 2526 dictione
2146 2472 2465 2525 sacerdotali
2512 2483 2785 2529 contracta
2833 2474 3000 2529 fuisse
3041 2485 3183 2544 patet
3216 2492 3281 2530 ex
3304 2476 3455 2531 Gltil-

1867 2564 2031 2632 perici
2054 2563 2196 2635 regis
2215 2561 2476 2618 adversus
2492 2563 2867 2618 Pl'tl’lCXlalum
2880 2567 3186 2632 episcopum
3210 2568 3453 2635 querela.

1869 2660 2008 2715 libro
2040 2677 2069 2713 v
2124 2659 2397 2725 llislorite,
2443 2662 2617 2727 capite
2668 2661 2731 2715 19
2753 2705 2769 2729 ,
2800 2661 2891 2715 ubi
2921 2677 3012 2718 res
3054 2662 3131 2717 i;li
3160 2664 3456 2732 exprobrat

1869 2752 2208 2808 manifestam
2247 2766 2517 2821 canonum
2555 2751 2896 2805 violationetn
2931 2792 2946 2817 ,
2976 2751 3115 2822 quod
3147 2752 3455 2810 Meroveum

1868 2857 1989 2896 cum
2038 2840 2210 2910 patrui
2258 2839 2402 2895 illius
2448 2841 2634 2895 relicta
2681 2840 3023 2896 matrimonio
3063 2842 3453 2910 coniunxisset.

1867 2936 2132 2991 Caeterum
2163 2933 2456 3003 Gregorius
2499 2932 2618 2987 aliis
2648 2932 2699 2986 in
2732 2932 2864 2987 locis
2894 2946 3000 2987 non
3026 2932 3195 2988 semel
3238 2934 3459 3001 nuptias

1870 3028 2226 3093 incestuosas,
2259 3024 2623 3092 mulieresque
2656 3023 3084 3092 seperinductas,
3110 3023 3271 3079 etiam
3300 3023 3353 3078 in
3378 3025 3457 3079 vi-

200 3122 327 3174 uude
350 3122 409 3173 ad
438 3120 609 3173 altare
629 3116 814 3171 all‘erri
851 3122 1209 3171 consueverat
1248 3112 1358 3183 jam
1387 3110 1633 3181 superius
1662 3110 1761 3166 ob-
1792 3138 1837 3199 C
1872 3120 1943 3173 ris
1974 3116 2302 3187 principibus
2327 3115 2614 3184 episcoiiali
2647 3116 2891 3170 libertate
2917 3113 3157 3170 damnat.

199 3212 504 3266 servavimus
560 3225 628 3265 ex
659 3208 832 3276 capite
858 3205 927 3260 86
961 3204 1082 3260 libri
1112 3204 1181 3260 de
1231 3203 1413 3259 Gloria
1466 3202 1755 3272 Martyrum

202 3312 378 3356 rostra:
413 3301 683 3357 editionis.
715 3298 849 3352 lluic
891 3296 993 3365 rei,
1049 3304 1245 3365 praeter
1276 3292 1553 3350 Fortunati
1581 3293 1755 3347 locum

200 3392 259 3446 de
282 3394 395 3447 turri
421 3409 449 3446 a
482 3392 663 3445 Felice
691 3389 944 3457 epiSCOptt
986 3386 1240 3439 fabricata
1269 3427 1283 3447 ,
1318 3384 1637 3453 sull‘ragalur
1676 3382 1759 3435 be-

200 3486 396 3538 nedictio
445 3485 621 3547 turris,
654 3497 814 3549 quam
874 3483 926 3534 in
957 3479 1251 3548 appcttdice
1296 3476 1451 3545 ltujus
1474 3475 1759 3528 voltltntnis

203 3576 350 3630 habes
373 3594 432 3632 ex
460 3577 627 3631 veteri
661 3573 1088 3628 sacrantenlatio
1127 3569 1470 3636 descriptam.
1501 3564 1760 3619 (lhlelarii

204 3671 349 3737 regis,
395 3685 511 3723 cum
566 3667 632 3720 ad
683 3663 857 3719 sancti
901 3660 1110 3717 Martini
1160 3658 1464 3728 sepulcrum
1509 3659 1755 3720 accessit,

203 3759 550 3826 paenitentiam
596 3756 855 3811 describit
892 3754 1181 3823 Gregorius
1222 3751 1274 3805 in
1320 3749 1565 3804 Historia:
1590 3749 1758 3803 libris.

202 3851 404 3917 Quidam
430 3868 558 3906 vero
592 3852 644 3905 in
675 3852 776 3903 vita
801 3848 971 3903 sancti
999 3846 1184 3901 Nicelii
1231 3843 1615 3915 Lugdunensis.
1641 3857 1760 3896 cum

200 3946 345 3999 morti
387 3955 524 4000 esset
581 3943 897 4014 proximus,
954 3938 1320 4009 paenitentiam
1379 3951 1408 3989 a
1452 3935 1764 4006 presbytero

200 4033 321 4091 tusis
364 4039 611 4111 lacrymis
665 4035 985 4105 elﬂagitasse
1023 4031 1242 4087 dicitur.
1291 4031 1355 4083 Et
1411 4027 1536 4082 alibi
1591 4027 1764 4082 homi-

202 4150 309 4188 nem
335 4144 586 4188 memorat
634 4129 955 4198 Gregorius,
993 4127 1084 4195 qui
1114 4133 1286 4180 morte
1336 4122 1634 4193 puniendus
1661 4138 1766 4192 pm-

204 4228 442 4280 m'tetuiam
466 4243 499 4277 a
524 4223 793 4278 sacerdote
821 4221 985 4288 petiit,
1036 4218 1168 4270 clunt
1190 4215 1430 4286 quidem,
1456 4214 1597 4283 quod
1629 4216 1766 4267 forte

205 4316 299 4384 iam
320 4329 433 4371 tunc
462 4315 726 4384 temporis
748 4326 868 4364 reos
892 4319 1134 4363 extremo
1164 4306 1426 4375 supplicio
1452 4305 1766 4358 alliciendos

208 4423 233 4459 θ
260 4409 549 4475 pestilentia
591 4407 739 4476 leges
763 4401 951 4457 civiles
978 4407 1246 4454 arcerent.
1276 4398 1390 4452 Nec
1414 4396 1609 4451 desunt
1626 4394 1771 4464 apud

1933 3210 2026 3265 b8.
2088 3209 2447 3265 Censurarum
2501 3207 2986 3262 ecclesiasticarum
3044 3205 3292 3276 exempla
3344 3221 3451 3260 non

1861 3303 2055 3358 desunt
2100 3303 2151 3356 in
2185 3301 2425 3371 Gregorii
2462 3300 2629 3355 libris.
2678 3299 2906 3367 Aliquod
2954 3298 3357 3367 irregularitatis
3384 3301 3455 3353 ob

1864 3394 2098 3449 leuitatis
2156 3392 2422 3449 delectum
2497 3392 2830 3447 ineurreudtc
2900 3391 3180 3459 vestigium
3245 3391 3454 3445 invenit

1863 3486 2251 3541 'l‘liomassinus
2302 3485 2357 3539 in
2389 3483 2635 3552 Gregorii
2693 3484 2831 3536 tullo
2857 3523 2873 3548 ,
2906 3481 3157 3537 Historiae
3205 3480 3343 3535 libro
3372 3496 3447 3546 vt,

1863 3580 2037 3649 capite
2072 3577 2137 3632 10
2167 3617 2183 3643 ,
2232 3576 2433 3641 relate,
2464 3577 2550 3630 ubi
2582 3575 2671 3630 ille
2703 3575 2984 3643 scripsisse
3014 3588 3074 3628 se
3102 3583 3374 3629 memorat
3400 3575 3455 3627 in

1863 3671 2089 3740 gratiam
2124 3669 2327 3737 furum,
2360 3669 2452 3738 qui
2477 3671 2646 3723 sancti
2682 3668 2890 3722 Martini
2926 3668 3199 3722 basilicam
3222 3667 3457 3735 infrege-

1866 3768 2019 3826 raut,
2046 3777 2225 3830 regem
2253 3776 2521 3815 comment
2543 3776 2605 3815 ns
2627 3775 2720 3815 eos
2748 3760 2892 3815 iures
2921 3775 2949 3813 a
2973 3759 3201 3825 clericis,
3227 3758 3293 3812 ad
3321 3773 3455 3827 quos

1866 3868 2027 3907 causa
2067 3854 2181 3906 lucc
2221 3852 2554 3919 pertinebat,
2585 3867 2688 3905 non
2746 3851 2906 3905 fuisse
2955 3861 3258 3906 accusatos.
3301 3848 3457 3917 Quod

1866 3958 1925 3998 se
1954 3943 2145 3998 iecisse
2198 3943 2272 3996 ait
2301 3944 2420 4011 pius
2462 3946 2685 3996 antistes
2728 3942 2955 3996 veritum
2979 3982 2996 4007 ,
3027 3958 3092 3996 ne
3121 3941 3369 3997 homines
3398 3942 3457 3996 il-

1869 4034 1971 4087 lius
2015 4046 2179 4086 causa
2227 4040 2583 4092 morerentur,
2627 4031 2719 4100 qui
2773 4030 2961 4086 vivens
3003 4031 3056 4085 in
3105 4046 3332 4099 corpore
3359 4047 3458 4100 pro

1871 4125 2199 4196 perditorum
2232 4124 2341 4178 vita
2370 4125 2567 4192 smpius
2588 4123 2907 4193 deprecatus
2931 4126 3112 4177 luerat.
3152 4124 3461 4191 Upprnbrio

1869 4235 2064 4290 magno
2088 4234 2146 4273 se
2182 4217 2301 4274 fore
2330 4218 2621 4272 obnoxium
2669 4215 2999 4272 existimavit
3022 4216 3303 4286 presbyter
3330 4218 3457 4284 qui-

1869 4311 1991 4365 dam
2026 4310 2079 4364 in
2105 4310 2281 4378 capite
2305 4308 2374 4363 73
2418 4306 2534 4363 libri
2568 4322 2582 4361 ι
2609 4306 2677 4364 de
2709 4304 2888 4361 Gloria
2936 4307 3224 4377 Martyrum
3254 4322 3457 4362 mento-

1872 4412 2044 4467 ratus,
2073 4401 2118 4455 si
2148 4415 2241 4469 per
2269 4415 2418 4454 suam
2462 4399 2843 4453 accusationem
2871 4397 2956 4453 fur
2981 4398 3139 4454 morti
3161 4399 3337 4469 fuerit
3359 4400 3459 4455 ad.

212 4512 423 4556 nostrum
496 4508 789 4555 auctorem,
828 4493 1279 4565 indulgentiarum
1319 4490 1589 4559 exempla.
1631 4489 1763 4544 Nam
1790 4517 1846 4577 Ι)
1874 4495 2065 4549 dictus.
2102 4492 2253 4548 llunc
2300 4494 2445 4549 enim
2478 4493 2612 4561 rapti
2642 4492 2763 4563 equi
2792 4502 3139 4549 accusaverat
3163 4493 3253 4548 ille
3280 4507 3458 4548 sacer-

211 4588 366 4646 Yicter
387 4593 689 4661 episcopus,
712 4586 853 4657 quia
878 4587 1256 4640 communione
1273 4581 1443 4637 fuerat
1464 4596 1765 4650 suspensus

210 4687 265 4737 ob
282 4702 393 4741 reos
420 4696 625 4740 temere
646 4680 1019 4737 reconciliatos
1042 4719 1060 4745 ,
1089 4688 1214 4731 ante
1246 4675 1600 4745 praestitutum
1626 4684 1762 4729 tem-

208 4788 319 4839 pus,
349 4778 483 4847 regis
512 4771 914 4829 intercessione
954 4768 1319 4824 communioni
1357 4768 1636 4823 restitutus
1660 4776 1767 4823 est.

206 4866 280 4921 Sic
296 4884 346 4924 et
388 4872 437 4923 in
459 4866 665 4939 synodo
696 4860 968 4927 Mettensi,
995 4862 1185 4916 Basina
1208 4870 1263 4916 et
1305 4860 1669 4923 Cltrodieldis,
1694 4860 1765 4913 ob

199 4962 378 5015 scelera
399 4958 902 5018 escommunicatae,
939 4962 1161 5023 rogante
1186 4952 1535 5008 Cbildeberto
1563 4968 1591 5003 a
1623 4949 1766 5005 Con-

196 5053 282 5103 eihi
330 5051 587 5119 patribus,
646 5047 911 5102 absoluta:
971 5044 1207 5100 fuerunt.
1259 5044 1533 5112 Baptismo
1573 5041 1764 5097 confe-

192 5144 345 5198 rendo
372 5157 610 5211 tempora
641 5140 927 5209 designata
956 5138 1157 5192 indicat
1186 5137 1499 5206 Gregorius,
1523 5150 1762 5189 comme-

187 5250 387 5290 morans
408 5233 731 5290 Guntramni
762 5231 1013 5302 querelas
1049 5234 1309 5285 adversus
1337 5244 1432 5284 eos
1483 5228 1572 5295 qui
1599 5228 1764 5283 Chlo-

184 5329 295 5380 Luii
333 5326 373 5380 il
411 5326 738 5395 baptismum
776 5322 970 5377 iterum
999 5331 1157 5392 atque
1180 5322 1373 5376 iterum
1416 5320 1757 5375 distulerant.

184 5420 303 5488 Ejus
326 5434 481 5485 vero,
502 5429 559 5475 et
577 5417 800 5488 quidem
823 5417 877 5470 in
908 5416 1265 5471 sanctissima:
1291 5412 1566 5469 Trinitatis
1592 5414 1767 5467 neuti.

181 5526 245 5567 ne
266 5512 516 5565 unitatem
544 5508 749 5579 sa‘pius
791 5508 1161 5578 propugnavit.
1195 5508 1298 5563 Per
1334 5505 1761 5569 imutersionem,

177 5608 357 5656 saltem
410 5604 464 5657 in
519 5600 820 5671 Hispaniis,
879 5589 1005 5655 tunc
1044 5600 1222 5655 datum
1278 5599 1444 5655 fuisse
1480 5614 1549 5653 ex
1575 5597 1765 5653 eodem

179 5696 487 5765 colligimus,
519 5693 613 5763 qui
643 5702 699 5750 et
736 5692 951 5750 nomina
981 5693 1035 5750 in
1066 5691 1337 5760 baptismo
1381 5691 1634 5751 imposita
1664 5692 1767 5750 ire-

1870 4586 1969 4641 des
2009 4603 2022 4638 :
2058 4587 2200 4641 unde
2248 4586 2455 4639 nullum
2511 4585 2738 4652 lapidem
2774 4602 2879 4640 non
2931 4585 3117 4652 movit,
3164 4596 3221 4640 ut
3250 4602 3398 4640 reum
3428 4604 3458 4643 τι

1860 4687 2046 4732 :tnorte
2089 4677 2342 4746 eriperet.
2374 4678 2525 4744 Quod
2565 4693 2687 4731 eum
2729 4677 2891 4745 judes
2941 4677 3119 4732 facere
3170 4679 3457 4742 renuisset,

1870 4769 2212 4824 condemnati
2236 4771 2465 4825 salutem
2491 4770 2631 4824 beati
2661 4768 2900 4837 Quintini
2924 4770 3131 4825 meritis
3158 4785 3186 4822 a
3224 4770 3331 4822 Deo
3359 4768 3457 4820 ini-

1871 4861 2119 4929 petravit.
2156 4859 2212 4912 ln
2268 4859 2401 4914 libre
2450 4875 2498 4914 ιι
2533 4859 2814 4925 Historiae,
2846 4861 3021 4927 capite
3075 4858 3129 4919 8.
3179 4856 3459 4912 Ursicinus

1871 4952 2215 5006 Caturcensis
2252 4956 2536 5020 episcopus
2565 4954 2633 5005 ab
2664 4951 2849 5006 oidine
2880 4961 3129 5015 suscepto
3163 4962 3458 5015 suspensus

1870 5055 1973 5109 est,
2001 5042 2143 5112 quod
2180 5041 2530 5098 Gundovaldo
2558 5041 2842 5097 Ballemeri
2879 5040 3091 5109 publice
3119 5038 3457 5092 adhaesisset.

1870 5136 2198 5192 l’rohibitutn
2242 5137 2441 5206 quippe
2465 5136 2515 5190 ei
2564 5134 2682 5196 luit,
2733 5150 2801 5188 ne
2841 5141 2951 5186 toto
2991 5132 3221 5185 triennio
3267 5131 3459 5187 Μίδεω

1870 5230 2124 5284 celebrare
2154 5274 2168 5297 ,
2217 5231 2425 5283 clericos
2461 5230 2736 5292 ordinare,
2790 5228 3128 5296 ecclesiusque
3162 5239 3210 5282 et
3236 5228 3460 5285 chrisma

1869 5322 2192 5383 beiiedicere,
2240 5334 2371 5387 etc.,
2426 5320 2673 5374 auderet.
2729 5318 3098 5374 Ecclesiastica
3163 5321 3444 5389 sepultura

1874 5413 2111 5481 privatus
2152 5410 2251 5464 t'uit
2284 5410 2580 5472 Palladius,
2619 5424 2706 5479 qut
2734 5410 2836 5465 sibi
2862 5410 2960 5478 ipsi
2984 5409 3246 5465 violentas
3268 5425 3459 5464 manus

1871 5503 2157 5569 attulerat,
2187 5510 2247 5554 ut
2279 5500 2387 5570 jam
2414 5502 2835 5556 observavimus.
2869 5500 3214 5557 interdictum
3238 5515 3367 5557 vero
3398 5502 3451 5556 in

1874 5592 2149 5648 Pictonum
2207 5592 2392 5647 urbem
2449 5606 2571 5647 sese
2640 5592 2963 5647 inlliclurutn
3033 5592 3306 5647 minitatus
3371 5604 3457 5644 est

1874 5686 2149 5747 Mareveus
2193 5684 2430 5757 ejusdem
2464 5685 2611 5743 urbis
2641 5688 2887 5755 antistes,
2928 5686 3031 5741 nisi
3062 5682 3394 5743 Chrodieltlis
3426 5696 3455 5739 a
