4024 6192
582 329 640 381 Μ
2030 324 2423 383 ΡΒᾸΞΡΑΤΙΟ.

3808 330 3879 383 Ξ.’9

579 450 812 519 nequitia
856 462 949 504 sua
991 448 1311 517 resipiscens
1360 444 1685 501 abbatissam
1734 454 1930 499 sanctae
1968 442 2154 498 Crucis
2182 442 2475 501 Acoactus
2517 442 2695 499 fuerit.
2743 442 3218 501 Itesurrectionem
3278 459 3562 513 corporum
3618 442 3873 500 futuram

576 540 937 605 monasterio,
978 556 1008 595 a
1036 553 1142 608 quo
1170 536 1345 593 fuerat
1371 545 1520 606 rapta
1543 580 1557 602 ,
1598 536 1925 593 restitueret.
1953 536 2017 589 Et
2036 536 2150 604 qui-

576 630 701 686 dem
725 647 845 687 cum
886 630 1052 685 sancti
1088 630 1323 699 Dionysii
1370 629 1595 684 ecclesia
1632 644 1797 699 prope
1827 628 2058 683 Parisios
2084 628 2154 682 ob

576 727 776 779 eadem
808 725 857 776 in
887 736 948 776 ea
988 729 1247 790 patratam
1280 719 1472 773 violata
1500 718 1704 783 fuisset,
1734 719 1961 787 ofﬁcium
1983 716 2156 783 perdi-

578 814 675 878 dit.
705 827 802 868 nec
825 813 891 865 ibi
917 826 1066 867 sacra
1092 812 1365 867 celebrata
1393 810 1640 877 fuerunt,
1670 810 1841 866 donec
1875 810 2062 865 fuisset
2088 808 2154 862 ab

574 904 827 973 episcopo
864 903 1223 957 reconciliata.
1259 902 1643 971 Episcoporum
1682 903 1752 955 ob
1797 901 2029 955 admissa
2051 901 2156 954 cri-

574 992 715 1047 mina
740 990 1086 1062 dejectiones,
1111 992 1696 1046 excommunicationes
1714 992 1766 1045 in
1788 991 2150 1055 incestuosos,

570 1082 909 1154 aliorumque
951 1084 1235 1138 criminum
1287 1098 1410 1138 reos
1459 1083 1839 1153 prattermitto,
1868 1085 2007 1151 quod
2040 1082 2155 1137 haec

575 1176 785 1230 notiora
816 1176 943 1235 sint,
975 1191 1135 1245 quam
1176 1184 1231 1229 ut
1270 1174 1541 1243 indigeant
1576 1174 1741 1228 fusius
1774 1172 2007 1227 tractari.

646 1264 736 1322 59.
762 1265 839 1320 Ex
886 1266 970 1320 his
1024 1276 1202 1319 autem
1232 1266 1481 1319 omnibus
1527 1273 1703 1333 patet,
1728 1262 2007 1318 utilissima
2036 1276 2156 1316 esse

572 1357 812 1427 Gregorii
852 1371 1010 1426 opera
1042 1357 1106 1409 ad
1163 1356 1515 1427 indagamlam
1561 1355 1849 1410 Gallicana:
1902 1353 2156 1407 Ecclesiae

571 1449 905 1518 disciplinam
940 1464 954 1501 ε
981 1462 1144 1516 pauca
1169 1448 1275 1515 jam
1299 1448 1664 1516 subjungenda
1694 1454 1840 1510 sunt,
1863 1459 1928 1499 ex
1958 1444 2155 1512 quibus

569 1539 919 1609 intelligatur,
950 1553 1015 1593 ea
1036 1554 1142 1593 non
1171 1539 1345 1592 minus
1374 1553 1497 1593 esse
1533 1538 1722 1591 idonea
1752 1537 1818 1591 ad
1846 1537 2157 1591 confirman-

568 1635 692 1686 dam
716 1631 873 1686 fidem
905 1641 1161 1687 nostram.
1211 1631 1356 1686 llanc
1382 1633 1522 1686 enim
1552 1646 1668 1685 eam
1711 1645 1879 1699 Ipsam
1919 1643 2040 1684 esse
2086 1643 2153 1684 ex

569 1723 758 1778 eodem
809 1732 1028 1777 auctore
1080 1721 1373 1788 discimus,
1426 1737 1583 1791 quam
1638 1730 1814 1790 patres
1861 1721 2027 1776 nostri
2085 1720 2154 1773 ab

2261 536 2485 605 prolatis
2514 537 2757 608 apposite
2784 552 2953 593 sacrae
2996 537 3288 607 Scriptura:
3317 537 3639 593 testimoniis
3665 545 3872 592 contra

2257 628 2570 683 Saduczcum
2610 629 2891 697 quemdam
2944 629 3314 700 presbyterum
3360 628 3433 683 ita
3482 627 3766 691 asseruit,
3816 636 3873 681 ut

2257 718 2347 772 ille
2375 719 2596 773 omnino
2618 718 2920 783 convictus,
2966 734 3025 773 se
3057 734 3326 788 nunquam
3358 733 3475 775 eam
3503 719 3874 786 impugnatu-

2258 825 2375 863 rum
2407 809 2675 877 pollicitus
2702 812 2795 865 sit.
2839 809 3037 865 Ibidem
3069 825 3284 881 quoque
3316 810 3384 865 de
3402 810 3587 879 judicii
3617 808 3872 865 extremi

2258 902 2481 957 veritate
2508 900 2714 958 erudite
2733 903 2971 968 disserit,
2997 912 3052 959 et
3072 904 3459 972 suppliciorum
3490 905 3871 958 aeternitatem

2258 994 2525 1050 damnatis
2554 995 2799 1049 luendam
2828 995 3041 1065 probat.
3093 994 3168 1050 De
3197 993 3386 1049 iisdem
3417 995 3613 1063 poenis,
3648 1005 3772 1047 tum
3799 995 3870 1049 de

2260 1085 2598 1154 temporariis
2623 1100 2755 1155 quas
2793 1085 2988 1139 animat
3032 1084 3405 1140 defunctorum
3451 1086 3863 1153 perpetiuntur,

2258 1179 2368 1246 agit
2422 1178 2474 1231 in
2521 1179 2697 1247 capite
2743 1178 2934 1232 ultimo
2986 1177 3105 1233 libri
3146 1176 3264 1232 Ide
3312 1176 3491 1233 Gloria
3534 1176 3870 1247 Martyrum.

2261 1271 2472 1326 Peccati
2498 1271 2773 1341 originalis
2828 1270 3088 1326 adversus
3123 1269 3435 1339 Pelagianos
3466 1269 3760 1323 verita.em
3816 1270 3871 1321 in

2259 1379 2355 1418 sua
2379 1364 2499 1418 fidei
2523 1364 2863 1419 ceiif‘essione
2888 1362 3107 1430 agnovit
3125 1403 3140 1426 ,
3165 1377 3287 1417 cum
3318 1361 3568 1415 hominem
3592 1362 3871 1429 perditum

2259 1453 2527 1507 liberatum
2567 1469 2595 1506 a
2650 1453 2862 1509 Christo
2907 1453 3073 1507 fuisse
3124 1452 3421 1520 profitetur.
3455 1452 3605 1506 lbiet
3660 1468 3869 1523 perpe—

2262 1555 2407 1599 tuam
2462 1546 2640 1600 Maria:
2684 1544 3040 1608 virginitatem
3079 1544 3280 1611 laudat,
3312 1555 3367 1600 et
3410 1545 3530 1599 aliis
3581 1545 3636 1599 in
3689 1545 3831 1600 locis

2258 1635 2419 1689 divini
2452 1651 2579 1690 vero
2618 1635 2801 1690 auxilii
2856 1635 2920 1688 ad
2970 1643 3115 1690 recte
3156 1636 3423 1703 agendum
3472 1634 3864 1690 necessitatem

2262 1742 2367 1780 non
2396 1726 2578 1780 verbis
2630 1726 2833 1791 solum,
2882 1725 2975 1780 sed
3007 1735 3061 1780 et
3088 1727 3350 1795 exemplis
3376 1726 3571 1795 passim
3598 1742 3865 1794 compro-

570 1814 949 1884 Apostolorum
979 1813 1253 1883 discipulis
1298 1821 1636 1882 acceperant.
1690 1814 1755 1866 Et
1777 1812 1990 1881 quidem
2015 1827 2152 1865 nun-
2184 1810 2229 1870 Β
2257 1815 2367 1870 bat.
2416 1814 2551 1868 llinc
2587 1824 2735 1869 recte
2780 1816 2915 1868 facta
2947 1830 3051 1868 non
3102 1814 3301 1868 viribus
3333 1816 3563 1884 propriis
3591 1857 3605 1882 ,
3640 1816 3741 1871 sed
3774 1817 3868 1871 Dei

568 1920 729 1971 quam
762 1904 895 1958 alias
919 1913 1025 1958 tam
1057 1912 1307 1960 accurate
1363 1904 1572 1959 locutus
1629 1912 1711 1960 est
1750 1904 2038 1976 Gregorius
2062 1919 2158 1958 no-

568 2006 703 2063 ster,
728 2011 887 2066 qttam
904 2010 1023 2049 cum
1046 1996 1113 2050 de
1130 1995 1250 2049 fidei
1278 1996 1441 2051 rebus
1465 1997 1729 2057 tractavit,
1750 2010 1849 2050 nec
1867 1996 2156 2066 quidquam

567 2087 713 2141 aliud
744 2096 856 2142 toto
886 2088 1011 2142 vitae
1050 2102 1161 2140 tua:
1192 2096 1430 2156 tempore
1455 2088 1589 2143 adeo
1616 2088 1900 2156 diligenter
1933 2088 2158 2157 inquisi-

567 2179 664 2244 vit,
690 2193 753 2233 ac
793 2194 855 2233 ea
882 2194 1002 2248 quae
1039 2179 1105 2231 ad
1153 2178 1277 2233 fidei
1322 2180 1680 2247 integritatem
1706 2188 1757 2233 et
1786 2179 2155 2233 sinceritatem

569 2267 926 2338 pertinebant.
979 2266 1034 2321 Id
1065 2268 1239 2335 ipsum
1278 2267 1493 2321 disertis
1534 2269 1713 2323 verbis
1740 2278 1961 2322 testatur
2003 2268 2157 2322 initio

571 2357 693 2412 fibri
711 2366 740 2424 .l'
766 2357 1036 2419 Historiae,
1063 2354 1152 2411 ubi
1175 2365 1458 2427 postquam
1482 2372 1541 2411 se
1570 2359 1933 2427 grammaticae
1960 2360 2158 2428 r-‘gulis

572 2464 680 2505 non
710 2449 869 2519 plene
897 2449 1160 2504 eruditum
1207 2449 1380 2502 fassus
1420 2449 1602 2504 fuisset
1634 2492 1648 2513 ,
1695 2451 1969 2520 subiungit
1997 2466 2055 2504 se
2082 2462 2160 2504 ta-

571 2555 695 2594 men
728 2539 1000 2595 studuisse
1045 2554 1281 2608 semper,
1314 2549 1370 2595 ttt
1418 2540 1485 2595 de
1517 2539 1676 2593 rebus
1732 2541 1854 2594 fidei
1887 2556 2073 2609 puram
2104 2549 2160 2595 ct

571 2632 836 2687 sinceram
889 2630 1113 2686 haberet
1164 2632 1461 2687 notionem.
1510 2630 1691 2696 Illud,
1725 2634 1910 2702 inquit,
1962 2643 2159 2687 tantum

572 2725 805 2786 studens,
848 2732 902 2777 ut
952 2724 1092 2795 quod
1141 2723 1195 2777 in
1225 2722 1459 2778 Ecclesia
1486 2724 1625 2777 credi
1664 2725 1997 2795 pradicatur,
2051 2726 2161 2780 sine

573 2816 746 2883 aliqua
771 2815 891 2882 fuco
920 2823 1012 2867 aut
1042 2815 1211 2869 cordis
1235 2816 1559 2871 hmitationc
1589 2820 1855 2880 retineam,
1888 2826 1994 2871 etc.
2025 2817 2162 2871 Sub-

576 2906 743 2977 iungit
764 2906 886 2961 fidei
916 2920 1028 2961 sua:
1055 2905 1463 2977 professionem,
1489 2923 1647 2975 quam
1670 2907 1913 2977 symbo'o
1945 2906 2161 2962 Nicmno

576 3006 666 3053 aut
712 2998 1307 3066 Constantinopolitano
1350 2998 1692 3063 prolixiorem
1748 2998 1952 3063 edidit,
1994 3009 2053 3052 ut
2094 2998 2166 3053 ab

577 3090 883 3147 haeresibns
904 3107 1023 3160 qua:
1054 3102 1236 3160 postea
1262 3093 1672 3161 pullulaverant,
1696 3091 1925 3146 alienum
1954 3107 2012 3146 se
2042 3107 2163 3149 esse

2260 1906 2467 1973 virtuti,
2502 1906 2781 1961 tribuenda
2830 1920 2953 1960 €836
3002 1906 3163 1961 docet
3203 1907 3253 1959 in
3286 1906 3458 1973 capite
3488 1906 3709 1960 laudato
3743 1908 3867 1961 libri

2260 1998 2329 2052 de
2350 1997 2531 2053 Gloria
2574 1998 2900 2066 Martyrum;
2937 1996 3113 2065 capite
3137 2005 3314 2050 autem
3341 1997 3405 2050 4f
3438 1996 3594 2051 fidem
3622 2006 3859 2061 rectam,

2260 2104 2381 2158 quae
2408 2088 2562 2142 bonis
2591 2090 2859 2141 animetur
2888 2086 3162 2155 operibus,
3217 2086 3283 2140 ad
3324 2086 3550 2141 salutem
3596 2102 3866 2143 necessa-

2262 2180 2395 2233 riam
2442 2192 2562 2233 esse
2606 2187 2814 2233 censet.
2843 2177 3037 2233 Veram
3081 2187 3131 2231 et
3174 2176 3373 2232 realcm
3414 2178 3466 2232 in
3514 2177 3865 2234 Eucharistia

2260 2273 2499 2341 corporis
2526 2281 2582 2327 et
2626 2271 2903 2340 sanguinis
2953 2270 3163 2325 Domini
3213 2272 3578 2341 prmsentiam,
3606 2287 3757 2345 cum
3805 2271 3861 2325 in

2262 2363 2542 2417 narrandis
2590 2363 2829 2417 historiis
2879 2362 3094 2417 occasio
3139 2376 3258 2417 sese
3302 2361 3521 2426 obtulit,
3555 2363 3627 2416 ita
3674 2372 3869 2431 aperte

2262 2455 2580 2520 declaravit,
2617 2468 2679 2509 ac
2708 2456 2753 2510 si
2784 2455 2906 2508 data
2936 2469 3099 2523 Opera
3141 2454 3461 2509 catholicum
3492 2453 3623 2508 illud
3666 2453 3867 2523 dogma

2264 2558 2385 2618 post
2417 2559 2657 2603 exortam
2700 2549 3216 2618 fierengarianorum
3262 2547 3510 2602 haeresim
3542 2547 3867 2616 exprimere

2264 2639 2537 2694 voluisset.
2565 2639 2827 2692 Audenter
2850 2678 2863 2702 ,
2896 2638 3088 2705 inquit,
3107 2638 3158 2691 iu
3194 2637 3325 2691 libro
3355 2636 3421 2692 de
3451 2636 3631 2691 Gloria
3660 2637 3867 2705 Marty-

2264 2748 2407 2799 rum,
2426 2733 2600 2801 capite
2620 2730 2709 2797 86,
2743 2740 2977 2784 sanctum
3019 2730 3227 2784 Domini
3252 2746 3439 2796 corpus
3478 2741 3523 2781 et
3545 2730 3861 2799 sanguinem

2264 2842 2381 2879 cum
2436 2827 2593 2879 simus
2654 2836 2770 2877 actu
2844 2824 3067 2890 polluti,
3116 2823 3184 2875 ad
3238 2823 3496 2891 judicium
3556 2822 3861 2881 sumimus,

2264 2935 2415 2989 quam
2442 2961 2456 2979 ,
2485 2927 2624 2978 etc.;
2648 2932 2694 2969 et
2729 2918 2903 2985 capite
2940 2918 3004 2971 l0
3042 2916 3281 2983 ejusdem
3315 2914 3433 2967 libri
3469 2922 3651 2966 narrat
3688 2912 3863 2965 histo-

2268 3010 2397 3061 riam
2426 3008 2642 3061 infantis
2672 3007 2861 3072 Juda'i,
2892 3007 2980 3074 qui
3012 3022 3129 3059 cum
3162 3005 3439 3059 catholicis
3468 3004 3531 3056 ad
3565 3005 3858 3071 participa-

2269 3100 2459 3151 tionem
2484 3098 2695 3167 gloriosi
2716 3099 2945 3164 corporis
2972 3106 3018 3150 et
3044 3095 3306 3168 sanguinis
3334 3094 3585 3146 Dominici
3608 3108 3861 3148 accesse-

578 3182 941 3250 profiteretur.
972 3181 1264 3236 Prmelaras
1306 3183 1425 3237 fidei
1462 3185 1669 3251 regulas
1694 3184 1945 3253 proponit
1969 3183 2105 3238 libro
2130 3200 2160 3238 tt
2188 3183 2235 3246 C
2266 3197 2369 3241 rat.
2402 3188 2639 3257 Expletis
2671 3188 2865 3248 Missis.
2918 3201 2989 3241 er
3038 3186 3175 3239 libro
3203 3200 3238 3238 ll
3278 3183 3345 3238 de
3397 3182 3659 3237 Miracul's
3686 3182 3863 3235 sancti

578 3271 855 3333 Historiae,
887 3272 1063 3340 capite
1096 3273 1161 3325 15
1184 3314 1199 3337 ,
1256 3287 1528 3327 sacrarum
1562 3289 1752 3344 nempe
1779 3274 2077 3329 litterarum
2104 3284 2156 3330 et

578 3365 882 3418 traditionis
927 3366 1235 3431 apostolica:
1281 3366 1651 3421 auctoritatem
1673 3408 1688 3433 ,
1718 3368 1869 3435 queis
1902 3370 2064 3423 utitur
2092 3368 2157 3422 ad

578 3453 954 3509 confutandam
1017 3455 1253 3510 haeretici
1310 3458 1590 3523 cuiusdam
1640 3461 1990 3526 pervicaciam
2023 3503 2038 3523 ,
2067 3466 2157 3530 qui

577 3548 809 3601 futuram
861 3547 1307 3603 resurrectionem
1362 3549 1416 3603 iu
1447 3550 1663 3604 dubium
1710 3566 1965 3606 revocare
1995 3567 2158 3606 ausus

577 3639 771 3693 fuerat.
804 3639 923 3693 Alio
955 3638 1007 3691 in
1041 3638 1158 3693 loco
1180 3649 1482 3695 sanctorum
1514 3641 1731 3696 Patrum
1760 3644 2157 3709 auctoritatem,

576 3745 714 3800 quos
740 3741 857 3798 post
878 3731 1146 3800 apostolos
1179 3732 1317 3786 Deus
1351 3733 1605 3789 Ecclesia:
1648 3734 1902 3805 reliquit,
1936 3735 2115 3789 laudat
2137 3776 2154 3799 ,

577 3840 769 3895 nempe
798 3825 935 3879 libro
957 3840 1009 3891 ν,
1039 3826 1215 3892 capite
1238 3827 1330 3881 45.
1372 3826 1610 3897 Denique
1636 3830 1764 3882 tanti
1793 3829 2031 3883 fecerunt
2056 3844 2160 3882 ma-

578 3918 723 3978 iores
775 3920 942 3973 nostri
992 3918 1403 3985 disputationes.
1454 3935 1587 3989 quas
1636 3918 1922 3990 Gregorius
1977 3931 2158 3975 noster

572 4010 834 4067 adversus
864 4012 1145 4067 litirreticos
1174 4027 1203 4065 a
1235 4026 1293 4067 se
1332 4012 1537 4066 habitas
1567 4014 1785 4081 scriptis
1814 4014 2159 4069 commenda-

576 4111 746 4166 verat,
782 4112 837 4156 tit
875 4103 953 4158 eis
984 4103 1122 4158 inter
1171 4102 1293 4157 fidei
1340 4103 1550 4173 regulas
1584 4103 1755 4158 locum
1778 4104 1967 4158 darent
1992 4104 2043 4156 in
2068 4120 2160 4156 co-

574 4193 802 4255 dicibus.
833 4194 921 4261 qui
951 4194 1016 4247 ad
1053 4195 1389 4248 sacerdotum
1438 4195 1791 4248 eruditionem
1827 4204 2007 4260 postea
2031 4209 2160 4246 con-

575 4286 671 4340 diti
718 4285 950 4339 fuerunt.
1018 4285 1287 4352 Ejusmodi
1343 4285 1714 4340 collectionem
1775 4284 2031 4339 habemus
2091 4300 2156 4337 ex

574 4376 761 4431 codice
813 4376 1115 4431 Fossatensi
1164 4385 1406 4444 tempore
1447 4376 1630 4431 Caroli
1660 4374 1833 4445 Magni
1869 4376 2162 4429 concinna-

580 4475 719 4529 tam,
769 4466 821 4519 in
868 4481 969 4534 qua
1011 4467 1361 4521 conciliorum
1412 4467 1711 4521 canonibus
1760 4466 2158 4533 praemittuntur

2266 3280 2510 3345 Mirtini,
2558 3280 2734 3347 capite
2784 3277 2894 3341 47,
2948 3277 3178 3347 populus
3227 3285 3606 3329 sacrosanctum
3662 3289 3865 3343 corpus

2264 3373 2618 3439 Redemptoris
2668 3372 2896 3441 accepit,
2942 3379 3048 3425 etc.
3094 3370 3373 3423 Missarutn
3421 3367 3859 3429 celebrationes,

2264 3465 2509 3534 sacriﬁcii
2541 3464 2867 3518 oblationem
2898 3462 3095 3531 passim
3123 3469 3530 3515 commemorat.
3567 3459 3761 3513 Missas
3785 3460 3851 3509 all

2265 3556 2508 3625 requiem
2550 3552 2814 3607 defunctis
2846 3550 3233 3620 procurandam
3274 3550 3574 3604 celebratas
3602 3548 3775 3601 habes
3805 3548 3860 3599 in

2264 3646 2401 3699 libro
2423 3645 2489 3698 de
2516 3642 2694 3699 Gloria
2717 3642 3099 3696 Confessorum
3120 3683 3135 3706 ,
3157 3639 3331 3708 capite
3359 3639 3451 3703 65,
3477 3649 3531 3692 et
3558 3637 3858 3699 Palladius,

2262 3738 2346 3792 sui
2391 3736 2557 3806 ipsius
2608 3736 2978 3804 interemptor,
3027 3736 3299 3787 missarum
3328 3732 3579 3786 solemnia
3615 3747 3715 3783 non
3753 3746 3862 3783 me-

2262 3830 2381 3881 ruit.
2432 3827 2567 3880 Alibi
2612 3835 2877 3894 praesente
2899 3838 3127 3889 corpore
3172 3822 3223 3875 in
3270 3820 3649 3876 defunctorum
3700 3835 3863 3873 esse.

2262 3921 2400 3989 quiis
2430 3921 2603 3974 Missae
2634 3918 2915 3973 celebratae
2943 3916 3223 3979 dicuntur;
3272 3914 3396 3968 item
3426 3924 3478 3967 et
3509 3914 3861 3983 psallentium

2258 4010 2386 4081 juge
2413 4011 2552 4064 circa
2606 4008 2839 4063 defuncti
2869 4021 3067 4074 corpus
3102 4016 3226 4060 ante
3281 4005 3634 4073 sepulturam,
3672 4014 3725 4057 et
3759 4004 3860 4056 alia

2262 4102 2553 4170 ejusmodi,
2586 4115 2703 4169 quze
2729 4096 3034 4167 legentibus
3079 4098 3278 4166 passim
3321 4105 3629 4149 occurrunt.
3664 4094 3861 4147 Sacra-

2265 4210 2383 4247 rum
2440 4208 2567 4246 vero
2622 4190 2969 4259 reliquiarum
3000 4187 3399 4241 venerationem
3420 4231 3434 4246 .
3467 4183 3865 4238 invocationem

2266 4291 2600 4348 sanctorum,
2628 4296 2806 4335 sacras
2825 4296 3011 4335 eorum
3042 4277 3319 4348 imagines,
3341 4277 3549 4344 aliaque
3570 4272 3860 4343 ejusmodi,

2264 4391 2385 4445 qu:e
2425 4373 2755 4428 recentiores
2808 4371 3067 4436 haeretici,
3120 4372 3237 4438 plus
3269 4370 3405 4423 forte
3435 4366 3576 4433 vulgi
3600 4366 3861 4419 abusibus

2264 4481 2421 4533 quam
2447 4464 2703 4519 Ecclesiae
2717 4462 3053 4531 dogmatibus
3070 4459 3429 4521 attendentes,
3463 4466 3739 4523 tantopere
3766 4458 3861 4509 iiii-

576 4558 878 4628 symbolum
938 4558 1259 4622 Athanasii,
1321 4559 1598 4627 Augustini
1653 4557 1986 4627 aliorumque
2037 4557 2157 4612 fidei
2192 4563 2242 4621 D
2272 4565 2595 4627 pugnarunt,
2622 4563 2700 4609 tot
2728 4555 2957 4623 probant
2986 4559 3319 4621 argumenta,
3355 4557 3483 4614 quot
3512 4547 3625 4601 fere
3657 4547 3853 4601 haben-

575 4645 963 4711 confessiones,
1007 4655 1119 4701 tum
1153 4648 1529 4703 altercationes
1562 4660 1745 4702 contra
1781 4647 2062 4703 htcreticos
2089 4664 2157 4702 ex

574 4738 820 4808 Gregorii
853 4738 1082 4793 Ilistoria
1111 4748 1398 4807 excerptte.
1445 4739 1551 4793 Nec
1582 4738 1869 4793 immerito.
1912 4738 1987 4792 Ita
2015 4742 2157 4794 enim

578 4829 704 4885 fidei
736 4840 932 4884 nostra:
961 4830 1233 4884 studiosus
1260 4830 1361 4885 fuit
1390 4829 1701 4899 Gregorius,
1727 4840 1784 4884 ut
1814 4830 2011 4884 nttllam
2042 4830 2159 4899 ejus

573 4923 973 4995 propugnandte
988 4924 1323 4978 occasionem
1344 4923 1763 4992 praetermiserit.
1797 4922 2160 4977 Sanctissimae

574 5017 857 5073 Trinitatis
887 5018 1203 5089 mysterium
1231 5059 1246 5084 ,
1276 5030 1731 5084 personarumque
1759 5015 1809 5067 iu
1842 5031 1942 5068 una
1971 5025 2156 5067 natura

576 5121 631 5165 et
653 5110 930 5165 divinitate
963 5110 1241 5181 mqualiter
1275 5108 1677 5163 subsistentium
1702 5108 1981 5162 veritatem
2014 5121 2157 5175 saepe

573 5202 805 5269 smpius,
830 5202 1009 5256 allatis
1040 5216 1207 5255 sacra:
1236 5201 1526 5269 Scriptura:
1571 5199 1910 5267 testimoniis,
1936 5200 2157 5253 demou-

575 5295 803 5355 stravit,
856 5293 1295 5362 confirmavitque
1354 5292 1519 5346 variis
1570 5292 1899 5358 miraculis,
1930 5306 2050 5360 qua:
2105 5290 2155 5344 iu

578 5381 716 5434 hanc
758 5395 871 5435 rem
904 5384 1064 5445 facta,
1094 5394 1185 5437 aut
1228 5383 1346 5452 ipse
1376 5382 1604 5447 viderat,
1654 5392 1745 5435 aut
1795 5382 2057 5436 didicerat
2092 5383 2160 5435 ab

574 5472 716 5527 aliis.
746 5470 1102 5541 Cliiipericum
1151 5488 1330 5543 regem
1362 5474 1451 5539 qui
1503 5474 1720 5528 Sabellii
1756 5488 1971 5528 errores
2003 5488 2156 5526 reno-

573 5579 705 5619 vare
734 5563 974 5628 volebat,
1002 5564 1073 5617 ita
1099 5564 1412 5629 confutavit,
1444 5566 1692 5633 exposito
1721 5564 1987 5632 quodnam
2014 5574 2151 5617 esset

574 5658 646 5714 de
675 5669 1019 5725 personarum
1066 5655 1407 5709 distinctione
1431 5663 1488 5709 et
1510 5665 1711 5709 natura:
1743 5655 1943 5707 unitate
1973 5653 2157 5706 catho—

574 5749 737 5809 licum
769 5749 959 5817 dogma
990 5788 1006 5815 ,
1047 5755 1106 5803 ut
1125 5760 1240 5811 rex,
1300 5747 1422 5802 licet
1447 5746 1501 5799 iu
1528 5760 1647 5801 eum
1684 5743 1958 5810 frendens,
1995 5743 2154 5797 silere

2267 4659 2353 4702 tur
2398 4646 2632 4703 inlibris
2681 4645 3055 4699 Miraculornm
3100 4644 3324 4711 faginus.
3362 4641 3629 4711 Imagines
3661 4638 3844 4691 Christ

2267 4739 2405 4811 apud
2430 4739 2615 4793 fideles
2645 4735 2961 4792 asservandi
2984 4751 3185 4788 morem
3217 4750 3281 4789 ex
3315 4748 3498 4787 amore
3528 4732 3580 4785 in
3611 4741 3859 4801 prototy-

2270 4848 2391 4899 pum
2418 4830 2745 4899 processisse
2765 4829 2874 4890 ait,
2908 4827 3083 4892 capite
3102 4825 3175 4878 2:).
3202 4825 3321 4878 libri
3353 4840 3371 4877 t
3400 4824 3469 4877 de
3506 4822 3685 4876 Gl0ria
3715 4821 3858 4875 Mar-

2269 4932 2473 4995 tyrum,
2502 4932 2559 4975 ut
2585 4935 2781 4989 nempe
2805 4921 2943 4987 ejus,
2975 4918 3127 4985 cujus
3160 4917 3332 4986 legem
3365 4916 3416 4968 in
3441 4914 3635 4968 tabulis
3678 4913 3858 4966 cordis

2269 5013 2526 5076 retinent,
2557 5011 2717 5065 etiam
2742 5009 3032 5076 imaginem
3067 5007 3131 5060 ad
3157 5004 3724 5060 commemorationem
3757 5003 3862 5053 vir-

2265 5105 2394 5159 tutis
2423 5104 2475 5156 in
2506 5101 2699 5155 tabulis
2728 5098 3025 5154 visibilibus
3067 5098 3260 5166 pictam
3291 5112 3385 5165 per
3416 5094 3859 5150 ecclesiasacdo-

2263 5211 2381 5251 mos
2393 5195 2606 5247 affixam
2628 5204 2945 5261 praesentem
2972 5191 3219 5246 habeant.
3245 5188 3313 5242 Et
3334 5189 3571 5257 quidem,
3597 5198 3650 5240 ut
3670 5187 3859 5240 eadem

2272 5287 2547 5343 accasione
2595 5284 2831 5352 loquitur
2870 5283 3092 5335 Rufinus
3142 5280 3280 5334 libro
3323 5295 3393 5334 vtt
3451 5279 3719 5343 llistorize,
3773 5291 3861 5331 ca-

2265 5382 2372 5449 pite
2391 5380 2477 5441 14,
2496 5377 2731 5446 Insignia
2745 5389 2964 5429 veterum
2983 5376 3230 5428 reservari
3251 5376 3319 5426 ad
3337 5384 3652 5441 posterorum
3669 5385 3861 5424 memo-

2262 5474 2425 5525 riam:
2447 5470 2659 5523 illorum
2690 5468 2916 5529 honoris,
2946 5469 3131 5521 Iterum
3144 5482 3261 5519 vero
3286 5465 3477 5519 amoris
3498 5465 3744 5517 indicium
3766 5472 3855 5516 est.

2336 5563 2425 5614 ϐυ.
2468 5561 2733 5613 Caeterum
2759 5558 2856 5611 etsi
2875 5558 3140 5626 praecipua
3174 5557 3417 5625 Gregorii
3452 5556 3617 5610 nostri
3634 5568 3857 5625 operum

2263 5652 2465 5705 utilitas
2495 5648 2806 5703 collocanda
2849 5649 2923 5700 sit
2955 5650 3005 5699 in
3038 5632 3364 5702 adilisrenda
3401 5647 3737 5700 Francorum
3774 5661 3857 5700 rc-

2264 5741 2349 5812 ςιιί
2381 5749 2485 5793 tam
2517 5738 2874 5793 ecclesiastica
2899 5754 3056 5807 quam
3078 5739 3301 5809 profana
3328 5739 3570 5807 historia,
3598 5737 3743 5795 haud
3769 5750 3849 5793 ta-
