4024 6192
250 289 311 347 33
1721 283 2107 342 PREFATIO.

254 423 372 466 men
407 402 705 476 spernenda
745 403 925 460 habet
968 402 1036 458 de
1090 400 1315 456 aliarum
1362 399 1639 455 nationum
1693 399 1854 453 rebus
1880 402 1930 460 Α
1959 398 2093 465 rius,
2134 404 2192 451 ut
2220 397 2500 467 episcopos
2528 396 2582 451 in
2624 394 2799 452 Gallia
2831 394 2916 451 lus
2956 402 3163 457 septem
3210 393 3541 464 antiquiores

261 504 447 573 gestis,
470 516 588 572 qua
633 499 847 557 exinde
897 499 1062 555 etiam
1093 497 1304 552 illarum
1350 495 1592 566 gentium
1619 495 1851 564 propriae

270 594 487 649 historia:
508 591 812 660 scriptores
842 589 1074 645 mutuati
1097 597 1242 643 sunt.
1278 586 1395 658 Ipse
1424 587 1599 653 nobis,
1641 595 1695 639 ut
1736 600 1849 641 rem

180 725 190 732 .
271 684 510 751 exemplis
536 684 859 754 probemus,
890 678 1328 750 Burgundionum
1360 688 1414 732 et
1454 677 1849 746 Thuringorum

278 775 519 829 iortunam
565 773 905 842 descripsit;
950 768 1380 840 Wisigotharum
1431 769 1485 823 in
1514 768 1847 839 Septimania

273 874 323 921 et
348 866 401 920 in
431 865 677 934 llispania
706 880 898 935 regum
941 864 1140 920 seriem
1167 862 1237 916 ab
1275 876 1344 917 eo
1371 863 1703 931 accepimus.
1733 862 1846 916 Non

273 971 433 1025 pauca
470 957 626 1011 etiam
675 955 746 1010 de
791 940 1251 1022 Ostrogothorum
1286 961 1342 1007 et
1371 952 1847 1022 Langobardorum

269 1051 425 1105 rebus
447 1050 604 1120 gesris
646 1059 830 1103 narrat
854 1091 869 1114 ,
899 1047 1193 1103 occasione
1216 1044 1617 1115 expeditionum
1643 1085 1661 1111 ,
1715 1058 1848 1115 quas

270 1141 604 1210 tegesnoslri
638 1140 692 1195 in
713 1140 1210 1195 ltaliamadversus
1230 1152 1327 1194 eos
1365 1137 1849 1207 suscepere.Unde

263 1235 425 1287 etiam
475 1232 812 1287 occasionem
851 1231 1065 1299 accepit
1104 1229 1172 1285 de
1200 1228 1619 1299 imperatoribus
1645 1227 1848 1283 Graecis

257 1322 572 1385 disserendi,
604 1322 694 1393 qui
720 1320 1047 1376 titubantem
1077 1320 1131 1375 in
1165 1320 1318 1375 italia
1344 1335 1495 1375 suam
1524 1326 1845 1389 potestatem

254 1415 573 1470 conﬁrmare
596 1429 659 1468 ac
680 1428 939 1483 reparare
964 1413 1296 1467 Francorum
1316 1411 1516 1465 auxilio
1541 1411 1735 1479 saepius
1756 1424 1847 1466 co-

252 1507 367 1559 nati
398 1514 538 1559 sunt.
574 1505 704 1559 lline
726 1506 893 1559 variae
919 1504 1215 1574 legationes
1241 1519 1272 1556 e
1299 1502 1505 1558 Graecia
1538 1503 1590 1556 in
1616 1501 1840 1569 Gallias,

249 1612 305 1651 et
332 1612 409 1651 ex
431 1597 612 1652 Galliis
643 1598 693 1652 in
709 1594 1000 1659 Grreciam,
1024 1594 1461 1665 quasGregorius
1484 1595 1678 1663 passim
1696 1608 1845 1649 com-

252 1700 539 1744 memorat.
573 1690 644 1744 Ea
677 1705 799 1760 quae
829 1689 900 1744 de
927 1688 1168 1754 Chunis,
1203 1688 1527 1754 Saxonibus,
1559 1688 1839 1758 Bajoarits,

1958 493 2133 547 nullos
2160 491 2327 547 fuisse
2352 490 2726 547 existimaret:
2756 490 2898 559 quod
2922 489 3138 561 quidem
3165 504 3232 544 ex
3258 488 3390 559 ipsis
3416 490 3535 559 ejus

1958 587 2141 642 verbis
2168 595 2376 642 certum
2406 595 2511 639 est.
2553 584 2620 639 In
2649 583 2872 650 Galliis,
2904 583 3099 654 inquit,
3131 582 3268 637 libro
3304 597 3325 637 ι
3361 580 3539 649 capite

1952 680 2046 743 26,
2076 679 2163 734 ubi
2192 678 2262 734 de
2292 677 2546 732 Antonini
2576 676 2980 746 persecutione,
3024 675 3174 728 multi
3223 689 3321 742 pro
3349 672 3539 727 Christi

1954 778 2162 828 nomine
2198 782 2318 827 sunt
2345 789 2434 842 per
2463 773 2767 843 martyrium
2797 772 3050 826 coronati.
3073 772 3208 826 'l‘unt
3236 771 3416 839 capite
3437 768 3533 834 ‘28,

1951 865 2045 919 sub
2076 864 2299 920 Decio...
2342 865 2517 936 Hujus
2540 875 2765 933 tempore
2799 872 2996 933 septem
3016 864 3112 917 viri
3135 864 3361 932 episcopi
3398 863 3539 916 ordi-

1951 960 2059 1013 nati
2079 959 2149 1011 ad
2178 959 2566 1027 pra’dicandum
2606 957 2660 1011 in
2687 955 2892 1011 Gallias
2922 957 3066 1010 missi
3096 967 3235 1021 sunt,
3261 964 3369 1010 etc.
3416 954 3532 1009 Non

1951 1048 2132 1118 itaque
2156 1048 2305 1113 dicit,
2324 1049 2551 1117 primum
2570 1056 2716 1111 tunc,
2745 1057 2801 1102 ut
2832 1057 2987 1102 antea
3011 1048 3244 1101 Severus
3268 1043 3537 1114 Sulpirius

1949 1138 2263 1208 scripserat,
2295 1140 2407 1194 visa
2438 1139 2601 1193 fuisse
2631 1138 2683 1192 in
2730 1136 2919 1193 Galliis
2965 1138 3250 1209 martyria;
3282 1151 3386 1189 non
3437 1149 3533 1190 ex-

1950 1231 2117 1286 cludit
2162 1232 2299 1285 alios
2346 1232 2497 1286 verbi
2525 1230 2692 1285 divini
2716 1245 3031 1302 praecones,
3063 1231 3153 1300 qui
3177 1241 3304 1286 ante
3328 1241 3533 1299 septem

1950 1325 2071 1380 illos
2099 1326 2382 1395 episcopos
2429 1325 2775 1394 Evangelium
2821 1324 2873 1379 in
2916 1323 3105 1379 Galliis
3141 1323 3536 1379 disseminave-

1947 1417 2093 1484 rint;
2128 1433 2227 1473 nec
2270 1416 2497 1487 proinde
2523 1417 2626 1471 sibi
2665 1416 2766 1483 ipsi
2797 1415 3145 1480 contradixit,
3178 1431 3300 1471 cum
3335 1414 3534 1468 Eutro-

1948 1511 2093 1582 pium
2125 1524 2155 1564 a
2198 1521 2386 1565 sancto
2415 1509 2693 1566 Clemente
2729 1508 2951 1564 missum
2987 1507 3152 1563 fuisse
3193 1507 3245 1561 in
3287 1506 3425 1561 libro
3463 1506 3534 1560 de

1949 1603 2129 1658 Gloria
2177 1604 2468 1673 Martyrum
2495 1642 2512 1668 ,
2554 1602 2731 1672 capite
2761 1600 2853 1665 56,
2884 1600 3122 1669 scripsit.
3156 1599 3324 1653 ltnmo
3352 1609 3401 1653 et
3431 1598 3531 1651 sibi

1948 1695 2051 1765 ipsi
2081 1704 2303 1750 constat
2323 1695 2390 1750 de
2414 1696 2518 1749 illis
2540 1702 2748 1764 septem
2770 1694 3115 1764 episcopisin
3148 1692 3285 1747 libro
3311 1691 3378 1747 de
3406 1689 3534 1744 Glo-

248 1784 488 1853 aliisquc
530 1783 834 1840 Germania:
862 1782 1075 1852 p0pulis
1107 1781 1287 1842 habet.
1323 1796 1428 1835 non
1458 1791 1610 1836 vacat
1644 1796 1843 1836 recen-

1950 1786 2023 1840 ria
2044 1786 2425 1843 Confessorum
2440 1786 2704 1853 scribens,
2731 1786 2842 1852 ubi,
2867 1786 3043 1857 capite
3062 1785 3118 1853 4,
3134 1784 3202 1840 de
3231 1794 3417 1840 sancto
3439 1784 3517 1838 Ga

249 1890 402 1928 sere.
431 1874 577 1930 Adde
599 1876 757 1930 etiam
782 1890 905 1943 qua:
923 1874 989 1929 de
1013 1884 1383 1928 extremorum
1408 1883 1707 1942 temporum
1736 1872 1843 1929 Ro-

252 1964 402 2016 mani
433 1965 483 2019 in
509 1963 800 2020 Occidente
832 1964 1044 2030 imperii
1066 1973 1157 2018 aut
1181 1964 1421 2035 tyrannis
1441 1976 1532 2018 aut
1554 1963 1844 2033 imperato-

252 2053 435 2118 ribus,
465 2056 546 2110 vel
583 2069 730 2111 certe
753 2057 824 2109 de
856 2056 1171 2110 earumdem
1204 2055 1407 2110 militia:
1441 2055 1707 2123 prmieCIis
1728 2097 1742 2121 ,
1776 2071 1842 2109 cx

252 2146 460 2202 Orosio
477 2146 691 2217 aliisque
712 2147 1027 2203 auctoribus
1057 2147 1264 2212 retulit,
1286 2148 1481 2217 quibus
1510 2157 1564 2202 et
1586 2148 1841 2201 noiinnlla

254 2237 633 2304 intermiscuit,
664 2256 779 2310 qua:
797 2248 977 2294 autex
1006 2239 1294 2295 traditione
1323 2250 1628 2308 acceperat,
1654 2249 1747 2293 aut
1775 2255 1839 2294 ex

258 2331 561 2387 auctoribus
608 2333 769 2386 modo
802 2332 1002 2402 ignotis
1066 2331 1212 2386 ldctn
1263 2332 1393 2387 fecit
1424 2333 1477 2386 in
1526 2332 1843 2389 narratione

264 2440 419 2493 quam
448 2438 510 2480 ex
540 2424 757 2479 Eusebii
789 2426 906 2479 sive
944 2423 1261 2493 Hieronymi
1295 2424 1563 2479 Chronico
1585 2433 1641 2479 et
1665 2426 1841 2481 Orosii

266 2517 476 2572 historia
507 2518 842 2588 potissimum
867 2517 1219 2572 concinnavit
1250 2516 1318 2571 de
1350 2516 1415 2571 iis
1444 2516 1627 2583 rebus,
1660 2533 1781 2588 qua:
1810 2533 1840 2571 a

270 2611 441 2663 mundi
478 2610 789 2663 conditione
818 2610 885 2663 ad
914 2609 1171 2662 swculnm
1194 2608 1442 2678 quintum
1472 2610 1837 2677 contigerunt.

272 2699 538 2755 Variornm
580 2702 870 2768 opiniones
908 2702 978 2756 de
1004 2701 1170 2756 maris
1196 2701 1359 2756 ltuhri
1388 2703 1614 2756 transitu
1647 2715 1839 2757 recen-

274 2802 348 2846 set
388 2792 437 2844 in
467 2792 599 2847 libro
627 2809 643 2847 ι
676 2792 952 2860 llistorize,
986 2794 1164 2863 capite
1192 2793 1278 2858 10,
1322 2794 1410 2848 ubi
1441 2802 1497 2849 et
1528 2794 1840 2863 peregrinos

273 2882 453 2949 laudat,
481 2886 565 2951 qui
591 2887 919 2940 monasteria
940 2884 1159 2956 Egypti
1194 2886 1680 2955 perlustraverant.
1701 2884 1836 2940 Tum

275 2976 488 3043 loquitur
517 2978 585 3032 de
616 2977 807 3047 priscis
839 2979 1183 3032 nationibus:
1220 2975 1305 3031 Ne
1325 2978 1628 3041 videamur,
1667 2979 1841 3049 inquit

274 3069 431 3134 capite
478 3069 563 3131 16,
593 3070 746 3124 unius
788 3080 989 3124 tantum
1026 3069 1252 3125 Πρω-ωας
1290 3072 1452 3141 gentis
1481 3071 1664 3124 habere
1702 3072 1838 3126 noti-

1949 1878 2197 1942 tianoait,
2213 1894 2364 1947 quem
2383 1896 2415 1932 a
2442 1877 2687 1932 Romanis
2708 1877 2979 1946 episcopis
3001 1878 3381 1941 transmissum,
3399 1884 3527 1938 θείη,

1946 1969 2331 2038 cognovimus;
2363 1971 2538 2037 capite
2576 1969 2670 2031 27,
2705 1967 2964 2021 Martialis
2993 1984 3026 2020 a
3060 1966 3308 2021 Romanis
3345 1966 3532 2019 missus

1947 2062 2237 2130 episcopis;
2265 2071 2319 2118 et
2338 2061 2518 2128 capite
2538 2061 2631 2126 30,
2659 2060 3016 2125 Stretuonins,
3049 2068 3105 2114 et
3132 2059 3247 2129 ipse
3274 2075 3305 2110 a
3339 2058 3532 2112 Rotun-

1948 2154 2027 2206 nis
2055 2153 2306 2222 episcOpis
2338 2169 2452 2206 cum
2474 2150 2700 2207 Gatiauo
2719 2160 2764 2204 et
2795 2150 3035 2221 reliquis,
3068 2165 3195 2218 quos
3223 2148 3530 2200 memoravi—

1947 2262 2093 2310 mus,
2121 2253 2193 2300 est
2219 2246 2462 2299 directus.
2498 2244 2604 2299 Nec
2650 2257 2924 2314 opponere
2949 2242 3106 2311 jtttat
3148 2238 3527 2301 Saturninum,

1946 2339 2121 2406 capite
2150 2340 2220 2393 48
2243 2338 2361 2392 libri
2404 2354 2418 2392 ι
2457 2338 2525 2393 de
2569 2337 2753 2393 Gloria
2783 2337 3075 2407 Martyrum
3114 2335 3314 2389 dictum
3366 2333 3530 2387 luis~e

1945 2435 2010 2484 ab
2041 2433 2403 2502 Apostolorum
2419 2431 2692 2498 discipulis
2714 2429 3011 2483 Ordinatum
3040 2443 3059 2480 :
3099 2441 3220 2482 cum
3246 2423 3534 2495 Apostolo-

1946 2541 2062 2579 l'tllll
2090 2525 2380 2595 discipulos
2406 2524 2641 2592 potuerit
2660 2522 2941 2593 appellare
2971 2535 3067 2575 eos
3090 2560 3107 2585 ,
3133 2519 3220 2589 qui
3257 2518 3440 2573 Romae
3468 2515 3532 2569 ii-

1944 2617 2067 2671 dem
2099 2617 2165 2671 ab
2187 2616 2460 2685 Apostolis
2486 2616 2889 2672 disseminatum
2917 2610 3324 2682 proﬁtebantur.
3359 2608 3448 2664 Sic
3474 2615 3533 2663 et

1944 2708 2012 2762 de
2043 2707 2237 2763 Ursino
2279 2706 2571 2776 Biturigum
2602 2704 2849 2774 apostolo
2878 2704 3114 2774 loquitur
3155 2702 3340 2771 capite
3361 2701 3430 2754 80
3459 2700 3528 2753 de

1945 2798 2124 2854 Gloria
2154 2797 2539 2854 Gonl‘essorum
2559 2837 2576 2862 ,
2602 2813 2759 2865 quem
2790 2806 2967 2851 tamen
2992 2802 3199 2862 septem
3236 2792 3526 2861 episcOpo-

1944 2910 2060 2949 rum
2090 2892 2412 2960 discipulum
2448 2890 2612 2944 fuisse
2636 2889 2811 2944 innuit
2839 2888 2977 2942 lihro
3006 2902 3022 2940 ι
3051 2885 3322 2950 Historiae,
3353 2883 3530 2951 capite

1941 2984 2032 3047 9.9,
2062 2998 2365 3055 quanquam
2427 2982 2671 3037 nonnulli
2717 2988 2975 3036 censeant
3002 2980 3087 3034 hic
3115 2977 3280 3032 alium
3321 2976 3390 3029 ab
3422 2974 3524 3030 Ur-

1942 3078 2061 3131 sino
2088 3076 2383 3146 designari,
2412 3074 2757 3129 Senicianum
2782 3072 2989 3126 scilicet
3016 3111 3030 3135 ,
3062 3071 3150 3138 qui
3174 3067 3442 3124 secundus
3476 3070 3527 3120 itt

276 3162 407 3229 liam,
443 3166 639 3235 reliqua
665 3180 850 3237 regna,
892 3175 998 3220 etc.
1034 3166 1330 3221 Enumerat
1348 3166 1687 3234 antiquarum
1709 3180 1838 3235 gen-
1865 3171 1910 3232 C
1946 3170 2358 3238 Biturigcnsium
2400 3168 2774 3237 episcoporum
2806 3165 3052 3236 catalogo
3096 3172 3429 3219 reccnsctur.
3463 3162 3529 3216 Et

275 3253 388 3306 tium
418 3270 589 3324 reges,
622 3256 715 3325 qui
746 3266 872 3310 ante
903 3255 1102 3310 Christi
1146 3255 1435 3310 adventum
1484 3257 1835 3326 imperarunt.

274 3339 421 3399 Paulo
466 3346 638 3399 fusius
666 3346 895 3415 exponit
921 3361 982 3400 ea
1015 3361 1131 3416 quae
1185 3358 1304 3416 post
1347 3345 1621 3401 Christum
1656 3357 1836 3401 natum

268 3445 619 3504 contigerunt:
652 3436 1061 3504 persecutiones
1108 3437 1371 3492 adversus
1398 3436 1697 3492 Ecclesium
1748 3455 1838 3492 re-

264 3539 455 3588 censet,
488 3529 854 3597 nonnullaque
878 3529 947 3583 de
976 3528 1272 3583 Galliarum
1316 3540 1459 3583 statu
1488 3528 1668 3598 habet,
1699 3530 1842 3585 unde

261 3621 510 3675 discimus
536 3637 656 3689 qua:
673 3620 871 3676 fuerint
900 3622 1155 3677 Ecclesia:
1179 3624 1231 3676 in
1251 3623 1334 3676 his
1355 3624 1590 3693 partibus
1615 3623 1844 3691 primor-

259 3710 370 3776 dia,
396 3720 487 3765 aut
516 3711 707 3766 saltem
752 3725 872 3781 quas
902 3721 1030 3767 tunc
1058 3713 1373 3780 invaluerit,
1397 3729 1517 3769 cum
1550 3714 1842 3784 Gregorius

259 3805 475 3867 virerel,
500 3820 561 3859 ea
594 3806 663 3858 de
695 3820 754 3860 re
782 3805 983 3875 Opinio.

326 3922 419 3976 (ii.
455 3922 709 3976 Nonnulli
735 3938 799 3977 ex
828 3923 943 3991 ejus
988 3923 1204 3992 scriptis
1245 3923 1429 3977 inferri
1464 3938 1622 3992 posse
1655 3934 1849 3994 putant

258 4015 519 4082 duplicem
543 4025 673 4068 tunc
706 4015 757 4067 in
787 4012 976 4069 Galliis
1003 4013 1170 4069 fuisse
1197 4014 1538 4068 traditionem
1568 4015 1635 4070 de
1658 4016 1845 4083 primis

263 4108 517 4162 Eccletia
538 4106 830 4162 Gallicana:
859 4108 1140 4177 apostolis,
1169 4123 1394 4175 quorum
1420 4109 1509 4161 alii
1534 4108 1843 4163 missionem

261 4204 323 4255 ad
352 4203 589 4270 ipsorum
629 4201 1006 4268 Apostolorum
1051 4210 1264 4255 (etatem
1296 4215 1553 4256 revocare
1581 4215 1845 4255 conaren-

265 4303 373 4357 tur;
406 4293 495 4345 alii
529 4308 662 4348 vero
688 4291 753 4345 ad
778 4292 949 4355 Decii,
991 4302 1081 4347 aut
1111 4302 1261 4348 certe
1291 4292 1455 4347 Marci
1480 4292 1683 4347 Aurelii
1711 4300 1848 4346 tent-

268 4400 408 4454 pora.
448 4383 590 4452 Quin
624 4392 677 4438 et
707 4383 1025 4455 Gregorium
1070 4385 1211 4453 quod
1264 4399 1370 4438 non
1414 4385 1548 4437 satis
1586 4399 1648 4437 ea
1682 4383 1734 4453 in
1785 4400 1845 4438 re

266 4477 361 4532 sibi
386 4476 695 4530 rorrmiterit
724 4488 997 4539 accusant.
1021 4478 1221 4546 quippe
1248 4477 1337 4547 qui
1369 4478 1599 4547 priorem
1626 4488 1845 4531 senten-

1944 3262 2161 3331 quidcm
2184 3259 2482 3330 Gregorius
2515 3260 2631 3313 loco
2658 3257 2874 3313 laudato
2897 3258 2972 3311 ait
3000 3265 3119 3325 post
3161 3254 3339 3311 Ursini
3384 3268 3531 3308 mor-

1946 3361 2051 3406 tem
2101 3350 2456 3405 Christianam
2511 3349 2668 3404 lidem
2720 3347 2858 3415 apud
2920 3346 3181 3416 Bituriges
3228 3347 3528 3401 defeci~se:

1945 3447 2084 3514 quod
2112 3456 2229 3513 post
2249 3458 2452 3513 septem
2481 3444 2856 3513 episcoporum
2878 3441 3131 3511 discipuli
3161 3452 3387 3497 mortem
3414 3442 3527 3496 licri

1946 3535 2033 3589 vix
2084 3539 2276 3604 potuit,
2304 3535 2585 3591 desinente
2616 3534 2774 3589 tertio
2814 3534 3036 3589 sarculo.
3078 3533 3358 3603 Siquidem
3417 3534 3532 3601 ipse

1945 3630 2237 3702 Gregorius
2273 3631 2425 3685 testis
2470 3638 2573 3695 est,
2606 3638 2732 3684 tunc
2760 3628 3020 3699 temporis
3050 3628 3346 3683 Ecclesium
3398 3627 3532 3679 miro

1946 3741 2097 3792 apere
2118 3726 2449 3795 compositam
2479 3739 2510 3778 a
2557 3723 2811 3778 ﬁdelibus
2833 3738 2895 3777 ea
2938 3722 2990 3776 in
3034 3728 3168 3777 urbe
3212 3720 3528 3775 aediﬁcatam

1947 3820 2130 3871 fuisse.
2164 3818 2429 3871 Caeterum
2452 3816 2743 3885 Gregorius
2770 3816 2839 3870 de
2869 3815 3099 3869 aliorum
3130 3826 3344 3883 quoque
3372 3825 3531 3866 sanc-

1948 3921 2123 3964 torum
2163 3911 2436 3965 miraculis
2462 3911 2660 3980 passim
2692 3910 2938 3977 scripsit,
2971 3919 3029 3963 ιιι
3058 3908 3125 3963 dc
3152 3906 3438 3962 Timotheo
3479 3915 3533 3961 et

1947 4004 2242 4071 Apollinari
2275 4002 2694 4067 Rhemensibus,
2724 4000 2974 4055 Memmio
2995 3998 3390 4062 Catalauncnsi,
3424 3996 3533 4051 Va-

1949 4082 2086 4150 lerio
2134 4093 2595 4157 Conserannensi,
2648 4093 2878 4161 aliisque
2926 4090 3234 4145 nonnullis:
3268 4097 3324 4143 at
3368 4089 3536 4144 tacuit

1946 4202 2129 4242 cornu
2148 4185 2453 4251 missiones,
2480 4186 2619 4253 quod
2648 4183 2782 4238 nihil
2807 4180 2877 4238 de
2902 4180 3026 4248 illis,
3056 4190 3113 4235 ut
3134 4182 3406 4251 conjicere
3421 4190 3528 4246 est,

1947 4289 2285 4347 compertum
2331 4276 2570 4331 haberet.
2656 4270 2677 4295 ·’
2870 4308 2871 4311 η
3168 4274 3190 4291 ³

2019 4369 2112 4427 62.
2154 4369 2322 4424 Porro
2366 4370 2470 4424 etsi
2494 4382 2559 4423 ea
2603 4383 2721 4438 quae
2749 4366 3052 4429 retulimus,
3102 4366 3231 4420 satis
3262 4379 3534 4435 superque

1950 4462 2222 4515 suiticiant
2261 4460 2327 4513 ad
2358 4459 2813 4529 comprobandum
2860 4448 3108 4530 Gregorii
3138 4473 3361 4526 cperunt
3392 4458 3535 4512 utili-

270 4570 382 4623 ιίεη,
414 4572 465 4622 in
512 4568 888 4622 δίει-πυξοτυηι
920 4568 1093 4634 mnis,
1122 4545 1479 4638 ’posm‘ﬂo,8m
1521 4568 1573 4623 ίη
1608 4568 1837 4622 Historia
1875 4545 1924 4602 D
1953 4563 2138 4613 tatem,
2162 4567 2282 4605 cum
2310 4559 2485 4605 tamen
2510 4552 2748 4617 quidam,
2788 4547 2949 4604 etiam
2997 4548 3193 4604 eruditi
3225 4548 3356 4612 viri,
3402 4563 3536 4603 ncn-
3616 4626 3622 4642 ὅ

268 4662 533 4730 anplexus
564 4661 657 4713 sit.
691 4658 886 4713 Verum
915 4660 1037 4713 licet
1069 4660 1162 4713 has
1186 4661 1512 4731 qnatstiones
1533 4698 1549 4723 ,
1580 4676 1701 4729 quite
1729 4671 1835 4714 tam

270 4755 451 4807 acriter
476 4752 677 4806 nostris
729 4752 1057 4821 temporibus
1083 4755 1297 4821 agitata:
1330 4753 1551 4807 fuerunt
1575 4751 1644 4807 de
1684 4768 1840 4807 sane.

273 4858 431 4901 turum
482 4845 852 4907 missionibus.
897 4854 1194 4900 retractare
1224 4861 1438 4923 animus
1469 4861 1575 4900 non
1608 4846 1708 4911 sit,
1760 4857 1843 4899 ut-

272 4948 383 5007 pote
404 4953 541 5008 quas
568 4946 721 4990 extra
752 4944 997 4992 nostrum
1027 4938 1332 4990 institutum
1360 4951 1480 4991 esse
1519 4946 1839 5000 censemus;

271 5031 314 5085 id
334 5041 505 5083 tamen
534 5027 811 5081 afﬁrmare
827 5029 1024 5092 ausim,
1059 5018 1471 5095 nusquam‘cum
1501 5040 1619 5080 sese
1639 5027 1709 5081 de
1728 5028 1845 5081 istis

272 5121 607 5176 missionibus
633 5117 907 5173 scribendi
934 5118 1127 5171 obtulit
1155 5108 1384 5181 occasio,
1402 5116 1719 5186 Gregorium
1744 5117 1847 5171 sibi

272 5212 585 5267 contrarium
616 5210 929 5272 exstitisse;
964 5208 1183 5278 fallique
1207 5222 1302 5262 eos
1331 5208 1420 5277 qui
1460 5208 1609 5261 illum
1653 5208 1846 5262 existi-

275 5314 404 5359 mant
433 5305 503 5358 ita
545 5304 617 5358 (le
644 5300 971 5371 Martyribus
1004 5299 1475 5368 Lugdunensibus,
1507 5308 1600 5351 aut
1630 5298 1695 5351 de
1725 5313 1849 5364 sep-

276 5412 363 5452 tem
390 5397 682 5466 episcopis,
724 5408 864 5464 quos
907 5393 1008 5447 sub
1054 5392 1215 5447 Decio
1245 5393 1567 5446 adventasse
1605 5392 1846 5459 scripsit,

274 5492 485 5545 locutum
519 5488 713 5555 fuisse,
740 5496 797 5540 ut
826 5495 953 5539 ante
986 5484 1106 5539 illos
1135 5495 1227 5537 aut
1257 5495 1524 5554 martyres
1545 5523 1561 5546 ,
1592 5493 1683 5535 aut
1714 5482 1849 5535 alios

272 5584 400 5639 verbi
431 5583 606 5638 divini
636 5594 953 5651 praecones,
986 5580 1038 5632 in
1067 5577 1269 5633 Gallias
1300 5577 1584 5647 advenisse
1615 5587 1851 5642 negave-

274 5676 349 5731 rit.
376 5674 487 5731 Non
517 5674 691 5740 enim,
742 5680 801 5727 ut
828 5672 964 5727 scite
994 5670 1301 5726 observavit
1332 5683 1561 5723 summa:
1587 5667 1849 5721 eruditio-

274 5772 341 5827 nis
360 5771 435 5828 vir
458 5768 702 5829 lacubus
719 5764 1073 5837 Sirtnoudus,
1099 5764 1151 5820 iu
1186 5764 1285 5821 hac
1319 5762 1512 5820 heresi
1537 5756 1629 5817 fuit
1657 5756 1851 5828 Grego-

1952 4645 2095 4699 nulla
2122 4644 2174 4698 in
2208 4644 2288 4697 liis
2320 4644 2715 4713 reprehendere
2759 4640 3007 4708 soleant;
3046 4657 3106 4697 ca
3134 4643 3320 4710 paucis
3355 4642 3533 4697 discno
3614 4640 3622 4687 ε

1931 4743 2066 4792 ‘terc
2090 4738 2263 4790 visum
2294 4744 2397 4801 est,
2424 4744 2481 4788 ut
2510 4744 2690 4803 pateat
2713 4735 2802 4789 illa
2818 4750 2924 4790 non
2942 4749 3063 4790 esse
3092 4736 3221 4789 tanti
3251 4737 3535 4796 momenti,

1949 4846 2070 4900 quae
2096 4840 2206 4885 tam
2233 4832 2416 4887 eximii
2440 4831 2539 4885 viri
2562 4832 2940 4886 auctoritatem
2960 4830 3171 4885 elevare
3194 4830 3426 4891 valeant,
3444 4843 3537 4881 aut

1952 4924 2070 4994 pios
2098 4940 2160 4979 ac
2189 4924 2430 4979 eruditos
2477 4924 2708 4978 lectores
2752 4923 2825 4977 ab
2869 4921 2987 4992 ejus
3039 4936 3258 4989 operum
3309 4920 3538 4974 lectione

1953 5032 2199 5090 avocare.
2234 5017 2359 5073 Haec
2385 5026 2512 5071 sunt
2539 5032 2659 5084 qua:
2707 5014 2967 5083 Gregorio
2994 5012 3343 5080 exprobrant.
3378 5009 3533 5064 tlltnn

1952 5112 2105 5165 aiunt
2130 5111 2271 5180 stylo
2298 5110 2369 5163 ita
2415 5110 2617 5163 rustico
2644 5105 2956 5175 scripsisse,
2986 5114 3039 5157 ut
3080 5103 3299 5171 absque-
3324 5101 3540 5156 fastidio

1953 5204 2038 5256 vix
2075 5200 2179 5269 legi
2229 5201 2429 5269 possit;
2461 5197 2774 5268 apocrypha
2808 5204 3054 5249 veterum
3086 5194 3283 5259 scripta
3331 5195 3399 5247 ab
3422 5195 3541 5262 ipso

1956 5305 2339 5359 nonnunquam
2365 5290 2529 5342 fuisse
2549 5288 2791 5348 laudata;
2817 5286 2983 5352 immo
3005 5298 3108 5339 non
3132 5283 3301 5337 solum
3330 5285 3540 5339 incerta

1957 5400 2057 5455 pro
2082 5382 2264 5443 certis,
2282 5380 2375 5434 sed
2403 5387 2457 5433 et
2480 5379 2610 5432 falsa
2634 5377 2700 5430 ab
2727 5390 2791 5429 eo
2812 5376 2930 5428 data
2956 5373 3227 5429 interdum
3255 5374 3420 5429 fuisse
3442 5391 3544 5444 pro

1956 5476 2118 5540 veris,
2150 5486 2380 5540 eumque
2429 5472 2481 5524 in
2530 5470 2733 5538 aliquot
2760 5480 2975 5521 errores
3024 5467 3349 5537 impegisse;
3386 5468 3542 5522 deui-

1956 5583 2059 5635 que
2090 5573 2251 5620 tanta:
2270 5562 2435 5618 fuisse
2459 5560 2815 5632 simplicitatis
2839 5568 2894 5612 et
2920 5558 3278 5627 credulitatis,
3302 5568 3363 5615 ut
3383 5574 3528 5629 quaa-

1957 5660 2037 5715 vis
2082 5659 2387 5728 proniiscna
2410 5656 2546 5710 facta
2591 5668 2687 5722 pro
2724 5651 2999 5708 miraculis
3040 5650 3281 5706 haberet.
3315 5654 3378 5706 At
3412 5648 3538 5716 styli

1958 5753 2369 5813 rusticitasuon
2400 5744 2665 5820 Gregorii,
2698 5744 2791 5803 scd
2840 5741 2957 5814 ejus
3005 5743 3181 5801 aetatis
3207 5742 3389 5797 vitium
3415 5740 3537 5794 fuit.
