4024 6192
546 294 616 348 55
2001 281 2157 339 PRAS
2167 281 2385 340 FATIO.
3745 286 3816 342 56

548 405 623 461 Eo
652 405 792 459 enim
826 414 1086 475 tempore,
1118 409 1235 472 post
1256 402 1430 456 varias
1462 400 1642 456 clades
1666 443 1680 466 ,
1711 412 1844 470 quas
1887 399 1989 451 sub
2031 410 2115 449 re-
2148 398 2193 453 Α
2225 397 2381 464 pissct
2403 442 2416 463 ,
2451 412 2566 463 qua:
2591 412 2615 447 a
2650 397 2779 450 viris
2810 397 2908 466 piis
2940 396 3127 452 referri
3149 397 3413 460 solt-bant,
3442 396 3655 451 Mallem
3680 437 3695 458 ,
3727 397 3809 449 in-

550 497 726 563 petitis
751 500 907 553 toties
955 496 1296 549 barbarorum
1345 492 1741 547 incursionibus
1785 491 1972 544 Galliae
2002 505 2123 560 pcr-

550 600 718 654 pessm
748 586 977 650 fuerant,
1005 583 1141 637 adeo
1174 582 1387 636 incultre
1404 581 1661 650 jacebant
1687 581 1899 647 litterae,
1934 591 1990 633 ut
2032 595 2125 634 ne-

551 692 639 730 mo
668 676 1017 739 inveniretur,
1050 676 1138 744 qui
1172 689 1258 729 res
1290 686 1472 743 gestas
1522 674 1712 728 litteris
1740 674 2124 728 commendare

550 770 770 831 valeret,
799 777 854 820 ut
881 767 993 833 ipse
1025 764 1316 835 Gregorius
1347 774 1577 820 testatur
1609 767 1662 819 in
1697 766 1917 836 prologo
1948 766 2124 822 llistoo

550 862 676 912 rite:
710 866 801 911 aut
827 864 1007 921 certe,
1036 857 1081 910 si
1123 857 1242 925 quis
1267 872 1359 912 eas
1390 857 1617 925 politiori
1647 857 1788 928 stylo
1818 856 2124 912 describere

548 957 773 1002 conatus
805 948 1030 1014 fuisset,
1066 949 1269 1003 inutilis
1299 948 1487 1004 fuisset
1514 948 1632 1017 ejus
1663 948 1909 1018 scriptio,
1938 959 2124 1016 utpote

547 1054 704 1107 quam
735 1040 977 1108 plerique
999 1056 1103 1092 non
1136 1040 1544 1107 intellexissent,
1574 1052 1632 1094 ut
1664 1040 1804 1097 idem
1833 1040 2122 1111 Gregorius

558 1147 666 1186 non
695 1133 866 1187 semel
904 1133 1205 1200 profitetur.
1236 1133 1364 1201 Qua:
1401 1135 1562 1188 etiam
1589 1149 1752 1188 causa
1769 1133 1868 1189 fuit
1894 1144 1952 1188 ut
1980 1134 2124 1202 leges

547 1232 604 1278 et
633 1224 746 1292 ipsa
776 1238 960 1292 regum
999 1232 1302 1277 nostrorum
1351 1224 1642 1293 diplomata
1684 1224 1876 1279 eodem
1907 1238 2123 1291 prorsus

548 1315 687 1384 stylo
708 1317 907 1368 rustico
931 1314 1309 1369 conderentur.
1346 1313 1495 1370 Unde
1521 1325 1580 1368 ut
1602 1316 1759 1384 genio
1797 1315 1877 1369 sui
1918 1323 2121 1383 tempo-

549 1405 624 1459 ris
647 1404 1032 1472 obsequeretur
1046 1403 1356 1473 Gregorius,
1382 1420 1487 1459 non
1510 1418 1634 1459 raro
1656 1404 1941 1458 accusandi
1967 1420 2124 1459 casus

550 1511 648 1564 pro
676 1497 924 1551 ablativis
972 1496 1234 1551 absolutis
1276 1499 1453 1551 sciens
1483 1497 1821 1565 prudensque
1858 1496 2119 1551 adhibuit.

553 1587 669 1639 Non
704 1586 799 1640 fuit
831 1588 1009 1656 itaque
1055 1586 1318 1656 Gregmio
1357 1587 1642 1656 peculiaris
1690 1591 1788 1640 ista
1841 1588 2125 1642 locutionis

554 1679 849 1743 barbaries,
872 1694 1029 1747 quam
1059 1679 1111 1731 in
1135 1679 1254 1732 aliis
1269 1694 1480 1747 quoque
1496 1679 1614 1748 ejus
1638 1678 1740 1734 aevi
1766 1678 1991 1733 sinceris
2016 1690 2125 1731 mo-

552 1773 818 1826 numentis
849 1770 1255 1839 deprehendere
1285 1770 1459 1838 quiiis
1487 1770 1643 1825 facile
1688 1770 1901 1839 poterit.
1950 1768 2123 1823 Caete-

552 1876 666 1916 rum
689 1861 788 1916 etsi
829 1860 1139 1929 Gregorius,
1172 1868 1229 1915 ut
1257 1869 1376 1915 erat
1405 1861 1484 1913 vir
1515 1872 1738 1913 summa;
1766 1859 2041 1913 modestia:
2072 1870 2124 1913 et

550 1952 891 2015 humllitatis,
922 1951 1119 2020 passim
1147 1965 1266 2005 sese
1290 1951 1483 2019 linguai
1530 1950 1708 2004 latina:
1746 1950 2047 2017 imperitum
2074 1957 2129 2004 et

550 2045 819 2100 hominem
844 2044 1030 2097 rudem
1058 2044 1402 2111 profiteatur;
1435 2059 1537 2096 non
1563 2052 1737 2097 tamen
1762 2042 2128 2111 adeoignarus

549 2137 713 2191 fuisse
740 2136 1044 2190 censendus
1067 2148 1167 2199 εει,
1200 2143 1257 2188 ut
1288 2135 1429 2188 nulla
1455 2135 1750 2188 litterarum
1770 2133 1993 2187 scientia
2018 2134 2129 2188 fne-

551 2230 620 2283 rit
655 2233 974 2281 instructus:
1006 2239 1126 2279 cum
1150 2225 1455 2279 econtrario
1482 2225 1629 2278 illum
1662 2225 1713 2277 in
1740 2235 1977 2278 veterum
2003 2237 2129 2277 aue-

552 2331 728 2375 torum
754 2319 984 2373 lectione
1008 2317 1246 2371 maxime
1272 2328 1542 2371 versatum
1577 2318 1743 2372 fuisse
1764 2317 1940 2386 colligi
1965 2318 2130 2386 possit

552 2426 618 2466 ex
646 2410 807 2464 variis
831 2424 1016 2464 eorutn
1050 2408 1202 2473 locis,
1229 2422 1365 2476 quos
1396 2406 1661 2462 interdum
1696 2406 1989 2461 narrationi
2017 2421 2128 2460 sua:

552 2502 928 2558 lntermiscuit.
973 2498 1175 2553 Vocuni
1225 2498 1387 2552 etiam
1421 2497 1725 2551 GraeCarum
1775 2512 1835 2553 se
1881 2498 2127 2552 notitiam

552 2598 783 2663 aliquam
807 2592 1059 2647 habuisse
1088 2589 1281 2655 innuit,
1303 2589 1427 2643 dum
1450 2590 1754 2642 Latinarum
1786 2586 1891 2643 vim
1915 2604 1982 2644 ex
2013 2602 2131 2660 ety-

553 2703 641 2741 mo
692 2683 932 2752 exponit.
983 2681 1160 2737 Testis
1203 2695 1412 2751 quoque
1446 2679 1800 2745 Fortunatus,
1859 2681 1943 2733 cui
1999 2695 2130 2734 sane

550 2779 719 2836 nrohe
771 2784 931 2831 notus
975 2785 1112 2840 erat,
1146 2772 1282 2827 hanc
1310 2772 1364 2826 in
1393 2787 1507 2826 rem
1557 2772 1749 2826 adduci
1794 2781 2007 2840 petest,
2037 2772 2131 2841 qui

552 2868 668 2935 ejus
711 2867 1070 2937 eloquentiam
1098 2876 1154 2921 et
1181 2865 1539 2920 eruditionem
1589 2865 1789 2933 passim
1819 2865 2018 2919 laudat.
2064 2866 2131 2920 Et

555 2976 683 3015 sane
708 2959 1098 3029 quantumlibet
1121 2957 1285 3025 simpl
1308 2960 1354 3011 ci
1379 2971 1630 3012 sermone
1671 2959 1945 3027 scripserit
1986 2956 2127 3012 Gre-

553 3059 755 3120 gorius,
788 3070 874 3109 res
904 3062 1080 3107 tamen
1108 3060 1307 3120 gestas,
1356 3051 1540 3107 nescio
1570 3066 1673 3117 qua
1715 3052 2043 3121 ingenuitate
2076 3060 2126 3107 et

2227 490 2362 555 quit,
2388 490 2539 556 fateri
2568 505 2646 542 res
2672 490 2791 543 illas
2828 505 2935 543 esse
2971 491 3180 543 altiores
3200 531 3214 552 ,
3247 504 3399 556 quam
3430 500 3484 541 ut
3513 505 3546 541 a
3575 503 3659 542 me
3694 504 3813 558 pos-

2224 594 2332 632 sent
2352 581 2555 650 attingi,
2580 598 2735 643 quam
2766 591 2949 635 temere
2973 582 3190 650 deﬁnire
3224 582 3315 635 illa
3344 597 3452 635 esse
3494 581 3629 651 falsa
3650 595 3811 631 intra-

2225 672 2341 722 rufa
2360 713 2373 735 ,
2405 680 2496 722 aut
2539 672 2602 724 ab
2631 671 2837 724 homine
2864 672 3018 725 nimis
3046 674 3258 725 credqu
3287 672 3481 741 efﬁcta.
3520 670 3810 725 Miraculo-

2227 779 2342 816 rum
2391 763 2534 817 enim
2567 765 2810 832 operatio
2838 779 2982 819 vera:
3036 765 3291 819 Ecclesia
3322 773 3524 818 tessera
3559 769 3674 827 est,
3707 775 3810 825 qua

2228 857 2370 909 illam
2401 856 2470 910 ab
2496 856 2871 911 bmretieorum
2901 856 3061 911 sectis
3082 857 3389 911 distinctam
3411 870 3624 923 semper
3647 854 3811 907 fuisse

2229 943 2411 1001 Patres
2436 955 2492 999 et
2536 947 2789 1001 Ecclesiae
2819 947 3076 1002 Doctores
3116 949 3354 1002 omnium
3389 956 3691 1014 temporum
3722 959 3812 999 as-

2225 1048 2526 1093 set-uerunt.
2562 1040 2635 1093 Ex
2658 1055 2764 1110 quo
2792 1042 2936 1096 enim
2972 1042 3226 1095 Dominus
3259 1050 3443 1093 noster
3471 1040 3523 1093 in
3559 1040 3807 1107 Evange-

2224 1129 2297 1182 lio
2330 1128 2597 1197 pollicitus
2628 1140 2739 1197 est,
2767 1145 2862 1185 eos
2900 1132 2990 1201 qui
3026 1131 3076 1184 in
3111 1134 3281 1199 ipsum
3311 1130 3569 1184 credituri
3601 1138 3807 1191 essent,

2227 1219 2427 1289 majora
2451 1232 2505 1274 et
2538 1222 2710 1289 plura,
2742 1236 2901 1290 quam
2934 1237 3052 1290 quas
3104 1222 3217 1290 ipse
3248 1220 3481 1286 fecisset,
3529 1219 3809 1283 edituros;

2224 1310 2279 1364 in
2311 1312 2546 1367 Ecclesia
2578 1330 2680 1366 non
2733 1313 2984 1381 defuere,
3016 1316 3225 1382 quoties
3274 1313 3362 1366 illa
3396 1312 3477 1365 vel
3524 1312 3588 1364 ad
3619 1310 3806 1365 iulidc~

2226 1401 2353 1455 lium
2381 1405 2809 1468 conversionem,
2836 1405 2919 1457 vel
2948 1405 3015 1459 ad
3041 1404 3272 1459 fidelium
3302 1405 3354 1458 in
3382 1412 3523 1457 recta
3551 1401 3657 1458 ﬁde
3678 1416 3804 1456 con—

2227 1494 2581 1549 firmationem
2613 1498 2908 1550 necessaria
2940 1497 3170 1551 fuerunt.
3198 1498 3385 1551 Petrus
3415 1497 3466 1550 itt
3491 1496 3639 1550 Actis
3666 1495 3797 1565 Αρο·

2225 1586 2482 1639 stolorum
2511 1600 2570 1641 se
2595 1588 2730 1642 hanc
2758 1595 3080 1656 potestatem
3114 1587 3362 1643 habuisse
3388 1588 3663 1657 professus
3689 1595 3773 1640 est
3791 1625 3807 1650 ,

2225 1689 2346 1747 eum
2398 1676 2598 1742 petenti
2646 1678 2936 1748 paralytieo
2966 1680 3363 1749 eleemosynam
3393 1677 3710 1746 resliondit,
3750 1692 3812 1732 se

2158 1769 2203 1829 Β
2229 1768 2442 1837 quidem
2473 1779 2751 1838 argentum
2780 1786 2886 1825 non
2916 1771 3133 1837 habere,
3181 1772 3274 1825 sed
3321 1771 3459 1839 quod
3507 1770 3692 1832 habeo,
3722 1768 3810 1822 in-

2228 1861 2368 1928 quit,
2408 1860 2507 1915 hoc
2528 1862 2617 1914 tibi
2647 1863 2757 1926 do;
2793 1863 2848 1915 in
2872 1863 3076 1916 nomine
3114 1861 3301 1916 Christi
3328 1878 3481 1932 surge
3504 1872 3552 1917 et
3578 1861 3811 1917 ambula.

2230 1953 2294 2005 Et
2319 1953 2531 2021 quidem
2574 1953 2655 2007 vel
2688 1954 2800 2007 sola
2844 1954 2962 2023 ejus
2987 1955 3226 2023 corporis
3258 1953 3446 2007 umbra
3475 1952 3687 2007 morbos
3716 1967 3812 2005 cu-

2229 2044 2398 2096 rabat.
2429 2044 2578 2098 Pauli
2623 2045 2877 2099 miracula
2908 2056 3091 2111 taceo;
3123 2045 3216 2100 sed
3263 2060 3328 2098 en
3359 2054 3517 2112 teste,
3549 2043 3661 2097 hcce
3690 2057 3812 2112 ενδ.

2230 2137 2299 2188 tia
2329 2136 2395 2189 ab
2418 2137 2686 2204 Apostolis
2713 2136 2781 2191 ad
2811 2137 2992 2192 fideles
3033 2137 3271 2200 transiit,
3306 2151 3532 2203 quorum
3563 2137 3684 2188 alis
3712 2151 3808 2206 ge-

2229 2241 2359 2279 nera
2386 2226 2708 2297 linguarum,
2743 2229 2864 2283 aliis
2892 2230 3115 2299 gratiam
3144 2230 3478 2283 curationum
3498 2269 3513 2293 ,
3546 2227 3667 2281 aliis
3707 2227 3809 2279 alia

2228 2320 2607 2375 charismatum
2656 2322 2793 2376 dona
2823 2337 3076 2378 concessa
3122 2322 3284 2376 fuisse
3321 2321 3526 2375 scribit.
3577 2320 3813 2388 lgnatins

2230 2411 2608 2478 Apostolorum
2637 2412 2947 2482 discipulus,
2972 2429 3095 2468 eum
3136 2414 3392 2484 martyrio
3420 2412 3697 2481 proximus
3725 2426 3812 2465 es-

2234 2511 2337 2565 set,
2370 2504 2655 2557 verebatur
2680 2520 2749 2559 ne
2778 2507 2911 2574 ipsi,
2945 2508 3083 2559 sicut
3108 2505 3225 2559 aliis
3267 2503 3465 2558 sanctis
3484 2504 3813 2572 contigerat,

2232 2592 2419 2646 bestia:
2476 2594 2739 2647 miraculo
2791 2596 3167 2650 mansuefactaa
3215 2604 3513 2664 parcerent.
3569 2593 3816 2650 Justinus

2230 2685 2458 2739 ethnicis
2485 2687 2777 2755 exprobrat
2807 2703 3080 2760 magorum
3124 2698 3179 2744 et
3226 2688 3612 2743 incantatorum
3641 2688 3816 2756 iunpo.

2233 2776 2449 2829 tentiam
2472 2817 2486 2840 ,
2526 2791 2647 2831 eum
2689 2780 2989 2832 econtrario
3014 2779 3299 2833 Christiani
3327 2778 3435 2832 sola
3461 2778 3587 2832 .Iesu
3613 2778 3820 2834 Christi

2233 2867 2464 2919 nominis
2490 2866 2826 2923 invocatione
2854 2869 2985 2922 nihil
3015 2884 3118 2923 non
3148 2880 3367 2938 possent
3394 2870 3633 2925 efficere.
3672 2871 3819 2923 Pra-

2233 2956 2378 3011 clnt-a
2403 2959 2621 3012 omnino
2644 2974 2704 3013 ea
2736 2959 2803 3013 de
2832 2975 2891 3014 re
2914 2960 3077 3017 habet
3106 2962 3360 3026 lrenteus,
3385 2963 3475 3030 qui
3503 2962 3700 3015 sarculo
3722 2976 3815 3015 se-

2231 3052 2407 3104 cundo
2433 3052 2603 3105 lloruit
2625 3093 2640 3117 ,
2673 3062 2726 3107 et
2765 3053 2919 3107 initio
2940 3056 3079 3108 tertii
3123 3070 3310 3121 passns
3338 3066 3440 3108 est.
3474 3054 3569 3108 llic
3597 3055 3648 3107 in
3679 3052 3818 3108 libro

556 3149 734 3202 naiva
764 3146 1067 3215 eloquentia
1096 3145 1374 3209 describit,
1409 3155 1465 3199 ut
1486 3160 1587 3199 nec
1614 3145 1901 3212 injucunda
1927 3146 2127 3215 sitejus
2156 3141 2200 3201 C
2235 3158 2269 3196 It
2300 3142 2569 3197 Adversus
2600 3143 2830 3199 haereses
2853 3187 2867 3210 ,
2900 3146 3074 3214 capite
3101 3145 3189 3209 57,
3215 3162 3318 3199 non
3344 3163 3505 3200 unum
3547 3157 3636 3198 aut
3682 3147 3817 3200 alte-

556 3241 815 3304 narratio,
846 3254 944 3293 nec
975 3237 1267 3292 fastidiosa.

626 3332 714 3386 65.
757 3332 972 3386 Falsum
1004 3340 1181 3386 tamen
1210 3329 1495 3399 aliquando
1513 3327 1674 3383 fuisse
1704 3326 2022 3398 Gregorium
2051 3330 2132 3382 in-

556 3424 729 3478 ficiari
760 3423 946 3476 nolim.
994 3421 1124 3476 llaec
1151 3422 1293 3477 enim
1317 3429 1401 3475 est
1420 3434 1694 3474 sacrorum
1724 3421 1966 3473 codicum
2017 3424 2129 3474 sin-

554 3512 760 3583 gularis
810 3510 1192 3581 praerogativa,
1226 3518 1284 3563 ut
1328 3509 1431 3563 soli
1478 3509 1641 3564 errati
1690 3510 1956 3565 immunes
2002 3512 2130 3569 sint.

552 3603 875 3673 Apocrypha
897 3613 1113 3656 secutus
1133 3609 1216 3655 est
1239 3615 1619 3668 nonnunquam
1645 3600 1958 3669 Gregorius,
1984 3601 2131 3656 falsis

554 3709 684 3749 usus
709 3703 792 3748 est
817 3693 1194 3754 monumentis,
1229 3693 1416 3745 fateor.
1461 3692 1899 3759 Computationes
1927 3700 2132 3761 tempo-

551 3802 673 3842 rum
705 3801 809 3839 non
856 3782 987 3838 satis
1016 3791 1327 3837 constantes
1353 3781 1612 3835 adhibuit.
1660 3781 1765 3838 Sed
1795 3782 1909 3836 haec
1951 3782 2128 3836 omnia

552 3882 671 3947 ejus
699 3893 919 3948 operum
949 3875 1163 3932 utilitati
1193 3876 1281 3929 vix
1326 3873 1618 3944 quidquam
1648 3875 1936 3929 detrahunt
1962 3892 1975 3927 :
2008 3890 2129 3928 cum

557 3971 861 4039 pertineant
887 3967 1222 4037 potissimum
1264 3965 1331 4019 ad
1354 3974 1563 4020 veteres
1587 3966 1868 4030 Historias,
1902 3981 2033 4035 quas
2062 3982 2128 4020 ex

552 4066 672 4119 aliis
722 4061 1030 4118 auctoribus
1081 4059 1453 4129 deprompsit,
1505 4059 1832 4129 proindeque
1860 4057 2015 4114 facile
2062 4073 2128 4113 ex

552 4155 674 4210 aliis
705 4153 1065 4208 monumentis
1109 4149 1390 4205 etneudari
1436 4150 1661 4218 possint.
1720 4150 1874 4204 Unde
1931 4163 2129 4204 ηοω-ιιι

555 4249 729 4316 gentis
754 4247 1023 4309 Historiae,
1056 4260 1176 4314 qua:
1206 4244 1479 4312 potissima
1504 4252 1587 4296 est
1627 4242 1746 4311 ejus
1773 4258 1997 4309 cperunt
2029 4243 2130 4296 uti-

552 4340 694 4401 litas,
720 4339 831 4392 sive
856 4336 1259 4398 ecclesiastica),
1284 4350 1379 4388 seu
1404 4334 1573 4395 civili,
1600 4336 1835 4389 maxime
1863 4349 1981 4401 quae
2002 4348 2131 4402 pro-

553 4432 674 4499 pius
702 4432 764 4481 ad
816 4429 1057 4496 Gregorii
1110 4436 1322 4481 aetatem
1354 4427 1607 4494 pertinet,
1659 4426 1922 4493 ejusmodi
1952 4436 2127 4479 errata

2235 3250 2375 3302 rum,
2402 3246 2491 3287 aut
2514 3244 2659 3290 certe
2689 3238 2833 3305 plura
2858 3253 2886 3291 a
2916 3238 3234 3293 Christianis
3266 3241 3396 3294 facti
3431 3239 3683 3293 miracula
3721 3255 3817 3294 re-

2234 3333 2447 3380 censet:
2478 3326 2570 3381 sed
2598 3327 2735 3381 hanc
2761 3329 2928 3397 ipsam
2959 3328 3210 3384 Ecclesia:
3235 3330 3507 3383 catholica:
3535 3344 3654 3383 esse
3681 3345 3819 3399 pue-

2232 3422 2523 3489 rog-itivam
2574 3421 2783 3490 probat,
2817 3431 2875 3476 nt
2904 3437 3023 3477 cum
3082 3424 3454 3477 harreticttrum
3503 3433 3663 3477 set-tte
3704 3424 3819 3477 suis

2235 3514 2514 3581 prtestigiis
2554 3514 2683 3566 nihil
2736 3523 2983 3583 possent,
3038 3516 3138 3569 nisi
3177 3515 3315 3570 forte
3342 3515 3565 3569 incautis
3606 3515 3818 3568 damna

2234 3604 2463 3669 inferre;
2490 3605 2674 3659 ﬁdeles
2707 3607 2997 3668 miraculis,
3025 3616 3077 3659 et
3104 3608 3440 3671 certissimis,
3473 3616 3533 3662 et‘
3559 3605 3815 3667 frequen-

2234 3694 2480 3758 tissimis,
2513 3694 2669 3747 fidem
2699 3709 2848 3748 suam
2879 3694 3238 3764 approbarent
3265 3712 3281 3760 ;
3314 3696 3384 3748 ita
3414 3704 3473 3748 ut
3515 3695 3821 3763 sepissime

2232 3787 2372 3857 apud
2394 3802 2487 3841 θος
2509 3788 2965 3856 claudigressum,
2993 3787 3120 3841 eieci
3146 3788 3342 3852 visum,
3370 3786 3515 3840 surdi
3544 3786 3812 3847 auditum,

2234 3881 2396 3933 immo
2424 3889 2477 3932 et
2503 3878 2696 3932 mortui
2725 3881 2886 3932 vitam
2919 3878 3154 3931 fidelium
3183 3876 3429 3945 precibus
3460 3874 3653 3929 fuerint
3684 3890 3815 3929 cun.-

2231 3971 2422 4025 sccuti.
2451 3970 2595 4036 Quos
2625 3970 2837 4037 quidem
2880 3971 3003 4021 hotn
3028 3984 3123 4022 nes
3154 3981 3184 4020 a
3214 3978 3383 4020 morte
3407 3966 3691 4030 excitatos,
3724 3969 3815 4020 diu

2235 4074 2417 4132 postea
2438 4065 2576 4117 inter
2604 4073 2832 4117 caeteros
2862 4062 3115 4115 mortales
3146 4060 3342 4116 vixisse
3367 4061 3615 4115 observat
3643 4071 3823 4130 (’8le

2233 4157 2502 4227 sequenti,
2557 4172 2622 4210 ne
2660 4155 2800 4209 forte
2847 4164 2989 4207 tanta
3031 4154 3283 4209 miracula
3314 4155 3601 4224 praestigiis
3648 4154 3823 4211 invidi

2235 4252 2476 4305 homines
2520 4251 2811 4304 attribuere
2859 4248 3136 4302 auderent.
3170 4246 3419 4318 Ejusdem
3450 4248 3523 4301 rei
3554 4248 3709 4301 testis
3735 4258 3820 4305 est

2231 4343 2430 4399 smculo
2462 4344 2619 4396 tertio
2649 4341 2795 4393 omni
2820 4339 3135 4410 exceptione
3164 4339 3335 4407 major
3364 4339 3660 4409 Cyprianus
3683 4341 3816 4393 Car-

2233 4433 2627 4502 thaginensium
2657 4433 2880 4486 antistes
2907 4441 2959 4485 et
2989 4430 3185 4483 Christi
3213 4440 3435 4499 martyr,
3471 4430 3558 4498 qui
3595 4428 3698 4484 hoc
3732 4444 3817 4483 πο

552 4536 657 4574 non
684 4520 945 4571 ulliCiunl-
993 4517 1113 4573 Visa
1142 4517 1284 4571 enim
1308 4533 1336 4570 8
1364 4532 1445 4581 88.
1478 4526 1535 4571 υι
1567 4517 1875 4585 Plurimum.
1910 4516 1995 4571 Vel
2032 4532 2131 4571 ευ·
2158 4525 2211 4587 D
2233 4537 2545 4596 gumentum
2598 4541 2703 4579 non
2750 4524 2941 4589 semel,
2969 4525 3062 4576 sed
3106 4523 3437 4589 petissimum
3467 4522 3518 4575 in
3550 4521 3701 4575 libris
3749 4522 3819 4577 de

548 4612 657 4665 dita
681 4609 914 4676 scripsit.
945 4608 1139 4674 quibus
1170 4607 1222 4660 in
1248 4606 1549 4664 referendis
1570 4623 1691 4662 eum
1724 4607 1863 4663 mala
1895 4623 2130 4678 unquam

548 4705 651 4758 fide
680 4717 832 4756 usum
864 4700 1029 4753 fuisse
1058 4714 1217 4754 nemo
1238 4700 1434 4754 dixerit

617 4815 707 4869 64.
752 4814 841 4878 At,
867 4814 1095 4882 inquies,
1120 4812 1193 4866 ita
1214 4811 1463 4865 credulus
1476 4812 1896 4881 eratdregorius
1921 4826 1985 4866 ac
2000 4813 2128 4868 sitn-

547 4910 689 4980 plex,
722 4917 780 4962 ut
809 4906 1025 4977 quidvis
1070 4905 1271 4974 absque
1315 4904 1535 4958 delectu
1554 4904 1668 4958 suis
1696 4905 1913 4972 scriptis
1944 4907 2127 4960 videa-

547 5014 631 5055 tur
658 5001 975 5061 inseruisse,
1006 5006 1060 5050 et
1088 4994 1262 5049 omnia
1290 4995 1399 5049 fere
1428 5004 1618 5049 eventa
1650 4994 1928 5048 miraculis
1958 4995 2125 5048 ascri-

545 5094 734 5162 psisse.
773 5092 964 5147 Verum
1013 5088 1113 5143 etsi
1163 5088 1325 5141 nolim
1357 5084 1604 5149 inliciari,
1638 5083 1955 5152 Gregorium
1986 5084 2123 5141 forte

545 5186 596 5236 in
625 5183 908 5237 credendis
959 5180 1232 5235 miraculis
1274 5178 1565 5246 aliquando
1594 5178 1758 5232 fuisse
1787 5177 2077 5233 faciliorem
2104 5194 2118 5243 ;

544 5290 664 5325 cum
697 5281 872 5326 tamen
903 5283 1107 5326 certum
1158 5273 1228 5325 sit
1256 5286 1318 5323 ex
1369 5270 1488 5324 aliis
1520 5269 1634 5337 ejus
1684 5270 1781 5323 aevi
1815 5270 2121 5324 auctoribus

543 5376 669 5417 tunc
695 5364 953 5431 temporis
988 5366 1157 5417 multa
1188 5365 1445 5417 miracula
1472 5363 1785 5431 contigisse,
1822 5379 1926 5417 non
1958 5365 2027 5418 ob
2066 5363 2120 5418 id

541 5456 878 5510 solummodo
905 5455 1043 5521 quod
1096 5455 1346 5507 miracula
1394 5460 1541 5516 sunt,
1590 5470 1651 5508 ea
1681 5469 1800 5508 esse
1831 5453 2123 5523 rejieienda

540 5545 862 5609 censuerim,
896 5544 994 5595 nisi
1015 5544 1188 5609 aliqua
1215 5548 1346 5594 ratio
1369 5546 1543 5614 gravis
1574 5543 1624 5595 id
1650 5543 1896 5597 suadeat.
1926 5545 2041 5596 liae
2068 5543 2119 5596 in

541 5652 602 5691 re
650 5633 920 5699 Sequenda
960 5631 1168 5685 videtur
1225 5636 1393 5685 santti
1454 5633 1736 5700 Augustini
1777 5635 1985 5699 regula,
2031 5633 2122 5701 qui

536 5744 662 5786 cum
692 5725 856 5783 multa
901 5722 1231 5781 circumferri
1283 5723 1536 5780 miracula
1565 5723 1703 5793 apud
1747 5723 1935 5791 vulgus
1968 5738 2119 5778 accc-

2236 4620 2503 4673 ldolorum
2551 4616 2785 4671 vanitate
2826 4625 2881 4670 et
2925 4614 2989 4667 ad
3021 4612 3418 4667 Demetrianum
3447 4614 3815 4681 pertractavit.

2234 4710 2433 4765 Omitto
2480 4707 2790 4769 Eusebium,
2826 4704 3156 4759 Lactantium
3187 4713 3241 4756 et
3271 4704 3423 4769 alios,
3468 4702 3556 4770 qui
3587 4702 3689 4757 sub
3714 4717 3818 4757 sae-

2234 4803 2339 4855 culi
2372 4802 2509 4854 tertii
2541 4800 2696 4854 linem
2720 4838 2735 4864 ,
2760 4808 2817 4852 et
2838 4796 3011 4868 quarti
3044 4795 3251 4849 initium
3291 4794 3558 4848 vixerunt.
3611 4792 3815 4848 Eadem

2234 4894 2403 4946 virtus
2434 4901 2553 4961 post
2591 4890 2769 4944 datam
2813 4888 3069 4944 Ecclesia:
3104 4900 3288 4955 pacem
3321 4886 3715 4954 perseveravit,
3759 4891 3820 4939 ut

2234 4996 2397 5039 testes
2418 4992 2542 5038 sunt
2565 4983 2950 5054 Hieronymus,
2978 4979 3223 5048 Ruﬁnus,
3256 4979 3523 5048 Sulpicius
3553 4977 3814 5041 Severus,

2228 5086 2283 5131 ct
2308 5079 2419 5143 alii,
2442 5076 2532 5146 qui
2554 5085 2761 5145 patrum
2786 5085 2837 5129 et
2860 5074 3087 5130 aliorum
3113 5082 3420 5127 sanctorum
3448 5071 3589 5124 vitas
3610 5069 3816 5122 descri-

2228 5177 2467 5238 pserunt.
2503 5168 2645 5222 Idem
2674 5174 2939 5222 teStantur
2970 5164 3242 5226 Paulinus,
3277 5163 3636 5216 Theodoritus
3670 5161 3815 5213 inter

2227 5261 2444 5315 Griecos
2497 5269 2673 5328 patres
2704 5256 2787 5309 vix
2820 5255 2912 5308 ulli
2961 5252 3261 5307 eruditione
3292 5251 3586 5315 secundus,
3620 5250 3708 5318 qui
3744 5248 3813 5301 li-

2228 5355 2381 5407 brum
2413 5366 2474 5405 ea
2521 5350 2592 5405 de
2629 5364 2689 5403 re
2733 5347 3055 5416 singularem
3104 5344 3204 5398 sub
3253 5344 3518 5412 religiosa:
3562 5343 3813 5396 Historiae

2230 5449 2381 5499 titulo
2411 5443 2597 5499 edidit.
2656 5442 2888 5495 Plurima
2943 5438 3195 5491 miracula
3248 5452 3348 5489 suo
3378 5444 3622 5501 tempore
3672 5435 3811 5486 facta

2227 5545 2409 5591 narrat
2438 5532 2783 5602 Augustinus,
2828 5529 3158 5599 potissimum
3203 5527 3253 5580 iu
3300 5526 3449 5580 libris
3488 5526 3555 5578 de
3578 5523 3813 5577 Civitate

2230 5628 2340 5679 Dei.
2378 5628 2694 5679 Sanctorum
2726 5620 2962 5672 (ἰοί-γημίὶ
3018 5627 3070 5671 et
3116 5616 3340 5670 Protasii
3394 5615 3461 5668 ab
3516 5613 3810 5667 Ambrosio

2229 5719 2565 5773 inventorum
2599 5723 2676 5769 tot
2710 5713 2921 5766 fuerunt
2948 5709 3321 5765 miraculmum
3344 5723 3645 5778 prmeoues,
3677 5716 3813 5776 quot
