4024 6192
238 299 292 355 ετ
1678 306 2073 365 νΡΙιᾹΞῐτΑΤΙΟ.
3430 320 3498 375 58

251 429 402 470 earnm
422 423 729 481 temporum
768 416 1089 484 scriptores,
1124 416 1442 471 Ambrosius
1471 417 1605 485 ipse,
1638 418 1810 471 l‘auli-
1843 422 1893 477 Α
1924 416 2218 488 frequentia
2266 429 2394 477 tunc
2433 423 2720 493 contigisse
2773 424 3050 482 miracula.
3100 427 3174 483 De
3224 429 3494 484 miraculis

256 527 365 570 nus,
401 509 745 578 Augustinus.
778 509 1141 577 Gauden‘tiui,
1171 520 1278 564 etc.
1331 512 1478 564 Ilaud
1510 512 1686 565 minus
1714 526 1809 565 ce-

260 601 395 657 lebria
416 601 551 655 fuere
574 603 755 655 sancti
788 602 1053 670 Stephani
1081 617 1267 657 recens
1298 604 1403 655 inv.
1425 606 1498 657 uti
1526 606 1807 671 miracula,

256 697 313 747 de
329 694 499 761 quibus
527 694 648 747 libri
682 691 797 749 duo
828 696 973 749 imer
1012 696 1287 764 Augustini
1310 710 1471 764 opera
1524 697 1800 753 habentur.

257 784 407 836 Vtetur
432 783 663 837 Vitensis
704 786 873 854 paulo
902 794 1020 851 post
1048 786 1299 838 miracula
1330 786 1646 853 descripsit,
1688 804 1807 855 quae

252 875 431 928 furente
461 875 850 929 Wandalorum
884 876 937 929 in
961 877 1138 930 Africa
1164 879 1533 945 persecutione
1563 894 1591 930 a
1622 880 1806 932 catho-

256 966 354 1019 licis
383 966 512 1021 edita
546 968 778 1020 luerunt.
807 967 1031 1020 Basilius
1058 968 1317 1021 Seleuciae
1345 970 1625 1036 episcopus
1663 970 1804 1024 circa

257 1057 375 1112 idem
403 1067 599 1125 tempus
628 1058 794 1112 libros
820 1058 955 1111 duos
982 1058 1050 1112 de
1096 1058 1369 1112 miraculis
1415 1070 1615 1114 sancta:
1658 1060 1803 1115 The-

255 1151 339 1204 cla:
359 1153 663 1221 composuit.
702 1151 827 1205 Haec
856 1151 925 1205 de
967 1151 1177 1204 seculis
1205 1167 1324 1220 qua:
1354 1152 1669 1221 Gregorium
1705 1168 1801 1206 no-

251 1252 399 1295 struat
427 1253 824 1306 praecesserunt.
849 1241 964 1296 Non
995 1244 1172 1295 minus
1197 1254 1375 1295 autem
1400 1245 1599 1296 sarculo
1625 1253 1800 1309 sexto,

247 1346 344 1397 quo
381 1334 502 1385 visit
547 1331 860 1399 Gregorius,
895 1330 1191 1400 frequentia
1226 1332 1393 1387 fuisse
1442 1334 1576 1386 intra
1609 1336 1804 1402 proba-

246 1424 423 1479 bimus.
474 1425 597 1479 Nam
644 1424 711 1479 de
758 1426 1108 1493 sequentibus
1138 1426 1471 1494 temporibus
1525 1441 1683 1495 agere
1731 1428 1795 1479 ad

243 1525 466 1569 ncstrum
491 1530 587 1568 non
614 1524 817 1583 spectat
838 1516 964 1569 iusti
990 1526 1169 1580 utum;
1199 1528 1251 1570 et
1274 1515 1362 1583 qui
1387 1532 1447 1571 ea
1471 1517 1538 1571 de
1564 1534 1622 1572 re
1645 1517 1796 1586 plura

241 1608 469 1675 cupiunt,
492 1609 677 1662 habent
700 1609 1074 1662 Miraculorum
1100 1612 1261 1664 libros
1289 1612 1525 1681 integros
1545 1658 1559 1680 ,
1584 1628 1719 1683 quos
1745 1616 1795 1668 in

242 1701 467 1755 Vitsrum
494 1710 793 1755 sanctorum
815 1702 1224 1756 collectionibus
1253 1705 1553 1757 consulant.

1916 523 2218 566 sanctorum
2278 513 2441 569 Italia:
2496 517 2662 570 libros
2710 528 2941 587 quatuor
2968 521 3296 590 dialogorum
3325 524 3492 578 edidit

1913 603 2206 673 Gregorius
2263 605 2497 673 Magnus.
2536 608 2679 661 Idem
2727 612 2973 676 pra-stitit
3024 612 3203 665 Victor
3258 613 3489 669 Vitensis

1911 700 2191 764 ep’scopus
2225 701 2275 750 iu
2319 698 2467 751 libris
2507 700 2575 753 de
2620 704 2991 767 persecutione
3021 703 3325 759 Wandalica
3349 747 3363 770 ,
3397 708 3485 760 ubi

1911 796 2093 837 uariat
2126 802 2187 839 ea
2236 802 2353 856 quae
2411 790 2546 843 ltens
2576 790 2626 842 iu
2661 792 2839 845 Africa
2869 794 3124 856 ostendit,
3158 798 3208 846 in
3242 796 3361 849 ﬁdei
3393 812 3483 849 ca-

1910 875 2122 929 tholicae
2163 879 2645 934 continuationem.
2694 881 2747 933 lu
2782 880 2990 945 Galliis,
3045 893 3239 951 printer
3263 897 3480 939 saneto-

1908 983 2023 1021 rum
2055 968 2222 1035 Vitas,
2257 987 2375 1038 qum
2404 974 2470 1024 ab
2500 973 2811 1027 auctoribus
2841 976 3090 1042 gravibus
3116 987 3165 1029 et
3196 978 3484 1044 a'qoalilms

1906 1061 2119 1129 scriptae
2168 1072 2315 1124 sunt,
2366 1071 2532 1116 testes
2587 1063 2845 1117 habemus
2883 1066 3032 1133 queis
3065 1082 3219 1119 neruo
3250 1082 3478 1134 unquam

1903 1144 2105 1222 absque
2129 1155 2446 1209 temeritatis
2494 1166 2618 1210 uota
2660 1160 2855 1211 audeat
2883 1156 3160 1228 refragari.
3192 1159 3249 1212 lu
3296 1161 3480 1228 primis

1903 1250 2205 1316 complures
2233 1252 2515 1319 episcopos
2566 1255 2850 1309 sanctitate
2893 1266 2945 1309 et
2998 1256 3299 1310 eruditione
3339 1258 3481 1311 cele-

1903 1338 2184 1408 berrimos,
2217 1342 2354 1395 inter
2386 1359 2524 1409 quos
2553 1345 2865 1398 eminebant
2896 1347 3081 1399 Avitus
3118 1347 3434 1400 Viennensis
3457 1386 3474 1411 ,

1902 1430 2205 1499 Stephanus
2227 1434 2619 1502 Lugdunensis,
2659 1446 2713 1488 et
2746 1436 2968 1489 [Ennius
2999 1438 3329 1491 Arelatensis
3361 1453 3475 1491 me-

1902 1521 2227 1589 tropolitani,
2252 1524 2339 1590 qui
2363 1539 2482 1577 cum
2516 1526 2740 1579 Arianos
2758 1528 2812 1580 in
2835 1529 3123 1582 coitatione
3144 1543 3321 1582 coram
3346 1529 3479 1581 [iur-

1898 1613 2225 1680 guudionum
2256 1629 2380 1683 rege
2408 1617 2617 1681 habita,
2647 1618 2946 1673 rationibus
2970 1635 3033 1673 ac
3053 1622 3334 1689 scriptura:
3370 1631 3477 1675 tes-

1901 1704 2135 1758 timoniis
2156 1708 2522 1772 pervicissent,
2557 1709 2713 1763 tidem
2736 1727 2949 1780 quoque
2998 1728 3149 1766 suam
3204 1712 3476 1766 miraculis

302 1794 387 1847 65.
427 1796 573 1849 Alex
602 1794 818 1864 bisquaa
851 1796 1174 1864 protulimus
1193 1797 1301 1863 jam
1326 1798 1660 1865 perspicuum
1686 1807 1789 1864 est,
1822 1797 1870 1856 Β
1896 1798 2191 1864 approbare
2239 1798 2455 1865 polliciti
2504 1809 2649 1865 ειιηι,
2684 1802 2727 1855 si
2769 1802 2949 1856 Ariani
2979 1804 3058 1857 eis
3088 1803 3338 1857 assentiri
3363 1804 3476 1857 vel-

238 1887 417 1940 nemini
452 1888 650 1941 auctori
700 1886 1066 1941 ecclesiastico
1094 1889 1229 1942 verti
1263 1902 1416 1953 resse
1458 1888 1583 1941 vitio
1607 1927 1623 1953 ,
1655 1888 1794 1956 quod

236 1982 469 2034 miracu'a
524 1980 720 2049 passim
751 1982 865 2035 suis
894 1981 1147 2049 operibus
1188 1981 1497 2045 inseruerit,
1530 1992 1618 2033 aut
1647 1990 1796 2035 certe

234 2073 297 2126 de
326 2074 575 2128 Miraculis
621 2084 933 2127 sanctorum
976 2074 1203 2127 ediderit
1255 2073 1417 2127 libros
1470 2073 1790 2140 singulares.

231 2164 551 2233 l’roindeque
574 2165 888 2235 Gregorium
918 2179 984 2217 eo
1013 2164 1129 2233 ipso
1161 2164 1564 2232 haudquaquam
1607 2178 1793 2230 asper-

230 2258 453 2311 nandum
482 2271 615 2319 esse,
646 2257 791 2326 quod
840 2256 1093 2311 Miracula
1127 2257 1323 2325 passim
1378 2258 1430 2310 in
1486 2260 1596 2311 suis
1645 2256 1795 2313 libris

228 2351 556 2404 enamvcrit.
583 2349 691 2404 Nec
733 2350 880 2404 dicat
907 2350 1101 2420 aliquis
1126 2350 1381 2404 miracula
1435 2365 1465 2404 a
1513 2353 1620 2405 Deo
1664 2353 1788 2422 Opt.

226 2440 355 2494 Has.
386 2441 542 2495 fuisse
570 2442 735 2505 edita,
766 2458 887 2495 cum
920 2443 1219 2497 necessaria
1263 2443 1329 2497 ad
1367 2444 1524 2499 ﬁdem
1543 2446 1791 2513 gentibus

224 2533 606 2600 spprobandam
656 2534 892 2597 fuerunt,
927 2535 975 2587 id
1000 2549 1127 2589 vero
1174 2533 1415 2605 Gregorii
1462 2537 1790 2605 temporibus

222 2626 460 2693 applicari
488 2642 595 2680 non
628 2642 807 2695 posse.
839 2627 1116 2697 Nunquam
1148 2630 1291 2681 enim
1326 2630 1581 2684 miracula
1617 2631 1788 2699 magis

222 2720 507 2772 necessaria
538 2719 787 2773 videntur
816 2719 982 2775 fuisse
1008 2720 1121 2775 sive
1149 2721 1215 2774 ad
1241 2720 1534 2775 inﬁdelium
1563 2734 1789 2776 conver-

220 2809 409 2864 sionem
447 2812 862 2880 procurandam,
896 2811 1010 2865 sive
1049 2815 1113 2864 ad
1171 2811 1356 2866 ﬁdeles
1407 2812 1459 2865 in
1507 2826 1631 2867 vera
1683 2812 1787 2868 ﬁde

218 2905 623 2969 conﬁrmandos,
672 2921 833 2975 quam
889 2906 1085 2960 saeculo
1108 2906 1295 2975 quinto
1324 2906 1551 2971 libente,
1582 2922 1643 2960 ac
1675 2913 1787 2961 toto

220 2999 403 3053 sa'culo
455 3010 633 3063 sexto,
675 3013 781 3066 quo
808 2997 1097 3066 Gregorius
1146 3008 1330 3053 noster
1358 2997 1590 3067 scripsit.
1634 3000 1786 3053 Tunc

218 3094 344 3145 enim
374 3099 614 3146 barbara:
668 3094 915 3145 nationes
960 3093 1028 3145 ita
1065 3092 1331 3161 Europam
1365 3093 1694 3157 iniecerant,
1728 3103 1784 3150 ut

1902 1886 2044 1940 lent:
2087 1887 2152 1942 Si
2175 1891 2399 1943 rationes
2428 1900 2634 1957 nostris,
2681 1893 2851 1961 inquit
2889 1895 3072 1947 Avitus
3100 1896 3339 1948 omnium
3373 1908 3475 1948 uo-

1899 1979 2043 2032 mine
2074 1979 2138 2032 ad
2162 1995 2339 2049 regem
2368 1982 2799 2049 Gundobaldum,
2822 1986 3210 2054 qui‘coilatiotti
3238 2000 3476 2053 prtesens

1900 2071 2173 2135 intererat,
2215 2089 2317 2126 non
2356 2084 2565 2141 possunt
2594 2074 2712 2129 illos
2762 2078 3056 2132 convincere
3081 2118 3097 2140 ,
3154 2094 3253 2131 non
3299 2078 3478 2130 dubito

1895 2165 2019 2233 quin
2070 2163 2207 2218 Deus
2233 2167 2385 2233 ﬁdem
2423 2178 2653 2222 nostram
2695 2168 2944 2223 miraculo
2973 2171 3257 2233 conﬁrmet.
3289 2169 3477 2223 Jubeat

1894 2256 2179 2308 sublimitas
2212 2267 2407 2321 vestra,
2451 2268 2503 2309 ut
2534 2268 2642 2310 tam
2679 2261 2758 2313 illi
2784 2277 2935 2328 quam
2980 2278 3068 2314 nos
3100 2278 3272 2314 eamus
3300 2269 3366 2313 ad
3394 2278 3475 2314 se-

1894 2346 2129 2415 pulcrum
2157 2348 2381 2403 ltominis
2431 2349 2525 2405 Dei
2545 2353 2679 2419 justi
2706 2395 2721 2418 ,
2770 2362 2817 2405 et
2838 2355 3208 2424 interrogemus
3237 2353 3386 2406 illum
3411 2353 3475 2406 de

1894 2449 2073 2493 nostra
2097 2439 2239 2507 ﬁde;
2268 2441 2504 2496 similiter
2518 2454 2563 2496 et
2591 2441 2887 2513 Bonifacius
2907 2460 2970 2498 ae
2993 2462 3087 2498 sua
3106 2460 3125 2498 :
3152 2456 3197 2498 et
3224 2444 3476 2498 Dominus

1892 2534 2240 2601 pronuntiabit
2271 2550 2360 2601 per
2387 2551 2442 2589 os
2473 2537 2607 2589 servi
2632 2537 2712 2590 sui
2741 2539 2794 2589 in
2821 2538 3004 2605 quibus
3030 2540 3365 2601 complacmt.
3385 2536 3474 2592 Sic

1891 2622 1971 2677 illi
2003 2624 2100 2677 viri
2131 2626 2298 2678 sancti
2325 2625 2463 2680 adeo
2490 2627 2541 2680 in
2577 2628 2742 2681 Deum
2775 2627 2997 2682 ﬁdentes
3028 2640 3204 2687 erant.
3235 2630 3376 2698 quod
3413 2642 3474 2683 se

1891 2728 2011 2769 eam
2045 2716 2203 2771 tidem
2238 2715 2434 2770 habere
2460 2718 2682 2783 scirent,
2714 2733 2834 2785 qua:
2876 2719 3035 2772 etiam
3066 2727 3274 2772 montes
3298 2727 3475 2771 trans-

1892 2806 2033 2861 ferre
2056 2817 2255 2875 posset,
2282 2822 2401 2861 cum
2435 2808 2484 2860 id
2512 2808 2603 2861 Dei
2626 2824 2791 2863 causa
2817 2811 3071 2878 exigeret.
3102 2809 3205 2864 Sed
3235 2819 3288 2863 et
3312 2808 3473 2864 iidem

1891 2897 2159 2952 antistites
2203 2912 2263 2953 se
2315 2897 2452 2950 hanc
2500 2898 2844 2952 collationem
2885 2898 3190 2967 suscepisse
3246 2899 3472 2953 innuuut

1891 2989 2138 3056 exemplo
2170 2988 2459 3041 beatissimi
2494 2988 2717 3057 Remigii
2751 2988 2788 3041 F
2793 3005 3075 3043 raucorum
3100 2990 3471 3059 apostoli.qui

1893 3079 2051 3134 ﬁdem
2098 3080 2413 3134 catholicam
2448 3090 2572 3135 tunc
2601 3084 2857 3150 temporis
2901 3084 3039 3152 apud
3089 3098 3206 3137 eam
3254 3093 3469 3154 gentem

218 3186 347 3237 nulla
378 3185 543 3238 ferme
573 3185 725 3254 regio
752 3194 916 3248 esset,
961 3185 1013 3238 in
1045 3201 1146 3254 qua
1192 3186 1268 3240 illi
1299 3198 1405 3240 non
1435 3188 1782 3242 dominaren-

1896 3172 2113 3225 intiuitis
2148 3172 2529 3241 prepentodum
2581 3173 2836 3243 prodigiis
2882 3174 3255 3228 conﬁrmabat.
3292 3171 3470 3228 Provi-

218 3282 312 3327 tur.
345 3275 403 3329 lli
424 3284 604 3330 autem
630 3283 785 3327 erant
813 3286 899 3327 aut
925 3276 1154 3341 ethnici,
1185 3285 1276 3330 aut
1306 3288 1454 3331 certe
1485 3278 1554 3331 ita
1593 3279 1784 3332 Ariana

222 3365 395 3420 bzeresi
427 3367 630 3431 inlecti,
664 3377 721 3419 ut
750 3368 967 3421 nomine
991 3375 1143 3421 tenus
1161 3366 1472 3434 Christiani,
1510 3370 1788 3439 plerasque

222 3470 531 3523 paganorum
571 3458 982 3524 superstitiones
1027 3459 1185 3512 simul
1219 3473 1342 3512 cum
1377 3458 1529 3514 falsis
1562 3460 1784 3529 dogma-

226 3549 351 3601 tibus
374 3550 697 3604 retinerent:
734 3564 921 3603 omnes
963 3565 1089 3605 vero
1114 3550 1188 3603 ita
1220 3550 1314 3605 feri
1346 3565 1408 3605 ac
1428 3552 1640 3606 barbari
1667 3594 1681 3618 ,
1730 3562 1787 3607 ut

224 3639 398 3695 lrus:ra
423 3642 707 3712 quisquam
754 3643 832 3696 eis
874 3658 1058 3696 veram
1105 3643 1435 3713 Religionem
1487 3645 1788 3700 rationibus

218 3744 272 3784 se
296 3746 459 3785 sacra:
515 3732 809 3800 Scriptura:
860 3733 1178 3786 auctoritate
1205 3735 1531 3802 persuadere
1564 3745 1789 3789 conatus

220 3820 409 3875 fuisset.
442 3822 593 3891 Opus
616 3824 792 3892 itaque
820 3824 1099 3878 miraculis
1130 3836 1264 3888 erat,
1296 3835 1478 3894 utpote
1505 3827 1643 3895 quod
1675 3828 1788 3881 itth

217 3912 315 3965 sola
338 3922 483 3968 esset
503 3928 599 3967 eos
620 3914 972 3969 convincendi
1006 3917 1161 3968 ratio.
1189 3917 1346 3971 Certe
1367 3918 1601 3985 quandiu
1625 3918 1786 3973 Chlo-

216 4004 423 4067 rloveus,
466 4006 673 4073 primus
729 4006 906 4075 gentis
958 4018 1155 4061 nostra:
1187 4023 1373 4077 regum
1427 4008 1785 4073 Christianus,

214 4096 364 4149 rebus
391 4111 518 4151 usus
546 4107 627 4149 est
659 4097 950 4163 prostteris.
995 4096 1064 4151 de
1114 4098 1371 4165 religione
1419 4099 1673 4153 mutanda
1724 4115 1791 4155 nc

212 4188 421 4255 quidem
467 4186 709 4258 cogitare
754 4188 944 4243 Vttluil.
990 4191 1056 4241 At
1099 4190 1419 4243 constitutus
1450 4191 1501 4244 iu
1548 4205 1791 4245 extremo

217 4278 372 4345 prmlti
434 4280 771 4341 discrimine,
831 4294 953 4331 cum
999 4294 1103 4331 uou
1143 4281 1260 4333 sine
1291 4282 1599 4336 tniraculoe
1631 4282 1790 4335 tantis

218 4371 463 4436 periculis
519 4379 737 4438 ereptus
770 4370 979 4433 fuisset,
1013 4371 1173 4423 ﬁdem
1224 4372 1364 4426 ultro
1394 4374 1654 4441 suscepit.
1703 4373 1791 4427 Sic

214 4463 361 4515 movit
399 4462 641 4517 Totilam
672 4462 971 4515 Gothorum
1002 4462 1055 4516 in
1089 4461 1235 4517 Italia
1277 4479 1455 4533 regem
1494 4466 1664 4519 sancti
1699 4482 1791 4535 pa-

1890 3264 2058 3329 dcnte,
2101 3264 2367 3331 inquiunt,
2400 3263 2621 3318 Domino
2652 3264 2895 3321 Ecclesia:
2914 3281 3054 3328 sum,
3098 3277 3144 3319 et
3188 3267 3470 3337 irnpirante

1889 3370 1981 3423 pro
2008 3370 2066 3406 sa
2079 3356 2174 3406 'ute
2197 3354 2350 3406 totius
2371 3356 2537 3425 gentis
2563 3370 2650 3407 cor
2670 3355 2848 3408 damni
2890 3354 3142 3426 Remigii,
3172 3357 3261 3426 qui
3290 3356 3470 3426 ubique

1890 3444 2078 3497 altaria
2119 3446 2408 3498 destruebat
2432 3446 2725 3511 idolorum,
2758 3456 2807 3501 et
2844 3463 3011 3500 rerum
3038 3447 3191 3515 ﬁdem
3244 3457 3473 3515 potenter

1890 3556 2005 3592 cum
2038 3540 2363 3593 multitudine
2388 3541 2652 3609 signorum
2683 3541 3055 3609 ampliﬁcabat,
3082 3551 3186 3595 etc.
3218 3539 3467 3612 Ejusdem

1890 3631 2062 3686 sancti
2092 3630 2324 3700 Remigii
2345 3640 2403 3686 et
2427 3633 2599 3686 sancti
2645 3632 2880 3688 Medardi
2910 3633 3159 3687 miracula
3187 3635 3256 3687 ob
3281 3633 3469 3687 oculos

1889 3725 2215 3780 Ch'otsindte
2248 3725 2395 3794 ponit
2424 3735 2640 3780 sanctus
2661 3724 2899 3781 Nicetius
2940 3725 3281 3780 Trevirorum
3309 3726 3473 3778 autis~

1893 3829 1991 3883 tes,
2024 3822 2166 3874 illam
2194 3820 2510 3886 adhortans,
2542 3830 2600 3874 ut
2637 3835 2703 3875 ea
2746 3820 2973 3875 Alboiuo
2999 3819 3469 3895 Langobardorum

1894 3914 2002 3979 regi
2034 3912 2149 3964 viro
2178 3926 2276 3965 suo
2300 3922 2515 3977 narret,
2545 3912 2741 3982 quibus
2768 3912 3057 3967 Chlodovei
3087 3912 3333 3981 exemplo
3357 3951 3372 3974 ,
3405 3912 3474 3964 ad

1892 4002 2051 4055 tidem
2103 4000 2503 4069 suscipiendam
2538 4002 2741 4056 moveri
2788 4004 2975 4070 possit.
3012 4003 3147 4069 Quid
3178 4005 3240 4057 de
3282 4003 3478 4056 domno

1897 4091 2126 4159 Remigio
2147 4099 2193 4143 et
2214 4090 2402 4145 domno
2431 4089 2686 4143 Medardo
2710 4092 2983 4161 episcopis,
3013 4109 3142 4162 quos
3166 4102 3237 4157 tu,
3266 4094 3417 4146 credo
3444 4134 3465 4158 ,

1891 4187 2100 4240 vidisti?
2128 4203 2229 4239 non
2261 4202 2528 4256 possumus
2550 4193 2695 4239 tanta
2724 4202 2996 4253 exponere,
3029 4197 3222 4257 quanta
3256 4188 3479 4241 mirabi~

1894 4280 1964 4333 lia
1996 4297 2086 4342 per
2112 4279 2229 4332 i.’los
2264 4278 2429 4332 Deum
2459 4278 2689 4333 videmus
2738 4284 2927 4347 facere.
2977 4279 3049 4334 De
3093 4281 3365 4335 miraculis
3404 4280 3479 4336 ad

1894 4380 2202 4426 sanctorum
2226 4370 2471 4438 sepulcra
2505 4381 2631 4425 tunc
2661 4373 2919 4439 temporis
2948 4369 3320 4439 frequentibus
3350 4387 3480 4440 pro-

1890 4451 2137 4532 sequitur
2167 4470 2386 4517 Sanctus
2412 4464 2636 4517 antistes
2660 4462 2743 4516 his
2768 4464 2976 4517 verbis:
3010 4462 3111 4517 Ubi
3133 4474 3275 4518 tanta
3298 4464 3477 4530 hodie,

215 4554 300 4604 tris
348 4552 635 4608 Benedicti
668 4552 983 4605 miraculum
1029 4568 1212 4606 coram
1258 4569 1323 4606 eo
1353 4554 1555 4608 editum
1579 4595 1594 4618 ,
1626 4572 1785 4623 quem
1817 4535 1870 4595 D
1896 4557 2086 4623 inquit,
2116 4554 2375 4607 mirabilia
2404 4561 2681 4623 apparent,
2709 4564 2959 4625 quantum
2989 4572 3081 4610 nee
3116 4556 3286 4609 dicere
3314 4556 3482 4610 verbis

214 4654 349 4699 antea
376 4661 483 4700 nec
511 4644 851 4698 saecrdotmn
881 4644 1195 4711 auctorita=,
1222 4663 1318 4702 nec
1345 4648 1662 4702 miserorum
1704 4651 1787 4703 in-

215 4732 428 4791 fortunia
486 4739 553 4790 ad
605 4738 1128 4792 commiserationem
1175 4739 1393 4794 ﬂectere
1425 4757 1654 4810 unquam
1692 4758 1787 4810 po-

216 4836 430 4882 tuerant.
467 4829 585 4883 Non
615 4830 792 4883 minus
814 4829 1121 4898 indigebant
1142 4831 1418 4885 miraculis
1444 4833 1628 4889 ﬁdeles
1651 4836 1785 4888 idio-

217 4928 293 4981 t.e,
318 4922 402 4989 qui
432 4922 505 4973 ab
555 4919 823 4973 hazretieis
844 4920 1008 4973 variis
1057 4922 1453 4977 extorsionibus
1498 4926 1737 4993 oppressi
1767 4968 1782 4991 ,

216 5009 360 5066 immo
382 5026 438 5068 et
464 5012 754 5080 aliquando
782 5013 1060 5081 suppliciis
1088 5014 1210 5066 torti
1236 5055 1250 5076 ,
1287 5025 1377 5068 aut
1412 5016 1679 5070 illecebris
1706 5019 1785 5070 al-

216 5104 342 5169 lecti,
371 5108 438 5160 ad
465 5104 780 5174 religionem
800 5107 1106 5159 mutandam
1138 5108 1513 5161 incitabuntur.
1552 5111 1783 5165 Suberat

214 5206 259 5247 et
299 5200 394 5252 alia
426 5202 632 5254 saeculo
664 5206 825 5251 sexto
851 5198 1179 5252 edendorum
1214 5201 1591 5256 miraculorum
1624 5219 1783 5269 pecu-

219 5290 342 5341 liaris
369 5305 556 5351 causa,
609 5304 805 5358 nempe
860 5290 1211 5358 quorumdam
1266 5306 1421 5345 error
1473 5297 1780 5363 negantium

221 5388 648 5439 resurrectionem
701 5395 1032 5435 mortuorum
1060 5400 1071 5433 :
1106 5384 1191 5437 cui
1241 5385 1411 5437 errori
1443 5388 1779 5453 potissimum

223 5470 495 5530 retelleuda
543 5474 835 5541 Gregorius
872 5473 1093 5542 Magnus
1119 5475 1286 5527 libros
1334 5475 1668 5546 dialogorum
1712 5478 1781 5531 de

224 5557 492 5620 Virtutibus
520 5576 577 5620 et
609 5564 878 5619 Miracitlis
925 5564 1088 5618 italiae
1117 5573 1426 5617 sanctorum
1458 5569 1778 5635 composuit.

400 5658 503 5711 Sed
534 5667 588 5710 et
618 5657 881 5710 habemus
909 5655 1052 5710 viros
1095 5670 1285 5709 corum
1316 5664 1614 5725 temporum
1659 5660 1782 5711 illu-

222 5752 343 5801 stres
365 5760 415 5802 et
463 5753 602 5804 omni
654 5747 973 5815 exceptione
1006 5748 1240 5820 majores
1262 5789 1275 5813 ,
1311 5748 1397 5816 qui
1449 5752 1623 5806 testati
1656 5760 1779 5806 sunt

1893 4651 2058 4703 valeo.
2104 4647 2405 4716 Statimque
2431 4646 2727 4715 subiungit,
2762 4647 2956 4701 similia
3004 4649 3055 4702 in
3102 4648 3481 4703 ltmreticorutn

1894 4742 2151 4797 Ecclesiis
2191 4758 2295 4796 nou
2329 4741 2462 4805 ﬁeri,
2493 4741 2634 4809 quod
2674 4742 2833 4795 aliam
2866 4742 2934 4795 ab
2978 4742 3086 4796 illis
3129 4743 3331 4796 sanctis
3381 4742 3479 4807 qui

1894 4835 2152 4888 miracula
2194 4833 2444 4897 edebant,
2480 4833 2635 4887 tidem
2668 4834 3066 4901 protiterentnr.
3113 4836 3315 4898 Quanta
3347 4845 3479 4884 vero

1894 4926 2181 4980 securitate
2200 4924 2268 4978 de
2299 4934 2376 4978 tot
2399 4934 2779 4993 tantorumque
2825 4923 3204 4977 miraculorum
3246 4929 3476 4978 veritate

1892 5025 1948 5070 et
1995 5015 2317 5070 certitudine
2369 5015 2579 5070 locutus
2617 5014 2781 5070 fuerit
2827 5012 3085 5074 Nicetius,
3108 5028 3173 5067 es
3204 5027 3270 5066 eo
3302 5019 3478 5079 patet,

1892 5106 2031 5175 quod
2060 5122 2238 5174 regem
2266 5106 2438 5175 ipsum
2466 5106 2747 5161 Alboinutn
2779 5102 3174 5173 provocandam
3197 5116 3317 5155 esse
3338 5101 3474 5155 scri-

1892 5200 2017 5263 bat,
2045 5207 2103 5252 ut
2126 5199 2331 5268 aliquot
2351 5213 2382 5252 e
2402 5198 2513 5250 suis
2555 5199 2691 5251 ﬁdos
2724 5196 2967 5250 homines
2990 5195 3056 5249 ad
3087 5196 3227 5249 beati
3257 5196 3477 5252 Martini

1891 5291 2193 5359 sepulcrum
2234 5291 2588 5353 transmittat,
2632 5287 2708 5344 rei
2762 5287 3039 5343 veritatem
3094 5304 3188 5356 per
3216 5304 3339 5344 sese
3377 5304 3474 5342 es—

1894 5384 2214 5450 ploraturos.
2249 5379 2445 5443 Mittat,
2478 5378 2670 5447 inquit,
2701 5379 2770 5432 ad
2788 5378 3031 5432 damnum
3062 5379 3347 5433 Martinam
3381 5397 3473 5445 per

1894 5474 2212 5543 festivitatem
2268 5489 2507 5526 suam....
2560 5473 2646 5525 ubi
2689 5488 2849 5527 ctecos
2900 5472 3054 5527 hodie
3094 5474 3476 5527 illuminari....

1890 5564 2229 5634 conspicimus
2256 5605 2269 5627 ,
2311 5564 2392 5616 ubi
2424 5563 2605 5618 surdos
2630 5565 2866 5618 auditum
2908 5576 2957 5617 ct
3009 5574 3179 5618 mutos
3201 5566 3473 5618 sanitatem

1890 5658 2129 5727 recipere.
2158 5656 2295 5710 Nam
2317 5657 2436 5723 quid
2458 5656 2625 5710 dicam
2645 5659 2708 5710 de
2733 5655 2945 5722 Lprosis
2966 5666 3054 5709 aut
3073 5657 3137 5709 de
3157 5657 3272 5709 altis
3292 5669 3473 5721 quam-

1890 5749 2165 5820 plurituis?
2191 5748 2279 5818 qui
2302 5765 2602 5818 quacunque
2633 5748 2895 5805 debilitate
2920 5762 3150 5818 peream
3197 5748 3299 5800 sint
3316 5784 3330 5809 ,
3372 5742 3473 5799 ibi.
