4024 6192
450 303 519 362 59
1900 290 2289 349 PREFATIO.
3653 285 3729 343 oo

416 408 565 472 ‘dem
602 426 694 481 per
729 408 964 484 singulos
992 428 1152 466 annos
1176 409 1269 464 alii
1297 417 1346 464 et
1383 408 1474 463 alii
1500 414 1773 463 sanantur.
1803 405 1944 461 Misit
1964 406 2030 461 ad
2058 412 2107 468 Α
2135 420 2291 475 mquo
2314 404 2566 461 credulus
2606 402 2726 468 fuit,
2753 404 2806 458 in
2830 402 2895 457 iis
2928 402 3133 458 scilicet
3161 400 3480 469 credendis,
3508 416 3631 471 quae
3657 403 3734 456 ab

450 507 588 559 hanc
631 504 978 559 festivitatem
1017 503 1402 558 Theodemirus
1430 516 1525 556 rex
1556 501 1818 566 Arianus,
1865 514 2025 567 quem

450 598 741 667 Gregorius
771 596 1115 650 Chararicum
1160 594 1433 664 appellat,
1475 604 1528 647 ct
1566 592 1729 645 tantis
1758 591 2031 644 miracu‘is

452 702 727 758 perunctus
771 690 925 743 ﬁdem
972 690 1210 758 suscepit
1234 704 1352 741 cum
1388 698 1493 741 tota
1516 687 1815 741 Suevorum
1848 694 2031 755 gente,

453 782 537 835 cui
573 791 679 834 tum
707 781 755 831 in
786 778 1038 834 Galla-eia
1068 778 1385 844 imperabat.
1420 777 1514 831 llis
1540 776 1678 830 adde
1703 776 1838 829 alios
1870 786 2034 829 testes

454 868 752 922 eruditione
800 875 857 921 et
904 867 1185 921 sanctitate
1216 867 1488 925 illustres.
1525 867 1874 919 Fortunatum
1896 906 1911 928 ,
1942 864 2033 934 qui

455 959 645 1010 multas
682 966 992 1011 sanctorum
1026 956 1173 1011 Vitas
1221 957 1468 1024 scripsit;
1499 956 1826 1027 Cyprianum
1871 956 2034 1009 Tolo-

453 1065 673 1104 nensem
712 1050 1019 1118 episcopum
1061 1049 1113 1102 in
1146 1048 1261 1101 Vita
1294 1049 1467 1103 sancti
1499 1050 1742 1116 Czesarii,
1776 1048 2034 1107 Hilarium

452 1142 822 1209 Arelatensem
845 1183 860 1206 ,
893 1139 1237 1204 Eucherium,
1272 1139 1585 1209 Dynamium
1618 1132 1929 1208 patricium,
1958 1140 2038 1191 vi-

452 1246 570 1283 rum
612 1231 897 1296 natalibus,
931 1228 1189 1298 dignitate
1220 1239 1274 1283 et
1315 1231 1557 1299 Gregorii
1590 1228 1764 1291 Magni
1799 1229 2040 1281 testimo-

454 1324 544 1378 nio
569 1324 862 1389 illustrem,
898 1325 1107 1378 beatum
1134 1322 1448 1377 Andoenum
1492 1324 1543 1375 in
1577 1321 1695 1375 Vita
1724 1322 1893 1375 saneti
1928 1320 2038 1373 Eli-

450 1413 548 1482 gii,
576 1413 765 1468 Jonam
821 1414 1139 1468 monachum
1185 1423 1239 1470 et
1284 1414 1453 1476 alios,
1504 1411 1595 1482 qui
1624 1421 1755 1467 tunc
1785 1413 2041 1480 temporis

450 1507 740 1562 ediderunt
791 1518 1099 1561 sanctorum
1152 1506 1319 1571 Vitas,
1378 1520 1511 1575 quas
1540 1520 1605 1560 ex
1661 1505 2039 1560 miraculorum

457 1600 855 1655 narrationibus
889 1599 1002 1655 fere
1023 1600 1259 1669 integras
1281 1607 1691 1654 contexuerunt.

522 1710 615 1766 67.
654 1712 823 1767 Nemo
852 1712 1030 1783 itaque
1064 1713 1287 1768 inﬁciari
1321 1722 1518 1783 potest,
1573 1713 1814 1783 Gregorii
1870 1715 2038 1770 noStri

2133 498 2368 567 antiquis
2415 500 2613 565 scripta
2662 495 2987 560 inveniebat,
3037 505 3127 551 aut
3175 506 3323 551 certe
3343 505 3629 566 acceperat
3659 513 3734 551 ex

2135 593 2359 648 vetuSIis
2388 593 2787 647 traditionibus.
2821 592 2927 648 Sed
2975 590 3076 647 ista
3119 605 3219 646 nec
3263 591 3382 658 ejus
3414 590 3567 644 bona:
3597 589 3732 643 ﬁdei

2134 686 2396 752 ofﬁciunt,
2439 700 2537 741 nec
2582 686 2845 740 adversus
2870 699 2935 739 ea
2966 699 3086 752 qua:
3116 698 3145 737 a
3174 697 3236 738 se
3264 683 3375 737 visa
3407 690 3498 735 aut
3539 683 3733 735 audita

2136 778 2324 845 refert,
2347 779 2510 832 ullum
2539 777 2907 847 prtejudicium
2926 791 3189 847 generare
3205 774 3404 839 valent,
3416 789 3536 828 cum
3558 789 3737 828 econ-

2138 873 2301 923 trario
2332 870 2493 924 animi
2522 870 2639 939 ejus
2664 868 2952 923 candorem
2982 875 3038 922 et
3067 865 3453 936 ingenuitatem
3484 866 3733 918 maxime

2141 961 2387 1031 probent.

2210 1054 2301 1105 68.
2342 1052 2411 1105 At
2431 1058 2563 1119 quot
2582 1058 2637 1103 et
2658 1058 2876 1119 quanta,
2912 1046 3113 1117 inquis,
3144 1046 3436 1101 minutiora
3464 1045 3602 1101 facta
3627 1045 3741 1099 mi-

2139 1144 2339 1196 raculis
2376 1142 2594 1210 deputat
2618 1140 2931 1209 Gregorius.
2958 1156 3078 1209 qum
3108 1140 3404 1195 naturalem
3444 1154 3736 1193 causarum

2140 1233 2479 1287 efﬁcientiam
2522 1247 2858 1301 nequaquam
2883 1240 3159 1300 superant.
3210 1230 3407 1285 Verum
3438 1246 3500 1285 ea
3527 1240 3611 1283 est
3638 1232 3742 1283 vi-

2144 1339 2323 1379 rorum
2352 1324 2551 1393 pietate
2574 1324 2942 1392 prmstantium
2971 1324 3179 1379 indoles
3205 1338 3267 1379 ac
3288 1325 3498 1395 religio,
3529 1333 3586 1377 ut
3605 1339 3741 1391 pre-

2142 1417 2411 1469 cationum
2438 1414 2643 1469 cmlesti
2694 1414 2978 1481 efﬁcaciae,
3012 1424 3431 1486 sanctorumque
3461 1418 3740 1471 interces-

2144 1506 2282 1560 sioni
2316 1506 2554 1560 tribttant
2576 1520 2662 1569 ea,
2696 1520 2817 1572 quae
2837 1506 3037 1576 alioqui
3067 1521 3276 1561 natura:
3301 1507 3551 1560 virtutem
3584 1506 3739 1560 haud

2144 1598 2434 1652 excedunt.
2491 1599 2564 1651 Ita
2612 1610 2954 1668 comparatus
3001 1598 3101 1655 fuit
3128 1599 3462 1668 Cyprianus,
3514 1601 3583 1653 ita
3615 1602 3741 1655 An-

2146 1689 2407 1757 gustiuus,
2462 1690 2531 1744 ita
2581 1689 2942 1744 Theodoritus
2970 1730 2985 1755 ,
3018 1699 3075 1744 et
3126 1690 3214 1745 alii
3246 1692 3421 1761 magni
3452 1691 3551 1744 viri
3594 1706 3743 1760 quos

450 1804 784 1874 temporibus
807 1781 1063 1861 miracula
1095 1805 1174 1860 fre
1196 1781 1403 1872 ruenter
1433 1806 1498 1859 ad
1528 1781 1838 1860 sanctorum
1854 1808 2036 1875 sepul-
2072 1789 2119 1848 Β
2146 1781 2394 1875 ἶ¹¹Ρθτίίξ⁸
2441 1783 3009 1875 ⁶⁰¹¹¹ξ¹¹⁰¹¹¹⁰τ³νί¹¹¹¹¹⁸θ
3057 1782 3295 1875 simpl?"
3344 1783 3519 1851 ί¹³ί1¹¹⁸
3568 1782 3743 1836 mer“

450 1911 542 1951 cra
582 1898 904 1967 contigisse,
936 1897 1094 1968 idque
1123 1913 1226 1952 non
1258 1898 1397 1969 vulgi
1424 1898 1598 1953 solum
1630 1898 1914 1968 Opinione,
1946 1909 2039 1953 aut

452 1990 887 2045 muliercularum
912 1991 1084 2046 relatu
1111 1990 1372 2046 creditura
1398 2031 1415 2057 ,
1448 1990 1544 2045 sed
1569 2000 1624 2045 et
1644 1991 1879 2045 virorum
1908 2006 2037 2046 eru-

451 2081 708 2149 ditorum,
738 2096 803 2137 ac
834 2092 1141 2138 sanctorum
1176 2083 1550 2152 episcoporum
1593 2084 1911 2138 anetoritate
1955 2099 2040 2137 re-

451 2185 663 2244 ceptum
686 2175 871 2242 fuisse,
900 2176 991 2245 qui
1015 2178 1276 2245 ejusmodi
1311 2177 1688 2229 miraculorum
1720 2177 2039 2231 certitudine

454 2266 612 2320 ﬁdem
649 2253 1200 2336 nostram'approbari
1222 2279 1275 2322 et
1300 2268 1676 2323 luereticorum
1710 2284 1924 2322 errores
1947 2284 2038 2323 ar-

452 2357 540 2425 gui
574 2370 730 2423 posse
756 2358 1072 2412 censebant.
1120 2359 1337 2412 Certum
1367 2372 1447 2412 ρει
1478 2360 1639 2413 etiam
1685 2374 1748 2413 ea
1782 2360 2037 2413 miracula

453 2443 593 2499 adeo
621 2454 765 2499 certa
786 2446 1132 2501 et'evidentia
1160 2446 1346 2508 fuisse,
1381 2457 1438 2501 ut
1462 2465 1526 2501 ne
1551 2450 1763 2517 quidem
1786 2450 2028 2503 haeretici

455 2536 541 2589 illa
571 2537 622 2590 in
646 2536 866 2592 dubium
912 2553 1165 2593 revocare
1199 2540 1310 2592 ausi
1340 2538 1568 2604 fuerint,
1598 2548 1691 2594 aut
1720 2540 1843 2594 ullis
1871 2541 2036 2595 cavil-

456 2627 749 2683 lationibus
782 2631 1053 2698 potuerint
1084 2647 1147 2684 ea
1179 2645 1409 2700 unquam
1435 2631 1746 2687 obscurare.
1778 2632 1895 2697 Quo
1925 2632 2037 2687 fac-

458 2730 569 2773 turn
601 2728 708 2786 est,
735 2731 790 2775 ut
815 2720 1054 2792 plerique
1078 2722 1281 2792 ejurata
1316 2723 1507 2778 Ita-resi
1532 2724 1689 2777 ﬁdem
1718 2724 2037 2780 catholicam

456 2812 811 2881 susceperint,
844 2825 896 2866 et
924 2812 1141 2881 quidem
1172 2829 1276 2867 non
1319 2815 1561 2884 vulgares
1616 2815 1861 2871 homines
1884 2859 1897 2882 ,
1932 2832 2038 2870 non

454 2917 594 2955 unus
624 2903 707 2957 vel
740 2904 892 2973 pauci
925 2903 1023 2957 viri
1052 2906 1266 2959 obscuri
1297 2916 1389 2959 aut
1420 2907 1614 2960 nullius
1646 2908 1906 2973 nominis,
1944 2909 2039 2963 sed

456 2989 555 3059 ipsi
579 3007 754 3063 reges,
784 3002 840 3048 et
869 2996 1090 3063 integra:
1113 2997 1395 3051 nationes:
1430 2998 1615 3067 quales
1647 2998 1795 3053 fuere
1823 2999 2037 3065 Franci,

456 3082 884 3154 Burgundiones,
933 3087 1115 3153 Suovi,
1146 3087 1452 3157 Wisigotthi
1473 3134 1486 3157 ,
1518 3089 1696 3160 Angli,
1733 3089 2038 3160 Langobaro

2143 1872 2459 1942 Gregorius,
2489 1872 2583 1927 sed
2620 1888 2686 1927 eo
2716 1888 2903 1935 sensu,
2930 1873 3071 1941 quod
3102 1873 3219 1928 sine
3248 1874 3370 1927 fuco
3411 1884 3467 1928 et
3512 1889 3743 1942 semper

2141 1974 2323 2031 aperta
2371 1974 2550 2018 mente
2593 1974 2647 2018 et
2690 1965 2857 2018 corde
2907 1970 3122 2019 sincero
3170 1964 3454 2019 veritatem
3486 1965 3744 2019 oratione

2142 2055 2369 2124 sitnplci
2399 2055 2816 2123 deprompserit.
2870 2059 3044 2123 Atque
3095 2069 3158 2109 ea
3207 2055 3453 2123 Gregorii
3507 2055 3621 2115 laus
3644 2065 3745 2108 est

2145 2162 2250 2199 non
2278 2147 2625 2212 contumelia,
2656 2147 2827 2214 inquit
2855 2144 3173 2201 Sirmondus
3204 2145 3510 2200 llildttinum
3541 2161 3737 2214 repre-

2144 2237 2408 2305 hendens,
2438 2240 2527 2309 qui
2556 2238 2871 2307 Gregorium
2900 2239 3041 2291 mira:
3061 2237 3410 2301 simplicitatis
3438 2239 3603 2291 virum
3634 2252 3745 2303 ap—

2145 2332 2380 2400 pellavit,
2417 2346 2539 2386 eum
2592 2332 2871 2385 llilduinus
2900 2333 3038 2400 ipse,
3083 2332 3127 2385 si
3162 2332 3278 2385 hare
3319 2346 3421 2385 vox
3453 2330 3644 2385 malam
3680 2332 3744 2384 in

2106 2448 2113 2459 ν
2146 2433 2351 2493 partem
2382 2435 2624 2479 vertatur
2654 2467 2667 2488 ,
2700 2426 2923 2479 multum
2956 2425 3213 2495 Gregorio
3237 2424 3529 2493 simplicior
3551 2424 3745 2479 fuerit.

2216 2514 2303 2567 09.
2359 2514 2507 2569 Hand
2538 2515 2679 2569 enim
2731 2516 3020 2583 pmaudum
3070 2522 3154 2568 est
3202 2516 3457 2569 miracula
3511 2516 3746 2581 omnia,

2142 2622 2260 2675 qua:
2288 2607 2448 2675 vulgo
2475 2606 2992 2662 circumferebantur
3018 2622 3046 2659 a
3077 2607 3333 2676 Gregorio
3378 2608 3555 2661 statim
3602 2606 3748 2662 abs-

2146 2713 2253 2767 que
2297 2698 2505 2755 delectu
2555 2708 2646 2753 aut
2693 2702 2943 2755 examine
2970 2701 3202 2755 admissa
3244 2699 3432 2766 fuisse,
3464 2715 3583 2755 cum
3616 2700 3751 2769 ipse

2147 2791 2312 2845 Deum
2347 2792 2546 2860 passim
2572 2792 2785 2847 invocet
2820 2791 3063 2847 veritatis
3089 2807 3299 2859 eorum,
3330 2808 3449 2861 qua:
3480 2793 3531 2845 in
3567 2792 3742 2846 libris

2144 2883 2257 2937 suis
2283 2892 2518 2947 enarrat,
2549 2891 2765 2938 testem.
2798 2883 2937 2949 Quin
2965 2893 3017 2937 et
3050 2898 3136 2937 res
3163 2883 3232 2936 ab
3254 2885 3377 2936 aliis
3402 2883 3749 2938 relatas-dif-

2144 2975 2283 3031 ﬁcile
2310 2975 2585 3040 credebat,
2619 2986 2677 3030 ut
2730 2977 2845 3045 ipse
2879 2986 3102 3031 testatur
3131 2976 3303 3031 libr0t
3330 2965 3741 3043 Miraculorum,

2144 3068 2323 3136 capite
2353 3069 2406 3123 5.
2433 3068 2689 3123 Audierat
2716 3069 2912 3137 quippe
2938 3070 3135 3136 saepius
3159 3068 3335 3122 oleum
3362 3077 3486 3123 ante
3514 3083 3750 3124 crucem

456 3174 534 3238 cii,
567 3184 673 3228 etc.
709 3175 859 3233 Unde
890 3178 1088 3232 nemini
1120 3181 1310 3232 mirum
1342 3181 1507 3233 videri
1530 3159 1686 3233 debet
1709 3221 1723 3245 ,
1756 3182 1799 3235 si
1832 3159 2037 3250 Grego-

2148 3160 2195 3212 in
2261 3159 2588 3214 monasterio
2648 3159 2947 3215 Pictavensi
3004 3161 3073 3214 ita
3141 3175 3456 3216 excrescere
3509 3162 3749 3217 solitum

457 3261 570 3318 rius
606 3264 697 3333 qui
727 3268 1106 3332 prmnovenda:
1138 3268 1454 3323 orthodoxa:
1484 3270 1604 3323 lidei
1628 3271 1899 3325 desiderio
1932 3274 2042 3326 fer-

457 3356 617 3410 vebat
637 3400 650 3423 ,
682 3358 1013 3426 ardebatque
1042 3375 1251 3414 summa
1282 3376 1407 3429 erga
1440 3372 1655 3416 sanctos
1708 3364 1799 3417 Dei
1841 3365 2043 3418 amicos

460 3450 779 3516 devotione,
806 3452 1122 3521 colligendis
1154 3455 1424 3509 miraculis
1451 3456 1739 3524 plurimum
1774 3458 2040 3523 tribuerit,

458 3556 579 3609 quae
631 3548 759 3596 tunc
796 3542 1054 3611 temporis
1084 3558 1205 3598 esse
1248 3545 1459 3598 videbat
1513 3544 1749 3599 efficacia
1783 3546 1847 3600 ad
1881 3546 2040 3600 ﬁdem

458 3632 727 3688 haereticis
768 3633 1177 3701 insinuandam,
1208 3644 1265 3689 et
1294 3636 1359 3689 ad
1387 3637 1753 3691 emendandos
1805 3637 2040 3693 ﬁdelium

460 3739 644 3780 mores
673 3725 975 3780 utilissima.
1011 3725 1083 3779 Ea
1114 3740 1243 3781 vero
1272 3742 1391 3795 qua:
1424 3743 1453 3780 a
1479 3726 1737 3799 Gregorio
1764 3742 2045 3784 narrantur

459 3816 751 3881 miracula,
801 3831 870 3872 ne
899 3817 1113 3883 quidem
1145 3817 1215 3871 ob
1243 3832 1392 3871 suam
1439 3819 1832 3872 multitudinem
1868 3821 1919 3873 in
1948 3824 2045 3874 du-

462 3911 608 3964 hium
660 3910 902 3965 revocari
949 3918 1191 3979 possunt.
1240 3910 1316 3965 De
1363 3912 1627 3981 plerisque
1654 3912 1796 3964 cnitn
1846 3914 2043 3968 sanctis

461 4002 673 4057 unicum
701 4002 1039 4057 solummodo
1068 4014 1159 4056 aut
1186 4004 1411 4057 alterum
1462 4004 1775 4057 miraculum
1821 4016 2001 4058 narrat
2028 4023 2040 4057 :

462 4114 566 4166 qua
597 4099 649 4152 in
681 4114 742 4153 re
769 4098 981 4163 parcior
1006 4097 1107 4151 fuit
1135 4097 1265 4164 illis,
1308 4096 1397 4165 qui
1429 4097 1695 4165 ejusmodi
1736 4106 2042 4153 sanctorum

468 4190 613 4244 Vitas
634 4190 1062 4259 descripserunt,
1092 4202 1223 4258 quas
1266 4197 1323 4241 ut
1353 4189 1662 4255 plurimum,
1710 4197 1767 4240 ιιι
1796 4204 1916 4241 mox
1957 4188 2046 4241 di-

462 4283 647 4336 cebam
666 4322 681 4345 ,
714 4296 778 4335 ex
804 4281 935 4335 solis
957 4280 1229 4334 miraculis
1255 4288 1606 4334 contexuere.
1640 4278 1797 4332 Plura
1828 4278 2043 4346 quidem

463 4374 533 4429 de
560 4383 746 4428 sancto
786 4373 1014 4427 Martino
1045 4372 1238 4433 habet,
1269 4381 1363 4424 aut
1392 4373 1459 4425 de
1486 4381 1673 4425 sancto
1714 4370 1947 4424 Juliano.
1978 4373 2047 4425 At

466 4466 626 4521 m‘odo
647 4465 1024 4521 sanctiNicetii
1052 4465 1225 4519 locum
1258 4463 1610 4527 laudavimus,
1638 4465 1767 4517 satis
1791 4472 2047 4517 attestan-

466 4559 554 4623 tis,
580 4557 748 4611 multo
797 4558 943 4624 plura
994 4556 1249 4611 miracula
1281 4554 1347 4607 ad
1388 4557 1557 4607 sancti
1615 4554 1824 4608 Martini
1866 4557 2046 4625 sepul-

464 4664 614 4707 crum
641 4648 963 4718 contigisse,
996 4663 1156 4718 quatn
1188 4662 1307 4715 qua:
1346 4662 1375 4698 a
1406 4657 1591 4699 nostro
1621 4643 1881 4714 Gregorio
1908 4647 2048 4701 refc-

466 4750 677 4797 runtur.
710 4739 785 4794 Ea
813 4753 943 4793 vero
968 4754 1086 4808 qua:
1117 4737 1361 4805 scripsit,
1393 4737 1635 4805 apprime
1672 4747 1929 4802 noverat,
1964 4738 2044 4793 vel

466 4832 606 4903 quod
636 4831 739 4885 sibi
772 4830 875 4896 ipsi
902 4830 1292 4898 contigissent,
1326 4830 1407 4882 vel
1439 4829 1577 4896 quod
1606 4843 1666 4883 ea
1700 4831 1768 4881 ab
1797 4829 1916 4883 aliis
1958 4845 2048 4884 ac-

466 4925 720 4996 cepisset.
751 4923 1000 4979 Miracula
1046 4938 1165 4989 qum
1207 4922 1259 4977 in
1306 4924 1486 4989 seipse
1517 4922 1651 4975 facta
1683 4924 1896 4987 fatetur,
1927 4923 2046 4992 quis

464 5017 593 5072 falsa
624 5017 786 5071 fuisse
831 5014 1059 5069 dixerit?
1096 5012 1211 5067 Non
1240 5014 1381 5066 enim
1416 5016 1489 5067 ita
1530 5012 1691 5066 fallax
1734 5027 1797 5066 ac
1824 5014 2045 5081 perditae

464 5109 659 5164 mentis
686 5110 848 5163 fuisse
877 5094 981 5162 dici
1025 5115 1203 5176 potest
1229 5104 1542 5176 Gregorius,
1574 5115 1633 5158 ιιι
1664 5105 1793 5159 falsa
1832 5122 1926 5173 pro
1958 5121 2048 5161 ve-

468 5200 544 5252 ris
569 5198 855 5252 ohtrudere
882 5212 947 5251 ex
984 5196 1241 5251 industria
1284 5195 1553 5261 voluerit;
1584 5203 1676 5249 aut
1714 5196 1782 5248 ita
1817 5194 2044 5263 bardus,

468 5298 527 5340 ut
577 5301 775 5355 nigrum
806 5302 865 5341 se
907 5288 1235 5355 reputaverit
1283 5301 1468 5353 sanus,
1501 5297 1593 5340 aut
1620 5287 1687 5340 ad
1736 5299 2045 5342 sanctorum

467 5377 678 5433 cineres
722 5379 931 5431 cmlitus
974 5389 1219 5431 sanatum
1252 5393 1357 5432 non
1387 5393 1551 5447 roger.
1582 5378 1724 5431 Idem
1755 5380 2039 5435 dicendum

466 5470 536 5523 de
562 5465 825 5537 plerisque
853 5468 972 5520 aliis
998 5470 1232 5536 aegrotis,
1282 5468 1577 5536 praesertim
1621 5470 1752 5522 viris
1794 5471 2043 5539 gravibus

462 5573 517 5618 et
548 5560 712 5632 probe
728 5561 887 5625 notis,
935 5560 1026 5630 qui
1079 5572 1201 5616 sese
1229 5573 1534 5616 sanctorum
1580 5563 1786 5617 meritis
1828 5573 2044 5618 sanatos

463 5664 555 5709 aut
581 5653 753 5724 palam
778 5665 958 5705 coram
1007 5653 1287 5715 omnibus,
1320 5660 1414 5705 aut
1446 5662 1593 5708 certe
1643 5653 1857 5721 ipsimct
1904 5655 2041 5708 Gre-

462 5747 611 5814 gorio
658 5744 888 5801 confessi
939 5754 1079 5801 sunt.
1115 5744 1286 5800 Unum
1318 5756 1421 5811 est,
1468 5743 1661 5813 fateor,
1707 5746 1758 5799 in
1786 5762 1890 5813 quo
1920 5749 2039 5815 plus

2148 3248 2312 3303 fuisse
2339 3292 2353 3315 ,
2389 3259 2446 3304 ut
2480 3251 2602 3305 licet
2623 3265 2749 3305 vasa
2780 3251 2974 3305 exinde
3005 3252 3160 3320 plena
3188 3251 3539 3319 efferrentur,
3590 3269 3753 3307 mm-

2147 3356 2305 3410 quam
2331 3351 2507 3395 tamen
2531 3341 2889 3397 decresceret.
2932 3342 3037 3397 Sed
3064 3344 3128 3396 ad
3162 3343 3211 3399 id
3244 3344 3569 3398 credendum
3597 3360 3757 3400 nun-

2146 3449 2307 3503 quam
2339 3434 2528 3490 adduci
2576 3436 2785 3505 potuit,
2818 3438 2942 3504 quin
2978 3437 3124 3504 prius
3165 3437 3243 3491 rei
3289 3439 3569 3493 veritatem
3616 3442 3753 3495 suis

2147 3527 2316 3579 oculis
2345 3526 2499 3579 unius
2531 3525 2676 3580 hora:
2703 3528 2882 3595 Spatio
2922 3527 3337 3594 exploravisset.
3390 3527 3590 3583 Pallam
3622 3545 3747 3599 qua

2148 3616 2467 3672 venerabilis
2488 3632 2620 3671 crux
2641 3616 2993 3688 Jerosolymis
3019 3618 3252 3673 involuta
3272 3620 3361 3675 diu
3389 3618 3585 3687 fuerat,
3611 3636 3756 3678 sese

2146 3709 2418 3776 accepisse
2466 3708 2749 3776 jactitahat
2805 3710 3066 3779 quidam‘:
3117 3712 3210 3766 sed
3251 3711 3303 3766 ei
3356 3727 3461 3766 non
3506 3714 3753 3771 credidit

2146 3798 2459 3868 Gregorius,
2494 3803 2802 3871 priusquam
2836 3818 2947 3856 rem
2982 3803 3253 3858 miraculis
3293 3805 3458 3859 certis
3480 3819 3750 3873 compro-

2148 3889 2327 3943 hatam
2360 3891 2525 3946 fuisse
2554 3893 2901 3948 advertisset.
2948 3894 3081 3948 Cum
3132 3910 3261 3949 vero
3307 3911 3393 3950 res
3440 3906 3616 3965 gestas
3663 3899 3753 3953 ab

2147 3980 2272 4034 alis
2303 3992 2626 4052 acceperat,
2661 3984 2905 4038 homines
2934 3984 3056 4038 illos
3085 3987 3345 4051 nominat,
3372 3986 3460 4054 qui
3493 3988 3617 4038 talia
3650 4001 3719 4042 re

2151 4074 2379 4127 tulerant
2403 4115 2419 4141 ,
2450 4089 2517 4130 ne
2559 4073 2763 4129 incerta
2818 4092 2913 4144 pro
2960 4077 3126 4130 certis
3166 4080 3409 4147 ingerere
3438 4078 3747 4136 videretur.

2149 4167 2285 4233 Quin
2335 4179 2387 4222 et
2444 4167 2731 4237 aliquando
2787 4180 3124 4223 sacramento
3153 4169 3416 4239 ejusmodi
3474 4172 3753 4230 miracula

2148 4259 2457 4312 conﬁrmari
2491 4259 2733 4325 volebat,
2767 4270 2859 4312 aut
2888 4263 3085 4315 multos
3113 4261 3403 4315 adhibebat
3448 4262 3525 4317 rei
3574 4276 3753 4319 enar-

2150 4357 2279 4400 rata:
2328 4354 2523 4413 testes,
2558 4364 2625 4401 ne
2664 4349 2800 4402 forte
2830 4350 3053 4405 illutlere
3100 4350 3198 4420 pia)
3245 4353 3565 4421 simplicium
3618 4369 3755 4409 ere-

2149 4436 2356 4490 dulitati
2387 4454 2415 4490 a
2448 4438 2716 4491 nonnullis
2747 4440 3082 4506 crederetur,
3115 4449 3173 4495 ut
3198 4444 3311 4511 ipse
3339 4443 3499 4499 habet
3527 4444 3662 4499 libro
3704 4464 3750 4501 ιι

2074 4546 2127 4603 D
2152 4526 2219 4580 de
2244 4527 2512 4581 Miraculis
2536 4528 2705 4582 sancti
2734 4528 2966 4594 Martini,
2992 4539 3171 4597 capite
3197 4530 3286 4597 52,
3316 4542 3370 4586 ct
3396 4535 3588 4601 passim
3612 4537 3754 4592 aliis

2151 4619 2205 4672 in
2239 4619 2369 4673 locis
2408 4620 2658 4674 insinuat.
2736 4624 2739 4627 ’

2224 4732 2314 4788 70.
2351 4731 2524 4786 Erunt
2554 4732 2782 4787 fortasse
2809 4735 3048 4789 nonnulli
3080 4776 3095 4803 ,
3128 4736 3219 4806 qui
3249 4736 3486 4805 Gregorii
3532 4738 3749 4806 uitulae,

2151 4834 2211 4879 ut
2234 4827 2416 4892 aiunt,
2457 4826 2788 4896 simplicitati
2818 4829 3091 4895 tribuant,
3125 4831 3266 4898 quod
3320 4832 3514 4898 passim
3550 4833 3752 4900 pulve-

2152 4932 2263 4970 rem
2288 4930 2318 4970 e
2341 4926 2647 4970 sanctorum
2681 4918 2905 4972 tumulis
2941 4916 3260 4984 collectum,
3305 4935 3507 4989 pannos
3536 4922 3615 4975 eis
3636 4923 3753 4976 ali—

2151 5007 2379 5076 quandiu
2412 5008 2688 5075 impositos
2709 5050 2725 5073 ,
2758 5010 2920 5063 ﬂores
2964 5020 3054 5063 aut
3086 5012 3335 5067 herbulas
3386 5012 3580 5066 ibidem
3610 5028 3640 5065 ιι
3670 5017 3706 5067 li
3728 5047 3753 5059 ο

2150 5098 2357 5154 delibus
2384 5113 2598 5167 sparsas
2620 5141 2635 5164 ,
2669 5110 2762 5155 aut
2786 5101 3078 5169 parietibus
3110 5102 3322 5165 afﬁxas,
3354 5104 3473 5157 olea
3506 5119 3571 5158 ex
3604 5104 3746 5157 lam-

2154 5191 2375 5260 padibus
2397 5191 2592 5246 ibidem
2624 5194 2934 5247 ardentibus
2958 5193 3226 5259 detracta,
3257 5209 3425 5264 aquas
3453 5210 3518 5251 ex
3547 5196 3751 5251 vicinis

2151 5284 2387 5339 fontibus
2430 5294 2521 5338 aut
2550 5286 2722 5352 puteis
2747 5286 2987 5352 haustas,
3017 5297 3111 5341 aut
3140 5288 3242 5340 alia
3290 5288 3554 5357 ejusmodi
3597 5289 3751 5345 inter

2150 5388 2455 5431 sanctorum
2497 5378 2746 5446 reliquias
2794 5379 3204 5445 computaverit.
3262 5378 3455 5432 Verum
3498 5382 3598 5433 ista
3637 5382 3751 5435 ob-

2150 5471 2315 5539 jectio
2343 5478 2649 5534 evanescet,
2678 5484 2799 5524 cum
2829 5469 3080 5524 curdatus
3131 5471 3296 5525 lector
3325 5471 3521 5525 similia
3557 5473 3610 5525 in
3641 5488 3747 5542 pa-

2154 5572 2291 5615 trum
2319 5571 2703 5628 auctorumque
2729 5559 3163 5630 gravissimorum
3196 5562 3448 5630 operibus
3488 5565 3748 5631 exempla

2152 5655 2349 5722 passim
2378 5666 2666 5706 occurrere
2697 5652 3111 5708 animadvertet.
3146 5654 3313 5721 Hujus
3336 5656 3478 5709 enim
3510 5669 3747 5713 consue-

2151 5743 2347 5798 tudinis
2380 5752 2542 5798 testes
2572 5751 2700 5799 sunt
2740 5742 3094 5809 Hieronymus
3119 5787 3133 5812 ,
3170 5746 3517 5817 Augustinus,
3558 5746 3751 5803 Paul'-
