4024 6192
337 258 403 313 6i
1785 264 2145 320 ΡΒᾸΞΡΑΤιιΙ
3537 275 3598 329 63

346 390 477 435 nus,
509 371 617 427 Leo
643 382 696 429 et
724 374 1025 446 Gregorius
1044 419 1057 441 ,
1094 385 1312 446 uterque
1344 378 1560 447 Magnus
1589 394 1649 431 ac
1681 380 1917 436 pontifex
1947 382 1996 441 Α
2024 382 2223 453 aliquot
2247 384 2582 438 solummodo
2610 384 2900 456 fragmenta
2928 394 3236 455 supersunt.
3267 403 3411 440 nunc.
3444 402 3602 455 porro

348 463 637 527 Romanus,
668 463 809 519 Beda
840 475 899 520 et
929 467 1018 521 alii
1047 469 1270 535 passim,
1293 484 1517 536 quorum
1549 471 1661 523 loca
1685 471 1735 524 in
1781 481 1942 525 HOIIS’

347 554 410 605 ad
432 553 677 623 Gregorii
705 564 910 611 textum
963 572 1066 611 non
1117 560 1282 613 semel
1316 558 1669 614 laudavimus.
1725 561 1831 615 Sed
1869 571 1923 615 et

343 645 430 710 qui
463 645 611 715 plura
639 660 703 701 ea
727 647 794 701 de
820 663 881 702 re
921 648 1066 716 cupit
1086 687 1101 713 ,
1131 648 1289 702 adeat
1319 646 1598 716 e‘errandi,
1653 651 1923 704 societatis

340 735 469 790 Jesu
498 738 820 807 presbyteri,
843 739 1039 794 librum
1068 740 1398 808 singularem
1416 739 1486 793 de
1499 740 1814 794 Sanctorum
1840 757 1923 795 re-

340 827 521 896 liquiis
543 869 559 890 ,
608 838 702 882 aut
730 839 879 884 certe
928 830 1071 899 legat
1104 829 1165 884 V.
1198 831 1268 883 cl.
1303 829 1438 884 Lud.
1474 831 1596 883 Ant.
1650 830 1921 885 Muratorii

341 920 782 989 disquisitionem
812 922 880 975 de
911 921 1014 975 hoc
1038 931 1356 990 argumento
1386 931 1532 975 tomo
1554 920 1597 975 ll
1622 921 1923 976 Anecdoto-

340 1027 487 1077 rum,
534 1012 627 1066 ubi
653 1016 816 1067 etiam
840 1013 1069 1066 olearum
1089 1054 1104 1079 ,
1134 1028 1253 1081 quae
1282 1011 1569 1083 Gregorius
1608 1013 1828 1083 Magnus
1855 1012 1921 1067 ad

340 1103 771 1159 Theodelindam
823 1118 920 1171 per
964 1102 1259 1156 Johauuem
1316 1101 1639 1165 transmisit,
1695 1102 1919 1156 indicem

341 1194 576 1262 profert,
654 1195 771 1263 ipsa
829 1193 1070 1261 Gregorii
1101 1201 1257 1247 aztate
1304 1193 1561 1261 scriptum
1617 1192 1670 1245 in
1720 1207 1922 1263 papyro

340 1286 665 1357 Egyptiaca
691 1326 707 1352 ,
756 1297 816 1342 ut
845 1284 1187 1342 Mabillonius
1215 1293 1402 1339 uester
1441 1292 1667 1339 testatur
1709 1283 1921 1341 Itineris

338 1378 508 1433 ltalici
565 1394 687 1449 pag.
718 1380 806 1434 Η.

410 1470 505 1525 'il.
547 1470 718 1526 Unum
747 1469 979 1538 denique
1022 1470 1163 1525 circa
1203 1469 1445 1539 Gregorii
1476 1469 1641 1523 libros
1667 1467 1737 1523 de
1766 1467 1922 1521 Mira-

339 1558 482 1613 culis
496 1568 796 1613 sanctorum
810 1560 1085 1615 observari
1101 1561 1275 1626 velim,
1290 1560 1429 1630 quod
1443 1559 1650 1615 scilicet
1664 1573 1723 1613 ea
1744 1560 1916 1611 solum

335 1659 646 1704 sanctorum
671 1649 924 1704 miracula
949 1652 1190 1705 retulerit
1200 1665 1360 1720 ,qute
1384 1652 1452 1703 ab
1469 1648 1587 1703 aliis
1612 1648 1917 1702 auctoribus

2022 476 2457 527 commentarium
2502 474 2683 527 Romre
2714 478 2971 529 asservari
3026 476 3329 544 aliquandiu
3383 490 3600 544 persua—

2022 578 2137 615 smn
2186 563 2482 628 habuimus,
2517 567 2750 634 acceptis
2794 565 2986 618 exinde
3026 565 3215 619 litteris
3248 568 3298 618 iu
3349 566 3595 619 Vaticana

2021 654 2338 709 bibliotheca
2382 657 2563 710 haberi
2612 658 3023 724 tuanuscriptum
3052 658 3287 711 codicem
3320 674 3385 711 ex
3413 672 3597 711 mona-

2022 747 2189 797 sterio
2220 744 2399 798 Fontis
2433 746 2705 809 Avellani,
2740 747 2829 814 qui
2864 746 3115 799 Florentii
3142 745 3351 816 Georgii
3389 757 3434 801 et
3464 747 3594 803 Gre-

2022 833 2152 899 gorii
2178 836 2567 887 commentarius
2609 836 2661 888 in
2691 837 2913 904 psalmos
2959 836 3358 890 inscriberetur.
3389 836 3491 891 Sed
3536 854 3594 890 re

2022 933 2050 968 a
2074 928 2257 973 nostro
2281 923 2647 991 Stephanotio,
2670 922 3115 992 Gougregationis
3138 934 3333 977 nostra:
3361 925 3410 976 in
3431 925 3591 979 Curia

2024 1010 2257 1066 Romana
2288 1026 2627 1081 procuratore
2655 1014 2921 1083 generali,
2953 1017 3251 1069 accuratius
3297 1017 3543 1083 inquisita
3571 1057 3590 1081 ,

2024 1102 2109 1156 hic
2135 1099 2514 1171 deprehendit,
2542 1113 2595 1157 et
2621 1104 2829 1158 titulum
2860 1104 2997 1158 hunc
3024 1120 3181 1158 manu
3207 1110 3405 1161 recenti
3430 1109 3591 1163 fuisse

2022 1191 2189 1246 codici
2238 1194 2562 1261 ascriptum,
2595 1202 2648 1247 et
2694 1194 2745 1247 in
2795 1195 2908 1263 ipso
2954 1195 3348 1252 Commentario
3395 1200 3588 1269 passim

2021 1294 2264 1339 auctores
2291 1285 2525 1350 laudari,
2556 1287 2643 1354 qui
2676 1298 2861 1340 nostro
2904 1285 3160 1357 Gregorio
3204 1297 3359 1342 aetate
3408 1298 3590 1358 poste-

2023 1378 2192 1430 riores
2219 1373 2467 1439 fuerunt,
2496 1379 2680 1444 qua’es
2709 1386 2831 1431 sunt
2859 1379 3032 1447 Aymo
3065 1387 3120 1432 et
3168 1378 3457 1448 Remigius.
3493 1380 3591 1436 De-

2022 1467 2180 1535 nique
2201 1467 2404 1535 vulgata
2437 1468 2757 1537 psalmorum
2789 1470 3031 1523 versione
3062 1469 3231 1523 utitur
3261 1470 3415 1537 hujus
3442 1487 3591 1524 coin-

2022 1559 2263 1612 meutarii
2291 1569 2496 1622 auctor,
2522 1576 2676 1629 quam
2703 1558 2991 1629 Gregorius
3020 1561 3069 1614 in
3098 1562 3371 1614 laudandis
3394 1564 3588 1627 passim

2024 1646 2237 1713 psalmis
2282 1648 2539 1703 adhibere
2591 1664 2694 1702 non
2749 1649 2905 1703 solet.
2960 1650 3123 1702 Immo
3176 1654 3227 1703 in
3278 1650 3590 1718 Gregoriaui

335 1740 535 1807 scripta
567 1753 676 1793 non
702 1748 876 1793 erant.
905 1738 1059 1794 Unde
1098 1741 1290 1795 mirum
1321 1754 1425 1793 non
1457 1749 1569 1803 est,
1601 1741 1644 1792 si
1676 1738 1917 1805 quando-
1952 1740 1994 1799 Β
2021 1739 2397 1793 Commentarii
2417 1782 2432 1804 ,
2475 1756 2630 1808 quem
2674 1743 2831 1793 modo
2872 1741 3230 1804 laudabamus,
3280 1741 3592 1806 prtelatioue

333 1844 442 1898 que
471 1829 692 1883 omissis
732 1829 1114 1885 celebrioribus
1139 1840 1442 1885 sanctorum
1471 1832 1656 1899 gestis,
1688 1829 1913 1882 obscura

333 1919 581 1989 quaedam
607 1916 747 1974 facta
774 1930 1176 1974 commemorat.
1203 1919 1338 1974 ilinc
1361 1920 1521 1974 etiam
1554 1927 1728 1987 patet,
1755 1933 1913 1985 quam

335 2011 554 2065 incaute
587 2009 811 2066 fecerint
840 2010 1116 2079 nonnulli,
1147 2011 1237 2081 qui
1266 2024 1357 2065 res
1382 2011 1586 2079 aliquot
1609 2017 1912 2063 sanctorum

335 2112 522 2171 gestas
558 2101 612 2156 in
654 2102 869 2156 dubium
901 2112 1225 2157 revocarunt
1260 2102 1331 2156 ob
1370 2101 1423 2155 id
1470 2100 1671 2166 solum,
1704 2100 1843 2169 quod
1884 2116 1914 2154 a

337 2193 602 2262 Gregorio
622 2207 723 2248 non
753 2202 1180 2248 memorarentur
1206 2210 1220 2245 :
1252 2208 1372 2248 cum
1394 2230 1409 2256 ,
1435 2200 1495 2247 ut
1523 2193 1636 2261 ipse
1665 2200 1912 2256 testatur,

333 2295 488 2340 extra
515 2284 633 2351 ejus
661 2284 956 2339 institutum
998 2285 1186 2340 fuisset
1208 2283 1277 2340 de
1306 2282 1571 2353 ejusmodi
1613 2284 1776 2337 rebus
1802 2281 1914 2335 dis-

333 2388 540 2430 serere.
579 2374 729 2443 Quod
778 2389 909 2429 vero
951 2374 1057 2429 tale
1100 2375 1259 2429 fuerit
1291 2374 1406 2443 ejus
1456 2374 1767 2441 consilium,
1800 2372 1916 2441 ipso

331 2476 591 2521 manente
618 2466 873 2521 discimus
902 2481 970 2521 ex
997 2466 1258 2537 protentio
1282 2466 1399 2535 ejus
1424 2464 1663 2535 generali
1688 2465 1753 2518 ad
1785 2466 1915 2519 istos

332 2558 523 2611 libros.
556 2558 773 2625 Aliqua,
815 2558 1019 2627 inquit,
1051 2561 1114 2611 de
1158 2566 1449 2611 sanctorum
1496 2557 1774 2621 miraculis,
1804 2571 1917 2623 qttlB

329 2650 577 2703 hactenus
599 2651 859 2703 latuerunt
876 2690 891 2714 ,
914 2655 1133 2719 pandere
1156 2649 1474 2712 desiderans,
1495 2657 1600 2701 etc.
1620 2647 1723 2701 Sed
1748 2646 1916 2713 magis

330 2740 535 2795 diserte
565 2742 617 2795 in
665 2741 802 2795 libro
830 2742 898 2795 de
928 2739 1105 2796 Gloria
1148 2741 1523 2797 Confessorum
1543 2780 1559 2804 ,
1590 2754 1745 2808 quem
1794 2753 1915 2791 om-

330 2830 481 2883 nium
503 2831 751 2883 ultimum
777 2829 1119 2899 recognovit,
1143 2830 1315 2897 capite
1338 2830 1411 2883 45
1434 2846 1447 2882 :
1482 2827 1618 2883 Licet
1635 2831 1752 2899 jam
1772 2828 1916 2881 dixe-

329 2924 495 2973 rimus
521 2921 575 2972 in
605 2922 819 2990 prologo
848 2920 965 2974 libri
994 2922 1149 2989 hujus
1175 2929 1228 2972 ut
1255 2936 1313 2974 ea
1340 2929 1537 2972 tantum
1564 2921 1915 2983 scriberemus,

330 3025 448 3080 qua
477 3007 615 3063 Deus
640 3020 754 3079 post
785 3010 1069 3064 obitum....
1097 3011 1299 3079 operari
1329 3010 1568 3080 dignatus
1594 3020 1664 3063 est
1692 3024 1710 3062 :
1752 3022 1916 3062 tamen

2021 1830 2156 1885 tituli
2188 1830 2508 1899 psalmorum
2539 1829 2838 1883 referuntur
2863 1844 3049 1882 omnes
3077 1831 3225 1897 juxra
3262 1830 3399 1884 LXX
3428 1832 3591 1885 inters

2020 1928 2223 1987 prelum
2254 1921 2578 1974 versionem.
2612 1918 2807 1973 Fucum
2837 1917 2960 1972 fecit
2988 1921 3035 1972 ei
3066 1921 3153 1986 qui
3203 1919 3443 1989 Gregorii
3495 1937 3591 1973 no-

2019 2025 2138 2065 men
2183 2008 2350 2063 codici
2383 2009 2453 2062 illi
2494 2008 2757 2077 prtafixit,
2808 2009 3133 2077 praefationis
3163 2010 3504 2075 Gregoriante
3534 2011 3586 2065 in

2018 2101 2339 2170 psalmorum
2373 2103 2551 2155 titulos
2595 2100 2985 2167 fragmentum,
3030 2102 3168 2166 quod
3217 2104 3586 2157 commentarii

2016 2198 2200 2244 auctor
2226 2190 2382 2243 simul
2416 2205 2535 2242 cum
2586 2189 2705 2243 aliis
2734 2190 2948 2243 Patrum
2993 2190 3390 2258 prmfationihus
3437 2191 3588 2259 Operi

2017 2298 2114 2336 suo
2159 2282 2435 2350 praemisit.
2467 2282 2620 2348 Quod
2661 2281 2873 2347 quidem
2925 2280 3273 2348 fragmentum
3319 2297 3347 2335 a
3398 2285 3483 2351 pio
3534 2292 3588 2337 ct

2018 2373 2227 2425 erudito
2252 2373 2363 2425 viro
2384 2370 2671 2425 'l‘homasio
2692 2386 2758 2425 ex
2787 2370 2903 2440 ipso
2926 2372 3107 2427 codice
3126 2371 3446 2441 descriptum
3470 2384 3591 2440 post

2019 2465 2179 2518 libros
2195 2463 2261 2518 de
2278 2472 2577 2517 sanctormn
2596 2462 2860 2517 Miraculis
2880 2462 3225 2530 proferemus,
3242 2478 3360 2516 cum
3380 2463 3587 2518 duobus

2017 2558 2377 2613 commentarii
2409 2557 2718 2625 fragmentis
2740 2572 2770 2609 a
2796 2556 3100 2610 Mahillonio
3118 2557 3294 2610 editis.

2087 2652 2178 2708 75.
2218 2649 2424 2705 Laudat
2452 2660 2710 2719 praeterea
2739 2649 3027 2720 Gregorius
3067 2650 3204 2703 libro
3243 2665 3278 2703 ll
3320 2650 3589 2717 llistoritn,

2018 2743 2188 2811 capite
2216 2741 2317 2807 29.,
2351 2742 2671 2808 Apollinaris
2713 2740 2917 2795 Sidonii
2956 2741 3147 2794 librttm
3173 2740 3239 2794 de
3269 2741 3463 2807 Missis,
3497 2741 3584 2795 cui

2020 2834 2132 2902 ipse
2179 2833 2544 2901 prmfationem
2592 2846 2650 2885 se
2688 2830 2996 2899 adiunxisse
3040 2830 3145 2895 ait;
3174 2830 3266 2884 sed
3299 2830 3425 2884 illud
3453 2846 3588 2898 opus

2019 2922 2135 2975 solo
2169 2921 2382 2975 nomine
2420 2931 2575 2975 tenus
2619 2920 2770 2973 nobis
2813 2929 2993 2973 notum
3037 2927 3137 2973 est.
3169 2918 3322 2973 Tanti
3371 2934 3475 2973 non
3505 2928 3585 2975 est

2020 3012 2272 3066 momenti
2304 3010 2483 3064 Passio
2508 3020 2810 3064 sanctorum
2841 3019 3042 3076 septem
3073 3008 3451 3063 Dormientium
3481 3009 3584 3061 ira.

331 3118 435 3153 non
464 3111 590 3169 puto
610 3100 887 3154 absurdum
909 3101 1057 3166 duci,
1078 3102 1121 3153 si
1144 3100 1207 3155 de
1227 3100 1433 3153 illorum
1455 3100 1554 3152 vita
1580 3116 1909 3153 memoremus
1936 3108 1981 3170 (ζ
2015 3116 2152 3159 trum
2178 3103 2369 3172 Ephesi
2393 3103 2797 3173 quiescentium,
2822 3118 2976 3171 quam
3002 3117 3061 3156 se
3083 3102 3133 3156 in
3157 3100 3400 3155 Latinum
3420 3112 3583 3155 trans-

331 3193 530 3263 aliqua,
552 3194 618 3247 de
634 3195 813 3263 quibus
835 3194 981 3247 nulla
1003 3194 1326 3262 cognovimus
1344 3208 1449 3247 esse
1462 3193 1771 3260 conscripta.
1796 3191 1909 3246 Non

332 3286 517 3354 itaque
570 3286 789 3354 scripsit
836 3286 906 3341 de
949 3297 1253 3341 sanctorum
1307 3288 1492 3355 gestis,
1543 3300 1659 3354 quae
1705 3286 1914 3342 aliunde

330 3388 458 3429 nota
486 3386 672 3441 erant,
703 3387 796 3431 aut
840 3393 1064 3447 quorum
1108 3377 1240 3430 Viue
1286 3378 1636 3430 habebantur.
1670 3374 1774 3429 Sed
1800 3374 1909 3443 jam

331 3467 550 3520 tandem
606 3467 675 3521 ad
728 3467 1017 3523 secundam
1074 3467 1401 3538 prtefationis
1458 3476 1653 3521 nostra:
1708 3479 1912 3536 partem

334 3558 737 3613 transeundum.

401 3670 466 3723 ll.
494 3698 566 3710 —
595 3670 687 3725 72.
714 3671 863 3725 Nulla
895 3669 1063 3726 ferme
1089 3678 1172 3725 est
1201 3669 1253 3724 in
1296 3668 1632 3726 contexendo
1672 3667 1913 3738 Gregorii

332 3776 555 3830 operum
586 3765 831 3831 catalogo
860 3762 1141 3816 difficultas
1161 3804 1175 3827 ,
1202 3777 1321 3815 cum
1363 3776 1423 3817 ea
1457 3776 1562 3814 non
1592 3760 1763 3813 solum
1795 3774 1911 3827 pas-

332 3852 433 3903 sim
466 3852 518 3903 in
546 3854 664 3906 suis
698 3851 846 3905 libris
867 3854 1214 3917 recensuerit,
1245 3852 1337 3907 sed
1362 3861 1417 3905 et
1442 3851 1750 3919 singillatim
1780 3866 1913 3904 enu-

332 3940 620 3995 meraverit
657 3942 710 3994 in
760 3940 863 3994 line
910 3942 1033 3995 libri
1082 3940 1273 3996 decimi
1327 3941 1574 3994 llistorite
1623 3940 1912 3994 Francicaa.

334 4030 554 4098 Decem,
590 4032 792 4102 inquit,
824 4033 981 4087 libros
1030 4033 1409 4100 Histeriarum,
1457 4046 1643 4103 septem
1687 4034 1914 4088 Miracu-

332 4123 535 4188 lorum,
566 4139 725 4176 unum
754 4125 817 4177 de
844 4124 975 4178 Vitis
1001 4124 1215 4178 Patrum
1240 4127 1440 4196 scripsi.
1468 4124 1532 4178 In
1561 4128 1786 4195 psalterit'
1811 4138 1918 4181 tre‘

331 4226 523 4268 statum
567 4216 755 4269 librum
795 4233 953 4270 unum
998 4226 1366 4271 commentatus
1405 4234 1517 4270 sum
1531 4234 1550 4281 ;
1580 4218 1645 4271 de
1691 4219 1918 4271 cursilus

331 4310 489 4361 etiam
528 4306 900 4362 Ecclesiasticis
940 4326 1097 4363 unum
1138 4310 1325 4363 librum
1354 4310 1581 4363 condidi.
1613 4310 1750 4376 Quid
1794 4324 1918 4363 vero

332 4399 602 4453 librorum
628 4411 829 4467 septem
856 4401 1237 4455 miraculorum
1269 4400 1483 4454 nomine
1514 4401 1807 4468 intelligat,
1842 4401 1917 4466 ip-

333 4501 507 4547 semet
537 4493 593 4546 in
641 4494 860 4563 prologo
899 4496 1014 4549 libri
1043 4495 1110 4549 de
1136 4495 1319 4550 Gloria
1346 4495 1723 4549 Confessorum
1752 4509 1915 4560 expu-

333 4586 432 4638 υἷι.
468 4581 535 4637 In
572 4586 740 4655 primo
780 4584 953 4637 libello
998 4585 1303 4639 inssruimus
1340 4587 1514 4655 aliqua
1555 4586 1618 4637 de
1658 4586 1917 4639 miraculis

335 4676 550 4729 Domini
602 4692 665 4729 ac
713 4686 1005 4730 sanctorum
1069 4678 1453 4746 apostolorum,
1513 4676 1917 4744 reliquorumque

335 4777 655 4837 martyrum,
691 4784 807 4838 qua
842 4770 1082 4823 hactenus
1124 4770 1376 4823 latuerunt
1398 4807 1415 4833 ,
1454 4778 1557 4823 etc.
1588 4769 1653 4821 In
1697 4771 1918 4821 secundo

335 4861 599 4929 posuimus
620 4861 685 4913 de
706 4860 969 4913 virtutibus
988 4862 1150 4914 sancti
1176 4858 1377 4912 Iuliani
1400 4861 1654 4927 martyris.
1686 4860 1918 4925 Quatuor

335 4967 456 5005 vero
502 4952 706 5006 libellos
743 4953 807 5007 de
849 4953 1116 5006 virtutibus
1162 4953 1326 5005 sancti
1372 4951 1619 5014 Martini;
1649 4955 1918 5021 septimum

335 5044 400 5097 de
425 5045 764 5111 quorumdam
790 5043 1194 5115 Religiosorum,
1218 5058 1314 5097 seu
1332 5083 1346 5107 ,
1378 5052 1434 5097 ut
1466 5043 1700 5111 plerique
1731 5057 1920 5093 manu-

335 5133 520 5199 scripti
560 5134 775 5189 codices
822 5134 1052 5198 habent,
1088 5132 1458 5187 Feliciosorum
1503 5136 1650 5184 vita:
1692 5141 1920 5184 octavum

336 5225 477 5277 hunc
503 5225 772 5278 scribimus
790 5224 855 5279 de
879 5223 1144 5278 Miraculis
1164 5222 1544 5291 Confessorum.
1571 5220 1644 5273 De
1667 5220 1748 5272 bis
1776 5218 1920 5272 libris

340 5316 482 5368 nulla
514 5316 821 5369 difﬁcultas.
850 5316 1019 5383 Quem
1051 5317 1193 5369 enim
1223 5314 1457 5369 secundo
1490 5312 1605 5365 loco
1632 5309 1793 5362 vitam
1823 5309 1925 5362 Re-

341 5410 638 5477 liggosorum
666 5423 759 5463 seu
810 5407 1182 5462 Feliciosorum
1230 5406 1495 5475 appellit,
1530 5401 1573 5456 is
1617 5409 1701 5455 est
1739 5399 1829 5468 qui
1872 5400 1923 5452 in

345 5498 592 5554 llistorize
615 5500 717 5553 line
740 5499 933 5553 dicitur
963 5499 1097 5552 liher
1127 5497 1193 5550 de
1226 5495 1353 5548 Vitis
1380 5493 1616 5547 Patrum.
1650 5489 1710 5543 lli
1737 5502 1926 5541 omnes

348 5600 558 5645 exstant
587 5601 780 5659 prteter
812 5591 1005 5645 librum
1036 5588 1106 5643 de
1134 5589 1379 5641 cursibus
1409 5581 1806 5644 ecclesiasticis,
1839 5581 1926 5646 qui

350 5683 561 5736 omnino
591 5682 823 5744 interiit;
847 5692 901 5737 et
930 5679 1372 5734 commentarium
1406 5676 1459 5728 iu
1488 5673 1743 5738 psalmos,
1775 5671 1926 5737 cuth

2018 3196 2201 3251 tulisse
2248 3197 2364 3265 Syri
2396 3194 2671 3265 cujusdam
2709 3195 3011 3262 interpretis
3044 3208 3145 3262 ope
3182 3192 3376 3247 fatetur
3402 3192 3454 3247 in
3483 3208 3579 3246 ca-

2018 3290 2125 3357 pite
2151 3285 2220 3341 95
2247 3286 2365 3341 libri
2405 3287 2472 3340 de
2527 3285 2704 3339 Gloria
2758 3281 3049 3353 Martyrum
3074 3322 3089 3345 ,
3144 3282 3231 3337 ubi
3263 3282 3379 3352 ejus
3404 3284 3578 3351 epito-

2020 3395 2139 3433 mcn
2169 3378 2350 3433 refert.
2385 3383 2462 3433 An
2491 3392 2619 3431 vero
2647 3390 2867 3445 usquam
2896 3382 3071 3429 exstet
3112 3372 3229 3428 haec
3272 3375 3383 3443 ipsa
3414 3376 3587 3428 versiu

2016 3483 2045 3522 a
2072 3469 2331 3537 Gregorio
2358 3468 2608 3520 adornata
2626 3506 2642 3531 ,
2670 3466 2931 3520 incertum
2960 3473 3059 3518 est.
3094 3463 3238 3517 lianc
3261 3463 3404 3517 enim
3428 3478 3585 3532 quam

2018 3560 2204 3615 Surius
2236 3560 2427 3623 habet,
2456 3558 2834 3626 Grcgoriauam
2865 3570 2968 3609 non
3000 3569 3119 3609 esse
3146 3555 3229 3608 vel
3259 3570 3323 3609 ex
3366 3568 3431 3608 eo
3472 3556 3588 3607 solo

2016 3650 2352 3719 coujicimus,
2378 3648 2517 3717 quod
2560 3648 2630 3701 ibi
2666 3646 3046 3700 Dormientium
3084 3643 3293 3698 nomina
3335 3645 3589 3712 pleraque

2017 3744 2117 3796 alia
2144 3742 2253 3795 sint
2279 3741 2347 3791 ab
2379 3740 2461 3806 iis,
2487 3752 2605 3807 qua:
2632 3736 2744 3805 ipse
2765 3735 3048 3802 Gregorius
3080 3734 3131 3785 in
3164 3732 3299 3785 libro
3322 3732 3385 3784 de
3407 3731 3584 3784 Gloria

2028 3830 2319 3905 Martyrum
2382 3833 2642 3884 recenset.
2717 3824 2916 3880 Eadem
2953 3838 3080 3875 vero
3111 3823 3220 3889 ipsa
3255 3824 3469 3874 nomina
3498 3837 3585 3873 re-

2020 3929 2304 3991 prtesentat
2343 3916 2652 3971 eorumdem
2700 3914 3087 3967 Dormientium
3138 3910 3385 3975 historia,
3428 3927 3585 3979 quant

2019 4016 2071 4069 in
2100 4012 2364 4067 nonnullis
2392 4008 2663 4063 codicibus
2708 4005 3083 4072 manuscriptis
3123 4003 3458 4068 invenimus;
3492 4004 3587 4056 scd

2020 4119 2138 4157 cum
2170 4101 2333 4154 multa
2360 4098 2535 4151 dubia:
2567 4096 2689 4148 iidei
2719 4096 3022 4159 contineat,
3057 4107 3154 4146 nec
3180 4101 3387 4146 constet
3417 4108 3481 4145 an
3514 4092 3591 4160 ip-

2018 4197 2128 4248 sius
2156 4192 2394 4260 Gregorii
2426 4187 2564 4243 fetus
2590 4188 2693 4242 dici
2720 4189 2915 4255 possit,
2946 4164 3048 4239 non
3076 4185 3246 4238 visum
3269 4193 3351 4239 est
3376 4185 3424 4239 ei
3455 4185 3592 4236 inter

2022 4286 2160 4339 illius
2197 4299 2359 4352 opera
2408 4282 2582 4334 locum
2629 4280 2781 4333 dare.
2830 4279 2904 4332 De
2947 4279 3170 4329 aliorum
3216 4284 3418 4343 septem
3461 4277 3593 4329 Dor-

2023 4376 2297 4432 mientium
2353 4371 2577 4426 historia
2647 4373 2884 4424 dicemus
2938 4362 3176 4422 inferius.
3230 4368 3590 4421 Occurreruut

1949 4467 2182 4539 Detiam
2230 4464 2382 4517 nobis
2429 4460 2640 4515 codices
2692 4459 3077 4527 manuscriptos
3136 4457 3589 4523 perst-rutautibus

2021 4556 2165 4608 varia
2190 4552 2439 4621 opuscula
2468 4553 2565 4605 sub
2588 4550 2827 4618 Gregorii
2860 4552 3090 4612 nomine,
3115 4564 3231 4616 qua:
3254 4564 3437 4612 sermo,
3460 4549 3593 4612 vita,

2023 4646 2286 4711 transitus,
2309 4652 2400 4697 aut
2419 4642 2667 4695 miracula
2699 4641 3081 4701 inscribuntur,
3106 4637 3172 4689 de
3198 4638 3463 4689 nonnullis
3488 4638 3594 4690 sci~

2023 4734 2147 4787 licet
2193 4734 2411 4791 sanctis,
2450 4729 2540 4798 qui
2585 4727 2722 4795 apud
2770 4726 3085 4795 Gregorium
3134 4725 3412 4776 laudantur
3445 4740 3460 4776 :
3499 4724 3592 4779 sed

2021 4835 2139 4876 cum
2170 4836 2231 4873 ea
2263 4817 2394 4871 nihil
2437 4815 2577 4869 aliud
2610 4816 2716 4866 siut
2741 4830 2897 4881 quam
2932 4812 3194 4881 ipsissitua
3228 4810 3468 4878 Gregorii
3498 4825 3591 4863 ca-

2023 4912 2161 4979 pita,
2194 4908 2245 4962 iu
2283 4907 2475 4977 quibus
2507 4906 2573 4959 de
2608 4904 2868 4972 ejusmodi
2911 4906 3107 4955 sanctis
3138 4902 3275 4966 agit,
3318 4916 3381 4952 ex
3430 4900 3596 4966 ipsius

2022 5000 2274 5069 operibus
2322 5006 2602 5065 excerpta,
2653 4995 2720 5047 de
2762 4993 2827 5047 iis
2867 4990 3036 5069 fusius
3089 4986 3354 5056 inquirere
3406 5001 3591 5057 super-

2024 5067 2184 5143 fluum
2220 5089 2425 5142 luisset.
2951 5067 2973 5077 ’

2097 5199 2186 5253 τι.
2225 5198 2487 5253 Gzeterum
2518 5203 2709 5265 praater
2738 5194 2901 5248 libros
2929 5208 2957 5245 a
2991 5191 3141 5245 nobis
3172 5204 3331 5257 supra
3361 5195 3589 5247 recensi.

2030 5304 2133 5358 tos,
2180 5292 2418 5360 plerique
2466 5286 2770 5355 complures
2820 5284 3029 5339 libellos
3075 5284 3370 5353 singulares
3399 5287 3465 5340 de
3495 5292 3598 5341 vita

2029 5392 2232 5460 aliquot
2258 5394 2559 5440 sanctorum
2592 5386 2729 5437 inter
2756 5381 2997 5451 Gregorii
3038 5396 3198 5451 opera
3249 5387 3598 5441 enumerant,

2031 5496 2164 5548 quos
2192 5480 2242 5533 in
2273 5476 2433 5530 variis
2473 5475 2717 5528 llistorite
2769 5473 3040 5526 Fraucicae
3088 5480 3179 5525 aut
3228 5471 3598 5524 Miraculornni

2031 5574 2181 5627 libris
2207 5572 2320 5639 ipse
2340 5569 2625 5638 Gregorius
2652 5566 2847 5619 laudat.
2874 5565 3031 5619 Tales
3054 5572 3175 5617 sunt
3204 5561 3327 5613 liber
3348 5560 3410 5611 de
3435 5558 3602 5609 sancti

2036 5662 2200 5717 Illidii
2224 5662 2355 5724 vita,
2382 5676 2536 5729 quem
2569 5658 2744 5712 laudat
2788 5658 2919 5710 lihro
2951 5671 2967 5709 t
2999 5653 3259 5715 Historiae,
3292 5651 3465 5719 capite
3498 5650 3601 5713 ill;
