4024 6192
459 314 526 373 63
1874 294 2060 352 ΡῐιιΕΕ

2177 296 2260 351 10.
3651 296 3722 351 64

464 432 596 485 liber
618 428 683 482 de
718 427 824 480 uita
854 427 1017 480 sancti
1059 422 1325 489 Quintiani
1354 420 1446 475 lib.
1482 434 1552 485 tt,
1585 416 1760 488 capite
1783 416 1876 472 '56.
1905 416 2038 471 Aliis
2066 416 2118 474 Α
2139 420 2274 477 stet,
2307 411 2497 465 frustra
2528 410 2595 466 de
2623 411 2738 480 ejus
2766 418 2988 466 auclore
3016 410 3320 481 inquiritur,
3366 412 3506 484 quod
3554 428 3722 469 nemo

465 525 517 577 in
559 522 688 576 locis
733 527 992 575 memorat
1037 531 1064 569 a
1110 530 1169 570 se
1216 513 1544 581 conscriptos
1591 510 1773 575 libroz,
1813 509 1882 563 de
1917 509 2031 561 Vita

466 622 667 669 sancta:
716 608 1083 681 Monegundis.
1123 606 1190 659 de
1226 604 1345 657 Vita
1388 601 1556 655 sancti
1605 600 1823 665 Nicetii,
1865 597 2038 653 sancti

472 705 707 769 Friardi,
740 702 904 757 sancti
935 700 1207 766 Caluppae,
1250 695 1418 749 sancti
1459 693 1703 758 Senocb,
1735 693 1904 745 sancti
1936 691 2039 744 Pa-

470 799 653 859 trocli.
686 810 819 865 quos
858 793 1078 847 Vossius
1120 800 1176 845 et
1217 789 1307 843 alii
1352 788 1656 857 singillatim
1702 787 1753 840 in
1801 783 2042 853 catalogo

472 888 710 959 Gregorii
738 901 955 951 operum
984 890 1287 937 recensent.
1311 878 1565 947 Quamvis
1585 887 1788 932 certum
1813 879 1880 929 sit
1908 877 2043 930 alios

473 999 576 1036 non
606 995 722 1035 esse
751 982 817 1031 ab
862 979 965 1031 illis
1014 976 1131 1030 libri
1163 976 1297 1029 Vita:
1346 974 1559 1026 Patrum
1608 970 1891 1040 capitibus,
1925 984 2044 1037 qua:

471 1073 570 1126 sub
596 1074 816 1126 istorum
848 1079 1153 1122 sanctorum
1184 1066 1308 1119 vita:
1340 1064 1505 1117 titulis
1541 1063 1682 1117 edita
1709 1071 1854 1116 sunt.
1886 1061 1948 1114 Et
1978 1063 2046 1114 de

473 1164 558 1217 his
602 1164 777 1227 nulla,
821 1160 959 1229 quod
1002 1159 1216 1225 quidem
1257 1157 1456 1215 sciam.
1497 1163 1673 1209 exstat
1721 1156 1860 1207 inter
1904 1151 2047 1205 viros

474 1257 715 1311 eruditos
755 1250 1140 1308 controversia.
1171 1249 1355 1303 Utrum
1387 1263 1514 1302 vero
1555 1247 1714 1301 libelli
1758 1246 1842 1299 isti
1876 1248 2046 1311 reipsa

476 1364 507 1402 ει
539 1348 674 1401 Vitis
708 1353 918 1400 Patrum
963 1343 1274 1398 secernendi
1313 1341 1450 1405 sint,
1495 1347 1552 1393 ιιι
1600 1338 1926 1406 Margarinus
1958 1335 2045 1388 Bi-

477 1442 652 1510 gnius,
679 1438 1024 1492 Colonicnses
1054 1436 1308 1489 Doctores
1330 1443 1383 1486 et
1404 1433 1492 1484 alii
1520 1431 1573 1484 in
1594 1432 1704 1483 suis
1732 1426 2051 1481 editionibus

477 1534 671 1596 iecere,
706 1544 886 1595 parum
920 1528 1159 1580 interest.
1182 1525 1342 1585 Sane,
1370 1532 1426 1575 ut
1449 1522 1660 1591 quidem
1692 1518 1888 1582 sentio,
1918 1516 2053 1570 Gre-

478 1636 559 1689 go:
578 1622 660 1675 ius
689 1635 915 1689 [rmttm
944 1619 1142 1682 aliquot
1172 1627 1477 1669 sanctorum
1508 1611 1691 1667 sreeuli
1718 1611 1798 1664 sui
1830 1608 2047 1661 Patrum

478 1716 616 1766 vitas
647 1713 697 1765 in
731 1728 890 1764 umtm
942 1710 1133 1763 librant
1165 1708 1372 1761 videtur
1416 1704 1721 1774 collegisse,
1767 1715 1924 1771 quem
1972 1698 2053 1751 in-

2122 514 2380 556 .veterum
2428 502 2694 568 laudavit,
2738 516 2836 556 nec
2874 502 3013 556 ullus
3052 504 3407 557 recentiorum
3454 504 3588 559 vidit
3618 519 3725 558 un-

2141 611 2323 665 quam.
2356 595 2431 649 De
2472 594 2776 662 Antipltona
2825 608 2954 648 vero
3002 593 3055 648 in
3110 593 3366 647 honorem
3397 595 3566 649 sancti
3613 594 3729 649 ble-

2143 690 2324 752 dardi,
2356 704 2517 757 quam
2546 689 2643 742 sub
2674 687 2912 755 Gregorii
2958 687 3123 741 nostri
3174 686 3386 741 nomine
3427 686 3593 739 edidit
3623 686 3719 741 Su.

2144 781 2277 845 rius,
2302 780 2383 833 vis
2426 779 2713 848 quidquam
2744 778 2877 832 certi
2922 778 3025 832 dici
3074 790 3275 847 pateat,
3303 792 3425 832 cum
3465 777 3594 830 nihil
3631 776 3731 830 ha-

2145 874 2299 937 heat,
2332 872 2472 925 unde
2500 871 2617 940 ejus
2648 880 2835 924 auctor
2863 871 3039 923 valeat
3066 870 3322 938 dignosci.
3362 869 3497 923 Nihil
3544 879 3727 923 autem

2146 966 2349 1019 veritati
2381 966 2657 1018 dissonum
2684 963 3082 1032 complectitur,
3107 963 3153 1017 si
3181 962 3230 1016 id
3256 961 3395 1031 quod
3418 962 3487 1016 de
3511 970 3730 1015 sancto-

2147 1071 2264 1111 rum
2310 1054 2541 1109 Medardi
2580 1064 2635 1110 et
2668 1054 2907 1110 Gildardi
2950 1054 3097 1107 obitu
3139 1053 3336 1118 refert,
3376 1054 3564 1107 eadem
3614 1055 3727 1122 die,

2148 1163 2253 1202 non
2304 1162 2432 1201 vero
2468 1147 2658 1202 eodem
2705 1161 2847 1201 anno
2892 1146 3102 1200 dicatur
3131 1147 3441 1216 contigisse.
3469 1148 3599 1201 Eam
3629 1164 3730 1202 suo

2150 1240 2271 1294 loco
2299 1240 2650 1308 proferemus.

2220 1332 2310 1387 76.
2348 1331 2491 1385 Inter
2525 1331 2628 1385 alia
2675 1331 2955 1385 innumera
2986 1330 3232 1394 Patrum,
3260 1330 3595 1400 aliorumque
3637 1348 3737 1385 ve-

2153 1432 2320 1477 terum
2370 1423 2685 1489 scriptorum
2717 1423 3001 1489 opuscula,
3034 1438 3151 1488 qua:
3200 1422 3250 1475 iu
3302 1422 3543 1491 catalogo
3574 1423 3731 1475 codi-

2149 1532 2270 1572 cum
2301 1517 2780 1586 manuscriptorum
2812 1517 3015 1585 Anglia:
3041 1516 3341 1580 laudantur,
3371 1517 3636 1579 occurrit,
3666 1524 3730 1569 ut

2154 1620 2333 1664 monet
2366 1608 2657 1673 Freberus,
2692 1606 2915 1662 Libellus
2953 1609 3019 1660 de
3057 1608 3291 1677 passione
3331 1605 3571 1673 Domini,
3600 1606 3734 1662 Gre-

2154 1704 2302 1769 gorio
2325 1700 2624 1755 Turonensi
2651 1702 2901 1755 tributus.
2926 1700 3030 1755 Sed
3061 1702 3200 1754 hunc
3231 1701 3421 1756 librum
3445 1716 3474 1755 a
3503 1702 3734 1770 vulgatis

476 1805 689 1872 Scripsit
720 1803 785 1856 de
820 1802 932 1855 Vita
982 1799 1329 1870 quorumdam
1380 1795 1742 1848 Feliciosorum
1786 1802 1875 1845 aut
1912 1790 2050 1843 Reli-
2082 1799 2128 1856 Β
2157 1794 2325 1848 uestis
2366 1792 2525 1846 Pitau'
2556 1792 2984 1862 distinguendum
3031 1810 3136 1847 ηοη
3190 1809 3312 1848 esse
3354 1802 3539 1849 censet
3587 1794 3734 1849 idem

478 1898 775 1968 giosorum;
812 1903 989 1959 postea
1033 1906 1160 1945 vero
1187 1904 1306 1943 cum
1338 1897 1393 1941 et
1431 1888 1654 1939 aliorum
1691 1896 1902 1951 quoque
1930 1895 2053 1933 san-

479 2000 685 2044 ctorum
713 1996 857 2056 gesta
881 1984 1259 2050 comperisset,
1283 1980 1350 2034 de
1374 1980 1437 2032 iis
1460 1977 1673 2031 libellos
1697 1973 1921 2029 scorsim
1942 1972 2055 2026 edi-

478 2082 584 2144 dit,
618 2094 748 2148 quos
788 2087 971 2146 postea
1001 2076 1081 2128 vel
1114 2074 1250 2144 ipse,
1284 2073 1361 2127 vel
1392 2071 1480 2126 alii
1510 2068 1718 2123 caeteris
1763 2066 2055 2134 adjunxero

478 2173 579 2227 sub
610 2172 766 2224 unico
809 2169 940 2225 Vita»
993 2168 1205 2221 Patrum
1255 2164 1428 2218 titulo.
1474 2161 1630 2217 Certe
1677 2162 1730 2213 in
1781 2157 2055 2213 codicibus

482 2263 696 2330 srriptis
726 2275 859 2331 quos
887 2260 1067 2312 videre
1097 2258 1281 2320 licuit,
1308 2270 1495 2309 omnes
1524 2254 1741 2307 omnino
1768 2250 1871 2304 illa:
1896 2250 2051 2313 Vitze,

480 2353 532 2408 id
563 2361 644 2405 est
687 2349 866 2418 viginti
899 2348 1073 2414 capita
1095 2386 1110 2411 ,
1142 2346 1299 2399 simul
1332 2344 1432 2398 sub
1462 2359 1566 2396 uno
1601 2351 1653 2396 et
1690 2341 1878 2395 eodem
1929 2338 2057 2392 Vitae

481 2445 702 2498 Patrum
750 2441 902 2496 titulo
958 2440 1441 2505 habentur:quem
1492 2435 1698 2488 titulum
1729 2442 1933 2488 certum
1975 2439 2058 2485 est

482 2552 580 2591 suo
626 2537 787 2602 libro,
834 2534 966 2588 alias
1016 2530 1390 2585 Feliciosorum
1424 2527 1555 2581 Vitta
1600 2526 1885 2595 appellato,
1920 2538 2055 2592 prae-

484 2630 684 2682 ﬁxisse.
708 2625 873 2694 Major
893 2633 1035 2679 esset
1065 2622 1202 2675 circa
1230 2620 1392 2674 sancti
1424 2617 1629 2672 Nirotui
1665 2614 1832 2667 Vitam
1852 2655 1867 2679 ,
1898 2627 2055 2682 quam

484 2716 873 2774 Sammartltani
899 2715 950 2768 in
974 2712 1143 2767 Gallia
1169 2710 1470 2765 Chrisliana
1493 2706 1727 2770 laudant,
1753 2703 2055 2768 difficultas,

484 2810 582 2862 nisi
606 2817 749 2863 esset
778 2805 1112 2861 librariorttm
1144 2798 1458 2854 manifestus
1478 2811 1648 2856 error,
1674 2801 1765 2846 aut
1789 2802 1935 2847 certe
1963 2807 2058 2845 au-

485 2911 687 2955 ctorum
738 2900 971 2969 ipsorum
1018 2893 1291 2948 memorias
1334 2891 1531 2960 lapsus,
1583 2886 1672 2957 qui
1706 2885 1914 2940 Nicolai
1963 2900 2059 2955 pro

487 2993 673 3045 A‘irctii
703 3004 893 3044 nomen
923 2989 1259 3041 invexcrunt.
1288 2984 1496 3037 Etenim
1518 2979 1944 3044 Sammartltani,
1970 2980 2060 3049 qui

487 3085 585 3137 soli
617 3086 752 3137 inter
782 3082 1020 3151 Gregorii
1052 3096 1213 3145 opera
1244 3078 1411 3132 sancti
1446 3076 1644 3132 Nicolai
1676 3076 1837 3130 vitam
1869 3091 2056 3132 recen-

2158 1886 2456 1947 Freberus,
2486 1895 2539 1939 et
2566 1885 2655 1939 alii
2701 1886 2798 1939 viri
2828 1886 3039 1941 eruditi.
3072 1886 3274 1951 Quibus
3318 1886 3472 1941 facile
3500 1888 3739 1942 subscri-

2156 1976 2350 2039 bimus,
2383 1976 2507 2029 dum
2536 1976 2727 2043 aliquis
2754 1977 2836 2031 vel
2867 1991 2934 2031 ex
2963 1976 3078 2045 ipso
3113 1976 3301 2031 codice
3328 1977 3618 2045 Anglicano
3647 1979 3737 2034 vel

2157 2084 2219 2123 ex
2253 2068 2430 2137 aliquo
2457 2066 2565 2121 alio
2592 2067 2752 2122 simili
2800 2082 2897 2121 nos
2927 2067 3124 2136 aliquid
3155 2068 3352 2122 certius
3394 2068 3634 2123 edoceat.
3669 2069 3739 2122 Et

2155 2160 2370 2228 quidem
2418 2174 2600 2213 ansam
2635 2159 2711 2213 illi
2757 2160 3034 2225 scriptori,
3067 2158 3304 2228 quisquis
3352 2158 3546 2222 fuerit,
3594 2158 3741 2213 hunc

2156 2250 2345 2303 librum
2378 2247 2633 2318 Gregorio
2663 2248 2928 2303 tribuendi
2973 2250 3209 2315 promere
3239 2258 3527 2318 potuerunt
3556 2249 3642 2302 illa
3674 2250 3739 2303 li-

2157 2339 2237 2394 bri
2264 2356 2277 2392 l
2309 2340 2556 2393 Historiae
2588 2339 2911 2393 Francttrum
2930 2385 2942 2405 ,
2973 2340 3161 2409 capitis
3184 2339 3274 2403 23,
3297 2340 3457 2395 verba
3486 2358 3499 2393 :
3534 2339 3743 2395 Pilatus

2157 2442 2322 2483 autem
2350 2430 2505 2483 (λεια
2530 2431 2595 2482 ad
2626 2430 2879 2483 Tiberium
2907 2431 3158 2485 Cursarem
3186 2432 3365 2495 mittit,
3396 2441 3441 2484 et
3470 2432 3515 2484 ei
3536 2441 3643 2485 tam
3673 2433 3743 2485 de

2157 2522 2423 2574 uirtutibus
2452 2520 2671 2583 Christi,
2700 2538 2855 2591 quam
2882 2523 2945 2575 de
2982 2525 3215 2592 passione
3253 2526 3329 2575 uel
3375 2524 3744 2576 resurrectione

2159 2615 2272 2678 eius
2316 2611 2561 2664 insinuat.
2610 2611 2736 2679 Qua:
2776 2623 2912 2680 gesta
2955 2615 3093 2683 apud
3135 2630 3226 2667 nos
3268 2614 3419 2668 hodie
3464 2615 3747 2669 retinentur

2158 2701 2367 2768 scripta.
2401 2699 2506 2754 Sed
2535 2711 2683 2769 gesta
2714 2701 2806 2755 illa
2835 2702 2973 2770 apud
3003 2718 3062 2756 se
3085 2703 3298 2771 quidem
3330 2704 3512 2758 haberi
3541 2701 3747 2758 fatetur

2162 2789 2479 2859 Gregorius,
2513 2806 2620 2845 non
2670 2801 2847 2847 autem
2879 2807 2910 2846 a
2952 2807 3011 2846 se
3038 2794 3155 2862 ipso
3184 2794 3379 2861 scripta
3408 2795 3552 2848 dicit.
3588 2793 3751 2847 Unde

2161 2880 2394 2934 nondum
2423 2881 2560 2936 inter
2590 2883 2732 2937 illius
2772 2897 2931 2953 opera
2978 2883 3152 2938 laeum
3196 2883 3452 2952 habuere,
3485 2898 3582 2939 nec
3612 2900 3750 2940 vero

2162 2972 2363 3028 habere
2389 2973 2601 3029 debent.

2233 3086 2323 3139 7i.
2367 3086 2580 3140 Librum
2611 3085 2677 3141 de
2704 3087 2970 3142 Miraculis
3001 3090 3169 3143 sancti
3202 3090 3427 3145 Andretc
3459 3091 3557 3147 sub
3604 3092 3751 3149 Gre-

488 3185 637 3237 sont,
674 3173 843 3227 Vossii
875 3174 1046 3225 locum
1078 3185 1141 3225 ex
1173 3170 1310 3224 libro
1335 3170 1403 3223 de
1446 3169 1725 3223 Historicis
1757 3169 1939 3223 latinis
1965 3183 2059 3223 ex-

2167 3180 2296 3250 gorii
2326 3178 2655 3234 Turonensis
2682 3181 2899 3234 nomine
2929 3181 3227 3235 invenimus
3259 3183 3311 3235 in
3340 3184 3523 3237 codice
3555 3185 3755 3239 biblio-

490 3265 841 3333 scripserunt.
870 3263 933 3315 At
967 3262 1181 3314 Vos~ius
1209 3261 1369 3314 vitam
1393 3261 1562 3314 sancti
1592 3259 1793 3314 Nicolai
1827 3275 1931 3313 non
1961 3259 2058 3313 ba-

491 3358 598 3419 bct,
629 3355 719 3409 sed
748 3354 935 3408 Nicetii
961 3368 1120 3423 quam
1153 3351 1549 3409 Sammarthani
1571 3351 1843 3405 omittunt.

558 3468 646 3523 73.
690 3468 902 3521 Librum
940 3467 1097 3520 etiam
1145 3465 1213 3520 de
1253 3464 1579 3518 Mirabilibus
1608 3464 1776 3517 sancti
1824 3458 2061 3515 Medardi

492 3561 804 3627 inscriptum
852 3558 992 3612 inter
1038 3556 1278 3625 Gregorii
1330 3556 1498 3608 nostri
1548 3570 1712 3621 opera
1745 3567 2063 3608 recensuere

492 3651 707 3705 Barrius
731 3659 911 3703 auctor
938 3648 1182 3701 Historia:
1210 3645 1525 3701 Christiana:
1550 3654 1786 3698 veterum
1814 3643 2024 3697 Patrum
2045 3683 2063 3707 ,

493 3742 727 3810 Bignius,
761 3738 1105 3794 Colonienses
1138 3746 1191 3790 ct
1238 3736 1359 3800 alii,
1410 3750 1543 3804 quos
1584 3745 1797 3789 secutus
1841 3744 1922 3788 est
1960 3734 2066 3789 Ge-

493 3832 684 3885 tardus
712 3831 944 3885 Joannes
977 3829 1194 3884 Vossius
1223 3828 1360 3883 libro
1385 3844 1417 3881 ιι
1445 3829 1510 3882 de
1534 3827 1810 3882 Historicis
1840 3827 2063 3892 Latinis,

494 3934 539 3974 et
568 3921 654 3975 al.i
682 3922 940 3986 nonnulli,
967 3920 1035 3975 ob
1058 3921 1215 3984 hunc,
1244 3922 1317 3973 uti
1341 3920 1551 3974 Gointio
1574 3919 1795 3983 videtur,
1823 3917 2065 3987 Gregorii

495 4016 667 4067 locum
697 4029 760 4068 es
809 4013 943 4066 libro
984 4015 1049 4066 de
1082 4011 1258 4065 Gloria
1305 4010 1718 4075 (Ξυιιΐθεεητιιιιι,
1753 4010 1926 4078 capite
1974 4008 2065 4075 95,

497 4106 586 4159 ubi
608 4105 674 4159 de
703 4116 887 4158 saneto
917 4103 1168 4158 Medardo
1195 4104 1267 4157 ait
1292 4120 1306 4156 :
1342 4101 1465 4156 Post
1488 4104 1733 4174 scriptum
1756 4103 1817 4154 de
1850 4099 2069 4154 Mirabi-

497 4196 627 4248 libus
670 4195 781 4265 ejus
826 4193 1012 4247 librum
1056 4193 1241 4245 mulier
1290 4194 1559 4259 quaedam,
1606 4201 1748 4254 etc.;
1801 4205 1958 4259 quem
2000 4190 2068 4244 li-

500 4287 654 4339 brum
705 4286 774 4339 ob
824 4286 871 4337 id
927 4285 1189 4353 praecipue
1245 4283 1501 4351 Gregorio
1551 4284 1883 4348 tribuerunt,
1930 4282 2068 4352 quod

500 4378 636 4431 alius
667 4375 824 4429 fuerit
848 4376 912 4429 ab
939 4374 1175 4444 ejusdem
1206 4375 1372 4427 sancti
1405 4373 1541 4440 Vita,
1573 4389 1728 4443 quam
1754 4372 2071 4426 Fortunatus

501 4465 735 4531 scripsit.
772 4465 894 4517 lltec
933 4466 1074 4518 enim
1111 4465 1226 4519 Vita
1259 4479 1363 4517 non
1397 4465 1496 4518 nisi
1532 4475 1650 4533 post
1691 4464 1930 4534 Gregorii
1958 4464 2073 4518 obi-

2164 3273 2330 3325 tbeca:
2354 3281 2550 3326 nostra:
2573 3274 2741 3326 saneti
2766 3272 3016 3327 Germani
3043 3290 3071 3326 a
3095 3274 3287 3342 Pratis,
3314 3277 3381 3330 ab
3409 3276 3562 3343 armis
3584 3277 3756 3332 circi-

2162 3372 2243 3417 ter
2272 3365 2535 3418 sexcentis
2564 3366 2763 3433 scripto
2789 3382 2803 3418 :
2836 3367 2926 3433 qui
2964 3366 3096 3420 liber
3123 3367 3174 3421 in
3200 3369 3321 3421 aliis
3352 3344 3563 3438 quoque
3592 3370 3757 3423 codi-

2162 3455 2312 3508 cibus
2344 3454 2587 3522 habetur,
2615 3456 2708 3509 sed
2735 3457 2934 3526 absque
2957 3455 3197 3529 Gregorii
3231 3460 3554 3528 prmlatione.
3588 3460 3746 3517 lianc

2163 3554 2338 3599 autem
2364 3545 2748 3614 prmfatiouem,
2774 3549 2911 3601 sicut
2933 3559 2984 3602 et
3008 3549 3222 3603 brevem
3250 3553 3426 3619 operis
3448 3554 3747 3622 epilogum,

2164 3634 2404 3704 Gregortt
2429 3636 2588 3689 fetum
2610 3652 2727 3690 esse
2744 3640 2864 3708 styli
2884 3648 2937 3692 et
2956 3641 3221 3694 scribendi
3241 3645 3376 3695 ratio
3403 3644 3482 3697 vix
3505 3645 3760 3698 dubitare

2164 3727 2374 3781 sinunt:
2403 3728 2501 3781 etsi
2531 3726 2689 3795 hujus
2715 3729 2832 3782 libri
2862 3731 3059 3783 nullam
3088 3732 3137 3783 in
3161 3746 3381 3799 Operam
3410 3747 3625 3785 suorum
3656 3748 3758 3786 ca-

2167 3818 2340 3888 talogo
2366 3823 2547 3873 iecerit
2573 3821 2918 3874 mentionem.
2949 3823 3129 3884 Neque
3155 3825 3201 3877 id
3232 3827 3422 3879 mirum
3448 3826 3611 3880 videri
3638 3826 3750 3881 de-

2168 3912 2277 3979 bet,
2299 3913 2341 3965 si
2365 3912 2575 3982 quidem
2597 3929 2695 3967 nec
2718 3914 2907 3967 librum
2929 3915 2997 3969 ibi
3018 3920 3285 3971 recensuit
3307 3918 3579 3971 Missarum
3600 3920 3763 3986 Apol-

2168 4001 2353 4057 linaris
2380 4002 2618 4069 Sidonii,
2646 4005 2731 4058 cui
2762 4006 2893 4059 alias
2924 4022 2981 4061 se
3032 4006 3391 4075 pra-lationem
3441 4010 3760 4078 adjtmxisse

2171 4108 2468 4163 memorat;
2497 4113 2593 4152 nec
2616 4100 2914 4166 passionem
2942 4108 3144 4165 septem
3172 4099 3553 4154 Dormientium
3575 4100 3765 4168 Ephe-

2170 4188 2442 4253 sinoruut,
2466 4204 2622 4257 quam
2652 4203 2682 4242 c
2713 4187 2899 4244 Grmco
2929 4190 2981 4245 in
3013 4190 3256 4244 Latinum
3285 4207 3313 4244 a
3345 4207 3403 4246 se
3441 4193 3761 4248 translatam

2171 4278 2334 4333 luisse
2356 4280 2581 4347 ipsemet
2603 4280 2729 4333 alibi
2757 4289 2994 4336 testatur.
3019 4282 3185 4335 Porro
3211 4281 3575 4350 praal‘atiouem
3605 4284 3759 4339 illam

2171 4378 2227 4424 et
2253 4370 2519 4439 epilogum
2552 4371 2603 4424 in
2635 4370 2882 4425 Miracula
2908 4373 3078 4427 sancti
3112 4373 3338 4427 Andreae
3362 4373 3606 4428 dabimus
3627 4388 3759 4432 cum

2170 4460 2534 4530 capitulorum
2558 4460 2730 4514 indice
2758 4471 2813 4514 et
2834 4462 3032 4530 aliquot
3060 4463 3319 4530 capitibus
3341 4478 3458 4532 qua:
3479 4462 3618 4518 edita
3647 4480 3762 4524 non

503 4566 611 4609 tum
641 4556 780 4608 edita
804 4564 902 4607 est.
936 4555 1006 4608 lbi
1030 4557 1223 4623 quippe
1250 4557 1480 4610 lectores
1506 4554 1822 4609 Fortunatus
1849 4555 2067 4625 invitatf,
2098 4549 2150 4609 D
2174 4565 2327 4619 sunt,
2358 4569 2463 4608 non
2492 4565 2668 4609 autem
2701 4556 2892 4609 librum
2922 4556 3129 4623 ipsum,
3162 4557 3251 4625 qui
3283 4556 3417 4610 alius
3448 4572 3551 4609 non
3580 4565 3662 4609 cst
3683 4557 3758 4614 ab

504 4659 559 4700 nt
593 4663 686 4716 pro
710 4646 1061 4700 Tlteodebcrti
1080 4686 1093 4709 ,
1121 4649 1315 4711 inquit,
1342 4649 1473 4717 regis
1504 4648 1688 4713 nostri,
1718 4646 2073 4703 incolumitate

505 4750 690 4807 preces
733 4735 997 4789 eﬂuudant
1028 4752 1039 4785 :
1074 4736 1162 4804 qui
1193 4735 1614 4803 Tlteodebertus,
1648 4752 1753 4790 non
1798 4735 1897 4790 nisi
1945 4735 2074 4791 Gre-

504 4829 654 4897 gorio
679 4827 790 4897 jam
823 4825 1096 4889 defuncto,
1131 4828 1262 4895 patri
1296 4841 1392 4879 suo
1418 4826 1759 4882 Cltildeberto
1791 4827 1833 4881 ll
1861 4842 2075 4882 succes-

503 4922 592 4973 sit.
628 4919 819 4973 Verum
845 4919 941 4971 etsi
975 4918 1165 4971 librum
1191 4918 1257 4971 de
1281 4929 1467 4973 sancto
1498 4918 1749 4973 Medardo
1768 4933 1795 4969 a
1820 4916 2073 4985 Gregorio

504 5010 777 5063 laudatum
811 5007 1082 5062 Fortunati
1118 5007 1279 5062 fetum
1310 5024 1416 5062 non
1448 5024 1566 5063 esse
1597 5010 1903 5073 uteremur,
1937 5006 2074 5060 haud

504 5111 682 5153 tamen
715 5100 836 5155 inde
864 5100 1284 5154 concludendum
1315 5111 1453 5154 esset
1483 5115 1605 5155 eum
1631 5116 1659 5151 a
1681 5098 1935 5165 Gregorio
1965 5096 2079 5151 edi-

505 5199 613 5242 tutn
651 5190 831 5243 fuisse.
863 5190 978 5243 Non
1009 5191 1151 5245 enim
1182 5192 1229 5243 id
1265 5192 1488 5256 probant
1530 5190 1767 5258 Gregorii
1800 5191 1957 5243 verba
1989 5206 2077 5241 su-

508 5282 687 5349 perius
716 5285 877 5335 relata
900 5324 916 5347 ,
946 5300 1063 5337 cum
1098 5286 1166 5340 ibi
1212 5286 1395 5339 librum
1442 5285 1651 5353 quidem
1689 5284 1894 5349 laudet,
1926 5290 2016 5337 sed
2049 5304 2076 5337 ει

508 5386 568 5424 se
608 5374 860 5437 scriptum
895 5389 997 5427 non
1042 5376 1183 5429 dicat
1218 5395 1229 5430 :
1259 5378 1395 5445 quod
1441 5388 1615 5430 tamen
1660 5379 1852 5444 passim
1907 5380 2081 5431 lacere

508 5461 674 5525 Solet,
705 5475 824 5514 cum
862 5464 1117 5531 opuscula
1147 5480 1240 5516 sua
1271 5477 1672 5519 commemorat.
1711 5468 1858 5520 llunc
1887 5468 2077 5520 librum

512 5558 579 5609 ab
612 5560 729 5623 ipsa.
754 5559 977 5610 muliere
1021 5560 1368 5624 compositum
1416 5560 1600 5623 fuisse,
1633 5577 1749 5626 qua:
1781 5561 1850 5614 ibi
1898 5570 2085 5614 sanata

511 5646 701 5699 dicitur
732 5662 759 5698 a
798 5644 1054 5712 Gregorio
1080 5645 1315 5700 Cointius
1355 5650 1649 5703 eontentlit.
1675 5653 1744 5704 At
1786 5664 1905 5703 cum
1953 5648 2082 5703 illud

512 5750 670 5801 oous,
702 5737 803 5795 sia
833 5736 1105 5793 Fortunati
1137 5736 1269 5793 libro
1299 5740 1667 5812 distinguatur.
1702 5754 1957 5810 nusquam
1982 5756 2082 5795 cx-

2096 5817 2150 5826 ~—

2179 4646 2483 4715 apoctyplta
2510 4644 2667 4710 hujus
2687 4647 2854 4700 sancti
2885 4646 3024 4713 Vita,
3049 4662 3167 4714 qua:
3196 4647 3353 4715 vulgo
3373 4645 3553 4701 Abdia:
3584 4647 3767 4718 Baby—

2180 4737 2353 4791 lonico
2382 4737 2539 4792 tribui
2569 4737 2726 4792 solet.

2250 4828 2338 4882 78.
2382 4828 2527 4881 llaud
2560 4829 2710 4897 plura
2742 4827 2915 4883 dicam
2947 4827 3015 4884 de
3046 4829 3289 4897 passione
3319 4829 3490 4882 sancti
3522 4827 3724 4883 Juliani
3747 4871 3765 4896 ,

2180 4934 2338 4989 quam
2363 4919 2414 4972 in
2443 4921 2710 4973 nonnullis
2731 4919 3003 4974 codicibus
3029 4920 3241 4987 scriptis
3266 4920 3567 4973 invenimus
3597 4920 3765 4987 libro,

2184 5011 2273 5077 qui
2314 5010 2381 5063 de
2422 5008 2660 5077 eiusdem
2708 5009 2879 5063 sancti
2911 5010 3177 5063 Miraculis
3215 5024 3244 5061 a
3293 5018 3475 5063 nostro
3501 5009 3768 5078 Gregorio

2184 5100 2415 5169 scriptus
2443 5109 2524 5154 est
2543 5142 2557 5165 ,
2590 5102 2842 5155 insertam
2863 5142 2877 5164 ,
2912 5101 2979 5155 ab
3008 5102 3124 5171 ipso
3154 5100 3432 5171 Gregorio,
3464 5117 3530 5155 an
3558 5104 3627 5155 ab
3655 5102 3769 5156 alio

2184 5191 2392 5259 quovis,
2418 5190 2657 5245 divinare
2679 5207 2786 5245 non
2816 5191 2960 5246 licet.
2990 5193 3155 5245 Erunt
3183 5193 3428 5258 fortasse,
3454 5195 3540 5263 qui
3566 5194 3775 5262 ipsam-

2186 5294 2293 5337 tnet
2323 5285 2627 5337 Passienem
2658 5285 2897 5352 Gregorii
2931 5289 3092 5339 letum
3126 5300 3246 5339 esse
3278 5294 3481 5353 putent.
3509 5285 3579 5339 At
3605 5302 3771 5339 nemo

2186 5379 2286 5428 sibi
2315 5375 2466 5428 facile
2500 5377 2823 5442 persuaserit
2852 5376 2988 5430 hanc
3023 5376 3250 5444 primum
3283 5392 3313 5429 a
3342 5377 3598 5444 Gregorio
3626 5378 3771 5431 scri-

2188 5477 2362 5535 ptam,
2394 5476 2447 5520 et
2486 5469 2553 5520 ab
2595 5468 2687 5521 illo
2728 5468 2843 5535 ipso
2873 5468 3249 5521 miraculorum
3297 5467 3591 5521 narrationi
3623 5483 3772 5535 pra:-

2187 5560 2404 5613 missam
2421 5603 2436 5625 ,
2463 5573 2493 5612 a
2520 5561 2745 5618 posteris
2770 5577 2894 5616 vero
2915 5562 3205 5618 detractam
3237 5563 3433 5629 fuisse;
3459 5580 3579 5619 cum
3607 5580 3776 5621 econ-

2189 5652 2355 5703 trario
2387 5651 2554 5704 multo
2585 5651 2930 5707 verisimilius
2975 5656 3047 5708 sit
3082 5668 3198 5707 eam
3232 5654 3601 5709 Miraculorum
3633 5656 3775 5711 libro

2190 5739 2492 5808 adjunctam
2526 5739 2709 5807 fuisse,
2740 5750 2799 5796 ut
2837 5742 2991 5798 simul
3020 5756 3302 5815 u'rumquc
3333 5746 3384 5801 in
3429 5746 3595 5802 s:.ncti
3628 5748 3773 5803 .‘llar-
