  <div class='ocr_page' id='page_1' title='image "/cluster/home/n/w/nwhite01/storage/ocr_20150623/71/uva.x000827083/040.png"; bbox 0 0 4024 6192; ppageno 0'>
   <div class='ocr_carea' id='block_1_1' title="bbox 243 205 2085 265">
    <p class='ocr_par' dir='ltr' id='par_1_1' title="bbox 243 205 2085 265">
     <span class='ocr_line' id='line_1_1' title="bbox 243 205 2085 265; baseline 0.002 -5"><span class='ocrx_word' id='word_1_1' title='bbox 243 205 301 261; x_wconf 64' lang='lat' dir='ltr'><strong>(iii</strong></span> <span class='ocrx_word' id='word_1_2' title='bbox 1714 208 2085 265; x_wconf 63' lang='lat' dir='ltr'><strong>PREFATIO</strong></span> 
     </span>
    </p>
   </div>
   <div class='ocr_carea' id='block_1_2' title="bbox 3496 212 3566 268">
    <p class='ocr_par' dir='ltr' id='par_1_2' title="bbox 3496 212 3566 268">
     <span class='ocr_line' id='line_1_2' title="bbox 3496 212 3566 268; baseline -0.014 0"><span class='ocrx_word' id='word_1_3' title='bbox 3496 212 3566 268; x_wconf 83' lang='lat'><strong>66</strong></span> 
     </span>
    </p>
   </div>
   <div class='ocr_carea' id='block_1_3' title="bbox 264 322 3569 398">
    <p class='ocr_par' dir='ltr' id='par_1_3' title="bbox 264 322 3569 398">
     <span class='ocr_line' id='line_1_3' title="bbox 264 322 3569 398; baseline 0.001 -19"><span class='ocrx_word' id='word_1_4' title='bbox 264 327 383 396; x_wconf 69' lang='lat' dir='ltr'><strong>mis</strong></span> <span class='ocrx_word' id='word_1_5' title='bbox 408 326 733 381; x_wconf 78' lang='lat' dir='ltr'><strong>iestmtate</strong></span> <span class='ocrx_word' id='word_1_6' title='bbox 775 328 893 396; x_wconf 83' lang='lat' dir='ltr'><strong>legi</strong></span> <span class='ocrx_word' id='word_1_7' title='bbox 926 334 1123 396; x_wconf 79' lang='lat' dir='ltr'><strong>posset.</strong></span> <span class='ocrx_word' id='word_1_8' title='bbox 1155 325 1208 380; x_wconf 91' lang='lat' dir='ltr'><strong>Si</strong></span> <span class='ocrx_word' id='word_1_9' title='bbox 1239 325 1363 394; x_wconf 84' lang='lat' dir='ltr'><strong>quis</strong></span> <span class='ocrx_word' id='word_1_10' title='bbox 1388 333 1564 378; x_wconf 87' lang='lat' dir='ltr'><strong>tamen</strong></span> <span class='ocrx_word' id='word_1_11' title='bbox 1597 338 1650 378; x_wconf 87' lang='lat' dir='ltr'><strong>to</strong></span> <span class='ocrx_word' id='word_1_12' title='bbox 1680 324 1747 376; x_wconf 89' lang='lat' dir='ltr'><strong>ab</strong></span> <span class='ocrx_word' id='word_1_13' title='bbox 1775 325 1889 391; x_wconf 88' lang='lat' dir='ltr'><strong>ipso</strong></span> <span class='ocrx_word' id='word_1_14' title='bbox 1919 329 1966 386; x_wconf 81' lang='grc' dir='ltr'><strong>Α</strong></span> <span class='ocrx_word' id='word_1_15' title='bbox 1994 332 2131 391; x_wconf 69' lang='lat' dir='ltr'><strong>gata:</strong></span> <span class='ocrx_word' id='word_1_16' title='bbox 2162 330 2319 387; x_wconf 90' lang='lat' dir='ltr'><strong>sunt,</strong></span> <span class='ocrx_word' id='word_1_17' title='bbox 2357 336 2450 376; x_wconf 84' lang='lat' dir='ltr'><strong>eas</strong></span> <span class='ocrx_word' id='word_1_18' title='bbox 2490 336 2516 373; x_wconf 87' lang='lat' dir='ltr'><strong>a</strong></span> <span class='ocrx_word' id='word_1_19' title='bbox 2564 322 2821 393; x_wconf 84' lang='lat' dir='ltr'><strong>Gregorio</strong></span> <span class='ocrx_word' id='word_1_20' title='bbox 2864 339 2969 379; x_wconf 91' lang='lat' dir='ltr'><strong>non</strong></span> <span class='ocrx_word' id='word_1_21' title='bbox 3013 339 3293 380; x_wconf 85' lang='lat' dir='ltr'><strong>censemus</strong></span> <span class='ocrx_word' id='word_1_22' title='bbox 3341 328 3569 398; x_wconf 87' lang='lat' dir='ltr'><strong>scriptas</strong></span> 
     </span>
    </p>
   </div>
   <div class='ocr_carea' id='block_1_4' title="bbox 276 414 1882 492">
    <p class='ocr_par' dir='ltr' id='par_1_4' title="bbox 276 414 1882 492">
     <span class='ocr_line' id='line_1_4' title="bbox 276 414 1882 492; baseline -0.004 -18"><span class='ocrx_word' id='word_1_23' title='bbox 276 419 517 492; x_wconf 79' lang='lat' dir='ltr'><strong>Gregorio</strong></span> <span class='ocrx_word' id='word_1_24' title='bbox 548 418 771 473; x_wconf 84' lang='lat' dir='ltr'><strong>factum</strong></span> <span class='ocrx_word' id='word_1_25' title='bbox 807 419 979 473; x_wconf 80' lang='lat' dir='ltr'><strong>fuisse</strong></span> <span class='ocrx_word' id='word_1_26' title='bbox 1021 417 1177 482; x_wconf 92' lang='lat' dir='ltr'><strong>dicat,</strong></span> <span class='ocrx_word' id='word_1_27' title='bbox 1212 432 1317 470; x_wconf 89' lang='lat' dir='ltr'><strong>non</strong></span> <span class='ocrx_word' id='word_1_28' title='bbox 1351 418 1574 470; x_wconf 89' lang='lat' dir='ltr'><strong>multum</strong></span> <span class='ocrx_word' id='word_1_29' title='bbox 1609 414 1882 485; x_wconf 84' lang='lat' dir='ltr'><strong>refragra-</strong></span> 
     </span>
    </p>
   </div>
   <div class='ocr_carea' id='block_1_5' title="bbox 284 508 1889 578">
    <p class='ocr_par' dir='ltr' id='par_1_5' title="bbox 284 508 1889 578">
     <span class='ocr_line' id='line_1_5' title="bbox 284 508 1889 578; baseline -0.006 -9"><span class='ocrx_word' id='word_1_30' title='bbox 284 510 395 569; x_wconf 81' lang='lat' dir='ltr'><strong>hor.</strong></span> <span class='ocrx_word' id='word_1_31' title='bbox 422 510 860 565; x_wconf 70' lang='lat' dir='ltr'><strong>Praefatiuncula</strong></span> <span class='ocrx_word' id='word_1_32' title='bbox 895 510 1091 578; x_wconf 91' lang='lat' dir='ltr'><strong>quippe</strong></span> <span class='ocrx_word' id='word_1_33' title='bbox 1122 509 1219 577; x_wconf 82' lang='lat' dir='ltr'><strong>ipsi</strong></span> <span class='ocrx_word' id='word_1_34' title='bbox 1262 508 1480 576; x_wconf 64' lang='lat' dir='ltr'><strong>praefixa</strong></span> <span class='ocrx_word' id='word_1_35' title='bbox 1509 508 1749 576; x_wconf 78' lang='lat' dir='ltr'><strong>Gregorii</strong></span> <span class='ocrx_word' id='word_1_36' title='bbox 1779 519 1889 578; x_wconf 86' lang='lat' dir='ltr'><strong>sty-</strong></span> 
     </span>
    </p>
   </div>
   <div class='ocr_carea' id='block_1_6' title="bbox 291 601 1888 673">
    <p class='ocr_par' dir='ltr' id='par_1_6' title="bbox 291 601 1888 673">
     <span class='ocr_line' id='line_1_6' title="bbox 291 601 1888 673; baseline -0.004 -12"><span class='ocrx_word' id='word_1_37' title='bbox 291 607 389 661; x_wconf 91' lang='lat' dir='ltr'><strong>lum</strong></span> <span class='ocrx_word' id='word_1_38' title='bbox 414 606 586 673; x_wconf 80' lang='lat' dir='ltr'><strong>sapit;</strong></span> <span class='ocrx_word' id='word_1_39' title='bbox 614 620 793 672; x_wconf 84' lang='lat' dir='ltr'><strong>quare</strong></span> <span class='ocrx_word' id='word_1_40' title='bbox 820 604 1014 658; x_wconf 90' lang='lat' dir='ltr'><strong>librum</strong></span> <span class='ocrx_word' id='word_1_41' title='bbox 1043 602 1243 670; x_wconf 77' lang='lat' dir='ltr'><strong>absque</strong></span> <span class='ocrx_word' id='word_1_42' title='bbox 1265 602 1354 655; x_wconf 88' lang='lat' dir='ltr'><strong>illa</strong></span> <span class='ocrx_word' id='word_1_43' title='bbox 1382 603 1628 669; x_wconf 85' lang='lat' dir='ltr'><strong>passione</strong></span> <span class='ocrx_word' id='word_1_44' title='bbox 1650 616 1747 654; x_wconf 89' lang='lat' dir='ltr'><strong>suo</strong></span> <span class='ocrx_word' id='word_1_45' title='bbox 1770 601 1888 654; x_wconf 91' lang='lat' dir='ltr'><strong>loco</strong></span> 
     </span>
    </p>
   </div>
   <div class='ocr_carea' id='block_1_7' title="bbox 288 692 1885 761">
    <p class='ocr_par' dir='ltr' id='par_1_7' title="bbox 288 692 1885 761">
     <span class='ocr_line' id='line_1_7' title="bbox 288 692 1885 761; baseline -0.006 -8"><span class='ocrx_word' id='word_1_46' title='bbox 288 698 539 753; x_wconf 75' lang='lat' dir='ltr'><strong>exhibere</strong></span> <span class='ocrx_word' id='word_1_47' title='bbox 569 696 749 748; x_wconf 75' lang='lat' dir='ltr'><strong>visum</strong></span> <span class='ocrx_word' id='word_1_48' title='bbox 781 706 902 759; x_wconf 85' lang='lat' dir='ltr'><strong>est,</strong></span> <span class='ocrx_word' id='word_1_49' title='bbox 934 694 1011 747; x_wconf 92' lang='lat' dir='ltr'><strong>uti</strong></span> <span class='ocrx_word' id='word_1_50' title='bbox 1063 693 1114 746; x_wconf 90' lang='lat' dir='ltr'><strong>in</strong></span> <span class='ocrx_word' id='word_1_51' title='bbox 1164 693 1433 761; x_wconf 82' lang='lat' dir='ltr'><strong>plerisque</strong></span> <span class='ocrx_word' id='word_1_52' title='bbox 1481 693 1694 760; x_wconf 81' lang='lat' dir='ltr'><strong>scriptis</strong></span> <span class='ocrx_word' id='word_1_53' title='bbox 1739 700 1793 745; x_wconf 91' lang='lat' dir='ltr'><strong>et</strong></span> <span class='ocrx_word' id='word_1_54' title='bbox 1835 692 1885 745; x_wconf 90' lang='lat' dir='ltr'><strong>in</strong></span> 
     </span>
    </p>
   </div>
   <div class='ocr_carea' id='block_1_8' title="bbox 276 782 1885 855">
    <p class='ocr_par' dir='ltr' id='par_1_8' title="bbox 276 782 1885 855">
     <span class='ocr_line' id='line_1_8' title="bbox 276 782 1885 855; baseline -0.004 -16"><span class='ocrx_word' id='word_1_55' title='bbox 276 806 307 855; x_wconf 63' lang='grc' dir='ltr'><strong>«ρ</strong></span> <span class='ocrx_word' id='word_1_56' title='bbox 328 787 535 840; x_wconf 84' lang='lat' dir='ltr'><strong>mnibus</strong></span> <span class='ocrx_word' id='word_1_57' title='bbox 556 784 723 837; x_wconf 79' lang='lat' dir='ltr'><strong>editis</strong></span> <span class='ocrx_word' id='word_1_58' title='bbox 754 783 1011 847; x_wconf 89' lang='lat' dir='ltr'><strong>habetur;</strong></span> <span class='ocrx_word' id='word_1_59' title='bbox 1039 782 1340 851; x_wconf 82' lang='lat' dir='ltr'><strong>passionem</strong></span> <span class='ocrx_word' id='word_1_60' title='bbox 1366 793 1544 835; x_wconf 91' lang='lat' dir='ltr'><strong>autem</strong></span> <span class='ocrx_word' id='word_1_61' title='bbox 1576 782 1741 848; x_wconf 83' lang='lat' dir='ltr'><strong>ipsam</strong></span> <span class='ocrx_word' id='word_1_62' title='bbox 1765 796 1885 835; x_wconf 85' lang='lat' dir='ltr'><strong>cum</strong></span> 
     </span>
    </p>
   </div>
   <div class='ocr_carea' id='block_1_9' title="bbox 290 872 1885 947">
    <p class='ocr_par' dir='ltr' id='par_1_9' title="bbox 290 872 1885 947">
     <span class='ocr_line' id='line_1_9' title="bbox 290 872 1885 947; baseline -0.004 -16"><span class='ocrx_word' id='word_1_63' title='bbox 290 878 523 947; x_wconf 79' lang='lat' dir='ltr'><strong>ejusdem</strong></span> <span class='ocrx_word' id='word_1_64' title='bbox 552 877 673 928; x_wconf 89' lang='lat' dir='ltr'><strong>libri</strong></span> <span class='ocrx_word' id='word_1_65' title='bbox 707 876 885 941; x_wconf 89' lang='lat' dir='ltr'><strong>initio,</strong></span> <span class='ocrx_word' id='word_1_66' title='bbox 915 887 1069 942; x_wconf 84' lang='lat' dir='ltr'><strong>prout</strong></span> <span class='ocrx_word' id='word_1_67' title='bbox 1089 873 1178 927; x_wconf 87' lang='lat' dir='ltr'><strong>alii</strong></span> <span class='ocrx_word' id='word_1_68' title='bbox 1206 873 1423 927; x_wconf 85' lang='lat' dir='ltr'><strong>codices</strong></span> <span class='ocrx_word' id='word_1_69' title='bbox 1444 872 1628 941; x_wconf 90' lang='lat' dir='ltr'><strong>scripti</strong></span> <span class='ocrx_word' id='word_1_70' title='bbox 1657 872 1885 938; x_wconf 88' lang='lat' dir='ltr'><strong>habent,</strong></span> 
     </span>
    </p>
   </div>
   <div class='ocr_carea' id='block_1_10' title="bbox 292 962 1499 1037">
    <p class='ocr_par' dir='ltr' id='par_1_10' title="bbox 292 962 1499 1037">
     <span class='ocr_line' id='line_1_10' title="bbox 292 962 1499 1037; baseline -0.002 -18"><span class='ocrx_word' id='word_1_71' title='bbox 292 978 410 1037; x_wconf 79' lang='lat' dir='ltr'><strong>post</strong></span> <span class='ocrx_word' id='word_1_72' title='bbox 437 978 635 1021; x_wconf 68' lang='lat' dir='ltr'><strong>cauera</strong></span> <span class='ocrx_word' id='word_1_73' title='bbox 666 965 914 1033; x_wconf 75' lang='lat' dir='ltr'><strong>Gregorii</strong></span> <span class='ocrx_word' id='word_1_74' title='bbox 947 980 1109 1031; x_wconf 81' lang='lat' dir='ltr'><strong>opera</strong></span> <span class='ocrx_word' id='word_1_75' title='bbox 1144 962 1499 1033; x_wconf 82' lang='lat' dir='ltr'><strong>proferemus.</strong></span> 
     </span>
    </p>
   </div>
   <div class='ocr_carea' id='block_1_11' title="bbox 365 1054 1890 1125">
    <p class='ocr_par' dir='ltr' id='par_1_11' title="bbox 365 1054 1890 1125">
     <span class='ocr_line' id='line_1_11' title="bbox 365 1054 1890 1125; baseline -0.003 -14"><span class='ocrx_word' id='word_1_76' title='bbox 365 1060 453 1112; x_wconf 86' lang='lat'><strong>79.</strong></span> <span class='ocrx_word' id='word_1_77' title='bbox 497 1059 790 1111; x_wconf 79' lang='lat' dir='ltr'><strong>Historiam</strong></span> <span class='ocrx_word' id='word_1_78' title='bbox 822 1068 1030 1125; x_wconf 79' lang='lat' dir='ltr'><strong>septem</strong></span> <span class='ocrx_word' id='word_1_79' title='bbox 1062 1057 1449 1109; x_wconf 85' lang='lat' dir='ltr'><strong>Dormientiutn</strong></span> <span class='ocrx_word' id='word_1_80' title='bbox 1479 1056 1531 1108; x_wconf 89' lang='lat' dir='ltr'><strong>in</strong></span> <span class='ocrx_word' id='word_1_81' title='bbox 1564 1054 1748 1123; x_wconf 77' lang='lat' dir='ltr'><strong>Majori</strong></span> <span class='ocrx_word' id='word_1_82' title='bbox 1777 1069 1890 1107; x_wconf 79' lang='lat' dir='ltr'><strong>mo-</strong></span> 
     </span>
    </p>
   </div>
   <div class='ocr_carea' id='block_1_12' title="bbox 300 1145 1891 1219">
    <p class='ocr_par' dir='ltr' id='par_1_12' title="bbox 300 1145 1891 1219">
     <span class='ocr_line' id='line_1_12' title="bbox 300 1145 1891 1219; baseline -0.004 -14"><span class='ocrx_word' id='word_1_83' title='bbox 300 1153 536 1206; x_wconf 75' lang='lat' dir='ltr'><strong>nosterio</strong></span> <span class='ocrx_word' id='word_1_84' title='bbox 565 1152 998 1219; x_wconf 87' lang='lat' dir='ltr'><strong>quiescentium,</strong></span> <span class='ocrx_word' id='word_1_85' title='bbox 1033 1158 1229 1216; x_wconf 67' lang='lat' dir='ltr'><strong>praeter</strong></span> <span class='ocrx_word' id='word_1_86' title='bbox 1261 1145 1432 1200; x_wconf 90' lang='lat' dir='ltr'><strong>editos</strong></span> <span class='ocrx_word' id='word_1_87' title='bbox 1481 1146 1717 1200; x_wconf 89' lang='lat' dir='ltr'><strong>tribuunt</strong></span> <span class='ocrx_word' id='word_1_88' title='bbox 1757 1146 1891 1200; x_wconf 88' lang='lat' dir='ltr'><strong>Gre-</strong></span> 
     </span>
    </p>
   </div>
   <div class='ocr_carea' id='block_1_13' title="bbox 297 1237 1892 1312">
    <p class='ocr_par' dir='ltr' id='par_1_13' title="bbox 297 1237 1892 1312">
     <span class='ocr_line' id='line_1_13' title="bbox 297 1237 1892 1312; baseline -0.003 -16"><span class='ocrx_word' id='word_1_89' title='bbox 297 1247 453 1312; x_wconf 72' lang='lat' dir='ltr'><strong>gorio</strong></span> <span class='ocrx_word' id='word_1_90' title='bbox 499 1243 744 1298; x_wconf 72' lang='lat' dir='ltr'><strong>nonnulli</strong></span> <span class='ocrx_word' id='word_1_91' title='bbox 786 1244 1000 1297; x_wconf 85' lang='lat' dir='ltr'><strong>codices</strong></span> <span class='ocrx_word' id='word_1_92' title='bbox 1046 1239 1230 1307; x_wconf 85' lang='lat' dir='ltr'><strong>scripti</strong></span> <span class='ocrx_word' id='word_1_93' title='bbox 1262 1253 1395 1308; x_wconf 90' lang='lat' dir='ltr'><strong>quos</strong></span> <span class='ocrx_word' id='word_1_94' title='bbox 1445 1238 1695 1292; x_wconf 79' lang='lat' dir='ltr'><strong>vidimus.</strong></span> <span class='ocrx_word' id='word_1_95' title='bbox 1735 1237 1892 1291; x_wconf 90' lang='lat' dir='ltr'><strong>Certe</strong></span> 
     </span>
    </p>
   </div>
   <div class='ocr_carea' id='block_1_14' title="bbox 299 1327 1893 1398">
    <p class='ocr_par' dir='ltr' id='par_1_14' title="bbox 299 1327 1893 1398">
     <span class='ocr_line' id='line_1_14' title="bbox 299 1327 1893 1398; baseline -0.005 -9"><span class='ocrx_word' id='word_1_96' title='bbox 299 1336 445 1389; x_wconf 77' lang='lat' dir='ltr'><strong>hth</strong></span> <span class='ocrx_word' id='word_1_97' title='bbox 494 1335 691 1388; x_wconf 87' lang='lat' dir='ltr'><strong>librum</strong></span> <span class='ocrx_word' id='word_1_98' title='bbox 734 1332 875 1385; x_wconf 80' lang='lat' dir='ltr'><strong>inter</strong></span> <span class='ocrx_word' id='word_1_99' title='bbox 917 1331 1125 1383; x_wconf 75' lang='lat' dir='ltr'><strong>sincera</strong></span> <span class='ocrx_word' id='word_1_100' title='bbox 1176 1327 1417 1398; x_wconf 78' lang='lat' dir='ltr'><strong>Gregorii</strong></span> <span class='ocrx_word' id='word_1_101' title='bbox 1467 1343 1626 1398; x_wconf 87' lang='lat' dir='ltr'><strong>opera</strong></span> <span class='ocrx_word' id='word_1_102' title='bbox 1677 1327 1893 1381; x_wconf 71' lang='lat' dir='ltr'><strong>admisit</strong></span> 
     </span>
    </p>
   </div>
   <div class='ocr_carea' id='block_1_15' title="bbox 290 1420 1880 1487">
    <p class='ocr_par' dir='ltr' id='par_1_15' title="bbox 290 1420 1880 1487">
     <span class='ocr_line' id='line_1_15' title="bbox 290 1420 1880 1487; baseline -0.006 -9"><span class='ocrx_word' id='word_1_103' title='bbox 290 1425 580 1479; x_wconf 82' lang='lat' dir='ltr'><strong>Albericus</strong></span> <span class='ocrx_word' id='word_1_104' title='bbox 619 1423 913 1478; x_wconf 80' lang='lat' dir='ltr'><strong>monachus</strong></span> <span class='ocrx_word' id='word_1_105' title='bbox 944 1421 1126 1475; x_wconf 82' lang='lat' dir='ltr'><strong>Trium</strong></span> <span class='ocrx_word' id='word_1_106' title='bbox 1176 1420 1421 1474; x_wconf 83' lang='lat' dir='ltr'><strong>Fontium</strong></span> <span class='ocrx_word' id='word_1_107' title='bbox 1457 1421 1510 1474; x_wconf 83' lang='lat' dir='ltr'><strong>in</strong></span> <span class='ocrx_word' id='word_1_108' title='bbox 1556 1420 1880 1487; x_wconf 79' lang='lat' dir='ltr'><strong>Campania,</strong></span> 
     </span>
    </p>
   </div>
   <div class='ocr_carea' id='block_1_16' title="bbox 290 1510 1890 1586">
    <p class='ocr_par' dir='ltr' id='par_1_16' title="bbox 290 1510 1890 1586">
     <span class='ocr_line' id='line_1_16' title="bbox 290 1510 1890 1586; baseline -0.003 -17"><span class='ocrx_word' id='word_1_109' title='bbox 290 1519 387 1586; x_wconf 87' lang='lat' dir='ltr'><strong>qui</strong></span> <span class='ocrx_word' id='word_1_110' title='bbox 420 1517 479 1570; x_wconf 90' lang='lat' dir='ltr'><strong>in</strong></span> <span class='ocrx_word' id='word_1_111' title='bbox 502 1515 766 1571; x_wconf 86' lang='lat' dir='ltr'><strong>Chronico</strong></span> <span class='ocrx_word' id='word_1_112' title='bbox 789 1515 855 1567; x_wconf 84' lang='lat' dir='ltr'><strong>ad</strong></span> <span class='ocrx_word' id='word_1_113' title='bbox 881 1529 1077 1566; x_wconf 88' lang='lat' dir='ltr'><strong>annum</strong></span> <span class='ocrx_word' id='word_1_114' title='bbox 1102 1513 1206 1568; x_wconf 77' lang='grc'><strong>519</strong></span> <span class='ocrx_word' id='word_1_115' title='bbox 1228 1512 1448 1577; x_wconf 85' lang='lat' dir='ltr'><strong>scribit,</strong></span> <span class='ocrx_word' id='word_1_116' title='bbox 1478 1514 1642 1565; x_wconf 78' lang='lat' dir='ltr'><strong>sancti</strong></span> <span class='ocrx_word' id='word_1_117' title='bbox 1672 1510 1890 1564; x_wconf 74' lang='lat' dir='ltr'><strong>Martini</strong></span> 
     </span>
    </p>
   </div>
   <div class='ocr_carea' id='block_1_17' title="bbox 293 1602 1892 1678">
    <p class='ocr_par' dir='ltr' id='par_1_17' title="bbox 293 1602 1892 1678">
     <span class='ocr_line' id='line_1_17' title="bbox 293 1602 1892 1678; baseline -0.003 -18"><span class='ocrx_word' id='word_1_118' title='bbox 293 1608 645 1678; x_wconf 68' lang='lat' dir='ltr'><strong>genealoyiam</strong></span> <span class='ocrx_word' id='word_1_119' title='bbox 674 1624 703 1657; x_wconf 92' lang='lat' dir='ltr'><strong>a</strong></span> <span class='ocrx_word' id='word_1_120' title='bbox 731 1603 978 1674; x_wconf 78' lang='lat' dir='ltr'><strong>Gregorio</strong></span> <span class='ocrx_word' id='word_1_121' title='bbox 1010 1603 1292 1656; x_wconf 87' lang='lat' dir='ltr'><strong>Turonensi</strong></span> <span class='ocrx_word' id='word_1_122' title='bbox 1324 1604 1535 1656; x_wconf 83' lang='lat' dir='ltr'><strong>breviter</strong></span> <span class='ocrx_word' id='word_1_123' title='bbox 1566 1602 1892 1673; x_wconf 77' lang='lat' dir='ltr'><strong>comprehen-</strong></span> 
     </span>
    </p>
   </div>
   <div class='ocr_carea' id='block_1_18' title="bbox 1992 411 3568 482">
    <p class='ocr_par' dir='ltr' id='par_1_18' title="bbox 1992 411 3568 482">
     <span class='ocr_line' id='line_1_18' title="bbox 1992 411 3568 482; baseline 0.005 -17"><span class='ocrx_word' id='word_1_124' title='bbox 1992 414 2182 478; x_wconf 91' lang='lat' dir='ltr'><strong>t&#39;uisse,</strong></span> <span class='ocrx_word' id='word_1_125' title='bbox 2211 411 2305 465; x_wconf 87' lang='lat' dir='ltr'><strong>sed</strong></span> <span class='ocrx_word' id='word_1_126' title='bbox 2341 413 2563 466; x_wconf 76' lang='lat' dir='ltr'><strong>fortasse</strong></span> <span class='ocrx_word' id='word_1_127' title='bbox 2593 414 2893 482; x_wconf 84' lang='lat' dir='ltr'><strong>recognitas</strong></span> <span class='ocrx_word' id='word_1_128' title='bbox 2928 414 3269 470; x_wconf 87' lang='lat' dir='ltr'><strong>solummodo</strong></span> <span class='ocrx_word' id='word_1_129' title='bbox 3295 426 3351 471; x_wconf 92' lang='lat' dir='ltr'><strong>et</strong></span> <span class='ocrx_word' id='word_1_130' title='bbox 3380 432 3568 473; x_wconf 88' lang='lat' dir='ltr'><strong>emen-</strong></span> 
     </span>
    </p>
   </div>
   <div class='ocr_carea' id='block_1_19' title="bbox 1990 502 3562 575">
    <p class='ocr_par' dir='ltr' id='par_1_19' title="bbox 1990 502 3562 575">
     <span class='ocr_line' id='line_1_19' title="bbox 1990 502 3562 575; baseline 0.003 -18"><span class='ocrx_word' id='word_1_131' title='bbox 1990 504 2163 557; x_wconf 86' lang='lat' dir='ltr'><strong>datas.</strong></span> <span class='ocrx_word' id='word_1_132' title='bbox 2192 503 2244 557; x_wconf 86' lang='lat' dir='ltr'><strong>id</strong></span> <span class='ocrx_word' id='word_1_133' title='bbox 2276 503 2474 557; x_wconf 84' lang='lat' dir='ltr'><strong>diserte</strong></span> <span class='ocrx_word' id='word_1_134' title='bbox 2505 502 2662 557; x_wconf 87' lang='lat' dir='ltr'><strong>habet</strong></span> <span class='ocrx_word' id='word_1_135' title='bbox 2691 505 2918 572; x_wconf 88' lang='lat' dir='ltr'><strong>epistola</strong></span> <span class='ocrx_word' id='word_1_136' title='bbox 2947 506 3047 559; x_wconf 90' lang='lat' dir='ltr'><strong>sub</strong></span> <span class='ocrx_word' id='word_1_137' title='bbox 3069 505 3309 575; x_wconf 78' lang='lat' dir='ltr'><strong>Gregorii</strong></span> <span class='ocrx_word' id='word_1_138' title='bbox 3343 507 3562 562; x_wconf 87' lang='lat' dir='ltr'><strong>nomine</strong></span> 
     </span>
    </p>
   </div>
   <div class='ocr_carea' id='block_1_20' title="bbox 1992 596 3566 669">
    <p class='ocr_par' dir='ltr' id='par_1_20' title="bbox 1992 596 3566 669">
     <span class='ocr_line' id='line_1_20' title="bbox 1992 596 3566 669; baseline 0.004 -22"><span class='ocrx_word' id='word_1_139' title='bbox 1992 597 2126 650; x_wconf 78' lang='lat' dir='ltr'><strong>Vita:</strong></span> <span class='ocrx_word' id='word_1_140' title='bbox 2156 598 2323 649; x_wconf 87' lang='lat' dir='ltr'><strong>sancti</strong></span> <span class='ocrx_word' id='word_1_141' title='bbox 2354 596 2578 649; x_wconf 83' lang='lat' dir='ltr'><strong>Mant‘ilii</strong></span> <span class='ocrx_word' id='word_1_142' title='bbox 2612 598 2827 663; x_wconf 76' lang='lat' dir='ltr'><strong>przetixa</strong></span> <span class='ocrx_word' id='word_1_143' title='bbox 2849 637 2863 661; x_wconf 86' lang='lat'><strong>,</strong></span> <span class='ocrx_word' id='word_1_144' title='bbox 2896 613 3057 666; x_wconf 87' lang='lat' dir='ltr'><strong>quam</strong></span> <span class='ocrx_word' id='word_1_145' title='bbox 3085 600 3149 651; x_wconf 90' lang='lat' dir='ltr'><strong>ad</strong></span> <span class='ocrx_word' id='word_1_146' title='bbox 3174 600 3377 654; x_wconf 91' lang='lat' dir='ltr'><strong>calcem</strong></span> <span class='ocrx_word' id='word_1_147' title='bbox 3409 600 3566 669; x_wconf 87' lang='lat' dir='ltr'><strong>hujus</strong></span> 
     </span>
    </p>
   </div>
   <div class='ocr_carea' id='block_1_21' title="bbox 1992 688 3563 760">
    <p class='ocr_par' dir='ltr' id='par_1_21' title="bbox 1992 688 3563 760">
     <span class='ocr_line' id='line_1_21' title="bbox 1992 688 3563 760; baseline 0.003 -20"><span class='ocrx_word' id='word_1_148' title='bbox 1992 689 2275 742; x_wconf 81' lang='lat' dir='ltr'><strong>voluminis</strong></span> <span class='ocrx_word' id='word_1_149' title='bbox 2301 690 2585 743; x_wconf 90' lang='lat' dir='ltr'><strong>dabimus:</strong></span> <span class='ocrx_word' id='word_1_150' title='bbox 2618 688 2705 743; x_wconf 89' lang='lat' dir='ltr'><strong>ubi</strong></span> <span class='ocrx_word' id='word_1_151' title='bbox 2741 688 3062 760; x_wconf 82' lang='lat' dir='ltr'><strong>Gregorius,</strong></span> <span class='ocrx_word' id='word_1_152' title='bbox 3094 693 3137 745; x_wconf 89' lang='lat' dir='ltr'><strong>si</strong></span> <span class='ocrx_word' id='word_1_153' title='bbox 3162 702 3336 746; x_wconf 89' lang='lat' dir='ltr'><strong>tamen</strong></span> <span class='ocrx_word' id='word_1_154' title='bbox 3358 702 3563 747; x_wconf 87' lang='lat' dir='ltr'><strong>certum</strong></span> 
     </span>
    </p>
   </div>
   <div class='ocr_carea' id='block_1_22' title="bbox 1991 780 3567 849">
    <p class='ocr_par' dir='ltr' id='par_1_22' title="bbox 1991 780 3567 849">
     <span class='ocr_line' id='line_1_22' title="bbox 1991 780 3567 849; baseline 0.004 -17"><span class='ocrx_word' id='word_1_155' title='bbox 1991 780 2061 832; x_wconf 86' lang='lat' dir='ltr'><strong>sit</strong></span> <span class='ocrx_word' id='word_1_156' title='bbox 2092 782 2263 849; x_wconf 76' lang='lat' dir='ltr'><strong>ipsum</strong></span> <span class='ocrx_word' id='word_1_157' title='bbox 2294 780 2449 849; x_wconf 86' lang='lat' dir='ltr'><strong>hujus</strong></span> <span class='ocrx_word' id='word_1_158' title='bbox 2479 780 2723 849; x_wconf 72' lang='lat' dir='ltr'><strong>cpistola:</strong></span> <span class='ocrx_word' id='word_1_159' title='bbox 2746 780 2909 836; x_wconf 80' lang='lat' dir='ltr'><strong>fuisse</strong></span> <span class='ocrx_word' id='word_1_160' title='bbox 2938 794 3231 843; x_wconf 80' lang='lat' dir='ltr'><strong>auctorem,</strong></span> <span class='ocrx_word' id='word_1_161' title='bbox 3261 793 3481 839; x_wconf 87' lang='lat' dir='ltr'><strong>testatur</strong></span> <span class='ocrx_word' id='word_1_162' title='bbox 3506 799 3567 839; x_wconf 85' lang='lat' dir='ltr'><strong>se</strong></span> 
     </span>
    </p>
   </div>
   <div class='ocr_carea' id='block_1_23' title="bbox 1993 868 3570 929">
    <p class='ocr_par' dir='ltr' id='par_1_23' title="bbox 1993 868 3570 929">
     <span class='ocr_line' id='line_1_23' title="bbox 1993 868 3570 929; baseline 0.004 -8"><span class='ocrx_word' id='word_1_163' title='bbox 1993 868 2274 923; x_wconf 76' lang='lat' dir='ltr'><strong>beatorum</strong></span> <span class='ocrx_word' id='word_1_164' title='bbox 2310 870 2485 924; x_wconf 82' lang='lat' dir='ltr'><strong>Albini</strong></span> <span class='ocrx_word' id='word_1_165' title='bbox 2511 882 2566 925; x_wconf 92' lang='lat' dir='ltr'><strong>et</strong></span> <span class='ocrx_word' id='word_1_166' title='bbox 2596 870 2822 924; x_wconf 85' lang='lat' dir='ltr'><strong>Maurilii</strong></span> <span class='ocrx_word' id='word_1_167' title='bbox 2857 871 3005 927; x_wconf 83' lang='lat' dir='ltr'><strong>Vitas</strong></span> <span class='ocrx_word' id='word_1_168' title='bbox 3048 888 3078 925; x_wconf 92' lang='lat' dir='ltr'><strong>a</strong></span> <span class='ocrx_word' id='word_1_169' title='bbox 3122 874 3409 928; x_wconf 81' lang='lat' dir='ltr'><strong>Fortunato</strong></span> <span class='ocrx_word' id='word_1_170' title='bbox 3437 878 3570 929; x_wconf 64' lang='lat' dir='ltr'><strong>seria</strong></span> 
     </span>
    </p>
   </div>
   <div class='ocr_carea' id='block_1_24' title="bbox 1994 964 3572 1033">
    <p class='ocr_par' dir='ltr' id='par_1_24' title="bbox 1994 964 3572 1033">
     <span class='ocr_line' id='line_1_24' title="bbox 1994 964 3572 1033; baseline 0.006 -20"><span class='ocrx_word' id='word_1_171' title='bbox 1994 970 2110 1028; x_wconf 86' lang='lat' dir='ltr'><strong>ptas</strong></span> <span class='ocrx_word' id='word_1_172' title='bbox 2137 964 2490 1026; x_wconf 85' lang='lat' dir='ltr'><strong>emendasse,</strong></span> <span class='ocrx_word' id='word_1_173' title='bbox 2534 978 2653 1031; x_wconf 84' lang='lat' dir='ltr'><strong>quae</strong></span> <span class='ocrx_word' id='word_1_174' title='bbox 2684 964 3007 1033; x_wconf 88' lang='lat' dir='ltr'><strong>scriptorum</strong></span> <span class='ocrx_word' id='word_1_175' title='bbox 3053 968 3331 1021; x_wconf 89' lang='lat' dir='ltr'><strong>erroribus</strong></span> <span class='ocrx_word' id='word_1_176' title='bbox 3371 968 3572 1022; x_wconf 68' lang='lat' dir='ltr'><strong>vitiatas</strong></span> 
     </span>
    </p>
   </div>
   <div class='ocr_carea' id='block_1_25' title="bbox 1992 1052 3570 1128">
    <p class='ocr_par' dir='ltr' id='par_1_25' title="bbox 1992 1052 3570 1128">
     <span class='ocr_line' id='line_1_25' title="bbox 1992 1052 3570 1128; baseline 0.005 -21"><span class='ocrx_word' id='word_1_177' title='bbox 1992 1052 2222 1107; x_wconf 78' lang='lat' dir='ltr'><strong>fuerant.</strong></span> <span class='ocrx_word' id='word_1_178' title='bbox 2255 1052 2409 1119; x_wconf 87' lang='lat' dir='ltr'><strong>Quod</strong></span> <span class='ocrx_word' id='word_1_179' title='bbox 2428 1055 2474 1109; x_wconf 93' lang='lat' dir='ltr'><strong>si</strong></span> <span class='ocrx_word' id='word_1_180' title='bbox 2498 1053 2817 1124; x_wconf 83' lang='lat' dir='ltr'><strong>Gregorium</strong></span> <span class='ocrx_word' id='word_1_181' title='bbox 2842 1056 3001 1125; x_wconf 86' lang='lat' dir='ltr'><strong>hujus</strong></span> <span class='ocrx_word' id='word_1_182' title='bbox 3028 1059 3267 1128; x_wconf 67' lang='lat' dir='ltr'><strong>epistola:</strong></span> <span class='ocrx_word' id='word_1_183' title='bbox 3295 1070 3570 1115; x_wconf 80' lang='lat' dir='ltr'><strong>auctorem</strong></span> 
     </span>
    </p>
   </div>
   <div class='ocr_carea' id='block_1_26' title="bbox 1994 1143 3567 1211">
    <p class='ocr_par' dir='ltr' id='par_1_26' title="bbox 1994 1143 3567 1211">
     <span class='ocr_line' id='line_1_26' title="bbox 1994 1143 3567 1211; baseline 0.006 -14"><span class='ocrx_word' id='word_1_184' title='bbox 1994 1143 2160 1199; x_wconf 87' lang='lat' dir='ltr'><strong>fuisse</strong></span> <span class='ocrx_word' id='word_1_185' title='bbox 2173 1145 2535 1211; x_wconf 85' lang='lat' dir='ltr'><strong>admittamus,</strong></span> <span class='ocrx_word' id='word_1_186' title='bbox 2558 1150 2915 1203; x_wconf 86' lang='lat' dir='ltr'><strong>necessarium</strong></span> <span class='ocrx_word' id='word_1_187' title='bbox 2930 1150 3135 1204; x_wconf 74' lang='lat' dir='ltr'><strong>videtur</strong></span> <span class='ocrx_word' id='word_1_188' title='bbox 3150 1160 3208 1205; x_wconf 91' lang='lat' dir='ltr'><strong>ut</strong></span> <span class='ocrx_word' id='word_1_189' title='bbox 3221 1153 3567 1206; x_wconf 83' lang='lat' dir='ltr'><strong>Fortunatnm</strong></span> 
     </span>
    </p>
   </div>
   <div class='ocr_carea' id='block_1_27' title="bbox 1996 1234 3575 1310">
    <p class='ocr_par' dir='ltr' id='par_1_27' title="bbox 1996 1234 3575 1310">
     <span class='ocr_line' id='line_1_27' title="bbox 1996 1234 3575 1310; baseline 0.007 -24"><span class='ocrx_word' id='word_1_190' title='bbox 1996 1234 2180 1289; x_wconf 84' lang='lat' dir='ltr'><strong>harum</strong></span> <span class='ocrx_word' id='word_1_191' title='bbox 2198 1247 2473 1291; x_wconf 70' lang='lat' dir='ltr'><strong>auctorem</strong></span> <span class='ocrx_word' id='word_1_192' title='bbox 2491 1240 2715 1293; x_wconf 91' lang='lat' dir='ltr'><strong>vitarum</strong></span> <span class='ocrx_word' id='word_1_193' title='bbox 2733 1240 3158 1310; x_wconf 87' lang='lat' dir='ltr'><strong>distinguamusa</strong></span> <span class='ocrx_word' id='word_1_194' title='bbox 3176 1242 3435 1299; x_wconf 85' lang='lat' dir='ltr'><strong>Venantio</strong></span> <span class='ocrx_word' id='word_1_195' title='bbox 3453 1244 3575 1298; x_wconf 86' lang='lat' dir='ltr'><strong>For-</strong></span> 
     </span>
    </p>
   </div>
   <div class='ocr_carea' id='block_1_28' title="bbox 1995 1330 3571 1396">
    <p class='ocr_par' dir='ltr' id='par_1_28' title="bbox 1995 1330 3571 1396">
     <span class='ocr_line' id='line_1_28' title="bbox 1995 1330 3571 1396; baseline 0.005 -15"><span class='ocrx_word' id='word_1_196' title='bbox 1995 1335 2181 1382; x_wconf 89' lang='lat' dir='ltr'><strong>tunato</strong></span> <span class='ocrx_word' id='word_1_197' title='bbox 2212 1340 2363 1396; x_wconf 87' lang='lat' dir='ltr'><strong>poeta</strong></span> <span class='ocrx_word' id='word_1_198' title='bbox 2390 1331 2609 1385; x_wconf 86' lang='lat' dir='ltr'><strong>celebri.</strong></span> <span class='ocrx_word' id='word_1_199' title='bbox 2644 1330 2773 1385; x_wconf 87' lang='lat' dir='ltr'><strong>Nam</strong></span> <span class='ocrx_word' id='word_1_200' title='bbox 2806 1335 2901 1386; x_wconf 75' lang='lat' dir='ltr'><strong>iste</strong></span> <span class='ocrx_word' id='word_1_201' title='bbox 2935 1335 3104 1389; x_wconf 86' lang='lat' dir='ltr'><strong>saneti</strong></span> <span class='ocrx_word' id='word_1_202' title='bbox 3137 1333 3388 1390; x_wconf 84' lang='lat' dir='ltr'><strong>Germani</strong></span> <span class='ocrx_word' id='word_1_203' title='bbox 3420 1337 3571 1391; x_wconf 84' lang='lat' dir='ltr'><strong>Pari-</strong></span> 
     </span>
    </p>
   </div>
   <div class='ocr_carea' id='block_1_29' title="bbox 1994 1420 3608 1498">
    <p class='ocr_par' dir='ltr' id='par_1_29' title="bbox 1994 1420 3608 1498">
     <span class='ocr_line' id='line_1_29' title="bbox 1994 1420 3608 1498; baseline 0.007 -25"><span class='ocrx_word' id='word_1_204' title='bbox 1994 1420 2186 1474; x_wconf 82' lang='lat' dir='ltr'><strong>siensis</strong></span> <span class='ocrx_word' id='word_1_205' title='bbox 2203 1422 2462 1491; x_wconf 83' lang='lat' dir='ltr'><strong>episcopi,</strong></span> <span class='ocrx_word' id='word_1_206' title='bbox 2477 1424 2564 1477; x_wconf 91' lang='lat' dir='ltr'><strong>cui</strong></span> <span class='ocrx_word' id='word_1_207' title='bbox 2579 1424 2802 1492; x_wconf 88' lang='lat' dir='ltr'><strong>epistola</strong></span> <span class='ocrx_word' id='word_1_208' title='bbox 2824 1441 2996 1480; x_wconf 87' lang='lat' dir='ltr'><strong>nunco</strong></span> <span class='ocrx_word' id='word_1_209' title='bbox 3006 1437 3124 1495; x_wconf 90' lang='lat' dir='ltr'><strong>pata</strong></span> <span class='ocrx_word' id='word_1_210' title='bbox 3139 1438 3241 1493; x_wconf 91' lang='lat' dir='ltr'><strong>est,</strong></span> <span class='ocrx_word' id='word_1_211' title='bbox 3264 1438 3316 1483; x_wconf 89' lang='lat' dir='ltr'><strong>et</strong></span> <span class='ocrx_word' id='word_1_212' title='bbox 3332 1428 3576 1498; x_wconf 81' lang='lat' dir='ltr'><strong>Gregorii</strong></span> <span class='ocrx_word' id='word_1_213' title='bbox 3596 1440 3608 1455; x_wconf 85' lang='lat'><strong>&#39;</strong></span> 
     </span>
    </p>
   </div>
   <div class='ocr_carea' id='block_1_30' title="bbox 1997 1513 3575 1588">
    <p class='ocr_par' dir='ltr' id='par_1_30' title="bbox 1997 1513 3575 1588">
     <span class='ocr_line' id='line_1_30' title="bbox 1997 1513 3575 1588; baseline 0.008 -25"><span class='ocrx_word' id='word_1_214' title='bbox 1997 1513 2163 1566; x_wconf 84' lang='lat' dir='ltr'><strong>nostri</strong></span> <span class='ocrx_word' id='word_1_215' title='bbox 2194 1514 2524 1582; x_wconf 85' lang='lat' dir='ltr'><strong>temporibus</strong></span> <span class='ocrx_word' id='word_1_216' title='bbox 2550 1515 2750 1585; x_wconf 85' lang='lat' dir='ltr'><strong>floruit,</strong></span> <span class='ocrx_word' id='word_1_217' title='bbox 2784 1532 2846 1571; x_wconf 89' lang='lat' dir='ltr'><strong>ac</strong></span> <span class='ocrx_word' id='word_1_218' title='bbox 2877 1520 3090 1585; x_wconf 83' lang='lat' dir='ltr'><strong>utrique</strong></span> <span class='ocrx_word' id='word_1_219' title='bbox 3124 1521 3435 1588; x_wconf 74' lang='lat' dir='ltr'><strong>supervixit.</strong></span> <span class='ocrx_word' id='word_1_220' title='bbox 3472 1523 3575 1588; x_wconf 83' lang='lat' dir='ltr'><strong>Qui</strong></span> 
     </span>
    </p>
   </div>
   <div class='ocr_carea' id='block_1_31' title="bbox 1996 1604 3575 1683">
    <p class='ocr_par' dir='ltr' id='par_1_31' title="bbox 1996 1604 3575 1683">
     <span class='ocr_line' id='line_1_31' title="bbox 1996 1604 3575 1683; baseline 0.006 -26"><span class='ocrx_word' id='word_1_221' title='bbox 1996 1604 2137 1658; x_wconf 87' lang='lat' dir='ltr'><strong>cnim</strong></span> <span class='ocrx_word' id='word_1_222' title='bbox 2165 1606 2276 1659; x_wconf 85' lang='lat' dir='ltr'><strong>fieri</strong></span> <span class='ocrx_word' id='word_1_223' title='bbox 2299 1614 2496 1673; x_wconf 84' lang='lat' dir='ltr'><strong>potest,</strong></span> <span class='ocrx_word' id='word_1_224' title='bbox 2521 1616 2577 1660; x_wconf 88' lang='lat' dir='ltr'><strong>ut</strong></span> <span class='ocrx_word' id='word_1_225' title='bbox 2600 1607 2895 1664; x_wconf 85' lang='lat' dir='ltr'><strong>Fortunato</strong></span> <span class='ocrx_word' id='word_1_226' title='bbox 2924 1613 3229 1679; x_wconf 85' lang='lat' dir='ltr'><strong>superstite,</strong></span> <span class='ocrx_word' id='word_1_227' title='bbox 3251 1628 3301 1667; x_wconf 86' lang='lat' dir='ltr'><strong>et</strong></span> <span class='ocrx_word' id='word_1_228' title='bbox 3327 1614 3575 1683; x_wconf 84' lang='lat' dir='ltr'><strong>frequen-</strong></span> 
     </span>
    </p>
   </div>
   <div class='ocr_carea' id='block_1_32' title="bbox 293 1693 3578 1768">
    <p class='ocr_par' dir='ltr' id='par_1_32' title="bbox 293 1693 3578 1768">
     <span class='ocr_line' id='line_1_32' title="bbox 293 1693 3578 1768; baseline 0.002 -16"><span class='ocrx_word' id='word_1_229' title='bbox 293 1715 408 1752; x_wconf 82' lang='lat' dir='ltr'><strong>sam</strong></span> <span class='ocrx_word' id='word_1_230' title='bbox 422 1702 596 1767; x_wconf 82' lang='lat' dir='ltr'><strong>fuisse,</strong></span> <span class='ocrx_word' id='word_1_231' title='bbox 615 1705 774 1765; x_wconf 88' lang='lat' dir='ltr'><strong>atque</strong></span> <span class='ocrx_word' id='word_1_232' title='bbox 787 1694 1059 1763; x_wconf 79' lang='lat' dir='ltr'><strong>subjungit</strong></span> <span class='ocrx_word' id='word_1_233' title='bbox 1076 1694 1341 1763; x_wconf 78' lang='lat' dir='ltr'><strong>ipsissima</strong></span> <span class='ocrx_word' id='word_1_234' title='bbox 1357 1695 1671 1759; x_wconf 76' lang='lat' dir='ltr'><strong>verba,qua:</strong></span> <span class='ocrx_word' id='word_1_235' title='bbox 1687 1694 1737 1746; x_wconf 92' lang='lat' dir='ltr'><strong>in</strong></span> <span class='ocrx_word' id='word_1_236' title='bbox 1756 1693 1892 1747; x_wconf 91' lang='lat' dir='ltr'><strong>libro</strong></span> <span class='ocrx_word' id='word_1_237' title='bbox 1929 1705 1971 1764; x_wconf 74' lang='grc' dir='ltr'><strong>Β</strong></span> <span class='ocrx_word' id='word_1_238' title='bbox 1999 1705 2078 1749; x_wconf 91' lang='lat' dir='ltr'><strong>ter</strong></span> <span class='ocrx_word' id='word_1_239' title='bbox 2098 1695 2322 1750; x_wconf 83' lang='lat' dir='ltr'><strong>Parisiis</strong></span> <span class='ocrx_word' id='word_1_240' title='bbox 2338 1713 2401 1751; x_wconf 91' lang='lat' dir='ltr'><strong>ac</strong></span> <span class='ocrx_word' id='word_1_241' title='bbox 2416 1698 2644 1751; x_wconf 86' lang='lat' dir='ltr'><strong>Turonis</strong></span> <span class='ocrx_word' id='word_1_242' title='bbox 2659 1712 2869 1768; x_wconf 77' lang='lat' dir='ltr'><strong>agente,</strong></span> <span class='ocrx_word' id='word_1_243' title='bbox 2887 1712 3101 1757; x_wconf 81' lang='lat' dir='ltr'><strong>sanctus</strong></span> <span class='ocrx_word' id='word_1_244' title='bbox 3119 1702 3414 1759; x_wconf 88' lang='lat' dir='ltr'><strong>Germanus</strong></span> <span class='ocrx_word' id='word_1_245' title='bbox 3431 1705 3578 1759; x_wconf 86' lang='lat' dir='ltr'><strong>Pari-</strong></span> 
     </span>
    </p>
   </div>
   <div class='ocr_carea' id='block_1_33' title="bbox 293 1784 1892 1858">
    <p class='ocr_par' dir='ltr' id='par_1_33' title="bbox 293 1784 1892 1858">
     <span class='ocr_line' id='line_1_33' title="bbox 293 1784 1892 1858; baseline -0.005 -13"><span class='ocrx_word' id='word_1_246' title='bbox 293 1792 365 1845; x_wconf 90' lang='lat' dir='ltr'><strong>de</strong></span> <span class='ocrx_word' id='word_1_247' title='bbox 395 1799 597 1858; x_wconf 70' lang='lat' dir='ltr'><strong>septem</strong></span> <span class='ocrx_word' id='word_1_248' title='bbox 636 1787 1034 1840; x_wconf 80' lang='lat' dir='ltr'><strong>Dormientibus</strong></span> <span class='ocrx_word' id='word_1_249' title='bbox 1067 1801 1126 1839; x_wconf 72' lang='lat' dir='ltr'><strong>ea</strong></span> <span class='ocrx_word' id='word_1_250' title='bbox 1158 1784 1227 1839; x_wconf 91' lang='lat' dir='ltr'><strong>de</strong></span> <span class='ocrx_word' id='word_1_251' title='bbox 1258 1800 1315 1839; x_wconf 93' lang='lat' dir='ltr'><strong>re</strong></span> <span class='ocrx_word' id='word_1_252' title='bbox 1361 1784 1645 1848; x_wconf 82' lang='lat' dir='ltr'><strong>habentur,</strong></span> <span class='ocrx_word' id='word_1_253' title='bbox 1689 1797 1892 1848; x_wconf 82' lang='lat' dir='ltr'><strong>eosque</strong></span> 
     </span>
    </p>
   </div>
   <div class='ocr_carea' id='block_1_34' title="bbox 292 1874 1891 1951">
    <p class='ocr_par' dir='ltr' id='par_1_34' title="bbox 292 1874 1891 1951">
     <span class='ocr_line' id='line_1_34' title="bbox 292 1874 1891 1951; baseline -0.008 -15"><span class='ocrx_word' id='word_1_254' title='bbox 292 1892 506 1951; x_wconf 79' lang='lat' dir='ltr'><strong>septem</strong></span> <span class='ocrx_word' id='word_1_255' title='bbox 532 1892 816 1948; x_wconf 83' lang='lat' dir='ltr'><strong>germanos</strong></span> <span class='ocrx_word' id='word_1_256' title='bbox 843 1875 1051 1941; x_wconf 81' lang='lat' dir='ltr'><strong>laudat,</strong></span> <span class='ocrx_word' id='word_1_257' title='bbox 1078 1890 1143 1928; x_wconf 88' lang='lat' dir='ltr'><strong>ac</strong></span> <span class='ocrx_word' id='word_1_258' title='bbox 1171 1874 1385 1929; x_wconf 84' lang='lat' dir='ltr'><strong>nemina</strong></span> <span class='ocrx_word' id='word_1_259' title='bbox 1412 1889 1597 1928; x_wconf 90' lang='lat' dir='ltr'><strong>eorum</strong></span> <span class='ocrx_word' id='word_1_260' title='bbox 1625 1881 1891 1928; x_wconf 75' lang='lat' dir='ltr'><strong>recenset.</strong></span> 
     </span>
    </p>
   </div>
   <div class='ocr_carea' id='block_1_35' title="bbox 292 1964 1893 2044">
    <p class='ocr_par' dir='ltr' id='par_1_35' title="bbox 292 1964 1893 2044">
     <span class='ocr_line' id='line_1_35' title="bbox 292 1964 1893 2044; baseline -0.007 -16"><span class='ocrx_word' id='word_1_261' title='bbox 292 1973 447 2029; x_wconf 83' lang='lat' dir='ltr'><strong>Idem</strong></span> <span class='ocrx_word' id='word_1_262' title='bbox 467 1986 602 2044; x_wconf 89' lang='lat' dir='ltr'><strong>opus</strong></span> <span class='ocrx_word' id='word_1_263' title='bbox 631 1972 806 2024; x_wconf 89' lang='lat' dir='ltr'><strong>laudat</strong></span> <span class='ocrx_word' id='word_1_264' title='bbox 829 2011 842 2035; x_wconf 93' lang='lat'><strong>,</strong></span> <span class='ocrx_word' id='word_1_265' title='bbox 869 1984 931 2022; x_wconf 90' lang='lat' dir='ltr'><strong>ac</strong></span> <span class='ocrx_word' id='word_1_266' title='bbox 961 1983 1057 2038; x_wconf 91' lang='lat' dir='ltr'><strong>pro</strong></span> <span class='ocrx_word' id='word_1_267' title='bbox 1081 1970 1292 2022; x_wconf 88' lang='lat' dir='ltr'><strong>sincero</strong></span> <span class='ocrx_word' id='word_1_268' title='bbox 1317 1964 1559 2036; x_wconf 81' lang='lat' dir='ltr'><strong>Gregorii</strong></span> <span class='ocrx_word' id='word_1_269' title='bbox 1591 1964 1700 2019; x_wconf 91' lang='lat' dir='ltr'><strong>fetu</strong></span> <span class='ocrx_word' id='word_1_270' title='bbox 1732 1964 1893 2017; x_wconf 85' lang='lat' dir='ltr'><strong>habet</strong></span> 
     </span>
    </p>
   </div>
   <div class='ocr_carea' id='block_1_36' title="bbox 292 2058 1889 2132">
    <p class='ocr_par' dir='ltr' id='par_1_36' title="bbox 292 2058 1889 2132">
     <span class='ocr_line' id='line_1_36' title="bbox 292 2058 1889 2132; baseline -0.008 -9"><span class='ocrx_word' id='word_1_271' title='bbox 292 2068 599 2123; x_wconf 84' lang='lat' dir='ltr'><strong>monachus</strong></span> <span class='ocrx_word' id='word_1_272' title='bbox 625 2064 1062 2132; x_wconf 80' lang='lat' dir='ltr'><strong>Sansulpicianus</strong></span> <span class='ocrx_word' id='word_1_273' title='bbox 1110 2062 1162 2115; x_wconf 92' lang='lat' dir='ltr'><strong>in</strong></span> <span class='ocrx_word' id='word_1_274' title='bbox 1214 2061 1533 2132; x_wconf 88' lang='lat' dir='ltr'><strong>patriarcbio</strong></span> <span class='ocrx_word' id='word_1_275' title='bbox 1568 2058 1889 2114; x_wconf 84' lang='lat' dir='ltr'><strong>Bituricensi</strong></span> 
     </span>
    </p>
   </div>
   <div class='ocr_carea' id='block_1_37' title="bbox 294 2150 1893 2229">
    <p class='ocr_par' dir='ltr' id='par_1_37' title="bbox 294 2150 1893 2229">
     <span class='ocr_line' id='line_1_37' title="bbox 294 2150 1893 2229; baseline -0.008 -14"><span class='ocrx_word' id='word_1_276' title='bbox 294 2160 485 2229; x_wconf 80' lang='lat' dir='ltr'><strong>capite</strong></span> <span class='ocrx_word' id='word_1_277' title='bbox 509 2159 597 2211; x_wconf 70' lang='lat'><strong>2&#39;7.</strong></span> <span class='ocrx_word' id='word_1_278' title='bbox 629 2157 759 2212; x_wconf 84' lang='lat' dir='ltr'><strong>illud</strong></span> <span class='ocrx_word' id='word_1_279' title='bbox 810 2166 991 2211; x_wconf 84' lang='lat' dir='ltr'><strong>tamen</strong></span> <span class='ocrx_word' id='word_1_280' title='bbox 1037 2153 1297 2224; x_wconf 85' lang='lat' dir='ltr'><strong>Gregorio</strong></span> <span class='ocrx_word' id='word_1_281' title='bbox 1345 2150 1893 2222; x_wconf 84' lang='lat' dir='ltr'><strong>abjudicatGoiotius</strong></span> 
     </span>
    </p>
   </div>
   <div class='ocr_carea' id='block_1_38' title="bbox 295 2243 1897 2317">
    <p class='ocr_par' dir='ltr' id='par_1_38' title="bbox 295 2243 1897 2317">
     <span class='ocr_line' id='line_1_38' title="bbox 295 2243 1897 2317; baseline -0.007 -11"><span class='ocrx_word' id='word_1_282' title='bbox 295 2252 370 2307; x_wconf 74' lang='lat' dir='ltr'><strong>ad</strong></span> <span class='ocrx_word' id='word_1_283' title='bbox 420 2266 618 2305; x_wconf 84' lang='lat' dir='ltr'><strong>annum</strong></span> <span class='ocrx_word' id='word_1_284' title='bbox 650 2251 773 2315; x_wconf 77' lang='lat'><strong>595,</strong></span> <span class='ocrx_word' id='word_1_285' title='bbox 823 2264 975 2303; x_wconf 89' lang='lat' dir='ltr'><strong>num.</strong></span> <span class='ocrx_word' id='word_1_286' title='bbox 1004 2248 1093 2313; x_wconf 84' lang='lat' dir='ltr'><strong>5i,</strong></span> <span class='ocrx_word' id='word_1_287' title='bbox 1123 2246 1262 2317; x_wconf 88' lang='lat' dir='ltr'><strong>quod</strong></span> <span class='ocrx_word' id='word_1_288' title='bbox 1306 2247 1357 2300; x_wconf 89' lang='lat' dir='ltr'><strong>in</strong></span> <span class='ocrx_word' id='word_1_289' title='bbox 1405 2246 1613 2314; x_wconf 76' lang='lat' dir='ltr'><strong>epilogo</strong></span> <span class='ocrx_word' id='word_1_290' title='bbox 1653 2243 1897 2298; x_wconf 63' lang='lat' dir='ltr'><strong>Historia:</strong></span> 
     </span>
    </p>
   </div>
   <div class='ocr_carea' id='block_1_39' title="bbox 296 2339 1900 2413">
    <p class='ocr_par' dir='ltr' id='par_1_39' title="bbox 296 2339 1900 2413">
     <span class='ocr_line' id='line_1_39' title="bbox 296 2339 1900 2413; baseline -0.008 -15"><span class='ocrx_word' id='word_1_291' title='bbox 296 2343 647 2413; x_wconf 72' lang='lat' dir='ltr'><strong>Gregoriana:</strong></span> <span class='ocrx_word' id='word_1_292' title='bbox 670 2343 807 2396; x_wconf 82' lang='lat' dir='ltr'><strong>inter</strong></span> <span class='ocrx_word' id='word_1_293' title='bbox 839 2339 982 2394; x_wconf 90' lang='lat' dir='ltr'><strong>illius</strong></span> <span class='ocrx_word' id='word_1_294' title='bbox 1002 2353 1165 2408; x_wconf 88' lang='lat' dir='ltr'><strong>opera</strong></span> <span class='ocrx_word' id='word_1_295' title='bbox 1188 2352 1293 2391; x_wconf 94' lang='lat' dir='ltr'><strong>non</strong></span> <span class='ocrx_word' id='word_1_296' title='bbox 1322 2345 1900 2405; x_wconf 39' lang='lat' dir='ltr'><strong>recenseatur,’quam-</strong></span> 
     </span>
    </p>
   </div>
   <div class='ocr_carea' id='block_1_40' title="bbox 296 2421 1899 2497">
    <p class='ocr_par' dir='ltr' id='par_1_40' title="bbox 296 2421 1899 2497">
     <span class='ocr_line' id='line_1_40' title="bbox 296 2421 1899 2497; baseline -0.007 -11"><span class='ocrx_word' id='word_1_297' title='bbox 296 2433 387 2486; x_wconf 68' lang='lat' dir='ltr'><strong>Vi)</strong></span> <span class='ocrx_word' id='word_1_298' title='bbox 420 2446 531 2486; x_wconf 78' lang='lat' dir='ltr'><strong>rem</strong></span> <span class='ocrx_word' id='word_1_299' title='bbox 560 2433 659 2485; x_wconf 87' lang='lat' dir='ltr'><strong>sub</strong></span> <span class='ocrx_word' id='word_1_300' title='bbox 687 2428 849 2483; x_wconf 90' lang='lat' dir='ltr'><strong>dubio</strong></span> <span class='ocrx_word' id='word_1_301' title='bbox 878 2425 1242 2497; x_wconf 88' lang='lat' dir='ltr'><strong>proposuisset</strong></span> <span class='ocrx_word' id='word_1_302' title='bbox 1263 2424 1330 2479; x_wconf 81' lang='lat' dir='ltr'><strong>ad</strong></span> <span class='ocrx_word' id='word_1_303' title='bbox 1360 2439 1561 2476; x_wconf 87' lang='lat' dir='ltr'><strong>annum</strong></span> <span class='ocrx_word' id='word_1_304' title='bbox 1592 2421 1721 2488; x_wconf 72' lang='lat'><strong>591,</strong></span> <span class='ocrx_word' id='word_1_305' title='bbox 1749 2437 1899 2475; x_wconf 90' lang='lat' dir='ltr'><strong>num.</strong></span> 
     </span>
    </p>
   </div>
   <div class='ocr_carea' id='block_1_41' title="bbox 296 2510 1897 2591">
    <p class='ocr_par' dir='ltr' id='par_1_41' title="bbox 296 2510 1897 2591">
     <span class='ocr_line' id='line_1_41' title="bbox 296 2510 1897 2591; baseline -0.011 -12"><span class='ocrx_word' id='word_1_306' title='bbox 296 2525 334 2579; x_wconf 75' lang='lat'><strong>2</strong></span> <span class='ocrx_word' id='word_1_307' title='bbox 354 2565 373 2591; x_wconf 89' lang='lat'><strong>,</strong></span> <span class='ocrx_word' id='word_1_308' title='bbox 402 2525 493 2578; x_wconf 87' lang='lat' dir='ltr'><strong>ubi</strong></span> <span class='ocrx_word' id='word_1_309' title='bbox 521 2538 587 2577; x_wconf 77' lang='lat' dir='ltr'><strong>ex</strong></span> <span class='ocrx_word' id='word_1_310' title='bbox 610 2520 832 2590; x_wconf 85' lang='lat' dir='ltr'><strong>epistola</strong></span> <span class='ocrx_word' id='word_1_311' title='bbox 867 2518 991 2572; x_wconf 90' lang='lat' dir='ltr'><strong>huic</strong></span> <span class='ocrx_word' id='word_1_312' title='bbox 1020 2516 1198 2571; x_wconf 91' lang='lat' dir='ltr'><strong>libello</strong></span> <span class='ocrx_word' id='word_1_313' title='bbox 1226 2514 1440 2584; x_wconf 68' lang='lat' dir='ltr'><strong>praefixa</strong></span> <span class='ocrx_word' id='word_1_314' title='bbox 1476 2513 1613 2566; x_wconf 87' lang='lat' dir='ltr'><strong>beati</strong></span> <span class='ocrx_word' id='word_1_315' title='bbox 1645 2510 1897 2580; x_wconf 88' lang='lat' dir='ltr'><strong>Sulpicii,</strong></span> 
     </span>
    </p>
   </div>
   <div class='ocr_carea' id='block_1_42' title="bbox 298 2605 1902 2688">
    <p class='ocr_par' dir='ltr' id='par_1_42' title="bbox 298 2605 1902 2688">
     <span class='ocr_line' id='line_1_42' title="bbox 298 2605 1902 2688; baseline -0.013 -9"><span class='ocrx_word' id='word_1_316' title='bbox 298 2623 392 2679; x_wconf 78' lang='lat' dir='ltr'><strong>eui</strong></span> <span class='ocrx_word' id='word_1_317' title='bbox 427 2628 731 2688; x_wconf 81' lang='lat' dir='ltr'><strong>nuncupata</strong></span> <span class='ocrx_word' id='word_1_318' title='bbox 763 2626 879 2684; x_wconf 89' lang='lat' dir='ltr'><strong>est,</strong></span> <span class='ocrx_word' id='word_1_319' title='bbox 915 2615 1249 2667; x_wconf 83' lang='lat' dir='ltr'><strong>sanctitatem</strong></span> <span class='ocrx_word' id='word_1_320' title='bbox 1281 2609 1511 2663; x_wconf 83' lang='lat' dir='ltr'><strong>maxime</strong></span> <span class='ocrx_word' id='word_1_321' title='bbox 1537 2605 1902 2662; x_wconf 89' lang='lat' dir='ltr'><strong>commendari</strong></span> 
     </span>
    </p>
   </div>
   <div class='ocr_carea' id='block_1_43' title="bbox 298 2697 1903 2785">
    <p class='ocr_par' dir='ltr' id='par_1_43' title="bbox 298 2697 1903 2785">
     <span class='ocr_line' id='line_1_43' title="bbox 298 2697 1903 2785; baseline -0.012 -15"><span class='ocrx_word' id='word_1_322' title='bbox 298 2715 546 2785; x_wconf 67' lang='lat' dir='ltr'><strong>agnovit.</strong></span> <span class='ocrx_word' id='word_1_323' title='bbox 590 2708 992 2779; x_wconf 74' lang='lat' dir='ltr'><strong>Arch;episc0pi</strong></span> <span class='ocrx_word' id='word_1_324' title='bbox 1038 2706 1245 2770; x_wconf 63' lang='lat' dir='ltr'><strong>titulus,</strong></span> <span class='ocrx_word' id='word_1_325' title='bbox 1285 2704 1375 2772; x_wconf 87' lang='lat' dir='ltr'><strong>qui</strong></span> <span class='ocrx_word' id='word_1_326' title='bbox 1426 2702 1480 2754; x_wconf 91' lang='lat' dir='ltr'><strong>in</strong></span> <span class='ocrx_word' id='word_1_327' title='bbox 1533 2702 1631 2753; x_wconf 88' lang='lat' dir='ltr'><strong>ista</strong></span> <span class='ocrx_word' id='word_1_328' title='bbox 1675 2697 1903 2769; x_wconf 77' lang='lat' dir='ltr'><strong>epistola</strong></span> 
     </span>
    </p>
   </div>
   <div class='ocr_carea' id='block_1_44' title="bbox 299 2791 1905 2877">
    <p class='ocr_par' dir='ltr' id='par_1_44' title="bbox 299 2791 1905 2877">
     <span class='ocr_line' id='line_1_44' title="bbox 299 2791 1905 2877; baseline -0.012 -13"><span class='ocrx_word' id='word_1_329' title='bbox 299 2808 552 2877; x_wconf 84' lang='lat' dir='ltr'><strong>Sulpicio</strong></span> <span class='ocrx_word' id='word_1_330' title='bbox 586 2804 856 2868; x_wconf 88' lang='lat' dir='ltr'><strong>tribuitur,</strong></span> <span class='ocrx_word' id='word_1_331' title='bbox 887 2809 943 2855; x_wconf 88' lang='lat' dir='ltr'><strong>et</strong></span> <span class='ocrx_word' id='word_1_332' title='bbox 984 2800 1034 2853; x_wconf 91' lang='lat' dir='ltr'><strong>in</strong></span> <span class='ocrx_word' id='word_1_333' title='bbox 1087 2800 1200 2867; x_wconf 89' lang='lat' dir='ltr'><strong>ipsa</strong></span> <span class='ocrx_word' id='word_1_334' title='bbox 1245 2795 1474 2850; x_wconf 85' lang='lat' dir='ltr'><strong>Historia</strong></span> <span class='ocrx_word' id='word_1_335' title='bbox 1520 2793 1728 2847; x_wconf 82' lang='lat' dir='ltr'><strong>Briccio</strong></span> <span class='ocrx_word' id='word_1_336' title='bbox 1791 2791 1905 2859; x_wconf 86' lang='lat' dir='ltr'><strong>epi—</strong></span> 
     </span>
    </p>
   </div>
   <div class='ocr_carea' id='block_1_45' title="bbox 302 2884 1904 2970">
    <p class='ocr_par' dir='ltr' id='par_1_45' title="bbox 302 2884 1904 2970">
     <span class='ocr_line' id='line_1_45' title="bbox 302 2884 1904 2970; baseline -0.013 -14"><span class='ocrx_word' id='word_1_337' title='bbox 302 2916 482 2970; x_wconf 79' lang='lat' dir='ltr'><strong>scopo</strong></span> <span class='ocrx_word' id='word_1_338' title='bbox 507 2896 831 2959; x_wconf 84' lang='lat' dir='ltr'><strong>Turonensi,</strong></span> <span class='ocrx_word' id='word_1_339' title='bbox 858 2894 1126 2963; x_wconf 77' lang='lat' dir='ltr'><strong>negotium</strong></span> <span class='ocrx_word' id='word_1_340' title='bbox 1154 2888 1393 2951; x_wconf 83' lang='lat' dir='ltr'><strong>facessit,</strong></span> <span class='ocrx_word' id='word_1_341' title='bbox 1410 2902 1529 2941; x_wconf 91' lang='lat' dir='ltr'><strong>cum</strong></span> <span class='ocrx_word' id='word_1_342' title='bbox 1554 2884 1774 2939; x_wconf 82' lang='lat' dir='ltr'><strong>inliciari</strong></span> <span class='ocrx_word' id='word_1_343' title='bbox 1801 2900 1904 2937; x_wconf 91' lang='lat' dir='ltr'><strong>non</strong></span> 
     </span>
    </p>
   </div>
   <div class='ocr_carea' id='block_1_46' title="bbox 307 2979 1906 3064">
    <p class='ocr_par' dir='ltr' id='par_1_46' title="bbox 307 2979 1906 3064">
     <span class='ocr_line' id='line_1_46' title="bbox 307 2979 1906 3064; baseline -0.011 -19"><span class='ocrx_word' id='word_1_344' title='bbox 307 2994 609 3064; x_wconf 78' lang='lat' dir='ltr'><strong>possimus,</strong></span> <span class='ocrx_word' id='word_1_345' title='bbox 640 2985 1089 3053; x_wconf 81' lang='lat' dir='ltr'><strong>nietropolitanos</strong></span> <span class='ocrx_word' id='word_1_346' title='bbox 1120 2981 1171 3034; x_wconf 90' lang='lat' dir='ltr'><strong>in</strong></span> <span class='ocrx_word' id='word_1_347' title='bbox 1203 2979 1285 3034; x_wconf 88' lang='lat' dir='ltr'><strong>his</strong></span> <span class='ocrx_word' id='word_1_348' title='bbox 1316 2979 1554 3048; x_wconf 87' lang='lat' dir='ltr'><strong>partibus</strong></span> <span class='ocrx_word' id='word_1_349' title='bbox 1580 2986 1704 3029; x_wconf 88' lang='lat' dir='ltr'><strong>ante</strong></span> <span class='ocrx_word' id='word_1_350' title='bbox 1734 2991 1906 3029; x_wconf 57' lang='lat' dir='ltr'><strong>saecu-</strong></span> 
     </span>
    </p>
   </div>
   <div class='ocr_carea' id='block_1_47' title="bbox 1995 1786 3583 1856">
    <p class='ocr_par' dir='ltr' id='par_1_47' title="bbox 1995 1786 3583 1856">
     <span class='ocr_line' id='line_1_47' title="bbox 1995 1786 3583 1856; baseline 0.006 -17"><span class='ocrx_word' id='word_1_351' title='bbox 1995 1787 2197 1839; x_wconf 84' lang='lat' dir='ltr'><strong>siorum</strong></span> <span class='ocrx_word' id='word_1_352' title='bbox 2225 1786 2513 1856; x_wconf 87' lang='lat' dir='ltr'><strong>episcopus</strong></span> <span class='ocrx_word' id='word_1_353' title='bbox 2540 1787 2855 1855; x_wconf 85' lang='lat' dir='ltr'><strong>Gregorium</strong></span> <span class='ocrx_word' id='word_1_354' title='bbox 2877 1790 3242 1847; x_wconf 84' lang='lat' dir='ltr'><strong>&#39;I‘nronensem</strong></span> <span class='ocrx_word' id='word_1_355' title='bbox 3274 1794 3583 1848; x_wconf 80' lang='lat' dir='ltr'><strong>invitaverit</strong></span> 
     </span>
    </p>
   </div>
   <div class='ocr_carea' id='block_1_48' title="bbox 1996 1876 3579 1948">
    <p class='ocr_par' dir='ltr' id='par_1_48' title="bbox 1996 1876 3579 1948">
     <span class='ocr_line' id='line_1_48' title="bbox 1996 1876 3579 1948; baseline 0.006 -19"><span class='ocrx_word' id='word_1_356' title='bbox 1996 1876 2063 1930; x_wconf 84' lang='lat' dir='ltr'><strong>ad</strong></span> <span class='ocrx_word' id='word_1_357' title='bbox 2092 1878 2464 1946; x_wconf 79' lang='lat' dir='ltr'><strong>expurgandus</strong></span> <span class='ocrx_word' id='word_1_358' title='bbox 2485 1892 2515 1931; x_wconf 89' lang='lat' dir='ltr'><strong>a</strong></span> <span class='ocrx_word' id='word_1_359' title='bbox 2545 1880 2866 1948; x_wconf 89' lang='lat' dir='ltr'><strong>scriptorum</strong></span> <span class='ocrx_word' id='word_1_360' title='bbox 2896 1883 3037 1936; x_wconf 90' lang='lat' dir='ltr'><strong>vitiis</strong></span> <span class='ocrx_word' id='word_1_361' title='bbox 3065 1896 3370 1939; x_wconf 87' lang='lat' dir='ltr'><strong>sanctorum</strong></span> <span class='ocrx_word' id='word_1_362' title='bbox 3407 1885 3579 1948; x_wconf 70' lang='lat' dir='ltr'><strong>Vitas,</strong></span> 
     </span>
    </p>
   </div>
   <div class='ocr_carea' id='block_1_49' title="bbox 1996 1968 3581 2044">
    <p class='ocr_par' dir='ltr' id='par_1_49' title="bbox 1996 1968 3581 2044">
     <span class='ocr_line' id='line_1_49' title="bbox 1996 1968 3581 2044; baseline 0.008 -24"><span class='ocrx_word' id='word_1_363' title='bbox 1996 1983 2128 2037; x_wconf 88' lang='lat' dir='ltr'><strong>quas</strong></span> <span class='ocrx_word' id='word_1_364' title='bbox 2156 1968 2270 2035; x_wconf 91' lang='lat' dir='ltr'><strong>ipse</strong></span> <span class='ocrx_word' id='word_1_365' title='bbox 2301 1969 2629 2025; x_wconf 85' lang='lat' dir='ltr'><strong>Fortunatus</strong></span> <span class='ocrx_word' id='word_1_366' title='bbox 2673 1972 2882 2025; x_wconf 86' lang='lat' dir='ltr'><strong>illarum</strong></span> <span class='ocrx_word' id='word_1_367' title='bbox 2915 1984 3122 2039; x_wconf 90' lang='lat' dir='ltr'><strong>auctor,</strong></span> <span class='ocrx_word' id='word_1_368' title='bbox 3148 1979 3235 2044; x_wconf 89' lang='lat' dir='ltr'><strong>qui</strong></span> <span class='ocrx_word' id='word_1_369' title='bbox 3268 1992 3449 2031; x_wconf 87' lang='lat' dir='ltr'><strong>coram</strong></span> <span class='ocrx_word' id='word_1_370' title='bbox 3481 1979 3581 2031; x_wconf 83' lang='lat' dir='ltr'><strong>ad-</strong></span> 
     </span>
    </p>
   </div>
   <div class='ocr_carea' id='block_1_50' title="bbox 1996 2060 3581 2135">
    <p class='ocr_par' dir='ltr' id='par_1_50' title="bbox 1996 2060 3581 2135">
     <span class='ocr_line' id='line_1_50' title="bbox 1996 2060 3581 2135; baseline 0.005 -23"><span class='ocrx_word' id='word_1_371' title='bbox 1996 2068 2134 2122; x_wconf 78' lang='lat' dir='ltr'><strong>erat,</strong></span> <span class='ocrx_word' id='word_1_372' title='bbox 2164 2069 2218 2113; x_wconf 90' lang='lat' dir='ltr'><strong>et</strong></span> <span class='ocrx_word' id='word_1_373' title='bbox 2242 2060 2519 2129; x_wconf 89' lang='lat' dir='ltr'><strong>utriusque</strong></span> <span class='ocrx_word' id='word_1_374' title='bbox 2544 2060 2801 2115; x_wconf 74' lang='lat' dir='ltr'><strong>antistitis</strong></span> <span class='ocrx_word' id='word_1_375' title='bbox 2833 2064 3034 2118; x_wconf 84' lang='lat' dir='ltr'><strong>amicus</strong></span> <span class='ocrx_word' id='word_1_376' title='bbox 3059 2074 3114 2119; x_wconf 88' lang='lat' dir='ltr'><strong>et</strong></span> <span class='ocrx_word' id='word_1_377' title='bbox 3141 2066 3432 2135; x_wconf 87' lang='lat' dir='ltr'><strong>discipulus</strong></span> <span class='ocrx_word' id='word_1_378' title='bbox 3453 2082 3581 2121; x_wconf 72' lang='lat' dir='ltr'><strong>teu-</strong></span> 
     </span>
    </p>
   </div>
   <div class='ocr_carea' id='block_1_51' title="bbox 1998 2151 3581 2217">
    <p class='ocr_par' dir='ltr' id='par_1_51' title="bbox 1998 2151 3581 2217">
     <span class='ocr_line' id='line_1_51' title="bbox 1998 2151 3581 2217; baseline 0.006 -13"><span class='ocrx_word' id='word_1_379' title='bbox 1998 2152 2235 2217; x_wconf 84' lang='lat' dir='ltr'><strong>sebatur,</strong></span> <span class='ocrx_word' id='word_1_380' title='bbox 2254 2151 2459 2207; x_wconf 87' lang='lat' dir='ltr'><strong>facilius</strong></span> <span class='ocrx_word' id='word_1_381' title='bbox 2480 2154 2855 2209; x_wconf 76' lang='lat' dir='ltr'><strong>emendasset?</strong></span> <span class='ocrx_word' id='word_1_382' title='bbox 2884 2155 3234 2212; x_wconf 81' lang='lat' dir='ltr'><strong>Fortunatam</strong></span> <span class='ocrx_word' id='word_1_383' title='bbox 3263 2174 3393 2213; x_wconf 90' lang='lat' dir='ltr'><strong>vero</strong></span> <span class='ocrx_word' id='word_1_384' title='bbox 3414 2161 3581 2214; x_wconf 89' lang='lat' dir='ltr'><strong>alium</strong></span> 
     </span>
    </p>
   </div>
   <div class='ocr_carea' id='block_1_52' title="bbox 1998 2243 3583 2322">
    <p class='ocr_par' dir='ltr' id='par_1_52' title="bbox 1998 2243 3583 2322">
     <span class='ocr_line' id='line_1_52' title="bbox 1998 2243 3583 2322; baseline 0.006 -26"><span class='ocrx_word' id='word_1_385' title='bbox 1998 2258 2028 2296; x_wconf 88' lang='lat' dir='ltr'><strong>a</strong></span> <span class='ocrx_word' id='word_1_386' title='bbox 2063 2243 2323 2298; x_wconf 74' lang='lat' dir='ltr'><strong>Yenantio</strong></span> <span class='ocrx_word' id='word_1_387' title='bbox 2356 2256 2510 2313; x_wconf 88' lang='lat' dir='ltr'><strong>poeta</strong></span> <span class='ocrx_word' id='word_1_388' title='bbox 2537 2248 2809 2303; x_wconf 78' lang='lat' dir='ltr'><strong>exstitisse</strong></span> <span class='ocrx_word' id='word_1_389' title='bbox 2842 2265 2947 2303; x_wconf 90' lang='lat' dir='ltr'><strong>non</strong></span> <span class='ocrx_word' id='word_1_390' title='bbox 2996 2250 3130 2305; x_wconf 88' lang='lat' dir='ltr'><strong>levia</strong></span> <span class='ocrx_word' id='word_1_391' title='bbox 3170 2252 3398 2320; x_wconf 88' lang='lat' dir='ltr'><strong>probant</strong></span> <span class='ocrx_word' id='word_1_392' title='bbox 3426 2268 3583 2322; x_wconf 90' lang='lat' dir='ltr'><strong>argn-</strong></span> 
     </span>
    </p>
   </div>
   <div class='ocr_carea' id='block_1_53' title="bbox 2003 2339 3583 2412">
    <p class='ocr_par' dir='ltr' id='par_1_53' title="bbox 2003 2339 3583 2412">
     <span class='ocr_line' id='line_1_53' title="bbox 2003 2339 3583 2412; baseline 0.007 -22"><span class='ocrx_word' id='word_1_393' title='bbox 2003 2348 2219 2402; x_wconf 79' lang='lat' dir='ltr'><strong>menta,</strong></span> <span class='ocrx_word' id='word_1_394' title='bbox 2251 2354 2371 2407; x_wconf 80' lang='lat' dir='ltr'><strong>quae</strong></span> <span class='ocrx_word' id='word_1_395' title='bbox 2414 2339 2503 2395; x_wconf 91' lang='lat' dir='ltr'><strong>hic</strong></span> <span class='ocrx_word' id='word_1_396' title='bbox 2549 2344 2793 2412; x_wconf 89' lang='lat' dir='ltr'><strong>persequi</strong></span> <span class='ocrx_word' id='word_1_397' title='bbox 2845 2345 3013 2399; x_wconf 85' lang='lat' dir='ltr'><strong>nostri</strong></span> <span class='ocrx_word' id='word_1_398' title='bbox 3067 2360 3171 2399; x_wconf 90' lang='lat' dir='ltr'><strong>non</strong></span> <span class='ocrx_word' id='word_1_399' title='bbox 3205 2356 3289 2401; x_wconf 87' lang='lat' dir='ltr'><strong>est</strong></span> <span class='ocrx_word' id='word_1_400' title='bbox 3334 2346 3583 2401; x_wconf 89' lang='lat' dir='ltr'><strong>instituti.</strong></span> 
     </span>
    </p>
   </div>
   <div class='ocr_carea' id='block_1_54' title="bbox 2002 2429 3584 2494">
    <p class='ocr_par' dir='ltr' id='par_1_54' title="bbox 2002 2429 3584 2494">
     <span class='ocr_line' id='line_1_54' title="bbox 2002 2429 3584 2494; baseline 0.006 -10"><span class='ocrx_word' id='word_1_401' title='bbox 2002 2429 2270 2485; x_wconf 64' lang='lat' dir='ltr'><strong>Caterum</strong></span> <span class='ocrx_word' id='word_1_402' title='bbox 2301 2434 2402 2486; x_wconf 91' lang='lat' dir='ltr'><strong>etsi</strong></span> <span class='ocrx_word' id='word_1_403' title='bbox 2433 2444 2709 2490; x_wconf 87' lang='lat' dir='ltr'><strong>constaret</strong></span> <span class='ocrx_word' id='word_1_404' title='bbox 2749 2437 2891 2491; x_wconf 89' lang='lat' dir='ltr'><strong>beati</strong></span> <span class='ocrx_word' id='word_1_405' title='bbox 2919 2438 3149 2493; x_wconf 82' lang='lat' dir='ltr'><strong>Maurilii</strong></span> <span class='ocrx_word' id='word_1_406' title='bbox 3184 2439 3357 2494; x_wconf 81' lang='lat' dir='ltr'><strong>Vitam</strong></span> <span class='ocrx_word' id='word_1_407' title='bbox 3390 2454 3419 2494; x_wconf 87' lang='lat' dir='ltr'><strong>a</strong></span> <span class='ocrx_word' id='word_1_408' title='bbox 3445 2437 3584 2494; x_wconf 86' lang='lat' dir='ltr'><strong>Gre-</strong></span> 
     </span>
    </p>
   </div>
   <div class='ocr_carea' id='block_1_55' title="bbox 2014 2525 3583 2601">
    <p class='ocr_par' dir='ltr' id='par_1_55' title="bbox 2014 2525 3583 2601">
     <span class='ocr_line' id='line_1_55' title="bbox 2014 2525 3583 2601; baseline 0.006 -23"><span class='ocrx_word' id='word_1_409' title='bbox 2014 2525 2169 2593; x_wconf 85' lang='lat' dir='ltr'><strong>gorio</strong></span> <span class='ocrx_word' id='word_1_410' title='bbox 2199 2525 2497 2582; x_wconf 89' lang='lat' dir='ltr'><strong>Turonensi</strong></span> <span class='ocrx_word' id='word_1_411' title='bbox 2539 2528 2826 2598; x_wconf 79' lang='lat' dir='ltr'><strong>aliquando</strong></span> <span class='ocrx_word' id='word_1_412' title='bbox 2854 2532 3192 2586; x_wconf 88' lang='lat' dir='ltr'><strong>emendatam</strong></span> <span class='ocrx_word' id='word_1_413' title='bbox 3224 2532 3415 2601; x_wconf 87' lang='lat' dir='ltr'><strong>fuisse,</strong></span> <span class='ocrx_word' id='word_1_414' title='bbox 3445 2535 3583 2587; x_wconf 90' lang='lat' dir='ltr'><strong>hanc</strong></span> 
     </span>
    </p>
   </div>
   <div class='ocr_carea' id='block_1_56' title="bbox 2008 2619 3589 2693">
    <p class='ocr_par' dir='ltr' id='par_1_56' title="bbox 2008 2619 3589 2693">
     <span class='ocr_line' id='line_1_56' title="bbox 2008 2619 3589 2693; baseline 0.005 -24"><span class='ocrx_word' id='word_1_415' title='bbox 2008 2627 2183 2671; x_wconf 90' lang='lat' dir='ltr'><strong>tamen</strong></span> <span class='ocrx_word' id='word_1_416' title='bbox 2213 2634 2318 2672; x_wconf 91' lang='lat' dir='ltr'><strong>non</strong></span> <span class='ocrx_word' id='word_1_417' title='bbox 2353 2619 2523 2685; x_wconf 87' lang='lat' dir='ltr'><strong>ipsam</strong></span> <span class='ocrx_word' id='word_1_418' title='bbox 2551 2634 2671 2674; x_wconf 91' lang='lat' dir='ltr'><strong>esse</strong></span> <span class='ocrx_word' id='word_1_419' title='bbox 2701 2623 3103 2687; x_wconf 84' lang='lat' dir='ltr'><strong>contendimus,</strong></span> <span class='ocrx_word' id='word_1_420' title='bbox 3132 2639 3251 2692; x_wconf 68' lang='lat' dir='ltr'><strong>quae</strong></span> <span class='ocrx_word' id='word_1_421' title='bbox 3281 2624 3437 2693; x_wconf 86' lang='lat' dir='ltr'><strong>vulgo</strong></span> <span class='ocrx_word' id='word_1_422' title='bbox 3477 2624 3589 2677; x_wconf 84' lang='lat' dir='ltr'><strong>cir-</strong></span> 
     </span>
    </p>
   </div>
   <div class='ocr_carea' id='block_1_57' title="bbox 2007 2709 3595 2783">
    <p class='ocr_par' dir='ltr' id='par_1_57' title="bbox 2007 2709 3595 2783">
     <span class='ocr_line' id='line_1_57' title="bbox 2007 2709 3595 2783; baseline 0.004 -22"><span class='ocrx_word' id='word_1_423' title='bbox 2007 2709 2303 2763; x_wconf 76' lang='lat' dir='ltr'><strong>cnmfeitur</strong></span> <span class='ocrx_word' id='word_1_424' title='bbox 2332 2712 2383 2763; x_wconf 91' lang='lat' dir='ltr'><strong>in</strong></span> <span class='ocrx_word' id='word_1_425' title='bbox 2418 2710 2570 2765; x_wconf 89' lang='lat' dir='ltr'><strong>libris</strong></span> <span class='ocrx_word' id='word_1_426' title='bbox 2597 2713 2759 2767; x_wconf 85' lang='lat' dir='ltr'><strong>editis</strong></span> <span class='ocrx_word' id='word_1_427' title='bbox 2784 2723 2835 2768; x_wconf 92' lang='lat' dir='ltr'><strong>et</strong></span> <span class='ocrx_word' id='word_1_428' title='bbox 2868 2714 3137 2769; x_wconf 89' lang='lat' dir='ltr'><strong>nonnullis</strong></span> <span class='ocrx_word' id='word_1_429' title='bbox 3177 2714 3595 2783; x_wconf 82' lang='lat' dir='ltr'><strong>manuscriptis,</strong></span> 
     </span>
    </p>
   </div>
   <div class='ocr_carea' id='block_1_58' title="bbox 2010 2801 3589 2874">
    <p class='ocr_par' dir='ltr' id='par_1_58' title="bbox 2010 2801 3589 2874">
     <span class='ocr_line' id='line_1_58' title="bbox 2010 2801 3589 2874; baseline 0.004 -20"><span class='ocrx_word' id='word_1_430' title='bbox 2010 2801 2134 2855; x_wconf 92' lang='lat' dir='ltr'><strong>licet</strong></span> <span class='ocrx_word' id='word_1_431' title='bbox 2158 2802 2207 2856; x_wconf 91' lang='lat' dir='ltr'><strong>ei</strong></span> <span class='ocrx_word' id='word_1_432' title='bbox 2241 2802 2515 2871; x_wconf 66' lang='lat' dir='ltr'><strong>praemissa</strong></span> <span class='ocrx_word' id='word_1_433' title='bbox 2556 2805 2764 2873; x_wconf 87' lang='lat' dir='ltr'><strong>legatur</strong></span> <span class='ocrx_word' id='word_1_434' title='bbox 2805 2804 3047 2874; x_wconf 87' lang='lat' dir='ltr'><strong>Gregorii</strong></span> <span class='ocrx_word' id='word_1_435' title='bbox 3099 2807 3343 2874; x_wconf 83' lang='lat' dir='ltr'><strong>epistula.</strong></span> <span class='ocrx_word' id='word_1_436' title='bbox 3376 2806 3589 2861; x_wconf 86' lang='lat' dir='ltr'><strong>Etenim</strong></span> 
     </span>
    </p>
   </div>
   <div class='ocr_carea' id='block_1_59' title="bbox 2012 2892 3595 2966">
    <p class='ocr_par' dir='ltr' id='par_1_59' title="bbox 2012 2892 3595 2966">
     <span class='ocr_line' id='line_1_59' title="bbox 2012 2892 3595 2966; baseline 0.004 -20"><span class='ocrx_word' id='word_1_437' title='bbox 2012 2892 2171 2963; x_wconf 85' lang='lat' dir='ltr'><strong>linjus</strong></span> <span class='ocrx_word' id='word_1_438' title='bbox 2201 2895 2446 2964; x_wconf 70' lang='lat' dir='ltr'><strong>epistola:</strong></span> <span class='ocrx_word' id='word_1_439' title='bbox 2472 2908 2657 2950; x_wconf 85' lang='lat' dir='ltr'><strong>auctor</strong></span> <span class='ocrx_word' id='word_1_440' title='bbox 2688 2895 2864 2951; x_wconf 83' lang='lat' dir='ltr'><strong>Vitam</strong></span> <span class='ocrx_word' id='word_1_441' title='bbox 2912 2898 3054 2950; x_wconf 89' lang='lat' dir='ltr'><strong>illam</strong></span> <span class='ocrx_word' id='word_1_442' title='bbox 3102 2897 3172 2951; x_wconf 93' lang='lat' dir='ltr'><strong>ob</strong></span> <span class='ocrx_word' id='word_1_443' title='bbox 3204 2897 3253 2951; x_wconf 88' lang='lat' dir='ltr'><strong>id</strong></span> <span class='ocrx_word' id='word_1_444' title='bbox 3292 2912 3352 2952; x_wconf 83' lang='lat' dir='ltr'><strong>se</strong></span> <span class='ocrx_word' id='word_1_445' title='bbox 3379 2899 3595 2966; x_wconf 85' lang='lat' dir='ltr'><strong>potissi-</strong></span> 
     </span>
    </p>
   </div>
   <div class='ocr_carea' id='block_1_60' title="bbox 2015 2987 3594 3057">
    <p class='ocr_par' dir='ltr' id='par_1_60' title="bbox 2015 2987 3594 3057">
     <span class='ocr_line' id='line_1_60' title="bbox 2015 2987 3594 3057; baseline 0.003 -17"><span class='ocrx_word' id='word_1_446' title='bbox 2015 3003 2158 3040; x_wconf 91' lang='lat' dir='ltr'><strong>mum</strong></span> <span class='ocrx_word' id='word_1_447' title='bbox 2184 2987 2569 3041; x_wconf 73' lang='lat' dir='ltr'><strong>emendandum</strong></span> <span class='ocrx_word' id='word_1_448' title='bbox 2591 2990 2894 3056; x_wconf 74' lang='lat' dir='ltr'><strong>suscepisse</strong></span> <span class='ocrx_word' id='word_1_449' title='bbox 2919 2989 3069 3050; x_wconf 90' lang='lat' dir='ltr'><strong>dicit,</strong></span> <span class='ocrx_word' id='word_1_450' title='bbox 3096 2999 3152 3042; x_wconf 91' lang='lat' dir='ltr'><strong>ut</strong></span> <span class='ocrx_word' id='word_1_451' title='bbox 3177 2989 3451 3057; x_wconf 88' lang='lat' dir='ltr'><strong>complura</strong></span> <span class='ocrx_word' id='word_1_452' title='bbox 3474 3006 3594 3057; x_wconf 68' lang='lat' dir='ltr'><strong>qua!</strong></span> 
     </span>
    </p>
   </div>
   <div class='ocr_carea' id='block_1_61' title="bbox 314 3066 1909 3154">
    <p class='ocr_par' dir='ltr' id='par_1_61' title="bbox 314 3066 1905 3145">
     <span class='ocr_line' id='line_1_61' title="bbox 314 3066 1905 3145; baseline -0.014 -6"><span class='ocrx_word' id='word_1_453' title='bbox 314 3086 433 3141; x_wconf 84' lang='lat' dir='ltr'><strong>lum</strong></span> <span class='ocrx_word' id='word_1_454' title='bbox 468 3095 667 3135; x_wconf 90' lang='lat' dir='ltr'><strong>nonum</strong></span> <span class='ocrx_word' id='word_1_455' title='bbox 688 3120 705 3145; x_wconf 91' lang='lat'><strong>,</strong></span> <span class='ocrx_word' id='word_1_456' title='bbox 739 3088 830 3130; x_wconf 89' lang='lat' dir='ltr'><strong>aut</strong></span> <span class='ocrx_word' id='word_1_457' title='bbox 857 3090 1163 3143; x_wconf 85' lang='lat' dir='ltr'><strong>nunquam,</strong></span> <span class='ocrx_word' id='word_1_458' title='bbox 1191 3081 1280 3125; x_wconf 73' lang='lat' dir='ltr'><strong>aut</strong></span> <span class='ocrx_word' id='word_1_459' title='bbox 1313 3070 1586 3122; x_wconf 81' lang='lat' dir='ltr'><strong>rarissime</strong></span> <span class='ocrx_word' id='word_1_460' title='bbox 1618 3066 1905 3134; x_wconf 65' lang='lat' dir='ltr'><strong>archiepis-</strong></span> 
     </span>
    </p>
   </div>
   <div class='ocr_carea' id='block_1_62' title="bbox 2014 3066 3598 3154">
    <p class='ocr_par' dir='ltr' id='par_1_62' title="bbox 2017 3079 3598 3144">
     <span class='ocr_line' id='line_1_62' title="bbox 2017 3079 3598 3144; baseline 0.001 -11"><span class='ocrx_word' id='word_1_461' title='bbox 2017 3080 2349 3133; x_wconf 87' lang='lat' dir='ltr'><strong>incredibilia</strong></span> <span class='ocrx_word' id='word_1_462' title='bbox 2400 3079 2583 3133; x_wconf 90' lang='lat' dir='ltr'><strong>multis</strong></span> <span class='ocrx_word' id='word_1_463' title='bbox 2625 3081 2953 3144; x_wconf 80' lang='lat' dir='ltr'><strong>viderentur,</strong></span> <span class='ocrx_word' id='word_1_464' title='bbox 2996 3094 3063 3134; x_wconf 81' lang='lat' dir='ltr'><strong>ex</strong></span> <span class='ocrx_word' id='word_1_465' title='bbox 3103 3096 3166 3134; x_wconf 88' lang='lat' dir='ltr'><strong>ea</strong></span> <span class='ocrx_word' id='word_1_466' title='bbox 3202 3091 3489 3134; x_wconf 85' lang='lat' dir='ltr'><strong>resecaret.</strong></span> <span class='ocrx_word' id='word_1_467' title='bbox 3522 3081 3598 3137; x_wconf 79' lang='lat' dir='ltr'><strong>Ex</strong></span> 
     </span>
    </p>
   </div>
   <div class='ocr_carea' id='block_1_63' title="bbox 311 3158 1910 3242">
    <p class='ocr_par' dir='ltr' id='par_1_63' title="bbox 311 3158 1910 3242">
     <span class='ocr_line' id='line_1_63' title="bbox 311 3158 1910 3242; baseline -0.013 -12"><span class='ocrx_word' id='word_1_468' title='bbox 311 3188 483 3242; x_wconf 81' lang='lat' dir='ltr'><strong>copos</strong></span> <span class='ocrx_word' id='word_1_469' title='bbox 512 3171 684 3225; x_wconf 85' lang='lat' dir='ltr'><strong>dictos</strong></span> <span class='ocrx_word' id='word_1_470' title='bbox 718 3168 901 3222; x_wconf 86' lang='lat' dir='ltr'><strong>fuisse.</strong></span> <span class='ocrx_word' id='word_1_471' title='bbox 949 3165 1167 3219; x_wconf 81' lang='lat' dir='ltr'><strong>Catt0ue</strong></span> <span class='ocrx_word' id='word_1_472' title='bbox 1201 3175 1376 3215; x_wconf 71' lang='lat' dir='ltr'><strong>tamen</strong></span> <span class='ocrx_word' id='word_1_473' title='bbox 1411 3176 1457 3212; x_wconf 85' lang='lat' dir='ltr'><strong>vi</strong></span> <span class='ocrx_word' id='word_1_474' title='bbox 1490 3158 1710 3212; x_wconf 78' lang='lat' dir='ltr'><strong>Goncilii</strong></span> <span class='ocrx_word' id='word_1_475' title='bbox 1755 3158 1910 3211; x_wconf 64' lang='lat' dir='ltr'><strong>Miti-</strong></span> 
     </span>
    </p>
   </div>
   <div class='ocr_carea' id='block_1_64' title="bbox 313 3251 1910 3328">
    <p class='ocr_par' dir='ltr' id='par_1_64' title="bbox 313 3251 1910 3328">
     <span class='ocr_line' id='line_1_64' title="bbox 313 3251 1910 3328; baseline -0.013 -5"><span class='ocrx_word' id='word_1_476' title='bbox 313 3266 598 3323; x_wconf 70' lang='lat' dir='ltr'><strong>swnensis</strong></span> <span class='ocrx_word' id='word_1_477' title='bbox 630 3280 648 3317; x_wconf 84' lang='lat'>1</span> <span class='ocrx_word' id='word_1_478' title='bbox 676 3264 948 3317; x_wconf 88' lang='lat' dir='ltr'><strong>decretum</strong></span> <span class='ocrx_word' id='word_1_479' title='bbox 980 3259 1228 3328; x_wconf 87' lang='lat' dir='ltr'><strong>legimus,</strong></span> <span class='ocrx_word' id='word_1_480' title='bbox 1255 3253 1759 3321; x_wconf 70' lang='lat' dir='ltr'><strong>utArc/riepiwopns</strong></span> <span class='ocrx_word' id='word_1_481' title='bbox 1789 3251 1910 3304; x_wconf 86' lang='lat' dir='ltr'><strong>abs-</strong></span> 
     </span>
    </p>
   </div>
   <div class='ocr_carea' id='block_1_65' title="bbox 316 3342 1913 3429">
    <p class='ocr_par' dir='ltr' id='par_1_65' title="bbox 316 3342 1913 3429">
     <span class='ocr_line' id='line_1_65' title="bbox 316 3342 1913 3429; baseline -0.01 -17"><span class='ocrx_word' id='word_1_482' title='bbox 316 3374 425 3429; x_wconf 74' lang='lat' dir='ltr'><strong>que</strong></span> <span class='ocrx_word' id='word_1_483' title='bbox 468 3356 627 3426; x_wconf 79' lang='lat' dir='ltr'><strong>pallio</strong></span> <span class='ocrx_word' id='word_1_484' title='bbox 672 3356 856 3407; x_wconf 83' lang='lat' dir='ltr'><strong>missas</strong></span> <span class='ocrx_word' id='word_1_485' title='bbox 908 3350 1074 3404; x_wconf 87' lang='lat' dir='ltr'><strong>dicere</strong></span> <span class='ocrx_word' id='word_1_486' title='bbox 1114 3365 1215 3400; x_wconf 89' lang='lat' dir='ltr'><strong>non</strong></span> <span class='ocrx_word' id='word_1_487' title='bbox 1259 3356 1556 3415; x_wconf 77' lang='lat' dir='ltr'><strong>prwsumat.</strong></span> <span class='ocrx_word' id='word_1_488' title='bbox 1602 3344 1715 3397; x_wconf 86' lang='lat' dir='ltr'><strong>Non</strong></span> <span class='ocrx_word' id='word_1_489' title='bbox 1755 3342 1913 3397; x_wconf 87' lang='lat' dir='ltr'><strong>etiam</strong></span> 
     </span>
    </p>
   </div>
   <div class='ocr_carea' id='block_1_66' title="bbox 320 3437 1916 3511">
    <p class='ocr_par' dir='ltr' id='par_1_66' title="bbox 320 3437 1916 3511">
     <span class='ocr_line' id='line_1_66' title="bbox 320 3437 1916 3511; baseline -0.01 -4"><span class='ocrx_word' id='word_1_490' title='bbox 320 3452 667 3507; x_wconf 86' lang='lat' dir='ltr'><strong>dissimulare</strong></span> <span class='ocrx_word' id='word_1_491' title='bbox 693 3449 853 3502; x_wconf 73' lang='lat' dir='ltr'><strong>velim</strong></span> <span class='ocrx_word' id='word_1_492' title='bbox 875 3488 890 3511; x_wconf 96' lang='lat'><strong>,</strong></span> <span class='ocrx_word' id='word_1_493' title='bbox 921 3446 1057 3500; x_wconf 89' lang='lat' dir='ltr'><strong>banc</strong></span> <span class='ocrx_word' id='word_1_494' title='bbox 1087 3442 1372 3497; x_wconf 75' lang='lat' dir='ltr'><strong>Historiam</strong></span> <span class='ocrx_word' id='word_1_495' title='bbox 1402 3441 1453 3495; x_wconf 91' lang='lat' dir='ltr'><strong>in</strong></span> <span class='ocrx_word' id='word_1_496' title='bbox 1482 3440 1665 3494; x_wconf 85' lang='lat' dir='ltr'><strong>codice</strong></span> <span class='ocrx_word' id='word_1_497' title='bbox 1693 3437 1916 3507; x_wconf 87' lang='lat' dir='ltr'><strong>Collegii</strong></span> 
     </span>
    </p>
   </div>
   <div class='ocr_carea' id='block_1_67' title="bbox 318 3531 1917 3602">
    <p class='ocr_par' dir='ltr' id='par_1_67' title="bbox 318 3531 1917 3602">
     <span class='ocr_line' id='line_1_67' title="bbox 318 3531 1917 3602; baseline -0.011 -3"><span class='ocrx_word' id='word_1_498' title='bbox 318 3546 611 3599; x_wconf 82' lang='lat' dir='ltr'><strong>Societatis</strong></span> <span class='ocrx_word' id='word_1_499' title='bbox 635 3542 761 3597; x_wconf 80' lang='lat' dir='ltr'><strong>Jesu</strong></span> <span class='ocrx_word' id='word_1_500' title='bbox 790 3538 1008 3593; x_wconf 82' lang='lat' dir='ltr'><strong>Parisiis</strong></span> <span class='ocrx_word' id='word_1_501' title='bbox 1032 3536 1242 3599; x_wconf 87' lang='lat' dir='ltr'><strong>haberi,</strong></span> <span class='ocrx_word' id='word_1_502' title='bbox 1270 3545 1324 3589; x_wconf 92' lang='lat' dir='ltr'><strong>et</strong></span> <span class='ocrx_word' id='word_1_503' title='bbox 1346 3532 1557 3602; x_wconf 89' lang='lat' dir='ltr'><strong>quidem</strong></span> <span class='ocrx_word' id='word_1_504' title='bbox 1581 3531 1723 3585; x_wconf 89' lang='lat' dir='ltr'><strong>edita</strong></span> <span class='ocrx_word' id='word_1_505' title='bbox 1751 3533 1917 3583; x_wconf 85' lang='lat' dir='ltr'><strong>multo</strong></span> 
     </span>
    </p>
   </div>
   <div class='ocr_carea' id='block_1_68' title="bbox 321 3624 1919 3700">
    <p class='ocr_par' dir='ltr' id='par_1_68' title="bbox 321 3624 1919 3700">
     <span class='ocr_line' id='line_1_68' title="bbox 321 3624 1919 3700; baseline -0.009 -9"><span class='ocrx_word' id='word_1_506' title='bbox 321 3635 604 3699; x_wconf 75' lang='lat' dir='ltr'><strong>fusiorem,</strong></span> <span class='ocrx_word' id='word_1_507' title='bbox 639 3635 733 3688; x_wconf 86' lang='lat' dir='ltr'><strong>sed</strong></span> <span class='ocrx_word' id='word_1_508' title='bbox 766 3634 971 3700; x_wconf 77' lang='lat' dir='ltr'><strong>abSque</strong></span> <span class='ocrx_word' id='word_1_509' title='bbox 998 3629 1232 3682; x_wconf 85' lang='lat' dir='ltr'><strong>auctoris</strong></span> <span class='ocrx_word' id='word_1_510' title='bbox 1259 3625 1496 3692; x_wconf 88' lang='lat' dir='ltr'><strong>nomine,</strong></span> <span class='ocrx_word' id='word_1_511' title='bbox 1527 3626 1691 3678; x_wconf 91' lang='lat' dir='ltr'><strong>immo</strong></span> <span class='ocrx_word' id='word_1_512' title='bbox 1719 3624 1919 3691; x_wconf 81' lang='lat' dir='ltr'><strong>abSque</strong></span> 
     </span>
    </p>
   </div>
   <div class='ocr_carea' id='block_1_69' title="bbox 320 3714 1919 3797">
    <p class='ocr_par' dir='ltr' id='par_1_69' title="bbox 320 3714 1919 3797">
     <span class='ocr_line' id='line_1_69' title="bbox 320 3714 1919 3797; baseline -0.011 -13"><span class='ocrx_word' id='word_1_513' title='bbox 320 3728 551 3797; x_wconf 87' lang='lat' dir='ltr'><strong>epistola</strong></span> <span class='ocrx_word' id='word_1_514' title='bbox 607 3723 853 3795; x_wconf 87' lang='lat' dir='ltr'><strong>Gregorii</strong></span> <span class='ocrx_word' id='word_1_515' title='bbox 922 3721 1161 3790; x_wconf 85' lang='lat' dir='ltr'><strong>Sulpicio</strong></span> <span class='ocrx_word' id='word_1_516' title='bbox 1216 3715 1625 3786; x_wconf 69' lang='lat' dir='ltr'><strong>nuncupatur-ia.</strong></span> <span class='ocrx_word' id='word_1_517' title='bbox 1682 3714 1919 3769; x_wconf 70' lang='lat' dir='ltr'><strong>Briccius</strong></span> 
     </span>
    </p>
   </div>
   <div class='ocr_carea' id='block_1_70' title="bbox 321 3804 1919 3881">
    <p class='ocr_par' dir='ltr' id='par_1_70' title="bbox 321 3804 1919 3881">
     <span class='ocr_line' id='line_1_70' title="bbox 321 3804 1919 3881; baseline -0.011 -9"><span class='ocrx_word' id='word_1_518' title='bbox 321 3833 457 3872; x_wconf 68' lang='lat' dir='ltr'><strong>vero</strong></span> <span class='ocrx_word' id='word_1_519' title='bbox 474 3818 545 3870; x_wconf 87' lang='lat' dir='ltr'><strong>ibi</strong></span> <span class='ocrx_word' id='word_1_520' title='bbox 565 3830 670 3869; x_wconf 90' lang='lat' dir='ltr'><strong>non</strong></span> <span class='ocrx_word' id='word_1_521' title='bbox 684 3829 761 3866; x_wconf 65' lang='lat' dir='ltr'><strong>ar.</strong></span> <span class='ocrx_word' id='word_1_522' title='bbox 777 3811 1127 3881; x_wconf 75' lang='lat' dir='ltr'><strong>hiepiscopus,</strong></span> <span class='ocrx_word' id='word_1_523' title='bbox 1142 3807 1232 3862; x_wconf 89' lang='lat' dir='ltr'><strong>sed</strong></span> <span class='ocrx_word' id='word_1_524' title='bbox 1250 3807 1439 3878; x_wconf 78' lang='lat' dir='ltr'><strong>pra&#39;sul</strong></span> <span class='ocrx_word' id='word_1_525' title='bbox 1458 3804 1780 3874; x_wconf 83' lang='lat' dir='ltr'><strong>appellatur:</strong></span> <span class='ocrx_word' id='word_1_526' title='bbox 1801 3817 1919 3872; x_wconf 62' lang='lat' dir='ltr'><strong>qua:</strong></span> 
     </span>
    </p>
   </div>
   <div class='ocr_carea' id='block_1_71' title="bbox 324 3896 1923 3965">
    <p class='ocr_par' dir='ltr' id='par_1_71' title="bbox 324 3896 1923 3965">
     <span class='ocr_line' id='line_1_71' title="bbox 324 3896 1923 3965; baseline -0.011 0"><span class='ocrx_word' id='word_1_527' title='bbox 324 3912 509 3965; x_wconf 82' lang='lat' dir='ltr'><strong>omnia</strong></span> <span class='ocrx_word' id='word_1_528' title='bbox 534 3908 586 3963; x_wconf 89' lang='lat' dir='ltr'><strong>in</strong></span> <span class='ocrx_word' id='word_1_529' title='bbox 608 3908 751 3961; x_wconf 86' lang='lat' dir='ltr'><strong>notis</strong></span> <span class='ocrx_word' id='word_1_530' title='bbox 772 3920 871 3960; x_wconf 91' lang='lat' dir='ltr'><strong>suo</strong></span> <span class='ocrx_word' id='word_1_531' title='bbox 896 3903 1012 3956; x_wconf 91' lang='lat' dir='ltr'><strong>loco</strong></span> <span class='ocrx_word' id='word_1_532' title='bbox 1033 3901 1407 3955; x_wconf 90' lang='lat' dir='ltr'><strong>observamus.</strong></span> <span class='ocrx_word' id='word_1_533' title='bbox 1430 3898 1565 3952; x_wconf 87' lang='lat' dir='ltr'><strong>Sunt</strong></span> <span class='ocrx_word' id='word_1_534' title='bbox 1581 3905 1634 3949; x_wconf 90' lang='lat' dir='ltr'><strong>et</strong></span> <span class='ocrx_word' id='word_1_535' title='bbox 1656 3896 1779 3961; x_wconf 90' lang='lat' dir='ltr'><strong>alia,</strong></span> <span class='ocrx_word' id='word_1_536' title='bbox 1804 3909 1923 3960; x_wconf 78' lang='lat' dir='ltr'><strong>qua:</strong></span> 
     </span>
    </p>
   </div>
   <div class='ocr_carea' id='block_1_72' title="bbox 324 3989 1920 4066">
    <p class='ocr_par' dir='ltr' id='par_1_72' title="bbox 324 3989 1920 4066">
     <span class='ocr_line' id='line_1_72' title="bbox 324 3989 1920 4066; baseline -0.011 -11"><span class='ocrx_word' id='word_1_537' title='bbox 324 4003 472 4055; x_wconf 73' lang='lat' dir='ltr'><strong>[orte</strong></span> <span class='ocrx_word' id='word_1_538' title='bbox 504 4001 553 4055; x_wconf 92' lang='lat' dir='ltr'><strong>in</strong></span> <span class='ocrx_word' id='word_1_539' title='bbox 586 4010 869 4066; x_wconf 84' lang='lat' dir='ltr'><strong>utramque</strong></span> <span class='ocrx_word' id='word_1_540' title='bbox 916 4004 1117 4064; x_wconf 87' lang='lat' dir='ltr'><strong>partem</strong></span> <span class='ocrx_word' id='word_1_541' title='bbox 1146 3994 1288 4047; x_wconf 87' lang='lat' dir='ltr'><strong>circa</strong></span> <span class='ocrx_word' id='word_1_542' title='bbox 1332 3991 1468 4045; x_wconf 91' lang='lat' dir='ltr'><strong>hanc</strong></span> <span class='ocrx_word' id='word_1_543' title='bbox 1501 3989 1920 4044; x_wconf 83' lang='lat' dir='ltr'><strong>controversiam</strong></span> 
     </span>
    </p>
   </div>
   <div class='ocr_carea' id='block_1_73' title="bbox 326 4082 1919 4165">
    <p class='ocr_par' dir='ltr' id='par_1_73' title="bbox 326 4082 1919 4165">
     <span class='ocr_line' id='line_1_73' title="bbox 326 4082 1919 4165; baseline -0.013 -15"><span class='ocrx_word' id='word_1_544' title='bbox 326 4104 551 4165; x_wconf 85' lang='lat' dir='ltr'><strong>possent</strong></span> <span class='ocrx_word' id='word_1_545' title='bbox 579 4092 769 4147; x_wconf 81' lang='lat' dir='ltr'><strong>adduci</strong></span> <span class='ocrx_word' id='word_1_546' title='bbox 791 4129 807 4153; x_wconf 95' lang='lat'><strong>,</strong></span> <span class='ocrx_word' id='word_1_547' title='bbox 839 4088 934 4143; x_wconf 89' lang='lat' dir='ltr'><strong>sed</strong></span> <span class='ocrx_word' id='word_1_548' title='bbox 978 4102 1096 4155; x_wconf 76' lang='lat' dir='ltr'><strong>qua:</strong></span> <span class='ocrx_word' id='word_1_549' title='bbox 1132 4082 1301 4138; x_wconf 83' lang='lat' dir='ltr'><strong>fusius</strong></span> <span class='ocrx_word' id='word_1_550' title='bbox 1336 4082 1580 4153; x_wconf 88' lang='lat' dir='ltr'><strong>persequi</strong></span> <span class='ocrx_word' id='word_1_551' title='bbox 1613 4095 1718 4135; x_wconf 90' lang='lat' dir='ltr'><strong>non</strong></span> <span class='ocrx_word' id='word_1_552' title='bbox 1750 4088 1919 4132; x_wconf 88' lang='lat' dir='ltr'><strong>vacat.</strong></span> 
     </span>
    </p>
   </div>
   <div class='ocr_carea' id='block_1_74' title="bbox 324 4168 1925 4242">
    <p class='ocr_par' dir='ltr' id='par_1_74' title="bbox 324 4168 1925 4242">
     <span class='ocr_line' id='line_1_74' title="bbox 324 4168 1925 4242; baseline -0.013 -1"><span class='ocrx_word' id='word_1_553' title='bbox 324 4185 468 4241; x_wconf 86' lang='lat' dir='ltr'><strong>lllud</strong></span> <span class='ocrx_word' id='word_1_554' title='bbox 499 4182 840 4237; x_wconf 88' lang='lat' dir='ltr'><strong>solummodo</strong></span> <span class='ocrx_word' id='word_1_555' title='bbox 869 4177 1142 4231; x_wconf 84' lang='lat' dir='ltr'><strong>observari</strong></span> <span class='ocrx_word' id='word_1_556' title='bbox 1174 4174 1330 4229; x_wconf 70' lang='lat' dir='ltr'><strong>velini</strong></span> <span class='ocrx_word' id='word_1_557' title='bbox 1354 4214 1367 4237; x_wconf 90' lang='lat'><strong>,</strong></span> <span class='ocrx_word' id='word_1_558' title='bbox 1398 4172 1537 4242; x_wconf 89' lang='lat' dir='ltr'><strong>quod</strong></span> <span class='ocrx_word' id='word_1_559' title='bbox 1567 4170 1667 4225; x_wconf 87' lang='lat' dir='ltr'><strong>etsi</strong></span> <span class='ocrx_word' id='word_1_560' title='bbox 1697 4168 1925 4237; x_wconf 91' lang='lat' dir='ltr'><strong>epistola</strong></span> 
     </span>
    </p>
   </div>
   <div class='ocr_carea' id='block_1_75' title="bbox 326 4259 1929 4349">
    <p class='ocr_par' dir='ltr' id='par_1_75' title="bbox 326 4259 1929 4349">
     <span class='ocr_line' id='line_1_75' title="bbox 326 4259 1929 4349; baseline -0.015 -14"><span class='ocrx_word' id='word_1_561' title='bbox 326 4279 484 4349; x_wconf 82' lang='lat' dir='ltr'><strong>Operi</strong></span> <span class='ocrx_word' id='word_1_562' title='bbox 521 4276 735 4344; x_wconf 66' lang='lat' dir='ltr'><strong>praefixa</strong></span> <span class='ocrx_word' id='word_1_563' title='bbox 762 4270 1021 4340; x_wconf 84' lang='lat' dir='ltr'><strong>Gregorio</strong></span> <span class='ocrx_word' id='word_1_564' title='bbox 1045 4271 1328 4331; x_wconf 89' lang='lat' dir='ltr'><strong>tribuatur,</strong></span> <span class='ocrx_word' id='word_1_565' title='bbox 1358 4281 1461 4319; x_wconf 92' lang='lat' dir='ltr'><strong>non</strong></span> <span class='ocrx_word' id='word_1_566' title='bbox 1495 4264 1618 4317; x_wconf 89' lang='lat' dir='ltr'><strong>inde</strong></span> <span class='ocrx_word' id='word_1_567' title='bbox 1640 4272 1814 4315; x_wconf 89' lang='lat' dir='ltr'><strong>tamen</strong></span> <span class='ocrx_word' id='word_1_568' title='bbox 1846 4259 1929 4312; x_wconf 86' lang='lat' dir='ltr'><strong>in-</strong></span> 
     </span>
    </p>
   </div>
   <div class='ocr_carea' id='block_1_76' title="bbox 326 4363 1928 4436">
    <p class='ocr_par' dir='ltr' id='par_1_76' title="bbox 326 4363 1928 4436">
     <span class='ocr_line' id='line_1_76' title="bbox 326 4363 1928 4436; baseline -0.012 -5"><span class='ocrx_word' id='word_1_569' title='bbox 326 4376 618 4431; x_wconf 79' lang='lat' dir='ltr'><strong>ferendum</strong></span> <span class='ocrx_word' id='word_1_570' title='bbox 651 4372 941 4426; x_wconf 84' lang='lat' dir='ltr'><strong>Historiam</strong></span> <span class='ocrx_word' id='word_1_571' title='bbox 969 4367 1138 4436; x_wconf 85' lang='lat' dir='ltr'><strong>ipsam</strong></span> <span class='ocrx_word' id='word_1_572' title='bbox 1157 4365 1333 4431; x_wconf 50' lang='lat' dir='ltr'><strong>alﬁillo</strong></span> <span class='ocrx_word' id='word_1_573' title='bbox 1356 4363 1543 4419; x_wconf 86' lang='lat' dir='ltr'><strong>eodem</strong></span> <span class='ocrx_word' id='word_1_574' title='bbox 1570 4369 1787 4416; x_wconf 89' lang='lat' dir='ltr'><strong>auctore</strong></span> <span class='ocrx_word' id='word_1_575' title='bbox 1805 4375 1928 4413; x_wconf 86' lang='lat' dir='ltr'><strong>eou-</strong></span> 
     </span>
    </p>
   </div>
   <div class='ocr_carea' id='block_1_77' title="bbox 2016 3171 3599 3241">
    <p class='ocr_par' dir='ltr' id='par_1_77' title="bbox 2016 3171 3599 3241">
     <span class='ocr_line' id='line_1_77' title="bbox 2016 3171 3599 3241; baseline 0.001 -17"><span class='ocrx_word' id='word_1_576' title='bbox 2016 3175 2206 3241; x_wconf 75' lang='lat' dir='ltr'><strong>qnibus</strong></span> <span class='ocrx_word' id='word_1_577' title='bbox 2234 3171 2474 3241; x_wconf 77' lang='lat' dir='ltr'><strong>profecto</strong></span> <span class='ocrx_word' id='word_1_578' title='bbox 2508 3173 2695 3226; x_wconf 76' lang='lat' dir='ltr'><strong>llenati</strong></span> <span class='ocrx_word' id='word_1_579' title='bbox 2721 3189 2748 3224; x_wconf 87' lang='lat' dir='ltr'><strong>a</strong></span> <span class='ocrx_word' id='word_1_580' title='bbox 2778 3173 3060 3240; x_wconf 85' lang='lat' dir='ltr'><strong>septennio</strong></span> <span class='ocrx_word' id='word_1_581' title='bbox 3086 3172 3322 3226; x_wconf 83' lang='lat' dir='ltr'><strong>defuncti</strong></span> <span class='ocrx_word' id='word_1_582' title='bbox 3364 3172 3599 3227; x_wconf 53' lang='lat' dir='ltr'><strong>resusci-</strong></span> 
     </span>
    </p>
   </div>
   <div class='ocr_carea' id='block_1_78' title="bbox 2018 3265 3600 3332">
    <p class='ocr_par' dir='ltr' id='par_1_78' title="bbox 2018 3265 3600 3332">
     <span class='ocr_line' id='line_1_78' title="bbox 2018 3265 3600 3332; baseline 0 -14"><span class='ocrx_word' id='word_1_583' title='bbox 2018 3266 2145 3319; x_wconf 90' lang='lat' dir='ltr'><strong>tatio</strong></span> <span class='ocrx_word' id='word_1_584' title='bbox 2173 3266 2378 3320; x_wconf 79' lang='lat' dir='ltr'><strong>ceu-eri</strong></span> <span class='ocrx_word' id='word_1_585' title='bbox 2412 3266 2688 3320; x_wconf 89' lang='lat' dir='ltr'><strong>debuerat.</strong></span> <span class='ocrx_word' id='word_1_586' title='bbox 2727 3265 2792 3319; x_wconf 82' lang='lat' dir='ltr'><strong>Et</strong></span> <span class='ocrx_word' id='word_1_587' title='bbox 2824 3276 2999 3319; x_wconf 89' lang='lat' dir='ltr'><strong>tamen</strong></span> <span class='ocrx_word' id='word_1_588' title='bbox 3029 3265 3080 3319; x_wconf 91' lang='lat' dir='ltr'><strong>in</strong></span> <span class='ocrx_word' id='word_1_589' title='bbox 3112 3265 3224 3332; x_wconf 86' lang='lat' dir='ltr'><strong>ipsa</strong></span> <span class='ocrx_word' id='word_1_590' title='bbox 3256 3266 3374 3320; x_wconf 86' lang='lat' dir='ltr'><strong>Vita</strong></span> <span class='ocrx_word' id='word_1_591' title='bbox 3394 3306 3410 3331; x_wconf 93' lang='lat'><strong>,</strong></span> <span class='ocrx_word' id='word_1_592' title='bbox 3435 3268 3600 3319; x_wconf 83' lang='lat' dir='ltr'><strong>mira-</strong></span> 
     </span>
    </p>
   </div>
   <div class='ocr_carea' id='block_1_79' title="bbox 2016 3355 3599 3423">
    <p class='ocr_par' dir='ltr' id='par_1_79' title="bbox 2016 3355 3599 3423">
     <span class='ocr_line' id='line_1_79' title="bbox 2016 3355 3599 3423; baseline -0.001 -12"><span class='ocrx_word' id='word_1_593' title='bbox 2016 3358 2193 3411; x_wconf 88' lang='lat' dir='ltr'><strong>culum</strong></span> <span class='ocrx_word' id='word_1_594' title='bbox 2250 3356 2388 3409; x_wconf 87' lang='lat' dir='ltr'><strong>istud</strong></span> <span class='ocrx_word' id='word_1_595' title='bbox 2431 3372 2459 3409; x_wconf 88' lang='lat' dir='ltr'><strong>a</strong></span> <span class='ocrx_word' id='word_1_596' title='bbox 2488 3355 2813 3420; x_wconf 86' lang='lat' dir='ltr'><strong>Fortunato,</strong></span> <span class='ocrx_word' id='word_1_597' title='bbox 2848 3364 2905 3410; x_wconf 88' lang='lat' dir='ltr'><strong>ut</strong></span> <span class='ocrx_word' id='word_1_598' title='bbox 2948 3356 3018 3411; x_wconf 90' lang='lat' dir='ltr'><strong>ibi</strong></span> <span class='ocrx_word' id='word_1_599' title='bbox 3066 3356 3281 3423; x_wconf 85' lang='lat' dir='ltr'><strong>dicitur,</strong></span> <span class='ocrx_word' id='word_1_600' title='bbox 3315 3358 3599 3423; x_wconf 81' lang='lat' dir='ltr'><strong>omiSSnm,</strong></span> 
     </span>
    </p>
   </div>
   <div class='ocr_carea' id='block_1_80' title="bbox 2017 3446 3598 3518">
    <p class='ocr_par' dir='ltr' id='par_1_80' title="bbox 2017 3446 3598 3518">
     <span class='ocr_line' id='line_1_80' title="bbox 2017 3446 3598 3518; baseline 0 -17"><span class='ocrx_word' id='word_1_601' title='bbox 2017 3446 2229 3502; x_wconf 69' lang='lat' dir='ltr'><strong>cmteris</strong></span> <span class='ocrx_word' id='word_1_602' title='bbox 2248 3448 2555 3517; x_wconf 83' lang='lat' dir='ltr'><strong>adjunctum</strong></span> <span class='ocrx_word' id='word_1_603' title='bbox 2583 3451 2792 3518; x_wconf 66' lang='lat' dir='ltr'><strong>legitur.</strong></span> <span class='ocrx_word' id='word_1_604' title='bbox 2820 3448 2962 3502; x_wconf 89' lang='lat' dir='ltr'><strong>Idem</strong></span> <span class='ocrx_word' id='word_1_605' title='bbox 2981 3447 3278 3502; x_wconf 79' lang='lat' dir='ltr'><strong>evineiinus</strong></span> <span class='ocrx_word' id='word_1_606' title='bbox 3297 3462 3362 3501; x_wconf 83' lang='lat' dir='ltr'><strong>ex</strong></span> <span class='ocrx_word' id='word_1_607' title='bbox 3387 3449 3598 3501; x_wconf 91' lang='lat' dir='ltr'><strong>duobus</strong></span> 
     </span>
    </p>
   </div>
   <div class='ocr_carea' id='block_1_81' title="bbox 2019 3523 3610 3608">
    <p class='ocr_par' dir='ltr' id='par_1_81' title="bbox 2019 3523 3610 3608">
     <span class='ocr_line' id='line_1_81' title="bbox 2019 3523 3610 3608; baseline 0 -14"><span class='ocrx_word' id='word_1_608' title='bbox 2019 3540 2295 3595; x_wconf 71' lang='lat' dir='ltr'><strong>codicibus</strong></span> <span class='ocrx_word' id='word_1_609' title='bbox 2336 3540 2753 3608; x_wconf 88' lang='lat' dir='ltr'><strong>manuscriptis,</strong></span> <span class='ocrx_word' id='word_1_610' title='bbox 2807 3523 2912 3593; x_wconf 78' lang='lat' dir='ltr'><strong>imo</strong></span> <span class='ocrx_word' id='word_1_611' title='bbox 2956 3540 3159 3595; x_wconf 83' lang='lat' dir='ltr'><strong>scilicet</strong></span> <span class='ocrx_word' id='word_1_612' title='bbox 3196 3538 3610 3594; x_wconf 89' lang='lat' dir='ltr'><strong>Vindocinensis</strong></span> 
     </span>
    </p>
   </div>
   <div class='ocr_carea' id='block_1_82' title="bbox 2022 3631 3611 3699">
    <p class='ocr_par' dir='ltr' id='par_1_82' title="bbox 2022 3631 3611 3699">
     <span class='ocr_line' id='line_1_82' title="bbox 2022 3631 3611 3699; baseline 0 -12"><span class='ocrx_word' id='word_1_613' title='bbox 2022 3635 2335 3687; x_wconf 89' lang='lat' dir='ltr'><strong>monasterii</strong></span> <span class='ocrx_word' id='word_1_614' title='bbox 2383 3633 2452 3688; x_wconf 88' lang='lat' dir='ltr'><strong>ab</strong></span> <span class='ocrx_word' id='word_1_615' title='bbox 2495 3634 2653 3688; x_wconf 90' lang='lat' dir='ltr'><strong>annis</strong></span> <span class='ocrx_word' id='word_1_616' title='bbox 2683 3633 2900 3688; x_wconf 91' lang='lat' dir='ltr'><strong>circiter</strong></span> <span class='ocrx_word' id='word_1_617' title='bbox 2935 3631 3041 3688; x_wconf 70' lang='lat'><strong>630</strong></span> <span class='ocrx_word' id='word_1_618' title='bbox 3068 3644 3288 3687; x_wconf 76' lang='lat' dir='ltr'><strong>exarato</strong></span> <span class='ocrx_word' id='word_1_619' title='bbox 3308 3673 3323 3699; x_wconf 89' lang='lat'><strong>,</strong></span> <span class='ocrx_word' id='word_1_620' title='bbox 3356 3644 3409 3688; x_wconf 90' lang='lat' dir='ltr'><strong>et</strong></span> <span class='ocrx_word' id='word_1_621' title='bbox 3437 3634 3611 3687; x_wconf 70' lang='lat' dir='ltr'><strong>altero</strong></span> 
     </span>
    </p>
   </div>
   <div class='ocr_carea' id='block_1_83' title="bbox 2022 3726 3693 3791">
    <p class='ocr_par' dir='ltr' id='par_1_83' title="bbox 2022 3726 3693 3791">
     <span class='ocr_line' id='line_1_83' title="bbox 2022 3726 3693 3791; baseline -0.003 -11"><span class='ocrx_word' id='word_1_622' title='bbox 2022 3739 2217 3780; x_wconf 71' lang='lat' dir='ltr'><strong>nostrze</strong></span> <span class='ocrx_word' id='word_1_623' title='bbox 2247 3728 2416 3780; x_wconf 87' lang='lat' dir='ltr'><strong>sancti</strong></span> <span class='ocrx_word' id='word_1_624' title='bbox 2462 3726 2713 3781; x_wconf 90' lang='lat' dir='ltr'><strong>Germani</strong></span> <span class='ocrx_word' id='word_1_625' title='bbox 2760 3742 2789 3780; x_wconf 90' lang='lat' dir='ltr'><strong>a</strong></span> <span class='ocrx_word' id='word_1_626' title='bbox 2834 3726 3009 3780; x_wconf 66' lang='lat' dir='ltr'><strong>Prstis</strong></span> <span class='ocrx_word' id='word_1_627' title='bbox 3038 3727 3403 3791; x_wconf 69' lang='lat' dir='ltr'><strong>bibliothecm,</strong></span> <span class='ocrx_word' id='word_1_628' title='bbox 3434 3740 3605 3778; x_wconf 81' lang='lat' dir='ltr'><strong>anno-</strong></span> <span class='ocrx_word' id='word_1_629' title='bbox 3682 3762 3693 3775; x_wconf 85' lang='lat'><strong>.</strong></span> 
     </span>
    </p>
   </div>
   <div class='ocr_carea' id='block_1_84' title="bbox 2023 3815 3609 3886">
    <p class='ocr_par' dir='ltr' id='par_1_84' title="bbox 2023 3815 3609 3886">
     <span class='ocr_line' id='line_1_84' title="bbox 2023 3815 3609 3886; baseline -0.002 -15"><span class='ocrx_word' id='word_1_630' title='bbox 2023 3833 2138 3871; x_wconf 87' lang='lat' dir='ltr'><strong>rum</strong></span> <span class='ocrx_word' id='word_1_631' title='bbox 2168 3815 2292 3877; x_wconf 81' lang='lat'><strong>500.</strong></span> <span class='ocrx_word' id='word_1_632' title='bbox 2324 3818 2411 3871; x_wconf 92' lang='lat' dir='ltr'><strong>ubi</strong></span> <span class='ocrx_word' id='word_1_633' title='bbox 2439 3826 2559 3885; x_wconf 84' lang='lat' dir='ltr'><strong>post</strong></span> <span class='ocrx_word' id='word_1_634' title='bbox 2588 3818 2917 3886; x_wconf 63' lang='lat' dir='ltr'><strong>prmmissam</strong></span> <span class='ocrx_word' id='word_1_635' title='bbox 2943 3815 3181 3884; x_wconf 79' lang='lat' dir='ltr'><strong>Gregorii</strong></span> <span class='ocrx_word' id='word_1_636' title='bbox 3211 3815 3520 3884; x_wconf 89' lang='lat' dir='ltr'><strong>epistolam,</strong></span> <span class='ocrx_word' id='word_1_637' title='bbox 3550 3822 3609 3868; x_wconf 75' lang='lat' dir='ltr'><strong>et.</strong></span> 
     </span>
    </p>
   </div>
   <div class='ocr_carea' id='block_1_85' title="bbox 2024 3906 3610 3975">
    <p class='ocr_par' dir='ltr' id='par_1_85' title="bbox 2024 3906 3610 3975">
     <span class='ocr_line' id='line_1_85' title="bbox 2024 3906 3610 3975; baseline 0.001 -16"><span class='ocrx_word' id='word_1_638' title='bbox 2024 3909 2348 3974; x_wconf 64' lang='lat' dir='ltr'><strong>descriptum</strong></span> <span class='ocrx_word' id='word_1_639' title='bbox 2385 3907 2518 3961; x_wconf 78' lang='lat' dir='ltr'><strong>Vitze</strong></span> <span class='ocrx_word' id='word_1_640' title='bbox 2562 3907 2730 3975; x_wconf 90' lang='lat' dir='ltr'><strong>ipsius</strong></span> <span class='ocrx_word' id='word_1_641' title='bbox 2772 3907 3138 3975; x_wconf 91' lang='lat' dir='ltr'><strong>capitulorum</strong></span> <span class='ocrx_word' id='word_1_642' title='bbox 3170 3906 3401 3960; x_wconf 90' lang='lat' dir='ltr'><strong>indicem</strong></span> <span class='ocrx_word' id='word_1_643' title='bbox 3423 3944 3439 3969; x_wconf 91' lang='lat'><strong>,</strong></span> <span class='ocrx_word' id='word_1_644' title='bbox 3472 3908 3610 3960; x_wconf 90' lang='lat' dir='ltr'><strong>banc</strong></span> 
     </span>
    </p>
   </div>
   <div class='ocr_carea' id='block_1_86' title="bbox 2020 3997 3618 4069">
    <p class='ocr_par' dir='ltr' id='par_1_86' title="bbox 2020 3997 3618 4069">
     <span class='ocr_line' id='line_1_86' title="bbox 2020 3997 3618 4069; baseline 0.001 -20"><span class='ocrx_word' id='word_1_645' title='bbox 2020 4000 2170 4069; x_wconf 86' lang='lat' dir='ltr'><strong>jussu</strong></span> <span class='ocrx_word' id='word_1_646' title='bbox 2200 3999 2493 4063; x_wconf 76' lang='lat' dir='ltr'><strong>llainonis,</strong></span> <span class='ocrx_word' id='word_1_647' title='bbox 2528 3998 2618 4066; x_wconf 91' lang='lat' dir='ltr'><strong>qui</strong></span> <span class='ocrx_word' id='word_1_648' title='bbox 2654 4000 2704 4052; x_wconf 91' lang='lat' dir='ltr'><strong>in</strong></span> <span class='ocrx_word' id='word_1_649' title='bbox 2731 3999 2979 4067; x_wconf 85' lang='lat' dir='ltr'><strong>catalogo</strong></span> <span class='ocrx_word' id='word_1_650' title='bbox 3010 3999 3389 4067; x_wconf 90' lang='lat' dir='ltr'><strong>episcoporum</strong></span> <span class='ocrx_word' id='word_1_651' title='bbox 3436 3997 3618 4051; x_wconf 85' lang='lat' dir='ltr'><strong>Ande-</strong></span> 
     </span>
    </p>
   </div>
   <div class='ocr_carea' id='block_1_87' title="bbox 2024 4090 3615 4160">
    <p class='ocr_par' dir='ltr' id='par_1_87' title="bbox 2024 4090 3615 4160">
     <span class='ocr_line' id='line_1_87' title="bbox 2024 4090 3615 4160; baseline -0.003 -13"><span class='ocrx_word' id='word_1_652' title='bbox 2024 4093 2332 4147; x_wconf 73' lang='lat' dir='ltr'><strong>cavensium</strong></span> <span class='ocrx_word' id='word_1_653' title='bbox 2375 4101 2617 4159; x_wconf 83' lang='lat' dir='ltr'><strong>tempore</strong></span> <span class='ocrx_word' id='word_1_654' title='bbox 2661 4090 2880 4145; x_wconf 86' lang='lat' dir='ltr'><strong>Eusebii</strong></span> <span class='ocrx_word' id='word_1_655' title='bbox 2930 4092 3176 4160; x_wconf 75' lang='lat' dir='ltr'><strong>Episconi</strong></span> <span class='ocrx_word' id='word_1_656' title='bbox 3219 4091 3421 4159; x_wconf 88' lang='lat' dir='ltr'><strong>scripto</strong></span> <span class='ocrx_word' id='word_1_657' title='bbox 3469 4105 3615 4144; x_wconf 75' lang='lat' dir='ltr'><strong>xxxv</strong></span> 
     </span>
    </p>
   </div>
   <div class='ocr_carea' id='block_1_88' title="bbox 2028 4182 3620 4251">
    <p class='ocr_par' dir='ltr' id='par_1_88' title="bbox 2028 4182 3620 4251">
     <span class='ocr_line' id='line_1_88' title="bbox 2028 4182 3620 4251; baseline -0.002 -13"><span class='ocrx_word' id='word_1_658' title='bbox 2028 4195 2379 4250; x_wconf 88' lang='lat' dir='ltr'><strong>recensetur,</strong></span> <span class='ocrx_word' id='word_1_659' title='bbox 2428 4184 2683 4251; x_wconf 88' lang='lat' dir='ltr'><strong>scriptam</strong></span> <span class='ocrx_word' id='word_1_660' title='bbox 2737 4182 2901 4238; x_wconf 87' lang='lat' dir='ltr'><strong>fuisse</strong></span> <span class='ocrx_word' id='word_1_661' title='bbox 2962 4183 3211 4251; x_wconf 81' lang='lat' dir='ltr'><strong>legimus,</strong></span> <span class='ocrx_word' id='word_1_662' title='bbox 3265 4182 3348 4236; x_wconf 92' lang='lat' dir='ltr'><strong>bis</strong></span> <span class='ocrx_word' id='word_1_663' title='bbox 3394 4182 3620 4235; x_wconf 70' lang='lat' dir='ltr'><strong>verbis:</strong></span> 
     </span>
    </p>
   </div>
   <div class='ocr_carea' id='block_1_89' title="bbox 2032 4272 3610 4344">
    <p class='ocr_par' dir='ltr' id='par_1_89' title="bbox 2032 4272 3610 4344">
     <span class='ocr_line' id='line_1_89' title="bbox 2032 4272 3610 4344; baseline -0.003 -16"><span class='ocrx_word' id='word_1_664' title='bbox 2032 4275 2197 4328; x_wconf 77' lang='grc' dir='ltr'><strong>Βαίηο</strong></span> <span class='ocrx_word' id='word_1_665' title='bbox 2217 4274 2475 4344; x_wconf 80' lang='lat' dir='ltr'><strong>quondam</strong></span> <span class='ocrx_word' id='word_1_666' title='bbox 2503 4276 2667 4327; x_wconf 78' lang='lat' dir='ltr'><strong>sancti</strong></span> <span class='ocrx_word' id='word_1_667' title='bbox 2694 4272 2912 4327; x_wconf 79' lang='lat' dir='ltr'><strong>Martini</strong></span> <span class='ocrx_word' id='word_1_668' title='bbox 2939 4274 3081 4343; x_wconf 80' lang='lat' dir='ltr'><strong>q‘uoti</strong></span> <span class='ocrx_word' id='word_1_669' title='bbox 3101 4275 3271 4327; x_wconf 79' lang='lat' dir='ltr'><strong>lienus</strong></span> <span class='ocrx_word' id='word_1_670' title='bbox 3301 4274 3610 4342; x_wconf 79' lang='lat' dir='ltr'><strong>discipulus,</strong></span> 
     </span>
    </p>
   </div>
   <div class='ocr_carea' id='block_1_90' title="bbox 2027 4366 3620 4436">
    <p class='ocr_par' dir='ltr' id='par_1_90' title="bbox 2027 4366 3620 4436">
     <span class='ocr_line' id='line_1_90' title="bbox 2027 4366 3620 4436; baseline -0.002 -17"><span class='ocrx_word' id='word_1_671' title='bbox 2027 4376 2075 4420; x_wconf 88' lang='lat' dir='ltr'><strong>et</strong></span> <span class='ocrx_word' id='word_1_672' title='bbox 2101 4381 2297 4434; x_wconf 85' lang='lat' dir='ltr'><strong>semper</strong></span> <span class='ocrx_word' id='word_1_673' title='bbox 2322 4367 2620 4429; x_wconf 78' lang='lat' dir='ltr'><strong>canonicus,</strong></span> <span class='ocrx_word' id='word_1_674' title='bbox 2653 4382 2713 4418; x_wconf 90' lang='lat' dir='ltr'><strong>ac</strong></span> <span class='ocrx_word' id='word_1_675' title='bbox 2735 4376 2847 4436; x_wconf 90' lang='lat' dir='ltr'><strong>post</strong></span> <span class='ocrx_word' id='word_1_676' title='bbox 2878 4366 3134 4419; x_wconf 85' lang='lat' dir='ltr'><strong>modicum</strong></span> <span class='ocrx_word' id='word_1_677' title='bbox 3170 4374 3361 4420; x_wconf 68' lang='lat' dir='ltr'><strong>sancta:</strong></span> <span class='ocrx_word' id='word_1_678' title='bbox 3384 4366 3620 4419; x_wconf 59' lang='lat' dir='ltr'><strong>Andera-</strong></span> 
     </span>
    </p>
   </div>
   <div class='ocr_carea' id='block_1_91' title="bbox 327 4436 3619 4537">
    <p class='ocr_par' dir='ltr' id='par_1_91' title="bbox 327 4436 3619 4537">
     <span class='ocr_line' id='line_1_91' title="bbox 327 4436 3619 4537; baseline -0.004 -12"><span class='ocrx_word' id='word_1_679' title='bbox 327 4471 595 4537; x_wconf 81' lang='lat' dir='ltr'><strong>scriptam</strong></span> <span class='ocrx_word' id='word_1_680' title='bbox 628 4464 789 4518; x_wconf 83' lang='lat' dir='ltr'><strong>fuisse</strong></span> <span class='ocrx_word' id='word_1_681' title='bbox 819 4480 833 4515; x_wconf 90' lang='lat'>:</span> <span class='ocrx_word' id='word_1_682' title='bbox 867 4476 989 4515; x_wconf 90' lang='lat' dir='ltr'><strong>cum</strong></span> <span class='ocrx_word' id='word_1_683' title='bbox 1038 4455 1342 4513; x_wconf 89' lang='lat' dir='ltr'><strong>econtrario</strong></span> <span class='ocrx_word' id='word_1_684' title='bbox 1384 4436 1648 4522; x_wconf 43' lang='lat' dir='ltr'><strong>‘Epistolm</strong></span> <span class='ocrx_word' id='word_1_685' title='bbox 1693 4454 1925 4519; x_wconf 86' lang='lat' dir='ltr'><strong>scriptor</strong></span> <span class='ocrx_word' id='word_1_686' title='bbox 1956 4461 2002 4519; x_wconf 80' lang='grc' dir='ltr'>ο</span> <span class='ocrx_word' id='word_1_687' title='bbox 2028 4458 2189 4511; x_wconf 84' lang='lat' dir='ltr'><strong>vensis</strong></span> <span class='ocrx_word' id='word_1_688' title='bbox 2218 4458 2461 4511; x_wconf 62' lang='lat' dir='ltr'><strong>Ecclesia:</strong></span> <span class='ocrx_word' id='word_1_689' title='bbox 2476 4474 2538 4511; x_wconf 81' lang='lat' dir='ltr'><strong>ea:</strong></span> <span class='ocrx_word' id='word_1_690' title='bbox 2558 4457 2705 4511; x_wconf 89' lang='lat' dir='ltr'><strong>initio</strong></span> <span class='ocrx_word' id='word_1_691' title='bbox 2723 4456 3122 4511; x_wconf 62' lang='lat' dir='ltr'><strong>Christianitatis</strong></span> <span class='ocrx_word' id='word_1_692' title='bbox 3146 4473 3310 4512; x_wconf 68' lang='lat' dir='ltr'><strong>sunt</strong></span> <span class='ocrx_word' id='word_1_693' title='bbox 3339 4457 3429 4527; x_wconf 88' lang='lat' dir='ltr'><strong>(al.</strong></span> <span class='ocrx_word' id='word_1_694' title='bbox 3452 4458 3619 4524; x_wconf 68' lang='lat' dir='ltr'><strong>xxn)</strong></span> 
     </span>
    </p>
   </div>
   <div class='ocr_carea' id='block_1_92' title="bbox 325 4544 1927 4620">
    <p class='ocr_par' dir='ltr' id='par_1_92' title="bbox 325 4544 1927 4620">
     <span class='ocr_line' id='line_1_92' title="bbox 325 4544 1927 4620; baseline -0.014 0"><span class='ocrx_word' id='word_1_695' title='bbox 325 4562 553 4620; x_wconf 85' lang='lat' dir='ltr'><strong>disertis</strong></span> <span class='ocrx_word' id='word_1_696' title='bbox 598 4559 776 4613; x_wconf 83' lang='lat' dir='ltr'><strong>verbis</strong></span> <span class='ocrx_word' id='word_1_697' title='bbox 821 4563 1060 4616; x_wconf 75' lang='lat' dir='ltr'><strong>asserat,</strong></span> <span class='ocrx_word' id='word_1_698' title='bbox 1102 4566 1161 4606; x_wconf 87' lang='lat' dir='ltr'><strong>se</strong></span> <span class='ocrx_word' id='word_1_699' title='bbox 1206 4551 1341 4603; x_wconf 79' lang='lat' dir='ltr'><strong>lianc</strong></span> <span class='ocrx_word' id='word_1_700' title='bbox 1389 4547 1749 4602; x_wconf 87' lang='lat' dir='ltr'><strong>narrationem</strong></span> <span class='ocrx_word' id='word_1_701' title='bbox 1790 4544 1927 4615; x_wconf 88' lang='lat' dir='ltr'><strong>apud</strong></span> 
     </span>
    </p>
   </div>
   <div class='ocr_carea' id='block_1_93' title="bbox 330 4636 1931 4723">
    <p class='ocr_par' dir='ltr' id='par_1_93' title="bbox 330 4636 1931 4723">
     <span class='ocr_line' id='line_1_93' title="bbox 330 4636 1931 4723; baseline -0.014 -14"><span class='ocrx_word' id='word_1_702' title='bbox 330 4656 510 4723; x_wconf 70' lang='lat' dir='ltr'><strong>Dlajus</strong></span> <span class='ocrx_word' id='word_1_703' title='bbox 548 4646 929 4705; x_wconf 80' lang='lat' dir='ltr'><strong>monasterium</strong></span> <span class='ocrx_word' id='word_1_704' title='bbox 977 4644 1267 4703; x_wconf 76' lang='lat' dir='ltr'><strong>invenisse,</strong></span> <span class='ocrx_word' id='word_1_705' title='bbox 1297 4654 1522 4709; x_wconf 85' lang='lat' dir='ltr'><strong>eamque</strong></span> <span class='ocrx_word' id='word_1_706' title='bbox 1568 4636 1931 4705; x_wconf 78' lang='lat' dir='ltr'><strong>transcriptum</strong></span> 
     </span>
    </p>
   </div>
   <div class='ocr_carea' id='block_1_94' title="bbox 331 4735 1357 4816">
    <p class='ocr_par' dir='ltr' id='par_1_94' title="bbox 331 4735 1357 4816">
     <span class='ocr_line' id='line_1_94' title="bbox 331 4735 1357 4816; baseline -0.018 -13"><span class='ocrx_word' id='word_1_707' title='bbox 331 4750 605 4816; x_wconf 84' lang='lat' dir='ltr'><strong>Sulpie.o,</strong></span> <span class='ocrx_word' id='word_1_708' title='bbox 641 4744 716 4797; x_wconf 90' lang='lat' dir='ltr'><strong>uti</strong></span> <span class='ocrx_word' id='word_1_709' title='bbox 751 4740 1007 4810; x_wconf 85' lang='lat' dir='ltr'><strong>petierat,</strong></span> <span class='ocrx_word' id='word_1_710' title='bbox 1039 4735 1357 4790; x_wconf 85' lang='lat' dir='ltr'><strong>destinasse.</strong></span> 
     </span>
    </p>
   </div>
   <div class='ocr_carea' id='block_1_95' title="bbox 412 4822 1935 4896">
    <p class='ocr_par' dir='ltr' id='par_1_95' title="bbox 412 4822 1935 4896">
     <span class='ocr_line' id='line_1_95' title="bbox 412 4822 1935 4896; baseline -0.011 -4"><span class='ocrx_word' id='word_1_711' title='bbox 412 4843 505 4896; x_wconf 81' lang='lat'><strong>80.</strong></span> <span class='ocrx_word' id='word_1_712' title='bbox 542 4838 776 4891; x_wconf 82' lang='lat' dir='ltr'><strong>llabetur</strong></span> <span class='ocrx_word' id='word_1_713' title='bbox 808 4834 859 4887; x_wconf 90' lang='lat' dir='ltr'><strong>in</strong></span> <span class='ocrx_word' id='word_1_714' title='bbox 884 4831 1069 4886; x_wconf 87' lang='lat' dir='ltr'><strong>codice</strong></span> <span class='ocrx_word' id='word_1_715' title='bbox 1098 4827 1407 4882; x_wconf 85' lang='lat' dir='ltr'><strong>mooasterii</strong></span> <span class='ocrx_word' id='word_1_716' title='bbox 1440 4824 1845 4880; x_wconf 86' lang='lat' dir='ltr'><strong>Patriciacensis</strong></span> <span class='ocrx_word' id='word_1_717' title='bbox 1868 4822 1935 4876; x_wconf 90' lang='lat' dir='ltr'><strong>ab</strong></span> 
     </span>
    </p>
   </div>
   <div class='ocr_carea' id='block_1_96' title="bbox 336 4915 1933 4993">
    <p class='ocr_par' dir='ltr' id='par_1_96' title="bbox 336 4915 1933 4993">
     <span class='ocr_line' id='line_1_96' title="bbox 336 4915 1933 4993; baseline -0.014 -5"><span class='ocrx_word' id='word_1_718' title='bbox 336 4932 503 4987; x_wconf 81' lang='lat' dir='ltr'><strong>annis</strong></span> <span class='ocrx_word' id='word_1_719' title='bbox 544 4929 652 4983; x_wconf 76' lang='grc' dir='ltr'><strong>8υο</strong></span> <span class='ocrx_word' id='word_1_720' title='bbox 692 4928 895 4993; x_wconf 83' lang='lat' dir='ltr'><strong>scripto</strong></span> <span class='ocrx_word' id='word_1_721' title='bbox 931 4922 1044 4977; x_wconf 77' lang='lat' dir='ltr'><strong>Vita</strong></span> <span class='ocrx_word' id='word_1_722' title='bbox 1091 4919 1260 4973; x_wconf 86' lang='lat' dir='ltr'><strong>sancti</strong></span> <span class='ocrx_word' id='word_1_723' title='bbox 1311 4917 1491 4973; x_wconf 84' lang='lat' dir='ltr'><strong>Albini</strong></span> <span class='ocrx_word' id='word_1_724' title='bbox 1531 4915 1933 4970; x_wconf 82' lang='lat' dir='ltr'><strong>Andecavorum</strong></span> 
     </span>
    </p>
   </div>
   <div class='ocr_carea' id='block_1_97' title="bbox 332 5008 1936 5092">
    <p class='ocr_par' dir='ltr' id='par_1_97' title="bbox 332 5008 1936 5092">
     <span class='ocr_line' id='line_1_97' title="bbox 332 5008 1936 5092; baseline -0.011 -13"><span class='ocrx_word' id='word_1_725' title='bbox 332 5021 579 5092; x_wconf 81' lang='lat' dir='ltr'><strong>episcopi</strong></span> <span class='ocrx_word' id='word_1_726' title='bbox 611 5035 733 5073; x_wconf 88' lang='lat' dir='ltr'><strong>cum</strong></span> <span class='ocrx_word' id='word_1_727' title='bbox 762 5020 863 5071; x_wconf 85' lang='lat' dir='ltr'><strong>bac</strong></span> <span class='ocrx_word' id='word_1_728' title='bbox 889 5010 1127 5070; x_wconf 88' lang='lat' dir='ltr'><strong>clausula</strong></span> <span class='ocrx_word' id='word_1_729' title='bbox 1159 5014 1210 5066; x_wconf 87' lang='lat' dir='ltr'><strong>in</strong></span> <span class='ocrx_word' id='word_1_730' title='bbox 1240 5013 1365 5073; x_wconf 89' lang='lat' dir='ltr'><strong>line.</strong></span> <span class='ocrx_word' id='word_1_731' title='bbox 1400 5011 1631 5081; x_wconf 75' lang='lat' dir='ltr'><strong>Explicit</strong></span> <span class='ocrx_word' id='word_1_732' title='bbox 1669 5008 1783 5063; x_wconf 79' lang='lat' dir='ltr'><strong>Vita</strong></span> <span class='ocrx_word' id='word_1_733' title='bbox 1803 5008 1936 5062; x_wconf 90' lang='lat' dir='ltr'><strong>beati</strong></span> 
     </span>
    </p>
   </div>
   <div class='ocr_carea' id='block_1_98' title="bbox 338 5103 1938 5187">
    <p class='ocr_par' dir='ltr' id='par_1_98' title="bbox 338 5103 1938 5187">
     <span class='ocr_line' id='line_1_98' title="bbox 338 5103 1938 5187; baseline -0.014 -11"><span class='ocrx_word' id='word_1_734' title='bbox 338 5121 520 5178; x_wconf 75' lang='lat' dir='ltr'><strong>Albini</strong></span> <span class='ocrx_word' id='word_1_735' title='bbox 544 5117 827 5187; x_wconf 84' lang='lat' dir='ltr'><strong>composita</strong></span> <span class='ocrx_word' id='word_1_736' title='bbox 846 5129 879 5164; x_wconf 89' lang='lat' dir='ltr'><strong>a</strong></span> <span class='ocrx_word' id='word_1_737' title='bbox 906 5115 1055 5165; x_wconf 77' lang='lat' dir='ltr'><strong>beato</strong></span> <span class='ocrx_word' id='word_1_738' title='bbox 1082 5106 1332 5177; x_wconf 80' lang='lat' dir='ltr'><strong>Gregorio</strong></span> <span class='ocrx_word' id='word_1_739' title='bbox 1360 5105 1635 5158; x_wconf 79' lang='lat' dir='ltr'><strong>Turonicw</strong></span> <span class='ocrx_word' id='word_1_740' title='bbox 1667 5103 1803 5156; x_wconf 83' lang='lat' dir='ltr'><strong>urbis</strong></span> <span class='ocrx_word' id='word_1_741' title='bbox 1829 5104 1938 5169; x_wconf 88' lang='lat' dir='ltr'><strong>epi-</strong></span> 
     </span>
    </p>
   </div>
   <div class='ocr_carea' id='block_1_99' title="bbox 339 5192 1939 5281">
    <p class='ocr_par' dir='ltr' id='par_1_99' title="bbox 339 5192 1939 5281">
     <span class='ocr_line' id='line_1_99' title="bbox 339 5192 1939 5281; baseline -0.013 -15"><span class='ocrx_word' id='word_1_742' title='bbox 339 5225 526 5281; x_wconf 73' lang='lat' dir='ltr'><strong>scopo.</strong></span> <span class='ocrx_word' id='word_1_743' title='bbox 554 5209 607 5263; x_wconf 85' lang='lat' dir='ltr'><strong>lo</strong></span> <span class='ocrx_word' id='word_1_744' title='bbox 637 5204 915 5262; x_wconf 85' lang='lat' dir='ltr'><strong>codicibus</strong></span> <span class='ocrx_word' id='word_1_745' title='bbox 942 5214 1070 5255; x_wconf 83' lang='lat' dir='ltr'><strong>vero</strong></span> <span class='ocrx_word' id='word_1_746' title='bbox 1095 5196 1523 5267; x_wconf 87' lang='lat' dir='ltr'><strong>quamplurimis,</strong></span> <span class='ocrx_word' id='word_1_747' title='bbox 1558 5195 1765 5249; x_wconf 89' lang='lat' dir='ltr'><strong>scilicet</strong></span> <span class='ocrx_word' id='word_1_748' title='bbox 1791 5192 1939 5247; x_wconf 82' lang='lat' dir='ltr'><strong>Rhe-</strong></span> 
     </span>
    </p>
   </div>
   <div class='ocr_carea' id='block_1_100' title="bbox 346 5284 1939 5361">
    <p class='ocr_par' dir='ltr' id='par_1_100' title="bbox 346 5284 1939 5361">
     <span class='ocr_line' id='line_1_100' title="bbox 346 5284 1939 5361; baseline -0.016 1"><span class='ocrx_word' id='word_1_749' title='bbox 346 5305 552 5361; x_wconf 77' lang='lat' dir='ltr'><strong>mensis</strong></span> <span class='ocrx_word' id='word_1_750' title='bbox 582 5299 870 5361; x_wconf 61' lang='lat' dir='ltr'><strong>Ecclesiae,</strong></span> <span class='ocrx_word' id='word_1_751' title='bbox 895 5293 1067 5349; x_wconf 83' lang='lat' dir='ltr'><strong>sancti</strong></span> <span class='ocrx_word' id='word_1_752' title='bbox 1092 5288 1345 5347; x_wconf 89' lang='lat' dir='ltr'><strong>Germani</strong></span> <span class='ocrx_word' id='word_1_753' title='bbox 1382 5302 1412 5341; x_wconf 87' lang='lat' dir='ltr'><strong>a</strong></span> <span class='ocrx_word' id='word_1_754' title='bbox 1445 5286 1622 5342; x_wconf 77' lang='lat' dir='ltr'><strong>Pratis</strong></span> <span class='ocrx_word' id='word_1_755' title='bbox 1641 5325 1657 5351; x_wconf 93' lang='lat'><strong>,</strong></span> <span class='ocrx_word' id='word_1_756' title='bbox 1685 5284 1939 5339; x_wconf 88' lang='lat' dir='ltr'><strong>Vindoei-</strong></span> 
     </span>
    </p>
   </div>
   <div class='ocr_carea' id='block_1_101' title="bbox 346 5374 1941 5461">
    <p class='ocr_par' dir='ltr' id='par_1_101' title="bbox 346 5374 1941 5461">
     <span class='ocr_line' id='line_1_101' title="bbox 346 5374 1941 5461; baseline -0.016 -9"><span class='ocrx_word' id='word_1_757' title='bbox 346 5395 522 5459; x_wconf 82' lang='lat' dir='ltr'><strong>nensi,</strong></span> <span class='ocrx_word' id='word_1_758' title='bbox 554 5392 715 5461; x_wconf 69' lang='lat' dir='ltr'><strong>regia:</strong></span> <span class='ocrx_word' id='word_1_759' title='bbox 742 5384 1114 5445; x_wconf 69' lang='lat' dir='ltr'><strong>Bibliotheeaa,</strong></span> <span class='ocrx_word' id='word_1_760' title='bbox 1144 5390 1199 5436; x_wconf 87' lang='lat' dir='ltr'><strong>et</strong></span> <span class='ocrx_word' id='word_1_761' title='bbox 1228 5379 1349 5434; x_wconf 86' lang='lat' dir='ltr'><strong>aliis</strong></span> <span class='ocrx_word' id='word_1_762' title='bbox 1378 5377 1674 5442; x_wconf 83' lang='lat' dir='ltr'><strong>nonnullis,</strong></span> <span class='ocrx_word' id='word_1_763' title='bbox 1705 5374 1941 5429; x_wconf 88' lang='lat' dir='ltr'><strong>occurrit</strong></span> 
     </span>
    </p>
   </div>
   <div class='ocr_carea' id='block_1_102' title="bbox 353 5466 1938 5549">
    <p class='ocr_par' dir='ltr' id='par_1_102' title="bbox 353 5466 1938 5549">
     <span class='ocr_line' id='line_1_102' title="bbox 353 5466 1938 5549; baseline -0.013 -10"><span class='ocrx_word' id='word_1_764' title='bbox 353 5487 469 5541; x_wconf 80' lang='lat' dir='ltr'><strong>Vita</strong></span> <span class='ocrx_word' id='word_1_765' title='bbox 509 5485 677 5539; x_wconf 81' lang='lat' dir='ltr'><strong>sancti</strong></span> <span class='ocrx_word' id='word_1_766' title='bbox 724 5475 1163 5549; x_wconf 38' lang='lat' dir='ltr'><strong>Mauriliihitem</strong></span> <span class='ocrx_word' id='word_1_767' title='bbox 1218 5471 1615 5527; x_wconf 84' lang='lat' dir='ltr'><strong>Andecavensis</strong></span> <span class='ocrx_word' id='word_1_768' title='bbox 1660 5466 1938 5537; x_wconf 75' lang='lat' dir='ltr'><strong>episCOpi,</strong></span> 
     </span>
    </p>
   </div>
   <div class='ocr_carea' id='block_1_103' title="bbox 347 5558 1941 5649">
    <p class='ocr_par' dir='ltr' id='par_1_103' title="bbox 347 5558 1941 5649">
     <span class='ocr_line' id='line_1_103' title="bbox 347 5558 1941 5649; baseline -0.017 -11"><span class='ocrx_word' id='word_1_769' title='bbox 347 5579 605 5649; x_wconf 77' lang='lat' dir='ltr'><strong>Gregorio</strong></span> <span class='ocrx_word' id='word_1_770' title='bbox 626 5585 820 5633; x_wconf 72' lang='lat' dir='ltr'><strong>nostro</strong></span> <span class='ocrx_word' id='word_1_771' title='bbox 850 5571 1058 5642; x_wconf 86' lang='lat' dir='ltr'><strong>pariter</strong></span> <span class='ocrx_word' id='word_1_772' title='bbox 1087 5568 1341 5623; x_wconf 89' lang='lat' dir='ltr'><strong>attributa</strong></span> <span class='ocrx_word' id='word_1_773' title='bbox 1369 5583 1384 5620; x_wconf 87' lang='lat'><strong>:</strong></span> <span class='ocrx_word' id='word_1_774' title='bbox 1417 5565 1513 5621; x_wconf 90' lang='lat' dir='ltr'><strong>sed</strong></span> <span class='ocrx_word' id='word_1_775' title='bbox 1547 5578 1666 5618; x_wconf 90' lang='lat' dir='ltr'><strong>cum</strong></span> <span class='ocrx_word' id='word_1_776' title='bbox 1699 5563 1781 5614; x_wconf 70' lang='lat' dir='ltr'><strong>bat</strong></span> <span class='ocrx_word' id='word_1_777' title='bbox 1811 5558 1941 5613; x_wconf 74' lang='lat' dir='ltr'><strong>Vita:</strong></span> 
     </span>
    </p>
   </div>
   <div class='ocr_carea' id='block_1_104' title="bbox 347 5650 1942 5731">
    <p class='ocr_par' dir='ltr' id='par_1_104' title="bbox 347 5650 1942 5731">
     <span class='ocr_line' id='line_1_104' title="bbox 347 5650 1942 5731; baseline -0.015 -2"><span class='ocrx_word' id='word_1_778' title='bbox 347 5674 469 5729; x_wconf 54' lang='lat' dir='ltr'><strong>alae</strong></span> <span class='ocrx_word' id='word_1_779' title='bbox 496 5689 596 5729; x_wconf 85' lang='lat' dir='ltr'><strong>non</strong></span> <span class='ocrx_word' id='word_1_780' title='bbox 618 5679 745 5727; x_wconf 88' lang='lat' dir='ltr'><strong>sunt</strong></span> <span class='ocrx_word' id='word_1_781' title='bbox 774 5667 844 5723; x_wconf 87' lang='lat' dir='ltr'><strong>ab</strong></span> <span class='ocrx_word' id='word_1_782' title='bbox 876 5665 967 5731; x_wconf 81' lang='lat' dir='ltr'><strong>iis,</strong></span> <span class='ocrx_word' id='word_1_783' title='bbox 995 5677 1110 5731; x_wconf 72' lang='lat' dir='ltr'><strong>quae</strong></span> <span class='ocrx_word' id='word_1_784' title='bbox 1133 5662 1235 5715; x_wconf 84' lang='lat' dir='ltr'><strong>sub</strong></span> <span class='ocrx_word' id='word_1_785' title='bbox 1265 5656 1547 5714; x_wconf 84' lang='lat' dir='ltr'><strong>Fortunati</strong></span> <span class='ocrx_word' id='word_1_786' title='bbox 1580 5653 1796 5711; x_wconf 80' lang='lat' dir='ltr'><strong>nomine</strong></span> <span class='ocrx_word' id='word_1_787' title='bbox 1826 5650 1942 5705; x_wconf 77' lang='lat' dir='ltr'><strong>vul-</strong></span> 
     </span>
    </p>
   </div>
   <div class='ocr_carea' id='block_1_105' title="bbox 2034 4549 3626 4621">
    <p class='ocr_par' dir='ltr' id='par_1_105' title="bbox 2034 4549 3626 4621">
     <span class='ocr_line' id='line_1_105' title="bbox 2034 4549 3626 4621; baseline 0.003 -22"><span class='ocrx_word' id='word_1_788' title='bbox 2034 4550 2243 4602; x_wconf 80' lang='lat' dir='ltr'><strong>humilis</strong></span> <span class='ocrx_word' id='word_1_789' title='bbox 2273 4551 2558 4617; x_wconf 82' lang='lat' dir='ltr'><strong>episcopus,</strong></span> <span class='ocrx_word' id='word_1_790' title='bbox 2577 4549 2637 4601; x_wconf 87' lang='lat' dir='ltr'><strong>ob</strong></span> <span class='ocrx_word' id='word_1_791' title='bbox 2660 4552 2900 4603; x_wconf 79' lang='lat' dir='ltr'><strong>honorem</strong></span> <span class='ocrx_word' id='word_1_792' title='bbox 2921 4551 3274 4621; x_wconf 79' lang='lat' dir='ltr'><strong>omnipotentis</strong></span> <span class='ocrx_word' id='word_1_793' title='bbox 3295 4550 3386 4604; x_wconf 89' lang='lat' dir='ltr'><strong>Dei</strong></span> <span class='ocrx_word' id='word_1_794' title='bbox 3414 4566 3504 4603; x_wconf 88' lang='lat' dir='ltr'><strong>nec</strong></span> <span class='ocrx_word' id='word_1_795' title='bbox 3525 4565 3626 4604; x_wconf 80' lang='lat' dir='ltr'><strong>non</strong></span> 
     </span>
    </p>
   </div>
   <div class='ocr_carea' id='block_1_106' title="bbox 2034 4640 3624 4709">
    <p class='ocr_par' dir='ltr' id='par_1_106' title="bbox 2034 4640 3624 4709">
     <span class='ocr_line' id='line_1_106' title="bbox 2034 4640 3624 4709; baseline -0.004 -13"><span class='ocrx_word' id='word_1_796' title='bbox 2034 4652 2079 4696; x_wconf 84' lang='lat' dir='ltr'><strong>et</strong></span> <span class='ocrx_word' id='word_1_797' title='bbox 2103 4643 2328 4709; x_wconf 86' lang='lat' dir='ltr'><strong>ejusdem</strong></span> <span class='ocrx_word' id='word_1_798' title='bbox 2350 4642 2513 4695; x_wconf 83' lang='lat' dir='ltr'><strong>sancti</strong></span> <span class='ocrx_word' id='word_1_799' title='bbox 2536 4640 2793 4706; x_wconf 79' lang='lat' dir='ltr'><strong>Maurilii,</strong></span> <span class='ocrx_word' id='word_1_800' title='bbox 2812 4652 2961 4709; x_wconf 84' lang='lat' dir='ltr'><strong>atque</strong></span> <span class='ocrx_word' id='word_1_801' title='bbox 2988 4643 3346 4695; x_wconf 85' lang='lat' dir='ltr'><strong>remissionem</strong></span> <span class='ocrx_word' id='word_1_802' title='bbox 3375 4641 3624 4709; x_wconf 53' lang='lat' dir='ltr'><strong>peccantis</strong></span> 
     </span>
    </p>
   </div>
   <div class='ocr_carea' id='block_1_107' title="bbox 2036 4729 3618 4800">
    <p class='ocr_par' dir='ltr' id='par_1_107' title="bbox 2036 4729 3618 4800">
     <span class='ocr_line' id='line_1_107' title="bbox 2036 4729 3618 4800; baseline 0.001 -15"><span class='ocrx_word' id='word_1_803' title='bbox 2036 4749 2159 4785; x_wconf 89' lang='lat' dir='ltr'><strong>num</strong></span> <span class='ocrx_word' id='word_1_804' title='bbox 2187 4735 2374 4785; x_wconf 78' lang='lat' dir='ltr'><strong>anima:</strong></span> <span class='ocrx_word' id='word_1_805' title='bbox 2392 4748 2527 4800; x_wconf 63' lang='lat' dir='ltr'><strong>suae,</strong></span> <span class='ocrx_word' id='word_1_806' title='bbox 2559 4748 2699 4785; x_wconf 85' lang='lat' dir='ltr'><strong>anno</strong></span> <span class='ocrx_word' id='word_1_807' title='bbox 2730 4733 3098 4786; x_wconf 68' lang='lat' dir='ltr'><strong>incarnationis</strong></span> <span class='ocrx_word' id='word_1_808' title='bbox 3130 4732 3415 4786; x_wconf 65' lang='lat' dir='ltr'><strong>Dominica’</strong></span> <span class='ocrx_word' id='word_1_809' title='bbox 3457 4729 3618 4786; x_wconf 65' lang='lat' dir='ltr'><strong>adhuc</strong></span> 
     </span>
    </p>
   </div>
   <div class='ocr_carea' id='block_1_108' title="bbox 2035 4821 3614 4895">
    <p class='ocr_par' dir='ltr' id='par_1_108' title="bbox 2035 4821 3614 4895">
     <span class='ocr_line' id='line_1_108' title="bbox 2035 4821 3614 4895; baseline -0.003 -18"><span class='ocrx_word' id='word_1_810' title='bbox 2035 4827 2087 4877; x_wconf 90' lang='lat' dir='ltr'><strong>in</strong></span> <span class='ocrx_word' id='word_1_811' title='bbox 2118 4825 2223 4880; x_wconf 78' lang='lat'><strong>905</strong></span> <span class='ocrx_word' id='word_1_812' title='bbox 2252 4835 2299 4878; x_wconf 86' lang='lat' dir='ltr'><strong>et</strong></span> <span class='ocrx_word' id='word_1_813' title='bbox 2321 4825 2662 4879; x_wconf 84' lang='lat' dir='ltr'><strong>ordinationis</strong></span> <span class='ocrx_word' id='word_1_814' title='bbox 2691 4826 3016 4895; x_wconf 79' lang='lat' dir='ltr'><strong>episcopatus</strong></span> <span class='ocrx_word' id='word_1_815' title='bbox 3044 4827 3125 4877; x_wconf 87' lang='lat' dir='ltr'><strong>sui</strong></span> <span class='ocrx_word' id='word_1_816' title='bbox 3154 4827 3207 4877; x_wconf 91' lang='lat' dir='ltr'><strong>in</strong></span> <span class='ocrx_word' id='word_1_817' title='bbox 3234 4823 3336 4888; x_wconf 77' lang='lat'><strong>‘25,</strong></span> <span class='ocrx_word' id='word_1_818' title='bbox 3360 4823 3490 4875; x_wconf 81' lang='lat' dir='ltr'><strong>hanc</strong></span> <span class='ocrx_word' id='word_1_819' title='bbox 3529 4821 3614 4874; x_wconf 86' lang='lat' dir='ltr'><strong>Vi-</strong></span> 
     </span>
    </p>
   </div>
   <div class='ocr_carea' id='block_1_109' title="bbox 2036 4913 3631 4985">
    <p class='ocr_par' dir='ltr' id='par_1_109' title="bbox 2036 4913 3631 4985">
     <span class='ocr_line' id='line_1_109' title="bbox 2036 4913 3631 4985; baseline -0.003 -16"><span class='ocrx_word' id='word_1_820' title='bbox 2036 4927 2141 4969; x_wconf 86' lang='lat' dir='ltr'><strong>tam</strong></span> <span class='ocrx_word' id='word_1_821' title='bbox 2161 4918 2293 4971; x_wconf 87' lang='lat' dir='ltr'><strong>beati</strong></span> <span class='ocrx_word' id='word_1_822' title='bbox 2317 4916 2551 4970; x_wconf 76' lang='lat' dir='ltr'><strong>Manrilii</strong></span> <span class='ocrx_word' id='word_1_823' title='bbox 2568 4918 2785 4972; x_wconf 82' lang='lat' dir='ltr'><strong>scribere</strong></span> <span class='ocrx_word' id='word_1_824' title='bbox 2803 4934 2865 4970; x_wconf 89' lang='lat' dir='ltr'><strong>ac</strong></span> <span class='ocrx_word' id='word_1_825' title='bbox 2885 4922 3139 4983; x_wconf 68' lang='lat' dir='ltr'><strong>requirere</strong></span> <span class='ocrx_word' id='word_1_826' title='bbox 3153 4916 3333 4985; x_wconf 86' lang='lat' dir='ltr'><strong>jussit.</strong></span> <span class='ocrx_word' id='word_1_827' title='bbox 3347 4913 3631 4967; x_wconf 77' lang='lat' dir='ltr'><strong>Are/tanni-</strong></span> 
     </span>
    </p>
   </div>
   <div class='ocr_carea' id='block_1_110' title="bbox 2040 5007 3631 5078">
    <p class='ocr_par' dir='ltr' id='par_1_110' title="bbox 2040 5007 3631 5078">
     <span class='ocr_line' id='line_1_110' title="bbox 2040 5007 3631 5078; baseline -0.002 -17"><span class='ocrx_word' id='word_1_828' title='bbox 2040 5011 2138 5061; x_wconf 90' lang='lat' dir='ltr'><strong>dus</strong></span> <span class='ocrx_word' id='word_1_829' title='bbox 2167 5010 2328 5063; x_wconf 86' lang='lat' dir='ltr'><strong>sancti</strong></span> <span class='ocrx_word' id='word_1_830' title='bbox 2357 5007 2571 5062; x_wconf 81' lang='lat' dir='ltr'><strong>Martini</strong></span> <span class='ocrx_word' id='word_1_831' title='bbox 2597 5007 2881 5078; x_wconf 84' lang='lat' dir='ltr'><strong>discipulus</strong></span> <span class='ocrx_word' id='word_1_832' title='bbox 2909 5019 2955 5060; x_wconf 88' lang='lat' dir='ltr'><strong>et</strong></span> <span class='ocrx_word' id='word_1_833' title='bbox 2986 5009 3234 5059; x_wconf 82' lang='lat' dir='ltr'><strong>diaconus</strong></span> <span class='ocrx_word' id='word_1_834' title='bbox 3254 5007 3401 5075; x_wconf 85' lang='lat' dir='ltr'><strong>jussu</strong></span> <span class='ocrx_word' id='word_1_835' title='bbox 3424 5008 3631 5074; x_wconf 60' lang='grc' dir='ltr'><strong>μηρίαιί</strong></span> 
     </span>
    </p>
   </div>
   <div class='ocr_carea' id='block_1_111' title="bbox 2041 5096 3632 5167">
    <p class='ocr_par' dir='ltr' id='par_1_111' title="bbox 2041 5096 3632 5167">
     <span class='ocr_line' id='line_1_111' title="bbox 2041 5096 3632 5167; baseline -0.003 -15"><span class='ocrx_word' id='word_1_836' title='bbox 2041 5101 2215 5153; x_wconf 87' lang='lat' dir='ltr'><strong>donmi</strong></span> <span class='ocrx_word' id='word_1_837' title='bbox 2244 5099 2493 5152; x_wconf 83' lang='lat' dir='ltr'><strong>Rainonis</strong></span> <span class='ocrx_word' id='word_1_838' title='bbox 2514 5100 2720 5167; x_wconf 86' lang='lat' dir='ltr'><strong>scripsit</strong></span> <span class='ocrx_word' id='word_1_839' title='bbox 2746 5108 2793 5151; x_wconf 88' lang='lat' dir='ltr'><strong>et</strong></span> <span class='ocrx_word' id='word_1_840' title='bbox 2817 5098 3101 5166; x_wconf 81' lang='lat' dir='ltr'><strong>requisiuit.</strong></span> <span class='ocrx_word' id='word_1_841' title='bbox 3134 5100 3264 5161; x_wconf 82' lang='lat' dir='ltr'><strong>Qua:</strong></span> <span class='ocrx_word' id='word_1_842' title='bbox 3298 5109 3427 5148; x_wconf 89' lang='lat' dir='ltr'><strong>vero</strong></span> <span class='ocrx_word' id='word_1_843' title='bbox 3468 5096 3573 5148; x_wconf 84' lang='lat' dir='ltr'><strong>fuci</strong></span> <span class='ocrx_word' id='word_1_844' title='bbox 3592 5096 3632 5148; x_wconf 76' lang='grc' dir='ltr'>ιε</span> 
     </span>
    </p>
   </div>
   <div class='ocr_carea' id='block_1_112' title="bbox 2044 5185 3629 5255">
    <p class='ocr_par' dir='ltr' id='par_1_112' title="bbox 2044 5185 3629 5255">
     <span class='ocr_line' id='line_1_112' title="bbox 2044 5185 3629 5255; baseline -0.003 -11"><span class='ocrx_word' id='word_1_845' title='bbox 2044 5191 2131 5244; x_wconf 88' lang='lat' dir='ltr'><strong>illa</strong></span> <span class='ocrx_word' id='word_1_846' title='bbox 2163 5191 2288 5250; x_wconf 84' lang='lat' dir='ltr'><strong>vita.</strong></span> <span class='ocrx_word' id='word_1_847' title='bbox 2323 5189 2526 5242; x_wconf 88' lang='lat' dir='ltr'><strong>indicat</strong></span> <span class='ocrx_word' id='word_1_848' title='bbox 2548 5189 2780 5242; x_wconf 87' lang='lat' dir='ltr'><strong>domnus</strong></span> <span class='ocrx_word' id='word_1_849' title='bbox 2800 5189 3097 5241; x_wconf 66' lang='lat' dir='ltr'><strong>lladmerns</strong></span> <span class='ocrx_word' id='word_1_850' title='bbox 3122 5203 3174 5239; x_wconf 81' lang='lat' dir='ltr'><strong>in</strong></span> <span class='ocrx_word' id='word_1_851' title='bbox 3201 5186 3339 5241; x_wconf 88' lang='lat' dir='ltr'><strong>libro</strong></span> <span class='ocrx_word' id='word_1_852' title='bbox 3372 5185 3503 5241; x_wconf 64' lang='lat' dir='ltr'><strong>Vitae</strong></span> <span class='ocrx_word' id='word_1_853' title='bbox 3527 5185 3629 5255; x_wconf 74' lang='lat' dir='ltr'><strong>ipsi</strong></span> 
     </span>
    </p>
   </div>
   <div class='ocr_carea' id='block_1_113' title="bbox 2044 5276 3653 5349">
    <p class='ocr_par' dir='ltr' id='par_1_113' title="bbox 2044 5276 3653 5349">
     <span class='ocr_line' id='line_1_113' title="bbox 2044 5276 3653 5349; baseline -0.003 -15"><span class='ocrx_word' id='word_1_854' title='bbox 2044 5280 2326 5349; x_wconf 70' lang='lat' dir='ltr'><strong>solijuntto</strong></span> <span class='ocrx_word' id='word_1_855' title='bbox 2348 5278 2414 5331; x_wconf 89' lang='lat' dir='ltr'><strong>de</strong></span> <span class='ocrx_word' id='word_1_856' title='bbox 2446 5279 2740 5344; x_wconf 81' lang='lat' dir='ltr'><strong>Miraculis,</strong></span> <span class='ocrx_word' id='word_1_857' title='bbox 2771 5295 2891 5348; x_wconf 61' lang='lat' dir='ltr'><strong>qua!</strong></span> <span class='ocrx_word' id='word_1_858' title='bbox 2916 5280 3195 5345; x_wconf 87' lang='lat' dir='ltr'><strong>modernis,</strong></span> <span class='ocrx_word' id='word_1_859' title='bbox 3222 5278 3413 5347; x_wconf 89' lang='lat' dir='ltr'><strong>inquit,</strong></span> <span class='ocrx_word' id='word_1_860' title='bbox 3443 5276 3653 5343; x_wconf 61' lang='lat' dir='ltr'><strong>tempm&#39;</strong></span> 
     </span>
    </p>
   </div>
   <div class='ocr_carea' id='block_1_114' title="bbox 2046 5371 3635 5443">
    <p class='ocr_par' dir='ltr' id='par_1_114' title="bbox 2046 5371 3635 5443">
     <span class='ocr_line' id='line_1_114' title="bbox 2046 5371 3635 5443; baseline -0.001 -18"><span class='ocrx_word' id='word_1_861' title='bbox 2046 5374 2186 5425; x_wconf 85' lang='lat' dir='ltr'><strong>ribus</strong></span> <span class='ocrx_word' id='word_1_862' title='bbox 2230 5372 2599 5443; x_wconf 85' lang='lat' dir='ltr'><strong>contigerant,</strong></span> <span class='ocrx_word' id='word_1_863' title='bbox 2662 5372 2711 5424; x_wconf 90' lang='lat' dir='ltr'><strong>in</strong></span> <span class='ocrx_word' id='word_1_864' title='bbox 2757 5371 3112 5426; x_wconf 89' lang='lat' dir='ltr'><strong>translatione</strong></span> <span class='ocrx_word' id='word_1_865' title='bbox 3161 5372 3365 5426; x_wconf 80' lang='lat' dir='ltr'><strong>scilicet</strong></span> <span class='ocrx_word' id='word_1_866' title='bbox 3409 5374 3507 5425; x_wconf 86' lang='lat' dir='ltr'><strong>sub</strong></span> <span class='ocrx_word' id='word_1_867' title='bbox 3550 5372 3635 5423; x_wconf 75' lang='grc' dir='ltr'><strong>Μ-</strong></span> 
     </span>
    </p>
   </div>
   <div class='ocr_carea' id='block_1_115' title="bbox 2049 5460 3635 5533">
    <p class='ocr_par' dir='ltr' id='par_1_115' title="bbox 2049 5460 3635 5533">
     <span class='ocr_line' id='line_1_115' title="bbox 2049 5460 3635 5533; baseline -0.004 -15"><span class='ocrx_word' id='word_1_868' title='bbox 2049 5465 2189 5533; x_wconf 79' lang='lat' dir='ltr'><strong>iingo</strong></span> <span class='ocrx_word' id='word_1_869' title='bbox 2217 5463 2473 5531; x_wconf 87' lang='lat' dir='ltr'><strong>episcopo</strong></span> <span class='ocrx_word' id='word_1_870' title='bbox 2505 5463 2665 5529; x_wconf 87' lang='lat' dir='ltr'><strong>facta,</strong></span> <span class='ocrx_word' id='word_1_871' title='bbox 2698 5463 2789 5517; x_wconf 90' lang='lat' dir='ltr'><strong>ubi</strong></span> <span class='ocrx_word' id='word_1_872' title='bbox 2815 5464 2986 5517; x_wconf 82' lang='lat' dir='ltr'><strong>Vitam</strong></span> <span class='ocrx_word' id='word_1_873' title='bbox 3014 5465 3168 5527; x_wconf 84' lang='lat' dir='ltr'><strong>hanc,</strong></span> <span class='ocrx_word' id='word_1_874' title='bbox 3199 5479 3358 5532; x_wconf 89' lang='lat' dir='ltr'><strong>quam</strong></span> <span class='ocrx_word' id='word_1_875' title='bbox 3396 5465 3494 5515; x_wconf 89' lang='lat' dir='ltr'><strong>sub</strong></span> <span class='ocrx_word' id='word_1_876' title='bbox 3519 5460 3635 5512; x_wconf 78' lang='lat' dir='ltr'><strong>libri</strong></span> 
     </span>
    </p>
   </div>
   <div class='ocr_carea' id='block_1_116' title="bbox 2050 5552 3632 5625">
    <p class='ocr_par' dir='ltr' id='par_1_116' title="bbox 2050 5552 3632 5625">
     <span class='ocr_line' id='line_1_116' title="bbox 2050 5552 3632 5625; baseline -0.005 -18"><span class='ocrx_word' id='word_1_877' title='bbox 2050 5555 2207 5625; x_wconf 84' lang='lat' dir='ltr'><strong>primi</strong></span> <span class='ocrx_word' id='word_1_878' title='bbox 2238 5552 2454 5607; x_wconf 84' lang='lat' dir='ltr'><strong>nolnine</strong></span> <span class='ocrx_word' id='word_1_879' title='bbox 2496 5552 2752 5617; x_wconf 81' lang='lat' dir='ltr'><strong>dederat,</strong></span> <span class='ocrx_word' id='word_1_880' title='bbox 2781 5556 2949 5623; x_wconf 74' lang='lat' dir='ltr'><strong>faceta</strong></span> <span class='ocrx_word' id='word_1_881' title='bbox 2982 5557 3106 5607; x_wconf 83' lang='lat' dir='ltr'><strong>satis</strong></span> <span class='ocrx_word' id='word_1_882' title='bbox 3140 5555 3424 5607; x_wconf 69' lang='lat' dir='ltr'><strong>urbanitate</strong></span> <span class='ocrx_word' id='word_1_883' title='bbox 3458 5567 3488 5600; x_wconf 81' lang='grc' dir='ltr'><strong>ιι</strong></span> <span class='ocrx_word' id='word_1_884' title='bbox 3516 5565 3632 5600; x_wconf 86' lang='lat' dir='ltr'><strong>suc-</strong></span> 
     </span>
    </p>
   </div>
   <div class='ocr_carea' id='block_1_117' title="bbox 2050 5646 3626 5719">
    <p class='ocr_par' dir='ltr' id='par_1_117' title="bbox 2050 5646 3626 5719">
     <span class='ocr_line' id='line_1_117' title="bbox 2050 5646 3626 5719; baseline -0.003 -18"><span class='ocrx_word' id='word_1_885' title='bbox 2050 5646 2331 5703; x_wconf 77' lang='lat' dir='ltr'><strong>cessoribus</strong></span> <span class='ocrx_word' id='word_1_886' title='bbox 2360 5646 2526 5702; x_wconf 81' lang='lat' dir='ltr'><strong>sancti</strong></span> <span class='ocrx_word' id='word_1_887' title='bbox 2552 5647 2781 5705; x_wconf 77' lang='lat' dir='ltr'><strong>Maurilii</strong></span> <span class='ocrx_word' id='word_1_888' title='bbox 2804 5649 3080 5719; x_wconf 63' lang='lat' dir='ltr'><strong>expolitam</strong></span> <span class='ocrx_word' id='word_1_889' title='bbox 3106 5650 3269 5705; x_wconf 86' lang='lat' dir='ltr'><strong>fuisse</strong></span> <span class='ocrx_word' id='word_1_890' title='bbox 3292 5646 3491 5702; x_wconf 88' lang='lat' dir='ltr'><strong>diserte</strong></span> <span class='ocrx_word' id='word_1_891' title='bbox 3516 5655 3626 5709; x_wconf 77' lang='lat' dir='ltr'><strong>pro</strong></span> 
     </span>
    </p>
   </div>
  </div>
