4024 6192
487 239 552 290 σγ
1910 227 2301 288 PREFATIO.
3686 240 3756 299 cs

484 359 678 410 l'tetur.
712 352 863 409 Adde
897 370 1000 406 nou
1040 367 1205 420 pauca
1238 351 1288 403 in
1322 350 1419 403 hac
1454 350 1556 401 vita
1596 360 1910 409 occurrere,
1941 363 2058 415 qua:
2088 344 2136 400 A
2166 356 2360 409 scepus
2381 358 2573 412 anquts
2596 359 2648 398 to
2677 345 2975 400 Brtvatensr
3002 361 3118 402 Vico
3139 347 3395 414 sedisset;
3421 348 3532 405 alio
3556 349 3610 405 in
3637 351 3758 409 loco

482 447 726 517 Gregorii
756 458 848 501 aut
880 444 1151 500 Fortunati
1183 443 1324 497 astuti
1355 453 1409 497 et
1434 442 1611 512 genio,
1649 451 1703 493 ιιι
1734 440 1850 493 fuse
1874 439 2061 505 probat

485 541 775 603 lautuoius,
809 549 1115 603 competere
1148 551 1252 588 non
1282 544 1525 603 possunt.
1557 534 1638 586 Ab
1674 544 1900 598 utraque
1931 530 2060 584 item

485 629 914 698 distinguendam
947 643 1065 681 esse
1097 625 1337 694 ejusdem
1375 623 1545 678 saneti
1571 622 1793 677 Maurilii
1822 619 2000 677 Vitam
2032 638 2061 674 a

487 722 537 775 Μ
557 722 817 789 tgnobodo
836 720 1089 787 episeopo
1115 716 1483 770 Andecaveusi
1507 715 1761 784 scriptam
1788 730 1852 767 ex
1870 713 2061 767 eodem

486 813 736 869 “Jdillel'i
765 811 900 866 libro
929 810 1204 864 discimus.
1240 810 1303 861 Et
1327 807 1540 877 quidem
1564 807 1678 861 hinc
1706 806 1919 859 diversa
1943 820 2029 857 om
2048 832 2062 843 -

487 905 615 958 nino
644 910 817 956 exstat
844 920 873 954 a
903 900 1112 954 duobus
1157 898 1424 967 prioribus
1476 898 1527 951 in
1573 897 1761 951 codice
1804 894 2063 950 Vindoci‘

488 994 636 1049 nensi
677 993 784 1061 jam
831 993 1043 1045 laudato
1065 1032 1079 1055 ,
1112 990 1201 1045 ubi
1232 1001 1284 1044 et
1316 991 1416 1043 ista
1447 990 1547 1043 sub
1581 989 1683 1043 hoc
1720 990 1874 1042 titulo
1900 986 2064 1041 habe-

486 1095 571 1139 tur
599 1103 611 1137 :
648 1083 714 1138 In
743 1082 932 1137 Christi
959 1084 1163 1136 nomine
1188 1100 1275 1151 ego
1298 1080 1654 1151 Magnobodns
1679 1080 1969 1149 episc0pus,
2004 1096 2065 1131 ac

482 1180 527 1231 si
550 1187 801 1247 peccator,
824 1176 1067 1230 Ecclesia:
1093 1174 1397 1240 Andecavte,
1420 1173 1698 1227 secundum
1720 1173 1896 1225 titulos
1926 1171 2065 1226 Justi

485 1270 762 1339 presbyteri
804 1266 970 1320 Vitam
999 1267 1164 1319 sancti
1182 1264 1512 1319 Maurilionis
1538 1264 1766 1332 episcopi
1794 1275 1840 1317 et
1860 1267 2061 1333 confes-

485 1360 614 1412 soris
635 1399 649 1421 ,
678 1370 731 1411 ut
756 1359 1010 1411 rusticitas
1039 1374 1149 1410 utea
1192 1357 1319 1427 fuit,
1357 1354 1658 1420 simpliciter
1696 1354 1977 1424 planeque,
2010 1365 2064 1407 ut

483 1452 655 1522 potui,
688 1450 936 1516 explicavi
957 1489 971 1512 ,
1003 1449 1056 1501 in
1083 1465 1219 1501 anno
1250 1449 1313 1499 10
1351 1448 1688 1500 ordinationis
1732 1462 1889 1509 mete,
1929 1456 1976 1499 et
2012 1448 2064 1498 in

483 1560 621 1595 anno
644 1542 711 1593 36
743 1540 985 1607 principis
1031 1540 1191 1592 nostri
1235 1539 1409 1591 dontni
1457 1536 1704 1591 Chlotarii
1750 1539 1923 1608 regis,
1966 1538 2064 1606 ﬁlii

487 1634 759 1701 Utitperici
782 1632 933 1703 regis.
953 1632 1003 1684 Id
1028 1643 1107 1685 est
1129 1644 1402 1684 annoaera:
1420 1628 1737 1683 Christiana:
1761 1629 1887 1693 6l9,
1909 1634 2065 1698 paulo

2165 434 2231 485 dc
2257 434 2513 503 episcopo
2540 435 2582 489 Τ
2587 438 2836 490 uroneusi
2856 480 2871 505 ,
2904 438 2992 506 qui
3023 447 3148 493 tunc
3169 438 3465 509 Gregorius
3495 451 3648 507 erat,
3686 459 3754 499 eo

2168 525 2327 579 riuulo
2368 527 2588 592 scribit,
2638 544 2746 596 quo
2790 544 2895 581 non
2938 532 3246 598 scripsisset
3289 533 3404 600 ipse
3433 533 3755 603 Gregorius.

2167 616 2406 687 Denique
2438 621 2551 672 haec
2583 619 2707 684 vita,
2740 624 2814 673 uti
2846 637 2909 674 ex
2939 624 3052 689 ejus
3088 624 3310 693 prologo
3341 636 3484 693 patet
3510 669 3526 694 ,
3554 631 3758 698 scripta

2167 716 2276 774 est,
2313 721 2369 763 ut
2397 710 2450 763 in
2484 712 2619 765 festo
2653 715 2824 767 sancti
2856 715 3038 770 Aredii
3069 717 3442 772 anniversario
3483 720 3757 790 legeretur

2166 798 2220 852 in
2253 810 2519 856 conventu
2544 802 2803 858 ﬁdelium.
2837 805 2966 872 Qua:
2989 807 3191 873 omnia,
3222 818 3277 862 et
3297 809 3399 862 alia
3427 828 3548 880 qua:
3576 814 3760 883 legen-

2169 890 2307 945 tibus
2328 903 2637 959 occurrent,
2672 895 2898 950 innuuut
2925 896 3087 951 alium
3120 913 3149 952 a
3171 898 3430 970 Gregorio
3455 903 3620 959 fuisse
3648 906 3755 960 bu-

2162 982 2250 1050 jus
2291 984 2412 1039 vita:
2462 996 2758 1041 auctorem.
2790 988 2941 1043 Hunc
2991 998 3171 1045 tamen
3222 993 3378 1060 paulo
3418 983 3537 1061 post
3568 998 3755 1052 Aredii

2167 1076 2369 1129 exitum
2398 1078 2700 1144 scripsisse,
2730 1089 2841 1133 tum
2862 1095 2928 1134 ex
2960 1082 3122 1135 rebus
3170 1084 3399 1137 narratis
3428 1086 3751 1155 colligimus,

2169 1175 2280 1218 tum
2307 1182 2371 1220 ex
2397 1168 2570 1234 capite
2589 1169 2799 1233 ultimo,
2824 1170 2913 1223 ubi
2938 1180 3164 1225 testatur
3186 1187 3250 1227 ea
3279 1189 3397 1243 qua:
3419 1191 3448 1229 a
3472 1192 3532 1231 se
3551 1180 3749 1247 scripta

2166 1267 2291 1310 sunt
2319 1259 2454 1311 intra
2485 1275 2703 1327 paucam
2728 1272 2923 1331 tempus
2954 1264 3264 1333 contigisse.
3303 1265 3455 1321 Unde
3477 1270 3752 1325 concludit

2170 1351 2337 1402 multo
2365 1353 2731 1407 numerosiora
2760 1352 2875 1408 fore
2905 1370 3025 1425 qua:
3056 1357 3106 1410 in
3137 1366 3410 1425 posterum
3445 1362 3754 1421 scribentur

2172 1456 2259 1505 per
2279 1440 2482 1507 prolixa
2506 1446 2671 1511 spatia
2696 1453 3003 1511 temporum,
3037 1462 3158 1514 qua:
3187 1449 3599 1520 subsequentur,
3624 1469 3747 1510 eum

2169 1532 2467 1601 frequentia
2492 1536 2559 1588 ad
2590 1537 2759 1590 sancti
2786 1537 3014 1590 tumbam
3040 1539 3235 1594 fierent
3260 1543 3535 1598 miracula.
3569 1546 3646 1601 Ex
3672 1548 3753 1602 bis

2168 1632 2346 1677 autem
2390 1624 2641 1678 omnibus
2670 1626 2925 1694 colligere
2948 1626 3101 1695 licet,
3139 1632 3309 1685 sancti
3340 1634 3617 1690 Benedicti
3647 1637 3755 1692 [ie-

487 1736 605 1794 pust
636 1723 870 1791 Gregorii
903 1723 1066 1776 nostri
1097 1722 1322 1775 obitum.
1352 1721 1476 1774 Huic
1503 1732 1679 1774 autem
1712 1718 1868 1788 paulo
1896 1722 2060 1775 insitis
2092 1714 2136 1773 Β
2165 1715 2338 1783 gulam
2365 1713 2474 1783 jam
2504 1725 2651 1782 tunc,
2681 1716 2733 1770 id
2766 1728 2848 1771 est
2873 1720 3072 1775 szeculo
3101 1730 3255 1775 sexto
3284 1724 3512 1789 labente,
3541 1740 3631 1781 aut
3653 1729 3755 1784 iui-

487 1828 717 1870 tz-actare
734 1818 901 1869 visum
927 1822 1029 1879 est,
1054 1814 1193 1881 quod
1212 1813 1438 1881 epistola
1465 1813 1563 1866 sub
1580 1813 1821 1881 Gregorii
1848 1828 2066 1867 nomine

496 1908 710 1976 vulgata
741 1906 935 1975 passim
972 1904 1247 1973 praemissa
1278 1912 1526 1957 occurrat
1556 1902 1688 1956 Vita:
1712 1904 1882 1957 sancti
1918 1903 2066 1957 Mau-

488 2003 615 2064 rilii,
645 2018 762 2069 que
794 2002 987 2053 multas
1018 2013 1103 2053 res
1125 2014 1152 2051 a
1179 1980 1402 2052 veritate
1434 1996 1633 2050 alienas
1664 1998 1891 2064 complet
1914 1998 2064 2063 titur,

483 2102 535 2146 et
562 2091 788 2147 celebris
825 2089 967 2147 facta
993 2103 1074 2145 est
1097 2090 1167 2144 ob
1194 2091 1616 2143 controversiam
1650 2090 1715 2143 de
1749 2094 1917 2143 salicti
1952 2091 2061 2145 lte-

482 2188 593 2240 ttati
628 2181 1022 2237 resurrectione
1054 2181 1137 2235 his
1169 2183 1501 2247 temporibus
1538 2190 1742 2234 natam.
1767 2186 1918 2247 Quod
1960 2183 2061 2235 ini-

486 2275 726 2330 l‘uculttttt
772 2274 1015 2326 nonnulli
1064 2273 1306 2339 Gregorii
1351 2273 1672 2326 auctoritate
1713 2276 2064 2341 corripi-obare

489 2366 668 2418 conati
703 2363 939 2424 fuerunt,
975 2362 1099 2416 licet
1128 2377 1156 2414 a
1185 2361 1477 2415 Fortunato
1509 2362 1764 2415 omissum
1796 2366 1970 2425 luerit,
2009 2375 2066 2416 ιιι

486 2457 649 2512 modo
678 2454 1012 2517 dicebamus,
1040 2461 1095 2507 et
1117 2467 1221 2505 non
1250 2453 1514 2506 referatur
1542 2466 1573 2503 a
1596 2452 1932 2519 Magnibodo.
1958 2452 2065 2508 Iste

488 2562 667 2604 tamen
722 2558 904 2602 narrat
955 2544 1235 2600 mulierem
1288 2544 1570 2611 quamdam
1624 2545 1861 2599 sterilem
1922 2547 2062 2598 beati

485 2639 822 2698 Maurilioois
843 2681 859 2706 ,
888 2639 967 2693 sic
999 2637 1143 2691 enitn
1184 2650 1401 2704 semper
1429 2650 1553 2689 eum
1590 2635 1857 2704 appellat,
1892 2635 2059 2687 inter-

486 2744 645 2790 ventu
674 2730 974 2786 obtiuuisse
1014 2743 1043 2781 a
1080 2729 1189 2782 Deo
1222 2727 1411 2791 ﬁlium,
1444 2727 1534 2794 qui
1567 2737 1853 2794 postquam
1878 2726 2064 2781 Eccle-

485 2828 583 2883 sia:
603 2809 950 2886 Calonnensi,
974 2822 1061 2876 ubi
1086 2820 1359 2875 Mauritius
1385 2821 1632 2886 degebat,
1663 2819 1756 2873 diu
1784 2822 2065 2890 presbyter

488 2919 787 2981 serviisset,
822 2916 1036 2969 tandem
1066 2913 1167 2982 ipsi
1196 2914 1247 2966 in
1276 2912 1586 2980 episcopatu
1616 2912 1961 2966 successerit.

551 3030 641 3084 8|.
670 3027 842 3080 Vitam
859 3025 1030 3080 sancti
1055 3024 1234 3079 Aredii
1264 3024 1474 3077 abbatis
1496 3023 1777 3079 Atauensis
1801 3023 2061 3094 Gregorio

2172 1803 2246 1855 tio
2262 1807 2553 1871 sequentis,
2580 1807 2634 1860 in
2657 1809 2986 1863 monasterio
3006 1813 3259 1866 Atanensi
3279 1826 3544 1885 receptam
3566 1820 3754 1888 fuisse,

2169 1910 2326 1962 quam
2355 1896 2491 1949 adeo
2518 1897 2833 1953 familiarem
2871 1899 3053 1955 habuit
3085 1902 3178 1957 ille
3206 1914 3417 1959 auctor.

2238 2005 2329 2061 82.
2363 2007 2535 2064 Unum
2564 2022 2811 2081 superest
2848 2016 3258 2085 inquirendum,
3291 2035 3359 2074 an
3388 2022 3597 2079 scilicet
3618 2024 3754 2081 Gre-

2166 2104 2346 2171 gorius
2391 2113 2578 2160 noster
2623 2105 2948 2163 Cbronicum
2993 2111 3211 2181 aliquod
3254 2119 3641 2187 conscripserit
3683 2123 3752 2176 ab

2170 2196 2426 2263 Historia,
2450 2213 2608 2268 quam
2639 2213 2704 2253 ex
2738 2215 2801 2254 eo
2833 2200 3112 2267 habemus,
3145 2203 3419 2261 diversum
3440 2250 3453 2271 ,
3484 2219 3540 2264 ut
3565 2214 3752 2267 testari

2168 2289 2421 2343 videntur
2468 2292 2713 2345 nonnulli
2763 2292 2954 2348 media:
2991 2294 3166 2349 anatis
3198 2310 3478 2365 auctores,
3509 2303 3600 2371 qui
3633 2316 3753 2373 post

2168 2381 2494 2450 Sigibertum
2526 2382 2970 2439 Gemblacensem
3001 2388 3321 2445 monachum
3366 2393 3521 2448 aiunt
3549 2394 3754 2468 Grego-

2176 2474 2314 2526 rium
2340 2489 2502 2542 parvo
2523 2474 2703 2528 libello
2727 2477 2955 2545 primum
2980 2478 3260 2535 historiam
3293 2483 3564 2553 breviasse,
3587 2503 3751 2560 quam

2179 2564 2521 2632 postmodum
2548 2563 2790 2621 diffusius
2820 2583 3010 2623 novem
3044 2570 3191 2625 libris
3221 2573 3533 2643 digesserit,
3564 2593 3752 2637 verum

2174 2656 2335 2708 etiam
2365 2655 2646 2725 scripsisse
2673 2656 2996 2714 Cbronicum
3021 2701 3036 2728 ,
3069 2670 3175 2716 etc.
3204 2662 3309 2719 Sed
3344 2665 3421 2720 illi
3463 2679 3715 2727 auctores
3736 2714 3752 2738 .

2168 2755 2224 2799 ut
2249 2749 2501 2801 observat
2531 2746 2774 2804 Valesius
2798 2791 2813 2817 ,
2861 2750 2997 2806 libro
3023 2768 3091 2808 xv
3117 2769 3294 2811 rerum
3335 2758 3715 2818 Francicarum
3733 2808 3751 2833 ,

2167 2854 2330 2893 unutn
2357 2849 2411 2893 et
2441 2840 2580 2894 idem
2610 2856 2744 2910 opus
2773 2844 2842 2897 ob
2874 2844 3010 2898 tituli
3038 2847 3349 2903 varietatem
3377 2851 3429 2903 in
3459 2854 3624 2908 variis
3653 2870 3752 2910 co-

2165 2931 2392 2997 dicibus.
2421 2934 2529 2988 duo
2559 2948 2679 2990 esse
2699 2935 2909 2991 diversa
2931 2938 3144 2995 incaute
3174 2954 3522 2998 censuerunt.
3546 2946 3751 3005 Eadem

2167 3023 2310 3076 enim
2340 3031 2424 3078 est
2453 3026 2682 3080 Historia
2711 3026 2990 3098 Gregorii,
3019 3046 3137 3100 quae
3167 3031 3221 3087 in
3247 3035 3521 3091 veteribus
3544 3038 3752 3109 aliquot

485 3120 785 3175 Turonensi
813 3118 1085 3179 tributam,
1111 3118 1268 3169 aliam
1300 3119 1367 3169 ab
1392 3132 1455 3170 ea
1485 3132 1603 3185 quae
1631 3118 1830 3171 steculo
1854 3134 1868 3171 ι
1899 3124 2054 3172 Acto-
2088 3089 2132 3151 C
2166 3115 2487 3170 membranis
2512 3117 2612 3172 sub
2640 3117 2755 3188 ejus
2779 3120 2923 3175 nomi
2949 3137 2994 3177 te
3026 3121 3262 3178 Historia
3288 3089 3652 3197 ecclesiastica:
3696 3132 3751 3188 in

488 3229 607 3268 rum
638 3222 949 3266 sanctorum
977 3206 1192 3262 Ordinis
1233 3208 1560 3262 Benedictini
1603 3210 1744 3264 edita
1776 3220 1888 3275 est,
1920 3212 2060 3264 eruit

484 3314 666 3360 noster
680 3300 1192 3355 domuusJohannes
1218 3299 1557 3353 Mabillonius
1582 3314 1613 3354 e
1642 3310 1854 3355 vetusto
1876 3302 2060 3355 codice

489 3398 663 3454 sancti
693 3395 828 3450 Galli
853 3396 904 3449 in
931 3394 1194 3460 Helvetia,
1226 3409 1344 3461 qua:
1364 3393 1579 3462 quidem
1611 3392 1872 3463 Gregorio
1917 3394 2056 3447 haud

483 3490 698 3558 indigna
724 3489 953 3549 videtur,
996 3498 1094 3539 nec
1125 3485 1348 3537 multum
1393 3486 1460 3538 ab
1500 3483 1618 3552 ejus
1657 3488 1816 3553 genio
1843 3487 2014 3541 aliena
2043 3505 2055 3539 :

485 3582 587 3636 nisi
617 3579 760 3648 quod
790 3579 983 3647 alique
1013 3576 1239 3646 phrases
1270 3576 1321 3628 in
1352 3589 1413 3629 ea
1446 3577 1645 3643 passim
1675 3588 1961 3632 occurrant
1994 3595 2060 3633 ex

483 3672 742 3742 Gregorio
771 3671 981 3740 Magno,
1008 3670 1170 3723 immo
1198 3677 1251 3722 et
1273 3684 1335 3721 ex
1362 3668 1501 3721 beati
1532 3668 1803 3723 Benedicti
1836 3668 2059 3740 Regula,

483 3774 666 3818 contra
693 3761 931 3830 Gregorii
966 3775 1195 3824 rnorem,
1226 3768 1497 3814 mutuatae.
1525 3758 1729 3815 Deinde
1764 3760 2062 3832 Gregorius

485 3856 664 3911 Aredii
695 3853 949 3908 miracula
989 3862 1044 3907 et
1072 3866 1157 3906 res
1185 3861 1364 3921 gestas
1398 3850 1592 3919 passim
1627 3852 1892 3919 celebrat,
1926 3871 2059 3909 nus-

482 3970 642 4024 quam
674 3962 850 4006 tamen
876 3951 1018 4004 illius
1054 3947 1186 4002 Vitae
1218 3963 1245 3997 a
1277 3961 1336 4000 se
1363 3945 1605 4015 scriptas,
1635 3949 1776 4018 quod
1805 3951 1936 4006 alias
1967 3968 2057 4007 so-

481 4046 588 4110 let,
623 4044 734 4113 ipse
781 4040 1046 4095 meminit.
1078 4038 1331 4106 Quamvis
1378 4040 1663 4093 momentis
1709 4041 1828 4096 istis
1875 4042 2062 4111 repeni

484 4136 674 4204 possit,
707 4133 1021 4203 Gregorium
1052 4134 1187 4191 ltztue
1216 4134 1386 4188 Vitam
1427 4144 1545 4201 post
1586 4150 1739 4188 suum
1772 4151 1836 4189 ex
1869 4137 2062 4190 itinere

484 4226 726 4280 [inritatio
746 4224 972 4279 reditum
992 4223 1309 4290 scripsisse;
1329 4224 1658 4294 proindeque
1683 4226 1807 4278 nihil
1827 4240 1948 4279 esse
1966 4227 2062 4279 mi-

483 4332 624 4380 rum,
650 4320 694 4367 si
728 4315 777 4367 in
809 4317 926 4367 aliis
954 4315 1208 4384 operibus
1238 4331 1358 4382 quae
1381 4326 1537 4368 antea
1566 4326 1913 4377 exaraverat,
1944 4318 2064 4369 nul-

482 4405 587 4459 lum
623 4405 749 4456 Vitze
777 4404 948 4457 sancti
979 4404 1157 4457 Aredii
1188 4403 1377 4457 fecerit
1402 4405 1751 4469 mentionem,
1786 4406 2061 4473 loquendi-

479 4509 583 4564 qtte
602 4495 789 4546 modos
809 4491 1049 4560 Gregorii
1075 4492 1246 4561 Magni
1268 4508 1371 4545 non
1394 4491 1702 4545 adhibuerit
1726 4510 1739 4545 :
1770 4471 1867 4563 qui
1886 4494 2053 4549 Roma
2088 4471 2136 4529 υ

477 4600 761 4648 reversus,
798 4583 919 4648 ubi,
952 4586 1089 4638 sicut
1114 4584 1183 4638 de
1215 4584 1309 4636 illo
1338 4597 1518 4637 rerum
1570 4585 2057 4641 ecclesiasticarum

472 4677 849 4731 curiosissimo
878 4676 1187 4742 indagatore
1215 4673 1486 4740 conjicere
1519 4673 1684 4738 licet,
1727 4675 1968 4745 Gregorii
1996 4678 2059 4731 li-

475 4776 606 4827 bros
636 4772 867 4832 viderat,
895 4770 1032 4822 sicut
1060 4776 1115 4820 et
1146 4768 1283 4819 beati
1315 4765 1587 4820 Benedicti
1617 4768 1871 4837 llegulam
1890 4810 1907 4837 ,
1937 4786 2057 4840 qua:

477 4867 585 4934 jam
616 4876 740 4916 tunc
765 4870 880 4916 erat
909 4859 1135 4914 celebris
1156 4897 1172 4924 ,
1197 4873 1383 4912 eorum
1415 4858 1664 4926 loquendi
1701 4875 1906 4915 morem
1936 4862 2055 4915 imi-

482 4957 579 5010 tari
610 4956 885 5024 potuisset.
919 4953 1053 5007 Sunt
1082 4958 1258 5005 tamen
1290 4949 1392 5002 alia
1424 4950 1613 5003 indicia
1646 4965 1766 5019 quae
1794 4952 2057 5006 suadeant

481 5051 616 5101 hanc
647 5052 805 5101 vitam
839 5043 1099 5114 Gregorio
1124 5044 1459 5097 tribuendam
1492 5058 1596 5097 non
1628 5058 1770 5109 esse,
1810 5044 1905 5098 sed
1940 5062 2053 5099 mo-

484 5142 654 5192 nactto
678 5142 850 5207 potius
871 5134 1029 5191 alicui
1050 5135 1323 5199 Atauensi,
1346 5131 1435 5202 qui
1470 5148 1587 5187 eam
1614 5134 1956 5203 potissimum
1986 5153 2053 5191 ex

481 5228 720 5295 Gregorii
746 5230 997 5297 operibus
1025 5224 1305 5295 collegerit
1333 5241 1347 5278 :
1375 5225 1515 5295 quod
1540 5240 1726 5279 ansam
1761 5226 2056 5292 praebuerit

480 5320 708 5388 posteris
730 5333 844 5369 eam
870 5317 1130 5386 Gregorio
1163 5315 1492 5371 ascriben’di.
1532 5315 1651 5385 lpse
1681 5317 1823 5371 enim
1852 5318 2057 5387 Grego-

480 5413 590 5465 rius
616 5410 864 5461 Aredium
890 5410 1085 5475 passim
1110 5408 1309 5473 laudat,
1337 5408 1564 5477 ejusque
1585 5413 1706 5464 vita:
1732 5412 2055 5470 breviarium

478 5503 758 5571 descripsit
786 5503 887 5555 sub
916 5501 1074 5555 finem
1101 5503 1219 5556 libri
1247 5520 1277 5557 x
1304 5504 1570 5558 Historiae.
1607 5506 1674 5560 Et
1702 5507 1916 5575 quidem
1949 5509 2053 5563 mi-

480 5594 653 5647 racula
679 5609 796 5661 qua!
831 5592 964 5646 Vita:
994 5593 1162 5647 sancti
1197 5594 1377 5648 Aredii
1414 5595 1827 5664 subiunguntur,
1856 5599 2052 5668 stylum

480 5684 719 5749 Gregorii
750 5700 852 5739 non
884 5683 1117 5752 sapiunt.
1162 5683 1236 5736 ita
1277 5684 1513 5752 loquitur
1549 5696 1736 5742 auctor
1764 5704 1826 5743 se
1866 5690 1909 5744 si
1940 5693 2057 5755 epi-

2162 3206 2283 3259 aliis
2307 3221 2433 3260 vero
2453 3204 2766 3261 Cbronicum
2785 3222 3142 3280 nuncupatur.
3156 3214 3321 3270 Certe
3342 3218 3587 3274 solebant
3604 3221 3751 3278 illius

2162 3298 2259 3351 aevi
2289 3306 2534 3352 auctores
2567 3299 2816 3353 Chronica
2848 3312 2938 3356 aut
2959 3300 3235 3359 Cltronicas
3261 3309 3533 3376 appellare
3559 3309 3745 3366 Histo-

2169 3391 2301 3455 rias,
2333 3388 2490 3442 etiam
2520 3389 2772 3457 fusiores,
2798 3408 2917 3461 qua:
2942 3392 3091 3462 juxta
3130 3410 3393 3451 annorum
3416 3400 3611 3455 seriem
3647 3400 3751 3457 de-

2163 3483 2377 3551 scripta:
2397 3484 2734 3551 erautzquod
2761 3486 3033 3540 sexcentis
3059 3488 3322 3557 exemplis
3345 3488 3504 3545 facile
3526 3494 3747 3561 probari

2166 3585 2369 3644 posset.
2400 3574 2732 3630 Breviarium
2770 3592 2931 3644 vero,
2967 3594 3062 3634 seu
3094 3579 3382 3636 Historiam
3410 3581 3747 3641 Francorum

2162 3665 2523 3721 abbreviatam
2542 3708 2557 3730 ,
2586 3668 2728 3736 quod
2752 3684 2782 3722 a
2804 3668 3064 3740 Gregorio
3092 3672 3295 3726 editum
3329 3676 3568 3730 nonnulli
3603 3679 3747 3732 scri-

2163 3759 2325 3826 bunt,
2366 3761 2508 3814 aliud
2552 3775 2658 3815 non
2689 3770 2773 3815 est
2812 3766 2881 3815 ab
2927 3762 3175 3831 Epitome
3220 3763 3562 3836 Fredegarii,
3601 3752 3747 3838 quod

2164 3851 2354 3905 mirum
2383 3866 2486 3906 nou
2513 3860 2596 3906 est
2617 3853 2874 3922 Gregorio
2897 3851 3063 3908 fuisse
3087 3854 3363 3921 tributum,
3393 3872 3516 3912 cum
3541 3874 3606 3912 ex
3632 3861 3748 3928 ejus

2164 3943 2345 3998 verbis
2372 3945 2590 3997 omnino
2629 3953 2870 4007 constet,
2901 3945 3123 4014 ejusque
3152 3962 3345 4000 nomen
3368 3987 3384 4010 ,
3417 3958 3471 4003 et
3501 3951 3750 4005 eumdem

2163 4049 2226 4087 ac
2254 4033 2367 4102 ipsa
2398 4034 2628 4088 Historia
2659 4036 3027 4104 prmfationem
3056 4077 3072 4101 ,
3114 4045 3170 4091 et
3214 4037 3428 4106 quidem
3460 4038 3559 4092 sub
3602 4040 3749 4106 ejns~

2163 4126 2284 4181 dem
2309 4127 2547 4197 Gregorii
2580 4129 2818 4192 nomine,
2855 4129 3124 4196 praeferat.
3161 4129 3361 4185 Eadem
3389 4131 3499 4184 fere
3530 4130 3751 4189 fortuna

2163 4219 2259 4272 fuit
2293 4218 2442 4285 libri,
2478 4221 2565 4287 qui
2599 4218 2755 4273 Gesta
2788 4218 3111 4274 Francorum
3145 4223 3478 4287 inscribitur,
3507 4224 3573 4277 ab
3618 4239 3751 4279 ano-

2164 4327 2324 4382 nymo
2356 4322 2575 4365 anetore
2604 4312 2831 4365 exarati.
2858 4310 2955 4365 Hic
2983 4314 3178 4381 quippe
3208 4314 3261 4368 in
3287 4314 3540 4369 omnibus
3574 4314 3749 4370 ferme

2165 4406 2437 4460 codicibus
2459 4404 2921 4472 GregoriLnomen
2947 4406 3183 4474 praefert,
3208 4407 3350 4476 quod
3369 4424 3433 4462 ex
3462 4408 3749 4477 ipsissimis

2161 4496 2278 4567 ejus
2312 4498 2489 4551 verbis
2520 4507 2575 4549 ιιι
2608 4498 2897 4564 plurimum
2930 4506 3219 4554 contextus
3264 4502 3355 4552 sit.
3388 4498 3518 4566 Ejus
3561 4509 3748 4554 tamen

2159 4600 2429 4645 auctorem
2461 4588 2525 4643 ad
2558 4588 2874 4643 Theoderici
2901 4586 3144 4642 Galensis
3185 4588 3541 4659 principatum
3575 4596 3745 4659 perti-

2159 4684 2297 4751 gisse
2326 4682 2542 4735 onmiuo
2571 4690 2774 4733 certum
2803 4690 2884 4732 est
2911 4694 2976 4733 ex
3002 4694 3178 4733 rerum
3211 4681 3353 4735 serie
3381 4695 3515 4751 quas
3536 4690 3743 4738 narrat.

2162 4775 2329 4829 luimo
2345 4784 2396 4828 et
2422 4775 2472 4827 in
2494 4773 2676 4828 codice
2707 4773 2873 4827 sancti
2903 4771 3130 4841 Remigii
3155 4772 3492 4838 Rhemensis,
3521 4774 3747 4847 Anony-

2166 4865 2234 4917 tui
2286 4862 2590 4933 Dionysiaui
2638 4862 2773 4915 liber
2820 4861 2888 4915 de
2934 4859 3113 4915 Gestis
3166 4861 3451 4933 Dagoberti
3500 4862 3748 4933 Gregorii

2163 4956 2440 5021 operibus,
2486 4952 2755 5007 accenseri
2789 4953 3024 5008 videtur.
3056 4952 3133 5007 lbi
3162 4954 3360 5022 quippe
3387 4952 3548 5008 Gesta
3578 4953 3746 5008 Fran-

2162 5062 2367 5111 corum,
2395 5045 2637 5113 Gregorii
2669 5046 2803 5100 liber
2828 5046 3061 5113 primus;
3099 5049 3410 5117 Anonymus
3440 5061 3575 5101 vero
3615 5047 3751 5101 Dio-

2164 5138 2417 5207 nysianus
2445 5136 2757 5204 simpliciter
2796 5135 2931 5189 liber
2956 5134 3222 5189 secundus
3262 5136 3564 5202 appellatur
3593 5153 3606 5187 :
3636 5152 3749 5205 quo

2163 5231 2301 5285 forte
2344 5231 2557 5283 nomine
2599 5226 2906 5281 Ecchardus
2949 5239 3167 5288 comes,
3207 5225 3300 5293 qui
3344 5224 3746 5280 Patriciaceuso

2163 5322 2544 5375 ttionnsterium
2576 5319 2845 5385 condidit,
2871 5316 3124 5369 Chronica
3150 5331 3303 5384 quam
3332 5314 3616 5386 Gregorius
3637 5316 3740 5368 Tn-

2161 5415 2391 5470 ronensis
2420 5414 2533 5484 fecit
2562 5411 2719 5465 libros
2750 5411 2880 5464 duos
2906 5410 2957 5468 in
2992 5408 3340 5462 Testamento
3370 5422 3471 5463 suo
3499 5424 3743 5463 comme-

2164 5521 2335 5564 morat

2236 5600 2322 5652 83.
2365 5597 2478 5652 Non
2522 5594 2654 5649 adeo
2697 5593 2851 5647 facile
2902 5601 2984 5647 est
3029 5591 3305 5660 assignare
3353 5598 3601 5657 tempus,
3632 5604 3744 5659 quo

2164 5686 2452 5756 Gregorius
2498 5683 2733 5752 singulos
2770 5682 2932 5737 libros
2963 5697 2994 5736 a
3024 5696 3083 5736 se
3115 5681 3289 5736 editos
3321 5680 3738 5749 conscripserit,
