4024 6192
236 203 291 260 ϐῆ
1639 198 1799 257 ΡΒᾸΞ

1905 200 2030 256 ΠΟ.
3430 215 3501 268 70
3565 232 3585 265 .·

239 328 316 374 aut
335 326 458 373 certe
482 328 763 382 eipouere
788 314 887 384 qui
920 313 1121 383 priores
1148 323 1241 369 aut
1272 314 1601 383 posteriores
1632 314 1699 367 ab
1729 327 1794 365 eo
1827 312 1875 370 Α
1901 327 1968 365 aii
2016 311 2261 384 Giegorii
2314 315 2549 372 Historia
2607 330 2912 389 postremos
2953 321 3071 390 ejus
3117 322 3313 392 ingenii
3358 323 3500 380 fetus

241 408 349 463 editi
376 406 569 461 iuerint.
598 404 666 459 Et
691 405 949 475 quidem,
984 415 1039 459 ut
1071 406 1285 473 opinor,
1333 420 1438 458 non
1481 419 1642 458 unum
1676 412 1797 471 post

241 502 427 552 alterum
471 496 662 550 librum
711 498 1024 550 absolutum
1074 496 1385 551 describere
1418 494 1669 560 curabat,
1705 495 1798 548 sed

241 587 520 658 quandoque
554 588 863 656 interrupta
892 588 1046 641 unius
1075 587 1320 655 opusculi
1348 585 1646 654 scriptione
1670 631 1684 653 ,
1715 588 1798 638 al-

243 694 387 738 terum
424 692 513 737 aut
541 681 863 746 inchoabat,
890 691 983 735 aut
1012 680 1124 750 jam
1165 680 1473 735 inchoatum
1515 679 1799 733 continua-

241 776 339 839 bat;
368 776 521 828 immo
563 784 619 830 et
657 775 969 829 absolutum
994 816 1010 840 ,
1050 773 1126 829 uti
1160 775 1367 829 censeri
1394 782 1635 843 poterat,
1677 775 1800 827 data

240 867 647 933 opportunitate,
695 867 856 920 novis
899 864 1133 934 augebat
1184 864 1588 920 additamentis.
1640 864 1801 919 Certe

241 974 340 1012 cum
364 974 574 1012 suorum
620 958 881 1012 librorum
917 958 1204 1025 plerosque
1251 956 1401 1026 juxta
1449 957 1653 1011 classes
1692 970 1799 1010 non

241 1060 535 1116 temporum,
552 1051 644 1104 sed
667 1050 1010 1103 materiarum
1024 1048 1272 1102 distribui
1291 1047 1537 1112 voluerit,
1553 1063 1671 1101 cum
1697 1048 1803 1116 pri-

242 1156 363 1193 iiium
393 1140 587 1209 aliquid
626 1148 719 1194 aut
754 1140 806 1193 in
840 1139 1011 1195 veteri
1043 1140 1296 1209 qquiam
1324 1139 1687 1193 instrumento
1718 1153 1803 1191 re-

243 1232 477 1299 periebat,
509 1242 601 1287 aut
629 1233 698 1286 ab
726 1232 845 1287 aliis
889 1233 1119 1286 relatum
1169 1232 1502 1300 accipiebat,
1534 1239 1628 1284 aut
1656 1241 1802 1285 certe

241 1325 439 1389 ipsemet
465 1324 573 1377 suis
604 1324 965 1393 perspiciebat
985 1323 1179 1387 oculis,
1205 1322 1333 1377 illud
1355 1324 1533 1376 statim
1559 1337 1657 1377 suo
1687 1323 1802 1376 loco

240 1429 329 1467 uoti
370 1416 640 1469 omittebat
687 1416 999 1470 describere
1028 1416 1079 1467 iii
1128 1415 1310 1481 libris,
1346 1431 1482 1484 quos
1525 1415 1592 1468 de
1638 1414 1801 1468 simili

240 1515 547 1575 argumento,
570 1516 660 1559 aut
686 1506 797 1575 jam
827 1506 1140 1572 scripserat,
1164 1516 1257 1558 aut
1286 1506 1525 1560 scribere
1558 1505 1798 1574 parabat.

243 1600 353 1654 ll.ec
400 1602 726 1669 potissimum
770 1602 838 1655 de
885 1601 1039 1654 libris
1073 1601 1455 1655 Miraculorum
1502 1610 1647 1654 certa
1679 1614 1803 1653 esse

1904 408 2110 460 censeri
2155 408 2367 465 debeat.
2400 412 2497 476 Qui
2542 429 2658 467 eam
2708 424 2833 468 ante
2865 416 3246 471 Miraculoriiiii
3294 418 3499 487 libros,

1904 498 2094 552 saltem
2126 500 2451 569 recognitos,
2482 504 2737 572 scriptam
2763 506 2930 560 luisse
2953 508 3160 574 volunt,
3189 507 3289 563 huc
3320 511 3501 578 profe-

1905 600 2026 643 runt
2058 591 2232 659 ipsum
2259 592 2509 646 llistoriie
2539 603 2761 651 texium.
2795 596 2885 664 qui
2918 613 3023 649 non
3050 598 3153 651 nisi
3181 598 3247 652 ad
3276 600 3341 653 16
3357 601 3497 655 Chilo

1904 682 2111 736 debcrti
2143 682 2406 749 Junioris,
2435 685 2486 738 id
2519 686 2826 740 estCliristi
2858 685 2954 743 59l
2989 704 3190 743 aniiuin
3237 690 3493 758 perduci-

1905 781 2027 827 tur:
2060 789 2181 828 cum
2224 776 2530 829 econtrario
2558 778 2812 833 nonnulla
2858 779 2911 833 in
2948 781 3072 834 aliis
3114 782 3495 850 scriptionibus

1905 875 2236 932 narrentur,
2297 884 2416 938 quin
2464 869 2692 924 triennio
2740 881 2886 940 post,
2937 873 2989 927 id
3021 882 3105 928 est
3137 873 3202 929 19
3249 874 3492 943 ejusdem

1905 955 2236 1011 Cliildeberti
2286 960 2427 1025 regis
2474 975 2645 1028 anno,
2693 961 2858 1015 immo
2906 971 2961 1017 et
3015 975 3135 1032 post
3175 964 3494 1021 Guntranini

1904 1048 2133 1113 obitum,
2161 1050 2458 1118 contigere.
2507 1049 2706 1105 Verum
2750 1053 2851 1107 etsi
2892 1054 3135 1121 Gregorii
3178 1055 3410 1111 Historia
3442 1059 3494 1112 iii

1905 1153 2046 1192 anno
2070 1138 2399 1195 Cliildeherti
2428 1140 2495 1196 16
2519 1141 2761 1209 desinat,
2798 1143 2935 1198 liaud
2972 1155 3149 1200 tamen
3180 1146 3304 1201 inde
3337 1150 3493 1202 evin-

1879 1231 2047 1291 citur
2072 1247 2188 1284 eaui
2218 1232 2318 1286 hoc
2349 1234 2466 1301 ipso
2496 1250 2636 1290 anno
2664 1247 2940 1290 exaratam
2975 1236 3141 1293 luisse
3167 1255 3180 1293 :
3213 1253 3332 1293 cum
3379 1240 3496 1295 [ἱειί

1908 1320 2172 1388 potuerit,
2208 1330 2265 1375 iit
2296 1322 2421 1377 huic
2449 1324 2603 1392 operi
2630 1341 2773 1380 anno
2802 1326 2923 1381 vita!
2964 1343 3077 1383 sua:
3118 1329 3308 1385 ultimo
3348 1331 3497 1385 insu-

1907 1414 2077 1478 dans,
2112 1428 2423 1481 supremum
2470 1418 2610 1470 diem
2655 1417 2880 1484 obierit,
2929 1420 3238 1489 priusquam
3292 1436 3492 1476 annum

1907 1514 2213 1560 currentem
2237 1507 2524 1576 attigisset.
2553 1506 2713 1563 Certe
2742 1508 2791 1562 in
2817 1509 3064 1565 Historiae
3086 1511 3316 1581 epilogo,
3335 1529 3494 1583 quem

1910 1594 2050 1652 forte
2077 1599 2266 1652 morbo
2293 1608 2599 1655 coarctatiis
2624 1600 2862 1669 scripsit,
2889 1613 3087 1656 czetera
3116 1604 3295 1657 omnia
3326 1618 3491 1672 opera

244 1694 316 1744 vix
346 1693 609 1761 quisquam
643 1694 871 1747 inliciari
903 1701 1112 1760 potest,
1146 1708 1452 1762 quanquam
1484 1703 1537 1746 et
1561 1694 1797 1761 aliquem
1838 1690 1877 1748 Β
1908 1703 2001 1741 sua
2050 1698 2326 1755 recenset;
2374 1690 2426 1743 in
2467 1689 2590 1743 aliis
2623 1705 2751 1745 vero
2793 1692 2943 1747 libris
2986 1707 3148 1762 opera
3193 1707 3223 1747 a
3260 1709 3322 1749 se
3351 1695 3493 1750 editi

242 1784 363 1836 inter
402 1786 541 1853 ipsos
576 1786 824 1840 ordinem
868 1785 1077 1839 servari
1126 1800 1283 1864 po'sse
1334 1801 1439 1839 non
1487 1785 1799 1840 difﬁtemur.

240 1875 520 1944 Colligiinus
546 1880 745 1949 quippe
774 1878 912 1933 duos
935 1879 1144 1947 priores
1170 1879 1238 1933 de
1267 1880 1436 1932 sancti
1468 1878 1675 1934 Martini
1702 1880 1802 1932 mi-

238 1970 412 2024 raculis
438 1972 635 2035 libros,
665 1981 794 2025 ante
824 1980 1058 2026 czrterus
1092 1986 1119 2024 a
1161 1968 1424 2039 Gregorio
1465 1970 1802 2038 cuiiscriptos

237 2060 407 2128 fuisse,
436 2065 569 2131 quod
603 2063 653 2115 iii
690 2062 823 2132 ipsis
849 2063 941 2117 alii
969 2064 1346 2117 .‘iliraeuloraiii
1382 2063 1505 2117 libri
1540 2079 1646 2116 non
1683 2064 1802 2117 lau-

235 2154 429 2207 dentur.
456 2156 608 2209 Liher
634 2156 702 2211 de
738 2157 853 2210 Vita
886 2158 1103 2210 Patrum
1137 2165 1319 2225 postea
1352 2158 1419 2209 ab
1451 2173 1519 2210 eo
1554 2156 1801 2211 conscri-

238 2260 373 2312 plus,
399 2264 490 2303 seu
520 2252 696 2318 potius
728 2251 1014 2304 inclinatus
1045 2249 1210 2303 fuisse
1247 2250 1477 2313 videii-r,
1516 2250 1615 2303 sub
1647 2250 1800 2305 titulo

235 2342 293 2395 de
316 2346 643 2411 quorumdam
674 2344 1080 2408 Feliciosorum,
1113 2358 1240 2409 seu,
1268 2342 1428 2396 utalii
1460 2342 1675 2397 codices
1709 2346 1802 2396 lia-

236 2436 372 2500 lient,
423 2437 794 2511 Religiosornm
846 2437 987 2492 l'ita.
1036 2424 1229 2491 Primo
1264 2437 1406 2490 enim
1460 2435 1799 2504 paucioribus

232 2530 486 2584 constabat
514 2530 800 2600 capitibus,
837 2529 934 2583 sed
961 2529 1174 2583 tandem
1201 2544 1373 2598 usque
1397 2528 1463 2582 ad
1492 2528 1679 2596 viginti
1705 2542 1794 2581 ca-

235 2621 321 2687 pita
350 2639 441 2676 seu
472 2624 619 2679 Vitas
646 2625 907 2688 accrevit,
939 2637 1073 2691 quas
1105 2623 1375 2692 hodieque
1395 2623 1793 2692 complectitur.

233 2712 347 2766 'l‘uiii
381 2716 571 2769 librum
600 2715 669 2768 de
700 2713 882 2770 Gloria
913 2716 1202 2787 Martyrum
1238 2731 1526 2786 aggressus
1561 2724 1647 2771 est
1667 2760 1681 2784 ,
1710 2717 1796 2770 cui

231 2806 401 2863 librum
432 2810 499 2865 de
534 2811 834 2864 Virtutibus
874 2812 1044 2863 sancti
1086 2809 1318 2875 Juliani,
1354 2826 1513 2877 quem
1556 2811 1795 2863 nonnulli

228 2902 496 2955 secundum
520 2901 589 2955 de
617 2900 798 2955 Gloria
824 2903 1113 2973 Martyrum
1138 2913 1470 2971 nuncupant,
1498 2902 1793 2971 subjuusii,

231 2992 293 3043 uti
320 3008 377 3046 ex
401 2991 518 3062 ejus
553 2993 777 3062 prologo
804 2991 1093 3057 discimus,
1122 2993 1174 3046 in
1206 3008 1313 3060 quo
1346 2992 1544 3045 librum
1592 3006 1797 3061 praece—

1908 1796 2266 1847 eiiumeraiis,
2294 1782 2583 1836 Historiam
2623 1798 2730 1836 non
2760 1782 2962 1837 laudat.
2995 1783 3134 1851 Quin
3163 1795 3218 1841 et
3254 1785 3486 1841 Miracu-

1905 1870 2078 1927 lorum
2111 1874 2276 1928 libros
2304 1888 2368 1928 ac
2392 1872 2541 1927 Vitas
2573 1883 2881 1929 sanctorum
2918 1889 2946 1927 a
2978 1889 3040 1929 se
3084 1876 3259 1930 editas
3289 1876 3487 1945 passim

1906 1965 1957 2018 in
1992 1964 2224 2020 Historia
2254 1966 2429 2019 laudat
2459 1980 2475 2018 :
2507 1973 2561 2018 at
2592 1980 2854 2034 nusquam
2902 1964 3149 2020 Historiae
3183 1969 3233 2021 iii
3267 1968 3480 2023 caeteris

1904 2058 2054 2112 libris
2079 2058 2390 2113 meminisse
2420 2058 2632 2127 legitur.
2650 2058 2800 2126 Quod
2825 2075 2955 2115 sane
2980 2073 3355 2129 argumentum
3383 2072 3487 2128 est,

1904 2154 1976 2203 uti
2010 2151 2135 2204 milii
2164 2150 2395 2212 videtur,
2430 2151 2828 2205 validissimum
2853 2193 2866 2213 ,
2896 2162 3125 2205 caeteros
3152 2151 3319 2207 libros
3358 2163 3485 2209 ante

1904 2240 2189 2294 Historiam
2220 2254 2249 2292 a
2281 2237 2538 2307 Gregorio
2560 2248 2809 2293 exaratos
2835 2240 3019 2295 fuisse.
3050 2238 3204 2310 Necj
3231 2250 3336 2294 ivat
3365 2255 3471 2310 op-

1902 2345 2102 2400 ponere
2134 2340 2291 2395 caput
2329 2330 2398 2385 50
2435 2330 2561 2384 libri
2602 2331 2671 2385 de
2713 2328 2894 2385 Gloria
2938 2330 3320 2387 Confessorum
3346 2373 3363 2399 ,
3393 2334 3484 2389 ubi

1902 2421 2192 2491 Gregorius
2220 2419 2584 2476 Sireinoniuin
2617 2421 2862 2489 laudans,
2892 2436 3017 2476 eum
3048 2425 3125 2477 ait
3163 2439 3196 2476 a
3237 2423 3484 2480 Romanis

1901 2514 2151 2583 episcopis
2180 2530 2296 2567 cum
2328 2512 2546 2567 Gatiano
2577 2523 2624 2566 et
2662 2514 2873 2583 reliquis
2899 2530 3026 2584 quos
3057 2517 3444 2571 memoravimus
3464 2558 3481 2584 ,

1901 2604 1953 2655 iii
1979 2602 2182 2658 Gallias
2218 2605 2470 2658 directum
2519 2605 2704 2659 fuisse.
2742 2605 2956 2660 Etenim
3004 2606 3164 2674 paulo
3198 2611 3480 2677 superius,

1901 2694 2105 2748 scilicet
2145 2695 2322 2762 capite
2351 2695 2416 2747 ‘27
2454 2695 2520 2749 de
2557 2694 2797 2749 Martiale
2843 2696 3095 2766 episcopo
3136 2696 3480 2755 Lemovicum

1901 2787 2027 2855 egit,
2053 2802 2209 2855 quem
2239 2803 2270 2839 a
2305 2787 2551 2840 Roma-is
2592 2787 2811 2841 missum
2854 2800 3138 2845 iiieinoiat.
3166 2789 3481 2861 Diooysiuin

1902 2894 2027 2933 vero
2061 2879 2416 2934 Parisien-eiu
2458 2890 2511 2933 et
2559 2879 2908 2935 Saturninum
2934 2880 3045 2949 jam
3079 2882 3389 2938 laudaverat
3428 2884 3482 2939 iii

1899 2971 2035 3025 libro
2064 2988 2077 3026 i
2111 2975 2171 3025 de
2204 2972 2380 3025 Gloria
2409 2971 2719 3042 Martyrum.
2758 2973 2922 3028 Porro
2951 2975 3234 3030 lliStoriain
3267 2992 3372 3032 non
3399 2994 3483 3033 se~

231 3080 415 3137 deum",
452 3083 638 3136 lauda,
660 3124 673 3136 ι
713 3082 789 3135 ιυί
824 3098 1040 3152 qunque
1072 3092 1407 3136 mammam.
1439 3082 1579 3135 “be,
1604 3098 1798 3137 sec"..-
1823 3065 1870 3127 C
1902 3065 2005 3118 mel
2037 3075 2087 3118 et
2110 3064 2266 3117 simul
2295 3082 2322 3117 a
2354 3064 2614 3132 Gregorio
2642 3066 2839 3119 editam
2873 3064 3040 3121 fuisse
3071 3067 3217 3122 multi
3242 3082 3483 3135 censent,

229 3174 311 3226 diis
329 3176 391 3230 de
410 3178 584 3231 saueii
609 3176 655 3231 Μ
678 3176 824 3230 iriini
856 3176 1160 3230 vii-iutilius.
1190 3176 1307 3243 Quo
1333 3185 1575 3244 tempore
1599 3175 1796 3229 librum

230 3264 286 3316 de
309 3263 475 3320 Gloria
502 3265 891 3320 CUllfc'aSOl'lllll
923 3266 1259 3322 inchoaverit
1281 3309 1298 3333 ,
1328 3267 1570 3322 divinare
1592 3283 1698 3321 non
1734 3267 1799 3321 li-

228 3364 321 3407 cet:
338 3367 387 3408 at
402 3372 547 3409 anno
569 3358 759 3410 saltem
782 3358 816 3411 5
836 3359 909 3419 38,
934 3356 1001 3410 ad
1022 3369 1183 3427 caput
1201 3375 1368 3428 usque
1388 3357 1456 3412 95
1472 3367 1797 3427 protractum

229 3444 370 3500 iitiSse
405 3447 709 3516 coliigimiis
760 3465 823 3500 ex
871 3467 938 3500 eo
986 3449 1127 3515 quod
1159 3449 1229 3503 ibi
1260 3449 1662 3517 Gliarimerem,
1706 3452 1797 3519 qui

227 3551 357 3599 nunc,
382 3541 579 3609 inquit,
604 3540 916 3593 Ghiideberti'
939 3539 1150 3594 habetur
1172 3540 1569 3610 referendarius,
1595 3539 1794 3594 laudet.

228 3629 361 3683 Anno
394 3634 597 3688 etenim
646 3630 985 3687 Cbildeberti
1038 3632 1137 3699 15,
1171 3634 1219 3688 id
1265 3645 1377 3701 est,
1412 3635 1613 3689 Christi
1659 3635 1795 3702 588,

225 3721 551 3782 Cliariiucres
589 3727 810 3796 Agirico
836 3725 1165 3781 Virdunensi
1203 3727 1489 3796 episcopo,
1519 3728 1637 3797 ipso
1667 3726 1801 3782 Gre-

225 3816 356 3882 goria
376 3826 674 3873 attestatite
698 3818 791 3872 lib.
819 3833 872 3873 tit
899 3818 1172 3883 HlSiOl‘iiB,
1195 3821 1370 3887 Capite
1392 3818 1487 3884 25,
1514 3824 1796 3873 successit.

225 3906 400 3963 Eodem
431 3910 666 3965 fortasse
690 3919 932 3978 tempore
961 3907 1232 3962 scribebat
1266 3910 1464 3963 librum
1492 3911 1708 3962 tertium
1732 3912 1800 3964 de

224 4002 373 4054 sancti
401 4002 622 4057 Martini
652 4002 944 4067 Miraculis,
972 4003 1023 4055 in
1062 4001 1215 4070 cujus
1246 4004 1422 4070 capite
1452 4001 1520 4056 24
1548 4002 1797 4066 Aredius,

221 4092 299 4156 qui
338 4107 397 4145 ex
446 4093 574 4162 ipso
610 4090 877 4161 Gregorio
917 4091 1053 4145 libro
1080 4107 1109 4143 χ
1142 4091 1417 4153 Historias,
1470 4092 1648 4155 capite
1692 4091 1793 4156 9.9,

220 4195 345 4233 anno
378 4184 435 4235 16
467 4183 809 4238 Cliildeberti
841 4185 1017 4251 regis,
1048 4181 1098 4236 id
1130 4193 1213 4235 est
1248 4196 1391 4234 anno
1430 4181 1627 4234 Gliristi
1654 4178 1753 4234 5M
1782 4221 1797 4245 ,

221 4274 371 4339 abiit,
399 4277 586 4329 adhuc
627 4275 820 4328 \liVCIIS
858 4273 1132 4327 laudatur.
1161 4273 1426 4339 Quartum
1469 4271 1701 4340 denique
1732 4273 1795 4325 l'i-

219 4362 353 4415 brum
374 4365 443 4421 de
474 4365 731 4437 ejusdem
778 4365 951 4418 sancti
997 4364 1267 4418 Miraculis
1304 4372 1432 4418 ante
1461 4378 1658 4417 annum
1690 4363 1797 4418 ΒΑ

1904 3158 2270 3211 existimantes
2300 3156 2528 3225 primum
2554 3159 2620 3209 ab
2651 3172 2715 3210 eo
2739 3157 2902 3212 libros
2927 3174 3018 3211 sex
3044 3161 3272 3228 scriptos
3302 3159 3467 3215 fuisse

1903 3251 2107 3305 scilicet
2150 3250 2217 3302 ad
2261 3262 2488 3303 mortem
2543 3264 2710 3317 usque
2745 3249 3034 3319 Cliilperici
3084 3252 3260 3321 regis,
3292 3251 3484 3322 quibus

1904 3341 2241 3411 postmodum
2273 3341 2409 3395 alios
2435 3349 2665 3410 quatuor
2695 3341 2980 3406 addiderit,
3002 3343 3185 3412 plures
3214 3345 3480 3408 editurus,

1902 3435 1945 3487 si
1978 3433 2027 3487 ei
2058 3438 2159 3487 vita
2187 3432 2495 3487 diuturnior
2522 3448 2551 3486 a
2583 3433 2694 3487 Deo
2723 3447 2978 3488 concessa
3021 3434 3232 3489 fuisset.
3270 3434 3326 3489 ld
3356 3450 3488 3492 sano

1904 3526 2130 3594 ipsemet
2162 3525 2453 3595 Gregorius
2487 3525 2764 3581 insinuare
2798 3527 3006 3581 videtur
3034 3528 3084 3582 iii
3120 3528 3241 3583 libii
3276 3530 3487 3599 septimi

1870 3632 1873 3633 ν
1904 3622 2144 3688 pro'ogo,
2178 3618 2263 3672 ubi
2294 3618 2465 3672 innuit
2497 3619 2733 3672 animum
2763 3619 2865 3673 sibi
2897 3635 3018 3676 esse
3044 3621 3332 3677 Historiam
3361 3638 3487 3677 con-

1904 3710 2182 3774 tinuandi,
2230 3726 2388 3777 quam
2438 3711 2491 3764 in
2543 3711 2811 3779 prioribus
2852 3711 3004 3768 libris
3051 3730 3081 3767 a
3125 3730 3185 3770 se
3233 3715 3394 3771 editis
3420 3718 3487 3775 ad

1901 3803 2187 3870 Gtiilperici
2221 3803 2496 3858 interitum
2529 3803 2863 3872 perductam,
2898 3806 3179 3875 reliquisse
3204 3806 3486 3864 videbatur

1902 3898 2291 3964 imperii-ctuti.
2314 3894 2380 3948 Et
2399 3896 2612 3964 quidem
2633 3894 2982 3965 Fredegarius
3004 3914 3106 3953 noii
3124 3898 3303 3967 plures
3324 3916 3487 3971 quam

1906 4004 1999 4041 sex
2027 3989 2146 4041 illos
2175 3990 2381 4055 priores
2428 3985 2596 4039 libros
2626 3994 2980 4054 cognmerat,
3007 3988 3097 4056 qui
3124 3988 3448 4046 Chronicuin
3471 4035 3487 4056 ,

1906 4092 2011 4148 quo
2039 4076 2279 4143 Gregorii
2306 4075 2591 4128 llzstoriani
2626 4074 2941 4128 continuare
2971 4086 3253 4142 statuerat,
3285 4096 3315 4134 a
3338 4083 3491 4136 Ghil~

1905 4171 2069 4239 periei
2093 4180 2267 4222 morte
2291 4168 2580 4221 inchoavit.
2605 4168 2709 4221 Nec
2734 4166 2916 4233 plures
2947 4168 3130 4223 habuit
3151 4175 3488 4243 Anonymus,

1902 4265 1991 4333 qui
2033 4262 2243 4331 scripsit
2286 4259 2445 4316 Gesta
2481 4260 2827 4313 Franciiruin.
2860 4259 3014 4316 Unde
3058 4268 3303 4331 quamvis
3333 4280 3486 4324 suam

1905 4353 2267 4407 narrationem
2326 4354 2391 4406 ad
2446 4350 2766 4406 Theoderici
2817 4351 3060 4407 Calensis
3126 4342 3489 4428 principatum

222 4468 311 4507 imo
340 4456 505 4514 fuisse
534 4458 849 4511 absidiitiiin
876 4466 1024 4526 patet
1053 4472 1113 4510 ex
1139 4454 1256 4525 ejus
1276 4456 1450 4523 capite
1475 4454 1683 4523 quinto,
1711 4456 1796 4508 ubi

1908 4445 2238 4513 perduxerit,
2264 4456 2475 4498 narrata
2508 4454 2685 4499 tamen
2713 4444 3002 4514 Chilperiei
3025 4448 3195 4513 caede,
3224 4467 3329 4521 qua
3363 4470 3491 4509 sex-

228 4561 455 4603 uarraiur
501 4549 870 4612 miraculum,
917 4546 1057 4617 quod
1103 4548 1203 4600 hoc
1242 4547 1357 4615 ipso
1388 4561 1562 4612 anno,
1608 4561 1799 4616 nempe

223 4637 534 4695 tlhiideberti
564 4640 714 4710 regis
746 4639 812 4694 I9
838 4640 1082 4707 contigit.
1115 4638 1243 4692 Post
1275 4636 1375 4691 hos
1400 4646 1581 4692 autem
1610 4653 1799 4691 omnes

221 4730 367 4787 libros
396 4735 723 4803 recognovit
754 4733 948 4785 librum
980 4732 1047 4785 de
1073 4731 1254 4785 Gloria
1298 4731 1681 4787 Confessoruin
1703 4773 1716 4793 ,
1747 4732 1797 4784 in

220 4820 351 4890 cujus
380 4828 605 4896 prologo
648 4838 881 4878 caneros
925 4821 995 4876 de
1045 4823 1320 4876 miraculis
1362 4823 1650 4892 inscriptos
1682 4823 1799 4876 lau-

221 4915 315 4967 dat.
341 4915 485 4971 \‘iias
507 4932 645 4972 vero
675 4916 879 4982 aliquot
906 4923 1217 4966 sanctorum
1246 4927 1379 4981 quas
1407 4912 1634 4967 seorsim
1672 4927 1712 4965 s.
1731 4914 1821 4981 ri-.

223 5017 408 5072 pserat,
440 5026 549 5063 non
595 5007 701 5061 nisi
744 5005 1008 5060 extremis
1051 5005 1171 5056 vita:
1199 5018 1311 5057 suae
1353 5005 1511 5057 annis
1563 5006 1703 5058 libro
1735 5006 1803 5057 de

227 5098 341 5151 Vitis
370 5101 765 5156 Feliciosorum
792 5096 1109 5164 adjunsisse
1135 5096 1460 5165 eolligmus,
1496 5096 1639 5164 quod
1671 5093 1801 5148 istas

227 5201 398 5253 passm
426 5193 528 5245 sub
558 5189 871 5245 libellorum
897 5185 1211 5254 specialiuin
1252 5186 1421 5240 titulis
1459 5184 1680 5239 laudare
1710 5201 1798 5237 so-

226 5280 331 5333 ti-ai.
358 5284 461 5339 Sed
487 5283 713 5338 tandem
741 5294 935 5334 omnes
957 5276 1059 5332 sub
1081 5279 1236 5334 unico
1267 5278 1396 5334 Vita:
1416 5288 1621 5347 patrum
1647 5279 1799 5331 titulo

225 5376 634 5443 euinprelieiidit,
665 5374 848 5428 addito
877 5373 1124 5444 prologo,
1160 5372 1249 5441 qui
1278 5370 1545 5439 hodieque
1578 5370 1702 5423 liiiic
1732 5372 1801 5423 li-

229 5466 309 5519 lzro
338 5473 587 5537 pralixus
622 5469 837 5538 legitur,
868 5468 922 5522 in
954 5483 1062 5537 quo
1092 5468 1229 5522 liber
1260 5468 1329 5520 de
1363 5465 1547 5521 Gloria
1568 5462 1644 5519 Co
1659 5465 1804 5518 nfes-

229 5571 250 5610 Ι
268 5576 383 5615 ιτυιιι
413 5572 770 5616 ιιιειηοτξὶωτ.

289 5683 367 5730 isi.
390 5678 476 5733 Lis
508 5677 612 5731 luit
649 5674 784 5733 inter
813 5684 1063 5733 auctores
1093 5674 1386 5732 nonnullos
1422 5672 1576 5736 huius
1599 5672 1803 5736 smculi.

1906 4548 1993 4593 ius
2042 4539 2286 4607 Gregorii
2337 4537 2474 4592 liber
2516 4538 2717 4599 linitur,
2766 4538 2986 4595 omissis
3026 4543 3242 4597 i'zeieris
3283 4560 3406 4614 quae
3435 4547 3489 4601 in

1906 4642 2135 4701 quatuor
2176 4628 2517 4698 Gregoriaiiie
2549 4629 2798 4683 Historiis
2838 4633 3190 4698 sequentibus
3222 4634 3374 4690 libris
3418 4637 3491 4692 le-

1906 4736 2123 4791 guntur,
2158 4722 2355 4774 bellum
2403 4720 2541 4773 inter
2580 4720 2984 4775 Gliildebertum
3029 4731 3084 4775 et
3113 4724 3443 4781 Cililllal‘ium
3474 4770 3490 4793 ,

1911 4823 2190 4883 utrumque
2208 4811 2290 4865 sui
2314 4813 2543 4865 nominis
2566 4814 2885 4878 secundum,
2906 4814 3184 4876 describit,
3208 4818 3344 4883 quod
3371 4826 3491 4886 post

1911 4906 2226 4961 Guiitraiiini
2259 4904 2398 4975 regis
2431 4915 2659 4958 mortem
2684 4946 2699 4970 ,
2734 4904 3045 4974 linitamque
3083 4904 3324 4975 Gregorii
3355 4909 3491 4963 inte-

1910 5012 2057 5065 grain
2101 4994 2389 5048 llistOi-iain
2429 5001 2639 5062 gestum
2672 5008 2794 5047 esse
2822 5002 3055 5047 Constat.
3089 4992 3223 5048 Hinc
3265 4995 3317 5049 in
3360 5013 3492 5053 nun-

1912 5089 2072 5143 nullis
2101 5088 2375 5142 codicibus
2418 5086 2664 5154 scriptis,
2715 5086 2879 5139 etiam
2928 5088 3344 5157 vetustioribus,
3391 5108 3489 5149 sex

1908 5180 2243 5235 solummodo
2301 5178 2567 5231 habentur
2621 5177 2964 5247 Gregoriana:
3031 5176 3281 5233 lliswria:
3339 5182 3487 5238 libri.

1911 5276 2225 5344 Quanquam
2266 5270 2613 5339 Corbeieiisis
2660 5279 2717 5322 et
2765 5269 3194 5333 Bellovacensis,
3247 5276 3336 5342 qui
3388 5293 3492 5329 non

1912 5368 2078 5422 multo
2124 5372 2240 5434 post
2279 5362 2522 5431 Gregorii
2563 5361 2769 5414 obitum
2816 5363 3001 5430 scripti
3048 5364 3317 5433 videntur,
3370 5369 3493 5423 libri

1907 5459 2118 5529 septimi
2151 5459 2507 5526 fragmentum
2536 5454 2850 5509 exhibeant.

1981 5572 2069 5626 8.3.
2114 5571 2287 5626 Pauca
2318 5575 2607 5621 occurrunt
2633 5567 2700 5620 ile
2730 5566 2978 5635 Gregorii
3022 5567 3279 5622 libroruin
3322 5567 3493 5621 titulis

1912 5664 2263 5723 observiinda.
2299 5660 2650 5717 Historiarum
2679 5659 2799 5714 libri
2830 5659 2884 5713 in
2911 5658 3276 5713 vetustissimo
3307 5671 3495 5712 mona-
