4024 6192
525 188 584 243 τι
1928 170 2308 231 ΡΒᾸΞῩᾹἹΊΟ.
3716 156 3787 212 72

515 314 667 357 stcrn
692 294 1035 354 Corbeiensis
1070 294 1253 351 codice
1281 289 1514 348 Historia
1543 291 1885 347 ecclesiastica
1918 290 2091 346 Fran-
2117 294 2165 350 Α
2193 288 2316 340 dum
2366 292 2445 338 est
2500 276 2880 346 investigandis
2929 274 3170 337 Gregorii
3215 272 3387 327 nostri
3442 270 3785 340 nominibus,

520 408 697 449 eorum
741 390 1121 445 inscribuntur.
1170 387 1338 454 Quem
1389 384 1621 448 titulum,
1654 393 1839 454 utpote
1878 397 2091 450 germa-

524 498 675 547 num,
706 491 760 537 et
794 480 954 535 rebus
987 480 1036 531 in
1070 477 1173 530 illis
1198 475 1466 529 contentis
1505 476 1747 543 apprime
1770 472 2090 528 c0nvenien-

522 585 653 633 tem,
678 568 774 625 viri
819 568 1013 623 eruditi
1055 566 1270 622 caeteris
1299 564 1686 634 prtelerendum
1729 573 2089 618 censuerunt:

521 680 675 734 quem
710 663 826 717 ideo
858 663 909 713 in
942 658 1042 712 hac
1064 660 1258 715 fnestra
1288 656 1527 711 editione
1567 656 1928 709 adhibuimus.
1970 652 2090 707 Ple-

522 758 673 826 rique
701 755 785 807 alii
815 750 1028 806 codices
1069 749 1251 817 scripti
1280 762 1401 801 eum
1431 745 1589 799 editis
1632 744 1949 811 simpliciter
1993 742 2094 795 Ili-

520 848 727 901 storiam
758 841 1078 895 Francorum
1113 839 1414 907 appellant;
1464 836 1705 891 nonnulii
1753 834 1879 887 item
1911 832 2096 899 scripti

522 936 675 989 Gesta
708 932 1048 987 Francorum.
1082 930 1432 999 Frequentius
1466 942 1595 980 vero
1641 924 1782 992 apud
1832 923 2096 993 sequioris

522 1026 693 1079 rotatis
724 1035 968 1078 auctores
1013 1020 1113 1075 sub
1154 1018 1417 1072 Chronica:
1458 1026 1549 1071 aut
1594 1015 1834 1070 Chronici
1880 1017 2096 1070 nomine

521 1116 824 1175 laudantur,
858 1121 911 1165 ut
933 1111 1042 1177 jam
1066 1125 1095 1161 a
1126 1108 1281 1162 nobis
1302 1107 1643 1163 observatum
1670 1116 1769 1159 est.
1801 1105 2096 1173 Sequentes

524 1206 726 1263 septem
756 1193 919 1246 libros
958 1189 1227 1244 communi
1257 1186 1514 1241 vocabulo
1537 1186 1691 1239 libros
1714 1196 1901 1255 septem
1931 1184 2096 1246 Mira-

522 1290 752 1340 culorum
798 1285 1031 1355 appellat
1061 1283 1263 1352 Gregor
1288 1296 1348 1335 us
1397 1281 1510 1350 ipse
1562 1281 1613 1333 in
1662 1280 1767 1334 line
1814 1279 2094 1339 llistorite,

522 1381 713 1446 quibus
742 1388 795 1432 et
822 1376 1063 1431 nonnulli
1088 1375 1232 1427 Vitas
1248 1374 1460 1427 Patrum
1475 1372 1773 1442 adjungunt
1797 1371 1897 1424 sub
1918 1368 2097 1424 octavi

521 1472 888 1526 .llrracnlorum
915 1468 1036 1522 libri
1062 1466 1296 1521 nomine.
1327 1469 1393 1518 At
1422 1465 1562 1519 hune
1590 1464 1690 1517 sub
1716 1462 1936 1532 speciali
1968 1462 2097 1515 Vita:

523 1562 740 1615 Patrum
786 1562 939 1616 t.tnlo
979 1574 1008 1613 a
1051 1557 1259 1614 caeteris
1308 1555 1586 1625 distinguit
1636 1553 1929 1622 Gregorius
1978 1554 2095 1605 loco

2194 393 2351 448 quem
2382 390 2411 427 a
2436 384 2585 443 patre
2614 368 2963 434 Florentium,
2995 368 3063 420 ab
3090 381 3191 420 avo
3235 365 3522 434 Georgium
3572 377 3785 432 cogno-

2196 468 2452 522 minatum
2486 464 2651 517 luisse
2678 468 2907 515 constat.
2939 458 3253 524 Quanquam
3278 470 3344 509 ex
3370 453 3785 507 amanuensium

2194 558 2325 611 vitio
2353 568 2731 623 nonnunqutm
2756 551 2914 620 paulo
2934 548 3087 603 aliter
3118 548 3232 602 hate
3260 545 3476 601 nomina
3500 544 3553 599 in
3578 544 3787 599 codici-

2194 651 2294 705 bus
2321 649 2521 718 scripta
2543 646 2902 699 inveniuntur.

2269 740 2353 793 Ill.
2374 768 2444 780 —
2465 735 2553 793 86.
2585 735 2806 790 Carolus
2834 731 3076 788 Cointius
3107 726 3539 801 cntigregationis
3582 726 3787 780 Orato-

2197 831 2264 885 rii
2292 828 2550 884 Gallicani
2596 826 2897 896 presbyter,
2928 825 3008 875 vir
3033 801 3229 889 pietate
3264 829 3318 873 et
3345 817 3656 872 eruditione
3687 830 3783 869 ce-

2200 920 2383 983 lebris,
2403 917 2632 973 Annales
2656 913 3059 969 Ecelesiaslicos
3090 910 3415 963 Franeorum
3445 905 3555 976 jam
3590 905 3660 956 ab
3686 903 3785 955 ali-

2203 1022 2335 1080 quot
2363 1009 2518 1063 anuis
2549 1007 2835 1077 evulgavit,
2876 1006 2927 1057 in
2958 1017 3180 1073 quorum
3212 1000 3381 1069 primo
3412 1007 3464 1051 et
3488 997 3669 1050 altero
3693 1009 3787 1046 vo-

2204 1104 2403 1159 lumine
2432 1102 2503 1157 ita
2533 1098 2776 1169 Gregorii
2807 1096 2973 1150 nostri
3006 1093 3158 1148 libris
3188 1104 3315 1145 usus
3343 1096 3449 1154 est,
3476 1095 3538 1141 ut
3566 1101 3676 1139 non
3704 1098 3787 1137 so-

2208 1197 2315 1250 lum
2347 1194 2465 1247 loca
2489 1191 2688 1260 aliquot
2714 1188 2778 1241 ad
2802 1185 3168 1242 illustrandum
3190 1182 3364 1253 gentis
3390 1189 3591 1234 nostrte
3618 1178 3788 1230 histo«

2204 1286 2361 1350 riam,
2390 1289 2481 1335 aut
2510 1278 2896 1335 conciliandam
2927 1276 3085 1331 rebus
3116 1290 3144 1327 a
3190 1288 3248 1327 se
3286 1271 3515 1325 narratis
3544 1268 3788 1320 auctori-

2199 1387 2361 1431 tatem
2414 1374 2718 1436 adduxerit,
2776 1385 2958 1424 verum
3007 1369 3165 1421 etiam
3206 1366 3410 1433 integra
3442 1363 3552 1431 ipsa
3608 1361 3788 1429 capita

2198 1468 2394 1540 passim
2425 1465 2790 1534 descripserit.
2851 1466 2917 1515 At
2962 1476 3082 1514 cum
3130 1458 3181 1512 in
3228 1456 3518 1512 nonnullos
3562 1454 3786 1507 codices

2196 1562 2445 1629 scriptos,
2471 1567 2526 1614 et
2555 1558 2767 1627 quidem
2798 1554 3197 1624 antiquissimos
3218 1593 3233 1617 ,
3267 1551 3319 1604 in
3352 1550 3546 1620 quibus
3581 1548 3789 1616 aliquot

527 1653 759 1717 laudato,
786 1636 872 1704 ubi
896 1660 950 1706 et
977 1651 1029 1703 in
1057 1647 1296 1703 Psalterii
1320 1656 1590 1701 tractatunt
1616 1644 1808 1699 librum
1839 1658 2021 1708 unum,
2045 1655 2092 1695 et

2202 1653 2531 1722 vulgalarum
2556 1649 2847 1703 editionum
2882 1646 3053 1713 capita
3079 1643 3451 1697 desiderantur
3480 1638 3787 1700 incidisset,

521 1748 740 1798 alterunt
778 1745 842 1798 de
881 1742 1112 1796 cursibus
1156 1740 1510 1795 ecclesiasticis
1548 1754 1579 1792 a
1618 1753 1676 1793 so
1722 1738 1900 1791 editos
1948 1751 2096 1790 com-

524 1844 807 1890 memorat.
838 1833 1098 1889 Cteterum
1127 1832 1266 1887 idem
1296 1830 1585 1900 Gregorius
1615 1828 1838 1899 singulis
1866 1826 2092 1882 Miracu-

525 1927 694 1979 lornm
728 1925 879 1979 libris
912 1938 1066 1978 suum
1098 1936 1362 1992 quemque
1409 1921 1617 1974 titulum
1650 1919 1974 1989 peculiarem
2017 1926 2098 1969 at-

520 2013 701 2068 tribuit
741 2017 791 2067 in
825 2014 1047 2084 prologo
1092 2011 1211 2066 libri
1245 2012 1313 2066 de
1360 2012 1539 2065 Gloria
1567 2010 1965 2071 Coniessornrn,
2010 2007 2095 2061 ubi

522 2110 720 2176 primus
750 2107 815 2160 de
842 2105 1113 2161 miraculis
1145 2105 1350 2158 Domini
1382 2119 1443 2158 ac
1480 2114 1789 2158 sanctorum
1816 2104 2097 2173 Δρομιυῐο·

519 2210 633 2249 rum
656 2210 717 2247 ac
739 2194 1065 2260 reliquorum
1112 2193 1420 2263 Martyrum,
1453 2208 1572 2261 qure
1615 2193 1876 2247 hactenus
1925 2194 2098 2246 laluc-

521 2293 667 2346 rant,
693 2282 917 2346 dicitur;
948 2281 1216 2335 secundus
1255 2281 1323 2336 de
1369 2281 1651 2336 virtutibus
1685 2283 1853 2336 saneti
1896 2281 2092 2335 Jutiani

524 2373 792 2444 Martyris,
819 2387 976 2440 quem
1022 2379 1267 2426 sanctum
1313 2371 1583 2441 specialem
1630 2388 1781 2426 suum
1825 2382 2097 2444 patronum

525 2477 903 2530 nonnunquam
939 2460 1194 2531 appellat,
1224 2461 1363 2531 quod
1411 2459 1463 2515 in
1491 2461 1608 2531 ejus
1651 2462 1868 2517 basilica
1911 2463 2101 2517 Briva-

529 2555 665 2608 tensi
698 2552 962 2606 emitritus
1002 2551 1309 2622 aliquandiu
1363 2550 1586 2607 fuisset:
1615 2560 1847 2622 quatuor
1868 2568 2099 2622 sequen-

526 2655 605 2700 tes
622 2646 688 2700 de
710 2645 991 2698 virtutibus
1011 2645 1176 2698 sancti
1204 2644 1412 2699 Martini
1434 2644 1807 2713 appellantur;
1833 2646 2093 2715 septimus

518 2739 586 2794 de
613 2739 963 2809 quorumdam
996 2735 1371 2792 Feliciosorum
1398 2754 1516 2805 seu,
1544 2750 1600 2794 ut
1628 2740 1826 2796 habent
1856 2740 2097 2796 nonnulli

514 2832 750 2899 codices,
789 2830 1158 2902 Religiosorum
1208 2829 1352 2895 Vita;
1385 2831 1600 2885 ultimus
1628 2831 1859 2902 denique
1901 2832 1969 2886 de
2000 2832 2097 2886 mi-

519 2921 711 2975 raculis
740 2919 1143 2975 Gonlessorum.
1188 2919 1351 2974 Paulo
1380 2920 1536 2976 aliter
1556 2920 1645 2975 alii
1674 2923 1891 2978 eosdem
1934 2924 2098 2979 libros

521 3013 575 3066 in
611 3014 772 3066 variis
818 3012 1089 3067 codicibus
1138 3012 1457 3068 inscribunt.
1504 3013 1746 3069 Priorem
1788 3014 1929 3069 enim
1962 3032 2096 3069 non-

518 3119 783 3172 nunquam
812 3105 997 3158 librum
1020 3106 1071 3157 in
1096 3104 1260 3175 gloria
1285 3119 1378 3160 seu
1409 3106 1472 3157 de
1491 3105 1658 3178 gloria
1688 3106 1973 3177 Martyrum
1996 3124 2090 3177 ap-

520 3196 748 3263 pellant,
782 3210 938 3264 quem
982 3200 1141 3250 etlam
1190 3196 1351 3266 aliqui
1394 3197 1622 3267 primum
1653 3197 1868 3263 librum,
1915 3207 1970 3254 et
2009 3215 2093 3253 si-

519 3295 768 3355 quentetn
798 3287 867 3341 de
910 3287 968 3342 S.
1001 3286 1230 3356 lnliano,
1267 3286 1458 3341 librum
1505 3292 1796 3343 secun'lum
1845 3292 1897 3343 in
1928 3292 2092 3359 gloria

519 3378 807 3448 Martyrum
836 3394 1150 3449 nuncupare
1169 3378 1361 3432 solent.
1385 3377 1473 3435 Sic
1498 3380 1658 3435 etiam
1690 3381 1825 3436 liber
1850 3382 1905 3435 in
1925 3383 2092 3453 gloria

519 3470 879 3539 Confessorum
907 3469 1079 3524 dictus
1108 3471 1361 3535 occurrit,
1393 3471 1483 3539 qui
1533 3472 1583 3528 in
1617 3470 1883 3527 Chronico
1921 3474 2090 3528 sancti

522 3561 739 3632 lienigni
788 3560 1027 3614 laudatur
1057 3558 1153 3614 sub
1184 3561 1336 3613 titulo
1368 3561 1484 3613 libri
1519 3561 1582 3614 de
1632 3562 2087 3635 virisillustribus.

521 3652 770 3708 bennulli
801 3659 977 3706 autem
1005 3650 1299 3719 posthabita
1322 3650 1566 3722 Gregorii
1587 3653 1860 3722 librorum,
1881 3656 2003 3709 licet
2024 3655 2092 3709 ab

520 3760 585 3799 co
614 3746 729 3813 ipso
764 3742 1228 3811 factaJdivisione,
1258 3743 1413 3796 aliam
1447 3744 1765 3799 invexerunt
1792 3721 1912 3800 eum
1938 3746 2090 3800 novis

518 3838 705 3890 titulis.
739 3835 791 3889 ld
816 3834 868 3889 in
898 3834 1082 3889 codice
1112 3834 1439 3888 Floriacensi
1468 3834 1537 3889 ab
1565 3835 1719 3889 annis
1747 3837 1961 3892 circiter
1985 3836 2089 3891 600

517 3936 732 3980 exorato
778 3925 1197 3992 observitvimus,
1232 3925 1283 3978 in
1315 3940 1418 3991 quo
1453 3926 1679 3992 primum
1712 3925 1996 3981 exhibetur
2027 3927 2087 3980 li-

520 4018 616 4073 ber
642 4022 709 4073 de
750 4018 928 4071 Gloria
961 4016 1251 4086 Martyrum
1296 4017 1396 4071 sub
1428 4032 1524 4070 suo
1555 4017 1727 4082 titulo,
1795 4028 1904 4071 tum
1954 4018 2087 4072 Vitae

521 4112 732 4166 Patrum
761 4111 858 4164 sub
888 4111 1039 4163 titulo
1088 4111 1201 4165 libri
1233 4111 1450 4164 secundi
1492 4129 1503 4162 :
1537 4122 1654 4179 post
1685 4112 1824 4166 hunc
1867 4113 2089 4167 habetur

521 4204 656 4257 liber
685 4202 752 4256 de
780 4200 957 4254 Gloria
987 4200 1392 4265 Coul‘essorutn,
1437 4203 1523 4269 qui
1570 4202 1639 4254 ibi
1668 4202 1860 4256 dicitur
1887 4201 2087 4269 Grego-

520 4293 582 4344 rii
633 4291 961 4344 Turonensis
1005 4290 1139 4343 liber
1167 4290 1371 4343 tertius.
1428 4294 1502 4342 An
1558 4291 1735 4356 plures
1769 4290 2084 4353 exstiterint,

518 4384 808 4437 observare
837 4395 941 4434 non
982 4379 1152 4448 licuit,
1186 4381 1382 4433 avulsis
1421 4394 1451 4431 a
1478 4380 1661 4434 codice
1690 4378 1827 4433 filiis
1863 4396 2088 4448 sequen-

518 4473 676 4525 tibus.
731 4474 800 4523 Ita
847 4470 896 4522 in
927 4469 1108 4523 codice
1149 4470 1454 4524 monasterii
1484 4473 1652 4524 sancti
1685 4470 1921 4523 Andoeni
1950 4472 2088 4539 apud

520 4564 909 4629 Rothomagum
942 4560 1181 4628 ejusdem
1213 4562 1406 4625 (etatis,
1434 4570 1607 4614 exstat
1637 4562 1771 4616 liber
1802 4568 1986 4617 unicus
2024 4580 2087 4618 ex

519 4654 766 4725 capitulis
790 4653 992 4722 aliquot
1012 4652 1265 4705 librorum
1281 4653 1347 4706 de
1375 4653 1552 4705 Gloria
1577 4653 1863 4722 Martyrum
1889 4653 2092 4710 ctCon-

519 4751 800 4812 l'essorutri,
853 4746 1161 4813 aliquotque
1214 4744 1345 4798 Vitis
1390 4746 1601 4799 Patrum
1655 4749 2091 4815 consarcinatus,

516 4840 616 4895 sub
663 4840 762 4892 hoc
810 4838 993 4902 titulo,
1045 4834 1250 4906 Georgii
1295 4833 1548 4889 Florentii
1594 4836 1822 4907 Gregorii
1874 4838 2092 4893 Turonis

516 4932 741 5000 episcopi
793 4931 855 4982 de
904 4928 1171 4982 Miraculis
1225 4940 1514 4981 sanctorum
1562 4930 1708 4983 liber.
1755 4932 1923 4987 Simili
1982 4937 2092 4988 lere

519 5022 677 5075 modo
701 5020 943 5089 permixti
970 5025 1095 5074 sunt
1112 5021 1162 5071 in
1186 5018 1370 5073 codice
1391 5016 1606 5090 Collegii
1633 5018 1946 5074 Parisiensis
1962 5021 2085 5076 Soc.

519 5117 643 5164 .le-u
674 5113 792 5165 libri
843 5127 937 5167 seu
991 5112 1169 5182 potius
1215 5111 1412 5178 aliquot
1441 5113 1668 5181 capitula
1719 5112 1975 5168 librorum
2022 5115 2090 5168 de

524 5198 701 5252 Gloria
736 5201 1020 5270 Martyrum
1052 5213 1104 5254 et
1133 5198 1530 5265 Conlessorum,
1559 5201 1657 5254 sub
1684 5201 1781 5256 bac
1828 5203 1980 5256 unica
2010 5201 2094 5255 itt-

523 5288 847 5357 seriptione:
884 5291 1072 5358 Incipit
1113 5290 1238 5344 liber
1289 5289 1663 5344 Mmoculorum
1709 5290 1916 5362 Georgii
1962 5290 2093 5345 Flo-

520 5382 668 5432 rentii
704 5380 934 5450 Gregorii
980 5383 1203 5449 episcopi
1230 5382 1283 5435 in
1312 5381 1488 5435 Gloria
1520 5385 1857 5451 plurimorum
1904 5395 2094 5454 marty-

522 5487 633 5524 rum
657 5488 740 5523 seu
766 5471 1132 5541 confessorem.
1161 5472 1268 5526 Sed
1297 5473 1409 5527 btec
1433 5476 1653 5527 minoris
1683 5484 1808 5527 sunt
1835 5476 2092 5529 momenti

520 5574 675 5620 unsm
709 5570 765 5617 ut
795 5560 961 5614 fusius
990 5570 1402 5625 pertractentur.
1435 5563 1543 5618 Nec
1574 5565 1771 5618 diutius
1802 5566 2093 5620 immoran-

2200 1744 2251 1796 in
2298 1741 2532 1794 animum
2578 1738 2783 1792 induxit
2822 1752 2881 1789 ea
2932 1736 3042 1802 ipsa
3074 1737 3140 1786 ab
3189 1734 3368 1799 aliquo
3400 1731 3789 1798 interpolatoro

2200 1831 2544 1904 Grcgorianae
2588 1829 2837 1883 ilistorﬂe
2891 1826 3064 1879 addita
3094 1823 3285 1888 fuisse;
3320 1824 3546 1890 ideoque
3576 1818 3791 1888 quoties

2196 1923 2373 1992 aliqua
2404 1920 2629 1976 recurrit
2657 1921 2890 1985 occasio,
2918 1933 2979 1972 ea
3015 1916 3198 1986 rejecit
3232 1915 3393 1969 veluti
3442 1916 3649 1982 Spuria,
3695 1920 3787 1965 aut

2198 2024 2369 2077 certe,
2402 2013 2444 2066 si
2475 2027 2540 2066 ex
2578 2010 2680 2065 illis
2710 2009 2961 2064 nonnulla
3010 2008 3073 2061 ad
3122 2021 3235 2060 rem
3278 2020 3429 2059 suam
3461 2003 3693 2070 iaciant,
3725 2016 3787 2056 Ct

2200 2106 2301 2157 sub
2329 2101 2731 2170 interpolatoris
2780 2099 2995 2152 nomine
3037 2096 3257 2167 profert,
3309 2094 3461 2164 cujus
3500 2093 3789 2147 auctorita-

2201 2204 2306 2248 tem
2336 2195 2503 2246 multn
2532 2190 2855 2261 Gregoriana
2881 2189 3138 2242 minorem
3170 2202 3289 2241 esse
3316 2186 3513 2240 debere
3555 2193 3789 2239 conten-

2197 2283 2295 2334 dit.
2341 2282 2470 2336 Cum
2518 2297 2643 2335 vero
2674 2297 2776 2335 non
2831 2296 2993 2333 unum
3039 2277 3374 2333 solnmrnodo
3412 2285 3504 2329 aut
3559 2276 3789 2330 alterunt

2204 2381 2385 2442 caput,
2417 2373 2513 2428 sed
2544 2374 2813 2441 complura
2848 2373 3043 2440 passim
3072 2386 3166 2438 per
3211 2380 3373 2423 totam
3416 2367 3666 2439 Gregorii
3696 2367 3789 2421 ll.-

2200 2467 2421 2521 storiam
2450 2466 2691 2536 diSpersa
2722 2481 2787 2520 eo
2813 2466 2970 2520 modo
2998 2463 3312 2532 interpolata
3359 2461 3523 2515 fuisse
3552 2474 3791 2515 censue-

2200 2558 2272 2612 rit
2298 2568 2350 2612 et
2376 2558 2650 2626 scripserit
2674 2557 2754 2609 vir
2780 2556 3050 2618 eruditus;
3086 2569 3188 2608 ton
3221 2552 3354 2608 levis
3384 2553 3642 2606 momenti
3667 2566 3793 2606 esse

2199 2652 2374 2703 visum
2408 2660 2572 2704 estea
2604 2650 2670 2702 de
2702 2664 2758 2701 re
2787 2647 2956 2702 fusius
2988 2657 3043 2701 e'.
3073 2646 3372 2700 accuratius
3403 2644 3699 2711 inquirere,
3728 2657 3793 2697 ne

2200 2750 2295 2795 aut
2321 2740 2448 2794 falsa
2479 2757 2573 2810 pro
2604 2741 2826 2794 sinceris
2850 2738 3091 2806 Gregorii
3120 2737 3377 2806 operibus
3406 2735 3791 2800 obtrudantnr,

2200 2840 2295 2884 aut
2318 2841 2462 2887 certe
2491 2846 2612 2884 vera
2642 2842 2693 2884 et
2714 2832 2945 2898 genuina
2977 2829 3211 2883 debitam
3238 2828 3467 2896 perdant
3490 2829 3791 2881 auctorita-

2202 2934 2329 2979 tem.
2376 2924 2442 2979 Ut
2471 2940 2600 2979 vero
2643 2924 2694 2977 in
2726 2923 3088 2991 extriendendis
3136 2935 3197 2975 ea
3244 2921 3310 2976 de
3359 2936 3417 2976 re
3458 2922 3794 2990 argumentis

2125 3027 2170 3090 (ι
2201 3018 2342 3072 nulla
2373 3017 2672 3072 suborialur
2703 3014 2965 3079 conlusio,
3008 3014 3240 3068 rationes
3271 3029 3403 3082 quas
3448 3014 3539 3067 ille
3570 3013 3623 3066 in
3679 3027 3796 3068 sum

2198 3109 2467 3178 opinionis
2516 3107 2867 3175 patrocinium
2922 3105 3178 3171 adducit,
3225 3104 3533 3173 singillatim
3584 3120 3796 3173 expen~

2196 3202 2385 3256 danda:
2431 3211 2571 3254 sunt.
2610 3201 2696 3253 Eae
2730 3208 2850 3251 sunt
2881 3198 3101 3251 omnino
3132 3206 3240 3250 tres
3288 3213 3299 3247 :
3334 3196 3559 3263 primam
3602 3211 3667 3250 ex
3704 3212 3797 3250 co-

2195 3294 2375 3347 dicum
2401 3292 2879 3358 manuscriptorum
2900 3289 3215 3341 auctoritate
3240 3288 3465 3356 repetit;
3495 3287 3798 3341 secundum

2194 3402 2259 3441 ex
2293 3384 2615 3453 Fredegario
2640 3380 2881 3451 Gregorii
2907 3383 3105 3434 sacculo
3140 3380 3368 3448 septimo
3398 3381 3796 3449 epitoiinatore;

2196 3478 2402 3530 tertiam
2428 3475 2658 3543 denique
2683 3489 2744 3526 ex
2780 3472 2903 3541 stili
2933 3472 3264 3537 ditersitale,
3299 3487 3361 3526 ac
3392 3472 3553 3526 variis
3580 3475 3796 3527 eventi-

2194 3568 2310 3631 bus,
2341 3567 2428 3635 qui
2462 3566 2513 3618 in
2545 3564 2807 3633 ejusmodi
2851 3578 2879 3616 c
2901 3563 3113 3632 upitibus
3142 3562 3470 3629 referuntur,
3511 3578 3644 3632 quos
3679 3577 3737 3619 et
3766 3579 3796 3617 a

2193 3657 2414 3710 veritate
2449 3656 2706 3709 historica
2766 3655 2990 3719 alienos,
3024 3667 3079 3708 et
3108 3654 3264 3722 plane
3293 3654 3515 3709 sinceris
3544 3653 3795 3724 Gregorii

2191 3746 2386 3801 fetibus
2416 3748 2691 3814 oppositos
2739 3756 2922 3799 censet
2948 3762 2961 3798 :
2988 3759 3105 3813 qua:
3135 3745 3348 3813 quidem
3398 3757 3715 3816 argumenta
3750 3747 3795 3801 si

2192 3838 2333 3891 nulla
2376 3852 2495 3891 esse
2534 3836 3114 3899 demonstraverimns,
3176 3843 3393 3889 corruet
3449 3837 3543 3889 viri
3589 3842 3794 3893 eruditi

2191 3931 2477 3991 sententia,
2506 3927 2773 3995 stabitque
2819 3926 3131 3980 inconcussa
3168 3924 3413 3996 Gregorii
3444 3941 3668 3996 operum
3706 3933 3793 3983 in-

2192 4017 2432 4082 tegritas.

2260 4108 2346 4161 87.
2405 4106 2629 4160 Codices
2680 4106 3021 4174 Gregoriante
3072 4107 3322 4162 Historia:
3380 4111 3794 4183 manuscriptos

2191 4198 2411 4248 omnino
2459 4200 2694 4264 quinque
2741 4196 2842 4249 sibi
2894 4197 3039 4250 νίροε
3080 4200 3243 4252 luisSe
3295 4200 3368 4253 ait
3400 4200 3665 4269 Cnintins,
3718 4221 3791 4259 ex

2192 4290 2381 4355 quibus
2411 4288 2582 4339 nullus
2613 4298 2711 4351 est,
2742 4290 2829 4357 qui
2864 4289 3119 4358 integram
3180 4291 3486 4355 lltstoriatn,
3519 4295 3697 4363 qualis
3732 4297 3790 4351 in

2118 4398 2166 4457 ι)
2195 4377 2422 4445 vulgatis
2446 4385 2639 4443 exstat,
2674 4390 3045 4445 repraesentet.
3096 4382 3245 4444 Quod
3301 4382 3645 4436 manifestum
3682 4385 3791 4454 ipsi

2196 4468 2404 4522 videtur
2433 4468 2852 4535 interpolationis
2883 4471 3135 4524 indicium
3166 4490 3177 4523 :
3212 4488 3332 4526 cum
3382 4476 3549 4529 multo
3581 4478 3793 4544 proba-

2198 4560 2356 4615 bilius
2406 4562 2673 4614 existimet
2721 4563 2963 4629 quasdam
3030 4562 3192 4617 fuisse
3236 4564 3303 4617 ab
3357 4568 3791 4634 exscriptoribns

2197 4653 2396 4717 addita,
2430 4668 2588 4721 quam
2621 4654 2828 4720 integro
2854 4663 2911 4708 et
2936 4669 3190 4723 germano
3218 4657 3367 4725 operi
3393 4659 3651 4713 detracm.
3677 4661 3790 4717 Ve-

2197 4761 2311 4798 rum
2345 4746 2465 4798 licet
2498 4745 2597 4797 hoc
2641 4755 3011 4812 argumentum
3045 4747 3182 4801 haud
3216 4750 3486 4805 immerito
3516 4752 3792 4809 validissi-

2200 4849 2343 4887 mum
2370 4831 2578 4887 Gointio
2604 4835 2775 4887 visum
2802 4836 2891 4899 sit,
2914 4839 3109 4905 quippe
3137 4839 3227 4907 qtti
3260 4840 3459 4893 nullum
3494 4843 3657 4896 alium
3686 4860 3787 4897 co-

2188 4927 2367 4993 dicem
2409 4926 2640 4979 novisset
2668 4928 2947 4998 integram,
2978 4940 3033 4983 ut
3079 4931 3131 4983 in
3163 4933 3319 4986 editis
3351 4934 3611 5002 habetur,
3646 4936 3790 4992 Gre—

2198 5018 2328 5089 gorii
2379 5019 2666 5074 Historiam
2714 5024 3100 5089 continentem,
3160 5026 3282 5080 illud
3343 5038 3517 5082 tamen
3580 5031 3787 5085 nullius

2199 5113 2452 5164 momenti
2484 5111 2611 5163 viris
2639 5112 2883 5180 eruditis,
2919 5129 2970 5167 ut
2998 5132 3177 5183 Spero,
3208 5120 3492 5185 videbitur,
3520 5135 3644 5174 cum
3672 5138 3783 5176 non

2198 5202 2370 5255 solum
2398 5202 2610 5256 codices
2633 5205 2907 5257 codicibus
2933 5208 3361 5273 opposuerimus,
3396 5212 3579 5264 verum
3612 5215 3783 5267 etiam

2198 5292 2738 5347 detnoustraverimns
2768 5296 2981 5354 codices
3023 5311 3138 5362 ens,
3188 5299 3279 5365 qui
3314 5299 3595 5354 Historiam
3643 5305 3783 5356 into--

2197 5398 2342 5451 grant
2374 5384 2665 5447 continent,
2688 5386 2852 5438 multo
2882 5386 3102 5456 majoris
3130 5403 3248 5443 esse
3280 5393 3611 5444 auctoritatis
3635 5392 3779 5455 aliis,

2198 5490 2328 5538 quos
2352 5490 2416 5527 ex
2450 5475 2565 5540 ipso
2610 5476 2769 5530 etiam
2817 5477 3031 5531 Cointio
3078 5482 3292 5535 mutiles
3324 5494 3369 5534 ct
3428 5480 3780 5544 inqu-rfertus

2196 5580 2313 5617 esse
2344 5566 2707 5634 probabimus,
2742 5575 2799 5619 ιιι
2832 5575 2954 5636 pote
2984 5571 3071 5640 qui
3105 5573 3384 5641 genuinam
3412 5570 3653 5637 Gegorii
3681 5573 3745 5624 lli
