4024 6192
192 201 247 254 75
1617 190 1987 252 PBIEFATIO
3362 208 3430 260 γι

187 311 398 373 storiam,
420 311 535 379 ipso
559 310 726 364 etiam
763 310 988 374 fatente,
1008 309 1264 379 integram
1298 324 1403 363 nnn
1431 308 1738 366 exhibeant.

1860 324 2056 376 videtur
2082 320 2356 386 Cointius;
2390 321 2483 376 sed
2513 330 2717 378 certum
2752 334 2855 393 est,
2888 324 3097 382 etiamst
3131 326 3428 383 fucrintin-

193 404 261 459 Ad
288 419 386 459 rem
412 406 584 470 itaque
614 403 925 457 veniamus.

254 497 332 552 88.
369 497 425 550 Et
452 495 681 563 primum
715 495 935 565 quidem
964 493 1223 547 habemus
1253 508 1361 562 prae
1392 494 1634 549 manibus
1655 509 1747 548 co-

197 589 344 645 dicem
371 591 579 657 optimae
626 598 769 642 notae
798 602 867 642 ex
899 586 1220 641 bibliotheca
1261 590 1566 643 monasterii
1619 588 1749 643 Bec-

193 684 342 738 censis
367 684 415 737 in
458 682 811 747 Normannia,
862 682 930 735 ab
960 683 1115 736 annis
1145 682 1359 735 circiter
1396 682 1746 751 septingentis

192 777 433 846 eleganter
455 784 511 829 et
536 782 785 828 accurate
813 773 1165 842 descriptum,
1204 774 1254 826 in
1286 788 1393 842 quo
1436 788 1503 827 ne
1531 774 1744 827 unicum

193 870 378 936 quidem
423 878 583 936 caput
630 867 859 936 vulgata:
891 867 1131 934 Gregorii
1179 865 1431 919 Historiae
1476 867 1747 922 desidera-

195 975 282 1015 tur.
310 961 592 1015 Habuimus
637 972 694 1015 et
724 961 887 1013 alitun
940 975 1003 1013 ex
1038 960 1365 1013 monasterio
1395 958 1748 1028 Regiimoutis

188 1055 383 1107 Ordinis
429 1051 805 1107 Cisterciensis
854 1053 904 1104 in
934 1050 1151 1104 dimcesi
1200 1050 1561 1104 Bellovaceusi
1606 1050 1747 1104 haud

187 1148 344 1200 minus
372 1147 657 1216 integrum,
690 1153 920 1213 excepto
949 1159 1056 1198 uno
1085 1152 1179 1198 aut
1207 1144 1378 1199 altero
1410 1144 1528 1198 libri
1574 1143 1745 1198 ultimi

184 1241 364 1309 capite,
395 1254 508 1308 quae
537 1239 609 1293 ob
637 1240 875 1292 detracta
923 1237 1091 1291 codici
1124 1237 1330 1305 aliquot
1376 1236 1500 1289 folia
1531 1238 1743 1301 desunt,

185 1333 404 1388 Tertium
436 1333 752 1403 proferimus
794 1348 859 1386 ex
908 1329 1044 1387 sacri
1091 1330 1399 1385 monasterii
1429 1328 1747 1400 iCasinensis

184 1429 230 1481 in
260 1428 399 1483 Italia
430 1428 722 1497 percelebri
763 1427 1112 1489 bibliotheca,
1159 1425 1350 1479 litteris
1382 1424 1743 1494 Langobardi-

186 1522 259 1572 cis
286 1522 349 1573 ab
374 1522 521 1575 annis
546 1521 763 1575 circiter
792 1518 1146 1587 septingentis
1178 1525 1271 1570 aut
1300 1516 1532 1586 amplius
1560 1530 1747 1571 exara-

184 1620 311 1674 tum,
354 1621 483 1667 teste
509 1610 815 1666 Mabillonio
845 1618 1055 1677 nostro,
1095 1608 1248 1677 cujus
1282 1624 1387 1662 non
1438 1610 1610 1661 solum
1656 1622 1747 1660 va-

1852 415 2253 485 terpolationes,
2288 417 2340 469 in
2389 416 2660 472 codicibus
2705 420 2873 474 multo
2909 422 3292 479 vetustioribus
3338 427 3433 477 ba-

1850 508 1985 563 beri.
2020 507 2149 561 Post
2178 508 2317 560 hunc
2352 508 2575 564 Malitias
2611 509 2875 581 lllyricus,
2925 511 3272 581 Marquardus
3308 514 3434 568 Fre-

1851 600 2034 665 herus,
2065 601 2261 670 aliique
2289 601 2388 654 viri
2412 602 2553 655 docti
2576 603 2823 657 eamdem
2853 604 3140 659 Historiam
3164 605 3427 677 integram

1850 696 2093 759 edidere,
2118 706 2172 749 et
2200 695 2415 764 quidem
2448 695 2515 750 ad
2567 696 2781 751 codices
2829 700 3216 769 inanuscriptns
3244 716 3432 755 cmen-

1856 788 2033 839 datam
2062 801 2107 840 et
2129 787 2473 852 illustratam,
2497 796 2556 842 ut
2578 787 2793 856 ipsimet
2816 789 3110 845 affirmant:
3129 807 3228 846 nec
3256 801 3433 846 tamen

1852 893 2075 948 usquam
2121 888 2441 932 monuerunt
2496 881 2659 933 multa
2707 881 2756 933 in
2813 884 2924 935 suis
2967 880 3241 936 codicibus
3288 883 3429 937 desi—

1848 972 2046 1038 derari,
2070 987 2187 1041 quae
2217 971 2474 1041 Gregorio
2500 980 2679 1024 assuta
2723 983 3024 1027 censerent.
3060 974 3203 1027 Idem
3246 973 3433 1027 dicen-

1849 1061 1974 1115 dum
2004 1062 2070 1114 de
2104 1060 2331 1115 Andreae
2362 1059 2579 1115 Chesoii
2609 1060 2864 1123 editione,
2893 1078 3047 1129 quam
3077 1078 3136 1117 se
3167 1066 3231 1116 ad
3274 1063 3431 1129 quin-

1849 1172 1953 1225 que
1980 1155 2193 1210 codices
2247 1155 2639 1223 inanuscriptos
2669 1156 2945 1220 diligenter
2975 1156 3288 1210 emendasse
3312 1171 3436 1224 pro-

1851 1247 2050 1301 fitetur.
2110 1246 2314 1299 Praeter
2367 1246 2499 1299 istos
2560 1245 2779 1300 codices
2846 1246 2899 1299 in
2956 1247 3148 1315 quibus
3201 1245 3432 1300 Historia

1850 1338 2091 1405 Gregorii
2144 1340 2348 1407 integra
2406 1337 2674 1405 descripta
2726 1348 2851 1405 εει,
2904 1338 3161 1391 habemus
3209 1345 3264 1392 et
3300 1336 3436 1389 alios

1847 1432 2171 1501 complures,
2205 1443 2258 1485 et
2298 1430 2513 1498 quidem
2545 1430 2962 1492 vetustissimos,
2994 1431 3081 1497 qui
3119 1446 3221 1483 non
3254 1430 3433 1483 minus

1849 1539 2022 1578 causa:
2051 1535 2247 1577 nostra:
2295 1524 2710 1591 patrocinantur,
2756 1538 2875 1578 Cum
2925 1523 2975 1577 in
3007 1522 3111 1576 illis
3152 1531 3438 1576 Occurrent

1848 1629 1912 1669 ea
1960 1614 2133 1684 capita
2181 1614 2281 1668 sub
2325 1612 2567 1683 Gregorii
2600 1611 2927 1667 Turonensis
2958 1613 3197 1678 nomine,
3244 1627 3363 1683 quae
3403 1628 3436 1665 ιι

181 1705 281 1758 rias
309 1706 555 1759 lcetiones
596 1704 922 1772 accepimus,
951 1704 1043 1758 sed
1096 1712 1149 1756 et
1177 1702 1487 1772 singillatim
1510 1702 1745 1754 omnium
1781 1712 1826 1771 Β
1851 1706 2062 1761 Cointio
2094 1706 2411 1775 interpolata
2440 1705 2797 1774 appellantur.
2829 1705 2971 1760 Talis
3001 1714 3084 1759 est
3112 1704 3217 1757 vita
3258 1706 3433 1759 sancti

180 1800 395 1867 capitum
424 1798 645 1863 εει-ἰείη,
674 1811 704 1849 a
735 1797 850 1850 viro
887 1797 972 1864 pio
1004 1796 1201 1863 pariter
1227 1796 1515 1850 et.erudito
1545 1792 1742 1847 domno

183 1892 391 1947 Erasno
418 1907 447 1946 a
473 1892 642 1948 Gaeta
671 1891 827 1961 hujus
854 1891 955 1946 loci
985 1891 1120 1945 sacri
1145 1888 1549 1944 bibliothecario
1572 1898 1625 1944 et
1668 1887 1742 1940 vi-

183 1993 316 2037 cano
345 1984 571 2052 generali
614 1984 678 2036 ad
714 1998 812 2036 nos
843 1982 1211 2036 transmissam
1244 1997 1259 2034 :
1290 1997 1356 2035 ex
1397 1996 1497 2049 qua
1528 1979 1742 2049 quidem

186 2076 334 2137 serie,
357 2085 407 2129 et
426 2076 582 2129 variis
610 2075 934 2130 lectionibus
962 2072 1437 2142 deprehendimus,
1470 2072 1610 2142 quod
1632 2072 1743 2142 jam

188 2166 309 2220 mlhi
341 2175 581 2221 testatum
611 2166 805 2232 fuerat,
841 2185 906 2221 ne
937 2169 1146 2222 unicum
1189 2168 1401 2237 quidem
1443 2175 1605 2235 caput
1653 2166 1747 2219 illo

191 2258 236 2309 in
262 2258 440 2313 codice
465 2257 777 2313 desiderari.
813 2259 956 2312 Duos
988 2259 1113 2312 item
1146 2258 1360 2312 codices
1398 2274 1463 2312 ex
1494 2257 1748 2311 Romanis

192 2348 507 2406 bibliothecis
553 2351 795 2421 ejusdem
829 2353 902 2405 rei
937 2350 1099 2405 vades
1130 2350 1407 2414 habemus,
1454 2365 1517 2404 ex
1563 2349 1748 2405 Galliis

194 2438 394 2495 Romam
424 2444 628 2498 delatos
660 2460 687 2496 a
718 2444 988 2498 Christiua
1022 2442 1226 2498 Suecim
1270 2444 1469 2511 regina,
1516 2456 1746 2510 quorum

196 2533 317 2587 alter
352 2536 403 2589 in
450 2535 707 2590 Vaticana
760 2536 1106 2603 bibliotheca,
1154 2537 1291 2591 alter
1322 2552 1451 2590 vero
1485 2533 1536 2589 in
1563 2535 1750 2588 biblio-

195 2624 333 2678 theca
372 2628 777 2681 eminentissimi
809 2628 1095 2681 cardiualis
1137 2627 1387 2682 Ottoboni
1418 2638 1747 2682 asservatur.

195 2713 293 2768 Hos
316 2730 485 2771 autem
521 2719 803 2785 diligenter
828 2719 1062 2787 inspexit
1091 2731 1142 2772 et
1171 2719 1496 2773 examinavit
1522 2719 1752 2773 domnus

186 2807 422 2862 Claudius
451 2811 831 2879 Stephanotius
862 2822 1060 2865 nostrae
1098 2810 1536 2882 Congregationis
1564 2811 1615 2867 in
1658 2826 1756 2866 cu-

191 2898 261 2950 ria
321 2900 549 2957 Romana
581 2912 896 2973 procurator
929 2904 1211 2974 generalis,
1244 2916 1403 2973 atque
1432 2906 1650 2960 omnino
1679 2906 1755 2959 in-

190 2997 358 3057 tegros
383 3008 500 3049 esse
530 2995 857 3059 observavit.
904 3007 1129 3066 excepto
1171 2999 1360 3056 ultimo
1411 3000 1585 3071 capite
1634 2999 1753 3053 libri

1849 1800 2041 1853 Briccii
2096 1799 2147 1851 in
2196 1798 2581 1865 antiquissimis
2611 1796 2936 1851 let-tionarizs
2979 1795 3238 1867 Gregorio
3265 1794 3436 1849 Turo-

1852 1892 1999 1946 nensi
2058 1889 2343 1954 attributa,
2403 1889 2575 1943 sancti
2626 1888 2789 1944 Salvii
2842 1889 3143 1957 Albigensis
3198 1886 3435 1957 episcOpi

1850 1995 1997 2054 gesta
2048 1983 2100 2035 in
2132 1982 2316 2034 codice
2341 1978 2555 2048 Maioris
2584 1981 2911 2040 Monasterii.
2951 1993 3004 2034 et
3052 1980 3154 2034 alia
3204 1982 3434 2050 passim.

1847 2090 1966 2142 quze
1996 2074 2303 2141 singillatim
2352 2087 2633 2128 recensere
2692 2090 2794 2126 non
2846 2083 3016 2128 vacat.
3069 2075 3139 2127 At
3188 2074 3438 2127 omittere

1850 2180 1954 2217 non
2003 2166 2124 2218 licet
2173 2177 2403 2219 veterem
2451 2180 2714 2218 canonum
2766 2162 3260 2234 professionumque
3312 2165 3438 2219 Iidei

1850 2258 2225 2312 collectionem
2256 2272 2321 2311 ex
2360 2256 2545 2310 codice
2576 2255 2918 2323 Fossatensi,
2952 2271 3092 2310 nunc
3131 2256 3441 2311 Golbertino

1851 2350 2192 2418 descriptam,
2225 2348 2277 2403 in
2306 2364 2408 2419 qua
2439 2349 2680 2417 Gregorii
2714 2351 2879 2405 nostri
2909 2351 3108 2419 aliquot
3139 2348 3436 2419 fragmenta

1852 2444 1925 2497 ita
1959 2443 2260 2506 laudantur,
2294 2452 2350 2496 ιιι
2378 2458 2442 2497 ex
2494 2441 2699 2514 integra
2753 2442 2888 2512 ejus,
2921 2446 3129 2512 qualem
3161 2460 3277 2498 eam
3320 2433 3442 2501 esse

1853 2552 2278 2606 propugnanius.
2329 2534 2564 2589 Historia
2611 2550 2673 2591 ea
2719 2536 2996 2604 desumpta
3049 2536 3212 2590 fuisse
3245 2550 3440 2599 negare

1854 2644 1960 2684 non
1995 2630 2169 2683 liceat.
2204 2627 2278 2681 ibi
2309 2628 2450 2682 enim
2483 2627 2722 2697 Gregorii
2753 2629 3069 2696 disceptatio
3096 2627 3164 2681 de
3195 2629 3298 2681 fide
3335 2643 3433 2681 ca-

1853 2722 2047 2776 tholica
2078 2736 2200 2775 cum
2229 2721 2475 2791 Agilane,
2511 2720 2805 2789 Leuvigildi
2838 2722 2978 2787 regis
3011 2721 3208 2788 legato,
3257 2721 3437 2774 lauda-

1854 2825 1943 2868 tur
1972 2814 2072 2867 sub
2102 2813 2256 2865 titulo
2287 2812 2641 2865 Allercatt'onis
2672 2813 2735 2864 de
2760 2812 2862 2878 ﬁde
2887 2811 3167 2876 Trinitatis,
3195 2812 3334 2882 quod
3363 2810 3442 2880 [e-

1856 2906 1924 2959 cit
1952 2905 2230 2976 Gregorius
2256 2902 2558 2957 Toronensis
2580 2903 2863 2973 episcopus,
2887 2903 3023 2971 quod
3045 2911 3116 2955 est
3145 2903 3200 2954 in
3230 2902 3360 2954 libro
3382 2917 3437 2967 ν,

1858 2998 2021 3066 capite
2074 2996 2165 3060 45,
2198 3005 2252 3049 et
2283 2995 2439 3064 paulo
2470 3004 2588 3062 post
2633 2994 2798 3047 altera
2829 3008 2985 3061 quam
3027 3008 3145 3047 cum
3186 2990 3442 3059 Opilane,

190 3082 391 3145 decimi.
422 3088 563 3157 quod
613 3090 664 3143 iu
712 3091 1070 3145 Uttoboniano
1119 3092 1303 3149 codice
1350 3110 1453 3148 non
1507 3095 1752 3150 habetur.
1784 3094 1831 3157 C
1862 3093 2044 3147 itidem
2075 3086 2372 3155 Leuvigildi
2400 3085 2600 3155 legato,
2652 3085 3114 3153 habuitexcerpta
3143 3083 3335 3137 dicitur
3375 3100 3444 3138 ex

191 3177 394 3232 Sextum
439 3182 682 3237 codicem
714 3186 868 3238 nobis
898 3185 1198 3255 suppeditat
1230 3198 1379 3255 pater
1417 3188 1687 3243 Modestus
1724 3203 1756 3242 a

192 3277 364 3324 sancto
393 3275 619 3327 Amabili
648 3291 711 3333 ex
743 3274 943 3331 Ordine
982 3279 1382 3335 Carmelitarutn
1426 3284 1759 3338 excalceatu-

189 3369 322 3424 rum,
352 3362 438 3427 qui
469 3365 521 3416 in
569 3364 876 3420 Hnnarebia
907 3380 1089 3422 sancta
1117 3371 1356 3425 codicem
1394 3372 1758 3427 Claromnnta-

194 3464 310 3505 num
354 3453 574 3521 laudat,
628 3457 681 3510 in
730 3473 837 3525 quo
892 3457 1211 3529 Gregorianzi
1266 3462 1494 3517 Historia
1546 3479 1613 3517 ne
1652 3479 1759 3517 uno

193 3546 393 3610 quidem
422 3548 599 3618 capite
620 3550 780 3603 editis
812 3552 1025 3606 brevior
1056 3563 1155 3607 est.
1184 3555 1461 3620 Eumdem,
1494 3565 1585 3609 aut
1614 3564 1761 3611 certe

190 3637 416 3693 similem
446 3640 713 3706 codicem,
746 3642 837 3712 qui
866 3644 1129 3715 hodieque
1159 3647 1297 3709 apud
1328 3646 1645 3701 Carmelitas
1669 3661 1762 3701 es-

190 3730 448 3787 calceatus
478 3734 806 3789 Claromonti
837 3747 1098 3801 servatur,
1125 3738 1362 3807 inspexit
1391 3753 1453 3792 ac
1479 3739 1763 3805 diligenter

190 3829 408 3881 contulit
439 3839 623 3883 noster
648 3828 838 3883 Petrus
868 3829 1189 3884 Laurentius
1232 3832 1525 3886 monachus
1567 3830 1763 3885 lllidia-

191 3933 306 3987 nos,
334 3930 492 3989 atque
528 3936 654 3975 eum
698 3922 917 3975 omnino
941 3923 1201 3990 integrum
1232 3938 1351 3977 esse
1382 3922 1759 3990 deprehendit.

189 4008 428 4079 Septimi,
460 4013 752 4081 etquidem
776 4014 987 4077 vetusti,
1033 4014 1234 4068 codicis
1266 4015 1509 4069 notitiam
1537 4013 1763 4069 Guillel-

190 4115 277 4155 tuo
306 4102 519 4158 Morelio
574 4103 853 4167 debemus,
905 4118 1061 4174 quem
1108 4121 1170 4158 ex
1219 4104 1543 4159 bibliotheca
1593 4108 1761 4160 sancti

188 4193 397 4251 ﬂartiui
427 4196 759 4251 Turonensis
783 4212 840 4253 se
868 4199 1138 4264 accepisse
1166 4199 1379 4265 fatetur,
1411 4199 1463 4253 in
1503 4214 1609 4270 quo
1650 4214 1765 4255 om—

191 4290 273 4341 nia
323 4292 547 4345 omnino
573 4292 744 4357 capita
797 4299 1140 4346 controversa
1185 4294 1453 4348 exstitisse
1486 4293 1761 4362 discimus,

188 4394 289 4434 non
340 4383 516 4435 solum
550 4397 615 4436 ex
646 4389 828 4437 textus
856 4381 1263 4449 emendatione,
1297 4384 1390 4438 sed
1415 4393 1471 4438 et
1510 4399 1575 4439 ex
1605 4384 1766 4439 variis

1858 3186 1987 3239 libro
2017 3200 2089 3252 vr,
2119 3185 2283 3253 capite
2313 3178 2403 3244 40.
2440 3194 2558 3251 qua:
2587 3177 2799 3252 quidem
2845 3191 2970 3231 vera
3015 3191 3137 3231 esse
3168 3193 3273 3229 non
3317 3190 3445 3243 pos-

1858 3293 2003 3347 sunt,
2036 3281 2079 3335 si
2109 3294 2172 3335 ea
2203 3278 2376 3347 capita
2405 3294 2470 3334 ex
2503 3279 2747 3347 Gregorii
2794 3274 2945 3332 libris
2974 3273 3280 3343 demantur,
3325 3288 3445 3341 ιιιιέ

1858 3369 2100 3426 Cointius
2135 3371 2248 3423 vult
2277 3382 2397 3423 esse
2425 3369 2762 3437 interpolata.
2809 3369 2938 3423 Nam
2965 3372 3131 3439 prima
3180 3372 3295 3425 btec
3334 3367 3445 3423 dis-

1861 3466 2063 3533 putatio
2088 3462 2240 3532 juxta
2282 3458 2475 3516 Cointii
2508 3461 2768 3516 calculum
2798 3460 2850 3516 in
2898 3460 3082 3515 codice
3111 3459 3444 3525 Cor-beiensi,

1853 3566 2019 3629 caput
2047 3555 2107 3610 5i
2137 3552 2256 3609 libri
2285 3568 2339 3620 ν,
2370 3553 2539 3609 altera
2571 3570 2695 3608 vero
2721 3563 2881 3621 caput
2902 3552 2973 3609 26
3000 3554 3118 3608 libri
3148 3554 3445 3623 sequentis,

1863 3646 2165 3703 constituit.
3296 3654 3299 3655 '

1935 3738 2024 3794 89.
2077 3740 2362 3795 Codicihus
2408 3741 2583 3810 itaque
2635 3739 2929 3793 Cointianis
2957 3740 3169 3794 codices
3212 3740 3446 3807 Opponi-

1865 3847 2002 3895 nius,
2033 3840 2087 3885 cl
2110 3833 2325 3902 quidem
2350 3833 2550 3886 inutilis
2571 3840 2627 3886 et
2659 3831 2980 3900 imperfectis
3008 3831 3245 3901 integros
3264 3840 3317 3886 et
3342 3831 3445 3885 ini-

1866 3926 2009 3977 nime
2042 3924 2272 3977 vitiatus.
2299 3922 2527 3977 Codices
2556 3923 2699 3975 enim
2731 3940 2757 3974 a
2784 3922 2993 3977 Cointio
3019 3922 3213 3977 laudati
3246 3923 3329 3977 vel
3368 3938 3437 3977 eo

1867 4016 2082 4070 nomine
2129 4016 2227 4067 bac
2276 4016 2327 4067 in
2359 4024 2505 4081 parte
2549 4015 2747 4068 nostris
2793 4016 3110 4068 auctoritate
3159 4011 3442 4070 inferiores

1865 4105 2071 4161 censeri
2101 4104 2322 4167 debent,
2353 4105 2492 4173 quod
2534 4105 2585 4159 in
2618 4105 2726 4159 illis
2751 4105 2999 4160 erunibus
3030 4107 3190 4160 multa
3232 4106 3445 4162 deside-

1868 4207 2073 4260 rentur,
2099 4210 2217 4265 quzc
2242 4195 2327 4249 vel
2360 4199 2474 4262 ipso
2502 4197 2699 4249 fatente
2726 4195 2955 4259 Coiutio,
2986 4196 3050 4249 ad
3079 4194 3322 4267 Gregorii
3347 4197 3442 4265 (ii-

1870 4290 2089 4343 storiam
2133 4288 2420 4358 pertinent.
2451 4286 2629 4343 Codex
2679 4289 2875 4358 quippe
2916 4288 3312 4347 Bellovacensis
3352 4291 3449 4347 lli-

1870 4381 2050 4434 storia:
2099 4380 2442 4449 Gregorianm
2488 4381 2838 4447 fragmentum
2897 4384 3072 4450 potius
3122 4382 3224 4438 dici
3262 4383 3446 4451 debet,

186 4472 508 4529 lectionibus
559 4477 627 4529 ab
675 4476 777 4529 isto
809 4476 994 4530 codice
1035 4475 1352 4546 desumptis’
1402 4493 1535 4545 quas
1566 4478 1617 4532 in
1659 4493 1769 4532 sum
1798 4473 1848 4533 Ῑ)
1874 4486 2028 4540 quam
2061 4471 2173 4540 ipsa
2201 4470 2442 4539 Gregorii
2476 4470 2727 4531 Historia,
2759 4479 2815 4524 ut
2841 4485 2964 4540 puto
2990 4473 3077 4541 qui
3109 4474 3352 4541 capite?)
3383 4476 3446 4527 li-

184 4564 435 4620 editinnis
466 4566 759 4635 appendice
787 4568 898 4635 ipse
947 4566 1196 4622 Morelius
1246 4567 1446 4638 retulit,
1479 4584 1545 4623 ex
1575 4567 1767 4638 quibus

189 4658 382 4721 passim
418 4656 696 4710 nonnullze
735 4668 1023 4711 occurrunt
1062 4657 1127 4710 ad
1153 4657 1351 4725 capita,
1387 4676 1506 4726 qum
1528 4661 1768 4714 Cointins

186 4751 480 4802 resccaoda
512 4758 723 4810 censet,
771 4748 1123 4816 pertinentes.
1155 4744 1412 4803 Octavum
1444 4749 1551 4804 vidi
1599 4751 1650 4805 in
1680 4751 1763 4805 bi-

186 4836 452 4896 biiotheca
486 4838 797 4893 monasterii
849 4853 1049 4893 sancta:
1092 4841 1368 4895 Trinitatis
1409 4841 1767 4897 \‘indociuen-

187 4933 273 4994 sis,
304 4935 397 5001 qui
452 4932 667 5002 quidem
724 4947 831 4986 non
882 4932 1060 5000 plures
1088 4947 1246 5002 quam
1287 4934 1519 5002 quinque
1564 4936 1765 5002 priores

190 5021 436 5079 Historia:
491 5023 658 5077 libros
701 5024 1077 5091 complectitur
1102 5038 1222 5077 cum
1277 5023 1396 5078 libri
1428 5026 1562 5077 sexti
1589 5025 1766 5089 titulo,

189 5117 274 5170 sed
322 5118 513 5171 omnia
562 5115 783 5169 omnino
839 5121 1026 5169 borum
1079 5116 1332 5169 librorum
1387 5117 1582 5184 capita,
1629 5117 1765 5185 quod

188 5210 527 5271 potissimum
580 5216 661 5259 est
708 5208 1093 5260 controversia:
1147 5218 1339 5273 caput,
1396 5217 1765 5273 repraesentat.

188 5300 278 5354 His
304 5304 449 5357 adde
496 5303 761 5355 editiones
806 5300 1044 5369 Gregorii
1077 5300 1331 5370 vulgatas,
1368 5316 1501 5369 quas
1546 5316 1675 5354 sane
1701 5302 1765 5352 ad

188 5392 397 5448 codices
469 5394 714 5461 integros
783 5391 949 5445 fuisse
1012 5402 1288 5445 accuratas
1343 5406 1498 5444 nemo
1543 5390 1763 5445 inliciari

193 5495 381 5547 potest.
411 5482 581 5537 Certe
611 5482 701 5548 qui
733 5482 937 5550 primus
967 5481 1205 5551 Gregorii
1245 5482 1527 5535 Historiam
1555 5482 1768 5550 evulga-

193 5578 259 5625 vit
282 5575 608 5631 Guillclmus
636 5575 863 5637 Parvus,
893 5573 1009 5633 has,
1036 5575 1106 5625 uti
1133 5584 1284 5627 Vocat
1312 5571 1574 5638 Coiulius,
1607 5575 1771 5627 inter-

194 5669 486 5737 polationes
514 5669 584 5723 de
612 5683 713 5723 suo
743 5682 851 5721 non
882 5666 1083 5720 addidit
1110 5685 1121 5718 :
1156 5667 1295 5738 quod
1330 5673 1506 5721 tamen
1552 5666 1772 5721 innuero

508 5785 783 5845 Ριτλοι..
830 5780 942 5843 LX
955 5780 1060 5840 X1.

1872 4562 1953 4616 bii
1977 4578 2010 4615 ll
2039 4562 2243 4631 incipit,
2273 4571 2328 4617 et
2356 4563 2550 4619 desinit
2580 4564 2755 4630 capite
2781 4562 2852 4618 ‘25
2879 4563 3000 4618 libri
3025 4579 3076 4618 ν.
3100 4564 3448 4621 Corbeiensis

1872 4669 1998 4706 vero
2029 4656 2243 4706 mutilus
2282 4653 2494 4722 quidem
2528 4669 2632 4707 non
2662 4662 2766 4719 est,
2794 4663 2850 4708 at
2873 4668 2976 4709 non
3025 4655 3124 4709 nisi
3153 4671 3245 4709 sex
3286 4656 3451 4710 libros

1872 4749 2077 4814 priores
2124 4744 2363 4811 exhibet,
2410 4747 2625 4800 caeteris
2676 4743 2907 4809 omissis,
2960 4759 3153 4815 prater
3200 4747 3317 4801 libri
3378 4765 3449 4816 ψ

1870 4836 2249 4906 fragmentum,
2299 4838 2460 4908 quod,
2494 4837 2629 4892 sicut
2659 4849 2711 4890 et
2756 4837 2807 4890 in
2837 4838 3021 4892 codice
3064 4839 3448 4901 Bellovaceusi,

1871 4929 1970 4981 sub
2002 4926 2159 4983 ﬁnem
2193 4928 2308 4980 libri
2337 4944 2386 4981 tv
2419 4929 2659 4983 habetur.
2692 4928 2869 4982 Codex
2904 4930 3266 4993 Gulbertiuus,
3287 4946 3445 4997 quem

1872 5019 2183 5074 Tbuaneum
2220 5019 2477 5085 Valesius,
2509 5022 2675 5074 sancti
2704 5019 2976 5074 Michaelis
2999 5017 3241 5072 Cuintius
3263 5022 3449 5088 appel—

1872 5110 1967 5172 lat,
2016 5119 2155 5162 totus
2205 5119 2387 5163 noster
2435 5118 2535 5174 est,
2580 5111 2624 5163 si
2674 5111 2904 5178 aliquam
2958 5110 3115 5164 fidem
3161 5122 3449 5168 mereatur.

1872 5203 2086 5256 Avulsis
2117 5217 2308 5270 nempe
2339 5206 2406 5255 ab
2440 5218 2504 5256 eo
2534 5203 2898 5270 compluribus
2928 5207 3386 5274 quaternionibus,
3417 5229 3447 5264 a

1872 5293 2042 5362 capite
2071 5296 2134 5348 17
2165 5294 2281 5347 libri
2310 5298 2445 5349 sexti
2479 5296 2685 5349 initium
2713 5297 2895 5360 sumit,
2930 5312 3029 5351 nec
3056 5298 3251 5355 deinde
3280 5303 3443 5356 ullum

1874 5387 2091 5440 omnino
2119 5387 2318 5441 omittit
2342 5388 2656 5457 capitulum.
2682 5388 2967 5445 'l‘buaneus
2988 5406 3082 5445 seu
3109 5389 3451 5449 Colbertinns

1877 5485 2033 5544 a'tcr,
2063 5478 2152 5549 qui
2182 5496 2209 5531 a
2242 5478 2451 5534 Coiutio
2480 5482 2646 5534 sancti
2677 5482 2905 5547 Arnulli,
2935 5496 3027 5537 seu
3058 5482 3330 5539 Mettensis
3370 5485 3449 5537 di-

1878 5574 2032 5637 citur,
2086 5573 2235 5628 iniii-i
2285 5591 2347 5626 cx
2400 5576 2596 5629 codicis
2646 5576 2776 5630 vitio
2834 5575 3228 5646 imperfectus,
3283 5579 3448 5632 multa

1880 5663 2074 5719 deinde
2100 5665 2297 5721 omittit
2326 5683 2337 5718 :
2370 5667 2509 5736 quod
2538 5679 2724 5739 sponte
2755 5671 2944 5725 'acmm
2972 5680 3074 5736 est,
3101 5670 3263 5725 immo
3289 5676 3341 5724 et
3378 5670 3451 5739 ita

2936 5787 2974 5845 3
