4024 6192
598 162 664 218 75
2058 154 2449 212 ΡΒᾹΞΡΑἸΊΟ.
3797 162 3859 215 7b

591 273 820 339 incaute,
851 285 905 328 ut
936 292 1132 331 nonum
1161 287 1213 330 et
1240 275 1504 329 decimum
1538 275 1787 330 Historia:
1832 273 2176 342 Gregorianae
2204 274 2251 330 Λ
2284 272 2350 323 tis
2379 272 2621 325 llistorim
2654 283 2936 337 amatores,
2974 274 3203 329 maxime
3232 276 3283 330 in
3314 277 3603 343 provinciis
3645 278 3712 331 ab
3760 278 3855 331 Ar-

590 362 759 418 libros
789 365 1107 428 confuderit,
1144 376 1198 418 ut
1229 365 1499 419 Chronico
1529 363 1834 433 Fredegarii
1865 365 2004 418 inter
2044 362 2174 417 Gre-

587 456 726 526 gorii
747 471 907 527 opera
939 459 1112 512 locum
1143 460 1299 512 daret
1325 459 1425 511 sub
1458 458 1577 511 libri
1609 474 1639 512 x
1685 458 1931 511 Historia:
1967 457 2173 525 Grego-

594 548 763 605 rianae
787 551 955 605 titulo.
990 550 1213 617 Quintus
1246 550 1478 620 denique
1503 550 1814 604 Cointianus
1844 548 2007 603 codex
2032 564 2063 605 e
2085 564 2174 604 re-

586 642 671 710 gia
716 642 1032 697 bibliotheca
1064 642 1151 696 vix
1180 652 1409 711 quatuor
1431 642 1597 696 libros
1624 640 2028 709 complectitur,
2064 650 2172 695 tam

587 736 913 803 negligenter
935 733 1263 804 descriptos,
1298 743 1355 787 ut
1385 735 1527 788 inter
1556 734 1728 802 capita
1757 749 1877 802 quae
1915 736 1968 788 in
1999 732 2175 789 indice

587 834 974 893 memorantur,
994 835 1049 880 et
1078 827 1190 895 ipsa
1221 827 1450 895 capitula
1478 827 1528 880 in
1558 826 1693 880 libro
1717 827 2007 897 descripta,
2032 827 2172 882 nulla

585 914 655 970 sit
679 918 1073 972 convenientia.
1101 918 1270 973 Immo
1296 918 1433 972 liber
1459 929 1679 987 quartus
1700 918 1897 974 desinit
1924 920 1977 973 in
1999 920 2174 989 capite

587 1010 678 1076 i7,
709 1018 765 1063 et
810 1019 985 1064 tamen
1016 1010 1173 1079 hujus
1217 1010 1336 1065 libri
1370 1011 1544 1064 omnia
1591 1011 1823 1080 capitula
1855 1012 1907 1065 in
1938 1011 2173 1067 indiculo

566 1090 683 1165 ipsi
719 1101 937 1171 pra‘ﬁxo
964 1110 1346 1155 memorantur.
1378 1100 1491 1155 Non
1516 1109 1694 1155 tamen
1731 1102 1953 1156 mutilus
1979 1111 2063 1156 est
2082 1117 2175 1156 co-

585 1191 686 1246 dex
718 1206 733 1244 :
766 1192 858 1245 sed
910 1200 1030 1257 post
1079 1191 1176 1244 hos
1226 1190 1475 1245 Historiae
1526 1189 1690 1245 libros
1741 1189 1794 1244 in
1835 1205 1902 1245 eo
1931 1192 2173 1261 sequitur

584 1280 791 1338 Adonis
820 1280 1124 1336 Cbronicon
1156 1280 1341 1337 eadem
1386 1281 1607 1336 omnino
1637 1297 1794 1336 manu
1818 1281 2167 1353 descriptum.

651 1374 743 1430 90.
790 1372 912 1429 Alio
954 1374 1081 1428 item
1120 1386 1434 1445 argumento
1480 1374 1733 1442 probatur
1769 1389 2012 1445 magnam
2064 1392 2170 1430 non

582 1480 701 1521 esse
722 1465 1122 1521 Cointianorum
1146 1466 1386 1521 codicum
1409 1466 1777 1521 auctoritatem
1793 1466 1858 1519 ad
1876 1467 2165 1521 resecanda

581 1572 647 1610 ex
678 1555 936 1625 Gregorio
985 1556 1262 1626 complura
1313 1555 1563 1610 Historiae
1610 1557 1746 1621 loca,
1798 1556 1935 1625 quod
1980 1574 2170 1628 nempe

2281 365 2455 416 vernis
2479 375 2568 417 aut
2592 364 2891 417 Turonibus
2916 364 3067 433 longe
3088 366 3291 418 dissitis
3303 378 3700 422 commorantes
3720 366 3855 424 baud

2279 453 2500 508 multum
2531 455 2808 509 curabant.
2838 453 2996 509 Certe
3025 456 3073 508 id
3119 457 3289 524 ipsum
3320 457 3443 511 fecit
3480 457 3856 529 Fredegarius,

2277 545 2367 612 qui
2400 545 2644 599 Historia:
2677 545 3004 615 Francorum
3032 548 3303 617 epitomeu
3334 564 3399 602 ex
3429 547 3672 618 Gregorii
3720 553 3855 605 scri-

2278 636 2382 704 ptis
2412 634 2745 691 concinna'ns
2793 639 3046 707 pleraque
3092 639 3355 707 ejusmodi
3383 642 3587 707 omisit,
3619 642 3761 711 quod
3792 640 3856 696 ad

2278 743 2364 783 res
2394 729 2678 785 Fraucicas
2698 747 2803 784 non
2837 733 3184 797 pertinerent.
3212 732 3355 787 Idem
3376 733 3618 789 fecerunt
3641 738 3856 807 Anony-

2275 834 2393 874 mus
2415 822 2505 889 qui
2534 823 2631 875 sub
2659 822 2994 877 Theoderico
3020 838 3145 891 rege
3173 826 3405 892 scripsit,
3452 824 3756 891 Aimoinus,
3802 836 3855 879 et

2275 911 2365 965 alii
2395 914 2483 981 qui
2530 912 2698 968 secuti
2723 921 2845 967 sunt
2872 912 3195 967 Francorum
3244 914 3495 968 Historiae
3542 919 3853 983 scriptores.

2276 1004 2449 1057 Aliam
2473 1004 2599 1059 item
2632 996 2885 1059 non-nulla
2914 1006 3194 1059 omittendi
3226 1005 3457 1073 capitula
3488 1006 3749 1061 rationem
3774 1006 3853 1060 ba:

2275 1096 2402 1149 bere
2445 1106 2727 1165 potuerunt
2782 1097 3024 1151 codicum
3072 1098 3294 1151 istorum
3345 1100 3681 1165 scriptores:
3714 1098 3850 1165 quod

2274 1201 2464 1254 nempe
2486 1202 2571 1240 res
2601 1188 2651 1240 in
2680 1188 2783 1241 illis
2811 1188 2943 1242 locis
2965 1197 3192 1242 narrata:
3217 1188 3271 1243 in
3300 1188 3676 1243 Miraculornm
3706 1191 3851 1245 libris

2273 1294 2299 1327 a
2333 1275 2588 1347 Gregorio
2618 1280 2779 1333 editis
2808 1290 3197 1350 repeterentur.
3232 1281 3372 1336 Idem
3402 1280 3453 1335 in
3483 1282 3647 1336 variis
3694 1282 3849 1336 Mira-

2271 1369 2515 1424 culornm
2542 1371 2932 1438 exemplaribus
2960 1371 3156 1426 factum
3179 1372 3527 1442 deprehendi.
3550 1372 3685 1427 Cum
3710 1375 3847 1430 enim

2273 1458 2362 1511 isti
2412 1457 2624 1513 codices
2653 1461 2822 1514 sancti
2874 1460 3101 1521 Martini,
3150 1472 3239 1514 aut
3282 1471 3479 1515 sanctas
3519 1461 3849 1532 Hadegundis

2272 1553 2578 1618 transitum,
2610 1561 2700 1606 aut
2729 1552 2862 1607 alias
2902 1554 3164 1621 ejusmodi
3200 1554 3451 1609 historias
3496 1557 3725 1609 seorsim
3755 1559 3847 1610 sub

579 1664 687 1702 non
718 1651 902 1702 eadem
937 1651 987 1701 in
1017 1648 1264 1701 omnibus
1297 1648 1413 1701 istis
1444 1646 1754 1714 codicibus,
1798 1647 1890 1702 sed
1922 1649 2063 1702 varia
2112 1651 2161 1701 in
2198 1656 2240 1714 Β
2264 1646 2509 1699 sermonis
2536 1644 2793 1717 Gregorii,
2817 1649 3111 1716 autquovis
3137 1649 3260 1712 alio,
3290 1649 3442 1702 titulo
3462 1650 3845 1715 exhibuissent,

581 1740 747 1795 variis
777 1740 1002 1811 capitula
1035 1738 1430 1796 desiderentur.
1458 1740 1683 1793 Exstant
1700 1740 1895 1808 quippe
1912 1740 2166 1794 nonnulla

581 1835 635 1887 in
668 1832 975 1887 Gorbeiensi
1006 1841 1101 1885 aut
1148 1831 1201 1885 in
1234 1832 1622 1897 Bellovacensi,
1655 1846 1778 1901 quae
1812 1831 1864 1885 in
1896 1831 2164 1900 Mettensi,

577 1923 893 1977 Michaelino
924 1933 1015 1975 aut
1060 1923 1225 1992 liegio
1257 1938 1363 1977 non
1389 1936 1713 1987 occurrunt;
1745 1933 1797 1977 et
1828 1924 1942 1977 vice
1979 1939 2162 2001 versa,

575 2015 677 2069 alia
708 2028 831 2069 sunt
864 2017 914 2070 in
949 2016 1066 2070 istis
1097 2027 1187 2069 aut
1219 2015 1272 2069 in
1315 2016 1595 2082 alterutro,
1640 2031 1760 2085 quae
1810 2031 1915 2071 non
1970 2018 2168 2072 habent

576 2104 972 2161 Bellovacensis
999 2106 1170 2162 codex
1198 2116 1290 2160 aut
1317 2104 1656 2161 Corbeiensis
1681 2124 1697 2172 ;
1730 2107 1801 2161 ita
1835 2122 1891 2163 ut
1922 2110 2063 2164 nulla
2090 2126 2159 2165 ex

574 2198 692 2250 istis
722 2197 999 2252 codicibus
1027 2208 1170 2251 certa
1195 2199 1365 2267 possit
1397 2199 1583 2254 haberi
1598 2203 1799 2269 regula.
1823 2201 1877 2254 Si
1902 2204 2044 2257 enim
2075 2219 2166 2258 co-

574 2287 671 2341 dex
696 2285 1035 2342 Corbeiensis
1055 2288 1269 2342 caeteris
1284 2285 1619 2357 praeferatur,
1644 2300 1700 2344 ut
1723 2300 1843 2359 pote
1871 2292 1977 2347 illis
1999 2295 2164 2349 multo

574 2377 844 2445 antiquior
874 2386 929 2431 et
970 2378 1249 2447 integrior,
1274 2378 1383 2447 jam
1418 2379 1689 2435 vacillabit
1728 2391 2043 2438 cancrorum
2071 2401 2165 2440 au-

573 2474 827 2536 ctoritas;
880 2486 1072 2538 nempe
1116 2471 1207 2540 qui
1253 2474 1418 2526 variis
1466 2482 1624 2527 erunt
1666 2475 2162 2544 iuterpolationibus

579 2559 823 2614 admixti.
857 2558 1018 2629 quue
1046 2561 1329 2616 dicendum
1361 2562 1551 2618 eritde
1588 2564 1893 2621 Gorbeiensi
1925 2567 2041 2638 ipso
2070 2580 2163 2625 aut

574 2650 959 2721 Bellovacensi,
992 2653 1037 2707 si
1071 2652 1221 2722 Regii
1252 2662 1343 2708 aut
1366 2665 1511 2709 certe
1557 2654 1830 2711 Meltensis
1874 2659 2161 2715 auctoritas

570 2745 785 2800 caeteris
810 2746 1184 2814 anteponenda
1210 2755 1513 2800 censeatur.
1544 2746 1712 2801 immo
1762 2751 1889 2803 velit
1918 2748 2049 2805 nolit
2081 2751 2160 2805 vir

571 2835 831 2899 eruditus,
860 2852 958 2890 nec
985 2836 1344 2900 Gorbciensis,
1381 2852 1479 2891 nec
1510 2837 1724 2908 Regius,
1756 2848 1845 2893 aut
1870 2841 2004 2895 alius
2033 2843 2156 2911 qui-

522 2922 527 2928 ’
570 2928 654 2982 vis
684 2943 749 2983 ex
774 2928 1068 2983 Cointianis
1089 2927 1364 2982 codicibus
1386 2944 1413 2981 a
1439 2944 1661 2984 censura
1692 2934 1885 2999 poterit
1910 2947 2030 2989 esse
2053 2934 2156 2988 im-

2276 1732 2392 1788 haec
2423 1735 2533 1803 ipsa
2558 1736 2785 1805 capitula
2817 1739 2931 1791 suis
2956 1739 3086 1793 locis
3111 1738 3306 1793 omissa
3336 1749 3463 1793 sunt
3493 1740 3544 1794 in
3579 1743 3733 1796 libris
3760 1743 3845 1796 Mi-

2271 1826 2599 1892 raculorum,
2650 1843 2769 1897 qua:
2801 1837 2977 1884 tamen
3010 1847 3073 1884 ex
3117 1830 3220 1884 illis
3267 1842 3519 1901 excerpta
3551 1848 3655 1886 non
3688 1832 3844 1889 fuisse

2269 1933 2430 1972 nemo
2457 1919 2673 1974 dixerit.
2705 1922 2842 1988 Quin
2873 1932 2925 1975 et
2948 1922 3314 1977 Miraculorum
3347 1924 3511 1977 libros
3532 1940 3561 1978 a
3588 1924 3846 1995 Gregorio

2269 2009 2462 2076 editos,
2491 2013 2733 2066 eamdem
2765 2027 2827 2067 ac
2869 2012 2982 2082 ejus
3014 2013 3298 2067 Historiam
3349 2025 3549 2068 sortem
3600 2014 3845 2071 habuisse

2271 2102 2408 2159 infra
2439 2102 2754 2170 videbimus,
2784 2102 3041 2171 siquidem
3061 2104 3301 2158 nonnulli
3326 2116 3612 2159 occurrunt
3637 2104 3846 2161 codices

2277 2210 2406 2250 mss.
2441 2196 2491 2248 iit
2523 2194 2735 2265 quibus,
2767 2194 2981 2250 omissis
3013 2196 3206 2263 passim
3238 2196 3418 2250 multis
3439 2198 3708 2265 capitulis,
3740 2212 3845 2253 ce-

2268 2297 2378 2340 tera
2403 2294 2878 2354 repraesentantur,
2920 2301 2986 2340 eo
3017 2287 3172 2341 modo
3197 2300 3259 2341 ac
3288 2288 3332 2341 si
3358 2287 3424 2342 de
3454 2287 3593 2341 facto
3619 2288 3699 2341 illi
3728 2288 3844 2344 libri

2265 2380 2417 2446 plura
2448 2392 2555 2430 non
2585 2377 3087 2446 complecterentur.

2335 2468 2421 2522 9i.
2445 2469 2547 2522 Has
2571 2484 2730 2538 porro
2750 2485 2838 2523 res
2855 2471 3173 2538 singulares,
3195 2479 3248 2525 et
3260 2471 3429 2525 series
3448 2471 3844 2543 episcoporum,

2267 2570 2357 2613 aut
2380 2560 2669 2616 celebrium
2698 2565 2930 2614 virorum
2959 2562 3158 2629 exitus,
3182 2576 3302 2629 qua)
3323 2562 3501 2617 omnia
3530 2563 3845 2634 interpolata

2265 2662 2450 2706 censet
2479 2652 2754 2717 Cointius,
2786 2664 2839 2707 et
2869 2657 3246 2720 epitomatores
3292 2654 3611 2721 omiserunt,
3656 2658 3847 2709 merito

2264 2751 2445 2797 tamen
2479 2745 2528 2797 in
2560 2760 2708 2799 suam
2743 2745 3025 2798 Historiam
3058 2746 3347 2799 admiserat
3387 2743 3698 2815 Gregorius,
3732 2750 3842 2817 qui,

2260 2836 2335 2889 uti
2366 2835 2420 2889 in
2453 2836 2668 2905 prologo
2699 2845 2907 2903 monet,
2941 2852 3045 2889 non
3077 2838 3246 2889 solum
3278 2852 3461 2907 regum
3494 2848 3589 2890 aut
3636 2838 3841 2906 princi-

2259 2942 2384 2997 pum
2410 2936 2558 2997 gesta
2589 2927 2893 2982 describere
2926 2927 3252 3004 instituerat,
3281 2943 3463 2983 verum
3496 2928 3658 2983 etiam
3691 2946 3846 2984 enar-

570 3017 745 3072 munis
765 3059 780 3085 ,
809 3026 866 3071 ut
896 3029 1017 3087 pote
1044 3021 1132 3087 qui
1167 3020 1398 3074 universi
1431 3037 1533 3075 non
1581 3024 1711 3076 satis
1749 3034 1999 3080 accurate
2041 3029 2153 3081 si"-
2187 3039 2232 3100 ρ
2270 3035 2394 3076 rare
2425 3020 2687 3087 ﬁdelibus,
2719 3035 2821 3091 qua
2851 3018 3057 3074 ratione
3085 3020 3373 3075 defensataa
3404 3020 3632 3076 inissent
3662 3022 3845 3078 Eccle~

574 3123 697 3163 cera
746 3109 990 3178 Gregorii
1038 3122 1201 3178 opera
1250 3120 1733 3183 repra-‘sentarn.it,
1769 3127 1861 3169 aut
1922 3117 2159 3188 interpo-

571 3200 675 3253 lata
717 3200 1068 3263 admittendo,
1102 3211 1193 3254 aut
1239 3202 1450 3257 sincera
1502 3204 1812 3273 rejiciendo.
1857 3207 1974 3277 Ipse
2016 3211 2159 3265 enim

571 3287 740 3342 codex
789 3288 1128 3344 Corbciensis
1177 3305 1273 3344 sex
1318 3292 1654 3347 solummodo
1700 3295 1943 3364 Gregorii
1993 3298 2160 3353 libros

571 3377 809 3444 exhibet,
831 3380 1075 3449 quamvis
1103 3381 1281 3450 plures
1314 3381 1474 3437 fuisse
1503 3398 1600 3438 nec
1622 3385 1737 3453 ipse
1764 3386 2011 3443 Cointius
2043 3390 2159 3444 inii-

572 3471 764 3535 ciatur,
810 3472 900 3540 qui
931 3471 1145 3540 quidem
1178 3472 1295 3526 libri
1318 3474 1426 3543 jam
1457 3490 1521 3528 eo
1552 3484 1794 3546 tempore
1841 3496 1947 3547 quo
1988 3483 2154 3537 codex

569 3561 660 3617 ille
685 3564 918 3633 scriptus
945 3572 1029 3618 est
1061 3566 1169 3619 noti
1194 3576 1378 3633 erant;
1410 3567 1523 3635 ipse
1551 3569 1716 3633 enim,
1750 3574 1885 3626 sicut
1911 3583 1963 3626 et
1984 3571 2159 3628 Bello-

568 3657 835 3721 vacensis,
862 3654 1022 3709 habet
1049 3656 1166 3709 libri
1196 3671 1262 3710 vu
1288 3657 1666 3728 fragmentum.
1690 3660 1893 3719 Deinde
1911 3662 2156 3721 Bellova-

567 3748 745 3804 censis
774 3748 825 3801 in
859 3748 993 3804 libro
1020 3764 1056 3803 tt
1087 3748 1277 3803 transit
1304 3765 1333 3804 a
1363 3753 1538 3814 capite
1572 3752 1632 3807 l9
1657 3754 1721 3808 ad
1747 3766 1905 3824 caput
1933 3757 2022 3826 52,
2056 3775 2154 3815 nec

568 3848 745 3895 tamen
777 3841 954 3893 omnia
984 3841 1319 3907 intermedia,
1354 3843 1436 3897 vel
1473 3844 1586 3911 ipso
1618 3844 1813 3899 fatente
1841 3846 2069 3913 Cointio,
2102 3860 2156 3905 et

570 3932 785 4001 quidem
814 3933 1167 4004 refragaretur
1191 3936 1361 3989 codex
1388 3932 1750 4000 Corbtiensis,
1794 3938 1899 3993 dici
1932 3950 2154 4009 possunt

569 4024 909 4092 interpolata.
940 4024 1203 4079 Nonnulla
1236 4027 1413 4094 itaque
1441 4038 1629 4096 sponte
1655 4036 1711 4083 et
1747 4028 1866 4083 data
1897 4044 2056 4100 opera
2086 4047 2151 4087 ex

565 4114 812 4185 Gregorii
854 4116 1106 4186 operibus
1158 4119 1211 4170 in
1245 4119 1356 4171 istis
1404 4119 1679 4173 codicibus
1721 4131 1958 4175 resecuta
2007 4132 2149 4187 sunt,

566 4215 620 4259 et
647 4206 861 4275 quidem
894 4208 1014 4263 libri
1061 4209 1270 4277 integri.
1315 4209 1510 4274 Quidni
1555 4222 1609 4265 et
1651 4212 1851 4279 aliquot
1901 4214 2151 4283 capitula,

567 4314 688 4367 quae
730 4299 795 4353 ad
826 4314 936 4353 rem
968 4316 1118 4355 suam
1145 4302 1319 4357 facere
1362 4318 1467 4357 non
1515 4305 1893 4361 existimabant
1940 4308 2151 4364 illorum

569 4391 887 4461 scriptores,
919 4402 1010 4446 aut
1033 4402 1181 4447 certe
1211 4396 1609 4463 epitomatores.
1642 4395 1772 4463 Quae
1792 4396 1934 4452 enim
1983 4402 2153 4467 potuit

567 4495 688 4535 esse
724 4483 860 4535 ratio
876 4483 1241 4551 scriptoribus
1267 4482 1372 4537 illis
1416 4484 1581 4539 libros
1614 4486 1939 4554 posteriores
1963 4503 1995 4542 e
2022 4487 2153 4545 Gre-

565 4573 787 4642 goriana
831 4572 1065 4628 Historia
1097 4589 1201 4627 non
1249 4573 1621 4642 describendi,
1653 4576 1838 4631 eadem
1873 4579 1969 4633 fuit
1996 4584 2153 4637 omit-

565 4664 713 4719 tendi
737 4679 767 4719 e
794 4663 1061 4734 prioribus
1090 4664 1362 4734 complura
1385 4667 1635 4732 capitula.
1659 4667 1813 4733 Quod
1835 4669 1879 4723 si
1907 4686 2023 4726 mea
2048 4688 2151 4727 non

563 4773 651 4812 me
682 4756 817 4811 fallit
842 4755 1171 4826 conjectura,
1204 4759 1493 4827 scriptores
1523 4761 1597 4814 illi
1631 4760 1914 4818 Historiam
1963 4780 2150 4835 regum

563 4850 896 4905 Francorum
927 4849 1127 4904 habere
1157 4850 1442 4917 volebant,
1473 4866 1501 4904 a
1553 4854 1846 4921 peregrinis
1891 4858 2152 4912 narratio-

565 4942 721 4994 nibus
745 4941 1208 5011 peculiaribusque
1234 4940 1390 4997 factis
1410 4955 1764 5013 segregatam,
1782 4947 1925 5001 unde
1946 4961 2009 5001 ea
2033 4964 2151 5018 qua:

561 5035 628 5085 de
650 5032 742 5087 illo
771 5044 1087 5103 argumento
1110 5034 1397 5105 Gregorius
1418 5037 1729 5106 scripserat,
1762 5044 1967 5092 exarari
1999 5054 2152 5093 cura-

561 5138 708 5193 runt,
738 5129 950 5184 omissis
992 5129 1111 5184 aliis
1142 5130 1324 5197 rebus,
1373 5146 1492 5199 quas
1539 5132 1604 5185 ad
1643 5147 1797 5187 suum
1852 5133 2148 5188 institutum

564 5232 670 5270 non
700 5222 1032 5286 spectabant.
1085 5222 1295 5277 Etenim
1344 5221 1518 5292 capita
1567 5223 1654 5277 illa
1698 5239 1813 5293 qua:
1862 5224 2075 5279 codices
2116 5240 2146 5279 a

561 5309 771 5364 Cointio
794 5313 988 5368 laudati
1016 5331 1121 5370 non
1156 5316 1377 5384 habent,
1408 5334 1469 5372 ea
1516 5329 1641 5372 sunt
1686 5334 1805 5389 quae
1849 5320 2147 5389 singulares

560 5403 763 5469 aliquot
802 5418 1059 5471 personas
1085 5409 1374 5478 attingunt,
1405 5424 1598 5479 quasve
1626 5411 2020 5479 episc0porum,
2052 5424 2148 5479 po-

564 5494 831 5547 tissimum
871 5495 1393 5554 Claromontensium
1424 5511 1476 5555 et
1516 5501 1904 5556 Turonensium
1947 5503 2142 5558 seriem

562 5595 969 5658 repraesentant,
998 5600 1088 5647 aut
1110 5592 1210 5649 alia
1231 5592 1532 5663 ejusmodi,
1556 5611 1675 5665 qua:
1718 5595 1985 5650 Fraucicae
2007 5609 2141 5666 gen-

2263 3113 2387 3177 siw;
2421 3120 2678 3179 quantum
2707 3111 2908 3166 Christi
2938 3111 3071 3166 ﬁdes
3104 3115 3153 3166 in
3186 3112 3457 3166 nonnullis
3486 3113 3755 3184 languida,
3792 3117 3843 3169 in

2265 3204 2513 3273 plurimis
2558 3207 2826 3272 ierveret;
2858 3220 3044 3275 quaeve
3076 3205 3270 3260 fuerint
3298 3207 3587 3261 certamina
3615 3207 3846 3279 ﬂagitio-

2262 3304 2582 3361 sorum,aut
2613 3306 2758 3351 recte
2799 3298 3088 3351 viventium
3134 3298 3262 3361 vita,
3304 3306 3360 3351 et
3399 3298 3501 3352 alia
3548 3300 3843 3370 ejusmodi,

2261 3400 2379 3455 qua:
2421 3386 2473 3440 in
2502 3385 2746 3457 Gregorii
2775 3389 3004 3443 Historia
3036 3390 3253 3443 difﬁcile
3285 3390 3644 3459 invenientur,
3688 3411 3842 3450 rese-

2259 3484 2393 3538 catis
2413 3483 2479 3538 iis
2498 3484 2743 3552 capitulis
2761 3500 2880 3552 quas
2902 3485 3140 3540 Cointius
3160 3501 3279 3542 esse
3304 3487 3590 3555 rejicieuda
3618 3501 3844 3545 conten-

2257 3577 2354 3630 dit.
2400 3576 2621 3641 Deinde,
2675 3578 2749 3631 uti
2806 3578 2964 3631 etiam
3012 3579 3224 3649 prmiert
3277 3582 3444 3634 codex
3476 3581 3842 3649 Corbeiensis,

2258 3664 2545 3721 Historiam
2604 3670 3023 3722 ecclesiasncam
3070 3669 3284 3738 scripsit
3340 3668 3665 3740 Gregorius,
3720 3687 3845 3741 qua

2256 3759 2479 3830 proinde
2502 3759 2745 3830 exigebat
2767 3770 2821 3815 et
2840 3760 3209 3830 episc0porum
3232 3763 3421 3825 series,
3447 3776 3502 3818 et
3523 3779 3845 3834 magnorum

2256 3853 2494 3908 virorum
2526 3854 2792 3922 interitus,
2818 3869 3110 3924 eorumque
3136 3856 3389 3923 praeclare
3409 3866 3684 3925 gestorum
3712 3873 3846 3912 nar-

2255 3946 2543 4001 rationem.
2571 3945 2627 4000 ld
2658 3946 2888 4002 fecerant
2926 3946 3175 4001 Historia:
3202 3949 3576 4003 ecclesiasticae
3605 3954 3846 4022 scripto-

2256 4054 2343 4093 res
2372 4039 2632 4109 Gregorio
2662 4040 3021 4108 antiquiores,
3070 4055 3205 4110 quos
3253 4040 3367 4110 ipse
3408 4042 3510 4096 sibi
3554 4043 3846 4100 imitandos

2253 4139 2636 4199 proposuerat,
2678 4141 2732 4185 et
2775 4130 3108 4199 potissimum
3158 4131 3420 4188 Eusebius
3461 4134 3844 4204 Caesariensis,

2254 4225 2342 4290 qui
2375 4233 2567 4292 praeter
2594 4226 2828 4278 virorum
2855 4226 3146 4280 celebriora
3177 4235 3347 4296 gesta,
3376 4229 3647 4299 catalogus
3675 4232 3845 4284 etiam

2254 4317 2633 4384 episcoporum
2666 4316 2913 4371 Historia:
2941 4332 3051 4371 sua:
3084 4319 3392 4374 interseruit
3423 4335 3527 4375 non
3554 4321 3727 4375 solum
3756 4337 3847 4377 se-

2184 4436 2232 4496 D
2258 4407 2402 4461 dium
2437 4407 2889 4475 patriarcbalium,
2915 4409 3007 4464 sed
3033 4419 3087 4464 et
3106 4408 3455 4466 Caesariensis
3480 4412 3730 4467 Ecclesiae
3757 4415 3845 4469 cui

2262 4507 2506 4566 praeerat,
2531 4509 2585 4553 et
2605 4498 3084 4569 Jerosolymitanae,
3117 4518 3235 4571 qua:
3266 4511 3389 4557 tunc
3414 4519 3524 4558 sua:
3551 4508 3847 4573 metropoli

2255 4601 2371 4646 erat
2392 4592 2649 4659 subjecta.

2327 4683 2414 4736 92.
2449 4682 2553 4738 Sed
2580 4694 2635 4739 et
2677 4684 2919 4753 palmari,
2951 4693 3008 4737 ut
3055 4684 3183 4739 mihi
3236 4687 3466 4752 videtur,
3518 4701 3849 4759 argumento

2256 4774 2427 4829 evinci
2460 4785 2630 4844 potest
2659 4816 2673 4838 ,
2706 4775 2988 4831 Historiam
3020 4778 3261 4848 Gregorii
3293 4781 3343 4834 in
3374 4780 3643 4836 codicibus
3670 4783 3847 4839 Goin-

2257 4866 2414 4919 tiauis
2442 4866 2801 4920 abbreviatam
2834 4867 3028 4934 fuiSse,
3055 4878 3214 4939 atque
3243 4887 3309 4926 ex
3339 4872 3604 4941 ampliori,
3659 4875 3736 4929 uti
3792 4878 3846 4931 in

2256 4956 2375 5008 aliis
2403 4955 2678 5010 codicibus
2708 4957 2952 5023 habetur,
2983 4959 3332 5027 decurtatam,
3363 4963 3407 5016 si
3438 4963 3847 5023 demonstretur

2253 5049 2531 5117 complura
2569 5051 2741 5120 capita
2774 5052 2967 5119 passim
3000 5052 3052 5106 in
3081 5053 3274 5108 Cointii
3304 5058 3705 5127 exemplaribus
3748 5063 3847 5115 ha-

2252 5143 2384 5208 beri,
2415 5158 2538 5215 qua:
2580 5148 2935 5200 necessariam
2966 5146 3165 5203 habent
3192 5165 3312 5205 cum
3340 5152 3446 5207 illis
3471 5153 3602 5222 ipsis
3629 5170 3756 5223 quae
3786 5158 3844 5212 in

2251 5234 2328 5290 eis
2356 5233 2748 5302 desiderantur,
2777 5239 3198 5305 connexionem;
3226 5256 3389 5295 immo
3427 5253 3483 5298 et
3511 5250 3846 5320 quandoque

2249 5340 2313 5381 ea
2340 5326 2540 5385 diserte
2588 5329 2788 5385 laudari
2819 5347 2938 5400 qua:
2967 5331 3282 5403 interpolata
3312 5348 3465 5393 vocat
3490 5338 3761 5407 Cointius,
3790 5347 3845 5401 in

2253 5421 2528 5479 codicibus
2572 5424 2902 5488 Corbeiensi,
2948 5435 3078 5491 etc.,
3114 5426 3167 5482 in
3217 5429 3409 5499 quibus
3433 5433 3595 5488 etiam
3642 5450 3847 5500 senisu:

2250 5522 2333 5568 est
2358 5529 2733 5586 nonnunquam
2765 5531 2985 5574 mancus
3009 5528 3066 5573 et
3093 5519 3457 5589 imperfectus,
3485 5526 3585 5580 nisi
3615 5542 3685 5583 ex
3711 5530 3842 5587 aliis

2249 5605 2520 5663 codicibus
2539 5606 2868 5677 suppleatur.
2898 5608 3117 5680 Aliquot
3148 5611 3304 5683 hujus
3330 5615 3408 5671 rei
3433 5619 3682 5689 exempla
3705 5636 3841 5693 ιηόΔ
