4024 6192
230 158 292 213 77

1741 159 2108 218 PRASF‘ATIO
3476 163 3548 222 τε

233 272 453 329 ferenda
499 279 661 325 sunt.
692 270 757 325 in
813 270 1006 326 codice
1033 272 1368 337 Corbeiensi,
1403 274 1491 343 qui
1544 274 1687 329 solus
1736 291 1856 330 cum
1882 280 1939 338 Α
2041 276 2132 333 95.
2162 275 2329 346 Caput
2359 276 2419 331 2|
2455 277 2574 332 libri
2609 294 2656 341 ν,
2689 276 2738 331 in
2766 280 3039 356 qttovaria
3072 281 3331 351 Sagittttrii
3362 294 3414 339 et
3446 281 3549 341 Ss-

246 366 409 434 Regio
435 364 639 419 libruttt
674 364 922 432 primum
961 363 1206 429 exhibet,
1238 365 1431 419 desum
1457 366 1629 435 capita
1659 367 1856 437 vigesi-

251 474 393 513 mum
432 466 654 512 sextum
696 465 756 510 et
806 455 1122 524 vigesimum
1176 457 1463 521 septimum
1499 475 1511 509 :
1543 474 1649 527 quo
1705 472 1858 527 pacto

252 548 486 618 Gregorii
549 548 802 601 narratio
853 548 923 602 de
978 547 1390 616 imperatoribus
1446 546 1717 615 Romanis,
1769 551 1858 619 qui

250 642 587 697 Christianos
612 643 808 710 primis
824 641 1078 696 Ecclesia:
1102 642 1320 694 sacculis
1343 641 1609 711 persecuti
1626 642 1855 707 fuerunt,

248 734 689 801 interrumpitur.
715 732 936 787 Transit
961 732 1157 800 quippe
1183 747 1212 784 a
1245 731 1457 800 Trztjani
1489 736 1859 801 persecutione

246 833 311 888 ad
343 832 679 895 Decianam,
710 829 931 884 omissis
981 829 1217 892 Adriani,
1269 829 1522 882 Antonini
1565 838 1621 882 et
1673 830 1857 884 Severi

247 924 768 996 persecutionibus,
816 936 949 991 quas
996 931 1173 976 tamen
1224 921 1538 990 Gregorius,
1592 923 1850 992 Eusebii,

248 1018 425 1074 Orosii
454 1025 513 1071 et
544 1015 744 1072 Severi
765 1014 1017 1069 chronica
1041 1012 1190 1081 sequi
1221 1027 1280 1067 se
1300 1012 1591 1081 professus,
1614 1013 1860 1070 omisisse

250 1108 355 1163 dici
381 1122 491 1161 non
526 1114 728 1175 p0test.
762 1104 1081 1174 Complures
1105 1102 1265 1157 etiam
1288 1102 1641 1173 imperatores
1669 1105 1720 1158 in
1766 1119 1860 1160 eo-

253 1218 375 1256 rum
402 1201 547 1255 serie
575 1198 880 1253 exhibenda
911 1196 1338 1265 prastermisisset
1359 1234 1375 1261 ,
1409 1211 1567 1265 quam
1600 1195 1861 1250 nihilomi-

257 1311 358 1350 nus
383 1310 413 1347 a
441 1293 585 1348 iulio
605 1293 817 1346 Caesare
841 1290 905 1344 ad
927 1289 1217 1344 stabilitum
1237 1289 1287 1341 in
1316 1287 1508 1343 Galliis
1531 1288 1858 1344 Francorum

257 1402 483 1453 regnum
517 1384 810 1455 perducere
858 1383 1116 1450 integram
1162 1379 1531 1436 constituerat.
1566 1379 1621 1434 lit
1671 1381 1859 1435 eodem

256 1481 451 1536 codice
515 1477 822 1533 Gorbeiensi
858 1482 1019 1545 caput
1062 1473 1392 1544 trigesimum
1430 1473 1662 1542 primum
1711 1475 1861 1529 deest

258 1587 389 1627 cum
419 1579 646 1640 quatuor
674 1565 1046 1634 sequentibus.
1082 1564 1136 1617 lu
1167 1578 1234 1618 eo
1266 1575 1441 1618 tamen
1469 1573 1629 1631 caput
1655 1563 1860 1632 trigesi-

1965 368 2087 420 Iouii
2119 368 2491 435 episcoporum
2522 369 2717 438 flagitia
2746 368 3031 439 Gregorius
3061 372 3363 441 descripsit,
3391 374 3549 429 deest

1963 458 2012 510 in
2041 458 2313 511 codicibus
2353 458 2686 526 Corbeiensi,
2737 455 3103 515 Bellovacensi
3136 472 3190 517 et
3230 462 3540 520 Colbcrtino

1960 565 2052 603 seu
2086 550 2254 603 sancti
2286 549 2491 605 Aruulti
2527 567 2538 601 :
2571 559 2625 605 et
2656 559 2831 605 tamen
2874 552 3033 606 iidem
3079 554 3293 609 codices
3343 555 3544 611 habent

1960 652 2119 710 caput
2144 641 2216 694 28
2255 642 2496 711 ejusdem
2549 643 2665 695 libri
2715 643 2855 712 quod
2902 645 3182 701 manifeste
3227 648 3540 718 vigesimum

1964 735 2190 800 primum
2232 736 2502 804 supponit.
2553 736 2641 789 Sic
2684 739 2824 789 enim
2877 738 3034 793 habet
3082 736 3368 809 Gregorius
3408 744 3543 798 hanc

1960 844 2173 882 causam
2205 840 2500 884 retractatis
2528 848 2542 884 :
2575 830 2766 883 Contra
2808 830 3144 902 Sagittarium
3174 845 3220 887 et
3269 833 3543 890 Salonium

1960 923 2218 993 episcopos
2263 925 2478 978 iteratur
2506 924 2598 977 illa
2640 924 2854 989 antiqua
2889 926 3177 981 calamitas.
3224 926 3546 993 Ubjt'ciuntur

1958 1016 2029 1070 eis
2054 1016 2289 1082 crimina,
2320 1028 2422 1070 etc.
2453 1014 2640 1085 Capite
2680 1027 2857 1070 autem
2887 1015 3073 1070 ultimo
3117 1016 3356 1087 ejusdem
3401 1018 3543 1083 I-hri,

1960 1110 2101 1178 quod
2131 1111 2306 1165 nullus
2331 1111 2499 1165 codex
2528 1126 2633 1165 non
2661 1110 2840 1176 habet,
2871 1111 2987 1166 haec
3034 1112 3195 1167 verba
3251 1113 3497 1183 leguntur
3527 1130 3542 1167 :

1961 1200 2133 1272 Igitur
2153 1218 2266 1256 cum
2292 1204 2404 1256 vale
2434 1212 2544 1271 post
2571 1204 2826 1273 synodum
2856 1212 3188 1258 memoratam
3225 1208 3341 1276 jam
3384 1203 3544 1270 dicto.

1960 1302 2091 1359 etc.,
2123 1311 2240 1363 qua:
2270 1295 2336 1349 de
2387 1294 2595 1363 synodo
2624 1290 2988 1350 Brennacensi
3017 1294 3156 1349 dicta
3208 1305 3351 1358 sunt,
3395 1296 3551 1366 cujus

1962 1395 2078 1440 acta
2108 1395 2162 1440 et
2189 1387 2522 1440 occasionem
2553 1384 3090 1455 ttarravitGregorius
3120 1388 3169 1439 iit
3194 1390 3367 1455 capite
3394 1387 3462 1441 48
3489 1395 3547 1441 et

1962 1476 2308 1546 sequentibus
2338 1476 2605 1532 editorum
2628 1486 2682 1530 et
2704 1485 3005 1531 nostrorum
3032 1478 3545 1545 mauuscriptorum:

1963 1570 2057 1624 sed
2088 1572 2203 1623 haec
2231 1572 2402 1639 capita
2427 1572 2645 1625 omnino
2672 1587 2777 1625 non
2803 1571 3001 1626 habent
3022 1570 3289 1626 Coiutiani
3312 1571 3548 1628 codices.

258 1678 408 1717 mum
452 1669 689 1722 sextum,
718 1658 859 1729 quod
892 1656 1223 1726 trigesimum
1254 1663 1547 1723 nuncupat,
1579 1656 1647 1708 ita
1668 1694 1683 1717 ,
1718 1656 1854 1707 sicut
1888 1646 1930 1705 Β
1958 1661 2095 1727 Quin
2125 1673 2180 1715 et
2202 1660 2317 1715 haec
2346 1662 2457 1726 ipsa
2484 1662 2658 1730 capita
2705 1659 2792 1715 hic
2835 1662 3033 1717 omissa
3084 1663 3366 1718 manifeste
3414 1678 3553 1731 prte-

254 1770 310 1808 tn
340 1755 574 1815 etetctis,
608 1753 818 1820 incipit,
846 1749 988 1803 Tunc
1007 1752 1122 1820 jam
1146 1759 1194 1802 et
1215 1749 1385 1801 lumen
1416 1755 1647 1800 nostrum
1687 1746 1857 1799 exori-

257 1857 411 1899 tur...
445 1842 702 1898 Martinus
727 1857 745 1897 :
769 1843 1196 1897 mendosissime.
1225 1839 1355 1894 Nam
1379 1853 1446 1893 eo
1468 1847 1624 1906 pacto
1644 1836 1854 1891 Martini

255 1941 509 1993 nativitas
541 1934 807 1992 Valeriani
838 1944 893 1989 et
940 1932 1168 1988 Gallieni
1199 1931 1527 2001 temporibus
1572 1929 1853 1998 consigna-

257 2038 438 2093 retur,
498 2028 595 2082 nisi
638 2044 704 2082 ex
755 2026 873 2081 aliis
915 2024 1185 2080 codicibus
1230 2024 1579 2091 suppleantur
1626 2021 1859 2090 quinque

256 2120 470 2189 capita,
502 2119 689 2188 quibus
718 2116 1012 2186 Gregorius
1035 2115 1417 2182 impetatorum
1448 2113 1643 2167 seriem
1675 2126 1705 2165 a
1733 2108 1857 2165 Gal-

256 2214 412 2267 lieno
440 2210 509 2264 ad
540 2208 908 2263 Constantium
939 2204 1174 2269 deducit,
1205 2221 1310 2275 quo
1338 2205 1513 2274 reipsa
1541 2200 1856 2258 Constantio

258 2306 573 2373 imperante
601 2300 888 2355 Martiuum
920 2306 1101 2352 natum
1128 2298 1291 2352 fuisse
1314 2304 1517 2363 narrat,
1543 2295 1700 2365 idque
1721 2296 1860 2350 veri-

259 2398 361 2450 tati
391 2394 614 2449 omniuo
637 2402 1058 2448 consentaneum
1088 2400 1189 2445 est.

333 2485 426 2543 95.
457 2487 747 2554 Gregorius
774 2485 913 2538 libro
939 2498 999 2549 tt,
1033 2482 1207 2551 capite
1232 2482 1286 2547 5,
1321 2479 1571 2536 desctibit
1603 2468 1857 2549 persecu-

259 2582 467 2637 tionem
499 2594 529 2633 a
556 2577 831 2633 Wandalis
853 2576 907 2629 in
938 2575 1113 2629 Africa
1142 2573 1449 2641 excitatam,
1484 2582 1642 2642 atque
1668 2585 1732 2625 ea
1764 2585 1859 2625 oc-

260 2672 487 2729 casione
536 2670 817 2739 epistolam
876 2666 1093 2736 Eugenii
1138 2664 1575 2734 Carthaginiensis
1623 2664 1858 2732 episcopi

264 2771 538 2836 integram
568 2765 809 2829 exhibet,
840 2773 897 2818 ut
928 2764 1149 2817 habetur
1182 2763 1232 2815 in
1282 2761 1439 2815 editis
1466 2770 1521 2815 et
1568 2762 1619 2815 in
1667 2760 1862 2816 nostris

264 2860 573 2916 codicibus.
600 2861 668 2912 At
697 2856 1061 2921 Corbeieusis,
1094 2855 1260 2908 relata
1288 2853 1672 2924 persecutionis
1697 2854 1861 2909 histo-

266 2956 373 3017 ria,
395 2953 678 3023 epistolam
703 2951 922 3013 omittit,
945 2950 1015 3003 ita
1040 2958 1213 3003 tamen
1239 2960 1293 3002 ut
1315 2948 1588 3004 evidenter
1612 2955 1865 3018 appareat

1959 1754 2213 1822 supponit
2240 1766 2398 1822 caput
2429 1754 2500 1807 52
2539 1755 2659 1809 libri
2689 1756 2985 1824 sequentis,
3024 1757 3165 1826 quod
3199 1756 3252 1811 in
3300 1758 3552 1813 omnibus

1959 1858 2171 1911 quoque
2198 1843 2423 1896 habetur
2442 1842 2601 1897 editis
2631 1853 2685 1897 et
2713 1844 2947 1911 scriptis.
2971 1846 3131 1899 etiam
3156 1845 3473 1901 ()ointianis.

2029 1935 2117 1988 96.
2151 1934 2267 1989 Jam
2300 1950 2446 1999 vero,
2480 1935 2740 2004 siquidem
2772 1936 2962 1990 librum
2997 1946 3204 1991 sextum
3251 1940 3546 2009 attigimus,

1967 2025 2288 2095 proferenda
2337 2036 2461 2079 sunt
2501 2027 2658 2080 etiam
2686 2042 2747 2080 ex
2780 2042 2846 2081 eo
2896 2029 3095 2096 aliquot
3132 2029 3399 2098 exempla,
3436 2044 3555 2098 quia

1964 2118 2164 2172 nullum
2219 2118 2519 2186 relinquent
2549 2118 2847 2172 Cointianis
2877 2120 3169 2173 fautoribus
3199 2120 3280 2175 vel
3331 2120 3553 2176 levissio

1961 2226 2105 2265 mum
2138 2210 2548 2279 subterfugium,
2579 2210 2621 2263 si
2653 2210 2894 2266 codicum
2919 2210 3037 2282 ejus
3066 2212 3371 2270 auctoritati
3400 2226 3554 2270 stau-

1963 2301 2086 2355 dum
2115 2301 2459 2364 contendant,
2490 2301 2555 2356 ad
2578 2301 2927 2358 discernenda
2956 2303 3162 2359 sincera
3189 2304 3259 2360 ab
3303 2303 3552 2377 interpo-

1969 2395 2087 2448 latis
2116 2393 2465 2463 Gregorianae
2496 2394 2744 2449 Historiae
2788 2397 2982 2466 capita.
3027 2397 3315 2469 Gregorius
3363 2415 3556 2471 nempe

1962 2495 2120 2554 caput
2146 2483 2214 2539 12
2240 2484 2308 2539 ab
2340 2486 2421 2538 his
2450 2485 2629 2540 verbis
2658 2484 2847 2555 incipit
2875 2503 2889 2539 :
2924 2485 3095 2556 Igitur
3125 2487 3441 2556 Chilperictts
3462 2505 3556 2546 rex

1964 2592 2175 2632 cernens
2201 2578 2292 2631 has
2322 2577 2604 2630 discordias
2631 2578 2762 2631 inter
2803 2577 3015 2645 fratrem
3038 2587 3088 2632 et
3130 2591 3388 2650 nepotem,
3436 2595 3557 2648 quas

1966 2669 2173 2724 scilicet
2203 2667 2488 2733 discordia:
2516 2668 2633 2723 alite
2660 2684 2764 2721 non
2794 2678 2918 2723 sunt
2941 2669 3008 2725 ab
3039 2669 3141 2724 illis
3182 2685 3316 2739 quas
3344 2670 3554 2741 Grego-

1966 2764 2080 2818 rius
2105 2761 2424 2832 prtecedettti
2458 2763 2632 2831 capite
2657 2771 2984 2828 narraverat,
3024 2764 3139 2830 ipso
3160 2762 3359 2820 fatente
3385 2762 3550 2820 Coitt-

1965 2855 2042 2909 tio
2070 2871 2083 2907 :
2116 2853 2255 2923 quod
2282 2863 2457 2908 tamen
2484 2863 2641 2922 caput
2666 2854 2721 2906 ll
2756 2851 3011 2907 omittunt
3035 2854 3247 2910 codices
3268 2854 3375 2911 duo
3394 2855 3554 2912 Coin-

1968 2942 2117 3008 tiani,
2149 2944 2487 2999 Corbeieusis
2516 2944 2721 2999 scilicet
2748 2956 2803 2998 et
2829 2944 3120 3008 Mettensis,
3152 2946 3280 3002 licet
3320 2946 3554 3003 habcztnt

268 3061 391 3102 eam
421 3046 491 3100 de
518 3044 777 3098 industria
807 3042 1226 3111 praetermissam
1257 3038 1453 3105 fuisse,
1486 3042 1563 3094 sic
1595 3038 1738 3094 enim
1770 3040 1859 3093 ha-
1890 3031 1934 3091 C
1966 3034 2360 3091 duodecimum.
2391 3033 2560 3089 immo
2582 3045 2636 3090 et
2667 3036 2824 3089 iidem
2848 3037 2948 3106 ipsi
2973 3037 3081 3091 duo
3106 3037 3320 3094 codices
3353 3037 3553 3093 habent

272 3140 368 3194 bet
396 3146 453 3190 ttt
483 3137 662 3191 castrri
692 3134 907 3189 codices
939 3150 953 3186 :
984 3132 1251 3201 Et'genius
1276 3147 1389 3184 vero
1426 3147 1544 3184 cum
1589 3146 1642 3185 se
1682 3131 1867 3185 videret

275 3232 487 3297 abduci,
508 3228 775 3300 epistolam
793 3229 982 3282 civibus
999 3265 1014 3279 .
1026 3270 1034 3279 .
1048 3265 1061 3281 .
1078 3229 1171 3279 hoc
1184 3228 1330 3279 modo
1353 3225 1629 3280 transmisit
1646 3240 1665 3290 ,'
1683 3234 1738 3281 et
1754 3228 1866 3297 ipsa

277 3326 507 3395 epistola
547 3323 909 3395 praetermissa
955 3320 1240 3375 Historiam
1297 3321 1654 3388 prosequitur.
1704 3318 1870 3372 Paulo

276 3420 505 3477 inferius
525 3418 694 3474 codex
718 3414 1115 3471 Bellovacensis
1136 3411 1418 3467 duodecim
1438 3411 1640 3467 omittit
1656 3426 1866 3477 versus,

280 3511 371 3579 qui
384 3525 605 3566 sensum
619 3508 839 3563 omnino
853 3505 1198 3573 abrumpunt,
1222 3512 1279 3559 ut
1303 3503 1488 3558 videre
1505 3512 1589 3559 est
1607 3517 1704 3558 suo
1726 3503 1867 3560 loco.

280 3603 371 3658 Sic
398 3612 452 3656 et
480 3599 650 3654 codex
691 3597 887 3667 Regius
917 3597 1159 3659 quintum
1187 3603 1243 3650 et
1288 3606 1497 3648 sextum
1528 3594 1698 3662 capita
1728 3594 1871 3663 ejus-

281 3700 405 3749 dem
442 3692 562 3746 libri
611 3689 993 3759 pratermittit,
1023 3686 1077 3739 itt
1110 3688 1300 3754 quibus
1343 3687 1567 3754 irruptio
1608 3686 1785 3739 Attila:
1815 3685 1869 3738 in

278 3786 487 3843 Gallias
515 3790 802 3841 narratur;
834 3781 956 3834 licet
1002 3778 1195 3832 habeat
1243 3777 1549 3846 septimum,
1596 3778 1736 3846 quod
1791 3786 1871 3832 est

280 3878 523 3946 ejusdem
554 3872 868 3944 irruptionis
891 3872 1197 3927 continuata
1228 3880 1484 3925 narratio.

354 3969 445 4023 9t.
463 3967 627 4023 Liber
645 3965 832 4020 tertius
854 3964 993 4018 idem
1012 3973 1092 4018 est
1107 3963 1327 4019 omnino
1350 3962 1401 4016 in
1420 3962 1667 4017 omnibus
1687 3962 1872 4016 codici.

281 4060 416 4123 bus;
443 4057 773 4126 proindeque
820 4070 925 4110 non
951 4064 1036 4110 est
1067 4053 1169 4108 ulla
1197 4054 1263 4108 de
1289 4069 1356 4109 eo
1383 4055 1768 4109 controversia.
1802 4046 1871 4108 At

279 4151 420 4205 libro
440 4158 656 4218 quarto,
689 4147 861 4217 capite
885 4146 973 4211 l5,
1008 4146 1059 4200 in
1089 4146 1275 4202 codice
1299 4144 1630 4208 Corbeiensi,
1659 4146 1798 4200 sicut
1818 4156 1872 4200 et

280 4244 335 4297 in
360 4242 561 4295 nostris
592 4249 643 4293 et
675 4239 728 4291 in
754 4238 935 4304 editis,
979 4236 1270 4306 Gregorius
1317 4235 1539 4306 loquens
1577 4234 1646 4290 de
1690 4236 1869 4290 litania

279 4352 379 4391 seu
407 4334 805 4403 supplicatione
833 4331 900 4387 ad
938 4340 1180 4385 sanctum
1211 4329 1475 4385 lulianum
1509 4329 1869 4384 Brivatensem

1971 3137 2130 3198 caput
2156 3127 2226 3181 24
2257 3128 2495 3197 ejusdem
2525 3127 2666 3191 libri,
2699 3127 2839 3196 quod
2882 3125 2962 3183 Sic
3005 3127 3188 3198 incipit
3221 3146 3236 3185 :
3274 3127 3419 3184 Nova
3461 3132 3557 3183 ite-

1970 3240 2086 3276 rum
2115 3231 2291 3275 contra
2342 3218 2665 3274 Theodorum
2708 3218 2841 3273 bet’ia
2887 3232 3225 3291 consurgunt,
3264 3230 3405 3287 etc.;
3436 3236 3557 3293 quas

1970 3317 2129 3373 verba
2156 3312 2435 3371 manifeste
2463 3323 2517 3369 et
2538 3312 2862 3378 necessario,
2885 3314 2959 3367 uti
2981 3313 3095 3382 ipse
3124 3314 3368 3369 Gointius
3396 3315 3553 3370 fateri

1971 3411 2200 3481 cogitur,
2230 3416 2398 3463 totum
2424 3418 2581 3477 caput
2610 3407 2967 3469 undecimum,
2997 3402 3137 3475 quod
3164 3408 3232 3460 ab
3257 3402 3376 3475 ejus
3404 3405 3556 3460 codi-

1971 3501 2122 3555 cibus
2146 3500 2335 3554 ahesse
2351 3498 2460 3567 jam
2482 3497 2900 3562 observavimus,
2928 3506 3365 3567 pratsuppouunt.
3389 3494 3557 3553 Nobis

1970 3593 2128 3648 etiam
2158 3592 2299 3646 favet
2322 3589 2697 3660 Fredegarius,
2728 3590 2816 3658 qui
2845 3599 3131 3658 utrumque
3175 3599 3355 3657 caput,
3385 3589 3558 3644 unde.

1971 3686 2164 3739 citnum
2192 3685 2398 3739 scilicet
2423 3691 2478 3738 et
2505 3682 2912 3749 duodecimum,
2942 3683 2994 3737 in
3038 3698 3131 3737 sua
3165 3683 3397 3752 epitome
3421 3681 3553 3735 atti-

1971 3779 2063 3850 git.
2092 3779 2270 3845 Quare
2290 3779 2405 3832 lttec
2426 3778 2533 3832 duo
2561 3780 2675 3832 loca
2701 3786 2872 3831 tantas
2902 3776 2954 3829 in
2975 3777 3247 3846 angustias
3270 3774 3551 3844 coujecere

1973 3873 2241 3926 Coitttium
2271 3873 2336 3925 ad
2365 3885 2562 3924 annum
2593 3870 2718 3933 581,
2750 3885 2974 3925 numero
3002 3870 3058 3935 9,
3090 3879 3147 3923 ut
3173 3884 3238 3924 ex
3268 3884 3369 3923 una
3404 3878 3555 3938 parte

1971 3965 2312 4019 undecimum
2344 3972 2524 4033 caput,
2552 3963 2689 4033 quod
2718 3979 2747 4016 a
2779 3964 2889 4017 suis
2915 3961 3187 4018 codicibus
3205 3962 3435 4026 abesset,
3457 3963 3557 4013 illi-

1974 4054 2188 4108 mittere
2218 4053 2500 4122 refugiens,
2523 4068 2585 4107 ex
2600 4054 2765 4108 altera
2788 4066 2916 4107 vero
2937 4062 3151 4121 propter
3184 4060 3289 4106 tam
3320 4062 3544 4114 arctam,

1971 4147 2137 4200 immo
2161 4155 2215 4201 et
2244 4145 2623 4212 necessariam,
2655 4151 2714 4198 ut
2737 4143 2851 4214 ipse
2881 4143 3092 4209 fatetur,
3138 4143 3281 4198 illius
3308 4158 3427 4198 cum
3459 4156 3568 4199 cum

1973 4238 2169 4309 pitibus
2192 4236 2506 4292 duodecimo
2534 4247 2587 4292 et
2613 4237 2868 4306 vigesimo
2897 4244 3089 4308 quarto
3132 4237 3550 4302 connexionem,

1975 4337 2146 4406 ipsum
2178 4334 2332 4404 plane
2358 4345 2611 4403 respuere
2634 4347 2737 4387 non
2762 4320 2943 4397 ausus,
2975 4347 3087 4387 retu
3111 4331 3163 4386 iu
3192 4331 3369 4387 medio
3398 4331 3555 4387 relin-

281 4442 379 4496 per
407 4426 621 4481 Gaitum
646 4425 955 4493 episcopum
986 4423 1245 4487 instituta,
1270 4423 1343 4476 ait
1368 4439 1380 4474 :
1410 4420 1571 4475 Juxta
1592 4422 1870 4475 institutio-
1898 4405 1953 4466 D
1975 4405 2140 4495 quem
2164 4426 2368 4493 maluit,
2399 4426 2530 4479 satis
2557 4440 2676 4481 esse
2704 4435 2849 4500 ratus
2890 4424 3086 4487 dicere,
3116 4433 3277 4494 caput
3306 4424 3407 4479 hoc
3446 4439 3550 4479 un-

279 4537 399 4573 nem
424 4520 593 4574 sancti
624 4516 781 4582 Galli,
805 4517 933 4570 sicut
962 4531 1117 4583 supra
1142 4515 1457 4583 scripsimus.
1493 4513 1666 4568 Locus
1691 4522 1870 4567 autem

281 4615 376 4667 ille
402 4627 563 4682 quem
594 4610 788 4666 laudat.
815 4609 1038 4664 habetur
1062 4622 1222 4671 supra
1256 4607 1429 4677 capite
1473 4608 1683 4678 qttinto,
1728 4607 1871 4677 quod

279 4713 464 4759 tamen
494 4712 659 4772 caput
702 4718 754 4755 ttt
783 4702 898 4770 ipso
927 4700 1111 4755 codice
1153 4699 1483 4766 Corheiensi,
1534 4698 1672 4754 sicut
1716 4708 1769 4753 et
1817 4699 1871 4753 in

279 4784 403 4853 aliis
432 4794 735 4851 Gointianis
759 4793 1114 4849 desideratur.
1144 4792 1331 4859 Capite
1365 4790 1430 4846 tt
1456 4790 1694 4860 ejusdem
1728 4790 1867 4858 libri,

277 4890 422 4959 quod
451 4904 643 4945 omnes
672 4887 852 4957 scripti
883 4886 1111 4949 habent,
1144 4886 1375 4940 Saxones
1419 4887 1598 4939 iterata
1640 4884 1862 4950 insania,

279 4987 541 5040 adversus
594 4981 925 5038 Chlotarium
977 4996 1156 5051 regem
1215 4978 1507 5034 rebellasse
1550 4977 1800 5033 dicuntur
1848 4995 1861 5029 :

281 5080 451 5145 prima
481 5084 657 5130 tamen
683 5088 870 5129 eorum
901 5072 1123 5127 rebellio
1151 5072 1415 5138 descripta
1446 5069 1671 5123 habetur
1694 5067 1868 5134 capite

284 5170 371 5231 to,
400 5169 543 5239 quod
576 5166 793 5222 codices
816 5165 1012 5234 Regius
1037 5171 1095 5219 et
1118 5162 1289 5218 sancti
1322 5159 1527 5215 Arnulfi
1549 5161 1862 5215 omiserunt.

276 5259 366 5313 Sic
392 5269 448 5315 et
476 5260 636 5315 iidem
664 5258 826 5313 ambo
850 5256 1089 5320 codices,
1122 5263 1178 5309 ut
1204 5252 1385 5309 caeteri
1417 5264 1624 5317 omnes,
1671 5250 1868 5304 habent

280 5352 348 5406 tle
368 5351 661 5419 Ghramno,
708 5349 889 5419 capite
917 5348 1003 5412 l6,
1049 5347 1245 5401 diversa
1269 5354 1325 5398 ut
1354 5344 1583 5399 diximus
1611 5343 1869 5397 exercebat

277 5447 433 5496 male.
468 5444 688 5499 Dixerat
714 5450 898 5497 autem
930 5437 1220 5510 Gregorius
1265 5436 1432 5492 fusius
1476 5435 1543 5491 de
1594 5435 1676 5489 his
1715 5434 1870 5488 malis

278 5539 447 5605 capite
474 5537 540 5592 13
568 5538 813 5609 ejusdem
838 5533 959 5590 libri
978 5548 1050 5601 tv,
1080 5536 1219 5604 quod
1244 5531 1297 5587 in
1322 5530 1437 5587 istis
1462 5528 1735 5586 codicibus
1759 5543 1864 5600 non

279 5630 552 5686 invenitur.

1977 4518 2240 4574 decimum
2272 4516 2550 4587 majorem,
2590 4532 2746 4587 quam
2775 4529 2967 4572 caetera
2994 4532 3112 4585 qua;
3140 4518 3190 4571 iu
3239 4517 3553 4574 Corbeiensi

1976 4609 2186 4673 desunt,
2220 4607 2378 4663 fidem
2416 4608 2733 4677 promereri,
2767 4623 2883 4661 cum
2920 4608 3106 4673 desint,
3139 4607 3341 4677 inquit,
3391 4624 3551 4679 argu-

1974 4710 2143 4755 menta
2169 4700 2350 4769 quibus
2374 4700 2629 4768 probetur,
2671 4710 2758 4754 aut
2783 4700 3111 4769 improbetur.
3146 4703 3215 4755 At
3236 4703 3279 4754 si
3314 4701 3427 4755 haec
3454 4699 3551 4752 viri

1977 4793 2168 4848 eruditi
2202 4794 2362 4847 verba
2385 4793 2751 4859 adniittantur,
2795 4805 3045 4847 corruere
3074 4806 3298 4848 necesse
3326 4800 3408 4846 est
3438 4791 3550 4856 illa,

1973 4899 2091 4953 quae
2112 4878 2249 4939 alias
2278 4885 2484 4939 censuit
2511 4880 2837 4940 validissima
2880 4897 3192 4953 argumenta
3220 4885 3285 4938 ad
3312 4883 3549 4953 proban-

1971 4977 2092 5031 dam
2122 4978 2406 5031 multorum
2433 4977 2664 5045 capitum
2691 4978 2743 5030 in
2770 4974 3011 5045 Gregorii
3041 4976 3268 5030 Historia
3311 4976 3550 5045 interpo-

1972 5069 2243 5134 Iationem,
2267 5068 2509 5123 codicum
2541 5069 2746 5123 scilicet
2780 5065 3258 5136 manuscriptorum
3286 5065 3467 5122 fidem.
3490 5066 3550 5121 Si

1971 5160 2185 5229 quidem
2213 5160 2367 5214 allata
2415 5159 2539 5214 licet
2577 5159 2916 5214 Corbeiensis
2958 5168 3012 5212 et
3058 5158 3280 5212 alterius
3326 5154 3551 5226 codicis,

1974 5253 2138 5306 immo
2168 5261 2222 5304 ct
2249 5252 2414 5320 ipsius
2441 5250 2744 5321 Fredegarii
2771 5250 3111 5317 auctoritate,
3162 5253 3352 5308 deesse
3395 5268 3554 5319 argu-

1973 5352 2146 5397 menta
2178 5340 2487 5409 respondet,
2512 5341 2705 5410 quibus
2733 5351 2825 5396 aut
2848 5342 3106 5411 probetur
3146 5350 3239 5396 aut
3284 5343 3555 5411 improb»-

1972 5444 2058 5487 tur
2101 5432 2243 5487 illius
2273 5432 2370 5487 loci
2402 5431 2709 5487 auctoritas.
2758 5431 2911 5487 Haud
2959 5434 3132 5488 minus
3174 5436 3274 5490 sibi
3325 5433 3548 5489 invicem

1969 5525 2242 5582 cohaerent
2268 5529 2437 5596 capita
2469 5525 2797 5597 trigesimum
2828 5536 3075 5597 quartum
3119 5536 3172 5584 et
3216 5529 3548 5601 trigesimum

1969 5622 2211 5696 quintum
2239 5623 2480 5693 ejusdem
2512 5621 2656 5691 libri,
2687 5622 2739 5679 in
2768 5637 2993 5695 quorum
3023 5624 3183 5694 priori
3210 5635 3350 5677 mors
3381 5620 3544 5675 unius
