4024 6192
563 182 632 236 79
2017 180 2397 238 rosarum.
3761 195 3835 250 sn

554 300 843 369 Chilperici
868 298 1004 368 regis
1031 296 1122 350 lilii
1144 295 1482 356 describitur.
1506 293 1645 364 quod
1671 302 1754 348 est
1782 295 2002 348 alterius
2028 300 2140 349 t'un-
2168 303 2216 359 Α
2249 301 2540 365 Michaelis,
2570 301 2736 356 multo
2784 303 3136 362 antiquiorem
3186 317 3240 362 et
3288 308 3526 365 melioris
3568 323 3726 376 ποιω,
3780 317 3834 368 in

555 396 885 454 damentum,
921 399 976 444 ut
1023 400 1143 457 pote
1185 391 1258 441 sic
1307 388 1607 456 incipiens:
1639 386 1776 440 Dum
1818 399 1986 440 autem
2031 390 2137 441 ΙηῙέ

555 494 843 556 agerentur,
870 481 1137 534 nuntiatur
1160 479 1348 547 regina:
1386 493 1597 546 puerum
1627 479 1713 545 qui
1752 487 1978 530 mortuus
2024 479 2132 547 fue-

554 585 659 640 rat,
691 588 796 629 etc.
846 575 910 626 Et
959 581 1133 626 tamen
1183 573 1411 639 primum
1460 584 1490 623 a
1531 570 1824 624 Cointianis
1869 570 2140 626 codicibus

556 670 728 734 abest,
755 669 842 738 qui
876 667 1070 721 habent
1114 666 1361 719 alterum.
1396 664 1625 730 Majores
1654 663 1824 717 adhuc
1863 663 1915 718 in
1944 679 2140 733 augus-

559 765 658 817 tias
684 762 948 817 Cointium
991 762 1195 829 redegit
1239 767 1399 826 caput
1427 756 1493 812 15
1523 757 1763 827 ejusdem
1814 759 1937 814 libri
1983 760 2138 820 sexti,

557 856 696 923 quod
728 871 844 908 cum
871 853 1047 922 capite
1077 853 1321 920 sequenti
1351 852 1421 904 ita
1451 851 1796 920 conjunctum
1824 866 1942 905 esse
1963 852 2056 915 ait,
2085 861 2142 904 ut

555 966 618 1003 ea
649 949 861 1002 vinculo
886 946 1228 1000 indissolubiti
1253 960 1371 999 esse
1400 960 1638 998 connexa
1672 945 1932 1010 fateatur;
1976 955 2030 999 et
2058 956 2141 998 ta-

555 1054 678 1093 men
707 1038 868 1101 priori
902 1036 1101 1090 omisso
1128 1035 1352 1088 alterum
1388 1033 1584 1086 habent
1611 1033 1875 1087 Cointiani
1905 1035 2140 1088 codices.

555 1132 731 1198 Quare
758 1130 845 1183 ille
871 1128 1123 1182 audacior
1148 1126 1402 1180 adversus
1431 1125 1644 1180 codices
1690 1141 1816 1178 suos
1863 1126 2031 1181 factus
2075 1125 2141 1179 ad

555 1239 750 1277 annum
778 1221 907 1286 582,
937 1235 1157 1275 numero
1187 1221 1243 1286 4,
1274 1234 1457 1273 eorum
1491 1219 1862 1275 auctoritatem
1907 1220 1973 1274 ad
2012 1221 2140 1288 reji-

556 1315 739 1369 cienda
771 1314 971 1383 aliquot
1002 1311 1232 1381 capitula
1279 1311 1561 1363 maximam
1595 1326 1715 1365 esse
1763 1311 2024 1373 admittit,
2079 1312 2142 1366 ad

556 1404 830 1460 retinenda
856 1419 980 1458 vero
1011 1419 1112 1457 non
1135 1417 1254 1456 esse
1277 1402 1406 1454 tanti
1428 1402 1696 1470 ponderis.
1719 1403 1947 1455 Alterum
1965 1414 2136 1472 caput.

555 1498 745 1568 inquit,
779 1498 982 1552 scilicet
1012 1498 1075 1550 ισ
1095 1536 1109 1560 ,
1141 1497 1369 1566 quamvis
1400 1497 1451 1548 in
1497 1497 1752 1550 codicibus
1784 1495 2068 1551 Corbeiemi
2098 1507 2144 1552 et

557 1591 796 1646 Mettensi
823 1591 1084 1654 habeatur,
1111 1591 1306 1642 videtur
1328 1605 1434 1642 esse
1464 1589 1754 1654 insititium,
1781 1591 1900 1660 quia
1929 1606 2142 1643 συνηδυ-

2242 409 2348 461 quo
2377 394 2554 448 omnia
2583 395 2802 449 omnino
2828 397 3021 464 capita,
3063 407 3121 451 ut
3144 397 3342 454 habent
3367 401 3519 466 editi,
3545 404 3832 459 continen-

2243 493 2349 538 tur.
2382 487 2447 539 At
2474 485 2579 550 hic,
2613 487 2784 557 inquit
2804 487 3061 553 Cointius,
3087 491 3278 557 codex,
3309 493 3376 545 de
3406 493 3724 550 Micltaelino
3750 497 3828 549 lu.

2241 593 2430 646 quens,
2461 579 2677 632 easdem
2708 595 2924 646 prorsus
2956 595 3041 635 res
3072 593 3250 636 narrat
3287 599 3347 638 ac
3397 584 3544 646 editi.
3583 587 3834 653 proinde.

2241 687 2345 739 que
2377 688 2481 724 non
2504 672 2803 726 conducere
2826 682 3000 740 potest
3019 674 3084 726 ad
3109 675 3544 743 interpolationes
3572 677 3830 746 detegen-

2242 762 2356 817 das.
2383 763 2488 817 Sed
2519 766 2770 833 supponit
2793 767 2872 819 bis
2895 766 3074 820 verbis
3101 771 3181 821 vir
3202 769 3442 822 eruditus
3463 770 3605 838 quod
3629 771 3678 824 ei
3705 787 3832 839 pro-

2244 856 2472 910 bandum
2506 857 2865 913 incumbebat.
2900 861 2972 912 Ita
3003 861 3142 914 enim
3173 863 3408 932 loquitur
3438 864 3587 929 quasi
3617 875 3825 920 eertum

2245 948 2430 1003 fuisset
2462 952 2626 1002 multa
2655 966 2772 1005 esse
2805 952 2855 1005 in
2890 953 3087 1005 ultimis
3115 950 3352 1023 Gregorii
3388 955 3541 1008 libris
3589 955 3830 1022 interpo-

2243 1041 2347 1094 lata
2381 1059 2394 1093 :
2428 1055 2479 1095 et
2507 1042 2609 1095 hoc
2656 1043 2825 1108 ipsum
2856 1043 3033 1096 estde
3076 1059 3180 1112 quo
3227 1045 3563 1112 inquirimus,
3615 1057 3667 1101 et
3713 1047 3830 1115 ipso

2245 1131 2455 1186 volebat
2481 1132 2766 1198 inquirere.
2789 1131 2904 1187 Jam
2935 1150 3062 1187 vero
3091 1134 3133 1188 si
3159 1137 3277 1204 quis
3307 1137 3447 1190 scire
3492 1141 3638 1203 cupit
3680 1154 3829 1204 quaa-

2246 1240 2366 1279 nam
2398 1226 2604 1280 censeri
2639 1226 2831 1279 debeat
2859 1229 3131 1294 utriusque
3174 1227 3372 1282 codicis
3399 1229 3707 1292 auctoritas,
3743 1231 3827 1283 vel

2244 1316 2362 1385 quis
2391 1334 2421 1369 e
2450 1316 2655 1369 duobus
2684 1316 2754 1369 sit
2783 1317 2936 1370 alteri
2970 1317 3350 1385 praaferendus,
3381 1318 3428 1372 id
3456 1333 3520 1373 ex
3551 1320 3816 1388 ipsorum-

2247 1422 2353 1467 ηινι
2379 1411 2620 1465 codicum
2647 1411 2952 1465 conditione
2978 1412 3320 1478 judicandum
3349 1422 3449 1466 est.
3483 1412 3660 1467 Codex
3695 1415 3825 1467 Me:-

2247 1505 2435 1568 tensis,
2469 1513 2524 1557 ut
2551 1519 2658 1570 jam
2707 1504 3127 1568 observavimus,
3175 1519 3237 1557 ex
3291 1505 3570 1572 scriptoris
3624 1506 3824 1560 ineuria

2247 1611 2462 1650 mancus
2493 1606 2546 1650 et
2595 1596 2960 1663 imperfectus,
2990 1596 3173 1649 decem
3222 1596 3385 1650 libros
3432 1598 3822 1665 complectitur,

554 1686 770 1756 periere,
793 1684 929 1753 quod
950 1682 1263 1734 admittinon
1290 1690 1472 1748 potest,
1491 1682 1770 1734 arctissime
1788 1682 2135 1751 conjungitur.
2171 1671 2217 1731 Β
2245 1703 2377 1754 quos
2407 1689 2665 1756 Gregorio
2693 1688 2935 1741 attribuit
2964 1705 2975 1740 :
3008 1688 3099 1742 sed
3133 1688 3333 1758 aliquot
3363 1690 3556 1743 sinceri
3580 1690 3820 1758 Gregorii

554 1780 730 1846 Quare
758 1787 932 1831 autem
955 1777 1198 1845 superius
1225 1774 1431 1827 admitti
1461 1789 1563 1826 non
1600 1774 1784 1842 possit,
1817 1790 1921 1828 uno
1965 1775 2132 1830 verbo

554 1871 791 1936 extionit,
822 1867 961 1939 quod
993 1881 1184 1934 nempe
1212 1865 1440 1920 Felicem
1472 1867 1805 1935 episcopum,
1855 1867 2008 1934 falso,
2059 1869 2134 1922 uti

554 1962 822 2031 conjicere
864 1973 966 2025 est,
1019 1961 1299 2029 vituperet.
1333 1958 1536 2024 Quibus
1574 1958 1746 2014 verbis
1778 1975 1992 2014 omnem
2024 1961 2134 2015 suis

553 2056 824 2111 codicibus
852 2054 1219 2108 auctoritatem
1249 2051 1458 2114 adimit,
1487 2053 1646 2106 etiam
1679 2051 2008 2115 Corbeiensi,
2039 2053 2130 2122 qui

551 2148 688 2202 sicut
718 2155 771 2200 et
800 2146 1000 2212 caeteri,
1035 2145 1150 2212 ipso
1178 2143 1476 2196 affirmante
1507 2143 1738 2205 Cointio,
1786 2144 1988 2196 fabulas
2034 2145 2130 2197 ad-

552 2239 715 2304 misit,
743 2248 794 2291 et
824 2236 1118 2290 calumnias
1147 2234 1405 2287 adversus
1433 2235 1762 2299 episcopum,
1790 2249 1907 2302 quae
1937 2235 2048 2287 sola
2080 2235 2130 2288 ei

553 2329 817 2398 superfuit
865 2325 1176 2394 detegendae
1230 2324 1650 2390 interpolatiouis
1693 2323 1922 2377 occasio.
1981 2323 2132 2379 Unde

553 2424 746 2480 mirum
774 2435 879 2474 non
911 2430 992 2473 est
1021 2420 1063 2471 si
1096 2419 1233 2471 idem
1262 2417 1501 2471 Cointius
1529 2417 1634 2469 alio
1664 2417 1715 2470 in
1748 2418 1864 2471 loco
1883 2415 1951 2471 de
1973 2416 2132 2471 chro-

554 2514 812 2584 nologicis
851 2509 1360 2580 computationibus,
1413 2521 1533 2576 quae
1574 2507 1627 2561 in
1676 2509 1780 2562 fine
1807 2507 1927 2560 libri
1954 2507 2132 2577 quarti

551 2605 890 2674 Gregorianae
926 2602 1171 2656 Historia:
1199 2599 1480 2661 habentur,
1510 2613 1692 2668 agens,
1724 2613 1817 2654 eas
1845 2600 2005 2667 plane
2046 2613 2131 2653 re-

551 2698 715 2771 iiciat,
757 2695 918 2750 veluti
958 2692 1213 2760 Gregorio
1265 2691 1529 2745 immerito
1570 2690 1853 2758 ascriptas,
1906 2691 2030 2744 licet
2076 2691 2127 2744 in

549 2790 793 2846 omnibus
819 2789 1034 2842 omnino
1061 2785 1352 2844 codicibus,
1382 2799 1502 2838 cum
1535 2782 1691 2837 editis
1732 2791 1841 2837 tum
1892 2783 2124 2850 scriptis,

548 2883 708 2938 etiam
737 2879 1046 2936 Corbeiensi
1069 2888 1122 2931 et
1145 2877 1528 2939 Bellovacensi,
1554 2874 1642 2942 qui
1676 2873 1832 2942 paulo
1855 2885 1971 2943 post
1995 2872 2128 2928 Gre-

548 2973 677 3043 gorii
712 2972 882 3028 nostri
909 2980 1117 3026 aetatem
1150 2965 1348 3022 exarati
1376 2975 1528 3030 sunt,
1562 2966 1876 3020 habeantur.
1907 2964 2122 3021 Frustra

2237 1780 2412 1847 capita
2439 1797 2502 1832 ex
2535 1779 2684 1833 libris
2715 1794 2856 1834 nono
2883 1793 2935 1833 et
2966 1779 3176 1834 decimo
3209 1784 3258 1832 itt
3291 1797 3453 1834 unum
3483 1784 3819 1837 consarciuat

2238 1869 2454 1932 librum,
2480 1885 2635 1937 quem
2661 1885 2856 1922 nonum
2876 1869 3126 1938 appellat,
3153 1868 3490 1925 utChronico
3511 1870 3814 1937 Fredegar-

2235 1961 2327 2014 det
2358 1961 2530 2013 locum
2567 1961 2705 2014 inter
2738 1960 2980 2029 Gregorii
3007 1974 3190 2029 opera,
3218 1961 3358 2028 quod
3387 1962 3485 2014 sub
3517 1962 3707 2015 decimi
3754 1963 3819 2015 li-

2235 2052 2315 2106 bri
2351 2052 2503 2105 titulo
2553 2052 2748 2119 posuit.
2783 2051 3060 2107 Librorum
3103 2051 3264 2104 initiis
3308 2052 3358 2106 iu
3407 2053 3596 2107 eodem
3639 2053 3823 2108 codice

2236 2159 2618 2212 nonnunquam
2649 2143 3002 2211 capitulorum
3032 2144 3234 2198 iudices
3282 2145 3696 2209 praemittuntur,
3728 2145 3820 2199 sed

2234 2233 2302 2286 ita
2337 2233 2535 2298 vitiosi,
2571 2243 2626 2286 ut
2655 2231 2920 2301 capitibus
2969 2232 3098 2301 ipsis
3145 2232 3198 2285 in
3246 2233 3383 2287 libro
3433 2234 3718 2302 descriptis
3767 2245 3818 2288 u'

2233 2323 2520 2391 pluritnunt
2547 2338 2651 2376 non
2671 2332 2998 2391 congruant;
3018 2340 3082 2377 ex
3103 2323 3183 2377 his
3205 2325 3454 2378 nonnulla
3479 2327 3820 2392 omittuntur,

2232 2415 2400 2480 aliain
2427 2413 2572 2481 plura
2595 2413 2921 2483 dividuntur,
2945 2430 3325 2484 nonnunquam
3350 2415 3580 2485 denique
3603 2429 3820 2472 contra-

2235 2505 2434 2559 huntur
2461 2506 2566 2560 duo
2595 2505 2649 2559 in
2681 2521 2865 2560 unum.
2900 2506 3042 2560 Idem
3070 2506 3236 2561 codex
3271 2507 3432 2562 habet
3458 2517 3618 2575 caput
3647 2511 3820 2577 septi—

2234 2613 2377 2651 tuum
2409 2597 2530 2651 libri
2557 2614 2610 2664 x,
2641 2598 2782 2668 quod
2813 2609 2868 2652 ut
2893 2599 2944 2653 in
2974 2599 3131 2654 editis
3161 2601 3241 2654 sic
3270 2601 3487 2656 inchoat
3515 2619 3530 2656 :
3564 2601 3632 2655 In
3661 2619 3822 2673 supra

2233 2695 2372 2746 dicta
2398 2693 2617 2760 civitate,
2646 2693 2850 2748 scilicet
2893 2702 3150 2758 Arverna,
3199 2694 3265 2748 de
3313 2709 3414 2764 qua
3463 2703 3640 2750 tamen
3689 2696 3821 2751 urbe

2232 2787 2362 2840 n.bit
2395 2786 2573 2847 habet.
2599 2787 2812 2841 omissis
2842 2787 3102 2855 capitibus
3131 2787 3338 2842 duobus
3371 2788 3820 2856 praecedentibus,

2233 2894 2349 2947 qua:
2381 2878 2606 2948 proinde
2635 2894 2697 2934 ex
2731 2877 2848 2932 aliis
2898 2878 3295 2946 exemplaribus
3338 2879 3632 2947 supplenda
3673 2892 3819 2934 sunt.

2231 2968 2411 3026 Codex
2445 2979 2625 3027 autem
2651 2972 2818 3025 sancti
2867 2970 3141 3025 Michaelis
3188 2970 3340 3026 initio
3381 2972 3594 3039 quidem
3645 2985 3818 3039 caret,

549 3065 731 3134 itaque
753 3059 1278 3117 contenditCointius
1299 3057 1511 3112 codices
1533 3057 1650 3111 illos
1668 3057 1768 3111 sibi
1788 3057 2124 3126 patrocinari,
2155 3053 2201 3116 C
2233 3064 2324 3117 sed
2350 3071 2650 3132 temporum
2679 3062 2894 3132 injuria.
2917 3062 2990 3116 Ex
3015 3061 3204 3117 litteris
3229 3063 3428 3132 quippe
3455 3066 3820 3122 numeralibus

549 3170 683 3227 quos
713 3155 765 3209 in
795 3169 891 3208 sua
934 3152 1198 3206 sententia
1247 3149 1588 3217 interpolatos
1634 3163 1775 3214 esse,
1824 3158 1878 3203 et
1929 3149 2130 3202 incerta

550 3251 836 3306 obtrudere
868 3265 959 3316 pro
987 3247 1149 3300 certis
1199 3245 1312 3312 ipse
1361 3244 1510 3296 fateri
1554 3243 1780 3312 cogitur.
1831 3241 1936 3296 Eos
1986 3242 2130 3310 ipsos

549 3341 850 3399 econtrario
877 3347 1072 3392 nostra:
1094 3335 1371 3389 sententia:
1394 3333 1561 3387 multo
1585 3333 1985 3387 favorabiliores
2009 3348 2129 3387 esse

550 3449 711 3492 nemo
743 3449 846 3488 non
870 3431 1012 3485 videt
1039 3447 1052 3484 :
1079 3428 1338 3497 siquidem
1363 3426 1597 3480 admisso
1617 3425 1780 3479 semel
1805 3427 1887 3493 (ut
1912 3424 2126 3492 quidem

549 3531 665 3583 loca
693 3542 724 3580 a
773 3525 926 3580 nobis
957 3523 1166 3576 laudata
1201 3522 1393 3574 factum
1441 3519 1604 3572 fuisse
1649 3519 1843 3570 invicte
1880 3517 2128 3584 probant)

550 3619 689 3690 quod
721 3633 783 3673 ex
827 3618 1032 3685 integra
1075 3613 1304 3668 Historia
1333 3610 1586 3680 descripti
1619 3609 1817 3663 fuerint
1857 3609 1925 3662 ab
1953 3610 2129 3678 aliquo

550 3715 641 3783 qui
671 3709 1008 3767 solummodo
1033 3717 1181 3778 gesta
1233 3704 1499 3776 praecipua
1529 3704 1782 3772 colligere
1830 3701 2084 3755 voluisset
2111 3720 2125 3766 ;

553 3803 900 3874 Gregoriana.
931 3799 1176 3855 Historiae
1204 3793 1498 3864 integritati
1520 3809 1677 3864 quam
1706 3807 2124 3862 propugnamus,

552 3913 658 3952 non
689 3896 906 3959 obsunt,
957 3902 1011 3948 et
1057 3906 1269 3946 omnem
1315 3905 1466 3944 suam
1514 3889 1883 3942 auctoritatem
1927 3897 2123 3940 sartam

550 3996 746 4044 tectam
775 3984 1048 4040 habebunt
1080 3997 1272 4052 :quam
1299 3995 1428 4035 sane
1465 3979 1544 4034 eis
1579 3979 1864 4035 conciliare
1907 3978 2123 4044 debent,

549 4091 604 4137 et
631 4079 984 4135 eouformitas
1011 4091 1133 4130 eum
1177 4073 1407 4139 caeteris,
1438 4083 1490 4127 et
1518 4073 1824 4138 antiquitas.
1856 4070 2124 4137 Quosdam

547 4175 689 4230 enim
719 4189 781 4228 ex
817 4173 903 4239 iis,
931 4170 1116 4239 quales
1141 4179 1265 4224 sunt
1285 4165 1675 4222 Bellovacensis
1695 4173 1748 4219 et
1763 4164 2122 4230 Corbeiensis,

549 4284 654 4320 non
683 4267 851 4319 multo
876 4273 994 4332 post
1022 4260 1262 4329 Gregorii
1287 4267 1495 4314 aztatem
1518 4259 1742 4327 scriptos
1759 4255 1944 4322 fuisse,
1967 4271 2124 4310 nemo

549 4365 636 4431 qui
665 4377 756 4414 eos
789 4357 1082 4424 inSpexerit
1109 4355 1330 4408 iniiciari
1364 4361 1556 4422 potest.

2233 3153 2282 3206 in
2316 3152 2783 3218 inferioricodicis
2824 3168 2917 3206 ora
2963 3155 3221 3222 appositis
3264 3155 3718 3223 deprehenditur,
3752 3172 3818 3211 ex

2229 3245 2300 3298 20
2327 3245 2763 3313 quaternionibus
2785 3245 2970 3300 decem
2999 3245 3292 3301 desiderari
3314 3248 3366 3302 in
3396 3264 3462 3302 eo
3489 3250 3698 3315 codice,
3729 3253 3815 3318 qui

2234 3340 2462 3404 priorem
2489 3336 2739 3390 Historiae
2762 3346 2991 3405 partem,
3023 3337 3074 3390 id
3100 3338 3435 3406 estquinque
3468 3340 3651 3402 libros.
3676 3356 3814 3395 eon-

2231 3427 2491 3481 tinehant.
2525 3427 2733 3481 Initium
2762 3443 2952 3496 nempe
2977 3427 3124 3483 ducit
3150 3444 3178 3482 a
3209 3430 3387 3499 capite
3411 3431 3440 3482 7
3465 3431 3584 3485 libri
3610 3446 3682 3496 vt,
3721 3448 3820 3488 nec

2231 3520 2488 3589 deinceps
2520 3523 2574 3574 in
2604 3520 2694 3574 illo
2714 3521 2900 3575 codice
2929 3521 3218 3591 quidquam
3249 3522 3426 3576 deest.
3458 3523 3698 3591 Scriptus
3733 3533 3817 3578 est

2237 3613 2395 3679 plano
2423 3620 2479 3665 ct
2505 3611 2695 3679 mquali
2728 3613 3061 3679 charactere,
3091 3613 3177 3681 qui
3205 3627 3376 3667 annos
3403 3612 3467 3665 ad
3493 3613 3667 3667 minus
3690 3629 3819 3682 sep-

2232 3702 2496 3770 tingentos
2526 3700 2780 3770 praeferre
2832 3702 3059 3768 videtur,
3111 3717 3177 3756 eo
3223 3717 3473 3757 exaratos
3517 3704 3675 3774 stylo,
3728 3704 3818 3775 qui

2227 3796 2447 3852 omnino
2477 3797 2847 3866 antiquitatem
2872 3799 3032 3868 sapit,
3057 3798 3269 3867 qualem
3296 3798 3347 3853 in
3379 3799 3638 3867 Gregorio
3665 3801 3815 3856 desi-

2229 3892 2418 3946 derare
2446 3906 2505 3946 se
2533 3891 2721 3946 scribit
2747 3891 2943 3960 passim
2981 3892 3261 3957 Cointius;
3293 3893 3342 3945 id
3389 3903 3471 3946 est
3515 3909 3566 3947 In
3612 3909 3679 3948 eo
3725 3910 3815 3948 ca-

2230 3999 2381 4038 suum
2413 3984 2732 4038 mutationes
2759 3985 3066 4052 frequenter
3092 3995 3410 4049 occurrunt,
3440 3985 3634 4040 litterae
3693 3989 3810 4042 alia:

2230 4093 2328 4145 pro
2352 4077 2474 4130 aliis
2501 4075 2773 4140 adhibita,
2806 4076 3018 4129 nomina
3063 4076 3299 4132 virorum
3344 4077 3558 4148 propria
3586 4078 3816 4134 barbaro

2229 4169 2530 4233 eﬂormata,
2557 4177 2612 4224 et
2639 4178 2834 4223 caetera
2861 4169 3037 4220 omnia
3086 4167 3574 4236 deprehenduntur.
3605 4186 3732 4238 qum
3759 4173 3808 4224 in

2229 4262 2495 4332 prioribus
2523 4260 2864 4330 Gregorianaa
2893 4259 3139 4314 Historiae
3165 4259 3314 4315 libris
3353 4276 3416 4313 ex
3444 4261 3631 4315 codice
3676 4261 3814 4316 Cor-

2227 4353 2428 4408 beiensi
2459 4351 2697 4406 Cointius
2723 4351 2938 4405 laudare
2967 4352 3123 4407 solet.
3145 4353 3410 4407 Caeterum
3445 4353 3497 4407 hi
3521 4360 3627 4406 duo
3655 4355 3816 4409 codi-

621 4453 711 4505 ‘J7-
738 4452 852 4505 Huc
882 4464 1047 4518 usque
1075 4448 1141 4502 de
1168 4462 1261 4500 δεῖ
1307 4444 1567 4511 Prioribus
1615 4440 1955 4511 Gregorianre
2003 4439 2124 4494 His-
2158 4427 2203 4488 ι)
2230 4459 2320 4500 ces
2350 4444 2399 4497 in
2430 4443 2751 4498 bibliotheca
2780 4441 3083 4497 Colbertina
3139 4443 3401 4513 hodieque
3446 4455 3812 4509 asservantnr,

547 4544 700 4596 toria:
727 4538 876 4594 libris
897 4538 1132 4608 egimus;
1165 4539 1230 4588 de
1251 4532 1596 4603 sequentibus
1617 4545 1746 4585 vero
1769 4531 2012 4598 pauciora
2035 4544 2124 4585 oc-

550 4648 773 4696 currunt
818 4635 1042 4691 dicenda
1095 4648 1157 4686 ex
1215 4628 1586 4697 manuscriptis
1633 4626 1944 4691 codicibus,
2003 4641 2121 4679 cum

547 4734 802 4801 deinceps
831 4729 1028 4782 nullum
1061 4723 1307 4778 habuerit
1333 4720 1571 4776 Cointius
1593 4719 1720 4774 satis
1740 4718 2122 4782 autbenticum,

545 4840 654 4894 quo
683 4818 915 4892 potuerit
938 4815 1400 4885 interpolationes,
1433 4821 1490 4866 ut
1519 4811 1630 4880 ipse
1662 4810 1911 4881 loquitur,
1941 4825 1970 4862 a
1999 4825 2121 4877 ger-

548 4931 712 4971 mano
739 4911 981 4982 Gregorii
1015 4919 1158 4964 textu
1207 4906 1531 4960 discernere.
1572 4905 1741 4958 Tanta
1782 4912 1957 4956 tamen
2004 4901 2121 4971 ejus

549 5010 648 5063 fttit
675 5008 729 5060 in
760 5001 1064 5060 resecaudis
1085 4998 1424 5067 Gregorianaa
1447 4995 1692 5050 Historia:
1721 4993 1866 5047 libris
1895 5005 2121 5061 propen-

549 5101 649 5161 sio.
682 5108 736 5152 ut
762 5113 880 5152 cum
911 5109 1029 5149 sese
1052 5093 1263 5148 occasio
1287 5091 1460 5159 aliqua
1483 5088 1676 5142 obtulit
1703 5103 1771 5142 ex
1796 5102 1855 5142 ea
1875 5085 2117 5140 laudandi

550 5192 722 5258 capita
751 5205 866 5258 quae
895 5189 946 5241 in
976 5185 1159 5241 codice
1189 5180 1434 5238 Mettensi
1459 5177 1846 5242 desiderantur,
1873 5177 1985 5244 ipsa
2013 5185 2120 5229 sta-

550 5281 645 5334 tim
673 5279 741 5332 oh
771 5279 874 5331 hoc
899 5278 1073 5332 solum
1106 5274 1245 5346 quod
1275 5275 1328 5326 in
1370 5288 1435 5327 eo
1463 5269 1649 5325 codice
1675 5269 1870 5330 desint,
1915 5278 2006 5321 aut
2041 5272 2120 5320 in-

554 5370 814 5438 terpolata
842 5384 961 5423 esse
986 5413 1000 5437 ,
1033 5377 1126 5422 aut
1151 5369 1337 5421 saltem
1365 5365 1521 5418 dubia
1554 5360 1972 5432 pronuntiaverit
1998 5375 2012 5412 :
2046 5369 2124 5412 ta-

555 5461 711 5516 metsi
742 5459 978 5512 codicem
1003 5459 1139 5511 hunc
1170 5468 1221 5510 et
1253 5457 1617 5526 imperfectum
1651 5469 1767 5508 esse
1793 5463 1847 5508 et
1876 5453 2121 5506 vitiosum

553 5558 668 5621 ipse
695 5550 991 5620 agnoverit,
1037 5558 1091 5601 et
1117 5549 1300 5611 alium,
1333 5555 1392 5601 ut
1422 5546 1551 5600 nihil
1593 5549 1660 5599 de
1689 5545 1896 5600 cantoris
1925 5545 2120 5607 dicam,

554 5662 660 5710 pra;
694 5642 939 5698 manibus
969 5638 1229 5705 habuerit,
1259 5654 1324 5694 ex
1370 5637 1694 5693 monasterio
1723 5637 1924 5692 scilicet
1953 5636 2124 5691 sancti

2229 4538 2362 4606 quos
2388 4535 2456 4590 ibi
2486 4534 2768 4602 unicuique
2796 4533 3080 4588 consulere
3108 4533 3262 4587 facile
3303 4533 3426 4586 erit.
3471 4533 3539 4586 At
3579 4535 3624 4587 si
3667 4544 3815 4589 tanta

2227 4626 2300 4683 sit
2327 4627 2526 4683 codicis
2555 4627 2723 4680 sancti
2756 4625 3029 4680 Michaelis
3076 4640 3184 4692 prce
3233 4625 3474 4680 Mettensi
3499 4627 3812 4691 auctoritas,

2229 4736 2385 4775 nemo
2411 4736 2515 4774 nou
2548 4720 2694 4774 videt
2721 4719 2988 4774 immerito
3012 4735 3041 4772 a
3071 4718 3284 4773 Cointio
3305 4718 3476 4782 capita
3512 4719 3600 4774 illa
3650 4722 3814 4775 inter-

2229 4814 2405 4884 polata
2433 4813 2662 4877 censeri,
2685 4820 2776 4864 aut
2801 4813 3214 4871 certerevocari
3249 4812 3386 4866 inter
3407 4812 3562 4866 dubia
3595 4827 3662 4867 eo
3691 4814 3810 4881 ipso

2227 4905 2421 4968 solum,
2453 4902 2668 4971 quodin
2723 4903 2910 4957 codice
2957 4903 3201 4958 Mettensi
3247 4905 3444 4957 omissa
3489 4906 3618 4964 sint.
3665 4916 3719 4958 et
3759 4906 3810 4958 in

2228 4997 2410 5050 codice
2437 4994 2601 5048 sancti
2634 4993 2903 5048 Michaelis
2929 4993 3240 5048 habeantur.
3267 4997 3370 5050 Sed
3401 4995 3512 5048 haec
3539 4997 3810 5052 sufficiant

2227 5090 2295 5142 de
2322 5082 2592 5140 codicibus
2621 5087 3028 5154 tnanuscriptis;
3079 5088 3185 5155 jam
3217 5089 3281 5141 ad
3326 5099 3702 5158 argumentum
3745 5107 3802 5144 et

2229 5177 2548 5246 Fredegario
2577 5179 2796 5246 petitum
2832 5179 3148 5232 veniendum
3181 5189 3286 5234 est.

2298 5269 2386 5323 98.
2431 5268 2729 5337 Fredegarii
2759 5269 3124 5323 auctoritatem
3159 5279 3355 5324 tantam
3389 5273 3486 5325 bac
3517 5272 3570 5325 in
3593 5283 3810 5327 contro-

2227 5361 2396 5415 versia
2424 5376 2545 5416 esse
2571 5359 2762 5427 passim
2788 5361 3077 5428 proclamat
3098 5360 3359 5424 Cointius,
3385 5370 3442 5414 ut
3469 5361 3618 5415 litem
3644 5373 3808 5416 totam

2225 5471 2287 5510 ea
2313 5457 2424 5509 sola
2465 5455 2640 5510 dirimi
2689 5470 2846 5524 posse
2895 5471 3274 5523 nonnunquam
3302 5460 3718 5522 asseveraverit,
3754 5465 3806 5511 ut

2227 5557 2347 5615 pote
2369 5564 2485 5616 quae
2507 5554 2814 5615 argumenta
2835 5549 2904 5600 ad
2922 5550 3307 5615 confutandam,
3331 5557 3386 5601 ut
3411 5549 3524 5618 ipse
3548 5549 3802 5618 loquitur.

2225 5637 2601 5702 interpolatoris
2629 5638 2902 5691 audaciam
2933 5637 3255 5693 validissima
3285 5639 3672 5694 subminis:ret.
3713 5638 3802 5690 Ve.
