4024 6192
202 266 271 318 δι
1664 260 2059 318 ΡΒίΕΕΑἸΊΟ.
3426 269 3494 325 82

207 397 349 436 rum
362 376 661 447 Fredegarii
683 383 1065 432 auctoritatem
1091 374 1245 431 nobis
1269 376 1437 430 multo
1463 375 1630 445 magis
1654 391 1812 445 quam
1844 379 1892 436 Α
1923 379 2222 446 Rorieonts,
2260 380 2571 443 Adhemari,
2618 382 2946 451 aliorumque
2982 382 3495 452 quamplurimorum

210 472 447 529 Cointio
485 469 662 524 favere
687 468 776 523 vel
802 483 872 523 ex
906 467 1010 523 hoc
1039 468 1154 522 solo
1183 466 1497 535 probamus,
1529 467 1667 536 quod
1699 469 1815 536 ipso

216 566 434 621 fatente
450 561 660 617 Cointio
683 560 851 615 multa
873 575 940 615 ex
966 560 1069 614 illis
1090 557 1355 627 capitibus
1381 559 1656 614 admiserit
1682 560 1815 613 Fre-

215 660 495 729 degarius,
524 672 649 726 quae
679 656 732 711 in
762 655 1039 710 codicibus
1081 653 1246 723 Regio
1272 664 1327 709 et
1354 654 1621 721 Mettensi,
1654 654 1817 707 immo

219 754 389 807 etiam
444 761 499 806 et
548 748 601 803 in
642 746 1009 803 Bellovacensi
1051 744 1453 811 desiderantur;
1503 744 1652 813 plura
1686 760 1817 799 vero

218 841 425 896 ouiittit
473 857 542 898 ex
592 839 818 895 sinceris
859 838 1103 908 Gregorii
1148 838 1422 907 Operibus,
1470 854 1588 908 qua:
1631 852 1817 891 omnes

217 934 471 1001 omnino,
493 933 657 988 etiam
682 931 948 986 Cointiani
979 930 1193 986 codices
1224 930 1437 985 habent.
1472 931 1679 985 Etenim
1712 932 1815 997 pri-

219 1042 370 1080 mum
402 1036 461 1079 ct
489 1032 721 1094 quatuor
761 1024 978 1079 ultimos
1006 1022 1348 1093 Gregorianaa
1378 1024 1627 1079 Historiae
1654 1025 1818 1078 libros

219 1118 490 1188 integros,
522 1117 765 1185 exceptis
795 1118 1004 1170 duobus
1023 1126 1117 1170 aut
1140 1117 1309 1170 tribus
1336 1116 1457 1171 libri
1486 1117 1698 1185 septimi
1730 1132 1819 1170 ca-

220 1211 434 1279 pitulis,
481 1213 707 1264 omnino
755 1209 1130 1279 przetermisit;
1174 1226 1238 1265 ex
1270 1212 1481 1266 caeteris
1521 1214 1735 1266 tertium
1768 1221 1820 1266 et

218 1314 477 1373 quartum
500 1304 619 1357 libri
640 1300 860 1357 secundi
883 1302 1055 1372 capita
1080 1319 1185 1356 non
1213 1303 1419 1371 attigit;
1449 1304 1595 1371 plura
1619 1321 1681 1357 ex
1713 1313 1820 1358 ter-

219 1401 300 1454 tio
326 1399 489 1463 libro,
512 1399 604 1469 qui
636 1400 843 1468 integer
869 1398 1063 1468 ubique
1090 1398 1331 1467 habetur,
1357 1400 1565 1464 omisit;
1598 1401 1734 1454 sicut
1765 1410 1821 1455 et

221 1507 300 1546 ex
333 1500 528 1562 quarto
559 1491 693 1544 libro
716 1491 891 1559 capita
916 1491 970 1556 4,
998 1490 1085 1555 12,
1115 1493 1203 1555 51,
1231 1491 1300 1544 54
1327 1501 1382 1547 et
1400 1491 1463 1545 41
1493 1508 1598 1545 non
1631 1493 1816 1558 habet;

221 1600 297 1638 ex
324 1584 462 1638 libro
484 1584 664 1652 quinto
691 1583 863 1653 cupita
893 1583 981 1646 11,
1008 1583 1093 1648 14,
1114 1583 1202 1648 21,
1230 1583 1320 1648 22,
1344 1583 1432 1653 50,
1458 1582 1556 1648 52;
1579 1600 1643 1639 ex
1666 1596 1820 1641 sexto

220 1677 403 1746 capita
444 1677 500 1740 5,
529 1677 616 1741 17,
646 1675 737 1742 28,
770 1675 863 1738 29,
893 1675 983 1738 50.
1016 1677 1108 1743 52,
1136 1676 1227 1742 55,
1270 1695 1389 1750 qua:
1422 1688 1595 1735 tamen
1639 1681 1817 1736 omnia

1918 483 2197 528 auctorum
2213 487 2375 540 opera
2392 474 2471 526 vel
2490 472 2737 527 chronica
2757 473 3096 528 revolverint.
3113 472 3222 527 Nec
3238 473 3495 529 minorem

1918 565 2078 618 fuisse
2096 566 2146 618 in
2162 564 2525 632 discerpendis
2543 564 2914 620 Miracnlnrnm
2932 566 3079 620 libris
3095 566 3359 620 licentiam
3377 584 3498 633 pro-

1921 658 2045 713 bant
2062 658 2255 727 passim
2273 658 2484 713 codices
2507 660 2868 724 manuscripti,
2888 675 3111 729 quorum
3128 659 3214 714 alii
3232 675 3392 714 unum
3410 670 3499 715 aut

1919 749 2164 817 alterum,
2190 750 2278 804 alii
2300 748 2729 817 pluresGregorii
2758 751 2919 805 libros
2943 751 3231 817 exhibent;
3258 754 3496 807 nonnulli

1920 855 2045 894 vero
2066 840 2176 893 sola
2189 855 2372 894 eorum
2390 840 2702 909 fragmenta,
2719 855 2837 893 cum
2853 840 3137 909 adjunctis,
3153 851 3209 895 ut
3225 842 3502 911 scriptori-

1923 936 2019 988 bus
2035 933 2252 1003 placuit,
2271 934 2457 989 titulis.
2476 936 2549 988 De
2571 934 2761 1002 quibus
2784 935 3028 987 omnilms
3052 934 3219 987 fusius
3235 936 3501 987 disserere

1922 1041 2025 1079 non
2045 1032 2215 1089 vacat,
2244 1040 2309 1080 ne
2334 1023 2442 1095 jam
2464 1024 2601 1078 dicta
2635 1024 2720 1078 inc
2739 1039 2900 1079 issum
2934 1034 3175 1094 repetere
3203 1026 3499 1079 videamur.

1996 1118 2115 1173 100.
2150 1118 2369 1182 Verum,
2394 1118 2641 1185 expensis
2672 1117 2777 1172 illis
2799 1118 3146 1186 argumentis,
3170 1133 3289 1188 quae
3316 1118 3503 1173 adver-

1921 1226 2012 1265 sus
2042 1211 2319 1279 complura
2342 1210 2683 1279 Gregorianre
2711 1211 2953 1264 llistorim
2980 1212 3150 1278 capita
3172 1211 3411 1264 Cointius
3435 1227 3500 1266 ex

1924 1315 2053 1355 mss.
2085 1302 2285 1368 aliquot
2314 1300 2555 1355 codicum
2588 1303 2923 1367 auctoritate,
2972 1310 3064 1355 aut
3096 1317 3163 1356 ex
3196 1302 3501 1371 Fredegarii

1921 1391 2135 1445 silentio
2151 1390 2392 1458 dedux't,
2412 1393 2760 1447 examinanda
2781 1404 3070 1465 supersunt
3091 1395 3369 1461 nonnulla,
3384 1411 3504 1465 qua:

1922 1485 2004 1538 vel
2035 1500 2099 1539 ex
2130 1485 2291 1555 stylo,
2325 1488 2404 1539 vel
2435 1502 2499 1540 ex
2534 1487 2696 1542 rebus
2726 1487 2777 1540 in
2808 1488 2915 1542 illis
2944 1488 3207 1556 capitibus
3238 1489 3505 1543 contentis

1923 1578 2133 1647 objicit,
2168 1578 2417 1645 tanquam
2464 1598 2490 1633 a
2516 1581 2757 1649 Gregorii
2790 1582 2951 1636 modo
2990 1583 3259 1637 scribendi
3305 1583 3509 1647 aliena,

1922 1678 2014 1723 aut
2040 1677 2185 1725 certe
2212 1686 2332 1740 qua:
2359 1671 2480 1725 aliis
2512 1672 2676 1736 ipsius
2703 1673 2941 1742 ejusdem
2975 1675 3248 1743 operibus,
3278 1685 3371 1730 aut
3397 1693 3507 1729 ca:-

218 1773 400 1837 capita
426 1772 477 1825 in
499 1769 811 1825 Corbeiensi
839 1771 1024 1825 codice
1046 1770 1329 1837 habentur,
1353 1783 1407 1827 et
1429 1782 1677 1843 tanquam
1705 1775 1816 1829 veri

1927 1762 2055 1815 teris
2076 1761 2389 1831 Gregoriani
2420 1767 2516 1818 κνῆ
2541 1766 2778 1833 probatis
2805 1767 3110 1822 auctoribus
3134 1768 3401 1823 contraria
3425 1768 3504 1821 vi-

219 1873 277 1916 ct
306 1860 506 1917 sinceri
528 1861 775 1930 Gregorii
798 1862 936 1918 fetus
966 1878 995 1917 a
1021 1863 1234 1919 Cointio
1260 1864 1640 1919 admittuntur.
1670 1866 1821 1921 Unde

221 1962 379 2021 patet
402 1968 512 2007 non
544 1955 836 2009 admodum
869 1956 1056 2012 utilem
1088 1972 1210 2013 esse
1238 1956 1355 2012 viro
1384 1958 1597 2013 erudito
1618 1958 1819 2014 Frede-

218 2043 360 2111 garii
409 2046 782 2100 auctoritatem
846 2047 912 2101 ad
962 2046 1290 2114 probandum
1337 2062 1401 2101 ex
1447 2046 1563 2116 ejus
1607 2048 1822 2103 silentio

221 2136 405 2189 multa
460 2136 702 2207 Gregorii
760 2137 1012 2192 Historiae
1069 2138 1235 2193 fuisse
1282 2139 1624 2207 superaddita
1655 2156 1670 2193 :
1699 2154 1820 2194 cum

219 2236 442 2283 constet
488 2230 558 2282 ab
605 2244 671 2285 eo
715 2239 938 2284 auctore
994 2231 1156 2284 multa
1202 2246 1269 2285 ex
1320 2231 1530 2286 sincero
1579 2229 1821 2302 Gregorii

224 2331 380 2377 textu
407 2329 599 2389 sponte
625 2331 684 2375 et
711 2337 776 2375 ex
809 2322 1068 2375 industria
1099 2321 1295 2376 omissa
1329 2321 1512 2376 fuisse.

298 2412 393 2467 99.
436 2413 526 2477 At,
580 2414 811 2484 inquies,
860 2415 1212 2485 Fredegarius
1256 2416 1526 2472 Francicae
1572 2418 1822 2475 Historiae

220 2508 497 2577 epitomeu
521 2509 943 2563 concinnaturus
974 2524 1001 2560 a
1028 2510 1303 2579 proposito
1323 2525 1421 2563 suo
1444 2511 1676 2565 alienum
1701 2527 1822 2566 esse

221 2603 434 2655 censuit
459 2617 550 2656 res
579 2613 893 2665 extraneas,
922 2603 1023 2658 etsi
1056 2605 1227 2672 reipsa
1261 2620 1290 2657 a
1315 2605 1572 2669 Gregorio
1601 2607 1816 2673 relatas,

222 2696 374 2763 operi
398 2709 499 2749 suo
520 2696 792 2760 inserere;
819 2696 888 2748 ita
912 2706 969 2749 ut
992 2698 1188 2751 nemini
1214 2699 1405 2751 mirum
1422 2698 1585 2754 videri
1604 2699 1818 2767 debeat,

223 2787 268 2840 si
310 2786 568 2841 nonnulla
607 2788 769 2840 etiam
827 2801 893 2842 ex
935 2788 1156 2842 sinceris
1194 2788 1532 2860 Gregoriauae
1573 2792 1821 2847 Historia:

223 2877 492 2946 capitibus
522 2878 789 2932 omiserit.
849 2877 918 2930 At
944 2878 1086 2932 nulla
1118 2896 1336 2947 prorsus
1375 2882 1607 2937 laudavit
1638 2900 1704 2938 ex
1757 2884 1821 2937 iis

224 2986 348 3042 qua:
387 2971 440 3025 iu
468 2971 659 3026 codice
686 2972 1000 3027 Corbeiensi
1031 2973 1437 3039 desiderantur;
1489 2976 1821 3046 proinleque

224 3062 503 3130 probabile
543 3071 652 3130 est,
688 3077 752 3116 ea
793 3073 915 3118 tunc
958 3065 1213 3132 temporis
1251 3080 1356 3119 non
1395 3067 1693 3133 exstitisse,
1721 3068 1817 3122 sed

1922 1852 2153 1906 dentur:
2184 1868 2301 1921 quae
2328 1854 2453 1909 licet
2475 1856 2585 1909 suis
2616 1857 2668 1909 in
2701 1857 2853 1923 locis,
2876 1868 3133 1927 quantum
3167 1859 3305 1914 ferre
3332 1860 3506 1929 p0tuit

1926 1954 2172 1999 notarum
2216 1945 2474 2013 brevitas,
2525 1950 2954 2017 exposuerimus,
2999 1949 3086 2003 hic
3124 1959 3299 2005 tamen
3347 1953 3509 2020 paulo

1926 2038 2090 2090 fusius
2115 2037 2443 2092 discutienda
2474 2050 2616 2093 sunt.
2650 2040 2713 2093 Et
2742 2041 2969 2109 primum
3002 2042 3236 2110 quidem,
3269 2043 3409 2111 quod
3437 2044 3509 2099 ad

1923 2128 2047 2199 styli
2071 2128 2320 2183 duritiem
2343 2130 2571 2197 pertinet
2589 2141 2675 2184 aut
2698 2133 2960 2185 sermonis
2984 2134 3356 2200 rusticitatem,
3374 2150 3517 2204 quas.

1924 2225 1977 2275 in
2010 2222 2121 2277 suis
2164 2222 2416 2291 operibus
2466 2222 2690 2277 inveniri
2741 2224 2933 2278 fatetur
2963 2224 3160 2291 passim
3191 2224 3504 2295 Gregorius,

1925 2326 2087 2370 testes
2107 2316 2316 2385 appello
2342 2323 2603 2384 quotquot
2624 2314 2866 2385 Gregorii
2890 2331 3053 2384 Opera
3080 2315 3324 2387 legerint,
3349 2329 3507 2385 atque

1924 2411 2120 2480 capita,
2154 2426 2272 2478 qua:
2299 2409 2543 2466 Cointius
2573 2412 2887 2480 interpolata
2920 2413 3172 2482 appellat,
3201 2412 3359 2469 simul
3385 2431 3509 2471 cum

1924 2504 2044 2556 aliis
2068 2501 2315 2557 conferre
2342 2503 2627 2569 voluerint,
2660 2518 2727 2557 an
2748 2518 2912 2557 ovum
2944 2519 3048 2559 ovo
3074 2506 3307 2560 similius
3338 2507 3515 2563 videri

1927 2594 2114 2661 possit.
2147 2593 2421 2649 Habentur
2443 2594 2638 2665 quippe
2677 2594 2730 2648 in
2772 2595 2896 2660 illis,
2925 2596 3066 2651 sicut
3088 2608 3139 2652 ct
3166 2598 3217 2651 in
3246 2598 3381 2665 istis,
3414 2614 3509 2654 ca-

1922 2702 2078 2742 suum
2107 2688 2445 2752 mutationes,
2472 2690 2520 2743 id
2547 2698 2631 2745 est
2657 2690 2938 2743 accusandi
2960 2705 3134 2754 casus,
3159 2701 3217 2745 ut
3240 2708 3509 2761 gramma-

1925 2780 2013 2834 tici
2044 2788 2253 2843 vocant,
2289 2795 2383 2848 pro
2413 2779 2692 2843 ablativis;
2748 2780 3007 2835 habentur
3036 2791 3093 2837 et
3123 2783 3374 2838 feminina
3407 2801 3505 2837 nn-

1926 2872 2066 2926 mina
2097 2887 2193 2940 pro
2222 2872 2560 2935 masculiuis,
2604 2880 2660 2925 et
2692 2873 2981 2927 masculina
3015 2874 3228 2928 nomina
3268 2891 3386 2929 cum
3415 2878 3507 2929 ad-

1920 2966 2132 3039 jectivis
2173 2969 2224 3020 in
2254 2966 2511 3021 feminino
2539 2982 2735 3037 genere
2772 2966 3079 3036 conjuncta.
3119 2970 3415 3025 Occurrunt
3453 2982 3515 3026 et

1925 3075 2087 3116 voces
2123 3061 2372 3124 exoticm,
2407 3059 2762 3129 loquendique
2805 3060 2946 3114 modi
2978 3061 3135 3130 plane
3178 3061 3405 3130 barbari,
3440 3065 3519 3120 de

225 3156 568 3224 postmodum
598 3155 844 3226 Gregorii
876 3158 1131 3226 operibus
1155 3160 1224 3212 ab
1252 3158 1435 3227 aliquo
1465 3159 1628 3215 fuisse
1653 3131 1816 3216 inter.
1847 3131 1891 3195 ο
1922 3154 2114 3224 quibus
2153 3154 2312 3208 rebus
2339 3154 2586 3221 exempla
2616 3154 2668 3206 in
2699 3152 2930 3208 medium
2980 3153 3220 3223 proferre
3250 3171 3353 3209 non
3381 3158 3509 3212 sinit

224 3249 466 3318 polatore
488 3256 697 3303 assuta.
741 3251 811 3303 At
832 3258 1046 3304 corruet
1075 3258 1245 3304 totum
1276 3250 1405 3305 illud
1438 3252 1632 3307 Cointii
1662 3269 1819 3322 argu-

225 3352 486 3405 mentum,
537 3342 707 3395 immo
738 3342 894 3397 nobis
940 3342 1164 3397 omnino
1207 3341 1429 3411 favebit,
1460 3347 1504 3399 si
1537 3361 1718 3401 verum
1747 3350 1819 3402 sit

229 3431 611 3503 Fredegarium
632 3434 876 3489 eamdem
903 3435 1153 3492 habuisse
1174 3437 1434 3492 rationem
1455 3454 1517 3493 ea
1539 3442 1818 3497 omittendi

224 3541 342 3597 qua:
369 3526 423 3581 in
451 3526 771 3584 Corbeiensi
799 3529 987 3585 codice
1032 3546 1139 3585 non
1173 3530 1457 3598 habentur,
1491 3548 1553 3586 ac
1582 3534 1671 3588 illa
1700 3550 1819 3605 quae

224 3630 291 3670 ex
334 3618 551 3672 sincera
583 3616 829 3687 Gregorii
861 3618 1092 3673 llistoria
1146 3635 1252 3674 n0n
1304 3621 1507 3676 retulit.
1562 3623 1820 3679 Eatndetn

224 3725 351 3763 vero
376 3710 548 3765 fuisse
566 3710 680 3779 jam
707 3725 870 3779 supra
894 3712 1319 3780 observavimus,
1346 3725 1400 3770 et
1422 3718 1610 3772 iterum
1633 3729 1821 3774 osten-

225 3799 420 3856 dimus.
465 3802 683 3857 Etenim
716 3805 1062 3872 praetermisit
1092 3804 1448 3876 Fredegarius
1478 3806 1821 3880 Gregoriante

231 3893 479 3948 Historiae
515 3896 724 3965 capita,
766 3895 927 3949 etiam
967 3896 1202 3962 sincera,
1244 3913 1364 3968 quae
1400 3898 1464 3952 ad
1513 3901 1819 3966 generalem

227 3985 560 4040 Francorum
584 3988 759 4052 gentis
782 3986 1066 4041 Historiam
1095 3988 1314 4044 minime
1334 3990 1651 4046 attinebant.
1679 3993 1821 4048 Idem

226 4094 443 4148 quoque
460 4078 588 4132 iecit
605 4077 950 4134 Corbeiensis
975 4077 1176 4135 codicis
1197 4082 1458 4151 scriptor;
1483 4081 1621 4137 idem
1645 4083 1823 4139 fecere

228 4180 283 4224 et
304 4172 397 4239 qui
428 4170 571 4224 alios
601 4170 814 4224 codices
842 4185 871 4223 a
894 4170 1107 4228 Cointio
1140 4173 1384 4227 laudatos
1413 4184 1722 4229 exararunt.
1757 4175 1825 4232 Et

228 4262 446 4331 quidem
469 4261 663 4315 eodem
684 4276 747 4316 ac
765 4260 1117 4332 Fredegarius
1137 4264 1385 4319 consilio.
1407 4263 1483 4319 llli
1505 4266 1671 4332 enim,
1688 4267 1826 4323 sicut

226 4366 278 4409 et
312 4353 709 4423 Fredegarius,
757 4356 1066 4425 generalem
1113 4358 1449 4414 solummodo
1496 4359 1821 4416 Francorum

226 4447 526 4501 Historiam
585 4446 786 4499 habere
834 4446 1133 4515 cupientes,
1191 4449 1489 4517 singulares
1545 4450 1819 4506 hominum

1924 3248 2032 3316 ipsa
2059 3247 2134 3301 rei
2166 3244 2452 3300 evidentia.
2485 3244 2677 3299 Fateor
2707 3245 2955 3313 equidem
2988 3245 3037 3299 in
3070 3246 3342 3302 codicibus
3370 3248 3506 3302 Cor-

1924 3338 2123 3394 beiensi
2150 3352 2214 3393 ac
2236 3337 2617 3401 Bellovacensi,
2639 3353 2772 3407 quos
2797 3341 2847 3391 in
2871 3337 3112 3409 Gregorii
3140 3350 3285 3396 textu
3308 3342 3510 3398 deseri-

1924 3430 2099 3486 bendo
2122 3429 2365 3485 Cointius
2393 3430 2582 3484 merito
2613 3430 2807 3485 imitari
2833 3432 3045 3502 gaudet,
3071 3433 3269 3504 aliquot
3293 3435 3513 3491 nomina

1924 3524 2112 3594 magis,
2141 3532 2197 3579 ut
2227 3525 2296 3578 ita
2329 3523 2528 3586 dicam,
2558 3523 2781 3578 barbare
2815 3525 2996 3591 scribi,
3028 3542 3184 3593 quam
3215 3530 3265 3583 in
3292 3533 3508 3586 emteris

1924 3616 2197 3672 codicibus
2222 3614 2397 3671 minus
2424 3613 2674 3685 antiquis,
2697 3616 3189 3686 frequentioresque
3214 3620 3265 3675 in
3293 3620 3399 3675 illis
3424 3622 3506 3675 in-

1926 3710 2093 3766 veniri
2139 3726 2384 3775 casuum,
2409 3708 2706 3765 litterarqu
2738 3720 2831 3765 aut
2867 3727 3120 3781 generum
3160 3715 3501 3770 mutationes.

1925 3801 2030 3856 Sed
2058 3802 2159 3855 hoc
2179 3817 2244 3855 ex
2270 3801 2482 3856 diverso
2502 3801 2833 3857 diversorum
2862 3813 3156 3872 temporum
3182 3820 3244 3861 ac
3272 3808 3508 3861 notario-

1928 3909 2042 3947 rum
2066 3894 2222 3962 genio
2243 3902 2299 3947 et
2316 3893 2535 3948 arbitrio
2559 3894 2753 3950 accidit
2775 3913 2787 3947 :
2813 3912 2930 3965 qua:
2957 3898 3238 3952 diversitas
3258 3900 3505 3957 codicum

1926 3985 2288 4053 antiquitatem
2312 3984 2541 4053 probare
2561 3985 2771 4053 quidem
2796 3996 2985 4054 potest,
3007 4002 3110 4042 non
3133 4004 3261 4044 vero
3282 4005 3519 4060 operum.

1929 4077 2258 4130 varietatem.
2298 4075 2461 4131 Iidem
2503 4077 2645 4131 enim
2677 4089 2802 4131 sunt
2828 4081 2915 4148 qui
2962 4081 3014 4133 in
3043 4082 3223 4136 seaculi
3254 4087 3386 4138 sexti
3416 4096 3508 4143 aut

1927 4171 2139 4239 septimi
2165 4170 2348 4225 codice
2375 4171 2679 4225 scribuntur
2702 4170 3115 4241 Chlotoveehus,
3148 4174 3507 4234 Chlothacha-

1928 4263 2057 4327 tius,
2088 4261 2555 4327 Cltrochticbildis,
2598 4278 2660 4317 ac
2688 4264 2777 4331 qui
2808 4265 2859 4319 in
2893 4267 3202 4330 poSterioris
3238 4271 3341 4325 aevi
3372 4274 3508 4326 scri-

1929 4355 2029 4423 ptis
2054 4353 2302 4408 dicuntur
2323 4354 2645 4423 lllodoveus,
2674 4356 2959 4419 lllotarius.
2984 4370 3077 4415 attt
3102 4361 3375 4427 lllctildis;
3409 4380 3506 4423 seu

1928 4450 2285 4515 Cltlodnveus,
2310 4451 2632 4518 Cblotarius,
2656 4451 2958 4517 Cblotildis,
2982 4463 3086 4515 etc.
3116 4456 3258 4513 ldem
3283 4460 3508 4530 contigit

226 4540 583 4607 privatorum,
608 4545 701 4589 aut
726 4536 963 4590 locorum
992 4536 1239 4591 historias
1260 4541 1675 4608 prmtermisere,
1710 4550 1824 4596 tan-
1856 4526 1903 4585 υ
1935 4541 1987 4595 in
2014 4541 2214 4611 aliqua
2250 4542 2368 4596 aliis
2400 4543 2637 4609 vocibus,
2680 4559 2813 4613 quas
2841 4561 3195 4604 amanuenses
3226 4566 3323 4621 pro
3356 4526 3507 4610 libitu

226 4646 386 4701 quam
412 4631 515 4684 sibi
538 4629 777 4683 inutiles.
803 4627 857 4682 ld
882 4628 1054 4698 ipsum
1078 4628 1251 4683 innuit
1279 4630 1330 4683 in
1357 4629 1519 4685 variis
1542 4631 1815 4685 codicibus

226 4724 581 4777 omissionum
616 4721 869 4776 varietas.
921 4722 991 4776 Ea
1029 4721 1170 4776 enim
1224 4712 1343 4787 fuit,
1378 4732 1433 4776 ut
1454 4723 1563 4793 jam
1595 4738 1699 4777 non
1731 4738 1816 4779 se-

225 4816 335 4871 mel
374 4817 801 4881 observavimus,
831 4814 1074 4886 Gregorii
1125 4814 1291 4869 nostri
1340 4814 1575 4881 fortuna,
1609 4826 1665 4870 ut
1692 4816 1815 4886 quia

227 4908 432 4978 primus
463 4916 519 4962 et
548 4909 737 4961 unicus
765 4915 1005 4960 veterum
1038 4921 1218 4961 rerum
1247 4906 1421 4975 gentis
1452 4916 1652 4961 nostra:
1679 4923 1818 4977 prte-

226 5001 371 5055 clare
395 5009 671 5069 gestarum
703 4998 932 5067 scrier
960 4997 1184 5065 exstitit,
1212 5014 1281 5053 ex
1310 4998 1426 5067 ejus
1449 4994 1701 5067 operibus
1721 5002 1813 5066 qui

228 5103 411 5160 postea
440 5092 607 5145 secuti
635 5100 761 5147 sunt
788 5090 1100 5159 scriptores,
1130 5108 1226 5159 pro
1256 5108 1354 5145 suo
1383 5090 1535 5147 libitu
1565 5107 1683 5162 quae
1713 5093 1815 5147 sibi

229 5184 341 5237 visn
372 5192 522 5250 sunt,
551 5183 643 5237 alii
668 5182 845 5252 plura,
868 5182 955 5237 alii
986 5188 1234 5252 pauciora
1256 5182 1655 5252 descripserint.
1681 5183 1815 5239 Hinc

228 5275 475 5333 nonnulli
519 5274 738 5330 codices
782 5282 1007 5346 quatuor
1047 5274 1294 5329 Historias
1333 5274 1498 5330 libros
1535 5276 1811 5343 exhibent,

227 5370 319 5426 alii
337 5371 599 5441 quinque,
618 5367 711 5422 alii
732 5382 847 5431 sex,
862 5367 950 5421 alii
974 5381 1100 5422 vero
1125 5382 1315 5422 novem
1333 5376 1423 5421 aut
1443 5366 1651 5437 decem.
1675 5367 1814 5435 Quin

228 5472 286 5517 et
309 5478 375 5517 ex
400 5461 509 5518 illis
535 5460 695 5517 libris
721 5456 812 5513 alii
839 5458 988 5528 plura
1018 5468 1109 5513 aut
1133 5457 1386 5530 pauciora
1414 5473 1512 5530 pro
1539 5473 1638 5514 suo
1662 5458 1815 5516 libitu

230 5556 399 5624 capita
428 5554 801 5624 exscripsere;
837 5550 1077 5607 nonnulli
1110 5562 1285 5619 autem
1318 5550 1434 5607 haec
1460 5551 1514 5609 in
1543 5553 1811 5620 epitomen

238 5646 511 5706 reduxere.
543 5648 679 5714 Quae
707 5628 885 5699 omnia
913 5646 1087 5713 quivis
1119 5654 1315 5701 norunt
1342 5646 1393 5700 in
1419 5646 1595 5716 gentis
1620 5656 1816 5699 nostra:

242 5736 460 5798 Historia
482 5744 562 5800 vel
585 5740 848 5798 tantillum
874 5739 1086 5809 versati,
1107 5742 1196 5810 qui
1212 5739 1540 5811 Fredegatii,
1556 5741 1810 5806 Aimoini,

1920 4642 2282 4700 mutaverunt,
2315 4643 2374 4688 ut
2400 4649 2520 4688 cum
2549 4636 2761 4707 equites,
2784 4652 2942 4707 quam
2975 4653 3160 4694 vocem
3192 4651 3399 4698 veteres
3433 4645 3503 4698 ad

1918 4741 2111 4795 equum
2134 4724 2515 4796 designandum
2540 4727 2884 4794 usurpabant,
2908 4729 2959 4783 in
2982 4746 3134 4800 equos
3158 4732 3500 4799 transtulere,

1920 4817 2266 4873 intentionem
2296 4817 2350 4871 in
2377 4820 2779 4884 contentionem;
2820 4822 2909 4890 qui
2951 4831 3006 4875 et
3026 4823 3111 4878 ubi
3133 4823 3394 4893 indignate
3412 4834 3511 4881 autv

1918 4926 2191 4979 exsequere
2204 4909 2461 4977 scriptum
2485 4911 2822 4975 invenerunt,
2839 4927 3125 4981 reposuere
3139 4914 3497 4985 iudignamini,

1917 5012 1971 5053 et
1999 5002 2238 5067 exsequi;
2268 5010 2322 5055 et
2345 5001 2424 5054 sic
2458 5000 2561 5054 alia
2602 5002 2900 5065 innumera,
2952 5018 3071 5069 quae
3115 5003 3294 5056 multis
3338 5007 3505 5060 variis

1918 5091 2232 5145 lectionibus
2260 5092 2521 5160 originem
2549 5092 2765 5160 quidem
2809 5092 3096 5158 dederunt,
3138 5104 3193 5147 at
3223 5111 3492 5166 nunquam

1917 5184 2058 5252 apud
2087 5183 2231 5237 viros
2258 5184 2496 5237 eruditos
2524 5183 2576 5236 in
2608 5184 2827 5238 dubiant
2859 5198 3110 5239 revocare
3141 5185 3379 5242 fecerunt
3406 5204 3504 5245 ve-

1918 5286 2031 5329 tera
2065 5284 2426 5337 monumenta,
2454 5289 2679 5345 quorum
2706 5290 2775 5329 ne
2801 5275 3015 5329 unicum
3045 5275 3274 5334 fortasse
3301 5279 3368 5333 ad
3398 5296 3502 5338 nos

1917 5366 2291 5422 intemeratum
2322 5366 2631 5435 pervenisse
2665 5367 2796 5422 alias
2818 5367 3100 5424 dicendum
3138 5380 3301 5427 esset.
3347 5373 3497 5431 Unde

1918 5473 2024 5513 non
2054 5458 2230 5512 minus
2262 5457 2559 5513 indubitata
2585 5458 2829 5529 Gregorii
2868 5474 3052 5529 opera,
3082 5479 3243 5534 quam
3270 5480 3352 5531 ea,
3377 5483 3499 5537 quae

1917 5550 2234 5622 interpolata
2270 5568 2299 5606 a
2327 5550 2539 5608 Cointio
2564 5552 2835 5623 dicuntur,
2868 5556 3131 5624 ejusmodi
3172 5561 3499 5617 mutationes

1917 5645 1985 5701 ab
2004 5645 2418 5700 amanuensibus
2442 5646 2724 5715 pertulere.
2751 5645 2858 5704 Sed
2886 5648 2929 5703 si
2959 5662 3169 5704 veteres
3197 5651 3311 5703 illas
3341 5664 3499 5705 voces

1918 5753 1981 5795 ac
2016 5739 2309 5797 locutiones
2349 5737 2624 5809 barbaras,
2657 5747 2749 5795 aut
2777 5756 2997 5798 casuum
3048 5741 3367 5797 mutationes
3406 5753 3499 5795 ue-
