4024 6192
484 520 749 569 cessartas
766 500 982 557 omnino
1000 507 1119 549 esse
1140 485 1259 557 qnis
1280 476 1568 538 contendat
1585 472 1651 526 ad
1672 464 2058 526 conciliandam
2091 464 2142 520 Α

489 600 753 675 capitibus
774 595 896 656 illis,
918 602 1034 660 qua:
1061 578 1378 647 interpolata
1399 575 1583 625 censet
1607 559 1864 623 Cointius,
1886 564 2069 611 aucto-

1188 672 1197 675 -
1310 666 1343 675 ..
1512 659 1542 670 ..
1580 673 1623 675 ,ί
1646 653 1815 675 ,ΑΜ

490 653 805 753 ritlatem,ac
824 686 887 737 ad
912 672 1289 735 restituendam
1305 659 1545 734 Gregorii
1568 653 1817 724 operibus
1840 656 2067 701 nativam

493 786 742 844 formam,
769 792 874 831 non
898 773 1089 826 desunt
1117 762 1329 819 COdlCt‘S
1360 752 1562 823 antiqui
1587 750 1675 819 qui
1708 745 1825 798 illas
1852 739 2071 792 omnino

496 878 769 939 exhibent,
796 877 954 939 prout
980 876 1071 919 eas
1099 858 1275 927 reipsa
1308 854 1507 922 passim
1551 845 1604 897 in
1636 848 1814 896 nostra
1844 833 2074 889 editione

499 969 851 1030 restituimus,
870 970 962 1017 aut
982 952 1384 1012 observaviums
1415 948 1465 998 in
1491 942 1651 1002 notis,
1670 952 1788 991 cum
1812 925 2075 1001 ejusmodi

499 1065 730 1124 insolitae
757 1051 1096 1126 exprimendi
1129 1044 1369 1100 formulae
1400 1038 1619 1092 nimium
1652 1030 1976 1084 lacessrrent
2005 1022 2080 1074 le-

501 1159 749 1234 gentibus
781 1151 1070 1224 negotium.
1110 1143 1411 1199 Occurrunt
1439 1140 1493 1189 et
1524 1132 1575 1183 in
1609 1125 1792 1180 iisdem
1821 1116 2084 1187 capitibus

502 1272 665 1313 voces
706 1249 948 1322 quaedam
994 1242 1321 1309 singulares,
1350 1246 1470 1303 qua:
1511 1224 1748 1294 Gregorii
1789 1220 1982 1291 stylum
2032 1222 2087 1267 et

504 1350 720 1422 genium
744 1344 979 1413 sapiunt,
1008 1330 1306 1404 cuiusmodi
1337 1327 1446 1381 lere
1473 1326 1595 1376 sunt
1617 1316 1827 1371 intentio
1858 1311 1921 1364 ad
1952 1323 2085 1364 con-

505 1401 646 1422 υ-τη
811 1401 823 1413 .
965 1401 974 1405 -
1075 1401 1088 1404 -

504 1443 799 1498 tentionem
848 1426 1271 1498 esprimendam,
1318 1418 1506 1489 equites
1547 1426 1643 1480 pro
1683 1407 1849 1475 equis,
1899 1401 2088 1469 species

508 1551 609 1603 pro
637 1524 998 1587 mercimoniis
1042 1530 1133 1574 aut
1178 1514 1339 1569 rebus
1367 1504 1661 1567 venalibus,
1692 1511 1962 1553 consensus
1993 1504 2091 1561 pro

511 1627 867 1685 instrumento
915 1608 1214 1670 electionis,
1268 1600 1545 1657 cicindelus
1593 1608 1687 1661 pro
1731 1587 1953 1645 candela
2004 1592 2093 1636 aut

510 1731 690 1779 cereo,
719 1708 963 1768 satellites
987 1716 1084 1773 pro
1107 1698 1288 1759 sociis,
1334 1688 1542 1743 maniris
1573 1681 1941 1753 apprehensus,
1966 1673 2095 1727 Bar-

512 1814 691 1869 barus.
720 1819 818 1875 pro
846 1770 1102 1858 Francus,
1127 1801 1181 1846 et
1201 1790 1301 1843 alia
1324 1778 1587 1855 ejusmodi
1610 1778 1744 1831 bene
1768 1770 1953 1832 multa,
1979 1781 2096 1837 quae

515 1904 698 1962 nullus
737 1913 841 1952 non
884 1892 1171 1946 observare
1209 1886 1411 1951 potest.
1442 1873 1616 1943 qualia
1666 1869 1718 1922 in
1765 1863 2097 1920 onomastieo

516 1994 694 2050 indice
722 1987 789 2042 ad
819 1983 1019 2040 calcem
1052 1976 1210 2045 hujus
1238 1966 1523 2025 voluminis
1549 1960 1883 2027 collegimus.

593 2083 714 2139 101.
738 2079 854 2135 Non
877 2071 1092 2141 majoris
1112 2078 1197 2122 est
1217 2057 1475 2117 momenti
1492 2052 1686 2110 Cointii
1709 2054 2101 2120 argumentum,

520 2191 628 2243 quo
677 2170 839 2227 multa
885 2166 940 2221 in
986 2159 1251 2230 capitibus
1297 2146 1628 2218 interpolatis
1679 2140 1873 2211 passim
1921 2135 2105 2190 haberi

522 2264 821 2326 contendit,
868 2253 1091 2311 sinceris
1116 2244 1359 2317 Gregorii
1406 2238 1655 2308 operibus
1704 2247 1808 2285 non
1842 2232 1976 2282 bene
2016 2242 2109 2281 co-

526 2354 807 2415 haerentia,
852 2348 1016 2401 immo
1046 2349 1116 2407 ct
1162 2315 1293 2405 ipsis
1334 2327 1619 2388 contraria.
1679 2319 1881 2375 Deinde
1911 2315 2110 2385 profert

529 2449 734 2518 aliquot
759 2443 897 2503 loca,
922 2436 977 2490 in
1001 2428 1196 2503 quibus
1230 2425 1319 2481 ille
1348 2429 1553 2482 auctor,
1579 2430 1695 2477 seu,
1727 2422 1783 2465 ut
1824 2410 1915 2469 ait,
1948 2407 2111 2459 inter-

534 2498 699 2518 --μιμ
887 2498 896 2503 -
1019 2498 1034 2503 -

534 2543 770 2615 polator,
801 2547 906 2587 non
949 2526 1076 2582 satis
1107 2522 1308 2591 aliquot
1340 2522 1644 2569 sanctorum
1676 2506 1908 2558 virorum
1959 2498 2115 2554 fama:

536 2593 643 2615 την
758 2593 768 2600 .

534 2625 873 2691 Consuluisse
923 2618 1179 2676 videtur;
1258 2604 1614 2669 nonnullaque
1685 2593 1788 2649 alia
1839 2600 2116 2645 auctorum

536 2719 888 2789 coaequalium
933 2702 1254 2769 testimoniis
1283 2697 1526 2768 opposita
1557 2690 1822 2751 retulisse,
1854 2684 1924 2739 ita
1965 2691 2040 2743 ut.
2074 2682 2119 2734 si

536 2815 906 2873 admittantur,
955 2812 1042 2858 aut
1085 2799 1250 2868 ipsos,
1296 2800 1387 2846 aut
1418 2795 1563 2844 certe
1583 2782 1896 2850 Gregorium
1937 2791 1963 2826 a
1994 2788 2121 2829 vero

538 2912 819 2966 aberrasse
869 2894 1144 2955 fatendum
1193 2889 1264 2945 sit
1307 2904 1323 2941 ε
1366 2897 1484 2953 qua:
1531 2875 1756 2950 proinde
1800 2870 1978 2926 omnia
2027 2882 2122 2933 pro

538 2960 686 3063 veris
713 2994 957 3062 Gregorii
989 2987 1183 3044 letibus
1212 2978 1395 3037 haberi
1426 2991 1532 3031 non
1558 2972 1774 3027 debent.
1804 2963 1899 3019 His
1930 2960 2127 3032 quippe

541 3093 792 3152 omnibus
821 3101 928 3142 uno
957 3080 1122 3136 verbo
1147 3073 1334 3144 reponi
1356 3076 1555 3141 posset,
1581 3061 1719 3133 quod
1744 3060 1842 3115 etsi
1871 3051 2127 3110 nonnulla

543 3179 806 3255 ejusmodi
851 3180 903 3230 in
943 3169 1209 3240 capitibus
1246 3155 1609 3218 controversis
1643 3153 1988 3211 haberentur,
2022 3157 2127 3196 non

545 3212 806 3255 quanaqu
851 3212 903 3230 III
944 3212 1208 3240 ωιτη-ω..-
1251 3212 1387 3218 --πη

545 3277 727 3333 statim
773 3280 958 3325 eorum
1015 3257 1405 3316 convelleretur
1435 3243 1747 3305 auctoritas,
1789 3236 2050 3307 siquidem
2078 3212 2205 3286 etC

549 3367 715 3424 multa
756 3362 807 3417 in
852 3354 1079 3411 sinceris
1104 3345 1345 3417 Gregorii
1394 3339 1534 3406 capit
1555 3336 1655 3391 bus
1705 3332 1984 3388 habentur,
2013 3339 2131 3394 quae

553 3473 675 3515 cum
703 3455 820 3523 ipso
868 3444 1125 3516 Gregorio
1146 3451 1234 3494 aut
1263 3437 1382 3491 aliis
1412 3426 1770 3488 moiiumentis
1801 3438 1905 3478 non
1930 3432 2133 3476 conve-

553 3548 722 3605 niunt.
767 3543 880 3601 Hoc
924 3539 1100 3607 ipsum
1131 3530 1375 3587 Cointius
1406 3539 1510 3579 non
1551 3517 1717 3573 semel
1748 3512 1896 3569 lateri
1931 3512 2138 3580 cogitur

556 3642 610 3703 in
640 3636 964 3695 Annalibus;
1013 3629 1175 3697 idque
1225 3620 1405 3679 multis
1453 3612 1712 3684 exemplis
1751 3602 2142 3663 demonstravit

556 3732 805 3789 Valesius
834 3729 885 3780 in
910 3720 1222 3792 praelatione
1248 3715 1311 3768 ad
1344 3722 1544 3768 tomum
1567 3705 1612 3762 ll
1636 3704 1829 3758 Rerum
1859 3696 2142 3751 Francica-

560 3843 703 3889 rnm.
733 3823 820 3879 Sic
866 3818 1001 3875 libro
1028 3830 1087 3879 ιι,
1120 3810 1297 3879 capite
1327 3805 1537 3868 ultimo,
1566 3794 1937 3853 Chlodoveum
1961 3800 2142 3856 regem

562 3931 705 3977 armo
746 3914 807 3971 11
853 3906 1044 3969 Licinii
1093 3898 1327 3971 episcopi
1376 3890 1707 3949 Turonensis
1752 3886 1859 3943 fato
1907 3881 2148 3935 functum

565 4010 732 4069 l'nisse
782 4000 1006 4059 scribit:
1036 4004 1089 4053 et
1118 4004 1293 4047 tamen
1338 3999 1542 4043 certum
1584 3992 1667 4037 est
1697 3981 1930 4034 Leonem
1963 3970 2149 4027 Licinii

568 4103 904 4156 decessoretn
960 4085 1330 4162 quinquennio
1405 4086 1529 4132 ante
1578 4069 1869 4129 Chlodovei
1925 4078 2150 4119 mortem

570 4209 666 4263 per
712 4190 933 4246 missum
992 4195 1146 4237 suum
1193 4174 1421 4231 concilio
1464 4165 1755 4239 Agathensi
1828 4159 2151 4218 inter-luisse.

574 4284 966 4341 Guntramnum
1017 4275 1157 4328 inter
1203 4267 1607 4336 etSigibertum
1654 4258 1850 4314 bellum
1895 4252 2159 4308 exarsisse

574 4375 648 4435 ait
676 4374 813 4431 libro
836 4385 911 4433 iv,
940 4366 1115 4434 capite
1146 4358 1237 4423 42.
1286 4357 1450 4429 quod,
1476 4356 1593 4423 ipso
1622 4356 1899 4405 asserente
1928 4340 2159 4403 Cointio,

577 4478 767 4519 verum
799 4474 907 4515 non
942 4465 1044 4511 εει.
1092 4449 1425 4519 Cbilpericus
1454 4444 1740 4498 Suessione
1786 4432 1995 4490 exstilis
2023 4446 2055 4485 e
2085 4429 2164 4483 di-

581 4560 717 4617 citur
746 4556 883 4615 libro
912 4567 969 4617 v,
998 4545 1264 4618 capitibus
1283 4543 1318 4595 2
1338 4550 1393 4599 et
1412 4538 1466 4603 3,
1498 4547 1552 4595 et
1581 4547 1753 4587 tamen
1784 4528 1908 4584 inde
1930 4523 2165 4578 abfuisse

583 4652 668 4709 his
705 4647 835 4720 ipsis
872 4643 1004 4699 locis
1052 4617 1495 4709 przesupponitur.
1543 4628 1658 4682 Alia
1700 4624 1852 4678 mitto
1898 4617 2161 4686 exempla,

583 4756 706 4815 qua:
742 4743 822 4795 vel
869 4753 935 4795 ex
976 4735 1107 4801 ipsis
1131 4729 1325 4785 Cointii
1365 4724 1617 4793 operibus
1661 4718 1814 4771 taciie
1857 4711 2167 4780 suppedita-

586 4838 812 4898 buntur,
836 4826 1133 4899 cuiusmodi
1158 4822 1298 4877 nulla
1324 4822 1374 4873 in
1403 4816 1684 4885 capitibus,
1710 4828 1829 4879 qua:
1852 4805 2168 4875 interpolata

590 4936 776 4984 censet
795 4921 1060 4983 Cointius,
1095 4913 1321 4971 inveniri
1346 4921 1588 4981 possunt.
1617 4907 1751 4959 Loca
1783 4910 1959 4954 autem
1990 4898 2172 4962 singu-

592 5023 725 5081 laria
756 5034 874 5089 qua:
907 5018 1043 5068 hanc
1081 5012 1131 5064 in
1162 5023 1274 5063 rent
1304 5004 1488 5071 objicit
1514 5003 1590 5053 vir
1618 4996 1878 5056 eruditus,
1903 4990 2013 5043 suis
2041 4988 2173 5040 locis

597 5109 1045 5168 examinabimus.
1088 5098 1243 5171 Quod
1285 5098 1331 5153 si
1376 5094 1533 5150 famae
1582 5099 1888 5143 sanctorum
1938 5082 2173 5135 virorum

599 5202 920 5275 quandoque
964 5196 1138 5258 minus
1176 5187 1507 5247 consuluisse
1547 5182 1754 5235 videtur
1788 5174 2094 5245 Gregorius,
2125 5171 2177 5224 id

601 5295 721 5363 ejus
744 5290 962 5346 candori
991 5302 1054 5341 ac
1084 5285 1296 5342 sincero
1324 5279 1503 5333 animo
1534 5269 1896 5331 tribuendum,
1929 5266 2016 5334 qui
2043 5264 2176 5316 facta

608 5383 906 5447 hominum,
956 5388 1111 5449 prout
1155 5390 1218 5432 ea
1276 5379 1515 5435 noverat,
1571 5367 1802 5437 genuine
1849 5355 2180 5423 exponebat,

609 5478 758 5537 nullo
801 5483 1048 5543 respectu
1098 5484 1465 5540 personarum.
1516 5462 1702 5530 Neque
1745 5471 1872 5510 vero
1897 5451 2179 5522 quisquam

608 5570 818 5638 Credat,
862 5566 1143 5622 laudabilia
1184 5562 1347 5618 fuisse
1390 5561 1622 5611 virorum
1657 5552 1816 5604 etiam
1858 5547 2181 5600 sanctiorum

616 5663 796 5721 omnia
816 5672 997 5729 Opera.
1044 5655 1113 5711 Et
1148 5651 1363 5722 quidem
1392 5649 1460 5703 ab
1480 5642 1711 5710 antiquis
1738 5649 1898 5707 atque
1923 5636 2081 5689 etiam
2120 5629 2186 5684 ab

616 5760 735 5817 aliis
763 5758 848 5813 sui
876 5752 973 5809 aevi
1021 5745 1333 5806 auctoribus
1379 5750 1759 5805 nonnunquam
1790 5728 2034 5786 dissentit
2058 5724 2190 5777 Gre-

617 5851 798 5919 gorius
823 5865 836 5904 :
863 5843 1002 5920 quod
1033 5840 1225 5902 mirum
1254 5850 1357 5892 non
1389 5840 1489 5902 est,
1523 5828 1783 5899 siquidem
1809 5832 1861 5879 ct
1892 5822 2003 5893 ipsa
2035 5823 2185 5870 retu-

1914 340 2298 401 PRtEFATlU.

2167 465 2330 509 sttora
2355 449 2697 501 monumenta
2722 450 2826 491 non
2848 442 3059 500 semper
3078 421 3177 480 sibi
3200 426 3445 477 constant
3468 432 3481 468 :
3506 420 3563 468 et
3585 424 3757 467 unum

2173 546 2423 609 idemque
2465 538 2659 591 factum
2687 545 2719 584 a
2741 525 2969 583 diversis
3014 514 3321 574 auctoribus
3349 510 3508 562 etiam
3543 500 3761 572 peritis,

2173 588 2421 609 ...ψηηη
2466 588 2479 591 _
2530 588 2533 589 ν

2173 636 2263 707 qui
2295 633 2368 687 rei
2396 637 2557 699 gesta:
2601 616 2963 679 interfuerint,
2992 609 3141 665 varie
3183 596 3420 660 enarrari
3446 588 3784 666 quotidiana'

3100 703 3109 707 ⁵
3225 700 3237 707 “
3392 692 3429 707 Π
3471 691 3483 702 ⁸
3531 688 3583 707 nl?
3631 684 3726 707 IEI'f!

2176 726 2507 800 experientia
2540 727 2770 777 constat.
2802 714 2921 770 Jam
2961 707 3028 762 ad

2177 826 2400 881 cultates
2431 810 2787 873 enucleandas
2817 802 3152 860 accedamus.

2127 1833 2171 1892 Β
2200 1843 2269 1897 ob
2295 1836 2619 1909 peculiarem
2660 1828 2891 1891 aliquam
2934 1816 3202 1873 rationem
3249 1804 3443 1873 reiicit,
3496 1799 3545 1852 hi

3678 293 3761 347 84

3070 700 3363 772 singulares
3390 688 3587 748 Cointii
3614 684 3771 740 dil‘li-

2254 916 2375 972 10‘2.
2417 911 2553 965 Nihil
2582 906 2800 961 omnino
2829 901 2880 951 in
2908 906 3019 951 toto
3045 891 3215 961 primo
3236 879 3485 940 Historia:
3514 875 3652 929 libro
3678 884 3777 923 re-

2183 1007 2459 1080 prehendit
2488 998 2751 1061 Cointius,
2782 1005 2962 1061 quem,
2995 999 3115 1040 cum
3147 994 3232 1035 res
3259 978 3311 1030 in
3342 987 3407 1027 eo
3439 976 3667 1025 narrata:
3697 960 3777 1015 ad

2186 1103 2351 1169 ipsius
2388 1114 2491 1161 non
2523 1099 2758 1162 spectent
2792 1082 3114 1139 institutum,
3138 1068 3448 1127 examinare
3476 1076 3583 1117 non
3613 1069 3781 1111 cura-

3257 1162 3289 1169 ··
3515 1154 3549 1169 ’-
3578 1150 3658 1169 γν-
3715 1146 3777 1169 2--

2186 1198 2281 1252 vit.
2330 1192 2466 1247 Nibil
2499 1188 2659 1244 etiam
2691 1180 2851 1236 habet
2880 1175 2945 1229 de
2986 1170 3091 1225 illis
3128 1162 3375 1219 omnibus
3413 1150 3682 1222 capitulis,
3715 1146 3780 1199 in

2188 1290 2379 1362 quibus
2416 1300 2476 1339 ea
2520 1284 2853 1346 repetuntur,
2884 1282 3000 1338 qum
3032 1256 3316 1329 Gregorius
3362 1252 3416 1305 in
3458 1246 3578 1302 aliis
3621 1240 3784 1294 libris

2958 1358 2967 1362 ·
3142 1352 3175 1362 ³·
3344 1342 3486 1362 νειγμιΔ
3540 1331 3783 1362 ,Λωῖηἶι

2193 1331 2378 1362 ιιυϋ--ο
2420 1331 2475 1339 ν-
2522 1331 2596 1346 --π
2624 1331 2638 1333 -
2839 1331 2849 1338 ν
2903 1331 2916 1338 -

2193 1386 2534 1438 traetaverat.
2596 1370 2856 1434 Pleraque
2900 1358 3059 1414 etiam
3108 1352 3211 1406 alia
3263 1342 3491 1415 capitula
3540 1331 3788 1391 admittit

2191 1472 2428 1544 quidem,
2466 1475 2525 1520 ut
2566 1470 2689 1532 pote
2727 1470 2847 1527 qua:
2873 1464 3000 1505 vera
3040 1455 3094 1501 et
3129 1452 3271 1497 certa
3313 1438 3553 1496 narrant,
3583 1424 3679 1480 sed
3709 1437 3787 1478 ea

2195 1516 2428 1544 "l"'“"'"v
2472 1516 2523 1520 ——
2568 1516 2580 1532 ι
2747 1516 2759 1527 .

2195 1563 2510 1635 interpolata
2541 1557 2610 1612 ob
2639 1553 2691 1608 id
2719 1552 2891 1606 solum
2922 1547 3125 1601 censet,
3155 1531 3296 1605 quod
3324 1529 3378 1584 in
3408 1525 3611 1593 aliquot
3640 1516 3789 1572 scri-

2197 1659 2302 1730 ptis
2324 1617 2596 1710 codicibus
2622 1644 2817 1699 desint.
2864 1636 2968 1693 Sed
2992 1634 3059 1687 de
3089 1629 3171 1684 his
3202 1623 3360 1680 modo
3386 1626 3564 1673 actum
3592 1619 3698 1674 est,
3726 1617 3793 1661 et

2201 1715 2349 1818 plura
2382 1746 2565 1800 dicere
2589 1736 2772 1793 inutile
2792 1732 2949 1786 foret.
2989 1723 3198 1780 Cretera
3226 1723 3403 1771 autem
3430 1715 3633 1777 capita,
3663 1716 3793 1771 qua:

3022 1816 3029 1818 λ
3310 1806 3341 1818 ’-
3382 1804 3415 1818 ο-
3496 1799 3579 1818 ιεΔ
3626 1792 3789 1818 -..μὴ

2204 1883 2269 1897 νυ
2297 1883 2522 1909 ,ην-.-η
2751 1883 2764 1891 _

2204 1926 2551 1990 examinanda
2593 1925 2817 1978 restant.
2858 1908 3001 1969 Libri
3027 1923 3065 1962 tt
3122 1909 3282 1971 caput
3300 1894 3372 1950 '56
3400 1892 3469 1947 ab
3493 1883 3797 1955 interpola-

2206 2042 2324 2083 tore
2344 2024 2579 2079 additum
2606 2031 2724 2072 eese
2747 2015 2897 2083 putat
2916 2005 2999 2061 vir
3024 1997 3282 2060 eruditus,
3307 1988 3449 2062 quod
3473 1999 3560 2041 res
3586 1997 3652 2038 eo
3680 1978 3798 2035 loci

2206 2121 2275 2176 de
2316 2125 2503 2173 sancto
2533 2106 2818 2179 Quintiano
2867 2101 3176 2154 memoratae.
3220 2092 3552 2159 pra‘postero
3599 2073 3803 2128 ordine

2208 2214 2540 2272 referantur;
2590 2202 2662 2257 ibi
2695 2199 2887 2269 quippe
2928 2188 3096 2246 sancti
3124 2182 3223 2239 viri
3261 2194 3291 2234 e
3318 2175 3445 2233 sede
3474 2168 3721 2241 expulsio
3766 2180 3802 2219 a

2212 2307 2423 2364 Gotthis
2463 2303 2599 2355 facta
2638 2267 2907 2357 narratur,
2953 2300 3070 2355 quae
3099 2279 3269 2336 multo
3308 2284 3430 2329 ante
3473 2267 3804 2335 contigerat.

2215 2408 2388 2470 Atque
2419 2398 2468 2451 id
2515 2393 2728 2463 quidem
2758 2385 2896 2440 haud
2927 2379 3191 2441 diflitear;
3222 2369 3315 2425 sed
3354 2364 3485 2420 nihil
3516 2359 3641 2414 inde
3669 2371 3808 2411 con-

2218 2494 2413 2548 ﬁcitur.
2446 2488 2558 2542 Non
2583 2483 2724 2539 enim
2749 2479 2835 2532 hic
2855 2469 3144 2543 Gregorius
3171 2462 3330 2519 refert
3355 2455 3707 2526 Quintianum
3738 2461 3811 2502 eo

2219 2588 2337 2655 ipso
2365 2595 2505 2635 anno
2534 2575 2741 2647 pulsum
2789 2569 2972 2632 fuisse,
3004 2559 3147 2632 quod
3188 2569 3318 2611 sane
3359 2550 3547 2605 falsum
3591 2543 3811 2606 luisset,

2221 2679 2316 2735 sed
2343 2679 2561 2746 loquens
2590 2670 2657 2723 de
2686 2662 2918 2719 maxima
2948 2655 3218 2712 Gallorum
3250 2660 3376 2706 erga
3409 2640 3646 2696 Francos
3677 2646 3816 2702 pro-

3104 2745 3108 2746 ν
3178 2741 3206 2746 ,
3299 2740 3311 2746 _
3517 2729 3529 2741 ,
3579 2725 3788 2746 __m___

2226 2725 2316 2735 --_
2344 2725 2429 2746 .-Ἰ

2226 2770 2501 2843 pensione,
2532 2777 2600 2819 ex
2628 2774 2689 2814 ea
2719 2754 3039 2811 concitatam
3069 2745 3142 2799 ait
3169 2740 3489 2797 Gotthorum
3516 2725 3816 2788 invidiam,

3372 2828 3385 2843 ¹
3468 2837 3555 2843 -λ·Α
3600 2818 3816 2843 ΑΙΑεΑΔ-Λκ

2227 2818 2501 2843 γνη--ννην
2548 2818 2551 2819 ν

2225 2862 2314 2934 qui
2342 2860 2543 2917 idcirco
2566 2853 2872 2920 complures
2907 2844 3189 2913 episcopos
3226 2848 3257 2887 e
3294 2828 3422 2885 sede
3464 2837 3559 2879 sua
3596 2818 3823 2888 deiece-

2230 2909 2314 2934 1"
2345 2909 2535 2917 --v--~v
2579 2909 2592 2910 ί
2695 2909 2707 2920 .
2945 2909 2957 2913 ,

2230 2965 2386 3012 rant:
2411 2967 2511 3022 qua
2543 2946 2828 3003 occasione
2854 2932 3147 3006 Gregorius
3177 2927 3383 2982 illustre
3409 2916 3614 2990 profert
3642 2909 3825 2967 sancti

2230 3050 2500 3121 Quintiani
2531 3041 2833 3110 esetnplum
2862 3054 2875 3089 :
2900 3029 3110 3087 tametsi
3142 3023 3310 3079 multo
3339 3025 3462 3072 ante
3492 3011 3547 3068 id
3578 3019 3823 3076 tempus,

2233 3146 2413 3202 relicta
2440 3140 2590 3201 sede,
2619 3151 2687 3190 ex
2712 3133 2843 3187 urbe
2877 3126 3209 3181 excesserat.

2308 3234 2432 3292 105.
2451 3233 2506 3287 ιιι
2539 3228 2693 3284 tertio
2716 3223 2851 3278 libro
2876 3216 3017 3271 nulla
3043 3218 3127 3267 est
3151 3198 3536 3263 controversia:
3568 3191 3827 3256 materia,

2235 3349 2358 3391 cum
2383 3330 2525 3384 hunc
2551 3324 2742 3378 librum
2770 3328 2958 3372 omnes
2979 3306 3196 3362 omnino
3218 3299 3450 3359 codices,
3474 3287 3601 3347 editi
3624 3285 3834 3357 pariter

2237 3435 2292 3481 et
2312 3419 2519 3488 scripti,
2550 3418 2811 3480 integrum
2844 3402 3250 3469 repraesentem.
3280 3386 3422 3443 Libri
3446 3379 3621 3454 quarti
3646 3375 3835 3445 capita

2533 3508 2547 3557 l
2585 3518 2638 3562 et
2662 3469 2754 3568 12,
2784 3501 2836 3555 iu
2869 3491 3187 3567 quibusdam
3214 3480 3487 3539 codicibus
3513 3469 3837 3528 desideran-

2244 3562 2295 3584 ν’
2325 3562 2374 3583 ν’
2411 3562 2456 3577 -ν
2742 3562 2752 3568 .
2890 3562 2901 3567 _

2244 3624 2352 3677 tur,
2382 3604 2544 3677 quod,
2569 3611 2626 3655 nt
2652 3597 2807 3652 nobis
2831 3598 3141 3661 persuasum
3164 3588 3265 3644 est,
3292 3574 3422 3629 nihil
3450 3568 3514 3629 ad
3538 3562 3838 3621 Historiam

3149 3674 3158 3677 “
3337 3675 3346 3677 -
3438 3662 3488 3677 ⁵-
3541 3655 3837 3677 Αμ-ιιΑ--ιιιιι

2247 3655 2317 3666 η..
2337 3655 2352 3677 ,
2385 3655 2502 3677 η--γ
2532 3655 2544 3667 ,
2835 3655 2845 3661 τ

2247 3703 2575 3758 Francorum
2648 3683 2954 3759 generalem
3028 3674 3374 3744 pertinerent.
3426 3662 3494 3715 At
3538 3655 3841 3712 subornata

2250 3809 2399 3856 esse,
2443 3747 2750 3851 nullamque
2796 3770 2989 3831 mereri
3039 3765 3193 3820 [idem
3244 3752 3519 3814 contendit
3561 3747 3838 3807 Cointius,

2252 3884 2393 3959 quod
2425 3884 2489 3937 iis
2528 3872 2777 3933 admissis
2804 3861 3103 3936 Aquitaniae
3149 3854 3334 3923 primm
3361 3844 3663 3917 pontiﬁces,
3698 3840 3843 3890 inter

3190 3946 3219 3959 ί·
3283 3940 3430 3959 ·⁹ἠ¹Α
3486 3934 3821 3959 Amm-auun-

2254 3934 2393 3959 Ὶ---
2427 3934 2482 3937 -ν-
2869 3934 2881 3936 -

2254 3991 2388 4047 quos
2439 3965 2679 4026 nonnulli
2728 3961 2992 4027 hodieque
3056 3946 3223 4004 sancti
3283 3940 3434 3995 titulo
3482 3934 3842 3991 decorantur,

2982 4041 3038 4047 —‘
3136 4038 3147 4047 ”
3326 4039 3364 4047 Α·
3403 4020 3698 4047 “⁴“¹-Αιιιῗ-ιο
3733 4018 3842 4047 D.L

2256 4018 2388 4047 ,νων
2441 4018 2657 4026 ..νηημ
2908 4018 2922 4027 _

2256 4065 2440 4131 quales
2481 4060 2629 4115 luere
2660 4052 2953 4108 Probianus
2982 4038 3276 4105 Biturigum
3316 4039 3370 4084 et
3403 4020 3701 4080 Dalmatius
3733 4018 3845 4069 Ru—

3086 4130 3092 4131 ί
3188 4125 3201 4131 ⁸
3264 4122 3276 4131 ·
3321 4121 3333 4131 ⁸
3466 4114 3479 4127 ’
3522 4112 3664 4131 1!---
3688 4107 3812 4131 non.

2260 4107 2439 4131 .,.....--
2482 4107 2626 4115 η---

2260 4157 2545 4210 tbenorum
2583 4140 2844 4210 episcopi.
2878 4130 3099 4189 maximi
3128 4121 3365 4181 criminis
3404 4114 3481 4171 rei
3512 4107 3845 4167 dicendi'lo—

2261 4257 2402 4311 rent,
2432 4242 2522 4314 qui
2554 4239 2862 4308 episcopum
2895 4222 3195 4283 inconsulto
3216 4229 3341 4288 rege
3364 4208 3615 4266 ordinare
3635 4202 3849 4258 delibe—

2263 4297 2532 4397 raverajnt,
2561 4297 2614 4384 et
2634 4297 2848 4398 quidem
2883 4318 2972 4374 tali
3000 4314 3257 4384 dignitate
3285 4316 3504 4376 prorsus
3547 4297 3851 4364 indignum,

2265 4430 2522 4485 Catonem
2552 4422 2775 4484 scilicet,
2806 4415 2896 4485 qui
2927 4407 3175 4478 superbia
3204 4403 3339 4457 adeo
3364 4395 3598 4453 tumidus
3622 4399 3759 4451 erat,
3797 4396 3855 4441 ut

2273 4522 2539 4576 neminem
2567 4530 2625 4568 se
2654 4509 2949 4579 digniorem
2974 4501 3288 4573 episcoitatu
3316 4489 3688 4547 arbitraretur.
3713 4480 3859 4535 Cau-

2191 4597 2244 4656 Ῑ)
2271 4614 2412 4666 tinus
2443 4610 2636 4669 etiam,
2672 4603 2762 4672 qui
2802 4599 2868 4653 ad
2914 4571 3278 4665 episcopatum
3320 4585 3594 4651 promotus
3632 4581 3741 4637 est,
3774 4571 3861 4625 his

2271 4703 2539 4761 coloribus
2584 4700 2636 4751 in
2687 4694 2802 4748 istis
2843 4688 3109 4758 capitibus
3149 4677 3469 4751 depingitur,
3510 4677 3567 4722 ut
3612 4677 3863 4721 extremo

2272 4793 2532 4864 supplicio
2581 4788 2757 4858 potius
2804 4754 3102 4851 puniendus
3146 4773 3351 4831 luisset,
3381 4778 3539 4836 quam
3567 4754 3864 4829 episcopali

2274 4889 2402 4944 sede
2429 4881 2729 4940 donandus.
2764 4878 2887 4931 llaec
2914 4870 3154 4925 Cointius
3180 4879 3195 4917 :
3234 4862 3327 4916 sed
3353 4872 3471 4927 qua:
3513 4854 3780 4907 factorum
3810 4847 3865 4900 in

2278 4984 2364 5037 his
2389 4977 2651 5047 capitibus
2682 4971 2969 5025 relatorum
2998 4956 3367 5014 auctoritatem
3392 4948 3612 5002 minime
3639 4936 3866 4997 convel-

2283 5076 2418 5129 lunt.
2458 5026 2818 5137 rimprobanda
2866 5056 3061 5125 quippe
3102 5056 3187 5102 est
3224 5040 3532 5114 pontiﬁcum
3564 5026 3871 5099 Aquitaniae

2284 5163 2524 5228 audacia,
2562 5157 2652 5228 qui
2681 5168 2807 5229 rege
2856 5143 3158 5203 inconsulto
3193 5138 3524 5207 epis’copum,
3570 5120 3815 5195 quamvis
3838 5134 3869 5174 a

3353 5224 3385 5229 --
3695 5225 3705 5229 -
3760 5208 3869 5229 ..-λ

2285 5208 2524 5228 .......--._,
2568 5208 2652 5228 τί-
2684 5208 2689 5209 ,
2722 5208 2727 5209 ,

2285 5259 2430 5311 clero
2458 5262 2513 5306 et
2534 5246 2729 5318 populo
2743 5208 3011 5300 Electum,
3059 5231 3309 5287 ordinare
3335 5224 3732 5290 disposuerant.
3760 5208 3872 5267 Sed

2289 5347 2366 5403 rei
2398 5336 2683 5397 insolentia
2713 5333 2836 5388 l'acti
2866 5328 3145 5383 veritatem
3190 5333 3295 5374 non
3321 5315 3518 5379 elevat,
3555 5322 3677 5378 quze
3706 5304 3874 5359 etiam

2289 5441 2406 5497 aliis
2436 5430 2705 5507 exemplis
2746 5418 3047 5480 conﬁrmari
3079 5421 3278 5485 posset.
3319 5408 3480 5463 Certe
3509 5402 3678 5457 multo
3709 5395 3877 5451 auda-

2291 5537 2406 5589 cior
2456 5530 2555 5586 run
2603 5486 2821 5580 alterius
2870 5508 3200 5584 Aquitaniae,
3245 5504 3299 5559 id
3347 5510 3431 5556 est
3480 5486 3877 5560 Burdigalensis

2294 5622 2617 5694 provinciae,
2671 5614 3040 5683 episcoporum
3089 5608 3349 5657 conatus,
3427 5589 3517 5660 qui
3564 5583 3878 5639 Eumerium

2297 5716 2686 5772 Santonensem
2727 5703 3037 5772 episcopum
3084 5709 3115 5748 e
3153 5689 3281 5745 sede
3308 5683 3749 5742 deturbaverant,
3778 5674 3878 5728 He-

2300 5805 2463 5865 raclio
2481 5804 2588 5876 iam
2618 5801 2671 5857 in
2699 5768 2813 5869 eius
2835 5792 3010 5849 locum
3037 5785 3343 5848 substituto,
3370 5772 3507 5851 quod
3532 5768 3881 5845 praecipiente
