4024 6192
164 205 225 260 b5

1600 183 1990 245 PREFATIO.

3376 163 3443 218 86

180 338 303 396 rege
338 323 535 392 absque
587 315 1008 388 metropolitani
1060 309 1342 386 praesentia
1399 303 1584 362 fuisset
1626 303 1769 357 ordi-
1799 301 1849 360 Α
1875 294 2114 364 Gregorii
2153 290 2527 361 Lingonensis,
2572 286 2765 344 Nicetii
2799 282 3168 356 Lugdunensis
3220 288 3275 335 et
3315 278 3449 333 Galli

190 427 364 472 natus.
391 414 492 469 Res
514 425 695 467 tamen
714 411 1001 466 habuisset
1021 406 1285 467 effectum,
1309 402 1412 458 nisi
1439 397 1774 455 obstitissent

193 510 476 567 Chariherti
508 507 652 578 regis
682 507 850 558 mina:
889 504 978 572 qui
1007 501 1076 557 ob
1107 498 1271 569 patris
1299 494 1382 550 sui
1419 491 1774 547 reverentiam

196 604 372 658 irritos
389 599 619 657 reddidit
643 598 1026 667 episcoporum
1051 601 1295 646 conatus.
1328 584 1538 641 EtCato
1561 580 1776 651 quidem

197 695 439 765 superbia
480 691 723 746 tumidus
753 697 870 742 erat
900 705 912 740 :
947 688 1039 741 sed
1084 685 1154 738 ob
1199 681 1331 735 alias
1359 678 1534 738 dotes,
1565 671 1780 742 potissi-

201 805 344 845 mum
375 786 446 841 ob
477 782 904 839 misericordiam
935 780 986 832 in
1020 789 1282 847 pauperes
1313 773 1382 824 ita
1415 766 1558 838 plebi
1588 778 1778 832 accep-

200 893 340 953 ptus,
369 890 428 935 ut
475 878 654 933 nullus
700 892 808 929 non
849 888 970 927 eum
1015 869 1216 923 habere
1259 863 1416 918 vellet
1443 860 1779 928 episcopum.

203 977 496 1045 Utrumque
534 988 602 1028 ex
644 973 764 1040 ipso
812 966 1069 1037 Gregorio
1118 971 1321 1018 certum
1363 967 1463 1021 est,
1497 970 1560 1009 ex
1612 950 1788 1020 capite

202 1071 405 1126 scilicet
424 1068 516 1131 3i,
543 1064 686 1135 quod
712 1061 1086 1120 indubitatum,
1117 1056 1278 1110 etiam
1303 1049 1530 1111 Cointio,
1562 1045 1789 1099 habetur

205 1165 294 1221 ubi
323 1164 389 1217 de
415 1159 658 1230 ejusdem
681 1155 896 1210 Catonis
933 1157 1126 1213 morte,
1154 1161 1309 1216 quam
1352 1144 1403 1197 itt
1441 1137 1792 1195 sollicitandis

207 1255 527 1328 pauperibus
546 1263 784 1319 tempore
814 1245 977 1315 pestis
1007 1240 1248 1302 incurrit,
1276 1231 1460 1307 agens,
1492 1234 1592 1286 ait:
1612 1229 1794 1284 Multa:

208 1322 543 1404 humanitatis
568 1344 661 1412 fuit
685 1349 728 1394 et
744 1339 865 1392 satis
883 1350 1160 1406 pauperum
1177 1331 1422 1390 dilector;
1449 1337 1495 1379 et
1521 1324 1672 1378 credo
1689 1322 1794 1375 lucc

211 1455 373 1494 causa
411 1440 456 1490 ei
491 1437 536 1489 st
571 1434 688 1503 quid
721 1425 971 1498 superbiae
1003 1425 1199 1487 habuit,
1236 1421 1657 1473 medicamentum
1679 1413 1793 1482 fuit.

215 1531 504 1587 Cautinnm
549 1543 670 1583 vero
730 1524 1108 1584 saevissimum,
1175 1533 1238 1573 ac
1291 1512 1580 1584 episeopali
1631 1507 1798 1580 gradu

217 1627 385 1693 plane
410 1621 678 1688 indignum
707 1617 758 1670 in
790 1615 906 1669 istis
933 1610 1192 1681 capitibus
1220 1604 1462 1662 exhiberi
1499 1602 1638 1656 ultro
1666 1601 1797 1654 fate-

1878 385 2233 441 Arvernensis
2262 385 2421 450 vitas,
2449 383 2545 436 hos
2567 389 2781 434 sanctos
2813 378 2956 430 viros
2983 375 3298 447 cognatione
3325 386 3450 425 con-

1872 479 2091 549 junctos
2119 478 2282 532 fuisse
2303 475 2463 530 facile
2488 471 2872 542 deprehendet,
2906 469 3148 538 quamvis
3193 465 3243 520 id
3273 473 3456 533 aperte

1880 587 1986 624 non
2015 571 2292 639 scripserit
2318 567 2624 636 Gregorius.
2653 563 2804 632 Quod
2846 561 3042 617 Felicis
3084 557 3457 613 Namnetensis

1883 662 2226 719 sanctitatem
2254 669 2504 730 spectat,
2537 659 2698 726 idque
2741 665 2821 712 est
2867 656 3093 709 alterum
3145 648 3458 721 objectionis

1882 754 2184 808 Gointiana:
2205 762 2400 819 caput,
2432 752 2480 805 ei
2523 750 2736 820 quidem
2788 746 3075 801 detrahere
3116 745 3324 800 animus
3357 757 3460 793 non

1885 857 1986 901 est.
2020 847 2126 900 Sed
2155 852 2373 899 sanctos
2413 843 2558 896 viros
2589 854 2767 894 ozevos
2810 853 2935 891 suos
2967 836 3220 890 habuisse
3248 831 3461 889 difﬁteri

1890 953 1996 992 non
2031 950 2338 1005 possumus,
2362 948 2496 1003 quos
2538 930 2680 986 forte
2728 926 2961 998 majores
3006 940 3165 995 quam
3196 922 3370 990 reipsa
3413 923 3464 972 in

1892 1033 2071 1087 Felice
2099 1039 2282 1086 essent
2307 1074 2321 1097 ,
2352 1029 2640 1082 arbitratus
2682 1033 2766 1079 est
2812 1023 2951 1077 bona
2983 1020 3086 1074 fide
3131 1016 3420 1085 Gregorius
3452 1032 3464 1066 :

1893 1123 1986 1176 sed
2019 1122 2120 1175 hoc
2150 1121 2394 1173 humanze
2424 1114 2781 1172 imbecillitati
2811 1107 3250 1167 condonandum.
3281 1104 3461 1168 Certe,

1896 1216 2011 1285 ipso
2038 1214 2238 1268 fatente
2265 1210 2475 1264 Cointio
2498 1209 2563 1263 ad
2602 1223 2800 1261 annum
2832 1203 2956 1268 582,
2991 1216 3137 1257 num.
3174 1199 3230 1265 lt,
3273 1196 3474 1266 Grego-

1897 1313 2011 1364 rius
2034 1309 2172 1362 lihro
2202 1323 2275 1368 vr,
2307 1307 2482 1375 capite
2517 1303 2604 1366 16,
2629 1300 2879 1356 eumdem
2922 1295 3154 1354 Felicem
3183 1289 3473 1345 iracundia:

1900 1417 1964 1456 ac
1987 1401 2096 1455 doli
2129 1399 2302 1468 palam
2333 1396 2639 1458 insimulat,
2672 1403 2724 1447 et
2749 1402 2923 1444 tamen
2949 1386 3054 1440 hoc
3081 1393 3240 1454 caput
3271 1383 3322 1435 in
3353 1396 3473 1435 om-

1903 1493 2060 1547 nibus
2098 1489 2310 1556 scriptis
2336 1529 2351 1554 ,
2379 1489 2540 1542 etiam
2579 1480 2903 1539 Corbeiensi.
2935 1477 3200 1539 habetur;
3242 1473 3368 1541 quin
3417 1480 3474 1525 et

1903 1599 2024 1640 cum
2054 1581 2319 1650 superiori
2360 1579 2535 1646 capite
2584 1574 2946 1645 conjungitur,
2974 1568 3117 1640 quod
3163 1565 3328 1622 Felici
3374 1578 3481 1617 non

219 1669 382 1693 I‘"—“‘
410 1669 676 1688 ""‘0""'"
731 1669 735 1670 ν
1001 1669 1012 1681 υ

216 1730 343 1768 mur
374 1729 388 1764 :
420 1711 511 1765 sed
542 1709 640 1763 nisi
672 1722 794 1762 eum
827 1706 983 1759 talem
1017 1716 1123 1756 non
1153 1698 1322 1754 fuisse
1350 1698 1540 1765 probet
1562 1690 1802 1745 Cointius

1936 1673 2074 1727 nullo
2096 1669 2437 1725 favorabilius
2459 1675 2558 1721 est.

218 1821 285 1860 ex
325 1804 506 1873 probis
551 1799 884 1862 auctoribus,
925 1795 1055 1850 nihil
1096 1792 1314 1846 omnino
1362 1788 1616 1842 adversus
1649 1782 1805 1852 hujus

222 1871 474 1953 Historiae
522 1894 795 1947 veritatem
839 1887 1068 1943 evincet.
1144 1883 1252 1938 Nec
1298 1878 1424 1933 illud
1469 1877 1620 1946 juvat
1664 1871 1806 1944 quod

221 1988 489 2043 Cautinus
517 1999 546 2038 e
576 1983 703 2038 sede
725 1995 820 2034 sua
850 1991 1119 2046 nunquam
1151 1971 1460 2027 exturbatus
1483 1966 1660 2030 fuerit,
1686 1977 1807 2018 cum

225 2092 392 2133 nemo
419 2075 619 2132 nesciat
646 2068 892 2140 Gregorii
923 2076 1081 2121 rotate
1112 2064 1293 2134 plures
1321 2059 1618 2130 episcopos,
1647 2054 1814 2110 variis

227 2169 475 2226 irretitus
499 2163 827 2227 criminibus,
851 2159 918 2213 ad
945 2165 1171 2212 mortem
1198 2167 1364 2223 usque
1388 2153 1438 2206 in
1465 2149 1577 2204 suis
1600 2147 1815 2202 sedibus

230 2271 636 2332 perseverasse,
668 2252 809 2325 qttod
839 2252 1042 2305 utinam
1073 2258 1151 2303 tot
1178 2245 1439 2313 exemplis
1469 2241 1678 2311 probari
1712 2254 1817 2293 non

229 2361 435 2425 posset.
459 2349 703 2406 Sufficiat
719 2346 957 2402 Melantii
979 2344 1031 2398 in
1049 2338 1358 2397 Praetextati
1376 2333 1820 2404 Rothomagensis

232 2423 409 2501 locum
481 2439 672 2496 intrusi
739 2436 1046 2505 exemplum
1083 2431 1342 2502 proferre.
1386 2426 1634 2497 Ejusdem
1703 2423 1820 2478 libri

236 2535 412 2608 quarti
452 2541 614 2602 caput
634 2531 702 2586 19
731 2527 905 2598 rejicit
933 2526 1072 2597 quod
1119 2524 1170 2578 in
1198 2521 1472 2576 codicibus
1499 2519 1706 2573 duobus
1733 2517 1824 2571 de-

240 2628 532 2689 sideretur,
580 2637 678 2677 nec
717 2621 852 2674 satis
893 2624 1140 2672 accurate
1182 2613 1353 2669 sancti
1385 2609 1619 2668 llledardi
1650 2608 1827 2662 obitus

239 2732 440 2774 annum
491 2714 742 2783 assignet.
797 2710 990 2764 Verum
1021 2722 1141 2763 eum
1190 2705 1261 2763 ibi
1293 2702 1581 2772 Gregorius
1625 2698 1826 2753 nullum

240 2820 451 2866 eertum
478 2821 672 2860 annum
700 2803 839 2858 beati
858 2799 1089 2855 Medardi
1123 2796 1309 2851 mortis
1336 2794 1617 2863 designare
1647 2791 1828 2843 volue-

243 2905 344 2968 rit,
384 2901 516 2956 nihil
561 2899 626 2952 ad
661 2895 975 2952 elevandam
1008 2891 1163 2960 hujus
1209 2887 1405 2957 capitis
1459 2884 1829 2938 auctoritatem

247 2998 470 3071 prodest
515 2994 616 3048 ista
646 2989 897 3060 objectio.
927 2985 1078 3055 Quod
1121 2985 1260 3039 enim
1291 2982 1364 3036 ait
1391 2977 1678 3048 Gregorius
1704 2986 1830 3029 tem-

249 3107 373 3162 pore
397 3085 651 3142 Clitotarii
679 3092 921 3138 sanctum
967 3075 1270 3132 Medardum
1313 3073 1533 3140 obiisse,
1564 3084 1721 3124 neruo
1750 3083 1832 3121 re-
1860 3075 1906 3136 α

251 3189 415 3236 vocat
445 3179 500 3232 in
524 3176 764 3230 dubium.

329 3270 451 3324 103.
498 3268 553 3325 In
580 3266 717 3320 libro
754 3281 790 3319 v
821 3271 979 3330 caput
1026 3260 1269 3330 quintum
1317 3253 1626 3312 convellere
1655 3251 1842 3305 nititur

263 3363 350 3418 vir
377 3358 653 3421 eruditus,
679 3355 818 3424 quod
845 3355 944 3407 etsi
978 3366 1063 3405 res
1094 3364 1248 3404 veras
1277 3357 1332 3401 ut
1360 3344 1645 3416 plurimum
1705 3343 1842 3396 refev

257 3465 362 3519 rat,
389 3454 588 3505 habeat
630 3459 806 3502 tamen
839 3443 1092 3498 nonnulla
1114 3484 1128 3502 .
1158 3455 1276 3512 qurc
1319 3433 1727 3507 reprehensioni
1762 3434 1842 3487 vi-

262 3549 456 3601 dentur
484 3542 734 3598 obnoxia.
753 3539 986 3593 Primum
1015 3535 1153 3606 quod
1181 3533 1344 3588 multa
1374 3533 1426 3586 in
1445 3545 1511 3586 eo
1532 3529 1842 3586 continean-

263 3651 351 3693 tur
382 3645 571 3692 contra
606 3633 841 3687 Felicem
872 3630 1291 3683 Natttnctensem
1318 3626 1631 3692 episcopum
1653 3662 1668 3687 ,
1689 3636 1844 3690 quem

266 3730 505 3792 Ecclesia
533 3727 614 3780 uti
655 3735 896 3782 sanctum
949 3722 1122 3774 virum
1163 3719 1424 3774 celebrat.
1457 3714 1659 3769 Deinde
1702 3713 1846 3783 quod

264 3825 462 3880 ibidem
499 3819 794 3890 Gregorius
827 3817 1093 3886 vulgatus,
1127 3827 1242 3878 seu,
1273 3822 1324 3865 ut
1353 3808 1594 3864 Cointius
1633 3807 1736 3872 ait,
1762 3807 1840 3860 in.

268 3917 567 3986 terpolator
597 3916 700 3969 sub
742 3912 881 3967 illius
925 3908 1160 3974 nomine,
1196 3904 1510 3974 Gregorium
1544 3902 1852 3967 Lingonen-

269 4026 387 4066 sem
413 4009 727 4078 episcopum
757 4019 999 4074 proavum
1021 4015 1184 4054 suum
1215 3995 1480 4066 appellet,
1510 4001 1565 4048 et
1591 3990 1850 4046 Nicetium

273 4105 690 4174 Lugdunensem
721 4097 904 4152 matris
932 4110 1044 4149 suae
1065 4089 1380 4146 avunculum
1403 4131 1415 4150 ,
1442 4097 1628 4142 contra
1656 4081 1854 4137 sinceri

271 4201 520 4270 Gregorii
564 4210 806 4258 morem,
852 4190 941 4260 qui
971 4189 1102 4243 alias
1153 4186 1221 4240 de
1250 4183 1438 4238 iisdem
1485 4179 1684 4234 sanctis
1723 4177 1856 4233 viris

274 4269 442 4363 agens
471 4334 485 4355 ,
533 4300 796 4355 nusquam
851 4280 1089 4334 meminit
1134 4276 1255 4330 talis
1304 4269 1666 4343 cognationis,
1696 4280 1854 4336 quam

275 4388 439 4442 etiam
470 4383 676 4436 siluere
724 4375 907 4430 clerici
948 4373 1293 4427 Turonenses
1322 4365 1375 4419 in
1419 4362 1586 4432 ipsius
1617 4357 1856 4427 Gregorii

1982 1765 2102 1820 105.
2150 1762 2338 1816 Futilis
2366 1769 2447 1815 est
2474 1759 2732 1814 adversus
2775 1761 2935 1823 caput
2961 1752 2992 1806 9
3025 1750 3164 1806 ΙίιηπίΔ
3193 1746 3363 1818 quinti
3389 1746 3486 1800 ob-

1911 1857 2102 1927 jectio,
2131 1855 2422 1925 Caluppant
2453 1863 2644 1918 nempe
2671 1848 2772 1900 hoc
2800 1847 2853 1900 in
2883 1844 2999 1898 loco
3026 1838 3305 1911 appellari,
3324 1851 3497 1906 quem,

1917 1950 2279 2020 Calnppanetn
2328 1947 2574 2001 sincerus
2629 1937 2918 2010 Gregorius
2972 1937 3023 1990 in
3082 1935 3220 1989 Vitis
3271 1933 3496 1986 Patrum

1915 2046 2129 2098 dixerit.
2154 2042 2284 2110 Quis
2310 2041 2452 2094 enim
2488 2037 2689 2091 nesciat
2714 2029 2977 2102 ejusmodi
3009 2027 3227 2082 nomina
3262 2039 3366 2079 non
3404 2037 3492 2076 so-

1919 2141 2033 2194 lum
2086 2140 2138 2192 in
2172 2137 2334 2190 variis
2376 2132 2673 2196 codicibus,
2717 2127 2810 2184 sed
2860 2129 2999 2183 etin
3044 2139 3152 2178 uno
3197 2121 3495 2190 eodemque

1922 2228 2220 2296 exemplari
2246 2225 2442 2294 smpius
2470 2223 2615 2276 varie
2648 2219 2913 2288 descripta
2940 2215 3210 2271 inveniri?
3242 2213 3397 2282 hujus
3418 2212 3495 2264 rei

1921 2326 2160 2391 ext-mp'a
2186 2317 2425 2390 proferre
2447 2329 2664 2387 prorsus
2689 2315 2917 2369 otiosum
2948 2308 3133 2365 fuerit.
3156 2308 3325 2362 Immo
3347 2305 3500 2360 nulla.

1923 2424 2007 2470 est
2061 2416 2111 2466 in
2158 2414 2261 2466 hoc
2292 2411 2506 2465 nomine
2555 2406 2694 2477 apud
2745 2405 3059 2472 Gregorium
3100 2401 3330 2454 varietas
3363 2416 3377 2452 :
3409 2398 3500 2466 qui

1927 2508 2067 2562 enim
2097 2505 2331 2574 Caluppa
2360 2505 2410 2556 in
2447 2511 2591 2556 recto
2622 2515 2748 2554 casu
2776 2498 2977 2552 dicitur
3020 2497 3074 2549 in
3124 2491 3355 2547 Historia
3384 2528 3399 2553 ,
3451 2489 3502 2541 is

1929 2598 2042 2664 ipse
2075 2606 2156 2652 est
2183 2596 2270 2663 qui
2311 2595 2362 2648 in
2390 2607 2515 2646 casu
2546 2599 2698 2644 sexto
2724 2587 3023 2658 Caluppane
3051 2583 3281 2652 scriptus
3307 2594 3491 2634 occur-

1929 2693 1999 2745 rit
2043 2690 2095 2744 itt
2129 2688 2261 2744 Vitis
2288 2686 2535 2747 Patrum,
2581 2681 2838 2752 capiteli
2865 2721 2880 2743 ,
2925 2693 3048 2732 cum
3098 2690 3254 2729 nemo
3301 2670 3504 2725 nesciat

1931 2778 2194 2847 ejusmodi
2226 2777 2440 2831 nomina
2467 2775 2568 2827 hoc
2597 2771 2754 2826 modo
2799 2767 3098 2824 desinentia
3138 2764 3215 2818 sic
3243 2762 3391 2816 varie
3420 2756 3506 2814 ef-

1935 2875 2083 2938 ferri,
2102 2881 2160 2926 ιιι
2189 2869 2383 2940 passim
2414 2883 2478 2922 ex
2512 2865 2674 2920 Attila
2697 2863 2988 2924 Attilanem,
3021 2868 3074 2913 et
3104 2873 3167 2912 ex
3202 2854 3349 2925 Agila
3379 2853 3503 2924 Agi-

1937 2970 2102 3021 Ianem
2125 2965 2403 3020 efformata
2429 2960 2643 3014 nomina
2672 2957 2918 3024 legimus.

2010 3057 2133 3114 106.
2166 3054 2456 3118 Validiora,
2492 3063 2548 3103 ut
2573 3056 2720 3117 putat
2751 3047 2830 3099 vir
2869 3043 3138 3104 eruditus,
3186 3046 3311 3094 sunt
3355 3050 3515 3104 argu-

1946 3163 2122 3208 menta
2149 3164 2268 3219 qua:
2298 3147 2501 3217 profert
2529 3143 2788 3198 adversus
2823 3147 2981 3206 caput
3008 3136 3069 3190 2|
3108 3133 3352 3203 ejusdem
3386 3129 3512 3183 libri

1944 3243 2133 3313 quinti.
2167 3241 2234 3296 Et
2262 3238 2474 3310 quidem
2516 3251 2578 3291 ea
2608 3233 2782 3302 magni
2815 3232 2922 3285 sint
2970 3225 3221 3298 ponderis
3272 3234 3496 3278 necesse

1944 3347 2048 3400 est,
2079 3346 2140 3391 ut
2166 3344 2289 3406 pote
2319 3347 2439 3401 quae
2467 3344 2707 3385 omntnm
2735 3322 3214 3392 manuscriptorum
3241 3318 3511 3377 codicum,

1945 3410 2107 3484 etiam
2130 3425 2488 3488 Corbeiensis,
2523 3425 2616 3492 qui
2639 3437 2744 3475 non
2771 3419 2940 3473 multo
2975 3426 3092 3484 post
3122 3413 3363 3482 Gregorii
3391 3418 3521 3463 mtas

1950 3533 2057 3578 tem
2109 3522 2342 3587 scriptus
2395 3516 2668 3580 creditur,
2724 3511 3097 3566 auctoritatem
3158 3505 3373 3561 elevare
3427 3501 3524 3555 de-

1949 3616 2133 3670 beant.
2162 3614 2275 3667 lloc
2304 3610 2503 3681 quippe
2532 3616 2691 3674 caput
2713 3605 2776 3658 2i
2814 3602 3125 3663 manifeste,
3159 3609 3212 3650 ttt
3254 3597 3365 3665 ipse
3397 3593 3524 3647 fate-

1952 3719 2036 3762 tur
2059 3705 2332 3764 Cointius.
2378 3703 2428 3754 in
2459 3701 2632 3768 capite
2669 3696 2740 3749 28
2787 3693 3026 3764 ejusdem
3083 3691 3204 3744 libri
3245 3685 3516 3750 laudatur,

1952 3796 2095 3867 quod
2126 3803 2286 3862 caput
2312 3790 2384 3844 28
2411 3802 2599 3844 omnes
2643 3785 2884 3849 codices,
2911 3792 2964 3836 et
3013 3779 3228 3844 quidem
3263 3779 3528 3843 integrum

1955 3866 2173 3943 habent.
2206 3882 2584 3952 lnterpolatum
2630 3891 2806 3932 tamen
2843 3876 3134 3929 arbitratur
3157 3869 3422 3931 Cointius,
3449 3866 3530 3919 id-

1959 3995 2063 4049 que
2090 3977 2276 4042 multa,
2307 3985 2364 4028 ut
2394 3974 2507 4040 ipse
2549 3969 2853 4031 existimat,
2887 3972 3134 4034 arguunt.
3166 3961 3346 4014 Primo
3390 3957 3532 4028 quod

1958 4072 2028 4124 ibi
2062 4067 2268 4122 Nicetio
2300 4060 2729 4132 Lugdunensium
2765 4057 3019 4126 episeopo
3052 4050 3372 4106 Patriarclta:
3407 4051 3534 4102 titu-

1959 4163 2045 4217 lus
2077 4161 2308 4214 donetur
2354 4163 2541 4211 contra
2585 4152 2798 4206 illorum
2847 4158 3146 4216 temporum
3189 4154 3244 4200 et
3289 4142 3535 4213 Gregorii

1962 4258 2128 4325 ipsius
2183 4266 2408 4307 morem.
2442 4246 2644 4302 Deinde
2697 4243 2836 4314 quod
2895 4241 3104 4298 concilii
3163 4239 3533 4311 Lugdunensis

1964 4360 2135 4421 patres
2151 4345 2489 4417 Sagittarium
2517 4355 2575 4395 et-
2592 4339 2860 4395 Salonium
2879 4337 3161 4404 episcopos
3181 4334 3250 4389 ob
3275 4333 3451 4387 credes
3475 4341 3535 4386 et

277 4475 619 4533 Turonensis
653 4470 791 4522 Vita.
833 4466 1029 4520 Verum
1061 4477 1126 4516 ex
1159 4461 1242 4513 his
1286 4456 1491 4510 duabus
1537 4423 1857 4518 objectionis
1890 4468 1939 4528 ο
1965 4441 2226 4498 adulteria
2279 4436 2494 4492 sedibus
2524 4433 2636 4488 suis
2687 4429 2965 4498 pellendos
3023 4426 3299 4482 censuisse
3338 4423 3536 4478 ibidem

278 4571 426 4626 illius
471 4563 715 4636 partibus
743 4575 899 4614 uuatn
930 4555 1090 4610 solvit
1126 4556 1240 4622 ipse
1280 4548 1544 4604 Cointius.
1576 4541 1863 4612 Cognatio-

279 4679 402 4719 Item
423 4661 626 4731 quippe
648 4655 792 4708 illam
824 4653 960 4704 inter
981 4646 1292 4716 Gregorium
1323 4651 1562 4695 nostrum
1583 4645 1637 4690 et
1653 4641 1867 4688 sanctos

283 4756 406 4810 illos
442 4722 597 4805 vir-os
645 4745 881 4800 admittit
927 4751 980 4794 et
1031 4740 1352 4808 propugnat.
1401 4731 1566 4784 Immo
1619 4722 1868 4790 exemplo

284 4845 572 4901 confirmat
601 4841 971 4907 argumentum
997 4828 1138 4885 istud
1170 4823 1481 4882 abnutivum
1501 4859 1517 4886 ,
1548 4819 1682 4872 alias
1730 4810 1869 4872 forte

286 4935 681 4994 validissimum
703 4973 719 4996 ,
753 4930 807 4984 in
840 4928 937 4981 hac
983 4934 1162 4979 tamen
1197 4929 1343 4990 parte
1376 4929 1595 4987 prorsus
1623 4909 1870 4980 rejicien-

287 5032 417 5088 dum
448 5043 590 5084 esse.
608 5026 760 5087 Nam,
785 5022 975 5090 inquit,
1002 5017 1184 5071 Gallus
1207 5018 1567 5068 Arvernorum
1590 5007 1872 5075 episcnpus

291 5135 444 5183 certo
473 5124 674 5176 certius
707 5125 930 5187 patruus
980 5112 1082 5166 fuit
1125 5108 1290 5163 nostri
1335 5101 1579 5172 Gregorii
1603 5142 1616 5162 ,
1645 5109 1701 5151 ut
1733 5099 1873 5164 ipse-

291 5229 403 5274 met
429 5223 661 5269 testatur
689 5211 739 5262 in
770 5209 908 5262 lihro
927 5205 994 5258 de
1015 5201 1314 5256 Virtutibus
1343 5194 1514 5251 sancti
1546 5187 1763 5250 .luliani,
1782 5200 1874 5238 ca-

295 5309 402 5378 pite
424 5308 522 5370 ‘23,
552 5314 608 5359 et
637 5312 814 5356 tamen
863 5294 1153 5361 Gregorius
1202 5301 1376 5358 neque
1421 5287 1472 5338 in
1526 5281 1693 5351 ipsius
1739 5273 1876 5330 Galli

295 5366 422 5464 vita,
455 5366 554 5452 nec
583 5406 805 5463 usquam
835 5389 996 5452 alias,
1021 5395 1322 5453 quanquam
1346 5373 1643 5444 saepissime
1665 5366 1804 5424 Galli
1823 5373 1878 5419 et

299 5493 413 5562 eius
445 5497 725 5559 parentum
754 5478 1082 5542 meminerit,
1115 5485 1358 5530 sanctum
1391 5466 1598 5523 Gallum
1632 5470 1878 5532 patruum

301 5548 461 5639 simu;
485 5578 796 5651 appellavit.
831 5571 997 5630 Addit
1021 5569 1159 5623 idem
1200 5563 1468 5625 Cointius,
1497 5555 1637 5626 quod
1675 5553 1718 5606 si
1765 5548 1884 5616 quis

305 5683 550 5734 accurate
581 5673 717 5730 inter
745 5683 868 5727 sese
915 5675 1231 5732 comparare
1273 5651 1502 5711 voluerit
1527 5687 1542 5711 ,
1578 5652 1886 5700 sanctorum

1973 4537 2233 4594 dicantur.
2265 4547 2383 4585 cum
2418 4538 2590 4581 tamen
2621 4522 2860 4589 episcopi
2909 4519 3047 4590 apud
3079 4516 3413 4573 Cabillonum
3433 4555 3447 4578 ,
3482 4525 3540 4569 u'

1974 4630 2198 4697 ip~emet
2238 4625 2410 4686 tnfra»,
2454 4620 2628 4689 capite
2656 4617 2727 4672 ‘28
2760 4615 2922 4670 habet
2952 4611 3274 4682 Gregorius,
3319 4622 3544 4676 congre-

1975 4718 2102 4788 gati,
2134 4717 2253 4771 illos
2275 4715 2555 4783 episcOpos
2587 4710 2657 4764 ob
2686 4710 2828 4776 ipsas
2854 4704 3068 4760 easdem
3099 4701 3318 4757 omnino
3356 4712 3544 4752 causas

1979 4808 2188 4863 nonnisi
2219 4805 2508 4876 paenitentia
2535 4800 2830 4873 purgandos
2858 4793 3219 4850 decreverint.
3249 4790 3432 4844 Tertio
3451 4788 3549 4840 ob-

1973 4905 2091 4974 jicit
2137 4899 2348 4958 concilii
2403 4893 2774 4966 Lugdunensis
2801 4891 2900 4944 hac
2943 4888 3010 4942 de
3054 4900 3112 4940 re
3141 4882 3439 4940 silentium,
3477 4878 3551 4931 si-

1978 4995 2192 5066 quidem
2220 5004 2479 5059 nusquam
2532 4988 2585 5041 in
2616 4986 2767 5040 istius
2797 4979 2987 5051 synodi
3032 4972 3324 5030 canonibus
3344 4971 3441 5038 qui
3462 4983 3553 5022 su-

1979 5063 2438 5156 pers'tnt,legatur
2458 5077 2727 5148 Sagittarii
2755 5083 2808 5130 et
2829 5069 3030 5126 Salonii
3049 5065 3262 5120 causam
3295 5064 3366 5118 ibi
3387 5063 3554 5118 fuisse

1979 5179 2252 5247 agitatam.
2287 5174 2525 5238 Denique
2555 5186 2582 5220 a
2611 5161 3071 5221 verisimilitudine
3101 5155 3322 5208 multum
3362 5155 3563 5208 abesse

1981 5244 2158 5337 putat,
2191 5263 2330 5333 qttod
2377 5263 2466 5314 ille
2511 5255 2868 5324 interpolator
2916 5251 2984 5304 de
3021 5246 3308 5316 Sagittario
3350 5244 3564 5307 refert,

1984 5336 2103 5413 eum
2137 5369 2325 5422 nempe
2353 5348 2637 5418 aliquando
2657 5345 2878 5409 dixisse,
2915 5336 3230 5395 Guntramni
3253 5336 3395 5390 filios
3420 5349 3566 5405 quos

1987 5465 2050 5503 ex
2086 5444 2409 5514 Austrigilde
2440 5446 2784 5508 susceperat,
2817 5435 2888 5489 ob
2918 5433 3071 5487 istius
3104 5429 3356 5484 natalium
3382 5427 3566 5481 burni-

1991 5541 2193 5594 litatem
2247 5550 2515 5603 nunquam
2558 5532 2695 5603 patri
2727 5530 2777 5583 in
2834 5541 2999 5598 regno
3046 5534 3382 5579 successores
3423 5521 3560 5570 fore.

1999 5634 2122 5693 “me
2151 5632 2238 5689 ille
2265 5649 2277 5684 :
2313 5629 2505 5702 quibus
2536 5623 2840 5698 singillatim
2871 5618 3169 5677 faciendum
3209 5622 3291 5670 est
3315 5610 3461 5666 satis.
3496 5609 3560 5663 Et
