4024 6192
546 280 614 335 87
1929 272 2012 327 [ιιι
2022 266 2313 324 EFATIU.
3723 258 3795 313 88

545 397 775 467 primum
797 404 1050 465 quantum
1081 393 1144 446 ad
1172 391 1485 451 patriarchae
1518 405 1735 453 nomen,
1785 403 1890 457 quo
1937 386 1988 438 in
2021 383 2121 435 hoc
2151 381 2194 438 Α
2225 394 2351 432 vero
2379 377 2563 445 οὺιῖείι
2602 375 2844 431 δίιῖηῑῖυε
2873 385 3055 430 εθηιτδ
3086 375 3325 444 θίηεάθω
3370 374 3562 467 caldus
3580 373 3644 429 εί
3680 374 3797 428 sin‘

546 487 721 555 capite
750 486 1037 541 decoratur
1063 484 1320 546 Nicetius,
1356 482 1482 536 nihil
1510 492 1589 536 est
1623 486 1850 544 mirum,
1883 477 2119 547 quando-

553 579 767 648 quidem
800 576 1043 633 eumdem
1078 575 1300 629 honoris
1325 574 1531 628 titulum
1562 573 1772 627 Priscus
1796 570 1982 625 Nicetii
2007 583 2119 622 suc—

550 684 735 723 cessor
777 667 961 723 habuit
996 667 1049 721 in
1091 668 1317 720 concilio
1348 681 1384 719 ιι
1416 663 1789 718 Matisconeusi
1823 676 1963 714 anno
1993 657 2118 712 585.

556 760 719 813 Datur
764 768 817 812 et
859 758 1177 816 Chelidonio
1228 756 1731 810 Vesontionensium
1773 755 2022 824 episcopo
2067 751 2119 805 in

557 854 670 907 Vita
701 852 869 907 sancti
901 852 1127 907 Romani
1157 851 1367 906 abbatis
1395 849 1639 904 Jurensis
1664 890 1677 912 ,
1722 863 1879 915 quam
1910 844 2124 913 scripsit

552 955 738 1002 auctor
758 945 1020 1013 Gregorio
1048 954 1233 998 nostro
1255 942 1498 1011 aequalis,
1530 941 1617 996 tibi
1651 940 1909 994 Hilarium
1937 936 2123 990 Arela-

552 1046 757 1087 tensem
788 1036 1098 1101 episcoimnt
1150 1033 1357 1102 arguit,
1386 1031 1524 1099 quod
1564 1028 1893 1084 Celedonium
1932 1027 2123 1079 Veson-

549 1131 793 1181 tionensis
837 1128 1132 1194 metropolis
1178 1127 1520 1195 patriarcltam
1572 1141 1603 1180 e
1655 1126 1791 1176 solio
1840 1122 2119 1188 dejecerit.

552 1218 913 1275 Putriardtam
952 1220 1238 1289 api‘ellavit
1278 1218 1568 1288 Sulpicium
1597 1218 1980 1272 Bituriceusem
2019 1230 2123 1269 saec

560 1311 678 1363 t-nlo
700 1311 947 1379 sequenti
971 1320 1185 1364 sanctus
1205 1308 1511 1364 Desiderius
1532 1309 1880 1363 Caturcorum
1901 1305 2125 1360 antistes

564 1401 613 1457 in
644 1401 868 1471 epistola
894 1401 959 1455 ad
987 1417 1107 1455 eum
1142 1401 1363 1456 directa.
1396 1401 1525 1466 Quae
1550 1400 1792 1467 exempla
1816 1400 1914 1453 etsi
1941 1399 1991 1451 in
2014 1400 2125 1451 sin-

554 1495 699 1563 gul’s
737 1494 852 1547 istis
895 1494 1201 1547 auctoribus
1243 1495 1347 1546 sint
1375 1492 1696 1561 singularia,
1750 1507 1779 1546 a
1821 1492 2124 1560 suspicione

552 1592 741 1641 tamen
765 1582 885 1638 falsi
917 1593 1008 1637 aut
1035 1584 1179 1639 dubii
1220 1585 1472 1639 immnnia
1516 1595 1640 1638 sunt
1667 1585 1909 1643 cumino.
1946 1583 2125 1651 proin-

552 1676 729 1742 dcque
759 1688 811 1732 et
836 1677 1075 1746 Gregorii
1106 1688 1305 1732 textus.

2225 473 2496 525 ceritatem
2532 467 2898 538 Lugdunensis
2945 467 3158 521 coocilti
3204 466 3473 520 silentium
3518 469 3586 520 de
3630 481 3796 521 causa

2225 563 2494 633 Sagittarii
2516 574 2569 617 et
2590 564 2811 629 Salonii,
2832 578 2951 632 quze
2969 576 3160 631 nempe
3178 563 3229 615 in
3243 576 3302 616 ca
3312 561 3535 616 uouibus
3552 560 3796 630 ejusdem

2224 654 2433 709 concilii
2475 656 2561 722 qui
2610 663 2922 722 supersunt,
2979 661 3267 708 memorata
3318 667 3424 706 non
3496 652 3792 720 habeatur;

2227 748 2356 802 nihil
2388 748 2607 801 omnino
2636 748 2853 813 evincit,
2882 747 2983 801 nisi
3012 747 3202 816 probet
3225 747 3304 800 vir
3328 745 3573 799 eruditus
3603 762 3797 801 omnes

2225 840 2442 893 omnino
2469 854 2690 902 causas,
2740 854 2855 909 qua!
2920 839 2970 891 in
3013 837 3258 894 conciliis
3294 838 3506 909 agitatae
3536 837 3793 904 fuerunt,

2226 933 2276 987 in
2319 947 2502 987 eorum
2550 934 2846 987 canonibus
2895 948 3177 1000 expressas
3226 933 3442 988 fuisse:
3473 932 3612 1002 quod
3658 948 3795 989 sane

2227 1038 2384 1077 nemo
2410 1023 2625 1077 dixerit.
2656 1024 2762 1077 Nec
2791 1023 2841 1077 id
2872 1022 2926 1077 in
2956 1025 3206 1092 prmsenti
3238 1037 3399 1078 causa
3427 1027 3794 1080 necessarium

2225 1115 2340 1179 fuit,
2370 1126 2459 1168 aut
2486 1119 2612 1170 utile
2645 1117 2870 1185 posteris
2898 1116 3108 1171 fuisset.
3149 1116 3283 1171 Novi
3314 1117 3511 1187 quippe
3557 1132 3799 1174 canones

2229 1208 2457 1263 istorum
2480 1212 2854 1277 episcoporum
2875 1212 3325 1266 cxauctorationis
3353 1211 3637 1267 occasione
3665 1226 3800 1267 eon-

2225 1300 2385 1354 dendi
2418 1316 2522 1354 non
2554 1301 2783 1367 fuerant,
2817 1316 2937 1356 cum
2970 1302 3019 1357 id
3049 1303 3243 1372 passim
3271 1304 3525 1359 haberent
3550 1313 3801 1374 veteres;

2227 1405 2326 1445 nec
2366 1391 2589 1445 decebat
2659 1393 2853 1447 factum
2896 1395 3165 1466 singulare
3215 1395 3508 1450 canonibus
3539 1396 3803 1464 inserere,

2224 1484 2365 1551 quod
2399 1485 2550 1540 nihili
2602 1485 2902 1553 profuisset.
2938 1488 2995 1543 Si
3043 1501 3218 1544 autem
3248 1490 3491 1560 exempla
3520 1491 3641 1559 quis
3671 1492 3806 1547 velit

2225 1577 2486 1645 ejusmodi
2526 1590 2737 1642 rerum,
2767 1592 2884 1637 qua:
2915 1577 3037 1633 licet
3090 1583 3140 1633 in
3169 1579 3387 1649 synodis
3430 1581 3642 1650 agitata
3690 1581 3808 1637 fue-

2226 1674 2352 1739 rint,
2385 1682 2560 1726 tamen
2595 1673 2644 1727 in
2675 1687 2856 1726 earum
2880 1674 3016 1727 actis
3046 1682 3137 1727 aut
3163 1675 3459 1729 canonibus
3487 1686 3803 1731 memoratae

631 1768 749 1821 107.
777 1769 854 1823 Ad
902 1768 1015 1824 haec
1044 1771 1218 1838 arguit
1246 1770 1489 1824 Cointius
1517 1811 1531 1835 ,
1572 1770 1713 1838 quod
1766 1778 1849 1825 est
1891 1768 2117 1823 alterum
2153 1767 2198 1826 Β
2228 1782 2335 1821 non
2360 1771 2670 1832 occurrunt,
2706 1781 2736 1819 e
2769 1765 3009 1835 pluribus
3033 1782 3195 1820 unum
3228 1773 3322 1820 aut
3348 1766 3570 1821 alterum
3596 1782 3662 1822 ex
3687 1770 3804 1832 ipso

554 1856 671 1928 ejus
703 1858 1022 1927 objectionis
1046 1870 1224 1929 caput,
1256 1858 1518 1930 Gregorii,
1547 1870 1606 1913 ιιι
1631 1870 1803 1919 vocat,
1841 1860 2128 1927 interpola-

558 1961 746 2012 torctn,
780 1951 922 2019 quod
964 1953 1279 2005 sententiam
1312 1952 1664 2021 depositionis
1694 1952 1743 2005 in
1780 1951 2126 2020 Sagittarium

557 2048 614 2094 et
651 2040 921 2093 Salonium
947 2041 1259 2109 episcopos,
1308 2040 1573 2096 homicidii
1614 2051 1667 2096 et
1702 2040 1950 2095 adulterii
1982 2057 2125 2104 reos,

556 2130 719 2184 latam
758 2130 921 2187 fuisse
966 2133 1267 2199 scripserit.
1316 2132 1425 2187 Hoc
1462 2136 1639 2198 enim,
1670 2133 1840 2203 inquit
1863 2134 2124 2195 Cointius,

562 2220 675 2273 fieri
710 2236 812 2273 non
848 2223 1042 2290 potuit,
1091 2237 1209 2276 cum
1260 2239 1325 2275 ex
1377 2221 1632 2293 Gregorio
1669 2226 1901 2289 sincero,
1955 2224 2128 2293 capite

561 2310 760 2363 scilicet
790 2310 861 2363 Q3
903 2312 1143 2378 ejusdem
1178 2313 1318 2369 libri.
1357 2314 1516 2369 iidem
1563 2316 1799 2383 episcopi
1832 2315 1901 2368 ob
1940 2316 2125 2368 eadem

561 2402 780 2452 omnino
810 2401 1012 2455 scelera
1041 2403 1232 2455 iterum
1258 2404 1308 2455 in
1332 2403 1416 2467 jus
1442 2405 1632 2466 vocati,
1667 2405 1719 2458 in
1750 2404 1983 2459 concilio
2022 2404 2126 2458 Ca-

565 2490 846 2545 billottettsi
880 2492 1203 2559 pmnitentim
1251 2494 1587 2549 solummodo
1634 2496 1861 2563 subjecti
1908 2495 2126 2560 fuerint,

561 2580 656 2636 sed
691 2596 792 2637 non
825 2587 1173 2638 exauctorati.
1206 2585 1399 2639 Verum
1438 2587 1575 2640 ttltro
1616 2586 1786 2641 fateor
1812 2587 1994 2641 Patres
2031 2588 2129 2641 Ca-

565 2671 895 2727 billonenses
919 2675 1103 2728 eadem
1132 2678 1416 2731 severitate
1449 2692 1573 2732 usos
1603 2693 1707 2732 non
1750 2678 1935 2743 fuisse,
1972 2694 2128 2748 quam

563 2762 966 2832 Lugdunenses.
992 2765 1096 2820 Sed
1128 2769 1398 2822 contendo
1438 2767 1823 2838 Lugdunensvs
1860 2771 2009 2837 juxta
2036 2785 2129 2824 ca-

563 2868 760 2908 nonum
785 2856 916 2911 scita
946 2858 1133 2913 tulisse
1158 2863 1476 2914 sententiam
1503 2880 1517 2928 ;
1546 2860 1952 2916 Cabillonenses
1978 2876 2127 2929 vero,

562 2945 633 3001 ob
670 2944 843 3017 justas
872 2950 1086 3019 quidem
1106 2992 1122 3016 ,
1151 2960 1208 3005 ut
1253 2953 1560 3008 existimare
1606 2968 1699 3021 par
1728 2963 1845 3022 est,
1873 2953 2128 3019 rationes,

562 3037 630 3089 ab
658 3039 1014 3107 exsequendis
1046 3051 1222 3094 tamen
1261 3042 1554 3098 canonibus
1586 3043 1930 3099 abstinuisse.
1964 3043 2130 3098 Nemo

561 3127 725 3189 enim,
751 3128 837 3182 vel
880 3130 983 3183 levi
1031 3145 1298 3185 canonum
1326 3134 1633 3202 cognitione
1661 3134 1897 3188 imbutus
1929 3136 2122 3199 nescit,
2153 3140 2195 3199 t3

560 3219 823 3275 eiusmodi
852 3221 1138 3275 criminum
1185 3238 1307 3277 reos
1339 3240 1449 3277 una
1470 3233 1732 3279 sententia
1785 3234 1841 3280 et
1870 3240 1970 3279 una
1997 3240 2129 3279 voce

563 3312 698 3377 apud
748 3310 963 3367 Graecos
1007 3324 1059 3367 et
1102 3314 1319 3369 Latinos
1363 3315 1491 3371 sede
1533 3318 1822 3387 episcopali
1874 3315 2123 3386 indignos

564 3404 897 3472 proclamari.
932 3404 987 3460 Si
1042 3406 1221 3475 itaque
1248 3409 1318 3463 ob
1358 3424 1444 3463 res
1470 3408 1522 3462 in
1554 3409 1671 3464 istis
1709 3410 1972 3481 capitibus
1990 3410 2051 3464 21
2081 3419 2135 3464 et

563 3492 635 3547 28
663 3503 943 3550 contentas
995 3497 1307 3554 alterutrum
1349 3511 1506 3570 caput
1551 3502 1901 3558 reiiciendnm
1947 3502 2129 3570 foret,

566 3583 714 3650 rejici
740 3585 863 3653 jure
891 3588 1113 3643 deberet
1133 3600 1292 3659 caput
1318 3593 1420 3658 28,
1451 3604 1507 3646 ut
1544 3604 1667 3664 pote
1723 3594 2018 3663 disciplima
2046 3609 2136 3649 ec-

564 3676 874 3734 clesiastica:
902 3683 1201 3750 oppositum
1223 3726 1237 3750 ,
1265 3700 1372 3739 non
1416 3700 1546 3740 vero
1567 3697 1727 3754 caput
1760 3686 1849 3752 21,
1885 3688 2022 3756 quod
2050 3701 2136 3738 sa-

566 3768 667 3820 cris
695 3768 987 3824 canonibus
1007 3782 1060 3826 et
1091 3772 1345 3829 Ecclesiae
1376 3777 1575 3847 regulis
1600 3776 1819 3831 omnino
1838 3790 2133 3831 consmtutn

564 3868 666 3914 est.
702 3857 902 3916 Vadent
934 3862 1091 3933 hujus
1119 3863 1195 3919 rei
1240 3867 1375 3937 apud
1407 3883 1594 3923 omnes
1624 3870 1690 3920 ob
1718 3883 1979 3923 summam
2015 3877 2139 3923 eru"

565 3952 820 4009 ditionem
879 3965 933 4010 et
994 3960 1259 4013 sincerum
1329 3962 1490 4016 animi
1560 3963 1842 4017 candorem
1918 3961 2135 4014 maximi

568 4044 839 4109 pottderis,
858 4046 1070 4114 profero
1092 4047 1415 4106 Ludovicum
1438 4050 1865 4118 Thomassinum,
1895 4051 2133 4122 ejusdem

568 4152 631 4190 ac
662 4138 777 4204 ipse
802 4137 1042 4195 Cointius
1068 4142 1297 4198 Oratorii
1326 4144 1583 4200 Gallicani
1616 4146 1986 4217 presbyterum
2006 4186 2019 4207 ,
2047 4148 2133 4213 qui

568 4243 630 4281 ea
660 4229 728 4284 de
772 4245 829 4285 re
880 4231 1175 4297 disserens,
1217 4243 1462 4289 neutrum
1515 4235 1759 4308 Gregorii
1807 4246 1968 4307 caput
2014 4238 2135 4306 reji-

571 4320 785 4383 ciendn,
817 4321 895 4374 sic
920 4321 1156 4391 loquitur
1184 4326 1481 4395 Disciplina:
1503 4328 1881 4383 ceclesiastica':
1907 4340 2053 4393 parte
2076 4344 2132 4391 tt,

571 4408 707 4461 libro
736 4424 773 4472 ι,
805 4425 922 4478 cap.
955 4411 1043 4478 58,
1076 4430 1129 4467 n.
1166 4417 1223 4469 11
1264 4434 1276 4468 z
1307 4418 1577 4471 Canonicis
1614 4420 1825 4473 decretis
1855 4421 2135 4473 censenda-

2230 1858 2488 1927 Gregorio
2508 1858 2797 1928 proferam.
2831 1857 3025 1913 Narrat
3052 1861 3163 1929 ipse
3197 1860 3799 1931 Gregoriusquemdam

2229 1954 2532 2022 episcopum
2560 1951 2633 2006 ita
2657 1953 2952 2019 simplicem
2978 1954 3143 2010 fuisse
3164 1997 3177 2019 ,
3211 1964 3267 2008 ut
3324 1956 3378 2009 in
3414 1953 3803 2012 Matisconensi

2229 2043 2459 2098 concilio
2495 2058 2805 2099 asseverare
2827 2060 2946 2097 eum
2978 2061 3080 2099 non
3130 2046 3377 2112 puduerit
3400 2086 3415 2111 ,
3444 2047 3542 2102 sub
3581 2047 3805 2103 hominis

2230 2152 2361 2191 voce
2384 2136 2434 2191 in
2474 2136 2766 2204 Scripturis
2795 2138 2959 2190 sacris
2982 2138 3233 2193 mulieres
3264 2152 3368 2192 non
3400 2138 3802 2209 comprehendi.

2232 2225 2441 2279 Nullum
2474 2236 2651 2281 tamen
2682 2238 2856 2279 exstat
2883 2241 2943 2280 ea
2972 2226 3040 2281 de
3069 2240 3127 2280 re
3151 2227 3203 2281 in
3226 2228 3415 2299 synodi
3445 2227 3803 2284 Matisconen—

2230 2319 2305 2373 sis
2334 2318 2466 2373 actis
2493 2320 2571 2372 vel
2607 2319 2721 2373 leve
2751 2320 3053 2389 vestigium.
3082 2317 3321 2374 Meminit
3347 2319 3487 2375 idem
3528 2330 3718 2376 auctor
3747 2323 3800 2376 in

2232 2409 2369 2464 Vitis
2400 2409 2617 2463 Patrum
2636 2450 2652 2473 ,
2696 2410 2871 2478 capite
2897 2410 2960 2475 6,
2989 2408 3149 2463 Μειοί
3194 2410 3470 2479 cujusdam
3498 2411 3737 2481 episcOpi
3776 2430 3806 2467 ει

2231 2517 2326 2557 sua
2356 2501 2483 2556 sede
2513 2500 2694 2570 inique
2740 2503 2971 2565 extrusi,
3013 2500 3165 2570 cujus
3202 2516 3363 2556 causa
3404 2502 3456 2557 in
3501 2504 3731 2558 concilio
3776 2520 3807 2555 v

2234 2593 2602 2648 Aurelianensi
2628 2634 2643 2656 ,
2674 2592 2788 2661 ipso
2838 2590 3040 2647 fatente
3090 2593 3335 2659 Cointio,
3376 2595 3651 2661 discussa,
3679 2598 3797 2651 sedi

2231 2699 2341 2738 sua}
2369 2684 2643 2738 restitutus
2671 2695 2771 2738 est.
2799 2683 2939 2739 Nihil
2979 2694 3155 2740 tamen
3187 2686 3256 2741 de
3299 2686 3382 2740 his
3410 2686 3607 2742 habent
3634 2687 3806 2743 Aure-

2232 2778 2484 2834 lianensis
2511 2793 2541 2830 v
2570 2777 2786 2832 concilii
2833 2786 2948 2833 acta
2976 2795 2991 2846 ;
3024 2777 3150 2833 licet
3189 2779 3258 2835 ob
3307 2779 3441 2834 hanc
3469 2779 3806 2849 potissimum

2231 2885 2442 2924 causam
2473 2884 2501 2921 a
2525 2869 2867 2925 (Ihildeberto
2888 2882 3128 2926 coactum
3152 2869 3315 2926 fuisse
3353 2870 3494 2926 istud
3516 2873 3805 2927 concilium

2234 2963 2457 3031 ipsemet
2486 2961 2685 3016 scribat
2714 2959 3025 3034 Gregorius.

2305 3054 2424 3107 108.
2456 3052 2711 3109 Ultimum
2737 3053 2964 3122 denique
2991 3054 3302 3123 objectionis
3324 3067 3483 3125 caput
3508 3064 3624 3125 est,
3655 3061 3807 3127 quod

2230 3144 2518 3197 verisimile
2558 3157 2662 3197 non
2694 3144 2786 3212 sit,
2818 3144 3161 3214 Sagittarium
3191 3147 3499 3218 Austrigildi
3546 3152 3808 3206 natalium

2239 3234 2589 3290 humilitatem
2620 3236 3013 3305 exprobrasse,
3062 3250 3151 3290 aut
3180 3238 3379 3293 dixisse
3407 3238 3523 3307 ejus
3572 3238 3711 3293 ﬁlios
3738 3242 3808 3295 ad

2233 3327 2626 3381 successionem
2688 3326 3047 3397 admittendos
3111 3344 3214 3383 tt0n
3270 3344 3407 3383 esse.
3465 3331 3570 3386 Sed
3636 3332 3811 3386 uibiiu

2236 3420 2353 3487 plus
2400 3418 2567 3473 efficit
2615 3420 2713 3474 nisi
2761 3421 2952 3488 probet
2999 3420 3239 3475 Cointius
3285 3432 3376 3476 aut
3424 3424 3809 3492 Austrigildeus

2235 3510 2407 3578 reipsa
2435 3526 2500 3563 ex
2534 3509 2717 3564 humili
2745 3512 2864 3566 loco
2895 3527 2999 3565 non
3033 3512 3292 3580 prodiisse
3325 3531 3339 3566 :
3370 3512 3511 3583 quod
3542 3511 3657 3569 ﬁeri
3705 3530 3809 3569 ne-

2235 3601 2369 3671 quit,
2403 3601 2574 3656 fuerat
2597 3602 2739 3656 cuim
2767 3601 3113 3658 Mercatrudis
3136 3604 3347 3667 ancilla,
3379 3614 3515 3660 tes'e
3539 3605 3655 3674 ipso
3681 3606 3812 3661 Fre-

2235 3694 2489 3765 degario;
2531 3706 2623 3749 aut
2650 3704 2795 3749 certe
2821 3696 3162 3766 Sagittarium
3189 3695 3458 3750 hominem
3497 3696 3659 3751 fuisse
3685 3715 3813 3766 pru-

2236 3786 2629 3853 dentissimum,
2661 3801 2726 3841 ac
2771 3789 2843 3842 ita
2896 3788 3211 3851 discretum,
3241 3797 3300 3843 ut
3339 3804 3612 3858 nunquam
3644 3793 3815 3845 verbo

2237 3878 2535 3932 excessisse
2557 3878 2663 3933 dici
2688 3880 2855 3947 possit
2884 3896 2898 3933 :
2928 3880 3068 3948 quod
3090 3894 3156 3933 an
3181 3894 3362 3934 verum
3394 3880 3482 3943 sit,
3517 3881 3597 3934 vel
3632 3882 3811 3949 ipsum

2236 3970 2501 4029 Cointittm
2529 3973 2765 4042 iudicem
2816 3973 3045 4041 appello.
3083 3973 3214 4038 Quis
3250 3973 3391 4027 enim
3438 3971 3640 4027 nesciat
3686 3988 3812 4025 eum

2240 4066 2532 4129 hominem,
2563 4074 2618 4119 ut
2644 4073 2837 4119 caetera
2869 4064 2987 4133 ejus
3040 4063 3233 4133 ﬂagitia
3263 4073 3464 4119 taceam
3484 4103 3500 4126 ,
3529 4062 3699 4117 fuisse
3730 4065 3812 4118 le-

2238 4157 2514 4211 vissimum
2543 4171 2605 4210 ac
2634 4157 3100 4226 superbissimum,
3125 4157 3212 4225 qui
3241 4156 3454 4211 tandem
3481 4164 3603 4225 post
3629 4157 3810 4211 varias

2246 4247 2486 4299 fortunas
2519 4244 2903 4300 Guntramnum
2932 4245 3152 4315 ejusque
3183 4246 3321 4299 ﬁlios
3366 4261 3471 4299 non
3500 4246 3678 4301 verbis
3723 4263 3815 4300 so-

2239 4339 2372 4403 lum,
2423 4338 2517 4393 sed
2548 4345 2605 4391 et
2631 4336 2794 4391 armis
2814 4336 3112 4402 lacessivit,
3137 4336 3467 4393 Gundovaldi
3495 4335 3819 4393 Ballbmeris

2240 4438 2417 4498 partes
2442 4439 2656 4483 secutus
2683 4428 2821 4494 apud
2849 4427 3150 4490 Convenas,
3173 4427 3260 4480 ubi
3293 4428 3488 4481 misere
3511 4426 3709 4494 periit?

570 4500 653 4550 but
681 4499 1032 4571 Lugdunensis
1084 4508 1287 4560 concilii
1321 4511 1599 4579 judicium,
1625 4512 1802 4575 quibus
1833 4512 2135 4565 irrevocabi-
2163 4506 2218 4568 Ι)
2315 4520 2438 4576 109.
2470 4521 2735 4574 Nonnulla
2765 4519 2920 4574 affert
2943 4519 3023 4573 vir
3041 4519 3281 4574 eruditus
3311 4518 3375 4571 ad
3412 4517 3816 4572 conVclleﬂdam

572 4590 686 4642 (iter
714 4590 1023 4661 deﬁciuntur
1042 4598 1152 4665 ejus
1178 4601 1374 4667 generis
1403 4602 1675 4669 facinorosi
1696 4619 1714 4667 ;
1733 4603 1993 4675 judicium
2019 4619 2135 4658 vero

572 4683 941 4739 Cabillonensis
993 4689 1214 4753 concilii,
1246 4695 1383 4762 quod
1422 4694 1752 4765 indulgentia:
1779 4698 1940 4766 magis
1968 4697 2139 4750 stude-

572 4778 676 4842 lat,
710 4792 812 4830 non
841 4788 949 4832 tam
963 4780 1217 4849 judicium
1252 4784 1350 4852 fuit
1373 4801 1525 4853 quam
1562 4796 1773 4839 conatus
1813 4786 2053 4855 quidam,
2082 4797 2138 4841 ut

572 4887 605 4922 a
636 4870 873 4937 pontiﬁce
897 4880 945 4926 et
973 4888 1090 4941 rege
1127 4873 1342 4928 iniretur
1370 4878 1557 4946 gratia,
1588 4879 1674 4947 qui
1701 4889 1843 4930 erant
1869 4879 1937 4929 ad
1959 4879 2139 4932 lenita-

575 4972 673 5015 tem
703 4964 865 5036 magis
886 4965 1137 5019 inclinati.
1166 4965 1292 5020 Haec
1316 4984 1403 5035 per
1429 4971 1769 5037 penitentiam
1792 4973 2005 5043 purgari
2026 4988 2142 5026 cen-

571 5069 734 5112 sentes
763 5060 1008 5129 episcopi,
1039 5061 1219 5130 quibus
1248 5061 1406 5116 verbis
1435 5079 1536 5116 non
1562 5064 1828 5133 deﬁnitiva
1850 5067 2141 5121 insinuatur

574 5160 842 5217 sententia,
867 5153 958 5205 sed
986 5155 1343 5222 episcoporum
1371 5156 1597 5222 opinatio
1623 5157 1827 5211 mollior
1850 5159 2141 5213 demissior-

574 5253 690 5303 que,
721 5250 824 5295 etc.
850 5243 975 5298 Haec
1002 5244 1110 5309 ille,
1133 5247 1221 5315 qui
1245 5262 1469 5302 numero
1488 5250 1733 5319 sequenti
1755 5251 2141 5309 Cabillonensis

576 5330 790 5385 coincilii
833 5334 1209 5407 indulgentiam
1239 5343 1377 5398 inter
1412 5343 1813 5416 dispensatione:
1840 5363 1985 5401 raras
2009 5362 2141 5401 con-

577 5436 841 5491 nntnerat,
868 5444 984 5495 quae
1011 5449 1275 5502 nunquam
1308 5438 1471 5490 lucent
1499 5455 1749 5493 canonum
1791 5442 2146 5507 splendidissi-

580 5527 718 5563 mam
746 5529 900 5581 quam
952 5525 1117 5577 secuti
1147 5525 1355 5582 fuerant
1398 5528 1775 5599 Lugdunenses
1804 5533 2013 5599 Patres,
2050 5534 2143 5588 ob-

580 5623 796 5666 scurare
836 5625 1533 5694 patuerunt;.proindeque
1584 5642 1684 5683 nec
1733 5625 1973 5697 Gregorii
2025 5644 2141 5683 eam

586 5697 866 5761 Historiam
895 5706 1180 5768 referentis
1221 5718 1591 5775 auctoritatem
1624 5720 1947 5776 convellere.
1992 5722 2142 5788 Quod

2245 4612 2482 4682 ejusdem
2534 4612 2652 4665 libri
2698 4611 2868 4680 quinti
2898 4609 3088 4679 capitis
3112 4608 3183 4665 48
3229 4612 3638 4674 auctoritatem,
3670 4607 3820 4676 quod

2246 4719 2438 4773 nempe
2465 4714 2623 4771 caput
2651 4705 2750 4759 etsi
2797 4703 3049 4758 nonnulla
3092 4715 3216 4756 vera
3263 4702 3574 4767 contineat,
3606 4703 3658 4755 in
3689 4700 3819 4756 aliis

2246 4806 2425 4850 tamen
2455 4798 2614 4849 rebus
2640 4810 2742 4850 non
2792 4793 3176 4849 admittendum
3207 4793 3478 4853 videatur,
3522 4806 3644 4861 qua:
3671 4792 3821 4845 scili-

2247 4897 2334 4943 cet
2360 4903 2463 4943 non
2495 4889 2625 4941 satis
2648 4901 2768 4941 cum
2815 4885 3040 4940 sinceris
3068 4884 3312 4953 Gregorii
3347 4882 3612 4952 capitibus
3639 4883 3821 4937 cohae-

2246 4989 2383 5034 rent.
2416 4979 2623 5033 Etenim
2656 4977 2976 5032 Leudastem
3001 4976 3072 5030 ibi
3108 4975 3346 5044 depingit
3371 4974 3667 5044 Gregorius
3702 4982 3822 5027 tan-

2244 5088 2403 5142 quam
2436 5071 2708 5126 hominem
2760 5070 2946 5123 humili
2996 5070 3111 5122 loco
3163 5076 3368 5131 natum,
3400 5068 3489 5136 qui
3516 5082 3581 5121 ex
3620 5065 3822 5121 inﬁmis

2244 5165 2500 5233 gradibus
2529 5165 2594 5216 ad
2626 5162 2946 5217 immensum
2978 5164 3191 5214 tandem
3220 5158 3497 5227 dignitatis
3534 5166 3590 5212 et
3632 5166 3822 5227 poten-

2246 5262 2333 5315 tia:
2362 5257 2625 5326 fastigium
2670 5256 3012 5323 pervenerit;
3052 5261 3106 5308 et
3144 5261 3323 5307 tamen
3377 5251 3500 5304 talia
3546 5264 3821 5319 nunquam

2246 5352 2348 5418 ipsi
2375 5350 2505 5404 alias
2535 5346 2884 5416 exprobravit
2914 5345 3198 5414 Gregorius
3221 5380 3239 5407 ,
3268 5343 3392 5397 licet
3419 5341 3487 5396 de
3514 5341 3632 5410 ejus
3676 5342 3823 5395 vitiis

2246 5454 2302 5499 et
2333 5443 2509 5509 pravis
2536 5443 2775 5496 moribus
2819 5453 2926 5494 non
2973 5436 3137 5491 semel
3173 5434 3363 5504 egerit.
3400 5432 3603 5488 Deinde
3633 5431 3687 5485 in
3721 5431 3825 5488 hoc

2246 5536 2510 5605 peccavit,
2536 5542 2593 5587 ut
2613 5533 2687 5586 ait
2716 5529 2985 5595 Cointius,
3017 5528 3389 5597 interpolator,
3423 5524 3563 5595 quod
3595 5524 3826 5579 Turoni-

2249 5642 2367 5684 cam
2400 5626 2586 5681 urbem
2615 5622 2886 5677 exstitisse
2925 5621 3119 5675 dixerit
3166 5619 3382 5673 biennio
3426 5617 3528 5672 sub
3571 5615 3828 5687 Sigiberti

2252 5728 2548 5792 poteState,
2598 5724 2875 5788 postquam
2928 5729 2958 5769 e
3006 5711 3289 5785 Cbilperici
3346 5711 3590 5768 manibus
3645 5718 3823 5767 fuerat
