4024 6192
182 225 233 279 ?‘l
1611 233 1998 290 PBEFATIO.
3371 241 3440 295 90

201 349 395 408 erepta:
427 338 565 407 quod
599 339 815 394 falsum
846 352 1036 396 censet
1057 340 1329 406 Cointius,
1378 356 1499 396 cum
1531 341 1768 408 Sigiber-
1797 351 1839 402 Α

217 447 283 488 tus
305 450 408 490 eam
432 434 615 486 urbem
649 443 788 489 ante
834 449 1033 487 annum
1065 432 1166 489 574
1193 451 1296 490 non
1352 439 1768 504 recuperaverit,

223 529 422 583 amisi-rit
452 542 574 580 vero
604 526 776 580 simul
816 543 941 581 cum
976 530 1080 580 vita
1113 529 1234 580 anni
1284 530 1559 590 sequentis
1599 530 1769 582 initio.

230 622 386 676 Verum
416 616 622 673 adhaec
664 630 947 674 momenta
988 619 1158 674 facilis
1197 629 1280 674 est
1309 621 1528 673 omnino
1553 635 1771 689 respon-

230 713 304 767 sio.
332 712 451 765 Nam
479 710 784 782 Gregorius
816 713 935 765 aliis
963 711 1177 780 quidem
1209 711 1261 766 in
1303 712 1434 766 locis
1458 726 1566 766 non
1606 712 1772 767 semel

231 808 278 861 de
301 806 568 860 Leudastis
607 806 751 858 vitiis
809 806 939 874 egit,
972 816 1025 872 at
1052 805 1388 898 sqlummodo
1413 806 1634 860 aliorum
1659 807 1774 874 ejus

233 897 458 952 factorum
478 898 769 950 occasione
789 915 801 949 :
819 899 959 952 unde
973 897 1160 950 mirum
1185 912 1290 952 non
1305 907 1387 952 est
1407 898 1450 952 si
1466 898 1532 953 de
1552 897 1666 967 ejus
1681 913 1773 954 na-

236 990 397 1043 talibus
412 1005 473 1043 ac
493 989 721 1042 fortuna!
746 989 912 1043 initiis
927 988 1060 1044 nihil
1079 989 1148 1043 ibi
1164 988 1376 1043 dixerit.
1403 989 1500 1044 Hic
1513 1005 1642 1043 vero
1653 990 1773 1043 data

227 1098 358 1150 opera
389 1080 455 1134 de
479 1080 600 1150 ejus
624 1080 831 1150 origine
860 1095 923 1134 ac
947 1082 1115 1147 patria
1156 1081 1464 1149 singillatim
1506 1081 1776 1135 disserere

226 1172 453 1235 inStituit,
478 1172 815 1242 proindeque
837 1171 1022 1226 debuit
1047 1172 1201 1239 paulo
1216 1173 1513 1225 accuratius
1531 1182 1777 1242 parentes

222 1266 318 1332 ejus
338 1279 398 1317 ac
427 1264 725 1330 primorum
750 1273 1020 1332 gestorum
1043 1263 1469 1318 circumstantias
1485 1263 1774 1330 explicare.

229 1371 279 1407 ac
306 1370 366 1408 ea
397 1369 516 1421 quae
548 1354 682 1407 alias
725 1353 1173 1421 prmtermiserat,
1223 1363 1314 1407 aut
1361 1354 1546 1407 leviter
1575 1363 1775 1407 tantum

219 1447 475 1517 attigerat,
509 1446 668 1512 paulo
699 1443 872 1499 fusius
900 1460 1170 1499 enarrare.
1201 1444 1501 1514 Sigibertus
1530 1460 1658 1499 vero
1680 1459 1778 1500 au-

219 1539 289 1592 nis
312 1537 526 1591 duobus
549 1535 794 1590 Turonos
841 1536 1134 1590 obtinuisse
1183 1537 1287 1591 dici
1330 1537 1534 1606 potuit,
1580 1549 1773 1592 neutro

222 1632 330 1685 licet
356 1631 583 1698 integro.
626 1629 934 1684 Extremam
964 1632 1106 1686 enim
1152 1633 1311 1686 unius
1363 1632 1488 1686 anni
1544 1640 1777 1700 partem,

1873 358 1994 412 pum
2026 347 2249 415 attinet,
2283 346 2545 404 Riculfum
2575 349 2781 418 quidem
2814 356 3094 420 exceperat
3122 351 3260 421 apud
3285 368 3364 420 se,
3386 365 3439 407 at

1874 435 2019 491 necis
2040 438 2296 495 adversus
2319 456 2494 511 regem
2517 443 2738 513 ejusque
2751 443 2886 499 filios
2907 456 3171 511 concepta:
3187 461 3282 499 nec
3295 461 3439 512 reus,

1874 543 1972 581 nec
1997 533 2202 585 consilii
2235 534 2497 603 particeps
2525 550 2752 605 unquam
2779 535 2894 590 fuit.
2925 536 3109 602 Immo,
3140 547 3195 590 ut
3216 538 3267 591 in
3298 540 3438 592 notis

1873 620 1935 672 ad
1971 621 2106 675 hunc
2137 623 2309 677 locum
2337 626 2756 691 observavimus,
2791 627 2903 681 lucc
2947 627 2998 681 in
3031 642 3207 695 regem
3229 637 3282 682 et
3303 629 3439 684 filios

1873 711 1989 776 ejus
2015 713 2336 783 conjuratio,
2357 732 2474 785 qua:
2501 720 2553 772 in
2582 718 2735 772 editis
2759 733 2827 772 ex
2851 719 3050 772 vocula:
3079 719 3442 774 immutatione

1875 802 2084 871 irrepsit
2112 805 2164 858 in
2196 815 2420 872 textum,
2448 809 2600 862 nulla
2637 824 2868 878 unquam
2898 809 3016 864 fuit.
3043 809 3239 864 Textus
3262 820 3440 864 autem

1878 897 1956 949 sic
1985 909 2044 950 se
2078 897 2236 952 habet
2267 898 2318 952 in
2347 899 2505 953 editis
2538 919 2552 954 :
2583 900 2792 954 Dicebat
2834 900 2896 953 ob
2924 899 3020 954 hoc
3049 901 3233 969 regium
3256 915 3445 953 crimen

1876 987 2162 1056 objectum,
2195 998 2250 1042 ut
2277 991 2438 1056 ejecta
2467 993 2529 1044 de
2564 1007 2719 1062 regno
2741 1031 2756 1057 ,
2804 991 3078 1045 interfectis
3123 993 3361 1061 fratribus
3385 1011 3444 1047 ac

1877 1091 2044 1148 patre,
2078 1081 2424 1139 Chlodovecus
2450 1100 2662 1154 regnum
2691 1086 2940 1154 acciperet
2970 1102 2991 1139 :
3016 1101 3132 1155 qua:
3169 1086 3329 1140 verba
3357 1102 3446 1141 ne-

1879 1173 2087 1226 fandam
2123 1177 2547 1241 conjurationem
2577 1185 2980 1247 repraasentant.
3012 1176 3116 1232 Sed
3147 1181 3190 1231 si
3222 1179 3444 1246 legatur,

1877 1265 2154 1336 interfectis
2187 1269 2431 1337 fratribus
2452 1310 2466 1332 ,
2492 1286 2524 1323 a
2554 1279 2703 1340 patre
2751 1269 3065 1323 Chlodoveus
3084 1310 3098 1334 ,
3126 1279 3253 1336 etc.,
3298 1279 3354 1324 ut
3382 1286 3447 1324 ex

1879 1359 2068 1414 codice
2098 1359 2537 1431 Regiomontensi
2561 1364 2918 1428 restituimus,
2946 1362 3053 1431 jam
3081 1363 3304 1418 habetur
3332 1379 3452 1433 ger-

1881 1467 2072 1507 manus
2101 1454 2262 1523 hujus
2289 1457 2390 1510 loci
2429 1471 2618 1511 sensus
2641 1499 2654 1523 ,
2688 1457 2827 1527 quod
2868 1457 3069 1512 Scilicet
3097 1458 3273 1527 regina
3305 1458 3450 1512 adul-

1884 1544 2004 1598 terii
2030 1555 2276 1599 accusata
2307 1548 2467 1602 fuerit
2485 1558 2678 1619 agente
2699 1549 3023 1614 Chlodoveo,
3055 1557 3114 1603 ut
3142 1565 3201 1605 ea
3225 1550 3291 1604 ob
3314 1550 3450 1605 istud

1881 1640 2085 1693 crimen
2132 1641 2307 1708 pulsa,
2343 1643 2475 1711 ipse,
2507 1643 2793 1698 interfectis
2821 1643 3090 1709 fratribus,
3114 1658 3242 1714 quos
3265 1659 3452 1712 nempe

219 1738 272 1775 ac
297 1723 504 1775 initium
534 1721 811 1790 sequentis
852 1723 992 1789 apud
1021 1724 1261 1792 vulgatos
1299 1733 1544 1778 auctores
1575 1724 1776 1792 simpli-
1807 1723 1855 1783 B
1883 1733 1996 1798 ipse
2025 1732 2363 1798 Chilpericus
2388 1734 2674 1804 instigante
2725 1737 2909 1791 eadem
2965 1736 3312 1809 Fredegunde
3344 1741 3452 1806 jam

218 1814 332 1867 citer
360 1827 532 1868 annos
583 1813 719 1866 duos
752 1814 948 1881 passim
995 1814 1096 1868 dici
1141 1816 1259 1882 quis
1304 1815 1668 1869 inficiabitur?
1715 1816 1778 1870 Et

220 1906 411 1969 quidem
440 1901 737 1973 Gregorius
769 1920 875 1958 non
927 1905 1013 1959 hic
1060 1907 1135 1958 ait
1163 1907 1368 1962 duobus
1397 1909 1552 1962 annis
1591 1908 1778 1964 solidis

219 1998 443 2050 Turonos
471 1997 527 2050 in
559 1995 810 2066 Sigiberti
840 2003 1101 2064 potestate
1126 1999 1466 2052 remansisse.

282 2088 396 2141 HO.
427 2087 601 2155 Caput
627 2087 693 2140 49
721 2088 841 2141 libri
872 2089 1064 2159 quinti,
1097 2090 1233 2157 quod
1269 2091 1420 2144 nobis
1458 2101 1542 2146 est
1579 2091 1646 2145 50
1666 2132 1682 2159 ,
1713 2107 1780 2147 eo

223 2183 426 2235 nomine
449 2180 800 2248 rejiciendum
826 2195 946 2237 esse
986 2193 1167 2237 censet
1202 2184 1481 2250 Cointius,
1529 2187 1672 2255 quod
1708 2187 1779 2241 ibi

225 2272 267 2326 in
291 2289 376 2327 sua
408 2274 716 2329 innocentia
753 2277 1135 2344 propugnanda
1169 2277 1478 2345 imprudens
1508 2279 1782 2334 describa-

227 2377 296 2420 tur
315 2366 642 2436 Gregorius,
672 2383 735 2422 ea
784 2370 989 2425 scilicet
1028 2369 1137 2438 regi
1180 2369 1528 2440 interroganti
1563 2388 1783 2441 respon-

228 2457 398 2520 dendo,
431 2475 553 2528 qua:
583 2458 812 2513 debebat
855 2460 1217 2516 dissimulare.
1265 2463 1462 2519 Deinde
1491 2465 1630 2535 quod
1683 2467 1783 2521 ibi-

229 2550 326 2602 dem
363 2551 706 2619 Chilpericus
733 2561 788 2606 et
815 2553 1182 2623 Frcdegundis
1217 2556 1386 2610 multo
1432 2572 1590 2626 quam
1638 2560 1784 2614 soliti

231 2650 358 2694 erant
380 2644 626 2696 mitiores
657 2655 1126 2711 repraesententur.
1169 2647 1316 2714 Quod
1366 2648 1592 2718 denique
1621 2650 1785 2706 inter-

233 2737 413 2800 polator
454 2738 674 2808 indigna
724 2738 914 2793 habeat
964 2740 1032 2794 de
1083 2742 1257 2796 Felice
1284 2742 1624 2798 Namneteosi
1669 2745 1785 2813 epi-

231 2841 393 2896 scopo,
420 2845 581 2897 quem
633 2829 1020 2899 conjurationis
1064 2836 1112 2886 in
1145 2850 1318 2901 regem
1369 2835 1677 2904 participem
1710 2836 1788 2890 fa-

231 2933 336 2973 cere
363 2936 461 2974 non
492 2930 733 2975 veretur.
762 2922 841 2975 Ad
875 2924 1116 2990 primum,
1144 2923 1427 2992 Gregorius
1449 2940 1507 2980 se
1530 2927 1698 2982 malos
1719 2927 1788 2983 de

229 3019 387 3084 regina
417 3031 666 3070 rumores
692 3017 958 3073 audivisse
1003 3018 1074 3070 fat
1109 3026 1214 3083 tur,
1261 3035 1319 3074 se
1346 3027 1520 3074 autem
1549 3020 1666 3074 illos
1687 3036 1785 3076 ex-

1879 1822 2172 1890 occiderat,
2213 1824 2359 1878 solus
2388 1836 2658 1894 superstes
2687 1839 2907 1896 regnum
2932 1842 2961 1881 a
2985 1839 3132 1896 patre
3168 1829 3450 1886 obtineret.

1952 1915 2073 1967 111.
2097 1915 2365 1970 Adversus
2386 1927 2543 1985 caput
2566 1916 2598 1970 8
2617 1918 2734 1971 libri
2751 1933 2801 1971 vt
2827 1917 3013 1986 objicit
3032 1917 3273 1973 Cointius
3295 1921 3454 1973 chro-

1880 2005 2181 2075 nologicum
2212 2021 2448 2062 errorem
2469 2051 2483 2074 ,
2518 2023 2674 2076 quem
2705 2008 3057 2062 sufficientem
3089 2009 3358 2064 existimat
3388 2009 3453 2064 ad

1880 2097 2191 2151 elevandum
2233 2097 2388 2166 hujus
2416 2101 2609 2168 capitis
2655 2102 3004 2155 authentiam.
3042 2101 3114 2154 lbi
3147 2103 3287 2156 enim
3325 2101 3456 2158 Gie-

1879 2187 2096 2258 gorius,
2129 2204 2223 2243 seu
2245 2231 2258 2251 ,
2316 2202 2370 2244 ut
2403 2193 2515 2260 ipse
2542 2192 2677 2257 vult,
2709 2193 2826 2261 ejus
2877 2188 3264 2264 interpolatOr,
3293 2194 3456 2262 Epar-

1881 2279 2059 2333 chium
2108 2295 2248 2335 anno
2288 2281 2406 2350 ejus
2449 2283 2763 2338 reclusionis
2793 2282 2862 2335 44
2886 2285 3083 2338 οὒίἱεδθ
3120 2285 3283 2339 dicit:
3317 2283 3457 2354 quod

1881 2371 2070 2426 falsum
2122 2387 2240 2428 esse
2287 2374 2472 2442 prohat
2517 2377 2599 2427 vir
2647 2375 2886 2429 eruditus
2934 2391 2995 2431 Ct
3053 2376 3170 2430 Vita
3222 2377 3456 2445 ejusdem

1881 2465 2053 2519 sancti
2080 2463 2148 2518 ab
2176 2473 2398 2519 auctore
2434 2467 2622 2536 arqnali
2657 2468 2884 2536 scripta,
2918 2469 3005 2522 ubi
3042 2469 3336 2537 Eparchius
3367 2470 3460 2522 tri-

1881 2557 2024 2625 ginta
2049 2557 2386 2610 solummodo
2409 2569 2461 2611 et
2489 2573 2682 2612 novem
2711 2559 2865 2614 annis
2893 2562 3134 2615 reclusus
3159 2562 3356 2615 vixisse
3379 2559 3460 2614 di-

1882 2647 2041 2701 sertis
2071 2649 2252 2702 verbis
2296 2650 2511 2703 dicitur.
2553 2650 2756 2706 Deinde
2787 2652 3076 2717 Aptonius,
3109 2666 3212 2720 quo
3241 2651 3461 2721 sedente

1885 2742 2179 2810 Eparchius
2211 2744 2412 2797 recludi
2443 2745 2627 2808 etrapit,
2675 2759 2778 2798 non
2812 2745 3048 2812 suscepit
3082 2744 3410 2799 Ecolismens
3435 2759 3460 2796 s

1886 2834 2140 2888 Ecclesiae
2186 2836 2422 2902 regimen
2473 2845 2596 2890 ante
2633 2851 2828 2890 annum
2876 2835 3000 2890 5M.
3047 2838 3114 2889 At
3164 2836 3461 2904 Eparchius

1887 2928 2100 2978 nemine
2131 2926 2531 2982 contradicente
2563 2927 2696 2981 obiit
2725 2941 2865 2981 anno
2895 2927 3131 2997 ejusdem
3160 2927 3338 2980 saeculi
3368 2927 3457 2993 8i,

1891 3019 2221 3088 proindeque
2241 3035 2399 3088 supra
2421 3033 2592 3073 annos
2615 3019 2960 3089 quadraginta
2989 3020 3040 3073 in
3070 3019 3200 3073 cella
3224 3019 3462 3074 reclusus

229 3110 469 3178 cogitasse
497 3120 759 3178 pernegat
791 3125 805 3163 :
832 3125 949 3179 quae
986 3112 1200 3179 quidem
1255 3114 1534 3180 res,onsio
1584 3116 1786 3183 impru-
1818 3093 1861 3156 (Σ
1892 3110 2088 3180 degere
2128 3126 2231 3164 non
2266 3112 2455 3179 potuit.
2502 3112 2569 3164 At
2597 3125 2715 3165 cum
2764 3111 2975 3165 Cointio
3003 3111 3257 3175 fatemur,
3291 3109 3462 3177 Epar-

229 3201 345 3254 dens
373 3201 597 3256 fortasse
637 3200 765 3266 fuit,
795 3202 837 3254 si
869 3217 985 3256 eam
1018 3218 1121 3257 non
1147 3206 1384 3274 exegerit
1424 3206 1786 3277 interrogatio.

227 3293 353 3347 Fieri
381 3296 522 3348 enim
553 3294 729 3362 potuit
755 3303 812 3348 ut
839 3296 1253 3364 interrogaretur
1281 3298 1568 3366 Gregorius
1597 3300 1663 3355 de
1700 3317 1789 3355 ru-

224 3399 362 3438 more
390 3385 479 3440 illo
506 3386 600 3452 qui
630 3385 788 3457 vulgo
809 3386 1283 3443 circumferebatur
1304 3407 1315 3441 :
1340 3391 1424 3443 cui
1457 3390 1545 3445 ille
1566 3406 1788 3460 respon-

219 3479 286 3531 di:
318 3481 473 3535 modo
502 3481 832 3545 sinceritati,
867 3496 983 3550 qua:
1029 3482 1078 3534 in
1130 3483 1337 3536 caeteris
1378 3483 1495 3552 ejus
1539 3485 1792 3552 operibus

220 3575 416 3635 elucet,
465 3587 704 3627 maxime
751 3588 1007 3644 congruo.
1041 3575 1162 3629 Srio
1208 3577 1606 3643 responsionem
1657 3578 1791 3633 hanc

222 3663 424 3718 Valesio
456 3664 855 3734 imprudentem
903 3665 1068 3718 visam
1118 3665 1314 3722 fuisse:
1345 3668 1436 3722 sed
1487 3683 1588 3722 nec
1625 3669 1792 3737 ipsam

215 3766 389 3810 tamen
420 3758 491 3812 ob
519 3759 570 3811 id
600 3757 862 3826 Gregorio
890 3757 1180 3826 abjudicat,
1207 3773 1306 3814 nec
1332 3761 1510 3814 caeteri
1546 3761 1641 3814 viri
1666 3775 1790 3817 eru-

214 3848 332 3911 diti,
366 3851 454 3917 qui
490 3848 808 3917 Gregorium
840 3847 1050 3902 humani
1078 3851 1236 3904 errati
1274 3852 1490 3906 omnino
1517 3861 1790 3920 expertem

214 3941 380 3996 fuisse
410 3956 685 4011 nunquam
715 3951 837 3994 sunt
863 3941 1124 3995 arbitrati.
1166 3942 1279 3995 Non
1312 3941 1524 4012 majoris
1557 3955 1634 3998 est
1675 3960 1791 3998 mo-

211 4036 383 4085 menti
414 4034 554 4100 quod
588 4033 662 4088 ait
695 4032 779 4084 vir
799 4033 1059 4097 eruditus,
1092 4033 1378 4102 Chilperici
1409 4045 1461 4089 et
1491 4034 1793 4104 Fredegun-

211 4127 300 4179 dis
327 4126 568 4178 innatam
597 4125 855 4177 saevitiam
891 4127 939 4178 in
974 4126 1074 4179 hoc
1105 4125 1221 4180 loco
1251 4141 1357 4181 non
1387 4127 1633 4181 inveniri.
1681 4127 1794 4182 Non

204 4218 359 4270 enim
386 4217 524 4270 adeo
553 4216 805 4270 crudeles
831 4231 1042 4285 semper
1071 4227 1122 4271 et
1148 4218 1340 4288 ubique
1375 4217 1446 4272 illi
1475 4218 1707 4283 fuerunt,
1738 4231 1796 4276 ut

203 4309 364 4360 omni
413 4309 701 4362 occasione
734 4323 826 4374 per
864 4307 945 4364 fas
988 4320 1039 4363 et
1092 4310 1236 4363 nefas
1267 4312 1509 4366 homines
1540 4312 1793 4367 trucidari

195 4400 500 4468 jusserint,
528 4402 620 4470 qui
650 4403 700 4455 iu
731 4415 914 4455 eorum
962 4401 1312 4458 incurrissent
1335 4402 1615 4457 offensam.
1642 4405 1798 4460 Certe

196 4499 492 4563 negotium
521 4496 663 4550 istud
697 4497 868 4564 magni
899 4505 1013 4550 erat
1057 4499 1310 4553 momenti
1345 4515 1359 4551 :
1396 4499 1447 4551 in
1473 4499 1680 4567 publica
1709 4515 1799 4570 sy-

193 4591 360 4643 nodo
389 4590 676 4659 agebatur.
721 4588 958 4655 Quaastio
998 4601 1175 4645 autem
1229 4591 1342 4656 ipsa
1397 4591 1621 4646 delicata
1650 4604 1793 4659 erat,

193 4697 298 4734 neu.
341 4680 482 4735 forte
515 4679 851 4749 Fredegundi
883 4688 1086 4750 gratum
1118 4691 1232 4735 erat
1255 4723 1269 4744 ,
1304 4692 1362 4736 ut
1401 4693 1504 4735 tam
1553 4694 1799 4740 accurate

192 4775 269 4827 de
303 4774 428 4840 ejus
459 4774 563 4826 vita
595 4783 650 4825 et
681 4773 917 4827 moribus
947 4773 1318 4841 inquireretur.
1353 4774 1566 4830 Sciebat
1599 4775 1800 4844 Grego-

194 4867 355 4918 rium
380 4866 656 4920 hominem
678 4865 1092 4929 sanctissimum,
1119 4867 1204 4930 qui
1236 4882 1334 4920 nec
1357 4868 1514 4921 minis
1536 4883 1632 4922 nec
1654 4869 1803 4923 blan-

194 4961 360 5011 ditiis
408 4975 436 5010 a
490 4968 640 5012 recto
688 4959 902 5010 tramite
949 4973 1178 5025 unquam
1230 4960 1488 5026 potuisset
1517 4958 1798 5014 deterreri.

197 5048 372 5105 Unde
396 5051 557 5103 linire
610 5053 753 5116 regis
788 5051 1020 5101 animum
1071 5051 1239 5119 magis
1269 5051 1611 5117 expediebat,
1643 5066 1799 5119 quam

197 5146 393 5208 ipsum
420 5146 472 5196 in
496 5152 773 5195 accusatos
797 5156 1133 5208 exasperare.
1159 5147 1228 5193 At
1259 5157 1407 5206 vero,
1432 5157 1550 5194 cum
1580 5151 1802 5209 purgato

198 5252 307 5302 per
338 5245 735 5291 sacramentum
781 5233 1075 5303 Gregorio,
1125 5233 1416 5288 Leudastes
1453 5248 1516 5286 ac
1568 5233 1803 5288 Riculqu

196 5329 499 5382 calumniae
544 5330 618 5383 rei
652 5324 983 5399 pronuntiati
1021 5325 1276 5389 fuissent,
1323 5325 1372 5377 in
1412 5339 1507 5378 eos
1557 5327 1801 5378 saevitum

199 5429 316 5473 est.
355 5433 404 5474 ct
440 5423 704 5475 Leodaste
753 5421 873 5490 fuga
918 5420 1099 5487 elapso
1130 5420 1264 5471 alter
1290 5418 1473 5487 jussus
1516 5427 1598 5472 est
1643 5419 1805 5471 inter-

205 5509 300 5563 ﬁci
341 5530 352 5562 :
386 5512 471 5580 qui
515 5514 635 5567 licet
680 5511 944 5582 Gregorio
978 5510 1342 5564 intercedente
1370 5508 1530 5562 vitam
1563 5507 1804 5562 obtinue-

204 5604 306 5669 rit,
346 5607 764 5664 intolerabilibus
798 5618 982 5660 tamen
1015 5606 1291 5658 tormentis
1322 5604 1532 5657 attritus
1558 5611 1660 5667 est,
1686 5616 1804 5670 quas

205 5695 499 5768 r«egeries
529 5712 728 5759 narrat.
774 5697 1022 5767 Denique
1068 5698 1207 5766 quod
1240 5697 1304 5752 ad
1337 5697 1569 5753 Felicem
1601 5695 1805 5763 episco-

1891 3202 2068 3256 chium
2092 3217 2231 3256 anno
2261 3211 2515 3256 extremae
2542 3217 2650 3255 suae
2677 3201 2990 3256 reclusionis
3023 3202 3293 3271 trigesimo
3321 3215 3465 3255 nono

1891 3295 2116 3358 obiisse,
2148 3303 2207 3348 ut
2243 3297 2296 3348 in
2339 3295 2456 3350 eius
2498 3295 2611 3348 Vita
2661 3295 2874 3363 legitur.
2907 3295 3016 3348 Sed
3052 3295 3097 3349 si
3151 3293 3465 3349 reclusionis

1890 3385 2106 3441 nomine
2148 3394 2313 3440 totum
2345 3386 2470 3440 illud
2503 3398 2712 3456 tempus
2745 3386 3100 3455 intelligatur,
3143 3400 3248 3456 quo
3299 3385 3466 3454 Epar-

1891 3479 2043 3533 chius
2072 3480 2260 3534 relicto
2290 3485 2486 3534 sarculo
2515 3481 2566 3534 in
2599 3481 2924 3535 monasterio
2950 3481 3097 3547 vixit,
3145 3488 3236 3533 aut
3264 3479 3316 3533 in
3351 3482 3467 3533 loco

1890 3566 2138 3636 deserto,
2189 3586 2296 3639 quo
2326 3571 2544 3640 majoris
2583 3571 2886 3625 solitudinis
2917 3568 3183 3624 desiderio
3228 3584 3466 3625 secesse-

1893 3667 1993 3724 rat,
2023 3658 2132 3728 jam
2161 3661 2306 3714 nulla
2327 3663 2591 3731 supererit
2619 3662 2922 3716 difﬁcultas.
2945 3659 3159 3715 Certum
3186 3661 3379 3730 quippe
3400 3676 3465 3714 ex

1893 3750 2006 3818 ejus
2031 3750 2146 3806 Vita
2174 3761 2278 3819 est,
2303 3755 2449 3808 illum
2479 3755 2531 3808 in
2565 3754 2860 3810 Sedeciano
2882 3755 3207 3806 monasterio
3236 3753 3465 3820 primunt

1891 3850 2095 3895 restem
2125 3844 2469 3898 monasticam
2505 3843 2766 3908 induisse,
2800 3853 2908 3897 tum
2941 3844 2990 3896 in
3024 3845 3141 3896 loco
3167 3842 3404 3896 solitario
3436 3859 3465 3896 a

1893 3933 2101 3986 caeteris
2154 3945 2455 4001 separatum
2504 3935 2808 4003 aliquandiu
2864 3934 3111 4002 degisse,
3157 3934 3466 4002 priusquam

1892 4028 2264 4105 episeoporum
2314 4031 2635 4085 auctoritate
2685 4030 3070 4085 recluderetur.
3115 4031 3244 4097 Quin
3290 4031 3467 4085 omnia

1897 4123 2184 4189 Gregorius
2214 4124 2372 4176 simul
2398 4123 2750 4192 conjungens,
2781 4122 3120 4192 Eparchium,
3157 4123 3319 4176 illaesa
3361 4121 3470 4176 his-

1897 4218 2046 4272 toriae
2084 4219 2339 4282 veritate,
2383 4217 2562 4272 dicere
2605 4217 2811 4287 potuit,
2862 4230 3031 4269 annos
3078 4214 3149 4268 44
3201 4217 3467 4271 reclusum

1896 4309 2156 4375 exegisse.

1979 4404 2101 4457 112.
2141 4403 2214 4456 Ea
2238 4419 2365 4456 vero
2387 4419 2506 4474 quae
2527 4403 2689 4458 habet
2707 4402 2969 4458 adversus
2985 4410 3148 4473 caput
3174 4402 3206 4458 9
3225 4401 3468 4472 ejusdem

1825 4465 1876 4524 Β
1905 4493 2051 4554 libri,
2080 4495 2167 4547 ubi
2187 4494 2253 4549 dc
2277 4465 2473 4549 sancto
2499 4494 2763 4548 Donmolo
2787 4494 3183 4549 Cenomanensi
3213 4494 3469 4564 episcopo

1907 4584 2106 4653 agitur,
2125 4585 2485 4654 expendimus
2502 4585 2552 4636 in
2579 4584 2725 4638 notis
2744 4583 2811 4637 ad
2842 4583 2988 4636 illum
3012 4585 3207 4646 locum,
3225 4598 3344 4652 quae
3364 4585 3468 4637 ite-

1904 4691 2020 4728 rum
2067 4687 2306 4742 repetere
2355 4690 2807 4744 supervacaneum
2859 4674 3014 4728 foret.
3066 4673 3142 4726 Ad
3194 4685 3352 4742 caput
3408 4673 3472 4728 15

1909 4770 2288 4822 transeundum
2335 4780 2445 4835 est,
2480 4784 2508 4821 a
2537 4769 2746 4822 Cointio
2792 4769 2862 4821 ob
2908 4768 2956 4821 id
3000 4773 3283 4833 rejectum,
3334 4766 3473 4833 quod

1906 4862 2066 4915 multa
2122 4860 2315 4915 haheat
2363 4870 2543 4914 contra
2598 4859 2787 4914 Felicis
2839 4859 3206 4913 Namnetensis
3246 4859 3473 4921 famam,

1903 4955 2027 5022 quin
2059 4963 2112 5005 et
2140 4967 2257 5005 cum
2307 4951 2434 5004 illud
2466 4952 2704 5019 sequenti
2752 4950 2907 5016 capiti
2953 4952 3020 5003 ita
3051 4963 3314 5002 annexum
3360 4947 3430 5000 sit
3455 4989 3471 5012 ,

1903 5054 1961 5095 ut
2008 5043 2232 5094 alterum
2275 5041 2390 5095 sine
2422 5042 2590 5095 altero
2621 5055 2724 5093 non
2774 5041 2938 5106 possit
2981 5037 3208 5092 admitti.
3241 5038 3307 5091 Et
3333 5036 3470 5090 istud

1904 5150 2114 5207 quoque
2143 5136 2343 5204 reSpuit
2367 5135 2445 5186 vir
2469 5133 2730 5197 eruditus,
2756 5134 2878 5187 licet
2906 5133 2960 5185 iu
2984 5129 3234 5184 omnibus
3255 5129 3473 5184 omnino

1905 5227 2179 5282 codicibus
2210 5225 2484 5288 habeatur,
2515 5223 2678 5276 etiam
2708 5221 2761 5274 in
2816 5219 3145 5282 Corbeiensi,
3180 5232 3336 5285 quem
3369 5234 3473 5271 nou

1907 5320 2173 5373 inficiatur
2201 5317 2356 5385 paulo
2383 5325 2500 5382 post
2521 5312 2759 5379 Gregorii
2789 5311 2954 5364 nostri
2985 5320 3194 5364 aetatem
3215 5310 3474 5379 scriptum

1908 5413 2103 5474 fuisse;
2154 5407 2479 5478 proindeque
2525 5404 2772 5457 admittat
2800 5417 3019 5456 necesse
3059 5410 3167 5468 est,
3210 5403 3477 5458 exstitisse

1907 5514 2176 5556 auctorem
2217 5501 2444 5568 aliquem
2475 5497 2733 5563 Gregorio
2761 5505 2851 5549 aut
2878 5495 3130 5564 aequalem
3163 5504 3255 5548 aut
3280 5496 3477 5562 subpa-

1910 5616 2046 5663 rem,
2078 5615 2139 5653 ex
2173 5613 2276 5667 quo
2307 5594 2691 5662 interpolator,
2739 5591 2827 5661 qui
2876 5600 2925 5642 et
2971 5589 3083 5656 ipse
3111 5588 3193 5642 his
3220 5587 3475 5656 tempori-

1915 5695 2009 5749 bus
2046 5692 2268 5754 vixerit,
2319 5689 2420 5743 ista
2467 5702 2622 5755 atque
2648 5685 2749 5739 alia
2801 5683 2962 5740 multa
2991 5696 3111 5749 qua:
3159 5680 3320 5735 refert
3348 5677 3475 5733 hau-
