4024 6192
638 236 701 294 91
2056 243 2442 303 PREFATIO.
3827 267 3894 322 92

635 349 789 405 serit.
821 350 886 405 At
914 365 1152 406 cum-nte
1178 360 1363 405 auctor
1391 351 1590 406 nemini
1637 367 1866 422 unquam
1899 363 2058 412 notus
2090 357 2209 414 lue-
2235 360 2288 419 Δ
2315 363 2479 430 periei
2498 379 2626 420 vero
2646 365 2712 422 de
2740 367 2926 423 Basiua
2949 369 3066 426 loco
3087 368 3390 442 Rithguntis
3409 373 3736 431 Gotthorum
3755 380 3893 449 regis

637 441 746 509 rit,
797 443 966 498 satius
1013 444 1164 499 nobis
1214 444 1420 499 videtur
1464 445 1692 520 ingenue
1739 449 1891 504 fateri
1935 452 1986 505 iu
2038 452 2214 509 Felice

643 548 828 591 naevos
840 537 1049 606 quidem
1073 539 1257 603 fuisse,
1271 539 1363 594 sed
1389 555 1523 607 quos
1546 552 1637 594 aut
1652 544 1961 610 paenitentia
1976 545 2212 615 diluerit,

643 637 737 682 aut
762 638 908 686 certe
931 632 1018 696 qui
1050 633 1182 686 tanti
1212 647 1321 686 non
1351 632 1564 700 fuerint,
1587 642 1646 688 ut
1671 636 1981 690 cbaritatem
2011 636 2212 692 Christi

641 734 763 789 quae
793 721 1185 777 multitudinem
1218 724 1389 792 operit
1432 736 1791 792 peccatorum,
1813 726 2211 783 oll'uscaverint.

712 810 834 865 115.
873 811 1041 882 Caput
1085 813 1154 866 2-2
1184 815 1535 884 rejiciendum
1586 833 1708 872 esse
1733 829 1916 874 censet
1961 819 2043 875 vir
2086 836 2213 876 eru-

635 898 808 967 ditus,
838 905 978 972 quod
1007 905 1362 975 Chilpericum
1406 923 1583 972 regem
1615 911 1808 977 alium,
1843 912 1894 966 id
1934 922 2017 969 est
2046 914 2211 969 lenio-

633 1005 748 1046 rem
801 1009 960 1064 quam
1015 996 1188 1060 reipsa
1242 999 1429 1064 fuerit,
1472 1011 1841 1070 representet.
1881 1001 2211 1074 Chilpericus

631 1081 776 1136 enim
799 1123 814 1144 .
868 1093 924 1139 ut
948 1083 1157 1140 Cointio
1186 1089 1424 1154 videtur,
1456 1092 1791 1146 Charterium
1820 1095 1908 1161 qui
1952 1095 2210 1152 adversus

630 1185 754 1227 eum
783 1175 987 1232 litteras
1010 1178 1294 1248 injuriosas
1319 1183 1603 1251 scripsisse
1628 1186 1997 1253 accusabatur,
2030 1191 2208 1243 statim

631 1268 1019 1336 oppressisset,
1048 1281 1140 1325 aut
1170 1284 1316 1327 certe
1343 1273 1458 1344 ejus
1488 1287 1856 1332 accusatorem
1901 1278 2205 1347 diaconum,

628 1361 718 1429 qui
761 1375 855 1416 eas
886 1363 1138 1433 episcopo
1168 1382 1265 1421 suo
1295 1371 1637 1438 supposuisse
1685 1372 1980 1428 dicebatur.
2014 1375 2207 1430 Verum

630 1466 738 1506 non
767 1452 837 1507 ita
865 1467 1040 1511 saevus
1066 1467 1183 1511 erat
1208 1456 1565 1528 Chilpericus,
1601 1473 1692 1516 aut
1714 1464 1792 1517 sui
1823 1463 2118 1533 impotens,
2151 1476 2210 1521 ut

629 1559 735 1602 non
766 1546 866 1602 nisi
899 1548 965 1602 ab
990 1547 1285 1617 impostore
1314 1552 1416 1607 dici
1448 1555 1728 1621 potuisset,
1759 1570 1880 1611 eum
1911 1556 2086 1628 aliqua
2117 1573 2208 1614 oc-

629 1637 840 1692 casione
863 1652 892 1692 a
921 1640 1189 1696 saeviendo
1218 1642 1558 1700 abstinuisse.
1589 1646 1767 1715 Certe,
1793 1657 1846 1702 ut
1877 1663 1904 1702 a
1931 1651 2058 1704 viris
2088 1666 2206 1707 eru-

2314 453 2425 509 filio
2452 458 2818 513 substituenda
2849 461 3129 516 consilium
3151 504 3164 527 ,
3196 464 3336 534 quod
3367 467 3534 521 refert
3577 466 3889 537 Gregorius,

2315 545 2547 604 hominis
2592 551 2826 607 animum
2866 553 3063 608 indicat
3110 557 3542 628 tergiversantis,
3592 561 3686 627 qui
3734 563 3887 618 filiam

2313 653 2463 694 suam
2494 650 2602 694 tum
2635 642 2826 710 vellet,
2877 655 2984 700 tum
3016 647 3180 703 nollet
3208 648 3515 704 Reccaredo
3557 652 3747 720 nuptui
3791 664 3890 708 tra-

2312 730 2465 785 dere.
2497 732 2638 787 ldem
2687 735 2912 803 probant
2938 739 3099 794 variae
3129 738 3316 794 harum
3348 744 3654 812 nuptiarum
3683 745 3891 801 dilatio-

2313 837 2430 888 nes,
2456 837 2487 877 a
2517 824 2772 895 Gregorio
2798 827 2914 898 ipso
2941 841 3269 898 memoratae,
3299 848 3417 901 qua:
3441 835 3656 889 tandem
3682 852 3745 891 eo
3775 855 3888 907 pro—

2311 927 2543 979 cessere,
2572 927 2628 970 ut
2659 918 2745 972 illa
2777 920 2971 989 saepius
3001 922 3127 977 licet
3155 925 3437 993 promissa,
3473 926 3639 982 immo
3667 939 3721 984 et
3749 931 3813 984 ad
3839 931 3888 985 id

2312 1005 2582 1071 profecta,
2615 1025 2879 1079 nunquam
2913 1012 3217 1070 Reccaredo
3245 1019 3506 1083 nupserit.
3553 1019 3888 1089 Chilpericus

2311 1098 2490 1168 itaque
2538 1100 2855 1159 Gotthorum
2907 1108 3217 1177 petitionem
3273 1112 3429 1180 plane
3475 1129 3731 1183 respuere
3785 1133 3884 1171 non

2310 1195 2572 1260 audebat,
2621 1198 2782 1254 immo
2811 1215 2911 1256 nec
2936 1204 3187 1258 volebat:
3219 1207 3310 1261 sed
3359 1223 3520 1276 grave
3563 1219 3740 1263 tamen
3776 1221 3887 1264 erat

2310 1289 2358 1342 ei
2389 1303 2417 1341 a
2446 1289 2551 1343 lilia
2582 1305 2674 1345 sua
2705 1294 2968 1363 separari,
3019 1311 3175 1367 quam
3221 1313 3287 1352 ex
3319 1298 3669 1371 Fredegunde
3703 1317 3882 1359 susce-

2309 1390 2481 1451 perat,
2513 1392 2566 1437 ct
2593 1384 2848 1453 diligebat
2873 1403 2980 1457 pra:
3006 1389 3240 1455 caeteris;
3273 1392 3471 1448 veritus
3503 1395 3758 1456 maxime.
3791 1413 3882 1463 nc,

2310 1479 2370 1526 ut
2416 1473 2665 1530 Chlotildi
2710 1486 2764 1532 et
2808 1479 3028 1547 lngundi
3065 1484 3392 1554 contigerat,
3451 1486 3559 1552 ipsa
3591 1501 3620 1538 a
3676 1487 3886 1542 Gottliis

2311 1563 2451 1619 male
2480 1565 2786 1622 haberetur.
2817 1569 3062 1626 Basinam
3109 1589 3234 1628 vero
3266 1577 3334 1629 ob
3362 1576 3412 1629 id
3445 1576 3579 1632 forte
3608 1577 3884 1649 Rithgunti

2311 1658 2735 1720 substituendam
2769 1678 2874 1718 non
2905 1665 3012 1718 alio
3042 1665 3220 1721 animo
3249 1669 3612 1738 proponebat,
3644 1688 3805 1743 quam
3832 1683 3882 1729 ut

628 1724 756 1781 ditis
772 1727 881 1796 jam
911 1744 1013 1784 non
1039 1733 1209 1788 semel
1238 1733 1574 1791 observatum
1605 1746 1709 1801 est,
1731 1739 2065 1808 Chilpericus
2091 1758 2206 1796 ma-
2237 1726 2281 1787 Β
2309 1745 2612 1818 Ritbguntis
2638 1752 2930 1810 discessum
2960 1755 3219 1813 differret.

628 1815 706 1885 gis
733 1819 968 1886 uxorius,
999 1836 1157 1891 quam
1183 1838 1356 1879 szevus
1406 1824 1531 1892 fuit,
1562 1836 1722 1898 atque
1753 1832 1870 1898 plus
1909 1832 2062 1886 uxori
2096 1847 2210 1888 sum

628 1911 864 1976 parendo
888 1928 1006 1982 quae
1025 1929 1147 1969 eum
1178 1916 1242 1970 ad
1268 1931 1426 1973 neces
1449 1919 1715 1975 hominum
1740 1923 1840 1978 sibi
1864 1924 1964 1992 ipsi
1992 1941 2211 1994 suspec-

633 2007 806 2053 torum
845 2001 1119 2071 incitabat,
1147 2020 1305 2076 quam
1357 2009 1534 2064 innata
1581 2011 1892 2069 crudelitate
1946 2019 2202 2086 peccavit.

628 2088 935 2146 Audiendus
955 2107 1016 2147 ea
1046 2094 1112 2150 de
1140 2110 1197 2150 re
1228 2096 1291 2151 V.
1316 2095 1377 2153 C.
1403 2099 1698 2157 Hadrianus
1739 2104 1974 2160 Valesius
1999 2109 2132 2163 libro
2157 2126 2208 2164 ιι

628 2176 823 2235 Rerum
843 2182 1232 2256 Francicarum,
1256 2190 1341 2244 ubi
1364 2201 1638 2262 postquam
1655 2196 2014 2266 Chilpericum
2036 2213 2209 2268 repre-

631 2272 905 2330 hendisset
925 2280 1066 2346 quod
1092 2278 1286 2337 furenti
1324 2285 1475 2339 uxori
1500 2287 1718 2342 nimium
1752 2289 2048 2356 indulserit,
2078 2295 2208 2348 sub-

629 2363 830 2436 jungit:
861 2367 1024 2424 Plane
1038 2373 1084 2425 si
1104 2376 1310 2442 quando
1331 2377 1392 2430 ab
1422 2393 1480 2430 ea
1503 2394 1601 2432 non
1624 2381 1980 2451 instigabatur,
2006 2385 2210 2453 Chilpe-

631 2459 795 2513 ricum
818 2471 1063 2516 mutatum
1084 2473 1131 2518 et
1150 2469 1231 2520 sui
1261 2469 1556 2525 dissimilem
1578 2473 1771 2541 factum
1793 2476 2017 2530 crederes
2035 2494 2054 2532 :
2082 2482 2208 2535 adeo

630 2552 930 2620 communis,
953 2555 1097 2608 aditu
1120 2559 1304 2627 facilis,
1326 2561 1452 2615 lenis
1473 2578 1668 2632 quoque
1683 2573 1730 2618 et
1754 2566 1960 2637 injuriae
1990 2573 2205 2637 patiens.

630 2639 927 2698 Lenitatem
949 2645 1066 2716 ejus
1094 2649 1332 2718 pluribus
1363 2652 1592 2709 laudavit
1617 2655 1939 2714 Fortunatus
1964 2681 1978 2716 :
2005 2679 2102 2719 nec
2131 2675 2209 2718 ta-

633 2744 756 2787 men
782 2732 939 2803 hujus
960 2739 1191 2794 auctoris
1207 2743 1440 2796 carmina
1464 2744 1531 2799 ob
1550 2745 1602 2802 id
1626 2748 1762 2802 ullus
1783 2749 1977 2805 dixerit
1999 2769 2116 2810 esse
2140 2757 2207 2810 ab

629 2822 926 2895 impostore
945 2834 1264 2903 excogitata.
1293 2835 1358 2891 Et
1377 2839 1588 2906 quidem
1613 2841 1739 2896 licet
1762 2854 2034 2911 poetarum
2060 2865 2208 2906 more

630 2916 685 2972 in
715 2917 979 2977 laudando
1002 2922 1304 2997 Chilperico
1332 2933 1633 2988 excessisse
1658 2937 1930 2993 nonnullis
1975 2939 2205 3001 fortasse

629 3008 874 3067 videatur
914 3014 1274 3089 Fortunatus,
1317 3038 1474 3078 nemo
1522 3033 1701 3082 tamen
1746 3030 1940 3085 dixerit
1986 3050 2106 3088 eum
2153 3039 2203 3090 in

629 3105 845 3164 homine
871 3113 1167 3170 saevissimo
1190 3118 1462 3175 lenitatem
1497 3123 1829 3189 potissimum
1857 3129 2198 3195 praedicasse.
2234 3101 2276 3163 Ο

631 3196 869 3271 Denique
911 3202 1152 3262 Cointius
1183 3208 1295 3278 ipse
1324 3212 1794 3285 alias‘Gregoriu-m
1825 3231 2062 3277 nostrum
2116 3241 2205 3278 re-

633 3293 940 3361 prehendit,
970 3299 1106 3366 quod
1155 3300 1206 3354 in
1240 3301 1342 3356 ﬁne
1371 3304 1487 3358 libri
1515 3323 1564 3359 γι
1595 3307 1840 3362 Historia:
1868 3312 1917 3364 in
1946 3313 2200 3383 Chilperi-

630 3397 748 3437 cum
779 3385 899 3454 plus
925 3402 1076 3459 azquo
1107 3392 1260 3447 fuerit
1292 3394 1564 3462 invectus,
1619 3403 1769 3467 quasi
1803 3403 1945 3458 nulla
1990 3421 2206 3474 prorsus

629 3471 788 3530 laude
816 3476 1006 3546 dignus
1039 3480 1222 3548 fuerit,
1272 3500 1430 3553 quem
1465 3496 1643 3543 tamen
1689 3493 1940 3558 praeclara
1974 3498 2206 3553 facinora

630 3563 860 3623 edidisse
902 3570 1166 3627 neminem
1196 3574 1416 3630 inficiari
1449 3594 1602 3647 posse
1631 3584 1926 3639 contendit.

701 3677 824 3734 114.
863 3679 1032 3752 Caput
1060 3681 1130 3736 54
1155 3686 1394 3754 ejusdem
1428 3691 1549 3746 libri
1579 3709 1652 3757 Vl,
1687 3695 1811 3751 licet
1841 3696 1892 3752 in
1925 3701 2096 3765 capite
2124 3717 2208 3758 sev

628 3770 832 3836 quenti,
865 3773 1004 3842 quod
1035 3789 1222 3832 omnes
1250 3782 1468 3835 omnino
1499 3784 1682 3854 scripti
1732 3797 1785 3842 et
1812 3789 1944 3844 editi
1989 3791 2205 3860 habent,

629 3859 892 3928 laudetur,
923 3867 1194 3939 multaque
1218 3876 1603 3943 complectatur
1649 3895 1794 3947 vera,
1827 3859 2201 3954 interpolatum

629 3963 804 4011 tamen
830 3970 1015 4016 censet
1049 3963 1134 4017 vir
1158 3981 1300 4035 saepe
1331 3969 1606 4038 laudatus,
1639 3976 1779 4044 quod
1813 3979 2085 4047 nonnulla,
2129 3982 2209 4037 in-

629 4047 763 4116 quit,
803 4054 1076 4110 contineat
1099 4073 1128 4111 a
1152 4060 1430 4116 verisimili
1470 4065 1664 4120 aliena.
1698 4067 1933 4124 Primum
1955 4082 2041 4138 est
2065 4075 2208 4142 quod

629 4138 786 4207 hujus
813 4145 1002 4214 capitis
1040 4148 1193 4205 initio
1225 4165 1550 4212 memoretur
1580 4159 1933 4228 Hispanorum
1968 4138 2162 4231 legatio
2188 4209 2203 4232 ,

627 4246 747 4299 qua:
767 4233 811 4287 si
840 4235 1168 4308 admittatur,
1203 4247 1356 4299 tertia
1387 4248 1487 4302 erit
1507 4265 1664 4319 quam
1699 4251 1800 4307 hoc
1823 4269 1961 4309 anno
1990 4259 2208 4328 Hispani

628 4322 872 4380 miserint
898 4327 950 4382 in
977 4328 1193 4387 Gallias.
1220 4335 1519 4393 Secundum
1544 4341 1693 4398 initio
1723 4348 1910 4413 capitis
1941 4322 2206 4419 tegntiap-

627 4414 890 4483 pellantur
918 4421 969 4488 ⁸,
997 4425 1138 4492 quod
1176 4427 1372 4483 indicat
1400 4430 1577 4498 plures
1613 4449 1675 4488 ea
1706 4437 1986 4493 occasione
2016 4442 2203 4496 missos

627 4503 824 4575 fuisse;
873 4521 924 4566 et
977 4521 1153 4569 tamen
1209 4518 1260 4570 in
1309 4521 1565 4575 orationis
1614 4540 1898 4592 progressu
1943 4545 2046 4583 non
2100 4533 2199 4585 nisi

627 4596 785 4652 unius
835 4601 992 4672 legati
1041 4608 1239 4661 mentio
1285 4614 1540 4665 occurrit.
1593 4613 1830 4682 Denique
1873 4616 2202 4686 Chilpericus

627 4692 822 4752 ibidem
871 4695 1132 4766 cogitasse
1163 4698 1357 4754 dicitur
1389 4701 1457 4755 de
1485 4702 1673 4758 Basiua
1719 4704 1772 4759 in
1813 4721 2028 4760 uxorem
2062 4708 2200 4762 Rec-

626 4787 826 4843 caredo
867 4786 1184 4842 Gottborum
1216 4792 1324 4859 regi
1358 4793 1610 4848 tradenda
1630 4834 1645 4859 ,
1677 4812 1795 4865 quae
1825 4806 2057 4866 stuprata
2089 4801 2202 4856 fue-

628 4892 737 4949 rat,
770 4893 826 4938 et
873 4885 923 4938 in
967 4885 1348 4941 monasterium
1383 4901 1608 4943 retrusa.
1643 4891 1721 4944 Ad
1771 4893 1992 4960 primum
2028 4904 2082 4948 et
2120 4911 2208 4950 sc-

625 4977 860 5032 cundum
902 4975 1223 5047 objectionis
1272 4991 1432 5050 caput
1473 4983 1722 5038 facillima
1772 4993 1852 5040 est
1903 4988 2200 5055 responsio.

627 5068 742 5123 Non
772 5071 912 5123 enim
941 5071 1272 5138 impossibile
1297 5082 1378 5127 est
1412 5081 1591 5128 ternas
1619 5092 1684 5130 eo
1728 5093 1865 5131 anno
1911 5078 2203 5149 legationes

629 5178 694 5216 cx
724 5162 990 5232 Hispaniis
1022 5164 1072 5217 in
1105 5163 1306 5221 Gallias
1334 5166 1674 5233 adventasse,
1706 5185 1823 5224 cum
1869 5183 2112 5242 ageretur
2136 5174 2204 5229 de

631 5253 828 5316 nuptiis
876 5256 1014 5310 inter
1062 5254 1354 5327 Leuvigildi
1407 5258 1572 5313 filium
1610 5270 1666 5315 et
1707 5261 1992 5332 Chilperici
2041 5265 2202 5319 filiam

631 5345 1027 5413 contrahendis,
1051 5350 1190 5418 quod
1210 5352 1441 5406 maxime
1456 5351 1638 5407 Gotthi
1658 5355 2025 5423 peroptabant.
2050 5354 2202 5422 Quod

632 5449 760 5489 vero
787 5437 1015 5505 legatum
1065 5452 1154 5494 aut
1184 5443 1386 5513 legatos
1435 5461 1535 5500 una
1565 5458 1655 5500 aut
1698 5448 1863 5502 altera
1912 5447 2026 5502 vice
2069 5452 2207 5503 scri-

632 5529 799 5602 pserit
839 5531 1158 5601 Gregorius,
1189 5552 1274 5592 res
1303 5547 1386 5593 est
1413 5539 1476 5592 ad
1505 5542 1848 5596 asserendum
1878 5551 1968 5595 aut
1998 5541 2207 5610 ahjudi-

635 5624 862 5681 condunt
893 5623 1149 5693 Gregorio
1177 5639 1335 5698 caput
1364 5631 1500 5683 istud
1532 5634 1684 5699 plane
1707 5635 2030 5691 indifferens.
2058 5635 2205 5690 Chil-

2381 1839 2505 1894 115.
2549 1841 2716 1914 Caput
2743 1844 2982 1914 ejusdem
3027 1848 3146 1904 libri
3177 1865 3339 1904 xxxvi
3371 1850 3601 1907 insititiis
3648 1854 3884 1926 adjungit

2309 1930 2571 2002 Cointius,
2602 1936 2744 2005 quod
2777 1938 2827 1990 in
2857 1954 2920 1991 eo
2948 1937 3233 2010 Gregorius
3263 1941 3332 1996 de
3361 1941 3605 1998 Etherio
3633 1947 3878 2015 episcopo

2312 2022 2626 2080 Lexoviensi
2656 2042 2820 2096 agens
2849 2028 3010 2098 dicat,
3059 2034 3206 2101 cujus
3235 2048 3392 2102 supra
3422 2037 3767 2102 meminimus,
3809 2048 3857 2092 ta

2311 2114 2466 2170 metsi
2516 2115 2658 2169 nulla
2705 2115 2821 2185 ejus
2875 2121 3073 2175 mentio
3119 2122 3186 2176 ab
3213 2122 3330 2191 ipso
3376 2127 3508 2180 facta
3541 2127 3630 2181 sit.
3684 2127 3884 2185 Deinde

2309 2206 2449 2274 quod
2496 2205 2635 2262 idem
2668 2207 2943 2264 Etherius
2991 2226 3095 2266 non
3145 2214 3275 2267 satis
3305 2216 3537 2284 prudens
3568 2217 3672 2271 hoc
3701 2217 3755 2273 in
3802 2237 3880 2275 ca-

2311 2300 2419 2368 pite
2446 2311 2881 2371 repraesentetur,
2913 2305 3108 2375 quippe
3136 2307 3226 2377 qui
3277 2323 3558 2376 puerorum
3600 2313 3750 2368 urbis
3781 2329 3884 2370 sua

2309 2393 2678 2449 educationem
2711 2395 2825 2450 viro
2869 2400 3196 2466 nequissimo
3242 2405 3563 2470 permiserit.
3610 2405 3690 2460 Ex
3721 2410 3884 2475 prima

2309 2482 2625 2552 objectionis
2673 2485 2830 2554 hujus
2881 2499 3030 2556 parte
3058 2491 3233 2561 colligi
3280 2494 3493 2562 quidem
3544 2507 3759 2566 potest,
3800 2509 3885 2554 aut

2312 2573 2624 2646 Gregorium
2676 2581 2934 2636 memoria
2982 2583 3185 2653 lapsum
3241 2599 3393 2652 esse;
3442 2597 3536 2643 aut
3579 2591 3782 2661 aliquid
3823 2594 3885 2648 de

2309 2667 2554 2723 Etherio
2586 2671 2637 2723 in
2682 2672 2922 2742 Gregorii
2954 2677 3164 2746 scriptis
3194 2681 3491 2749 exstitisse,
3544 2684 3688 2752 quod
3731 2688 3886 2742 modo

2311 2775 2416 2814 non
2446 2761 2699 2830 habetur;
2731 2775 2824 2819 aut
2851 2779 2997 2822 certe
3031 2771 3143 2824 hmc
3170 2772 3326 2825 verba
3357 2775 3424 2828 ab
3474 2781 3885 2834 amanuensibus

2309 2851 2650 2919 superaddita
2686 2854 2869 2909 fuisse.
2903 2856 3039 2912 illnc
3071 2871 3242 2915 tamen
3271 2879 3376 2917 non
3404 2865 3754 2935 conficiet",
3803 2882 3885 2925 to-

2313 2950 2420 2995 tum
2454 2939 2555 2996 hoc
2582 2955 2740 3012 caput
2768 2945 2928 3002 fuisse
2953 2951 3324 3020 interpolatum
3352 2972 3364 3008 :
3388 2956 3460 3009 uti
3486 2958 3681 3013 similia
3705 2962 3883 3025 verba,

2311 3048 2431 3102 qua:
2486 3033 2555 3088 de
2603 3036 2817 3091 Tetrico
2849 3039 3170 3111 Lingouensi
3223 3045 3472 3116 episcopo
3514 3048 3784 3106 habentur
3826 3054 3885 3107 li-

2311 3127 2407 3183 bro
2436 3144 2522 3194 tv,
2570 3131 2744 3200 capite
2778 3131 2875 3201 16,
2910 3151 3008 3190 nec
3038 3137 3276 3204 Cointio,
3319 3156 3415 3195 nec
3445 3141 3562 3197 aliis
3603 3160 3884 3212 persuase-

2311 3233 2468 3291 runt,
2515 3226 2832 3293 caputistud
2862 3229 2930 3282 ab
2977 3231 3357 3300 interpolatore
3388 3234 3550 3291 fuisse
3595 3238 3880 3298 iutrusum.

2312 3314 2470 3384 Erat,
2507 3320 2670 3388 inquit
2703 3321 2988 3391 Gregorius
3007 3365 3020 3385 ,
3051 3325 3120 3378 ibi
3145 3337 3262 3380 tunc
3287 3340 3494 3384 sanctus
3520 3330 3755 3387 Tetricus
3783 3352 3883 3402 cpt-

2309 3424 2512 3475 sropns,
2558 3416 2704 3482 cujus
2744 3414 2795 3464 in
2826 3431 3078 3482 superiori
3119 3417 3286 3494 libello
3316 3421 3607 3474 memoriam
3648 3425 3884 3494 fecimus,

2310 3498 2376 3552 de
2406 3514 2510 3568 quo
2537 3509 2711 3556 tamen
2745 3505 2943 3558 nullum
2979 3508 3028 3558 in
3077 3488 3439 3576 superioribus
3469 3514 3750 3583 vestigium
3801 3533 3886 3572 su-

2311 3602 2508 3658 perest.
2544 3592 2771 3649 Etherii
2803 3612 2934 3651 vero
2962 3599 3284 3670 indulgentia
3313 3617 3437 3673 erga
3469 3604 3742 3662 hominem
3771 3625 3885 3677 pra-

2311 3695 2433 3735 vum
2455 3724 2470 3748 ,
2515 3683 2685 3752 arguit
2717 3687 2930 3754 quidem
2960 3688 3264 3746 Etherium
3313 3695 3430 3762 plus
3465 3713 3618 3766 atquo
3651 3698 3884 3766 facilem,

2310 3782 2364 3827 et
2392 3773 2601 3844 incaute
2652 3777 3082 3846 misericordem,
3115 3785 3205 3837 sed
3236 3801 3342 3840 non
3388 3788 3576 3856 probat
3604 3791 3680 3846 rei
3721 3805 3886 3861 gesta:

2313 3867 2671 3922 narrationem
2703 3884 2824 3924 esse
2852 3883 2944 3926 aut
2975 3873 3194 3942 falsam,
3225 3890 3313 3932 aut
3357 3877 3687 3949 Gregoriano
3719 3885 3888 3939 textui

2313 3969 2512 4014 temere
2541 3971 2715 4015 assuta
2724 3977 2773 4014 m
2784 4003 2794 4013 .

2385 4053 2505 4108 116.
2548 4054 2663 4109 Νοη
2712 4056 2883 4125 major
2929 4068 3010 4112 est
3058 4060 3331 4128 rejiciendi
3378 4063 3565 4132 capitis
3613 4069 3888 4138 sequentis

2310 4145 2483 4210 ratio,
2531 4146 2654 4200 licet
2681 4147 2730 4200 in
2762 4162 2826 4200 eo
2859 4149 3101 4215 Lupentii
3134 4152 3342 4206 abbatis
3377 4154 3549 4208 caedes
3579 4156 3891 4212 innocentia

2313 4236 2626 4291 Gabalitano
2663 4240 2848 4293 comiti
2899 4241 3191 4310 tribuatur,
3239 4245 3326 4310 qui
3372 4257 3554 4314 postea
3595 4251 3774 4318 capite
3824 4251 3892 4305 58

2311 4326 2507 4380 dicitur
2559 4329 2861 4384 Theodosio
2915 4330 3283 4388 Ruthenorum
3337 4338 3590 4406 episcopo
3639 4340 3891 4395 defuncto

2310 4419 2655 4474 successisse.
2692 4421 2807 4476 Non
2832 4424 2974 4478 enim
3004 4424 3159 4479 facile
3188 4427 3361 4481 arceri
3390 4430 3560 4498 potuit
3584 4429 3651 4485 ab
3681 4433 3894 4500 episco-

2234 4496 2282 4555 Ῑ)
2313 4523 2435 4579 patu
2466 4513 2828 4581 Innocentius,
2859 4518 3007 4588 cujus
3055 4536 3242 4589 magna
3283 4496 3423 4590 apud
3454 4525 3689 4593 reginam
3713 4496 3893 4596 gratia

2312 4613 2448 4671 erat,
2482 4606 2581 4660 nisi
2612 4607 2712 4662 hoc
2741 4609 2942 4664 crimen
2976 4613 3186 4680 publice
3213 4624 3394 4667 notum
3427 4613 3636 4670 fuisset.
3670 4619 3738 4672 At
3766 4635 3894 4672 nus-

2309 4713 2468 4766 quam
2501 4698 2725 4771 legimus
2780 4701 3139 4757 lnnocentium
3174 4705 3304 4759 tanti
3336 4706 3576 4760 criminis
3606 4723 3755 4762 reum
3799 4711 3895 4764 des

2310 4790 2566 4846 claratum
2599 4792 2782 4858 fuisse,
2813 4794 2977 4848 immo
3007 4810 3104 4849 nec
3128 4796 3337 4863 publice
3361 4809 3686 4861 accusatum,
3719 4815 3895 4869 quan-

2311 4895 2470 4949 quam
2502 4883 2642 4939 forte.
2660 4884 2711 4938 id
2741 4901 2922 4939 rumor
2948 4888 2994 4941 ei
3027 4887 3302 4942 tribueret.
3336 4888 3441 4944 Sed
3484 4905 3586 4944 non
3618 4903 3732 4945 erat
3763 4893 3894 4962 legi-

2311 4975 2476 5040 tima,
2523 4987 2616 5030 aut
2643 4988 2794 5032 certe
2844 4981 3116 5035 sufficiens
3161 4980 3264 5034 illis
3313 4985 3676 5052 temporibus,
3723 4988 3894 5055 impe-

2308 5066 2517 5121 diendae
2545 5069 2898 5126 ordinationis
2926 5087 3105 5137 causa,
3137 5089 3254 5141 qua;
3283 5074 3412 5128 alias
3438 5076 3589 5143 juxta
3620 5092 3892 5131 canonum

2310 5163 2640 5230 prtescripta,
2669 5165 2794 5216 cleri
2825 5176 2879 5218 et
2907 5166 3083 5233 papuli
3114 5168 3250 5222 votis
3266 5208 3290 5234 ,_
3315 5177 3406 5221 aut
3433 5179 3580 5223 certe
3609 5185 3674 5224 ex
3706 5186 3892 5239 regum

2307 5249 2608 5316 voluntate,
2665 5252 2777 5307 ﬁeri
2807 5256 3104 5322 petebatur.
3139 5257 3245 5312 Nec
3271 5257 3463 5312 desunt
3495 5262 3742 5324 exctnpla
3794 5277 3893 5314 ue-

2309 5344 2553 5412 quiorum
2600 5344 2902 5411 hominum,
2952 5347 3040 5417 qui
3086 5364 3178 5418 per
3205 5363 3267 5404 ea
3300 5360 3535 5418 tempora
3572 5351 3732 5405 sedes
3776 5355 3894 5421 epi-

2310 5437 2549 5505 scopales
2583 5437 2877 5493 sceleribus
2917 5447 3098 5508 partas
3134 5440 3226 5494 diu
3257 5441 3535 5495 obtinuere
3567 5459 3581 5496 :
3620 5445 3703 5496 vel
3753 5459 3893 5496 unus

2310 5532 2591 5588 Melantius
2640 5532 2693 5587 in
2737 5532 3041 5586 Praetextati
3089 5532 3531 5602 Rotbomageusis
3581 5534 3759 5587 locum
3814 5535 3892 5587 iu-

2309 5635 2486 5679 trusus
2517 5624 2674 5694 hujus
2727 5625 2804 5678 rei
2843 5624 3144 5695 exemplum
3193 5623 3528 5694 suppeditare
3570 5634 3788 5694 potest,
3840 5635 3892 5684 ut

703 5766 722 5787 ⁶
749 5762 909 5822 Forte
943 5761 1225 5830 legendum
1259 5785 1269 5818 :
1309 5766 1627 5832 Secundum,
1658 5769 1796 5836 quod
1828 5769 1972 5824 initio
1998 5771 2182 5838 capitis
2216 5770 2364 5839 legati
2397 5767 2736 5837 appellentur.
