4024 6192
151 247 202 305 5'5
1594 210 1968 275 PRAEFA'I‘IO.

3327 184 3401 242 94

164 368 249 439 iam
273 357 697 415 observavimus.
725 352 896 409 Plura
918 346 1020 404 alia
1049 343 1281 414 adjicere
1300 332 1440 392 haud
1463 341 1604 389 esset
1623 326 1723 385 dif-
1750 336 1799 394 Α
1828 323 1970 380 vium
2001 332 2140 375 anno
2168 312 2302 377 584,
2346 318 2401 368 et
2427 308 2639 382 quidem
2680 317 2863 362 mense
2888 297 3187 370 Septembri
3214 308 3404 352 exces-

1858 425 1872 438 °
1948 438 1951 439 ν
2012 437 2023 439 -
2248 421 2720 439 -----A--n-m--m
2759 400 2999 439 αοηιιοηιι
3027 412 3188 439 anno-
3238 394 3290 439 id
3318 400 3401 439 ρει

173 458 309 523 facile,
348 453 387 508 si
416 467 497 507 res
524 450 805 519 exigeret.

383 545 501 600 llaec
526 512 661 597 sun't
701 524 972 610 praecipua
997 528 1193 588 Cointii
1219 526 1552 596 argumenta,
1578 512 1728 588 queis

173 655 278 699 usus
302 644 381 692 est
405 636 470 689 ad
510 607 835 689 elevandum
865 641 930 681 ex
965 638 1057 678 sex
1098 616 1365 689 prioribus
1402 610 1552 667 libris
1594 607 1728 662 Gre-

167 731 377 802 goriante
409 724 663 780 Historia:
714 719 1001 775 multorum
1043 711 1274 781 capitum
1298 747 1313 774 ,
1352 720 1473 774 quae
1514 703 1567 757 in
1604 698 1727 770 qui-

162 793 366 879 husdam
394 815 677 873 codicibus
723 826 860 865 mss.
887 806 1292 867 desiderantur,
1332 793 1725 851 auctoritatem.

157 916 225 971 De
242 909 599 983 sequentibus
623 918 754 960 vero
783 901 932 957 libris
952 910 1118 969 pauca
1146 892 1326 957 habet,
1350 889 1420 944 ob
1440 884 1727 948 delectum,

151 1009 353 1078 inquit,
404 1003 676 1060 codicum.
721 998 1036 1065 Quanquam
1066 990 1308 1060 neglecto
1348 983 1533 1039 codice
1561 976 1733 1034 sancti

146 1099 428 1157 lichaelis
454 1095 676 1165 optima:
705 1098 876 1154 notus,
924 1084 1120 1156 passim
1159 1079 1324 1134 multa
1353 1069 1612 1143 Gregorio
1639 1069 1733 1122 ab-

141 1195 373 1268 judieet,
405 1190 477 1246 ob
507 1188 563 1244 id
603 1186 808 1252 solum,
843 1193 899 1235 ut
934 1180 1043 1250 jam
1072 1175 1340 1237 diximus,
1381 1167 1522 1240 quod
1555 1167 1608 1220 in
1645 1178 1735 1218 co-

140 1255 271 1342 dice
320 1255 574 1338 ﬁetteusi
615 1276 1023 1336 desiderentur,
1064 1277 1157 1324 aut
1183 1274 1332 1322 certe
1375 1261 1550 1318 desint
1594 1255 1735 1327 apud

138 1376 491 1432 Aimoinum.
519 1371 736 1427 Certum
766 1373 852 1421 est
882 1374 1093 1425 tamen,
1124 1365 1184 1413 ut
1210 1367 1370 1425 supra
1398 1351 1735 1407 demonstra-

139 1477 265 1523 tum
298 1474 425 1529 est,
471 1471 528 1517 et
566 1462 793 1530 ipsemet
833 1453 1074 1509 Cointius
1117 1445 1341 1503 inticiari
1385 1459 1488 1497 non
1533 1446 1734 1504 autet,

138 1560 330 1617 multa
372 1557 430 1611 in
460 1570 525 1610 eo
552 1553 734 1609 codice
768 1564 839 1604 ex
876 1544 1137 1601 industria
1186 1540 1380 1595 omissa
1423 1534 1604 1591 fuisse.
1652 1532 1740 1588 Ai-

137 1652 327 1710 moini
362 1662 491 1705 vero
516 1645 889 1701 auctoritatem
921 1639 1019 1693 hac
1049 1639 1100 1691 in
1130 1650 1189 1689 re
1227 1631 1423 1687 nullius
1442 1642 1574 1683 esse
1604 1641 1737 1695 pon-

137 1746 333 1811 deris,
377 1741 467 1798 vel
497 1756 565 1796 ex
614 1739 717 1793 hoc
762 1735 923 1791 unico
964 1736 1279 1803 argumento
1306 1722 1481 1781 evinci
1526 1729 1735 1789 potest,

138 1836 296 1909 quod
322 1836 445 1905 ipso
467 1839 759 1887 attestantc
783 1825 1015 1891 Cointio,
1048 1834 1101 1877 et
1130 1817 1446 1886 interpolata
1467 1812 1740 1868 admiserit

139 1940 198 1986 et
226 1928 488 1983 omiserit
528 1922 762 1978 sincera.
809 1916 916 1975 Sed
957 1924 1012 1971 et
1039 1914 1271 1982 ipsemet
1310 1906 1622 1969 Aimoinus,
1656 1916 1744 1958 ca-

143 2022 266 2088 pite
300 2017 371 2072 l8
412 2014 539 2069 libri
568 2010 757 2081 primi,
791 2008 988 2064 fatetur
1023 2020 1084 2061 se
1111 2006 1162 2058 iu
1190 2001 1427 2057 codicem
1459 1995 1747 2053 incurrisse

143 2110 488 2180 scriptorum
535 2103 658 2159 vitio
705 2099 926 2156 omnino
973 2096 1339 2165 depravatum.
1392 2088 1589 2143 Verum
1642 2084 1743 2138 hac

148 2173 419 2270 opinione
463 2196 696 2252 imbutus
724 2191 999 2257 Cointius,
1035 2185 1176 2257 quod
1207 2181 1373 2238 multa
1405 2182 1457 2235 in
1506 2173 1749 2247 Gregorii

150 2268 311 2349 libris
339 2291 410 2346 ab
441 2286 831 2355 iuterpolatore
859 2289 1040 2337 essent
1066 2272 1440 2346 superaddita,
1482 2282 1577 2324 eos
1605 2268 1751 2335 ipsos

157 2394 415 2442 auctores
442 2391 536 2436 aut
556 2379 793 2442 codices,
823 2387 958 2444 quos
983 2371 1054 2426 ob
1076 2368 1275 2425 omissa
1297 2365 1499 2433 aliquot
1520 2356 1752 2426 capitula

161 2476 399 2533 maxime
431 2472 640 2537 laudat,
675 2467 893 2524 eosdem
932 2462 1133 2532 rejicit,
1165 2459 1209 2514 si
1240 2458 1376 2511 forte
1403 2449 1655 2509 nonnulla
1686 2448 1754 2503 ab

166 2570 285 2625 aliis
315 2563 685 2639 praetermissa
714 2558 1021 2615 exhibeant.
1068 2552 1145 2607 De
1175 2563 1307 2604 mss.
1339 2543 1613 2602 codicibus
1659 2554 1753 2596 su-

171 2637 350 2732 perius
391 2658 526 2714 satis
558 2656 803 2711 dictum:
834 2664 973 2704 nunc
1012 2645 1198 2716 paucis
1235 2640 1498 2712 agendum
1536 2637 1605 2691 de
1649 2647 1756 2689 uno

174 2726 261 2810 aut
286 2756 459 2809 altero
488 2746 734 2818 Gregorii
763 2744 912 2807 loco,
956 2754 1089 2810 quos
1117 2734 1359 2790 Cointius
1389 2731 1443 2784 in
1487 2726 1635 2782 libris
1664 2738 1758 2793 po-

177 2849 487 2906 sterioribus
514 2862 583 2901 ex
619 2844 750 2913 ipsis
800 2840 960 2895 rebus
988 2851 1106 2906 quae
1160 2838 1476 2895 narrantur,
1522 2825 1758 2892 interpo-

179 2946 310 3001 latos
338 2956 458 2998 esse
495 2936 799 2994 contendit.

251 3035 369 3092 ll8.
414 3033 666 3097 Primus,
710 3037 767 3084 et
795 3024 1008 3097 quidem
1039 3016 1263 3077 celebris
1292 3014 1457 3079 satis,
1501 3011 1650 3066 locus
1678 3013 1760 3063 est

182 3131 245 3185 de
274 3139 459 3183 sancto
509 3123 698 3181 Salvio
723 3120 1088 3189 Albigensium
1118 3114 1370 3181 episcopo
1390 3148 1406 3172 .
1453 3103 1605 3173 cujus
1634 3101 1760 3155 vita:

184 3220 590 3291 compendium,
637 3212 1010 3269 admirabilem
1051 3192 1309 3261 visionem
1342 3208 1399 3256 et
1435 3198 1638 3252 obitum
1669 3193 1764 3248 de-

185 3282 366 3368 scribit
417 3317 609 3365 noster
661 3304 953 3376 Gregorius
1002 3298 1155 3355 initio
1202 3293 1323 3350 libri
1371 3288 1604 3360 septimi.
1657 3282 1766 3344 Sed

187 3405 323 3460 hunc
361 3405 539 3457 locum
586 3399 655 3454 ab
685 3393 1066 3464 interpolatore
1110 3386 1347 3443 additum
1386 3388 1572 3436 censet
1600 3376 1765 3431 Coin-

190 3496 310 3556 tius,
340 3509 444 3547 non
471 3490 650 3545 solum
672 3484 813 3555 quod
846 3483 899 3536 in
929 3479 1114 3535 codice
1145 3472 1387 3531 Mettensi
1409 3468 1765 3528 desideretur,

190 3598 365 3637 verum
392 3581 561 3636 etiam
592 3550 735 3646 quod
778 3587 844 3627 eo
874 3568 1141 3630 admisso,
1184 3560 1485 3618 contrarius
1521 3553 1623 3609 sibi
1668 3550 1771 3620 ipsi

191 3674 444 3731 dicendus
471 3678 623 3728 esset
651 3665 961 3736 Gregorius,
990 3659 1186 3730 quippe
1212 3654 1301 3727 qui
1334 3648 1498 3708 Salvii
1545 3652 1771 3702 mortem

190 3786 324 3825 anno
351 3766 459 3822 58-5
491 3766 583 3819 hic
603 3735 950 3828 consignarit,
989 3767 1147 3824 quam
1173 3749 1312 3805 libro
1340 3760 1453 3812 vm,
1479 3740 1657 3810 capite
1680 3735 1773 3803 22,

192 3876 329 3915 anno
358 3854 611 3927 sequenti
638 3848 930 3918 contigisse
957 3844 1283 3913 scripsisset.
1313 3836 1457 3892 ldem
1488 3840 1673 3886 auctor
1710 3827 1778 3882 ad

193 3970 387 4009 annum
421 3922 553 4016 686,
583 3946 673 4002 ubi
699 3946 768 4000 de
796 3941 975 3999 Salvio
997 3932 1344 3994 Ambianensi
1373 3928 1626 3999 episcopo
1650 3922 1778 3992 agit,

197 4012 581 4110 Imprudentium
612 4030 1002 4104 interpolatori,
1046 4028 1120 4083 uti
1149 4032 1327 4087 vocat,
1353 4016 1683 4088 Gregoriano
1705 4012 1786 4066 al-

199 4138 395 4207 lingere
426 4149 537 4187 non
567 4137 804 4194 veretur,
848 4139 967 4180 eum
1002 4132 1248 4175 asserens
1287 4112 1581 4169 mendacem
1602 4116 1648 4161 et
1671 4120 1787 4175 pcr-

199 4236 391 4301 iurum,
432 4228 528 4298 qui
562 4222 879 4291 interposito
908 4224 1244 4274 sacramento
1270 4213 1549 4281 juraverit,
1581 4218 1645 4259 ea
1666 4215 1785 4271 qum

198 4326 295 4380 sub
324 4320 575 4392 Gregorii
608 4318 823 4371 nomine
852 4310 1124 4367 intrudere
1150 4306 1335 4371 audet,
1361 4301 1432 4356 ab
1461 4301 1576 4368 ipso
1601 4292 1786 4351 Salvio

204 4386 478 4485 Albigensi
508 4428 571 4466 se
598 4408 881 4472 didicisse,
926 4401 1168 4475 quamvis
1208 4398 1324 4455 1133c
1362 4394 1476 4464 ipsa
1522 4406 1587 4445 ex
1625 4386 1789 4458 gestis

205 4510 420 4563 alterius
432 4504 607 4561 Salvii
629 4497 977 4569 excerpserit,
993 4495 1081 4565 qui
1108 4487 1546 4547 Atnbianensium
1569 4481 1791 4536 antistes

207 4600 299 4654 luit
327 4598 533 4653 seculo
582 4592 848 4663 sequenti.
882 4589 1007 4644 ﬂare
1038 4586 1129 4639 ille
1156 4600 1171 4636 :
1194 4581 1287 4637 sed
1334 4580 1449 4633 haec
1476 4579 1787 4643 argumenta

210 4692 402 4745 nullius
431 4704 557 4743 esse
589 4683 794 4738 roboris
824 4681 1026 4749 absque
1070 4675 1288 4743 negotio
1315 4665 1667 4725 demonstrari
1701 4678 1793 4730 po-

211 4793 329 4838 test.
372 4782 509 4837 Nam
556 4778 730 4848 primo
774 4774 1015 4831 codicum
1045 4767 1336 4824 auctoritas
1381 4760 1537 4818 nobis
1574 4756 1795 4811 omnino

212 4872 379 4937 favet,
413 4880 476 4925 ut
507 4869 621 4940 jam
652 4881 796 4934 saepe
820 4862 1086 4928 diximus,
1118 4874 1238 4912 cum
1286 4856 1485 4909 multos
1526 4851 1793 4917 integros,

212 4969 429 5038 optima;
459 4976 621 5028 noue,
650 4972 703 5019 et
725 4959 944 5029 majoris
966 4951 1315 5020 antiquitatis,
1334 4950 1491 5003 unico
1513 4940 1797 4997 Cointiano

215 5062 484 5124 mutilata,
514 5054 792 5124 scriptoris
822 5048 1027 5106 incuria
1057 5046 1243 5099 vitiato
1263 5084 1277 5105 ,
1307 5051 1361 5095 et
1390 5038 1653 5107 sequioris
1680 5032 1802 5097 aevi,

213 5166 573 5225 opponantus.
613 5145 817 5202 Deinde
847 5141 989 5197 nulla
1019 5150 1102 5192 εει
1128 5135 1267 5205 apud
1310 5129 1631 5202 Gregorium
1664 5125 1805 5178 inter

214 5216 419 5313 capuli
456 5240 580 5297 libri
611 5254 687 5293 vn
735 5246 790 5290 et
817 5240 980 5301 caput
1004 5230 1078 5282 22
1116 5227 1234 5282 libri
1278 5221 1553 5293 sequentis
1579 5216 1807 5286 cpposi—

217 5340 305 5392 tio.
336 5338 490 5393 Licet
516 5331 663 5390 enim
698 5330 871 5398 primo
893 5329 1013 5380 loco
1030 5318 1490 5389 dixeritSalvium
1521 5312 1614 5367 hoc
1643 5324 1823 5371 anno,

219 5429 267 5483 id
292 5440 372 5485 est
398 5427 538 5493 58$,
576 5424 810 5485 obiisse,
858 5429 913 5473 et
941 5419 1112 5470 altero
1138 5422 1250 5485 post
1290 5410 1484 5463 obitum
1524 5402 1685 5462 Salvii
1715 5402 1808 5453 hoc

221 5536 378 5589 anno,
408 5520 462 5575 id
504 5527 591 5575 est
620 5513 750 5581 585,
789 5508 1156 5566 Desideratum
1188 5499 1567 5573 Albigensibus
1597 5496 1825 5562 episcos

225 5628 339 5682 pitu
364 5584 555 5668 luisse
583 5611 803 5669 datum,
838 5602 973 5658 nihil
1003 5613 1133 5653 sane
1175 5595 1318 5650 aliud
1347 5608 1414 5649 ex
1456 5590 1571 5645 istis
1601 5584 1808 5641 duobus

227 5677 473 5775 capitibus
518 5705 669 5763 inter
705 5714 769 5755 se
799 5692 1015 5755 collatis
1045 5690 1218 5758 colligi
1252 5694 1460 5757 potest,
1505 5694 1667 5748 quam
1697 5677 1811 5733 Sal-

1824 425 1964 482 sisse
2000 437 2032 478 e
2059 419 2215 485 vivis,
2247 421 2720 479 successoremque
2759 400 3001 474 sequenti
3027 412 3192 462 anno,
3238 394 3291 449 id
3318 400 3401 448 est

1829 523 1951 588 post
1994 512 2201 583 aliquot
2247 518 2463 563 menses
2486 544 2503 570 ,
2551 500 2801 556 habuisse
2840 493 3205 550 Desideratum
3240 501 3402 557 :quai

1828 581 1896 661 an
1918 581 2100 661 secum
2134 606 2385 670 pugnent,
2413 593 2578 665 aequis
2599 587 2890 645 lectoribus
2911 581 3255 655 iudicandum
3284 592 3405 647 per-

1830 698 2003 751 mitto.
2034 693 2194 749 Certe
2230 689 2330 745 etsi
2363 686 2519 756 panlo
2547 680 2773 749 amplius
2803 676 2990 731 fuisset
3018 673 3158 728 inter
3198 676 3402 724 utrum-

1829 803 1933 860 que
1955 783 2212 856 temporis
2233 777 2591 841 intervallum,
2617 788 2724 829 non
2754 780 2929 824 tamen
2951 761 3296 834 improbanda
3328 759 3410 813 lo-

1831 891 1914 935 ret
1945 850 2186 944 Gregorii
2218 871 2472 936 narratio,
2504 881 2624 923 cum
2655 860 2945 918 verisimile
2990 858 3059 911 sit
3088 863 3207 925 post
3232 850 3406 907 Salvii

1833 972 2035 1027 obitum
2061 967 2264 1037 aliquas
2292 962 2472 1017 turbas
2496 959 2566 1015 de
2593 950 2965 1013 substituendo
2989 949 3061 1003 illi
3097 955 3410 1001 successore

1833 1076 2049 1121 exortas
2080 1033 2245 1116 fuisse
2272 1075 2284 1112 :
2317 1070 2420 1127 qua
2451 1052 2737 1109 occasione
2766 1042 3010 1102 nonnulli
3051 1039 3231 1096 sedem
3266 1033 3415 1091 Albi-

1835 1170 2052 1228 gensem
2082 1169 2112 1208 a
2143 1126 2459 1206 Theotfrido
2506 1142 2691 1199 nescio
2734 1153 2839 1208 quo
2889 1139 3199 1202 occupatam
3250 1126 3415 1181 fuisse

1836 1249 2098 1307 scribunt.
2149 1246 2299 1300 Nulla
2344 1242 2522 1309 itaque
2550 1244 2635 1292 est
2679 1232 2815 1301 apud
2857 1224 3169 1297 Gregorium
3195 1261 3210 1288 ,
3253 1217 3412 1273 etiam

1838 1340 2074 1395 admisso
2104 1337 2241 1390 inter
2269 1332 2387 1402 ejus
2433 1342 2599 1396 opera
2649 1325 2857 1379 sincera
2889 1317 3062 1386 capite
3091 1316 3115 1368 l
3157 1310 3275 1366 libri
3306 1323 3378 1362 vn
3399 1349 3414 1374 ,

1840 1429 2214 1487 contradictio.
2270 1401 2379 1487 At,
2425 1418 2600 1490 inquit
2644 1417 2723 1469 vir
2749 1412 2978 1474 doctus,
3026 1401 3418 1471 interpolator,

1842 1522 2085 1594 quisquis
2108 1520 2198 1574 ille
2229 1516 2406 1582 fuerit,
2431 1512 2592 1567 multa
2621 1524 2685 1564 ex
2710 1505 2876 1577 gestis
2905 1499 3074 1556 sancti
3104 1495 3265 1552 Salvii
3292 1496 3419 1549 Am-

1842 1588 2118 1671 bianensis
2163 1605 2432 1678 episcopi,
2475 1598 2736 1672 Gregorio
2781 1594 2995 1666 quidem
3039 1588 3207 1644 multo
3244 1593 3422 1655 poste-

1768 1717 1814 1777 B
1841 1707 2020 1771 rioris,
2054 1704 2105 1758 in
2135 1700 2253 1772 ejus
2296 1696 2542 1752 Historia:
2572 1700 2774 1747 textum
2806 1682 3039 1742 intrusit.
3084 1681 3284 1737 Verum
3316 1684 3425 1732 tota

1843 1810 1962 1859 ruet
2008 1770 2097 1853 illa
2156 1770 2349 1851 Gointii
2410 1785 2682 1858 objectio,
2738 1783 2782 1837 si
2830 1779 2997 1836 Salvii
3047 1770 3427 1831 Ambianensis

1844 1899 1991 1965 gesta
2032 1904 2099 1944 ex
2147 1878 2390 1952 Gregorii
2418 1886 2567 1935 textu
2619 1885 2675 1929 ut
2720 1870 3008 1943 plurimum
3053 1862 3427 1921 consarcinata

1846 1952 1999 2050 csse,
2032 1994 2137 2035 non
2181 1990 2306 2043 vero
2344 1988 2410 2028 ex
2442 1970 2557 2026 istis
2583 1967 2748 2038 gestis
2789 1958 3048 2029 Gregorio
3090 1952 3291 2021 aliquid
3332 1964 3429 2004 su-

1848 2039 2180 2147 peradditum
2224 2040 2390 2121 fuisse
2424 2062 2889 2116 demonstremus:
2922 2047 3065 2119 quod
3087 2051 3236 2100 certe
3280 2039 3429 2094 haud

1848 2145 2134 2236 operosum
2184 2158 2372 2222 fuerit,
2425 2153 2563 2207 facta
2621 2150 2761 2203 inter
2807 2151 3093 2209 utrumque
3143 2145 3428 2202 compara-

1852 2260 2017 2315 tione.
2059 2249 2299 2322 Gregorii
2332 2243 2567 2301 narratio
2596 2238 2796 2294 nullam
2841 2243 3063 2303 prorsus
3094 2227 3148 2281 in
3177 2239 3235 2279 se
3262 2220 3435 2276 invol-

1854 2352 1937 2405 vit
1962 2313 2461 2403 contradictionem,
2491 2332 2622 2390 nihil
2646 2329 2806 2384 habet
2834 2321 2976 2395 quod
3000 2335 3030 2374 a
3059 2327 3195 2373 teste
3222 2313 3437 2369 oculato

1852 2453 1907 2499 et
1949 2440 2214 2510 scriptore
2257 2430 2451 2502 aequali
2477 2428 2579 2484 dici
2632 2438 2737 2479 non
2779 2416 3029 2490 putuerit.
3078 2409 3243 2466 Multa
3272 2420 3436 2462 econ-

1857 2531 2020 2589 trario
2058 2495 2464 2596 complectitur,
2509 2530 2665 2587 quze,
2708 2513 2824 2581 ipso
2853 2509 3048 2561 latente
3077 2499 3318 2562 Cointio,
3363 2495 3437 2549 ita

1857 2588 2035 2683 Salvio
2063 2588 2341 2688 Albigensi
2365 2608 2574 2682 propria
2608 2593 2735 2661 sunt
2765 2609 2823 2656 ut
2843 2596 2995 2653 alteri
3018 2592 3219 2655 Salvio,
3242 2588 3442 2656 absque

1857 2730 2043 2773 errore
2073 2685 2232 2767 tribui
2262 2721 2366 2762 non
2417 2700 2644 2771 possint.
2689 2695 2889 2750 Auctor
2921 2688 3011 2743 ille
3042 2685 3208 2740 Deum
3251 2689 3443 2734 testem

1858 2812 2088 2869 invocat,
2120 2818 2180 2859 se
2204 2814 2330 2855 vera
2356 2794 2624 2858 scribere,
2651 2800 2772 2858 quae
2800 2795 2991 2851 nempe
3019 2793 3050 2833 a
3078 2792 3138 2833 se
3168 2775 3281 2828 visa
3322 2772 3446 2826 fue-

1859 2862 2000 2967 rant,
2032 2862 2127 2952 aut
2150 2895 2217 2949 ab
2246 2894 2365 2962 ipso
2392 2886 2570 2943 Salvio
2600 2888 2820 2947 accepta
2841 2914 2860 2942 ,
2908 2870 3239 2944 proindeque
3270 2862 3448 2935 perju-

1861 3008 1955 3051 rus
1975 3001 2029 3047 et
2055 2983 2355 3061 gravissimi
2384 2978 2623 3036 criminis
2651 2987 2775 3029 rens
2803 2965 3013 3025 censeri
3039 2963 3218 3029 debet,
3243 2959 3289 3013 si
3316 2957 3451 3011 l‘alsa

2448 2980 2459 2992 0
2522 2980 2533 2991 ο
2580 2978 2591 2987 Ι

1787 3088 1833 3152 C
1864 3084 2082 3151 dixerit,
2108 3082 2250 3154 quod
2280 3091 2409 3132 sane
2440 3074 2641 3142 absque
2672 3063 2901 3120 maxima
2943 3068 2996 3115 et
3024 3053 3257 3113 evidenti
3284 3064 3445 3107 causa

1868 3180 1937 3235 de
1983 3146 2247 3246 quoquam
2294 3154 2578 3238 nequidem
2627 3158 2864 3229 cogitare
2914 3152 3063 3207 licet.
3116 3146 3285 3201 Immo
3336 3156 3455 3196 tunc

1868 3269 2047 3328 omnia
2074 3263 2435 3322 narrationem
2458 3262 2686 3326 arguunt
2710 3263 2887 3303 veram
2910 3254 2965 3300 et
2989 3244 3277 3298 sinceram.
3304 3233 3458 3289 Adde

1874 3363 2013 3432 quod
2041 3361 2114 3416 ibi
2144 3355 2386 3427 Gregorii
2428 3351 2615 3424 genius
2640 3353 2696 3400 et
2723 3342 2921 3413 stylns,
2953 3336 3174 3407 ejusque
3201 3327 3451 3400 loquendi

1873 3453 2017 3508 modi
2056 3423 2281 3521 genuini
2298 3423 2600 3499 occurrant.
2636 3428 2955 3489 Econtrario
2983 3440 3111 3483 vero
3150 3423 3309 3480 Gesta
3340 3433 3460 3490 quae

1876 3517 2459 3604 Salvii-Ambianensis
2509 3544 2700 3586 nomen
2760 3523 3083 3596 praeferunt,
3127 3517 3197 3573 ab
3244 3522 3464 3570 auctore

1876 3636 2245 3695 coiisarcinata
2292 3637 2420 3685 sunt
2456 3639 2635 3681 rerum
2677 3621 2899 3691 ignaro,
2952 3614 3043 3683 qui
3086 3611 3463 3680 episcoporum

1879 3728 2315 3787 Ambianensium
2347 3721 2542 3776 seriem
2572 3711 2870 3787 ignoravit,
2912 3717 3153 3774 tempora
3189 3696 3468 3771 perturba-

1882 3824 1987 3890 vit,
2032 3819 2161 3873 falsa
2188 3815 2405 3877 retulit,
2449 3786 2642 3876 resque
2670 3819 2697 3857 a
2730 3808 2915 3856 nostro
2956 3793 3137 3852 Salvio
3184 3786 3468 3857 Albigensi

1883 3910 2182 3969 certissime
2209 3917 2411 3976 gemas,
2445 3903 2559 3969 ipso
2590 3895 2858 3950 indicante
2881 3888 3115 3949 Cointio.
3160 3897 3260 3938 suo
3287 3878 3471 3936 Salvio

1889 4016 2093 4060 temere
2122 3996 2425 4065 adscripsit.
2456 3991 2572 4060 Ipse
2594 3989 2736 4044 enim
2777 3982 3014 4040 Salvium
3048 3978 3319 4031 Honorato
3344 3983 3469 4025 suc-

1887 4097 2116 4153 cessisse
2156 4090 2407 4161 scripsit:
2436 4086 2575 4142 inter
2618 4090 2905 4148 utrumque
2949 4084 3126 4129 tamen
3153 4072 3270 4140 ipse
3296 4066 3464 4123 Coin-

1890 4191 1994 4246 tius
2035 4197 2262 4259 quatuor
2305 4180 2586 4252 episcopos
2625 4171 2996 4230 intercessisse
3039 4167 3252 4222 l‘atetur.
3288 4163 3474 4218 Hono-

1890 4296 2063 4339 ratum
2116 4274 2454 4333 Theudorico
2523 4266 2825 4324 monarch-.1:
2884 4259 3245 4335 syncbronum
3305 4254 3473 4320 facit,

1893 4386 2075 4430 contra
2107 4369 2302 4424 Cointii
2333 4366 2497 4436 ipsius
2528 4361 2789 4417 calculum
2810 4399 2824 4423 ,
2875 4358 2963 4427 qui
3001 4367 3198 4408 annum
3229 4348 3334 4406 580
3363 4347 3474 4402 Hu-

1819 4466 1869 4523 D
1894 4466 2065 4521 norati
2097 4472 2395 4518 extremum
2445 4455 2610 4511 fuisse
2646 4448 2952 4513 contendit,
2998 4456 3052 4501 et
3077 4442 3477 4500 Theodoricnnt

1898 4575 2003 4615 non
2030 4556 2128 4611 nisi
2170 4564 2287 4625 post
2316 4565 2486 4605 annos
2509 4557 2722 4604 centum
2757 4539 3118 4598 monarcbiam
3148 4535 3480 4591 Francorum

1896 4653 2190 4709 obtinuisse
2233 4646 2447 4711 scribit,
2487 4642 2640 4712 cujus
2684 4639 2896 4694 decimo
2936 4633 3092 4689 tertio
3141 4629 3290 4698 regni
3332 4640 3476 4681 anno

1900 4748 2114 4804 Salvius
2184 4745 2236 4799 in
2314 4740 2563 4794 thronum
2625 4728 3069 4788 Ambianensium
3143 4717 3477 4776 conscendit.

1902 4839 2104 4896 Deinde
2143 4836 2281 4892 idem
2324 4841 2510 4886 auctor
2552 4837 2735 4882 narrat
2764 4819 3110 4878 Mummolum
3151 4813 3482 4873 Patricium,

1902 4943 2055 5001 capta
2100 4930 2317 4984 civitate
2344 4933 2399 4979 et
2423 4922 2613 4977 dirutis
2646 4930 2814 4972 muris
2839 4955 2854 4979 ,
2903 4911 3098 4965 multos
3134 4904 3373 4971 captivus
3426 4900 3480 4954 in

1907 5021 2218 5093 Hispaniam
2263 5012 2655 5073 transmisisse,
2687 5007 2776 5075 qui
2831 5002 3048 5061 Salvio,
3087 4993 3307 5064 iubente
3334 5003 3480 5058 rege,

1906 5082 2097 5170 redditi
2128 5109 2366 5163 luerunt.
2398 5107 2467 5158 At
2512 5101 2627 5155 haec
2653 5108 2712 5150 nt
2739 5097 2806 5149 de
2838 5090 3217 5148 Ambianorum
3243 5082 3483 5146 civitate,

1908 5215 1999 5262 aut
2029 5205 2095 5259 de
2116 5201 2295 5258 Salvio
2324 5197 2440 5266 ejus
2465 5194 2722 5263 episcopo
2746 5186 2850 5240 dici
2884 5180 3108 5250 possint,
3141 5183 3326 5230 vetant
3351 5182 3489 5227 tem-

1908 5311 2122 5369 porum,
2153 5302 2499 5362 personarum
2542 5291 2599 5337 et
2628 5282 2863 5334 locorum
2889 5268 3326 5328 circumstantiae.
3359 5266 3494 5333 Quae

1910 5357 2342 5454 omniavoptime
2387 5381 2693 5447 congruunt
2749 5371 2795 5425 si
2842 5367 2911 5422 de
2957 5362 3172 5418 civitate
3216 5357 3492 5427 Albigensi

1916 5482 2316 5552 intelligantur,
2355 5486 2516 5544 quam
2565 5472 2770 5522 certum
2801 5472 2915 5526 est,
2966 5464 3150 5514 sancto
3197 5453 3375 5509 Salvio
3418 5450 3498 5505 vi-

1915 5541 2127 5633 vente;
2167 5541 2450 5626 blnmmolo
2477 5565 2794 5628 occupatam
2837 5553 3030 5615 luisse,
3060 5556 3119 5601 ut
3148 5553 3266 5615 post
3296 5541 3498 5607 Grego-

1918 5670 2056 5729 rin'tn
2099 5673 2340 5724 nostrum
2365 5654 2577 5726 scripsit
2603 5650 2719 5723 ipse
2744 5645 3004 5705 Cointius.
3042 5636 3191 5695 Unde
3220 5632 3377 5699 lateri
3402 5644 3478 5686 uu-
