4024 6192
583 265 654 321 95
2028 254 2417 313 PBASFATIO.
3760 251 3841 307 95

578 381 742 450 gitur,
764 393 918 435 suum
946 379 1091 435 illum
1118 386 1386 435 auctorem
1424 375 1677 432 nonnulla
1705 390 1769 431 ex
1800 374 1963 447 gestis
1994 372 2157 430 Salvii
2185 375 2231 432 Α
2260 370 2360 426 bus
2382 411 2397 435 ,
2427 385 2564 441 quos
2587 378 2762 427 tamen
2793 370 2865 429 ob
2901 370 2956 427 id
2998 384 3095 428 nec
3136 369 3299 426 falsos
3339 383 3442 427 nec
3484 368 3833 439 interpolatos

581 472 884 541 Albigensis
927 473 978 525 in
1010 468 1382 526 Ambianensis
1426 478 1543 524 acta
1576 467 1928 524 transtulisse.
1957 465 2013 522 Si
2055 466 2154 521 ita-

579 577 686 631 que
710 562 871 617 Salvii
909 560 1279 617 Ambianensis
1317 559 1453 615 Vitae
1480 562 1743 628 scriptor,
1774 560 1968 617 fatente
1995 559 2155 615 Coin-

586 657 662 710 tio
682 701 696 721 ,
740 655 989 709 nonnulla
1021 671 1085 711 ex
1112 656 1278 725 gestis
1305 654 1471 710 Salvii
1511 654 1812 725 Albigensis
1850 670 1948 709 suo
1973 653 2153 710 Salvio

584 746 834 800 tribuis~e
857 746 1216 811 convincitur,
1239 757 1331 801 aut
1357 747 1512 801 mala:
1537 748 1658 803 ﬁdei
1689 763 1833 813 reus,
1864 758 1956 801 aut
1979 756 2148 813 certe,

578 838 720 905 quod
760 837 1029 891 lubentius
1058 838 1402 903 crediderim,
1436 840 1596 894 homo
1628 842 1842 910 ignarus
1872 840 2031 895 fuerit
2060 854 2151 895 ue-

578 941 729 982 cesse
767 938 880 995 est;
927 931 1095 998 utqui
1142 945 1324 1001 regum
1352 932 1831 1000 episcoporumque
1872 933 2042 987 series
2088 947 2152 987 ac

577 1025 817 1088 tempora
850 1021 1269 1088 perturbaverit,
1318 1022 1559 1078 civitates
1596 1038 1661 1077 ex
1704 1039 1805 1076 una
1838 1024 1889 1078 in
1933 1025 2150 1078 alteram

578 1110 902 1177 provinciam
956 1111 1337 1175 transtulerit,
1373 1112 1604 1183 denique
1653 1113 1828 1167 omnia
1887 1114 2152 1182 susdeque

583 1204 832 1269 verterit,
880 1212 939 1256 ut
980 1206 1138 1256 vitam
1171 1205 1252 1257 sui
1293 1206 1454 1260 Salvil
1486 1206 1788 1263 fabricaret.
1828 1206 1943 1263 Jam
1986 1217 2152 1264 testes

579 1291 792 1361 appello
830 1302 1093 1364 quotquot
1125 1296 1264 1350 hunc
1294 1296 1465 1351 locum
1511 1297 1756 1367 legerint,
1799 1312 1864 1351 an
1897 1299 2018 1353 talis
2058 1315 2153 1353 au-

577 1392 694 1437 ctor
723 1384 962 1452 prmferri
993 1385 1186 1441 debeat
1212 1388 1459 1458 scriptori
1501 1390 1691 1456 capitis
1717 1389 1742 1442 1
1774 1391 1894 1445 libri
1923 1406 1993 1445 vtt
2022 1390 2154 1446 Gre-

577 1477 813 1546 gorianm
861 1477 1135 1542 Historiae,
1180 1482 1268 1549 qui
1315 1481 1480 1536 Salvii
1512 1483 1814 1553 Albigensis
1846 1499 1930 1539 res
1976 1494 2154 1552 gestas

578 1564 737 1620 modo
757 1566 1236 1636 irreprchensibili,
1266 1575 1490 1627 servatis
1514 1573 1749 1627 historia:
1775 1569 2004 1643 legibus,
2033 1589 2156 1629 cott-

577 1655 811 1724 scripsit.
840 1658 912 1712 De
940 1659 1144 1716 visione
1165 1661 1342 1716 Salvio
1363 1671 1598 1730 ostensa,
1624 1681 1742 1734 qua:
1770 1665 1993 1720 fortasse
2021 1682 2152 1719 non-

2261 465 2399 519 ullus
2439 465 2696 521 hactenus
2739 465 2965 520 habuit:
3005 465 3145 536 quod
3191 466 3461 521 sexcentis
3505 467 3771 538 exemplis
3796 481 3832 523 ι

2256 554 2467 612 Cointio
2495 557 2612 627 ipso
2637 558 2809 612 allatis
2838 557 2992 613 facile
3014 571 3158 614 esset
3179 559 3574 615 demonstrare.

2332 651 2452 704 120.
2493 650 2610 705 Jam
2661 660 2870 720 tempus
2912 660 2998 706 est
3036 661 3095 706 ut
3137 651 3296 707 ﬁnem
3336 652 3676 721 imponamus
3706 653 3829 709 huic

2258 739 2614 806 discussioni,
2639 756 2795 810 quam
2820 745 3057 798 nonnulli
3087 745 3311 799 fortasse
3337 745 3680 814 prolixiorem
3712 759 3830 801 esse

2257 844 2677 901 conquerentur.
2703 832 2773 887 At
2799 834 3159 889 necessarium
3191 833 3287 887 fuit
3317 832 3457 889 hanc
3484 833 3643 903 paulo
3672 848 3829 887 accu-

2258 924 2421 980 ratius
2451 928 2731 997 prosequi,
2774 928 2826 982 in
2865 943 2969 997 qua
3008 927 3261 998 agebatur
3296 928 3365 983 de
3399 928 3691 999 rejicienda
3740 936 3828 982 aut

2257 1018 2560 1088 recipienda
2603 1021 2773 1075 unica:
2817 1031 3017 1075 nostra:
3058 1022 3233 1092 gentis
3273 1022 3522 1077 Historiae
3553 1038 3659 1076 non
3696 1037 3827 1077 con-

2258 1111 2541 1167 temnenda
2583 1121 2761 1180 parte,
2792 1127 2952 1183 quam
2999 1111 3258 1182 Gregorio
3293 1113 3704 1183 abjudicandam
3749 1113 3829 1167 vir

2256 1205 2398 1261 inter
2425 1206 2662 1261 eruditos
2693 1207 3031 1262 clarissimus
3056 1208 3342 1273 censebat,
3370 1224 3469 1264 nos
3494 1224 3625 1263 vero
3650 1210 3827 1265 since-

2257 1313 2375 1353 rum
2406 1298 2576 1367 ipsius
2603 1314 2724 1355 esse
2753 1300 2917 1355 fetum
2948 1315 3371 1371 propugnamus:
3396 1300 3534 1368 quod
3558 1316 3587 1353 a
3614 1316 3701 1355 nte
3724 1317 3827 1355 non

2256 1386 2583 1457 disceptandi
2598 1389 2776 1445 animo
2786 1398 3090 1460 susceptum
3104 1405 3227 1447 esse
3244 1392 3487 1446 omnibus
3510 1406 3827 1461 persuasum

2257 1498 2378 1539 esse
2400 1486 2555 1538 velim
2572 1525 2589 1551 ,
2624 1499 2727 1539 non
2755 1486 2898 1556 quod
2926 1485 3055 1540 mihi
3081 1484 3277 1555 aliquid
3300 1486 3531 1554 superbe
3552 1501 3822 1555 arrogem,

2258 1575 2345 1643 qui
2389 1590 2507 1629 cum
2546 1584 2693 1630 tanto
2719 1576 2834 1630 viro
2863 1576 3136 1645 disputare
3162 1577 3416 1632 voluerim
3436 1618 3450 1641 ,
3496 1577 3590 1630 sed
3631 1577 3682 1630 id
3715 1577 3825 1631 fac-

2260 1674 2371 1718 tum
2399 1666 2568 1721 solius
2594 1668 2836 1722 veritatis
2862 1669 3040 1723 studio
3065 1676 3119 1724 et
3142 1682 3353 1735 amore,
3377 1667 3444 1722 ad
3471 1673 3820 1722 asserenttam

577 1747 736 1801 nullis
764 1749 1065 1817 displicebit
1085 1792 1103 1819 ,
1150 1753 1279 1807 nihil
1324 1753 1586 1819 diximus,
1617 1757 1759 1825 quod
1798 1772 1917 1811 eam
1964 1771 2150 1811 revera
2185 1760 2230 1820 Β
2257 1770 2311 1816 et
2336 1762 2772 1831 propugttandam
2797 1763 2918 1832 ejus
2941 1762 3174 1818 auctoris
3195 1776 3416 1831 operum
3442 1759 3825 1829 integritatem,

577 1841 897 1911 contigisse,
930 1842 1111 1899 Salvio
1153 1846 1499 1902 Ambianensi
1527 1864 1593 1903 an
1636 1851 1930 1919 Albigensi,
1965 1866 2149 1920 parum

578 1931 774 1999 refert,
822 1931 1066 1990 Gointius
1095 1936 1391 1993 admiserit.
1428 1938 1585 1996 Tales
1612 1951 1823 2009 autem,
1871 1958 2002 2012 quas
2050 1944 2149 1999 lio-

578 2020 749 2075 mines
790 2024 961 2077 sancti
1006 2026 1121 2082 sive
1149 2026 1288 2082 intra
1328 2043 1555 2099 corpus,
1608 2033 1722 2090 sive
1765 2042 1917 2089 extra
1957 2049 2153 2105 corpus

577 2112 871 2180 constituti,
899 2125 958 2169 tit
985 2117 1219 2186 loquitur
1248 2118 1316 2174 de
1354 2135 1413 2176 se
1459 2125 1780 2193 Apostolus,
1814 2125 2150 2195 habuerunt,

578 2209 774 2271 passim
808 2210 919 2264 suis
949 2214 1280 2281 temporibus
1323 2217 1611 2287 contigisse
1642 2232 1941 2277 memorant
1984 2233 2153 2281 testes

578 2300 720 2351 omni
760 2304 1080 2370 exceptione
1124 2305 1400 2374 majores:
1436 2311 1761 2378 Augustinus
1806 2315 1858 2368 in
1906 2316 2041 2372 libro
2085 2321 2154 2376 de

588 2387 727 2442 Cura
760 2405 855 2458 pro
884 2399 1129 2461 mortuis,
1159 2397 1442 2468 Gregorius
1472 2401 1719 2472 Magnus,
1754 2407 1996 2479 Scriptor
2037 2428 2153 2482 pas-

580 2482 745 2536 sionis
785 2484 885 2539 SS.
937 2485 1215 2556 Perpetua:
1261 2500 1319 2545 et
1348 2493 1677 2565 Felicitatis,
1724 2510 1777 2555 et
1821 2502 1909 2555 alii
1956 2508 2153 2574 passim

581 2577 752 2641 magni
786 2578 1015 2632 nominis
1043 2592 1311 2638 auctores.

657 2667 779 2721 H9.
820 2669 1082 2739 Superest
1122 2684 1178 2728 ut
1215 2675 1409 2746 aliquid
1441 2679 1507 2734 de
1533 2680 1877 2751 Gregoriauze
1906 2686 2154 2748 Historias

583 2758 791 2828 epilogo
817 2761 1086 2831 dicamus,
1118 2782 1275 2833 quem
1306 2770 1493 2837 partim
1528 2771 1705 2843 rejicit
1733 2777 1971 2835 Cointius
1991 2822 2005 2847 ,
2033 2797 2157 2852 par-

583 2856 673 2910 tim
706 2874 804 2928 pro
834 2861 986 2916 libito
1018 2867 1270 2922 admittit.
1302 2868 1451 2924 lllum
1499 2888 1691 2944 nempe
1737 2884 1845 2931 tres
1886 2874 1937 2930 in
1966 2887 2157 2945 partes

589 2962 738 3005 secat
763 2969 774 3003 :
802 2955 1026 3024 primani
1055 2957 1138 3012 his
1160 2961 1335 3016 verbis
1354 2962 1564 3019 inlibata
1588 2977 1914 3036 permaneant
1942 2969 2157 3024 conclu-

580 3040 686 3106 dit,
711 3059 868 3114 qttatn
889 3087 905 3113 ,
928 3050 1065 3117 quod
1098 3050 1149 3105 in
1174 3053 1358 3109 codice
1387 3058 1556 3110 sancti
1582 3058 1850 3114 Michaelis
1874 3060 2151 3129 habeatur,

2253 1865 2409 1921 quem
2433 1852 2818 1906 restituendum
2841 1861 2895 1907 et
2917 1850 3289 1906 illustrandum
3311 1863 3681 1917 susceperam.
3700 1849 3829 1917 Quae

2255 1957 2341 1998 res
2368 1943 2531 1997 etiam
2555 1940 2655 2011 ipsi
2678 1939 2920 2008 Cointio,
2948 1940 3102 2011 cujus
3126 1939 3438 2027 memoriam
3467 1939 3714 2005 impense
3740 1951 3831 1993 ve-

2254 2049 2434 2098 neror,
2478 2044 2537 2088 ut
2578 2043 2701 2102 pote
2739 2035 2950 2088 sincero
2992 2031 3229 2086 veritatis
3260 2029 3519 2094 amatori,
3562 2028 3704 2082 haud
3745 2028 3829 2083 in-

2252 2135 2399 2197 grata
2429 2125 2645 2185 fuisset.
2681 2140 2805 2181 cum
2840 2126 2895 2180 in
2942 2126 3097 2180 istam
3135 2123 3440 2194 opinionem
3473 2123 3544 2177 ob
3578 2122 3825 2177 codicum

2254 2217 2759 2286 manuscriptorum,
2782 2233 2915 2283 quos
2935 2217 3142 2272 nonnisi
3168 2230 3385 2270 mancos
3404 2222 3459 2270 et
3479 2214 3828 2285 imperfectos

2255 2310 2473 2377 habuit,
2515 2312 2883 2364 auctoritatem
2928 2308 3148 2374 abierit,
3200 2306 3359 2361 facile
3397 2306 3450 2361 in
3492 2306 3826 2361 contrariam

2255 2415 2614 2457 concessurus
2643 2401 2961 2455 sententiam
2984 2441 2999 2465 ,
3028 2400 3073 2453 si
3103 2397 3329 2452 aliorum
3352 2395 3619 2463 codicum,
3653 2406 3708 2452 et
3734 2412 3829 2450 nu-

2257 2510 2427 2559 mero,
2445 2504 2500 2549 et
2519 2494 2838 2564 integritate,
2857 2501 2912 2549 et
2930 2494 3245 2549 auctoritate
3266 2493 3434 2564 magis
3456 2493 3827 2563 praestantium

2257 2587 2309 2641 in
2336 2586 2760 2656 recognoscenda
2777 2587 3105 2656 Gregoriaua
3127 2586 3343 2640 historia
3373 2585 3586 2656 adjutus
3618 2584 3830 2641 fuisset.

2326 2678 2413 2733 IV.
2436 2707 2506 2720 —
2533 2678 2653 2732 121.
2684 2680 2798 2733 Jam
2830 2681 3006 2749 itaque
3034 2679 3361 2749 praelationis
3390 2689 3587 2734 nostra:
3618 2679 3829 2736 tertiam

2259 2785 2464 2842 partem
2491 2772 2795 2843 attigimus,
2831 2773 2882 2826 in
2910 2788 3011 2842 qua
3042 2773 3177 2827 ratio
3208 2771 3479 2827 reddenda
3502 2781 3585 2827 est
3608 2786 3828 2835 eorum,

2256 2878 2376 2933 qua:
2405 2862 2458 2917 iu
2490 2862 2589 2917 hac
2618 2878 2750 2916 nova
2777 2861 3225 2934 Gregorianorum
3266 2878 3487 2932 operum
3528 2863 3766 2917 editione
3794 2878 3827 2917 a

2258 2957 2410 3012 nobis
2438 2958 2675 3026 praestita
2704 2966 2846 3011 sunt.
2883 2956 3126 3027 Gregorii
3164 2971 3325 3025 Opera
3372 2972 3466 3026 per
3496 2962 3677 3025 partes
3721 2955 3831 3011 disc

2258 3048 2393 3102 cissa
2421 3089 2437 3113 ,
2481 3057 2536 3104 et
2574 3063 2695 3103 cum
2740 3047 2905 3104 variis
2944 3050 3211 3103 variorum
3258 3060 3533 3102 auctorum
3565 3048 3825 3117 operibus

582 3135 845 3203 admittit,
876 3141 1018 3195 sicut
1043 3151 1096 3196 et
1125 3146 1447 3214 secundam,
1484 3147 1606 3204 licet
1633 3153 1687 3207 in
1717 3151 2032 3208 Michaelino
2057 3127 2151 3209 co;
2178 3127 2226 3191 δ
2259 3141 2510 3212 (“Nmisul
2539 3142 2591 3195 3"
2622 3156 2783 3196 unum
2813 3140 3061 3197 νοιυιυθη
3089 3141 3421 3210 collesimus-
3473 3139 3550 3196 Ea
3594 3154 3727 3194 νθτο
3762 3155 3830 3196 ει

582 3224 702 3280 dice
731 3228 1089 3300 desideretur,
1123 3237 1296 3305 quod,
1327 3240 1534 3309 inquit,
1568 3243 1856 3314 Gregorius
1886 3248 1939 3301 in
1973 3248 2151 3302 Histo-

586 3321 683 3374 ria:
714 3324 935 3393 prologo
962 3341 1123 3397 opera
1147 3346 1241 3385 sua
1265 3346 1424 3388 versu
1449 3334 1677 3391 describi
1709 3342 2041 3410 permiserit,
2074 3339 2154 3393 ni-

585 3410 763 3483 hilque
788 3417 929 3472 aliud
959 3418 1215 3476 habeatur
1238 3424 1287 3476 itt
1314 3425 1412 3479 ista
1438 3427 1633 3499 epilogi
1662 3440 1831 3497 parte,
1856 3446 2011 3497 quam
2035 3448 2154 3503 quae

582 3520 652 3559 ex
687 3509 909 3578 prologo
950 3513 1063 3567 fieri
1108 3526 1416 3584 potuerunt.
1461 3518 1530 3574 At
1570 3523 1779 3576 tertiam
1821 3534 2025 3590 partem
2068 3525 2155 3580 ubi

584 3601 745 3653 varia:
776 3602 1040 3659 habentur
1068 3612 1492 3676 computationes
1512 3653 1527 3678 ,
1558 3612 1716 3683 plane
1745 3615 1945 3684 respuit
1970 3659 1983 3681 ,
2016 3618 2156 3686 quod

584 3706 691 3746 non
722 3694 885 3761 satis,
919 3707 975 3751 ut
1005 3699 1081 3754 illi
1115 3702 1344 3768 videtur,
1390 3717 1640 3774 computo
1674 3707 2002 3778 Gregoriano
2030 3725 2158 3765 con-

584 3787 789 3842 cordet.
822 3788 933 3857 Qua
959 3790 1011 3844 in
1037 3809 1094 3846 re
1120 3808 1218 3849 nec
1240 3796 1480 3851 codicum
1510 3814 1637 3852 mss.
1668 3801 2035 3855 auctoritatem
2065 3816 2157 3855 cu-

585 3888 701 3945 rat,
736 3882 787 3936 in
820 3884 1009 3953 quibus
1038 3887 1241 3942 eaedem
1274 3889 1404 3957 ipsae
1439 3893 1864 3961 computationes
1897 3892 2159 3948 habentur

590 3973 655 4027 ad
690 3976 888 4030 calcem
918 3978 1036 4033 libri
1069 3995 1144 4044 tv,
1173 3981 1330 4035 etiam
1364 3981 1416 4036 in
1448 3982 1631 4039 codice
1659 3983 1969 4040 Corbeiensi
2002 4002 2014 4037 :
2062 4001 2160 4040 nec

585 4067 877 4124 audiendos
904 4085 1024 4126 esse
1048 4084 1229 4128 censet
1258 4090 1350 4129 eos
1370 4116 1384 4140 ,
1412 4076 1502 4146 qui
1534 4078 1700 4131 nostri
1728 4075 1966 4146 Gregorii
1995 4076 2158 4131 vitam

588 4174 653 4213 ex
682 4160 797 4227 ejus
823 4163 1033 4234 scriptis
1060 4167 1419 4233 collegerunt,
1450 4167 1671 4236 quibus,
1699 4167 1895 4222 fatente
1921 4168 2158 4236 Cointio,

590 4251 751 4305 etiam
793 4253 907 4308 haec
948 4256 1104 4310 tertia
1154 4256 1341 4326 epilogi
1390 4272 1510 4324 pars
1553 4268 1675 4311 nota
1717 4260 1831 4312 fuit.
1864 4257 2065 4325 Nempe
2106 4268 2163 4311 ut

592 4339 707 4395 haec
759 4345 937 4398 omnia
986 4344 1229 4411 refellat,
1282 4349 1494 4401 unicum
1536 4347 1587 4402 ei
1634 4347 1832 4402 sufficit
1876 4363 2163 4417 argumen-

592 4439 735 4494 tum,
760 4434 1217 4502 computationum
1242 4450 1431 4504 nempe
1455 4438 1673 4491 istarum
1696 4438 1994 4504 discordia;
2020 4439 2159 4508 quod

2257 3238 2475 3293 inﬁnitis
2504 3236 2885 3308 propemodum
2926 3235 3164 3302 mendis,
3204 3250 3321 3305 qua:
3360 3234 3445 3287 vel
3483 3249 3548 3287 ex
3578 3235 3832 3287 codicum

2257 3340 2351 3386 aut
2385 3331 2677 3386 editionum
2706 3330 2871 3397 vitio,
2900 3329 2985 3384 vel
3017 3344 3084 3383 ex
3120 3328 3355 3398 qualibet
3381 3328 3483 3381 alia
3512 3340 3673 3381 causa
3708 3340 3833 3395 pas-

2257 3425 2358 3478 sim
2389 3424 2441 3477 in
2472 3433 2671 3478 textum
2704 3414 3054 3490 irrepserant,
3093 3436 3394 3490 expurgare
3424 3418 3670 3473 codicum
3715 3433 3831 3472 ma-

2259 3515 2653 3583 nuscriptorum
2681 3527 2784 3582 ope
2826 3516 3002 3565 conati
3043 3525 3259 3576 sumus,
3296 3521 3351 3565 et
3387 3510 3590 3579 reipsa,
3627 3506 3707 3561 uti
3730 3506 3833 3588 Ἰθ-

2258 3606 2506 3676 gentibus
2551 3605 2781 3675 patebit,
2827 3604 3109 3671 plurimum
3152 3602 3583 3670 expurgavimus.
3619 3599 3828 3655 Deinde

2259 3698 2512 3753 nonnulla
2536 3699 2602 3752 de
2629 3713 2766 3765 novo
2795 3696 3118 3761 addidimus,
3141 3706 3195 3750 et
3223 3696 3425 3764 aliquot
3451 3693 3680 3764 capitula
3711 3708 3835 3762 quae

2260 3792 2312 3845 in
2352 3789 2618 3861 prioribus
2653 3788 2810 3844 editis
2845 3787 3212 3842 indicabantur
3245 3787 3494 3856 quidem,
3522 3787 3615 3840 sed
3652 3793 3831 3839 tamen

2260 3882 2488 3936 inveniri
2545 3880 2779 3935 nondum
2835 3888 3158 3948 potuerant,
3208 3893 3275 3933 ex
3325 3877 3429 3931 ﬁde
3480 3877 3832 3944 quorumdam

2260 3974 2649 4041 exemplarium
2680 3968 3064 4040 supplevimus.
3090 3968 3171 4023 Ad
3202 3968 3318 4022 haec
3340 3968 3683 4035 Gregorianae
3706 3966 3832 4021 llis-

2264 4070 2414 4125 toria:
2456 4069 2848 4138 integritatem,
2899 4080 3001 4134 qua
3051 4080 3186 4135 pene
3222 4064 3295 4119 ob
3330 4064 3537 4134 aliquot
3583 4064 3828 4118 codicum

2261 4162 2499 4215 defletus
2547 4161 2683 4227 apud
2728 4159 3014 4213 nonnullos
3059 4158 3299 4211 eruditos
3336 4155 3481 4211 viros
3522 4155 3833 4222 exciderat,

2262 4254 2502 4309 codicum
2556 4254 2788 4307 melioris
2846 4263 3030 4320 notae,
3085 4263 3142 4307 et
3192 4250 3409 4305 minime
3463 4259 3835 4317 suspectorum

2265 4346 2617 4410 auctoritate,
2657 4346 2883 4413 aliisque
2921 4344 3249 4414 argumentis
3296 4345 3639 4397 asseruimus.
3688 4342 3833 4396 Prw-

2267 4447 2411 4492 terea
2443 4446 2596 4490 notas
2627 4436 2943 4504 marginales
2985 4434 3311 4500 addidimus,
3351 4448 3471 4500 quae
3512 4432 3687 4488 varias
3726 4433 3836 4487 lec-

585 4531 760 4576 tamen
792 4524 961 4593 solum
991 4524 1263 4581 sufﬁciens
1294 4541 1412 4581 esse
1442 4543 1599 4582 nemo
1629 4528 1825 4583 dixerit
1848 4528 1913 4581 ad
1944 4531 2161 4583 elevanJ
2188 4497 2237 4556 θ
2267 4528 2439 4582 tiones
2488 4528 2968 4596 manuscriptorum
3023 4525 3297 4587 codicum,
3344 4535 3437 4579 aut
3487 4534 3726 4580 veterum
3782 4534 3837 4579 et

583 4617 706 4669 dam
736 4618 960 4687 alicujus
985 4621 1165 4688 operis
1191 4622 1593 4687 auctoritatem,
1639 4622 1818 4677 multis
1858 4624 2072 4679 aliunde
2103 4634 2157 4679 et

585 4715 973 4780 propemodum
1021 4716 1184 4768 certis
1228 4716 1524 4771 rationibus
1570 4716 1792 4771 suffulti.
1844 4716 1968 4784 Quis
2012 4716 2155 4772 enim

587 4808 794 4861 nesciat
819 4807 870 4862 in
902 4808 1162 4877 ejusmodi
1192 4810 1678 4879 contputationibus
1703 4826 1808 4865 non
1842 4811 2015 4865 solum
2047 4811 2156 4879 ple-

584 4913 783 4967 rosque
826 4900 991 4953 medii
1037 4900 1133 4953 aevi
1173 4909 1422 4955 auctores
1464 4917 1494 4955 a
1539 4917 1666 4955 vero
1703 4903 2016 4969 aberrasse,
2060 4902 2153 4956 sed

583 4992 745 5047 etiam
779 4992 989 5046 illorum
1021 4993 1297 5048 erroribus
1323 4994 1456 5047 alios
1486 5008 1701 5049 errores
1724 4995 1790 5048 ab
1816 4994 2160 5048 amanuensi-

586 5083 685 5137 bus
725 5084 890 5142 fuisse
925 5094 986 5141 ut
1026 5085 1312 5157 plurimum
1360 5087 1771 5157 superadditos,
1816 5089 1900 5142 vel
1950 5088 2160 5157 propria

587 5189 773 5229 eorum
806 5177 1011 5233 incuria
1031 5222 1045 5242 ,
1077 5179 1161 5234 vel
1192 5179 1335 5250 quod
1366 5180 1591 5234 nimium
1620 5181 1723 5236 sibi
1763 5181 1892 5250 ipsis
1938 5180 2163 5236 ﬁdentes

589 5274 828 5320 veterum
866 5283 1114 5339 computa
1156 5271 1446 5327 emendare
1480 5272 1792 5326 voluerint?
1826 5272 1959 5326 Hinc
1986 5274 2035 5325 in
2065 5288 2163 5327 ex-

596 5353 842 5411 ltibendis
885 5361 1149 5429 ejusmodi
1198 5365 1436 5419 numeris
1487 5373 1567 5419 tot
1607 5373 1732 5420 sunt
1769 5363 1880 5419 fere
1910 5364 2165 5418 lectiones

2264 4634 2519 4676 novarum
2550 4621 2841 4674 editionum
2881 4617 3165 4681 exhibent,
3206 4626 3446 4685 tempora
3488 4630 3666 4669 rerum
3706 4628 3837 4685 ges-

2265 4723 2438 4768 tarum
2471 4713 2747 4779 indicant,
2776 4728 2863 4766 res
2902 4711 3044 4780 ipsas
3086 4711 3386 4773 illustrant,
3424 4709 3660 4763 locorum
3701 4708 3840 4763 situs

2262 4808 2610 4874 describunt,
2666 4820 3113 4876 personarumque
3160 4804 3399 4859 notitiam
3448 4801 3841 4872 suppeditant,

2263 4897 2489 4952 laudatis
2514 4897 2671 4950 etiam
2693 4938 2708 4962 ,
2738 4905 2827 4948 aut
2851 4894 3093 4948 adductis
3112 4937 3126 4960 ,
3149 4909 3269 4947 cum
3299 4907 3436 4962 opus
3462 4901 3576 4956 est,
3604 4891 3843 4945 aliorum

2264 4998 2541 5045 auctorum
2573 4989 2722 5043 locis.
2755 4988 2895 5055 Quin
2930 4998 2984 5042 et
3021 5002 3089 5042 ne
3124 4999 3368 5041 notarum
3410 4984 3677 5055 ejusmodi
3717 5000 3841 5053 pro-

2268 5083 2473 5138 lixitate
2515 5093 2605 5136 aut
2648 5081 2985 5135 multitudine
3020 5082 3336 5149 quandoque
3369 5080 3626 5141 obrutus,
3672 5086 3732 5132 ut
3768 5079 3842 5131 ita

2270 5176 2480 5243 loquar,
2538 5185 2713 5229 textus
2766 5174 3029 5237 videatur,
3073 5186 3227 5226 n0tas
3265 5173 3467 5240 aliquot
3503 5171 3733 5226 fusiores
3774 5171 3845 5226 ad

2267 5272 2467 5326 calcem
2498 5268 2787 5322 voluminis
2812 5268 2843 5300 ³*
2871 5265 3205 5331 addidimus,
3237 5265 3300 5318 ad
3331 5280 3464 5334 quas
3502 5279 3566 5319 ea
3603 5278 3727 5333 qua:
3755 5263 3846 5317 fu-

2271 5364 2473 5418 siorem
2514 5361 2800 5431 exigebant
2837 5358 3358 5413 animadversionem
3405 5356 3753 5411 remisimus:
3793 5358 3847 5411 in

594 5447 789 5513 variae,
819 5461 947 5519 quot
975 5465 1099 5507 sunt
1127 5458 1371 5523 codices,
1401 5457 1560 5525 idque
1591 5473 1693 5511 non
1725 5456 1779 5511 in
1814 5454 2059 5526 Gregorii
2084 5470 2168 5509 so-
2271 5456 2468 5525 quibus
2493 5454 2653 5508 etiam
2685 5451 2825 5507 nclis
2855 5450 3176 5504 inseruimus
3216 5448 3471 5504 nonnulla
3510 5448 3847 5518 antiquitatis

592 5540 701 5595 lum
730 5545 1009 5612 operibus,
1038 5549 1131 5602 sed
1158 5558 1212 5603 et
1238 5550 1292 5605 in
1334 5551 1454 5605 aliis
1495 5553 1708 5622 optima;
1750 5562 1891 5604 nota:
1929 5549 2164 5605 auctori-

2272 5552 2614 5601 monumenta
2643 5583 2658 5611 ,
2705 5543 2914 5613 aliaque
2951 5542 3231 5600 retulimus
3269 5556 3387 5613 qua:
3428 5540 3587 5597 nobis
3628 5542 3847 5601 excide.

662 5724 694 5760 '
723 5722 829 5781 Nos
856 5721 1079 5780 fusiores
1106 5724 1266 5788 etiam
1301 5734 1455 5782 notas
1487 5726 1652 5783 textui
1683 5724 1949 5789 subjicere
1979 5723 2280 5780 maluimus.
2312 5721 2463 5777 Eutr.
