  <div class='ocr_page' id='page_1' title='image "/cluster/home/n/w/nwhite01/storage/ocr_20150623/71/uva.x000827083/056.png"; bbox 0 0 4024 6192; ppageno 0'>
   <div class='ocr_carea' id='block_1_1' title="bbox 171 193 3426 268">
    <p class='ocr_par' dir='ltr' id='par_1_1' title="bbox 171 193 3426 268">
     <span class='ocr_line' id='line_1_1' title="bbox 171 193 3426 268; baseline 0.002 -13"><span class='ocrx_word' id='word_1_1' title='bbox 171 193 222 245; x_wconf 70' lang='grc' dir='ltr'><em>Ἦ</em></span> <span class='ocrx_word' id='word_1_2' title='bbox 1637 203 1722 257; x_wconf 77' lang='lat' dir='ltr'><strong>PR</strong></span> <span class='ocrx_word' id='word_1_3' title='bbox 1735 201 2016 258; x_wconf 63' lang='lat' dir='ltr'><strong>rEFATlO.</strong></span> <span class='ocrx_word' id='word_1_4' title='bbox 3356 211 3426 268; x_wconf 83' lang='lat'><strong>98</strong></span> 
     </span>
    </p>
   </div>
   <div class='ocr_carea' id='block_1_2' title="bbox 174 310 3426 392">
    <p class='ocr_par' dir='ltr' id='par_1_2' title="bbox 174 310 3426 392">
     <span class='ocr_line' id='line_1_2' title="bbox 174 310 3426 392; baseline 0.004 -27"><span class='ocrx_word' id='word_1_5' title='bbox 174 318 316 378; x_wconf 81' lang='lat' dir='ltr'><strong>rant,</strong></span> <span class='ocrx_word' id='word_1_6' title='bbox 340 320 432 364; x_wconf 79' lang='lat' dir='ltr'><strong>aut</strong></span> <span class='ocrx_word' id='word_1_7' title='bbox 457 324 587 379; x_wconf 65' lang='lat' dir='ltr'><strong>quae</strong></span> <span class='ocrx_word' id='word_1_8' title='bbox 617 310 734 379; x_wconf 85' lang='lat' dir='ltr'><strong>jam</strong></span> <span class='ocrx_word' id='word_1_9' title='bbox 776 312 1014 382; x_wconf 68' lang='lat' dir='ltr'><strong>incmpta</strong></span> <span class='ocrx_word' id='word_1_10' title='bbox 1043 313 1141 367; x_wconf 88' lang='lat' dir='ltr'><strong>hac</strong></span> <span class='ocrx_word' id='word_1_11' title='bbox 1169 313 1400 368; x_wconf 81' lang='lat' dir='ltr'><strong>editione</strong></span> <span class='ocrx_word' id='word_1_12' title='bbox 1424 315 1749 383; x_wconf 86' lang='lat' dir='ltr'><strong>accepimus,</strong></span> <span class='ocrx_word' id='word_1_13' title='bbox 1783 317 1831 375; x_wconf 82' lang='lat' dir='ltr'><strong>A</strong></span> <span class='ocrx_word' id='word_1_14' title='bbox 1859 317 2062 370; x_wconf 91' lang='lat' dir='ltr'><strong>tionum</strong></span> <span class='ocrx_word' id='word_1_15' title='bbox 2090 315 2248 385; x_wconf 97' lang='lat' dir='ltr'><strong>capiti</strong></span> <span class='ocrx_word' id='word_1_16' title='bbox 2274 317 2343 370; x_wconf 67' lang='lat'><strong>25</strong></span> <span class='ocrx_word' id='word_1_17' title='bbox 2373 317 2682 387; x_wconf 70' lang='lat' dir='ltr'><strong>respondet.</strong></span> <span class='ocrx_word' id='word_1_18' title='bbox 2713 319 2861 376; x_wconf 86' lang='lat' dir='ltr'><strong>Alter</strong></span> <span class='ocrx_word' id='word_1_19' title='bbox 2884 320 3054 376; x_wconf 84' lang='lat' dir='ltr'><strong>codex</strong></span> <span class='ocrx_word' id='word_1_20' title='bbox 3083 323 3172 391; x_wconf 89' lang='lat' dir='ltr'><strong>qui</strong></span> <span class='ocrx_word' id='word_1_21' title='bbox 3191 367 3207 392; x_wconf 88' lang='lat'><strong>,</strong></span> <span class='ocrx_word' id='word_1_22' title='bbox 3237 332 3293 378; x_wconf 91' lang='lat' dir='ltr'><strong>ut</strong></span> <span class='ocrx_word' id='word_1_23' title='bbox 3317 333 3426 380; x_wconf 78' lang='lat' dir='ltr'><strong>tes—</strong></span> 
     </span>
    </p>
   </div>
   <div class='ocr_carea' id='block_1_3' title="bbox 179 401 1753 472">
    <p class='ocr_par' dir='ltr' id='par_1_3' title="bbox 179 401 1753 472">
     <span class='ocr_line' id='line_1_3' title="bbox 179 401 1753 472; baseline 0.002 -14"><span class='ocrx_word' id='word_1_24' title='bbox 179 402 238 458; x_wconf 83' lang='lat' dir='ltr'><strong>ad</strong></span> <span class='ocrx_word' id='word_1_25' title='bbox 284 402 659 456; x_wconf 74' lang='lat' dir='ltr'><strong>illustrandum</strong></span> <span class='ocrx_word' id='word_1_26' title='bbox 716 401 1042 472; x_wconf 85' lang='lat' dir='ltr'><strong>Gregorium</strong></span> <span class='ocrx_word' id='word_1_27' title='bbox 1090 403 1300 460; x_wconf 87' lang='lat' dir='ltr'><strong>idonea.</strong></span> <span class='ocrx_word' id='word_1_28' title='bbox 1357 406 1560 460; x_wconf 63' lang='lat' dir='ltr'><strong>Prmter</strong></span> <span class='ocrx_word' id='word_1_29' title='bbox 1617 407 1753 462; x_wconf 89' lang='lat' dir='ltr'><strong>hanc</strong></span> 
     </span>
    </p>
   </div>
   <div class='ocr_carea' id='block_1_4' title="bbox 184 495 1755 566">
    <p class='ocr_par' dir='ltr' id='par_1_4' title="bbox 184 495 1755 566">
     <span class='ocr_line' id='line_1_4' title="bbox 184 495 1755 566; baseline 0.001 -16"><span class='ocrx_word' id='word_1_30' title='bbox 184 506 408 550; x_wconf 84' lang='lat' dir='ltr'><strong>nostram</strong></span> <span class='ocrx_word' id='word_1_31' title='bbox 436 495 822 564; x_wconf 65' lang='lat' dir='ltr'><strong>praefationem</strong></span> <span class='ocrx_word' id='word_1_32' title='bbox 854 511 1011 564; x_wconf 92' lang='lat' dir='ltr'><strong>quam</strong></span> <span class='ocrx_word' id='word_1_33' title='bbox 1051 496 1290 566; x_wconf 82' lang='lat' dir='ltr'><strong>Gregorii</strong></span> <span class='ocrx_word' id='word_1_34' title='bbox 1321 497 1575 566; x_wconf 88' lang='lat' dir='ltr'><strong>operibus</strong></span> <span class='ocrx_word' id='word_1_35' title='bbox 1613 513 1755 564; x_wconf 75' lang='lat' dir='ltr'><strong>prte-</strong></span> 
     </span>
    </p>
   </div>
   <div class='ocr_carea' id='block_1_5' title="bbox 185 586 1757 657">
    <p class='ocr_par' dir='ltr' id='par_1_5' title="bbox 185 586 1757 657">
     <span class='ocr_line' id='line_1_5' title="bbox 185 586 1757 657; baseline 0.002 -16"><span class='ocrx_word' id='word_1_36' title='bbox 185 591 450 651; x_wconf 85' lang='lat' dir='ltr'><strong>mittituus,</strong></span> <span class='ocrx_word' id='word_1_37' title='bbox 480 586 664 641; x_wconf 75' lang='lat' dir='ltr'><strong>Vitam</strong></span> <span class='ocrx_word' id='word_1_38' title='bbox 688 603 752 642; x_wconf 81' lang='lat' dir='ltr'><strong>ex</strong></span> <span class='ocrx_word' id='word_1_39' title='bbox 777 603 897 656; x_wconf 85' lang='lat' dir='ltr'><strong>ejus</strong></span> <span class='ocrx_word' id='word_1_40' title='bbox 926 588 1137 657; x_wconf 85' lang='lat' dir='ltr'><strong>scriptis</strong></span> <span class='ocrx_word' id='word_1_41' title='bbox 1167 589 1448 643; x_wconf 86' lang='lat' dir='ltr'><strong>collectam</strong></span> <span class='ocrx_word' id='word_1_42' title='bbox 1479 591 1547 643; x_wconf 86' lang='lat' dir='ltr'><strong>ab</strong></span> <span class='ocrx_word' id='word_1_43' title='bbox 1569 590 1757 645; x_wconf 87' lang='lat' dir='ltr'><strong>Odoue</strong></span> 
     </span>
    </p>
   </div>
   <div class='ocr_carea' id='block_1_6' title="bbox 177 678 1760 749">
    <p class='ocr_par' dir='ltr' id='par_1_6' title="bbox 177 678 1760 749">
     <span class='ocr_line' id='line_1_6' title="bbox 177 678 1760 749; baseline 0.002 -17"><span class='ocrx_word' id='word_1_44' title='bbox 177 681 387 740; x_wconf 80' lang='lat' dir='ltr'><strong>abbate,</strong></span> <span class='ocrx_word' id='word_1_45' title='bbox 416 678 485 733; x_wconf 87' lang='lat' dir='ltr'><strong>ad</strong></span> <span class='ocrx_word' id='word_1_46' title='bbox 522 679 728 733; x_wconf 87' lang='lat' dir='ltr'><strong>multos</strong></span> <span class='ocrx_word' id='word_1_47' title='bbox 753 679 970 733; x_wconf 85' lang='lat' dir='ltr'><strong>codices</strong></span> <span class='ocrx_word' id='word_1_48' title='bbox 999 680 1249 740; x_wconf 80' lang='lat' dir='ltr'><strong>collatam</strong></span> <span class='ocrx_word' id='word_1_49' title='bbox 1280 680 1640 749; x_wconf 81' lang='lat' dir='ltr'><strong>proferemus,</strong></span> <span class='ocrx_word' id='word_1_50' title='bbox 1671 681 1760 735; x_wconf 90' lang='lat' dir='ltr'><strong>cui</strong></span> 
     </span>
    </p>
   </div>
   <div class='ocr_carea' id='block_1_7' title="bbox 181 771 1758 843">
    <p class='ocr_par' dir='ltr' id='par_1_7' title="bbox 181 771 1758 843">
     <span class='ocr_line' id='line_1_7' title="bbox 181 771 1758 843; baseline 0.001 -17"><span class='ocrx_word' id='word_1_51' title='bbox 181 772 572 843; x_wconf 85' lang='lat' dir='ltr'><strong>subjungemus</strong></span> <span class='ocrx_word' id='word_1_52' title='bbox 607 773 849 826; x_wconf 88' lang='lat' dir='ltr'><strong>virorum</strong></span> <span class='ocrx_word' id='word_1_53' title='bbox 883 771 1168 827; x_wconf 88' lang='lat' dir='ltr'><strong>illustrium</strong></span> <span class='ocrx_word' id='word_1_54' title='bbox 1199 772 1265 826; x_wconf 91' lang='lat' dir='ltr'><strong>de</strong></span> <span class='ocrx_word' id='word_1_55' title='bbox 1291 783 1473 826; x_wconf 92' lang='lat' dir='ltr'><strong>nostro</strong></span> <span class='ocrx_word' id='word_1_56' title='bbox 1505 771 1758 840; x_wconf 81' lang='lat' dir='ltr'><strong>Gregorio</strong></span> 
     </span>
    </p>
   </div>
   <div class='ocr_carea' id='block_1_8' title="bbox 175 863 1756 932">
    <p class='ocr_par' dir='ltr' id='par_1_8' title="bbox 175 863 1756 932">
     <span class='ocr_line' id='line_1_8' title="bbox 175 863 1756 932; baseline -0.001 -14"><span class='ocrx_word' id='word_1_57' title='bbox 175 867 509 918; x_wconf 86' lang='lat' dir='ltr'><strong>testimonia.</strong></span> <span class='ocrx_word' id='word_1_58' title='bbox 546 863 682 918; x_wconf 88' lang='lat' dir='ltr'><strong>Post</strong></span> <span class='ocrx_word' id='word_1_59' title='bbox 713 864 826 917; x_wconf 74' lang='lat' dir='ltr'><strong>hzec</strong></span> <span class='ocrx_word' id='word_1_60' title='bbox 856 864 1246 932; x_wconf 88' lang='lat' dir='ltr'><strong>subsequentur</strong></span> <span class='ocrx_word' id='word_1_61' title='bbox 1267 864 1496 918; x_wconf 84' lang='lat' dir='ltr'><strong>Annales</strong></span> <span class='ocrx_word' id='word_1_62' title='bbox 1519 864 1756 917; x_wconf 87' lang='lat' dir='ltr'><strong>Francici</strong></span> 
     </span>
    </p>
   </div>
   <div class='ocr_carea' id='block_1_9' title="bbox 167 956 1760 1023">
    <p class='ocr_par' dir='ltr' id='par_1_9' title="bbox 167 956 1760 1023">
     <span class='ocr_line' id='line_1_9' title="bbox 167 956 1760 1023; baseline -0.001 -13"><span class='ocrx_word' id='word_1_63' title='bbox 167 971 260 1010; x_wconf 82' lang='lat' dir='ltr'><strong>seu</strong></span> <span class='ocrx_word' id='word_1_64' title='bbox 291 966 549 1010; x_wconf 90' lang='lat' dir='ltr'><strong>veterum</strong></span> <span class='ocrx_word' id='word_1_65' title='bbox 579 956 820 1010; x_wconf 89' lang='lat' dir='ltr'><strong>omnium</strong></span> <span class='ocrx_word' id='word_1_66' title='bbox 852 965 1148 1020; x_wconf 86' lang='lat' dir='ltr'><strong>auctorum,</strong></span> <span class='ocrx_word' id='word_1_67' title='bbox 1176 957 1263 1023; x_wconf 89' lang='lat' dir='ltr'><strong>qui</strong></span> <span class='ocrx_word' id='word_1_68' title='bbox 1294 957 1604 1022; x_wconf 75' lang='lat' dir='ltr'><strong>Gregorium</strong></span> <span class='ocrx_word' id='word_1_69' title='bbox 1633 971 1760 1022; x_wconf 72' lang='lat' dir='ltr'><strong>pra:-</strong></span> 
     </span>
    </p>
   </div>
   <div class='ocr_carea' id='block_1_10' title="bbox 162 1043 1759 1114">
    <p class='ocr_par' dir='ltr' id='par_1_10' title="bbox 162 1043 1759 1114">
     <span class='ocr_line' id='line_1_10' title="bbox 162 1043 1759 1114; baseline -0.003 -14"><span class='ocrx_word' id='word_1_70' title='bbox 162 1058 453 1100; x_wconf 75' lang='lat' dir='ltr'><strong>ceSSerunt</strong></span> <span class='ocrx_word' id='word_1_71' title='bbox 490 1048 609 1100; x_wconf 91' lang='lat' dir='ltr'><strong>loca</strong></span> <span class='ocrx_word' id='word_1_72' title='bbox 631 1089 644 1108; x_wconf 95' lang='lat'><strong>,</strong></span> <span class='ocrx_word' id='word_1_73' title='bbox 669 1055 724 1099; x_wconf 87' lang='lat' dir='ltr'><strong>et</strong></span> <span class='ocrx_word' id='word_1_74' title='bbox 748 1046 849 1099; x_wconf 89' lang='lat' dir='ltr'><strong>alia</strong></span> <span class='ocrx_word' id='word_1_75' title='bbox 873 1046 1090 1114; x_wconf 88' lang='lat' dir='ltr'><strong>antiqua</strong></span> <span class='ocrx_word' id='word_1_76' title='bbox 1123 1056 1460 1098; x_wconf 82' lang='lat' dir='ltr'><strong>monumenta</strong></span> <span class='ocrx_word' id='word_1_77' title='bbox 1489 1044 1540 1096; x_wconf 85' lang='lat' dir='ltr'><strong>in</strong></span> <span class='ocrx_word' id='word_1_78' title='bbox 1569 1043 1759 1112; x_wconf 84' lang='lat' dir='ltr'><strong>quibus</strong></span> 
     </span>
    </p>
   </div>
   <div class='ocr_carea' id='block_1_11' title="bbox 155 1133 1755 1200">
    <p class='ocr_par' dir='ltr' id='par_1_11' title="bbox 155 1133 1755 1200">
     <span class='ocr_line' id='line_1_11' title="bbox 155 1133 1755 1200; baseline 0 -13"><span class='ocrx_word' id='word_1_79' title='bbox 155 1136 414 1191; x_wconf 67' lang='lat' dir='ltr'><strong>Francia</strong></span> <span class='ocrx_word' id='word_1_80' title='bbox 452 1149 547 1190; x_wconf 87' lang='lat' dir='ltr'><strong>aut</strong></span> <span class='ocrx_word' id='word_1_81' title='bbox 579 1136 900 1189; x_wconf 81' lang='lat' dir='ltr'><strong>Francorum</strong></span> <span class='ocrx_word' id='word_1_82' title='bbox 932 1136 1135 1190; x_wconf 79' lang='lat' dir='ltr'><strong>mentio</strong></span> <span class='ocrx_word' id='word_1_83' title='bbox 1161 1136 1430 1200; x_wconf 91' lang='lat' dir='ltr'><strong>occurrit,</strong></span> <span class='ocrx_word' id='word_1_84' title='bbox 1463 1133 1755 1188; x_wconf 68' lang='lat' dir='ltr'><strong>secundum</strong></span> 
     </span>
    </p>
   </div>
   <div class='ocr_carea' id='block_1_12' title="bbox 152 1225 1752 1296">
    <p class='ocr_par' dir='ltr' id='par_1_12' title="bbox 152 1225 1752 1296">
     <span class='ocr_line' id='line_1_12' title="bbox 152 1225 1752 1296; baseline -0.003 -16"><span class='ocrx_word' id='word_1_85' title='bbox 152 1229 417 1282; x_wconf 86' lang='lat' dir='ltr'><strong>ordinem</strong></span> <span class='ocrx_word' id='word_1_86' title='bbox 469 1229 910 1296; x_wconf 78' lang='lat' dir='ltr'><strong>chronologiciim</strong></span> <span class='ocrx_word' id='word_1_87' title='bbox 950 1228 1241 1294; x_wconf 80' lang='lat' dir='ltr'><strong>disposita,</strong></span> <span class='ocrx_word' id='word_1_88' title='bbox 1270 1242 1386 1293; x_wconf 71' lang='lat' dir='ltr'><strong>quae</strong></span> <span class='ocrx_word' id='word_1_89' title='bbox 1431 1226 1642 1294; x_wconf 86' lang='lat' dir='ltr'><strong>quidem</strong></span> <span class='ocrx_word' id='word_1_90' title='bbox 1691 1225 1752 1279; x_wconf 87' lang='lat' dir='ltr'><strong>V.</strong></span> 
     </span>
    </p>
   </div>
   <div class='ocr_carea' id='block_1_13' title="bbox 159 1317 1756 1379">
    <p class='ocr_par' dir='ltr' id='par_1_13' title="bbox 159 1317 1756 1379">
     <span class='ocr_line' id='line_1_13' title="bbox 159 1317 1756 1379; baseline -0.002 -7"><span class='ocrx_word' id='word_1_91' title='bbox 159 1320 251 1375; x_wconf 89' lang='lat' dir='ltr'><strong>Cl.</strong></span> <span class='ocrx_word' id='word_1_92' title='bbox 283 1319 524 1373; x_wconf 80' lang='lat' dir='ltr'><strong>Carolus</strong></span> <span class='ocrx_word' id='word_1_93' title='bbox 558 1319 845 1379; x_wconf 79' lang='lat' dir='ltr'><strong>Bultellus,</strong></span> <span class='ocrx_word' id='word_1_94' title='bbox 883 1318 1128 1372; x_wconf 73' lang='lat' dir='ltr'><strong>Historia:</strong></span> <span class='ocrx_word' id='word_1_95' title='bbox 1171 1317 1440 1371; x_wconf 69' lang='lat' dir='ltr'><strong>Fraucica:</strong></span> <span class='ocrx_word' id='word_1_96' title='bbox 1481 1317 1756 1370; x_wconf 81' lang='lat' dir='ltr'><strong>studiosis-</strong></span> 
     </span>
    </p>
   </div>
   <div class='ocr_carea' id='block_1_14' title="bbox 151 1411 1745 1480">
    <p class='ocr_par' dir='ltr' id='par_1_14' title="bbox 151 1411 1745 1480">
     <span class='ocr_line' id='line_1_14' title="bbox 151 1411 1745 1480; baseline -0.001 -17"><span class='ocrx_word' id='word_1_97' title='bbox 151 1414 376 1476; x_wconf 84' lang='lat' dir='ltr'><strong>simus,</strong></span> <span class='ocrx_word' id='word_1_98' title='bbox 409 1412 698 1480; x_wconf 79' lang='lat' dir='ltr'><strong>diligenter</strong></span> <span class='ocrx_word' id='word_1_99' title='bbox 725 1412 977 1480; x_wconf 77' lang='lat' dir='ltr'><strong>collegit,</strong></span> <span class='ocrx_word' id='word_1_100' title='bbox 1010 1426 1072 1466; x_wconf 89' lang='lat' dir='ltr'><strong>ac</strong></span> <span class='ocrx_word' id='word_1_101' title='bbox 1111 1411 1242 1465; x_wconf 88' lang='lat' dir='ltr'><strong>mihi</strong></span> <span class='ocrx_word' id='word_1_102' title='bbox 1284 1411 1575 1465; x_wconf 84' lang='lat' dir='ltr'><strong>liberaliter</strong></span> <span class='ocrx_word' id='word_1_103' title='bbox 1610 1425 1745 1464; x_wconf 91' lang='lat' dir='ltr'><strong>com-</strong></span> 
     </span>
    </p>
   </div>
   <div class='ocr_carea' id='block_1_15' title="bbox 156 1501 1752 1576">
    <p class='ocr_par' dir='ltr' id='par_1_15' title="bbox 156 1501 1752 1576">
     <span class='ocr_line' id='line_1_15' title="bbox 156 1501 1752 1576; baseline -0.003 -18"><span class='ocrx_word' id='word_1_104' title='bbox 156 1507 476 1559; x_wconf 79' lang='lat' dir='ltr'><strong>municavit</strong></span> <span class='ocrx_word' id='word_1_105' title='bbox 496 1506 562 1559; x_wconf 90' lang='lat' dir='ltr'><strong>ad</strong></span> <span class='ocrx_word' id='word_1_106' title='bbox 587 1504 832 1576; x_wconf 83' lang='lat' dir='ltr'><strong>Gregorii</strong></span> <span class='ocrx_word' id='word_1_107' title='bbox 864 1505 1033 1560; x_wconf 84' lang='lat' dir='ltr'><strong>nostri</strong></span> <span class='ocrx_word' id='word_1_108' title='bbox 1064 1504 1336 1558; x_wconf 84' lang='lat' dir='ltr'><strong>historiam</strong></span> <span class='ocrx_word' id='word_1_109' title='bbox 1363 1501 1752 1556; x_wconf 85' lang='lat' dir='ltr'><strong>illustrandam.</strong></span> 
     </span>
    </p>
   </div>
   <div class='ocr_carea' id='block_1_16' title="bbox 159 1596 1750 1667">
    <p class='ocr_par' dir='ltr' id='par_1_16' title="bbox 159 1596 1750 1667">
     <span class='ocr_line' id='line_1_16' title="bbox 159 1596 1750 1667; baseline -0.003 -16"><span class='ocrx_word' id='word_1_110' title='bbox 159 1598 268 1652; x_wconf 79' lang='lat' dir='ltr'><strong>llis</strong></span> <span class='ocrx_word' id='word_1_111' title='bbox 328 1598 702 1667; x_wconf 86' lang='lat' dir='ltr'><strong>subjungimus</strong></span> <span class='ocrx_word' id='word_1_112' title='bbox 754 1598 981 1652; x_wconf 88' lang='lat' dir='ltr'><strong>indicem</strong></span> <span class='ocrx_word' id='word_1_113' title='bbox 1057 1596 1491 1664; x_wconf 88' lang='lat' dir='ltr'><strong>chronologicum</strong></span> <span class='ocrx_word' id='word_1_114' title='bbox 1568 1607 1750 1648; x_wconf 89' lang='lat' dir='ltr'><strong>eorum</strong></span> 
     </span>
    </p>
   </div>
   <div class='ocr_carea' id='block_1_17' title="bbox 1862 411 3421 481">
    <p class='ocr_par' dir='ltr' id='par_1_17' title="bbox 1862 411 3421 481">
     <span class='ocr_line' id='line_1_17' title="bbox 1862 411 3421 481; baseline 0.006 -18"><span class='ocrx_word' id='word_1_115' title='bbox 1862 418 2004 464; x_wconf 91' lang='lat' dir='ltr'><strong>tatur</strong></span> <span class='ocrx_word' id='word_1_116' title='bbox 2027 411 2142 478; x_wconf 86' lang='lat' dir='ltr'><strong>ejus</strong></span> <span class='ocrx_word' id='word_1_117' title='bbox 2169 411 2476 481; x_wconf 82' lang='lat' dir='ltr'><strong>inscriptio,</strong></span> <span class='ocrx_word' id='word_1_118' title='bbox 2505 414 2731 468; x_wconf 90' lang='lat' dir='ltr'><strong>celebris</strong></span> <span class='ocrx_word' id='word_1_119' title='bbox 2758 417 3061 470; x_wconf 82' lang='lat' dir='ltr'><strong>monasterii</strong></span> <span class='ocrx_word' id='word_1_120' title='bbox 3085 416 3421 472; x_wconf 84' lang='lat' dir='ltr'><strong>Corbcieusis</strong></span> 
     </span>
    </p>
   </div>
   <div class='ocr_carea' id='block_1_18' title="bbox 1860 502 3422 576">
    <p class='ocr_par' dir='ltr' id='par_1_18' title="bbox 1860 502 3422 576">
     <span class='ocr_line' id='line_1_18' title="bbox 1860 502 3422 576; baseline 0.004 -20"><span class='ocrx_word' id='word_1_121' title='bbox 1860 502 1913 556; x_wconf 91' lang='lat' dir='ltr'><strong>in</strong></span> <span class='ocrx_word' id='word_1_122' title='bbox 1943 517 2072 572; x_wconf 84' lang='lat' dir='ltr'><strong>agro</strong></span> <span class='ocrx_word' id='word_1_123' title='bbox 2099 504 2436 559; x_wconf 82' lang='lat' dir='ltr'><strong>Ambiauensi</strong></span> <span class='ocrx_word' id='word_1_124' title='bbox 2469 506 2590 559; x_wconf 86' lang='lat' dir='ltr'><strong>olim</strong></span> <span class='ocrx_word' id='word_1_125' title='bbox 2625 505 2750 575; x_wconf 86' lang='lat' dir='ltr'><strong>fuit,</strong></span> <span class='ocrx_word' id='word_1_126' title='bbox 2790 517 2948 562; x_wconf 67' lang='lat' dir='ltr'><strong>aetate</strong></span> <span class='ocrx_word' id='word_1_127' title='bbox 2992 510 3254 576; x_wconf 88' lang='lat' dir='ltr'><strong>posterior</strong></span> <span class='ocrx_word' id='word_1_128' title='bbox 3297 527 3422 563; x_wconf 88' lang='lat' dir='ltr'><strong>cen-</strong></span> 
     </span>
    </p>
   </div>
   <div class='ocr_carea' id='block_1_19' title="bbox 1860 594 3414 669">
    <p class='ocr_par' dir='ltr' id='par_1_19' title="bbox 1860 594 3414 669">
     <span class='ocr_line' id='line_1_19' title="bbox 1860 594 3414 669; baseline 0.004 -21"><span class='ocrx_word' id='word_1_129' title='bbox 1860 594 1964 648; x_wconf 87' lang='lat' dir='ltr'><strong>seri</strong></span> <span class='ocrx_word' id='word_1_130' title='bbox 1995 610 2099 650; x_wconf 90' lang='lat' dir='ltr'><strong>non</strong></span> <span class='ocrx_word' id='word_1_131' title='bbox 2141 596 2318 650; x_wconf 84' lang='lat' dir='ltr'><strong>debet.</strong></span> <span class='ocrx_word' id='word_1_132' title='bbox 2357 598 2605 664; x_wconf 83' lang='lat' dir='ltr'><strong>Exceptis</strong></span> <span class='ocrx_word' id='word_1_133' title='bbox 2647 599 2812 652; x_wconf 82' lang='lat' dir='ltr'><strong>titulis</strong></span> <span class='ocrx_word' id='word_1_134' title='bbox 2837 609 2890 654; x_wconf 90' lang='lat' dir='ltr'><strong>et</strong></span> <span class='ocrx_word' id='word_1_135' title='bbox 2918 600 3117 669; x_wconf 87' lang='lat' dir='ltr'><strong>aliquot</strong></span> <span class='ocrx_word' id='word_1_136' title='bbox 3160 602 3414 656; x_wconf 80' lang='lat' dir='ltr'><strong>libroruin</strong></span> 
     </span>
    </p>
   </div>
   <div class='ocr_carea' id='block_1_20' title="bbox 1860 684 3416 755">
    <p class='ocr_par' dir='ltr' id='par_1_20' title="bbox 1860 684 3416 755">
     <span class='ocr_line' id='line_1_20' title="bbox 1860 684 3416 755; baseline 0.005 -18"><span class='ocrx_word' id='word_1_137' title='bbox 1860 684 2059 748; x_wconf 90' lang='lat' dir='ltr'><strong>initiis,</strong></span> <span class='ocrx_word' id='word_1_138' title='bbox 2101 702 2220 755; x_wconf 61' lang='lat' dir='ltr'><strong>quae</strong></span> <span class='ocrx_word' id='word_1_139' title='bbox 2269 690 2574 752; x_wconf 89' lang='lat' dir='ltr'><strong>majnsculis</strong></span> <span class='ocrx_word' id='word_1_140' title='bbox 2619 700 2672 742; x_wconf 93' lang='lat' dir='ltr'><strong>et</strong></span> <span class='ocrx_word' id='word_1_141' title='bbox 2721 689 2974 744; x_wconf 81' lang='lat' dir='ltr'><strong>Romanis</strong></span> <span class='ocrx_word' id='word_1_142' title='bbox 3018 693 3416 746; x_wconf 77' lang='lat' dir='ltr'><strong>charaCierihus</strong></span> 
     </span>
    </p>
   </div>
   <div class='ocr_carea' id='block_1_21' title="bbox 1859 774 3420 853">
    <p class='ocr_par' dir='ltr' id='par_1_21' title="bbox 1859 774 3420 853">
     <span class='ocr_line' id='line_1_21' title="bbox 1859 774 3420 853; baseline 0.006 -27"><span class='ocrx_word' id='word_1_143' title='bbox 1859 774 2121 843; x_wconf 75' lang='lat' dir='ltr'><strong>descripta</strong></span> <span class='ocrx_word' id='word_1_144' title='bbox 2165 786 2321 841; x_wconf 89' lang='lat' dir='ltr'><strong>sunt,</strong></span> <span class='ocrx_word' id='word_1_145' title='bbox 2357 779 2566 842; x_wconf 76' lang='lat' dir='ltr'><strong>litteris,</strong></span> <span class='ocrx_word' id='word_1_146' title='bbox 2599 788 2654 830; x_wconf 89' lang='lat' dir='ltr'><strong>ut</strong></span> <span class='ocrx_word' id='word_1_147' title='bbox 2698 779 2931 848; x_wconf 88' lang='lat' dir='ltr'><strong>loquitur</strong></span> <span class='ocrx_word' id='word_1_148' title='bbox 2964 781 3228 848; x_wconf 78' lang='lat' dir='ltr'><strong>Valesius,</strong></span> <span class='ocrx_word' id='word_1_149' title='bbox 3271 785 3420 853; x_wconf 82' lang='lat' dir='ltr'><strong>plane</strong></span> 
     </span>
    </p>
   </div>
   <div class='ocr_carea' id='block_1_22' title="bbox 1859 864 3417 942">
    <p class='ocr_par' dir='ltr' id='par_1_22' title="bbox 1859 864 3417 942">
     <span class='ocr_line' id='line_1_22' title="bbox 1859 864 3417 942; baseline 0.006 -28"><span class='ocrx_word' id='word_1_150' title='bbox 1859 864 2088 919; x_wconf 82' lang='lat' dir='ltr'><strong>barbaris</strong></span> <span class='ocrx_word' id='word_1_151' title='bbox 2128 870 2495 940; x_wconf 75' lang='lat' dir='ltr'><strong>mediocrisque</strong></span> <span class='ocrx_word' id='word_1_152' title='bbox 2533 873 2898 942; x_wconf 80' lang='lat' dir='ltr'><strong>magnitudinis</strong></span> <span class='ocrx_word' id='word_1_153' title='bbox 2936 874 3152 940; x_wconf 83' lang='lat' dir='ltr'><strong>scriptus</strong></span> <span class='ocrx_word' id='word_1_154' title='bbox 3190 883 3304 937; x_wconf 86' lang='lat' dir='ltr'><strong>est,</strong></span> <span class='ocrx_word' id='word_1_155' title='bbox 3346 876 3417 926; x_wconf 82' lang='lat' dir='ltr'><strong>im</strong></span> 
     </span>
    </p>
   </div>
   <div class='ocr_carea' id='block_1_23' title="bbox 1857 957 3420 1033">
    <p class='ocr_par' dir='ltr' id='par_1_23' title="bbox 1857 957 3420 1033">
     <span class='ocr_line' id='line_1_23' title="bbox 1857 957 3420 1033; baseline 0.006 -25"><span class='ocrx_word' id='word_1_156' title='bbox 1857 957 1990 1009; x_wconf 87' lang='lat' dir='ltr'><strong>inter</strong></span> <span class='ocrx_word' id='word_1_157' title='bbox 2020 975 2071 1011; x_wconf 83' lang='lat' dir='ltr'><strong>se</strong></span> <span class='ocrx_word' id='word_1_158' title='bbox 2098 962 2366 1027; x_wconf 71' lang='lat' dir='ltr'><strong>connexis,</strong></span> <span class='ocrx_word' id='word_1_159' title='bbox 2396 973 2444 1015; x_wconf 91' lang='lat' dir='ltr'><strong>et</strong></span> <span class='ocrx_word' id='word_1_160' title='bbox 2471 979 2560 1031; x_wconf 86' lang='lat' dir='ltr'><strong>per</strong></span> <span class='ocrx_word' id='word_1_161' title='bbox 2588 966 2819 1031; x_wconf 77' lang='lat' dir='ltr'><strong>quwdam</strong></span> <span class='ocrx_word' id='word_1_162' title='bbox 2848 974 3083 1017; x_wconf 86' lang='lat' dir='ltr'><strong>notarum</strong></span> <span class='ocrx_word' id='word_1_163' title='bbox 3123 965 3420 1033; x_wconf 75' lang='lat' dir='ltr'><strong>compendia</strong></span> 
     </span>
    </p>
   </div>
   <div class='ocr_carea' id='block_1_24' title="bbox 1860 1051 3416 1124">
    <p class='ocr_par' dir='ltr' id='par_1_24' title="bbox 1860 1051 3416 1124">
     <span class='ocr_line' id='line_1_24' title="bbox 1860 1051 3416 1124; baseline 0.006 -23"><span class='ocrx_word' id='word_1_164' title='bbox 1860 1051 2092 1118; x_wconf 80' lang='lat' dir='ltr'><strong>pluribus</strong></span> <span class='ocrx_word' id='word_1_165' title='bbox 2141 1060 2427 1120; x_wconf 74' lang='lat' dir='ltr'><strong>expressis,</strong></span> <span class='ocrx_word' id='word_1_166' title='bbox 2479 1069 2535 1107; x_wconf 86' lang='lat' dir='ltr'><strong>ut</strong></span> <span class='ocrx_word' id='word_1_167' title='bbox 2583 1056 2687 1124; x_wconf 80' lang='lat' dir='ltr'><strong>fere</strong></span> <span class='ocrx_word' id='word_1_168' title='bbox 2733 1055 2912 1110; x_wconf 82' lang='lat' dir='ltr'><strong>lectori</strong></span> <span class='ocrx_word' id='word_1_169' title='bbox 2958 1057 3024 1110; x_wconf 85' lang='lat' dir='ltr'><strong>sit</strong></span> <span class='ocrx_word' id='word_1_170' title='bbox 3071 1058 3416 1111; x_wconf 83' lang='lat' dir='ltr'><strong>divinandum.</strong></span> 
     </span>
    </p>
   </div>
   <div class='ocr_carea' id='block_1_25' title="bbox 1859 1142 3420 1215">
    <p class='ocr_par' dir='ltr' id='par_1_25' title="bbox 1859 1142 3420 1215">
     <span class='ocr_line' id='line_1_25' title="bbox 1859 1142 3420 1215; baseline 0.007 -23"><span class='ocrx_word' id='word_1_171' title='bbox 1859 1142 2018 1206; x_wconf 63' lang='lat' dir='ltr'><strong>Quae,</strong></span> <span class='ocrx_word' id='word_1_172' title='bbox 2050 1143 2120 1195; x_wconf 91' lang='lat' dir='ltr'><strong>uti</strong></span> <span class='ocrx_word' id='word_1_173' title='bbox 2151 1144 2406 1213; x_wconf 74' lang='lat' dir='ltr'><strong>conjicno,</strong></span> <span class='ocrx_word' id='word_1_174' title='bbox 2435 1147 2638 1215; x_wconf 82' lang='lat' dir='ltr'><strong>legendi</strong></span> <span class='ocrx_word' id='word_1_175' title='bbox 2664 1147 2949 1201; x_wconf 81' lang='lat' dir='ltr'><strong>difficultas</strong></span> <span class='ocrx_word' id='word_1_176' title='bbox 2972 1148 3236 1202; x_wconf 82' lang='lat' dir='ltr'><strong>Andream</strong></span> <span class='ocrx_word' id='word_1_177' title='bbox 3263 1145 3420 1202; x_wconf 85' lang='lat' dir='ltr'><strong>Ches-</strong></span> 
     </span>
    </p>
   </div>
   <div class='ocr_carea' id='block_1_26' title="bbox 1861 1219 3420 1298">
    <p class='ocr_par' dir='ltr' id='par_1_26' title="bbox 1861 1219 3420 1298">
     <span class='ocr_line' id='line_1_26' title="bbox 1861 1219 3420 1298; baseline 0.004 -15"><span class='ocrx_word' id='word_1_178' title='bbox 1861 1232 2004 1284; x_wconf 90' lang='lat' dir='ltr'><strong>nium</strong></span> <span class='ocrx_word' id='word_1_179' title='bbox 2038 1232 2108 1286; x_wconf 90' lang='lat' dir='ltr'><strong>ita</strong></span> <span class='ocrx_word' id='word_1_180' title='bbox 2136 1233 2424 1298; x_wconf 79' lang='lat' dir='ltr'><strong>deterruit,</strong></span> <span class='ocrx_word' id='word_1_181' title='bbox 2458 1245 2515 1288; x_wconf 90' lang='lat' dir='ltr'><strong>ut</strong></span> <span class='ocrx_word' id='word_1_182' title='bbox 2544 1237 2779 1290; x_wconf 89' lang='lat' dir='ltr'><strong>codicem</strong></span> <span class='ocrx_word' id='word_1_183' title='bbox 2809 1237 2950 1290; x_wconf 91' lang='lat' dir='ltr'><strong>hunc</strong></span> <span class='ocrx_word' id='word_1_184' title='bbox 2975 1253 3003 1290; x_wconf 86' lang='lat' dir='ltr'><strong>a</strong></span> <span class='ocrx_word' id='word_1_185' title='bbox 3029 1253 3086 1291; x_wconf 91' lang='lat' dir='ltr'><strong>se</strong></span> <span class='ocrx_word' id='word_1_186' title='bbox 3115 1219 3285 1292; x_wconf 81' lang='lat' dir='ltr'><strong>visum</strong></span> <span class='ocrx_word' id='word_1_187' title='bbox 3316 1248 3420 1292; x_wconf 89' lang='lat' dir='ltr'><strong>tes-</strong></span> 
     </span>
    </p>
   </div>
   <div class='ocr_carea' id='block_1_27' title="bbox 1859 1325 3419 1400">
    <p class='ocr_par' dir='ltr' id='par_1_27' title="bbox 1859 1325 3419 1400">
     <span class='ocr_line' id='line_1_27' title="bbox 1859 1325 3419 1400; baseline 0.006 -25"><span class='ocrx_word' id='word_1_188' title='bbox 1859 1333 2017 1390; x_wconf 88' lang='lat' dir='ltr'><strong>tetnr,</strong></span> <span class='ocrx_word' id='word_1_189' title='bbox 2053 1325 2148 1378; x_wconf 85' lang='lat' dir='ltr'><strong>sed</strong></span> <span class='ocrx_word' id='word_1_190' title='bbox 2176 1327 2421 1381; x_wconf 89' lang='lat' dir='ltr'><strong>collatum</strong></span> <span class='ocrx_word' id='word_1_191' title='bbox 2452 1345 2554 1382; x_wconf 88' lang='lat' dir='ltr'><strong>non</strong></span> <span class='ocrx_word' id='word_1_192' title='bbox 2583 1329 2746 1382; x_wconf 90' lang='lat' dir='ltr'><strong>dicat.</strong></span> <span class='ocrx_word' id='word_1_193' title='bbox 2780 1330 2843 1383; x_wconf 88' lang='lat' dir='ltr'><strong>Et</strong></span> <span class='ocrx_word' id='word_1_194' title='bbox 2871 1329 3081 1399; x_wconf 89' lang='lat' dir='ltr'><strong>quidem</strong></span> <span class='ocrx_word' id='word_1_195' title='bbox 3111 1345 3273 1399; x_wconf 90' lang='lat' dir='ltr'><strong>pauca</strong></span> <span class='ocrx_word' id='word_1_196' title='bbox 3301 1347 3419 1400; x_wconf 66' lang='lat' dir='ltr'><strong>qua:</strong></span> 
     </span>
    </p>
   </div>
   <div class='ocr_carea' id='block_1_28' title="bbox 1857 1416 3418 1485">
    <p class='ocr_par' dir='ltr' id='par_1_28' title="bbox 1857 1416 3418 1485">
     <span class='ocr_line' id='line_1_28' title="bbox 1857 1416 3418 1485; baseline 0.003 -16"><span class='ocrx_word' id='word_1_197' title='bbox 1857 1417 1924 1470; x_wconf 91' lang='lat' dir='ltr'><strong>de</strong></span> <span class='ocrx_word' id='word_1_198' title='bbox 1949 1431 2014 1469; x_wconf 89' lang='lat' dir='ltr'><strong>eo</strong></span> <span class='ocrx_word' id='word_1_199' title='bbox 2047 1416 2234 1482; x_wconf 90' lang='lat' dir='ltr'><strong>habet,</strong></span> <span class='ocrx_word' id='word_1_200' title='bbox 2271 1434 2298 1469; x_wconf 90' lang='lat' dir='ltr'><strong>a</strong></span> <span class='ocrx_word' id='word_1_201' title='bbox 2331 1419 2515 1473; x_wconf 88' lang='lat' dir='ltr'><strong>codice</strong></span> <span class='ocrx_word' id='word_1_202' title='bbox 2547 1421 2620 1473; x_wconf 89' lang='lat' dir='ltr'><strong>ita</strong></span> <span class='ocrx_word' id='word_1_203' title='bbox 2647 1421 2818 1474; x_wconf 91' lang='lat' dir='ltr'><strong>aliena</strong></span> <span class='ocrx_word' id='word_1_204' title='bbox 2848 1432 3001 1485; x_wconf 89' lang='lat' dir='ltr'><strong>sunt,</strong></span> <span class='ocrx_word' id='word_1_205' title='bbox 3036 1430 3093 1474; x_wconf 93' lang='lat' dir='ltr'><strong>ut</strong></span> <span class='ocrx_word' id='word_1_206' title='bbox 3133 1438 3230 1476; x_wconf 89' lang='lat' dir='ltr'><strong>nec</strong></span> <span class='ocrx_word' id='word_1_207' title='bbox 3266 1422 3418 1477; x_wconf 91' lang='lat' dir='ltr'><strong>illum</strong></span> 
     </span>
    </p>
   </div>
   <div class='ocr_carea' id='block_1_29' title="bbox 1857 1508 3420 1567">
    <p class='ocr_par' dir='ltr' id='par_1_29' title="bbox 1857 1508 3420 1567">
     <span class='ocr_line' id='line_1_29' title="bbox 1857 1508 3420 1567; baseline 0.002 -6"><span class='ocrx_word' id='word_1_208' title='bbox 1857 1508 1923 1561; x_wconf 90' lang='lat' dir='ltr'><strong>ab</strong></span> <span class='ocrx_word' id='word_1_209' title='bbox 1952 1523 2017 1561; x_wconf 91' lang='lat' dir='ltr'><strong>eo</strong></span> <span class='ocrx_word' id='word_1_210' title='bbox 2047 1510 2213 1562; x_wconf 88' lang='lat' dir='ltr'><strong>visum</strong></span> <span class='ocrx_word' id='word_1_211' title='bbox 2263 1509 2423 1566; x_wconf 90' lang='lat' dir='ltr'><strong>fuisse</strong></span> <span class='ocrx_word' id='word_1_212' title='bbox 2463 1511 2616 1566; x_wconf 81' lang='lat' dir='ltr'><strong>facile</strong></span> <span class='ocrx_word' id='word_1_213' title='bbox 2654 1512 2880 1566; x_wconf 87' lang='lat' dir='ltr'><strong>diceres.</strong></span> <span class='ocrx_word' id='word_1_214' title='bbox 2919 1513 3095 1567; x_wconf 86' lang='lat' dir='ltr'><strong>Codex</strong></span> <span class='ocrx_word' id='word_1_215' title='bbox 3137 1523 3309 1567; x_wconf 89' lang='lat' dir='ltr'><strong>tamen</strong></span> <span class='ocrx_word' id='word_1_216' title='bbox 3340 1516 3420 1566; x_wconf 89' lang='lat' dir='ltr'><strong>iu-</strong></span> 
     </span>
    </p>
   </div>
   <div class='ocr_carea' id='block_1_30' title="bbox 1860 1601 3420 1674">
    <p class='ocr_par' dir='ltr' id='par_1_30' title="bbox 1860 1601 3420 1674">
     <span class='ocr_line' id='line_1_30' title="bbox 1860 1601 3420 1674; baseline 0.006 -24"><span class='ocrx_word' id='word_1_217' title='bbox 1860 1606 2005 1666; x_wconf 87' lang='lat' dir='ltr'><strong>teger</strong></span> <span class='ocrx_word' id='word_1_218' title='bbox 2036 1608 2154 1663; x_wconf 91' lang='lat' dir='ltr'><strong>est,</strong></span> <span class='ocrx_word' id='word_1_219' title='bbox 2207 1601 2512 1670; x_wconf 80' lang='lat' dir='ltr'><strong>illibataque</strong></span> <span class='ocrx_word' id='word_1_220' title='bbox 2543 1604 2907 1671; x_wconf 66' lang='lat' dir='ltr'><strong>perseveravit</strong></span> <span class='ocrx_word' id='word_1_221' title='bbox 2945 1605 3206 1671; x_wconf 68' lang='lat' dir='ltr'><strong>scriptura</strong></span> <span class='ocrx_word' id='word_1_222' title='bbox 3226 1645 3241 1668; x_wconf 93' lang='lat'><strong>,</strong></span> <span class='ocrx_word' id='word_1_223' title='bbox 3271 1604 3420 1674; x_wconf 86' lang='lat' dir='ltr'><strong>cujus</strong></span> 
     </span>
    </p>
   </div>
   <div class='ocr_carea' id='block_1_31' title="bbox 159 1685 3420 1762">
    <p class='ocr_par' dir='ltr' id='par_1_31' title="bbox 159 1685 3420 1762">
     <span class='ocr_line' id='line_1_31' title="bbox 159 1685 3420 1762; baseline 0.001 -17"><span class='ocrx_word' id='word_1_224' title='bbox 159 1707 292 1762; x_wconf 74' lang='lat' dir='ltr'><strong>quae</strong></span> <span class='ocrx_word' id='word_1_225' title='bbox 325 1692 380 1744; x_wconf 86' lang='lat' dir='ltr'><strong>in</strong></span> <span class='ocrx_word' id='word_1_226' title='bbox 409 1690 651 1760; x_wconf 75' lang='lat' dir='ltr'><strong>Gregorii</strong></span> <span class='ocrx_word' id='word_1_227' title='bbox 680 1700 771 1744; x_wconf 84' lang='lat' dir='ltr'><strong>aut</strong></span> <span class='ocrx_word' id='word_1_228' title='bbox 801 1691 1108 1759; x_wconf 79' lang='lat' dir='ltr'><strong>Fredegarii</strong></span> <span class='ocrx_word' id='word_1_229' title='bbox 1137 1689 1389 1758; x_wconf 91' lang='lat' dir='ltr'><strong>operibus</strong></span> <span class='ocrx_word' id='word_1_230' title='bbox 1417 1686 1748 1757; x_wconf 75' lang='lat' dir='ltr'><strong>potissimum</strong></span> <span class='ocrx_word' id='word_1_231' title='bbox 1783 1685 1829 1745; x_wconf 93' lang='lat' dir='ltr'><strong>B</strong></span> <span class='ocrx_word' id='word_1_232' title='bbox 1858 1688 2061 1756; x_wconf 84' lang='lat' dir='ltr'><strong>legendi</strong></span> <span class='ocrx_word' id='word_1_233' title='bbox 2105 1689 2391 1744; x_wconf 86' lang='lat' dir='ltr'><strong>difficultas</strong></span> <span class='ocrx_word' id='word_1_234' title='bbox 2423 1707 2507 1745; x_wconf 87' lang='lat' dir='ltr'><strong>me</strong></span> <span class='ocrx_word' id='word_1_235' title='bbox 2535 1707 2564 1745; x_wconf 90' lang='lat' dir='ltr'><strong>a</strong></span> <span class='ocrx_word' id='word_1_236' title='bbox 2598 1692 2779 1746; x_wconf 90' lang='lat' dir='ltr'><strong>labore</strong></span> <span class='ocrx_word' id='word_1_237' title='bbox 2809 1694 2877 1746; x_wconf 89' lang='lat' dir='ltr'><strong>ita</strong></span> <span class='ocrx_word' id='word_1_238' title='bbox 2908 1709 3013 1747; x_wconf 90' lang='lat' dir='ltr'><strong>non</strong></span> <span class='ocrx_word' id='word_1_239' title='bbox 3045 1695 3332 1759; x_wconf 84' lang='lat' dir='ltr'><strong>deterruit,</strong></span> <span class='ocrx_word' id='word_1_240' title='bbox 3365 1705 3420 1748; x_wconf 83' lang='lat' dir='ltr'><strong>ut</strong></span> 
     </span>
    </p>
   </div>
   <div class='ocr_carea' id='block_1_32' title="bbox 163 1777 1754 1850">
    <p class='ocr_par' dir='ltr' id='par_1_32' title="bbox 163 1777 1754 1850">
     <span class='ocr_line' id='line_1_32' title="bbox 163 1777 1754 1850; baseline -0.004 -14"><span class='ocrx_word' id='word_1_241' title='bbox 163 1785 233 1836; x_wconf 87' lang='lat' dir='ltr'><strong>ad</strong></span> <span class='ocrx_word' id='word_1_242' title='bbox 266 1783 569 1838; x_wconf 80' lang='lat' dir='ltr'><strong>Historiam</strong></span> <span class='ocrx_word' id='word_1_243' title='bbox 604 1782 913 1837; x_wconf 80' lang='lat' dir='ltr'><strong>Francicam</strong></span> <span class='ocrx_word' id='word_1_244' title='bbox 949 1782 1233 1850; x_wconf 88' lang='lat' dir='ltr'><strong>pertinent.</strong></span> <span class='ocrx_word' id='word_1_245' title='bbox 1266 1779 1378 1833; x_wconf 85' lang='lat' dir='ltr'><strong>Non</strong></span> <span class='ocrx_word' id='word_1_246' title='bbox 1411 1778 1551 1831; x_wconf 89' lang='lat' dir='ltr'><strong>enim</strong></span> <span class='ocrx_word' id='word_1_247' title='bbox 1584 1777 1754 1831; x_wconf 91' lang='lat' dir='ltr'><strong>solam</strong></span> 
     </span>
    </p>
   </div>
   <div class='ocr_carea' id='block_1_33' title="bbox 170 1871 1755 1945">
    <p class='ocr_par' dir='ltr' id='par_1_33' title="bbox 170 1871 1755 1945">
     <span class='ocr_line' id='line_1_33' title="bbox 170 1871 1755 1945; baseline -0.004 -15"><span class='ocrx_word' id='word_1_248' title='bbox 170 1877 490 1945; x_wconf 78' lang='lat' dir='ltr'><strong>Fredegarii</strong></span> <span class='ocrx_word' id='word_1_249' title='bbox 529 1875 813 1943; x_wconf 84' lang='lat' dir='ltr'><strong>Epitomcn</strong></span> <span class='ocrx_word' id='word_1_250' title='bbox 835 1915 850 1939; x_wconf 93' lang='lat'><strong>,</strong></span> <span class='ocrx_word' id='word_1_251' title='bbox 879 1891 996 1940; x_wconf 66' lang='lat' dir='ltr'><strong>quae</strong></span> <span class='ocrx_word' id='word_1_252' title='bbox 1021 1884 1102 1929; x_wconf 89' lang='lat' dir='ltr'><strong>est</strong></span> <span class='ocrx_word' id='word_1_253' title='bbox 1133 1874 1376 1927; x_wconf 71' lang='lat' dir='ltr'><strong>llismrize</strong></span> <span class='ocrx_word' id='word_1_254' title='bbox 1408 1871 1755 1939; x_wconf 70' lang='lat' dir='ltr'><strong>Gregoriante</strong></span> 
     </span>
    </p>
   </div>
   <div class='ocr_carea' id='block_1_34' title="bbox 167 1966 1752 2036">
    <p class='ocr_par' dir='ltr' id='par_1_34' title="bbox 167 1966 1752 2036">
     <span class='ocr_line' id='line_1_34' title="bbox 167 1966 1752 2036; baseline -0.003 -13"><span class='ocrx_word' id='word_1_255' title='bbox 167 1970 530 2036; x_wconf 70' lang='lat' dir='ltr'><strong>breviarium,</strong></span> <span class='ocrx_word' id='word_1_256' title='bbox 564 1968 864 2032; x_wconf 82' lang='lat' dir='ltr'><strong>edidimus;</strong></span> <span class='ocrx_word' id='word_1_257' title='bbox 893 1968 987 2022; x_wconf 88' lang='lat' dir='ltr'><strong>sed</strong></span> <span class='ocrx_word' id='word_1_258' title='bbox 1010 1977 1062 2022; x_wconf 90' lang='lat' dir='ltr'><strong>et</strong></span> <span class='ocrx_word' id='word_1_259' title='bbox 1087 1969 1256 2036; x_wconf 84' lang='lat' dir='ltr'><strong>ipsum</strong></span> <span class='ocrx_word' id='word_1_260' title='bbox 1286 1967 1403 2035; x_wconf 92' lang='lat' dir='ltr'><strong>ejus</strong></span> <span class='ocrx_word' id='word_1_261' title='bbox 1428 1966 1752 2019; x_wconf 82' lang='lat' dir='ltr'><strong>Chronicum</strong></span> 
     </span>
    </p>
   </div>
   <div class='ocr_carea' id='block_1_35' title="bbox 172 2056 1754 2128">
    <p class='ocr_par' dir='ltr' id='par_1_35' title="bbox 172 2056 1754 2128">
     <span class='ocr_line' id='line_1_35' title="bbox 172 2056 1754 2128; baseline -0.003 -15"><span class='ocrx_word' id='word_1_262' title='bbox 172 2075 232 2113; x_wconf 81' lang='lat' dir='ltr'><strong>ac</strong></span> <span class='ocrx_word' id='word_1_263' title='bbox 261 2062 407 2114; x_wconf 90' lang='lat' dir='ltr'><strong>illius</strong></span> <span class='ocrx_word' id='word_1_264' title='bbox 442 2061 842 2114; x_wconf 87' lang='lat' dir='ltr'><strong>continuatores</strong></span> <span class='ocrx_word' id='word_1_265' title='bbox 867 2075 1033 2127; x_wconf 90' lang='lat' dir='ltr'><strong>usque</strong></span> <span class='ocrx_word' id='word_1_266' title='bbox 1061 2060 1125 2112; x_wconf 92' lang='lat' dir='ltr'><strong>ad</strong></span> <span class='ocrx_word' id='word_1_267' title='bbox 1155 2056 1361 2126; x_wconf 85' lang='lat' dir='ltr'><strong>Pippiui</strong></span> <span class='ocrx_word' id='word_1_268' title='bbox 1390 2059 1527 2128; x_wconf 87' lang='lat' dir='ltr'><strong>regis</strong></span> <span class='ocrx_word' id='word_1_269' title='bbox 1556 2058 1754 2110; x_wconf 89' lang='lat' dir='ltr'><strong>obitum</strong></span> 
     </span>
    </p>
   </div>
   <div class='ocr_carea' id='block_1_36' title="bbox 182 2148 1754 2219">
    <p class='ocr_par' dir='ltr' id='par_1_36' title="bbox 182 2148 1754 2219">
     <span class='ocr_line' id='line_1_36' title="bbox 182 2148 1754 2219; baseline -0.003 -14"><span class='ocrx_word' id='word_1_270' title='bbox 182 2163 234 2206; x_wconf 88' lang='lat' dir='ltr'><strong>et</strong></span> <span class='ocrx_word' id='word_1_271' title='bbox 263 2154 385 2219; x_wconf 87' lang='lat' dir='ltr'><strong>ejus</strong></span> <span class='ocrx_word' id='word_1_272' title='bbox 435 2152 662 2205; x_wconf 83' lang='lat' dir='ltr'><strong>filiorum</strong></span> <span class='ocrx_word' id='word_1_273' title='bbox 703 2152 1042 2204; x_wconf 82' lang='lat' dir='ltr'><strong>Carlomanui</strong></span> <span class='ocrx_word' id='word_1_274' title='bbox 1085 2159 1138 2203; x_wconf 88' lang='lat' dir='ltr'><strong>et</strong></span> <span class='ocrx_word' id='word_1_275' title='bbox 1175 2149 1349 2204; x_wconf 83' lang='lat' dir='ltr'><strong>Caroli</strong></span> <span class='ocrx_word' id='word_1_276' title='bbox 1395 2148 1754 2217; x_wconf 84' lang='lat' dir='ltr'><strong>inauguratio-</strong></span> 
     </span>
    </p>
   </div>
   <div class='ocr_carea' id='block_1_37' title="bbox 185 2238 1756 2312">
    <p class='ocr_par' dir='ltr' id='par_1_37' title="bbox 185 2238 1756 2312">
     <span class='ocr_line' id='line_1_37' title="bbox 185 2238 1756 2312; baseline -0.001 -17"><span class='ocrx_word' id='word_1_277' title='bbox 185 2258 329 2308; x_wconf 88' lang='lat' dir='ltr'><strong>nem,</strong></span> <span class='ocrx_word' id='word_1_278' title='bbox 360 2243 692 2312; x_wconf 88' lang='lat' dir='ltr'><strong>subjungere</strong></span> <span class='ocrx_word' id='word_1_279' title='bbox 721 2242 893 2296; x_wconf 87' lang='lat' dir='ltr'><strong>visum</strong></span> <span class='ocrx_word' id='word_1_280' title='bbox 927 2250 1038 2308; x_wconf 84' lang='lat' dir='ltr'><strong>est,</strong></span> <span class='ocrx_word' id='word_1_281' title='bbox 1069 2241 1136 2294; x_wconf 89' lang='lat' dir='ltr'><strong>de</strong></span> <span class='ocrx_word' id='word_1_282' title='bbox 1169 2239 1360 2308; x_wconf 90' lang='lat' dir='ltr'><strong>quibus</strong></span> <span class='ocrx_word' id='word_1_283' title='bbox 1387 2238 1609 2293; x_wconf 88' lang='lat' dir='ltr'><strong>inferius</strong></span> <span class='ocrx_word' id='word_1_284' title='bbox 1633 2253 1756 2307; x_wconf 86' lang='lat' dir='ltr'><strong>spe-</strong></span> 
     </span>
    </p>
   </div>
   <div class='ocr_carea' id='block_1_38' title="bbox 187 2332 1755 2404">
    <p class='ocr_par' dir='ltr' id='par_1_38' title="bbox 187 2332 1755 2404">
     <span class='ocr_line' id='line_1_38' title="bbox 187 2332 1755 2404; baseline -0.001 -16"><span class='ocrx_word' id='word_1_285' title='bbox 187 2335 356 2388; x_wconf 85' lang='lat' dir='ltr'><strong>ciatim</strong></span> <span class='ocrx_word' id='word_1_286' title='bbox 380 2335 646 2389; x_wconf 86' lang='lat' dir='ltr'><strong>dicemus.</strong></span> <span class='ocrx_word' id='word_1_287' title='bbox 673 2334 1030 2404; x_wconf 87' lang='lat' dir='ltr'><strong>Appendiccm</strong></span> <span class='ocrx_word' id='word_1_288' title='bbox 1051 2348 1260 2402; x_wconf 89' lang='lat' dir='ltr'><strong>quoque</strong></span> <span class='ocrx_word' id='word_1_289' title='bbox 1287 2332 1610 2400; x_wconf 87' lang='lat' dir='ltr'><strong>addidimus,</strong></span> <span class='ocrx_word' id='word_1_290' title='bbox 1637 2347 1755 2402; x_wconf 67' lang='lat' dir='ltr'><strong>quae</strong></span> 
     </span>
    </p>
   </div>
   <div class='ocr_carea' id='block_1_39' title="bbox 192 2423 1753 2498">
    <p class='ocr_par' dir='ltr' id='par_1_39' title="bbox 192 2423 1753 2498">
     <span class='ocr_line' id='line_1_39' title="bbox 192 2423 1753 2498; baseline -0.001 -18"><span class='ocrx_word' id='word_1_291' title='bbox 192 2438 384 2483; x_wconf 83' lang='lat' dir='ltr'><strong>vetusta</strong></span> <span class='ocrx_word' id='word_1_292' title='bbox 427 2428 674 2493; x_wconf 60' lang='lat' dir='ltr'><strong>quasdam</strong></span> <span class='ocrx_word' id='word_1_293' title='bbox 716 2431 888 2498; x_wconf 90' lang='lat' dir='ltr'><strong>gentis</strong></span> <span class='ocrx_word' id='word_1_294' title='bbox 932 2435 1156 2491; x_wconf 70' lang='lat' dir='ltr'><strong>nostrae,</strong></span> <span class='ocrx_word' id='word_1_295' title='bbox 1205 2435 1311 2480; x_wconf 89' lang='lat' dir='ltr'><strong>tam</strong></span> <span class='ocrx_word' id='word_1_296' title='bbox 1340 2423 1753 2490; x_wconf 63' lang='lat' dir='ltr'><strong>ecclesiasticae,</strong></span> 
     </span>
    </p>
   </div>
   <div class='ocr_carea' id='block_1_40' title="bbox 197 2513 1756 2595">
    <p class='ocr_par' dir='ltr' id='par_1_40' title="bbox 197 2513 1756 2595">
     <span class='ocr_line' id='line_1_40' title="bbox 197 2513 1756 2595; baseline -0.001 -27"><span class='ocrx_word' id='word_1_297' title='bbox 197 2532 336 2586; x_wconf 86' lang='lat' dir='ltr'><strong>quam</strong></span> <span class='ocrx_word' id='word_1_298' title='bbox 379 2518 559 2572; x_wconf 77' lang='lat' dir='ltr'><strong>civilis</strong></span> <span class='ocrx_word' id='word_1_299' title='bbox 609 2517 846 2571; x_wconf 73' lang='lat' dir='ltr'><strong>historia:</strong></span> <span class='ocrx_word' id='word_1_300' title='bbox 889 2525 1231 2570; x_wconf 82' lang='lat' dir='ltr'><strong>monumenta</strong></span> <span class='ocrx_word' id='word_1_301' title='bbox 1273 2513 1756 2595; x_wconf 28' lang='lat' dir='ltr'><strong>complectiturnea</strong></span> 
     </span>
    </p>
   </div>
   <div class='ocr_carea' id='block_1_41' title="bbox 195 2605 1752 2676">
    <p class='ocr_par' dir='ltr' id='par_1_41' title="bbox 195 2605 1752 2676">
     <span class='ocr_line' id='line_1_41' title="bbox 195 2605 1752 2676; baseline -0.001 -17"><span class='ocrx_word' id='word_1_302' title='bbox 195 2607 379 2660; x_wconf 73' lang='lat' dir='ltr'><strong>scilicet</strong></span> <span class='ocrx_word' id='word_1_303' title='bbox 405 2622 528 2676; x_wconf 71' lang='lat' dir='ltr'><strong>qua:</strong></span> <span class='ocrx_word' id='word_1_304' title='bbox 559 2606 852 2675; x_wconf 81' lang='lat' dir='ltr'><strong>Gregorius</strong></span> <span class='ocrx_word' id='word_1_305' title='bbox 884 2615 1066 2661; x_wconf 90' lang='lat' dir='ltr'><strong>noster</strong></span> <span class='ocrx_word' id='word_1_306' title='bbox 1093 2605 1299 2668; x_wconf 89' lang='lat' dir='ltr'><strong>laudat,</strong></span> <span class='ocrx_word' id='word_1_307' title='bbox 1340 2614 1431 2658; x_wconf 89' lang='lat' dir='ltr'><strong>aut</strong></span> <span class='ocrx_word' id='word_1_308' title='bbox 1467 2619 1587 2673; x_wconf 70' lang='lat' dir='ltr'><strong>qua:</strong></span> <span class='ocrx_word' id='word_1_309' title='bbox 1617 2618 1752 2658; x_wconf 87' lang='lat' dir='ltr'><strong>con-</strong></span> 
     </span>
    </p>
   </div>
   <div class='ocr_carea' id='block_1_42' title="bbox 201 2698 1754 2769">
    <p class='ocr_par' dir='ltr' id='par_1_42' title="bbox 201 2698 1754 2769">
     <span class='ocr_line' id='line_1_42' title="bbox 201 2698 1754 2769; baseline -0.002 -15"><span class='ocrx_word' id='word_1_310' title='bbox 201 2702 351 2755; x_wconf 77' lang='lat' dir='ltr'><strong>ferunt</strong></span> <span class='ocrx_word' id='word_1_311' title='bbox 395 2703 618 2756; x_wconf 88' lang='lat' dir='ltr'><strong>omnino</strong></span> <span class='ocrx_word' id='word_1_312' title='bbox 667 2701 733 2755; x_wconf 91' lang='lat' dir='ltr'><strong>ad</strong></span> <span class='ocrx_word' id='word_1_313' title='bbox 788 2700 1098 2756; x_wconf 86' lang='lat' dir='ltr'><strong>illustranda</strong></span> <span class='ocrx_word' id='word_1_314' title='bbox 1148 2700 1267 2769; x_wconf 86' lang='lat' dir='ltr'><strong>ejus</strong></span> <span class='ocrx_word' id='word_1_315' title='bbox 1311 2707 1403 2753; x_wconf 89' lang='lat' dir='ltr'><strong>aut</strong></span> <span class='ocrx_word' id='word_1_316' title='bbox 1449 2698 1754 2768; x_wconf 85' lang='lat' dir='ltr'><strong>Frcdegarii</strong></span> 
     </span>
    </p>
   </div>
   <div class='ocr_carea' id='block_1_43' title="bbox 203 2791 1755 2861">
    <p class='ocr_par' dir='ltr' id='par_1_43' title="bbox 203 2791 1755 2861">
     <span class='ocr_line' id='line_1_43' title="bbox 203 2791 1755 2861; baseline -0.002 -15"><span class='ocrx_word' id='word_1_317' title='bbox 203 2795 396 2861; x_wconf 68' lang='lat' dir='ltr'><strong>scripta.</strong></span> <span class='ocrx_word' id='word_1_318' title='bbox 432 2794 642 2848; x_wconf 86' lang='lat' dir='ltr'><strong>Indices</strong></span> <span class='ocrx_word' id='word_1_319' title='bbox 674 2793 847 2847; x_wconf 88' lang='lat' dir='ltr'><strong>varios</strong></span> <span class='ocrx_word' id='word_1_320' title='bbox 877 2794 1102 2846; x_wconf 87' lang='lat' dir='ltr'><strong>omitto:</strong></span> <span class='ocrx_word' id='word_1_321' title='bbox 1133 2807 1249 2859; x_wconf 70' lang='lat' dir='ltr'><strong>qua:</strong></span> <span class='ocrx_word' id='word_1_322' title='bbox 1279 2791 1456 2844; x_wconf 90' lang='lat' dir='ltr'><strong>omnia</strong></span> <span class='ocrx_word' id='word_1_323' title='bbox 1485 2805 1606 2844; x_wconf 91' lang='lat' dir='ltr'><strong>cum</strong></span> <span class='ocrx_word' id='word_1_324' title='bbox 1639 2792 1755 2844; x_wconf 85' lang='lat' dir='ltr'><strong>uni-</strong></span> 
     </span>
    </p>
   </div>
   <div class='ocr_carea' id='block_1_44' title="bbox 207 2881 1754 2953">
    <p class='ocr_par' dir='ltr' id='par_1_44' title="bbox 207 2881 1754 2953">
     <span class='ocr_line' id='line_1_44' title="bbox 207 2881 1754 2953; baseline -0.003 -15"><span class='ocrx_word' id='word_1_325' title='bbox 207 2886 372 2952; x_wconf 83' lang='lat' dir='ltr'><strong>cuique</strong></span> <span class='ocrx_word' id='word_1_326' title='bbox 416 2884 614 2953; x_wconf 81' lang='lat' dir='ltr'><strong>legenti</strong></span> <span class='ocrx_word' id='word_1_327' title='bbox 642 2883 795 2938; x_wconf 87' lang='lat' dir='ltr'><strong>obvia</strong></span> <span class='ocrx_word' id='word_1_328' title='bbox 825 2883 967 2947; x_wconf 86' lang='lat' dir='ltr'><strong>sint,</strong></span> <span class='ocrx_word' id='word_1_329' title='bbox 999 2881 1164 2936; x_wconf 80' lang='lat' dir='ltr'><strong>fusius</strong></span> <span class='ocrx_word' id='word_1_330' title='bbox 1207 2882 1476 2950; x_wconf 83' lang='lat' dir='ltr'><strong>explicare</strong></span> <span class='ocrx_word' id='word_1_331' title='bbox 1517 2896 1623 2934; x_wconf 91' lang='lat' dir='ltr'><strong>non</strong></span> <span class='ocrx_word' id='word_1_332' title='bbox 1667 2881 1754 2934; x_wconf 90' lang='lat' dir='ltr'><strong>vi-</strong></span> 
     </span>
    </p>
   </div>
   <div class='ocr_carea' id='block_1_45' title="bbox 203 2972 1752 3044">
    <p class='ocr_par' dir='ltr' id='par_1_45' title="bbox 203 2972 1752 3044">
     <span class='ocr_line' id='line_1_45' title="bbox 203 2972 1752 3044; baseline -0.001 -14"><span class='ocrx_word' id='word_1_333' title='bbox 203 2976 335 3031; x_wconf 84' lang='lat' dir='ltr'><strong>detur</strong></span> <span class='ocrx_word' id='word_1_334' title='bbox 360 2991 482 3030; x_wconf 89' lang='lat' dir='ltr'><strong>esse</strong></span> <span class='ocrx_word' id='word_1_335' title='bbox 523 2991 706 3044; x_wconf 76' lang='lat' dir='ltr'><strong>operte</strong></span> <span class='ocrx_word' id='word_1_336' title='bbox 749 2975 995 3043; x_wconf 90' lang='lat' dir='ltr'><strong>pretium.</strong></span> <span class='ocrx_word' id='word_1_337' title='bbox 1041 2977 1110 3028; x_wconf 79' lang='lat' dir='ltr'><strong>At</strong></span> <span class='ocrx_word' id='word_1_338' title='bbox 1148 2989 1268 3028; x_wconf 90' lang='lat' dir='ltr'><strong>cum</strong></span> <span class='ocrx_word' id='word_1_339' title='bbox 1309 2974 1374 3027; x_wconf 86' lang='lat' dir='ltr'><strong>ad</strong></span> <span class='ocrx_word' id='word_1_340' title='bbox 1415 2972 1752 3028; x_wconf 88' lang='lat' dir='ltr'><strong>asserendam</strong></span> 
     </span>
    </p>
   </div>
   <div class='ocr_carea' id='block_1_46' title="bbox 1857 1779 3418 1856">
    <p class='ocr_par' dir='ltr' id='par_1_46' title="bbox 1857 1779 3418 1856">
     <span class='ocr_line' id='line_1_46' title="bbox 1857 1779 3418 1856; baseline 0.004 -24"><span class='ocrx_word' id='word_1_341' title='bbox 1857 1793 1925 1832; x_wconf 91' lang='lat' dir='ltr'><strong>ne</strong></span> <span class='ocrx_word' id='word_1_342' title='bbox 1953 1779 2019 1833; x_wconf 89' lang='lat' dir='ltr'><strong>de</strong></span> <span class='ocrx_word' id='word_1_343' title='bbox 2051 1781 2212 1834; x_wconf 91' lang='lat' dir='ltr'><strong>verbo</strong></span> <span class='ocrx_word' id='word_1_344' title='bbox 2243 1781 2307 1834; x_wconf 91' lang='lat' dir='ltr'><strong>ad</strong></span> <span class='ocrx_word' id='word_1_345' title='bbox 2340 1783 2558 1836; x_wconf 89' lang='lat' dir='ltr'><strong>verbum</strong></span> <span class='ocrx_word' id='word_1_346' title='bbox 2587 1782 2760 1851; x_wconf 89' lang='lat' dir='ltr'><strong>ipsum</strong></span> <span class='ocrx_word' id='word_1_347' title='bbox 2800 1798 2919 1837; x_wconf 91' lang='lat' dir='ltr'><strong>cum</strong></span> <span class='ocrx_word' id='word_1_348' title='bbox 2961 1783 3119 1838; x_wconf 90' lang='lat' dir='ltr'><strong>editis</strong></span> <span class='ocrx_word' id='word_1_349' title='bbox 3159 1786 3418 1856; x_wconf 80' lang='lat' dir='ltr'><strong>integrant</strong></span> 
     </span>
    </p>
   </div>
   <div class='ocr_carea' id='block_1_47' title="bbox 1857 1870 3418 1944">
    <p class='ocr_par' dir='ltr' id='par_1_47' title="bbox 1857 1870 3418 1944">
     <span class='ocr_line' id='line_1_47' title="bbox 1857 1870 3418 1944; baseline 0.006 -20"><span class='ocrx_word' id='word_1_350' title='bbox 1857 1870 2175 1924; x_wconf 87' lang='lat' dir='ltr'><strong>conferrem.</strong></span> <span class='ocrx_word' id='word_1_351' title='bbox 2205 1871 2445 1940; x_wconf 88' lang='lat' dir='ltr'><strong>Scriptus</strong></span> <span class='ocrx_word' id='word_1_352' title='bbox 2491 1882 2572 1926; x_wconf 90' lang='lat' dir='ltr'><strong>est</strong></span> <span class='ocrx_word' id='word_1_353' title='bbox 2639 1873 2828 1928; x_wconf 89' lang='lat' dir='ltr'><strong>litteris</strong></span> <span class='ocrx_word' id='word_1_354' title='bbox 2879 1891 3009 1943; x_wconf 89' lang='lat' dir='ltr'><strong>quas</strong></span> <span class='ocrx_word' id='word_1_355' title='bbox 3052 1877 3206 1944; x_wconf 91' lang='lat' dir='ltr'><strong>vulgo</strong></span> <span class='ocrx_word' id='word_1_356' title='bbox 3246 1878 3418 1932; x_wconf 80' lang='lat' dir='ltr'><strong>Mero-</strong></span> 
     </span>
    </p>
   </div>
   <div class='ocr_carea' id='block_1_48' title="bbox 1853 1962 3415 2038">
    <p class='ocr_par' dir='ltr' id='par_1_48' title="bbox 1853 1962 3415 2038">
     <span class='ocr_line' id='line_1_48' title="bbox 1853 1962 3415 2038; baseline 0.006 -24"><span class='ocrx_word' id='word_1_357' title='bbox 1853 1962 2091 2032; x_wconf 87' lang='lat' dir='ltr'><strong>vingicas</strong></span> <span class='ocrx_word' id='word_1_358' title='bbox 2136 1978 2229 2018; x_wconf 90' lang='lat' dir='ltr'><strong>seu</strong></span> <span class='ocrx_word' id='word_1_359' title='bbox 2280 1963 2704 2034; x_wconf 85' lang='lat' dir='ltr'><strong>Francogallicas</strong></span> <span class='ocrx_word' id='word_1_360' title='bbox 2751 1966 3122 2034; x_wconf 78' lang='lat' dir='ltr'><strong>appellamus,</strong></span> <span class='ocrx_word' id='word_1_361' title='bbox 3171 1968 3323 2038; x_wconf 87' lang='lat' dir='ltr'><strong>cujus</strong></span> <span class='ocrx_word' id='word_1_362' title='bbox 3370 1970 3415 2024; x_wconf 89' lang='lat' dir='ltr'><strong>si</strong></span> 
     </span>
    </p>
   </div>
   <div class='ocr_carea' id='block_1_49' title="bbox 1855 2047 3417 2127">
    <p class='ocr_par' dir='ltr' id='par_1_49' title="bbox 1855 2047 3417 2127">
     <span class='ocr_line' id='line_1_49' title="bbox 1855 2047 3417 2127; baseline 0.004 -20"><span class='ocrx_word' id='word_1_363' title='bbox 1855 2054 2195 2109; x_wconf 90' lang='lat' dir='ltr'><strong>characteres</strong></span> <span class='ocrx_word' id='word_1_364' title='bbox 2217 2096 2233 2120; x_wconf 88' lang='lat'><strong>,</strong></span> <span class='ocrx_word' id='word_1_365' title='bbox 2271 2065 2327 2108; x_wconf 89' lang='lat' dir='ltr'><strong>ut</strong></span> <span class='ocrx_word' id='word_1_366' title='bbox 2356 2056 2527 2124; x_wconf 89' lang='lat' dir='ltr'><strong>reipsa</strong></span> <span class='ocrx_word' id='word_1_367' title='bbox 2560 2058 2765 2110; x_wconf 83' lang='lat' dir='ltr'><strong>exarati</strong></span> <span class='ocrx_word' id='word_1_368' title='bbox 2792 2047 2943 2123; x_wconf 85' lang='lat' dir='ltr'><strong>sunt,</strong></span> <span class='ocrx_word' id='word_1_369' title='bbox 2975 2059 3092 2127; x_wconf 91' lang='lat' dir='ltr'><strong>quis</strong></span> <span class='ocrx_word' id='word_1_370' title='bbox 3123 2059 3303 2114; x_wconf 90' lang='lat' dir='ltr'><strong>videre</strong></span> <span class='ocrx_word' id='word_1_371' title='bbox 3330 2075 3417 2113; x_wconf 85' lang='lat' dir='ltr'><strong>vo-</strong></span> 
     </span>
    </p>
   </div>
   <div class='ocr_carea' id='block_1_50' title="bbox 1857 2145 3417 2219">
    <p class='ocr_par' dir='ltr' id='par_1_50' title="bbox 1857 2145 3417 2219">
     <span class='ocr_line' id='line_1_50' title="bbox 1857 2145 3417 2219; baseline 0.006 -21"><span class='ocrx_word' id='word_1_372' title='bbox 1857 2145 2049 2211; x_wconf 90' lang='lat' dir='ltr'><strong>luerit,</strong></span> <span class='ocrx_word' id='word_1_373' title='bbox 2101 2145 2257 2200; x_wconf 88' lang='lat' dir='ltr'><strong>adeat</strong></span> <span class='ocrx_word' id='word_1_374' title='bbox 2309 2147 2505 2202; x_wconf 93' lang='lat' dir='ltr'><strong>librum</strong></span> <span class='ocrx_word' id='word_1_375' title='bbox 2555 2149 2621 2203; x_wconf 91' lang='lat' dir='ltr'><strong>de</strong></span> <span class='ocrx_word' id='word_1_376' title='bbox 2669 2150 2748 2204; x_wconf 77' lang='lat' dir='ltr'><strong>Re</strong></span> <span class='ocrx_word' id='word_1_377' title='bbox 2788 2149 3124 2219; x_wconf 87' lang='lat' dir='ltr'><strong>diplomatica</strong></span> <span class='ocrx_word' id='word_1_378' title='bbox 3167 2167 3195 2204; x_wconf 90' lang='lat' dir='ltr'><strong>a</strong></span> <span class='ocrx_word' id='word_1_379' title='bbox 3237 2165 3417 2208; x_wconf 90' lang='lat' dir='ltr'><strong>nostro</strong></span> 
     </span>
    </p>
   </div>
   <div class='ocr_carea' id='block_1_51' title="bbox 1849 2228 3418 2312">
    <p class='ocr_par' dir='ltr' id='par_1_51' title="bbox 1849 2228 3418 2312">
     <span class='ocr_line' id='line_1_51' title="bbox 1849 2228 3418 2312; baseline 0.006 -22"><span class='ocrx_word' id='word_1_380' title='bbox 1849 2228 2161 2292; x_wconf 80' lang='lat' dir='ltr'><strong>Mabillonio</strong></span> <span class='ocrx_word' id='word_1_381' title='bbox 2183 2237 2413 2304; x_wconf 90' lang='lat' dir='ltr'><strong>editum,</strong></span> <span class='ocrx_word' id='word_1_382' title='bbox 2444 2240 2618 2310; x_wconf 92' lang='lat' dir='ltr'><strong>ibique</strong></span> <span class='ocrx_word' id='word_1_383' title='bbox 2648 2240 2782 2295; x_wconf 92' lang='lat' dir='ltr'><strong>libro</strong></span> <span class='ocrx_word' id='word_1_384' title='bbox 2813 2257 2884 2307; x_wconf 83' lang='lat' dir='ltr'><strong>IV,</strong></span> <span class='ocrx_word' id='word_1_385' title='bbox 2921 2258 3037 2312; x_wconf 91' lang='lat' dir='ltr'><strong>pag.</strong></span> <span class='ocrx_word' id='word_1_386' title='bbox 3068 2241 3169 2296; x_wconf 71' lang='lat'><strong>349</strong></span> <span class='ocrx_word' id='word_1_387' title='bbox 3190 2284 3204 2306; x_wconf 95' lang='lat'><strong>,</strong></span> <span class='ocrx_word' id='word_1_388' title='bbox 3234 2259 3418 2300; x_wconf 92' lang='lat' dir='ltr'><strong>eorum</strong></span> 
     </span>
    </p>
   </div>
   <div class='ocr_carea' id='block_1_52' title="bbox 1855 2327 3404 2402">
    <p class='ocr_par' dir='ltr' id='par_1_52' title="bbox 1855 2327 3404 2402">
     <span class='ocr_line' id='line_1_52' title="bbox 1855 2327 3404 2402; baseline 0.007 -23"><span class='ocrx_word' id='word_1_389' title='bbox 1855 2329 2120 2394; x_wconf 90' lang='lat' dir='ltr'><strong>specimen</strong></span> <span class='ocrx_word' id='word_1_390' title='bbox 2151 2342 2215 2381; x_wconf 82' lang='lat' dir='ltr'><strong>ex</strong></span> <span class='ocrx_word' id='word_1_391' title='bbox 2246 2327 2360 2395; x_wconf 90' lang='lat' dir='ltr'><strong>ipso</strong></span> <span class='ocrx_word' id='word_1_392' title='bbox 2387 2328 2570 2384; x_wconf 90' lang='lat' dir='ltr'><strong>codice</strong></span> <span class='ocrx_word' id='word_1_393' title='bbox 2599 2331 2692 2384; x_wconf 75' lang='lat' dir='ltr'><strong>aeri</strong></span> <span class='ocrx_word' id='word_1_394' title='bbox 2725 2331 2946 2385; x_wconf 90' lang='lat' dir='ltr'><strong>incisum</strong></span> <span class='ocrx_word' id='word_1_395' title='bbox 2977 2331 3159 2387; x_wconf 89' lang='lat' dir='ltr'><strong>videre</strong></span> <span class='ocrx_word' id='word_1_396' title='bbox 3189 2345 3404 2402; x_wconf 71' lang='lat' dir='ltr'><strong>poterit.</strong></span> 
     </span>
    </p>
   </div>
   <div class='ocr_carea' id='block_1_53' title="bbox 1930 2419 3420 2483">
    <p class='ocr_par' dir='ltr' id='par_1_53' title="bbox 1930 2419 3420 2483">
     <span class='ocr_line' id='line_1_53' title="bbox 1930 2419 3420 2483; baseline 0.007 -11"><span class='ocrx_word' id='word_1_397' title='bbox 1930 2419 2069 2474; x_wconf 87' lang='lat' dir='ltr'><strong>Duos</strong></span> <span class='ocrx_word' id='word_1_398' title='bbox 2097 2419 2231 2474; x_wconf 89' lang='lat' dir='ltr'><strong>alios</strong></span> <span class='ocrx_word' id='word_1_399' title='bbox 2258 2421 2475 2476; x_wconf 88' lang='lat' dir='ltr'><strong>codices</strong></span> <span class='ocrx_word' id='word_1_400' title='bbox 2506 2423 2783 2477; x_wconf 87' lang='lat' dir='ltr'><strong>habuimus</strong></span> <span class='ocrx_word' id='word_1_401' title='bbox 2818 2439 2850 2478; x_wconf 92' lang='lat' dir='ltr'><strong>e</strong></span> <span class='ocrx_word' id='word_1_402' title='bbox 2883 2425 3189 2480; x_wconf 88' lang='lat' dir='ltr'><strong>Golbertiua</strong></span> <span class='ocrx_word' id='word_1_403' title='bbox 3231 2427 3420 2483; x_wconf 79' lang='lat' dir='ltr'><strong>biblio-</strong></span> 
     </span>
    </p>
   </div>
   <div class='ocr_carea' id='block_1_54' title="bbox 1857 2509 3416 2586">
    <p class='ocr_par' dir='ltr' id='par_1_54' title="bbox 1857 2509 3416 2586">
     <span class='ocr_line' id='line_1_54' title="bbox 1857 2509 3416 2586; baseline 0.006 -21"><span class='ocrx_word' id='word_1_404' title='bbox 1857 2509 2008 2565; x_wconf 81' lang='lat' dir='ltr'><strong>theca</strong></span> <span class='ocrx_word' id='word_1_405' title='bbox 2028 2551 2042 2575; x_wconf 93' lang='lat'><strong>,</strong></span> <span class='ocrx_word' id='word_1_406' title='bbox 2071 2525 2235 2580; x_wconf 90' lang='lat' dir='ltr'><strong>quos,</strong></span> <span class='ocrx_word' id='word_1_407' title='bbox 2268 2513 2390 2580; x_wconf 87' lang='lat' dir='ltr'><strong>quia</strong></span> <span class='ocrx_word' id='word_1_408' title='bbox 2423 2513 2546 2566; x_wconf 90' lang='lat' dir='ltr'><strong>olim</strong></span> <span class='ocrx_word' id='word_1_409' title='bbox 2575 2514 2641 2568; x_wconf 88' lang='lat' dir='ltr'><strong>ad</strong></span> <span class='ocrx_word' id='word_1_410' title='bbox 2667 2516 2736 2569; x_wconf 92' lang='lat' dir='ltr'><strong>cl.</strong></span> <span class='ocrx_word' id='word_1_411' title='bbox 2767 2515 3045 2570; x_wconf 88' lang='lat' dir='ltr'><strong>&#39;l‘huanum</strong></span> <span class='ocrx_word' id='word_1_412' title='bbox 3079 2517 3416 2586; x_wconf 87' lang='lat' dir='ltr'><strong>pertinuere,</strong></span> 
     </span>
    </p>
   </div>
   <div class='ocr_carea' id='block_1_55' title="bbox 1856 2603 3418 2677">
    <p class='ocr_par' dir='ltr' id='par_1_55' title="bbox 1856 2603 3418 2677">
     <span class='ocr_line' id='line_1_55' title="bbox 1856 2603 3418 2677; baseline 0.008 -24"><span class='ocrx_word' id='word_1_413' title='bbox 1856 2603 2141 2657; x_wconf 80' lang='lat' dir='ltr'><strong>&#39;l‘huaneos</strong></span> <span class='ocrx_word' id='word_1_414' title='bbox 2187 2603 2450 2659; x_wconf 78' lang='lat' dir='ltr'><strong>Chesnius</strong></span> <span class='ocrx_word' id='word_1_415' title='bbox 2499 2615 2552 2659; x_wconf 92' lang='lat' dir='ltr'><strong>et</strong></span> <span class='ocrx_word' id='word_1_416' title='bbox 2605 2607 2847 2662; x_wconf 85' lang='lat' dir='ltr'><strong>Valesius</strong></span> <span class='ocrx_word' id='word_1_417' title='bbox 2903 2611 3176 2677; x_wconf 84' lang='lat' dir='ltr'><strong>appellare</strong></span> <span class='ocrx_word' id='word_1_418' title='bbox 3223 2613 3418 2666; x_wconf 88' lang='lat' dir='ltr'><strong>solent.</strong></span> 
     </span>
    </p>
   </div>
   <div class='ocr_carea' id='block_1_56' title="bbox 1855 2693 3419 2756">
    <p class='ocr_par' dir='ltr' id='par_1_56' title="bbox 1855 2693 3419 2756">
     <span class='ocr_line' id='line_1_56' title="bbox 1855 2693 3419 2756; baseline 0.006 -9"><span class='ocrx_word' id='word_1_419' title='bbox 1855 2693 2036 2748; x_wconf 84' lang='lat' dir='ltr'><strong>Maluit</strong></span> <span class='ocrx_word' id='word_1_420' title='bbox 2081 2693 2320 2750; x_wconf 91' lang='lat' dir='ltr'><strong>Cointius</strong></span> <span class='ocrx_word' id='word_1_421' title='bbox 2369 2713 2528 2750; x_wconf 88' lang='lat' dir='ltr'><strong>unum</strong></span> <span class='ocrx_word' id='word_1_422' title='bbox 2575 2714 2643 2753; x_wconf 86' lang='lat' dir='ltr'><strong>ex</strong></span> <span class='ocrx_word' id='word_1_423' title='bbox 2693 2698 2774 2752; x_wconf 91' lang='lat' dir='ltr'><strong>his</strong></span> <span class='ocrx_word' id='word_1_424' title='bbox 2820 2702 2984 2753; x_wconf 80' lang='lat' dir='ltr'><strong>sancti</strong></span> <span class='ocrx_word' id='word_1_425' title='bbox 3026 2701 3296 2755; x_wconf 84' lang='lat' dir='ltr'><strong>Michaelis</strong></span> <span class='ocrx_word' id='word_1_426' title='bbox 3331 2719 3419 2756; x_wconf 91' lang='lat' dir='ltr'><strong>co-</strong></span> 
     </span>
    </p>
   </div>
   <div class='ocr_carea' id='block_1_57' title="bbox 1853 2784 3418 2863">
    <p class='ocr_par' dir='ltr' id='par_1_57' title="bbox 1853 2784 3418 2863">
     <span class='ocr_line' id='line_1_57' title="bbox 1853 2784 3418 2863; baseline 0.008 -26"><span class='ocrx_word' id='word_1_427' title='bbox 1853 2784 2027 2838; x_wconf 86' lang='lat' dir='ltr'><strong>dicem</strong></span> <span class='ocrx_word' id='word_1_428' title='bbox 2059 2786 2271 2849; x_wconf 91' lang='lat' dir='ltr'><strong>dicere,</strong></span> <span class='ocrx_word' id='word_1_429' title='bbox 2301 2789 2440 2857; x_wconf 92' lang='lat' dir='ltr'><strong>quod</strong></span> <span class='ocrx_word' id='word_1_430' title='bbox 2465 2831 2477 2852; x_wconf 92' lang='lat'><strong>,</strong></span> <span class='ocrx_word' id='word_1_431' title='bbox 2513 2801 2568 2841; x_wconf 93' lang='lat' dir='ltr'><strong>ut</strong></span> <span class='ocrx_word' id='word_1_432' title='bbox 2600 2791 2796 2844; x_wconf 90' lang='lat' dir='ltr'><strong>iudicat</strong></span> <span class='ocrx_word' id='word_1_433' title='bbox 2825 2793 3125 2860; x_wconf 71' lang='lat' dir='ltr'><strong>inscriptio,</strong></span> <span class='ocrx_word' id='word_1_434' title='bbox 3159 2793 3211 2846; x_wconf 90' lang='lat' dir='ltr'><strong>in</strong></span> <span class='ocrx_word' id='word_1_435' title='bbox 3242 2797 3418 2863; x_wconf 90' lang='lat' dir='ltr'><strong>aliquo</strong></span> 
     </span>
    </p>
   </div>
   <div class='ocr_carea' id='block_1_58' title="bbox 1856 2873 3415 2952">
    <p class='ocr_par' dir='ltr' id='par_1_58' title="bbox 1856 2873 3415 2952">
     <span class='ocr_line' id='line_1_58' title="bbox 1856 2873 3415 2952; baseline 0.009 -25"><span class='ocrx_word' id='word_1_436' title='bbox 1856 2873 2014 2945; x_wconf 86' lang='lat' dir='ltr'><strong>hujus</strong></span> <span class='ocrx_word' id='word_1_437' title='bbox 2039 2878 2268 2931; x_wconf 89' lang='lat' dir='ltr'><strong>nominis</strong></span> <span class='ocrx_word' id='word_1_438' title='bbox 2297 2881 2616 2933; x_wconf 86' lang='lat' dir='ltr'><strong>monasterio</strong></span> <span class='ocrx_word' id='word_1_439' title='bbox 2643 2883 2870 2952; x_wconf 90' lang='lat' dir='ltr'><strong>scriptus</strong></span> <span class='ocrx_word' id='word_1_440' title='bbox 2895 2883 3083 2948; x_wconf 87' lang='lat' dir='ltr'><strong>fuerit;</strong></span> <span class='ocrx_word' id='word_1_441' title='bbox 3113 2895 3167 2939; x_wconf 90' lang='lat' dir='ltr'><strong>et</strong></span> <span class='ocrx_word' id='word_1_442' title='bbox 3193 2887 3415 2941; x_wconf 81' lang='lat' dir='ltr'><strong>alterum</strong></span> 
     </span>
    </p>
   </div>
   <div class='ocr_carea' id='block_1_59' title="bbox 1857 2967 3417 3040">
    <p class='ocr_par' dir='ltr' id='par_1_59' title="bbox 1857 2967 3417 3040">
     <span class='ocr_line' id='line_1_59' title="bbox 1857 2967 3417 3040; baseline 0.007 -21"><span class='ocrx_word' id='word_1_443' title='bbox 1857 2968 2025 3020; x_wconf 87' lang='lat' dir='ltr'><strong>sancti</strong></span> <span class='ocrx_word' id='word_1_444' title='bbox 2052 2967 2289 3032; x_wconf 83' lang='lat' dir='ltr'><strong>Aruulﬁ,</strong></span> <span class='ocrx_word' id='word_1_445' title='bbox 2318 2982 2410 3021; x_wconf 86' lang='lat' dir='ltr'><strong>seu</strong></span> <span class='ocrx_word' id='word_1_446' title='bbox 2440 2969 2749 3024; x_wconf 87' lang='lat' dir='ltr'><strong>Mettensem</strong></span> <span class='ocrx_word' id='word_1_447' title='bbox 2782 2987 2844 3024; x_wconf 85' lang='lat' dir='ltr'><strong>ex</strong></span> <span class='ocrx_word' id='word_1_448' title='bbox 2878 2974 3167 3040; x_wconf 84' lang='lat' dir='ltr'><strong>percelebri</strong></span> <span class='ocrx_word' id='word_1_449' title='bbox 3201 2992 3417 3029; x_wconf 86' lang='lat' dir='ltr'><strong>monas-</strong></span> 
     </span>
    </p>
   </div>
   <div class='ocr_carea' id='block_1_60' title="bbox 208 3056 3409 3128">
    <p class='ocr_par' dir='ltr' id='par_1_60' title="bbox 208 3056 3409 3128">
     <span class='ocr_line' id='line_1_60' title="bbox 208 3056 3409 3128; baseline 0.003 -19"><span class='ocrx_word' id='word_1_450' title='bbox 208 3079 418 3122; x_wconf 66' lang='grc' dir='ltr'><strong>νεωτυω</strong></span> <span class='ocrx_word' id='word_1_451' title='bbox 477 3076 948 3122; x_wconf 68' lang='lat' dir='ltr'><strong>monumentorum</strong></span> <span class='ocrx_word' id='word_1_452' title='bbox 1006 3068 1372 3120; x_wconf 62' lang='lat' dir='ltr'><strong>auctoritatem</strong></span> <span class='ocrx_word' id='word_1_453' title='bbox 1398 3105 1413 3128; x_wconf 66' lang='lat'><strong>,</strong></span> <span class='ocrx_word' id='word_1_454' title='bbox 1461 3067 1746 3120; x_wconf 70' lang='lat' dir='ltr'><strong>emendan-</strong></span> <span class='ocrx_word' id='word_1_455' title='bbox 1776 3062 1822 3125; x_wconf 82' lang='lat' dir='ltr'>C</span> <span class='ocrx_word' id='word_1_456' title='bbox 1853 3059 2016 3120; x_wconf 82' lang='lat' dir='ltr'><strong>terio,</strong></span> <span class='ocrx_word' id='word_1_457' title='bbox 2048 3056 2113 3110; x_wconf 89' lang='lat' dir='ltr'><strong>ad</strong></span> <span class='ocrx_word' id='word_1_458' title='bbox 2141 3059 2278 3126; x_wconf 88' lang='lat' dir='ltr'><strong>quod</strong></span> <span class='ocrx_word' id='word_1_459' title='bbox 2311 3059 2434 3112; x_wconf 91' lang='lat' dir='ltr'><strong>olim</strong></span> <span class='ocrx_word' id='word_1_460' title='bbox 2467 3060 2737 3127; x_wconf 89' lang='lat' dir='ltr'><strong>pertinuit.</strong></span> <span class='ocrx_word' id='word_1_461' title='bbox 2769 3061 2919 3116; x_wconf 90' lang='lat' dir='ltr'><strong>Prior</strong></span> <span class='ocrx_word' id='word_1_462' title='bbox 2956 3062 3023 3116; x_wconf 88' lang='lat' dir='ltr'><strong>ab</strong></span> <span class='ocrx_word' id='word_1_463' title='bbox 3059 3065 3212 3118; x_wconf 77' lang='lat' dir='ltr'><strong>annis</strong></span> <span class='ocrx_word' id='word_1_464' title='bbox 3253 3065 3409 3119; x_wconf 91' lang='lat' dir='ltr'><strong>circi-</strong></span> 
     </span>
    </p>
   </div>
   <div class='ocr_carea' id='block_1_61' title="bbox 208 3155 1752 3228">
    <p class='ocr_par' dir='ltr' id='par_1_61' title="bbox 208 3155 1752 3228">
     <span class='ocr_line' id='line_1_61' title="bbox 208 3155 1752 3228; baseline -0.003 -16"><span class='ocrx_word' id='word_1_465' title='bbox 208 3159 382 3228; x_wconf 85' lang='lat' dir='ltr'><strong>dosque</strong></span> <span class='ocrx_word' id='word_1_466' title='bbox 411 3173 601 3213; x_wconf 86' lang='lat' dir='ltr'><strong>eorum</strong></span> <span class='ocrx_word' id='word_1_467' title='bbox 643 3170 888 3222; x_wconf 76' lang='lat' dir='ltr'><strong>errores,</strong></span> <span class='ocrx_word' id='word_1_468' title='bbox 928 3157 1213 3225; x_wconf 88' lang='lat' dir='ltr'><strong>plurimum</strong></span> <span class='ocrx_word' id='word_1_469' title='bbox 1251 3157 1492 3210; x_wconf 89' lang='lat' dir='ltr'><strong>conferat</strong></span> <span class='ocrx_word' id='word_1_470' title='bbox 1528 3155 1752 3223; x_wconf 90' lang='lat' dir='ltr'><strong>qualitas</strong></span> 
     </span>
    </p>
   </div>
   <div class='ocr_carea' id='block_1_62' title="bbox 202 3247 1751 3319">
    <p class='ocr_par' dir='ltr' id='par_1_62' title="bbox 202 3247 1751 3319">
     <span class='ocr_line' id='line_1_62' title="bbox 202 3247 1751 3319; baseline -0.003 -14"><span class='ocrx_word' id='word_1_471' title='bbox 202 3251 448 3314; x_wconf 87' lang='lat' dir='ltr'><strong>codicum,</strong></span> <span class='ocrx_word' id='word_1_472' title='bbox 479 3265 544 3304; x_wconf 81' lang='lat' dir='ltr'><strong>ex</strong></span> <span class='ocrx_word' id='word_1_473' title='bbox 584 3249 776 3319; x_wconf 89' lang='lat' dir='ltr'><strong>quibus</strong></span> <span class='ocrx_word' id='word_1_474' title='bbox 821 3249 901 3303; x_wconf 90' lang='lat' dir='ltr'><strong>vel</strong></span> <span class='ocrx_word' id='word_1_475' title='bbox 935 3259 1085 3302; x_wconf 86' lang='lat' dir='ltr'><strong>eruta</strong></span> <span class='ocrx_word' id='word_1_476' title='bbox 1114 3257 1271 3312; x_wconf 87' lang='lat' dir='ltr'><strong>sunt,</strong></span> <span class='ocrx_word' id='word_1_477' title='bbox 1314 3248 1398 3302; x_wconf 87' lang='lat' dir='ltr'><strong>vel</strong></span> <span class='ocrx_word' id='word_1_478' title='bbox 1435 3247 1711 3301; x_wconf 88' lang='lat' dir='ltr'><strong>emendata</strong></span> <span class='ocrx_word' id='word_1_479' title='bbox 1735 3290 1751 3313; x_wconf 89' lang='lat'><strong>,</strong></span> 
     </span>
    </p>
   </div>
   <div class='ocr_carea' id='block_1_63' title="bbox 204 3337 1751 3410">
    <p class='ocr_par' dir='ltr' id='par_1_63' title="bbox 204 3337 1751 3410">
     <span class='ocr_line' id='line_1_63' title="bbox 204 3337 1751 3410; baseline -0.002 -15"><span class='ocrx_word' id='word_1_480' title='bbox 204 3355 447 3408; x_wconf 80' lang='lat' dir='ltr'><strong>exponere</strong></span> <span class='ocrx_word' id='word_1_481' title='bbox 478 3341 632 3410; x_wconf 85' lang='lat' dir='ltr'><strong>juvat</strong></span> <span class='ocrx_word' id='word_1_482' title='bbox 658 3340 964 3408; x_wconf 82' lang='lat' dir='ltr'><strong>singillatim</strong></span> <span class='ocrx_word' id='word_1_483' title='bbox 997 3354 1274 3394; x_wconf 89' lang='lat' dir='ltr'><strong>numerum</strong></span> <span class='ocrx_word' id='word_1_484' title='bbox 1305 3353 1368 3392; x_wconf 89' lang='lat' dir='ltr'><strong>ac</strong></span> <span class='ocrx_word' id='word_1_485' title='bbox 1396 3337 1751 3393; x_wconf 89' lang='lat' dir='ltr'><strong>conditionem</strong></span> 
     </span>
    </p>
   </div>
   <div class='ocr_carea' id='block_1_64' title="bbox 204 3430 1754 3501">
    <p class='ocr_par' dir='ltr' id='par_1_64' title="bbox 204 3430 1754 3501">
     <span class='ocr_line' id='line_1_64' title="bbox 204 3430 1754 3501; baseline 0.001 -16"><span class='ocrx_word' id='word_1_486' title='bbox 204 3447 358 3486; x_wconf 86' lang='lat' dir='ltr'><strong>eorum</strong></span> <span class='ocrx_word' id='word_1_487' title='bbox 381 3476 396 3497; x_wconf 95' lang='lat'><strong>,</strong></span> <span class='ocrx_word' id='word_1_488' title='bbox 427 3434 630 3501; x_wconf 89' lang='lat' dir='ltr'><strong>quibus</strong></span> <span class='ocrx_word' id='word_1_489' title='bbox 669 3434 722 3487; x_wconf 89' lang='lat' dir='ltr'><strong>in</strong></span> <span class='ocrx_word' id='word_1_490' title='bbox 751 3431 1060 3486; x_wconf 84' lang='lat' dir='ltr'><strong>adornanda</strong></span> <span class='ocrx_word' id='word_1_491' title='bbox 1098 3432 1198 3486; x_wconf 89' lang='lat' dir='ltr'><strong>hac</strong></span> <span class='ocrx_word' id='word_1_492' title='bbox 1242 3430 1484 3501; x_wconf 84' lang='lat' dir='ltr'><strong>Gregorii</strong></span> <span class='ocrx_word' id='word_1_493' title='bbox 1521 3432 1754 3486; x_wconf 90' lang='lat' dir='ltr'><strong>editione</strong></span> 
     </span>
    </p>
   </div>
   <div class='ocr_carea' id='block_1_65' title="bbox 204 3526 503 3578">
    <p class='ocr_par' dir='ltr' id='par_1_65' title="bbox 204 3526 503 3578">
     <span class='ocr_line' id='line_1_65' title="bbox 204 3526 503 3578; baseline 0 -2"><span class='ocrx_word' id='word_1_494' title='bbox 204 3527 266 3577; x_wconf 85' lang='lat' dir='ltr'><strong>usi</strong></span> <span class='ocrx_word' id='word_1_495' title='bbox 294 3526 503 3578; x_wconf 90' lang='lat' dir='ltr'><strong>luimus.</strong></span> 
     </span>
    </p>
   </div>
   <div class='ocr_carea' id='block_1_66' title="bbox 259 3633 1748 3703">
    <p class='ocr_par' dir='ltr' id='par_1_66' title="bbox 259 3633 1748 3703">
     <span class='ocr_line' id='line_1_66' title="bbox 259 3633 1748 3703; baseline -0.001 -14"><span class='ocrx_word' id='word_1_496' title='bbox 259 3636 371 3690; x_wconf 69' lang='lat'><strong>122.</strong></span> <span class='ocrx_word' id='word_1_497' title='bbox 418 3636 485 3688; x_wconf 83' lang='lat' dir='ltr'><strong>Et</strong></span> <span class='ocrx_word' id='word_1_498' title='bbox 513 3634 687 3703; x_wconf 89' lang='lat' dir='ltr'><strong>primo</strong></span> <span class='ocrx_word' id='word_1_499' title='bbox 715 3633 927 3700; x_wconf 90' lang='lat' dir='ltr'><strong>quidem</strong></span> <span class='ocrx_word' id='word_1_500' title='bbox 961 3633 1205 3687; x_wconf 66' lang='lat' dir='ltr'><strong>Historiae</strong></span> <span class='ocrx_word' id='word_1_501' title='bbox 1233 3633 1398 3687; x_wconf 91' lang='lat' dir='ltr'><strong>libros</strong></span> <span class='ocrx_word' id='word_1_502' title='bbox 1429 3634 1748 3688; x_wconf 90' lang='lat' dir='ltr'><strong>contulimus</strong></span> 
     </span>
    </p>
   </div>
   <div class='ocr_carea' id='block_1_67' title="bbox 200 3725 1754 3793">
    <p class='ocr_par' dir='ltr' id='par_1_67' title="bbox 200 3725 1754 3793">
     <span class='ocr_line' id='line_1_67' title="bbox 200 3725 1754 3793; baseline -0.001 -12"><span class='ocrx_word' id='word_1_503' title='bbox 200 3727 254 3781; x_wconf 76' lang='lat' dir='ltr'><strong>ad</strong></span> <span class='ocrx_word' id='word_1_504' title='bbox 281 3728 492 3782; x_wconf 78' lang='lat' dir='ltr'><strong>codices</strong></span> <span class='ocrx_word' id='word_1_505' title='bbox 517 3727 656 3781; x_wconf 91' lang='lat' dir='ltr'><strong>duos</strong></span> <span class='ocrx_word' id='word_1_506' title='bbox 684 3725 1002 3779; x_wconf 74' lang='lat' dir='ltr'><strong>veneranda:</strong></span> <span class='ocrx_word' id='word_1_507' title='bbox 1023 3725 1375 3792; x_wconf 82' lang='lat' dir='ltr'><strong>antiquitatis,</strong></span> <span class='ocrx_word' id='word_1_508' title='bbox 1402 3739 1536 3793; x_wconf 89' lang='lat' dir='ltr'><strong>quos</strong></span> <span class='ocrx_word' id='word_1_509' title='bbox 1564 3739 1754 3792; x_wconf 89' lang='lat' dir='ltr'><strong>nempe</strong></span> 
     </span>
    </p>
   </div>
   <div class='ocr_carea' id='block_1_68' title="bbox 201 3816 1756 3887">
    <p class='ocr_par' dir='ltr' id='par_1_68' title="bbox 201 3816 1756 3887">
     <span class='ocr_line' id='line_1_68' title="bbox 201 3816 1756 3887; baseline -0.001 -15"><span class='ocrx_word' id='word_1_510' title='bbox 201 3819 317 3873; x_wconf 81' lang='lat' dir='ltr'><strong>haud</strong></span> <span class='ocrx_word' id='word_1_511' title='bbox 363 3819 536 3874; x_wconf 87' lang='lat' dir='ltr'><strong>multo</strong></span> <span class='ocrx_word' id='word_1_512' title='bbox 589 3828 710 3886; x_wconf 91' lang='lat' dir='ltr'><strong>post</strong></span> <span class='ocrx_word' id='word_1_513' title='bbox 756 3816 996 3887; x_wconf 87' lang='lat' dir='ltr'><strong>Gregorii</strong></span> <span class='ocrx_word' id='word_1_514' title='bbox 1046 3817 1212 3870; x_wconf 89' lang='lat' dir='ltr'><strong>nostri</strong></span> <span class='ocrx_word' id='word_1_515' title='bbox 1259 3824 1467 3870; x_wconf 82' lang='lat' dir='ltr'><strong>aetatem</strong></span> <span class='ocrx_word' id='word_1_516' title='bbox 1512 3826 1756 3871; x_wconf 82' lang='lat' dir='ltr'><strong>exaratos</strong></span> 
     </span>
    </p>
   </div>
   <div class='ocr_carea' id='block_1_69' title="bbox 196 3907 1753 3976">
    <p class='ocr_par' dir='ltr' id='par_1_69' title="bbox 196 3907 1753 3976">
     <span class='ocr_line' id='line_1_69' title="bbox 196 3907 1753 3976; baseline -0.001 -14"><span class='ocrx_word' id='word_1_517' title='bbox 196 3909 339 3964; x_wconf 76' lang='lat' dir='ltr'><strong>fuisse</strong></span> <span class='ocrx_word' id='word_1_518' title='bbox 379 3907 730 3963; x_wconf 87' lang='lat' dir='ltr'><strong>consentiunt</strong></span> <span class='ocrx_word' id='word_1_519' title='bbox 758 3909 890 3973; x_wconf 86' lang='lat' dir='ltr'><strong>viri,</strong></span> <span class='ocrx_word' id='word_1_520' title='bbox 938 3915 1199 3976; x_wconf 86' lang='lat' dir='ltr'><strong>quotquot</strong></span> <span class='ocrx_word' id='word_1_521' title='bbox 1241 3921 1335 3961; x_wconf 89' lang='lat' dir='ltr'><strong>eos</strong></span> <span class='ocrx_word' id='word_1_522' title='bbox 1377 3908 1753 3974; x_wconf 78' lang='lat' dir='ltr'><strong>inSpexerunt,</strong></span> 
     </span>
    </p>
   </div>
   <div class='ocr_carea' id='block_1_70' title="bbox 196 4000 1756 4070">
    <p class='ocr_par' dir='ltr' id='par_1_70' title="bbox 196 4000 1756 4070">
     <span class='ocr_line' id='line_1_70' title="bbox 196 4000 1756 4070; baseline 0 -14"><span class='ocrx_word' id='word_1_523' title='bbox 196 4004 392 4057; x_wconf 85' lang='lat' dir='ltr'><strong>eruditi.</strong></span> <span class='ocrx_word' id='word_1_524' title='bbox 426 4002 816 4056; x_wconf 87' lang='lat' dir='ltr'><strong>Pertinueruut</strong></span> <span class='ocrx_word' id='word_1_525' title='bbox 849 4000 976 4054; x_wconf 92' lang='lat' dir='ltr'><strong>olim</strong></span> <span class='ocrx_word' id='word_1_526' title='bbox 1030 4001 1096 4054; x_wconf 87' lang='lat' dir='ltr'><strong>ad</strong></span> <span class='ocrx_word' id='word_1_527' title='bbox 1149 4000 1434 4054; x_wconf 90' lang='lat' dir='ltr'><strong>Antonium</strong></span> <span class='ocrx_word' id='word_1_528' title='bbox 1485 4000 1756 4070; x_wconf 87' lang='lat' dir='ltr'><strong>Oyselium</strong></span> 
     </span>
    </p>
   </div>
   <div class='ocr_carea' id='block_1_71' title="bbox 195 4082 1754 4158">
    <p class='ocr_par' dir='ltr' id='par_1_71' title="bbox 195 4082 1754 4158">
     <span class='ocr_line' id='line_1_71' title="bbox 195 4082 1754 4158; baseline 0 -10"><span class='ocrx_word' id='word_1_529' title='bbox 195 4092 522 4148; x_wconf 82' lang='lat' dir='ltr'><strong>Bellovacum</strong></span> <span class='ocrx_word' id='word_1_530' title='bbox 544 4134 558 4155; x_wconf 95' lang='lat'><strong>,</strong></span> <span class='ocrx_word' id='word_1_531' title='bbox 598 4082 765 4146; x_wconf 86' lang='lat' dir='ltr'><strong>virum</strong></span> <span class='ocrx_word' id='word_1_532' title='bbox 793 4091 860 4146; x_wconf 91' lang='lat' dir='ltr'><strong>de</strong></span> <span class='ocrx_word' id='word_1_533' title='bbox 886 4107 945 4146; x_wconf 89' lang='lat' dir='ltr'><strong>re</strong></span> <span class='ocrx_word' id='word_1_534' title='bbox 970 4091 1224 4146; x_wconf 89' lang='lat' dir='ltr'><strong>litteraria</strong></span> <span class='ocrx_word' id='word_1_535' title='bbox 1250 4092 1661 4158; x_wconf 89' lang='lat' dir='ltr'><strong>benemeritum,</strong></span> <span class='ocrx_word' id='word_1_536' title='bbox 1690 4109 1754 4148; x_wconf 82' lang='lat' dir='ltr'><strong>ex</strong></span> 
     </span>
    </p>
   </div>
   <div class='ocr_carea' id='block_1_72' title="bbox 192 4179 1759 4253">
    <p class='ocr_par' dir='ltr' id='par_1_72' title="bbox 192 4179 1759 4253">
     <span class='ocr_line' id='line_1_72' title="bbox 192 4179 1759 4253; baseline 0.003 -19"><span class='ocrx_word' id='word_1_537' title='bbox 192 4200 289 4253; x_wconf 87' lang='lat' dir='ltr'><strong>quo</strong></span> <span class='ocrx_word' id='word_1_538' title='bbox 316 4185 381 4237; x_wconf 82' lang='lat' dir='ltr'><strong>ad</strong></span> <span class='ocrx_word' id='word_1_539' title='bbox 420 4183 483 4235; x_wconf 74' lang='grc' dir='ltr'><strong>ν.</strong></span> <span class='ocrx_word' id='word_1_540' title='bbox 515 4182 599 4237; x_wconf 88' lang='lat' dir='ltr'><strong>Cl.</strong></span> <span class='ocrx_word' id='word_1_541' title='bbox 632 4179 908 4236; x_wconf 86' lang='lat' dir='ltr'><strong>Claudium</strong></span> <span class='ocrx_word' id='word_1_542' title='bbox 936 4181 1134 4236; x_wconf 73' lang='lat' dir='ltr'><strong>lolium</strong></span> <span class='ocrx_word' id='word_1_543' title='bbox 1161 4189 1434 4236; x_wconf 88' lang='lat' dir='ltr'><strong>cautorem</strong></span> <span class='ocrx_word' id='word_1_544' title='bbox 1461 4192 1516 4237; x_wconf 93' lang='lat' dir='ltr'><strong>et</strong></span> <span class='ocrx_word' id='word_1_545' title='bbox 1542 4185 1759 4237; x_wconf 90' lang='lat' dir='ltr'><strong>canoni-</strong></span> 
     </span>
    </p>
   </div>
   <div class='ocr_carea' id='block_1_73' title="bbox 192 4272 1755 4343">
    <p class='ocr_par' dir='ltr' id='par_1_73' title="bbox 192 4272 1755 4343">
     <span class='ocr_line' id='line_1_73' title="bbox 192 4272 1755 4343; baseline 0.001 -18"><span class='ocrx_word' id='word_1_546' title='bbox 192 4291 298 4329; x_wconf 81' lang='lat' dir='ltr'><strong>cum</strong></span> <span class='ocrx_word' id='word_1_547' title='bbox 349 4274 608 4329; x_wconf 68' lang='lat' dir='ltr'><strong>Ecclesia:</strong></span> <span class='ocrx_word' id='word_1_548' title='bbox 658 4272 1003 4336; x_wconf 80' lang='lat' dir='ltr'><strong>Parisiensis,</strong></span> <span class='ocrx_word' id='word_1_549' title='bbox 1049 4273 1167 4340; x_wconf 87' lang='lat' dir='ltr'><strong>ejus</strong></span> <span class='ocrx_word' id='word_1_550' title='bbox 1210 4288 1274 4327; x_wconf 88' lang='lat' dir='ltr'><strong>ex</strong></span> <span class='ocrx_word' id='word_1_551' title='bbox 1325 4273 1431 4327; x_wconf 83' lang='lat' dir='ltr'><strong>filia</strong></span> <span class='ocrx_word' id='word_1_552' title='bbox 1471 4282 1755 4343; x_wconf 90' lang='lat' dir='ltr'><strong>nepotem,</strong></span> 
     </span>
    </p>
   </div>
   <div class='ocr_carea' id='block_1_74' title="bbox 197 4363 1758 4434">
    <p class='ocr_par' dir='ltr' id='par_1_74' title="bbox 197 4363 1758 4434">
     <span class='ocr_line' id='line_1_74' title="bbox 197 4363 1758 4434; baseline 0 -14"><span class='ocrx_word' id='word_1_553' title='bbox 197 4374 557 4434; x_wconf 86' lang='lat' dir='ltr'><strong>pervenerunt</strong></span> <span class='ocrx_word' id='word_1_554' title='bbox 576 4405 593 4431; x_wconf 92' lang='lat'><strong>,</strong></span> <span class='ocrx_word' id='word_1_555' title='bbox 614 4364 766 4433; x_wconf 84' lang='lat' dir='ltr'><strong>cujus</strong></span> <span class='ocrx_word' id='word_1_556' title='bbox 793 4363 1109 4419; x_wconf 85' lang='lat' dir='ltr'><strong>venerabilis</strong></span> <span class='ocrx_word' id='word_1_557' title='bbox 1136 4373 1190 4418; x_wconf 93' lang='lat' dir='ltr'><strong>et</strong></span> <span class='ocrx_word' id='word_1_558' title='bbox 1215 4366 1592 4433; x_wconf 79' lang='lat' dir='ltr'><strong>sapientissimi</strong></span> <span class='ocrx_word' id='word_1_559' title='bbox 1615 4366 1758 4420; x_wconf 92' lang='lat' dir='ltr'><strong>senis</strong></span> 
     </span>
    </p>
   </div>
   <div class='ocr_carea' id='block_1_75' title="bbox 1854 3147 3419 3216">
    <p class='ocr_par' dir='ltr' id='par_1_75' title="bbox 1854 3147 3419 3216">
     <span class='ocr_line' id='line_1_75' title="bbox 1854 3147 3419 3216; baseline 0.007 -14"><span class='ocrx_word' id='word_1_560' title='bbox 1854 3155 1936 3202; x_wconf 88' lang='lat' dir='ltr'><strong>ter</strong></span> <span class='ocrx_word' id='word_1_561' title='bbox 1965 3147 2070 3202; x_wconf 89' lang='lat'><strong>700</strong></span> <span class='ocrx_word' id='word_1_562' title='bbox 2110 3147 2341 3216; x_wconf 87' lang='lat' dir='ltr'><strong>scriptus</strong></span> <span class='ocrx_word' id='word_1_563' title='bbox 2380 3150 2609 3214; x_wconf 88' lang='lat' dir='ltr'><strong>videtur,</strong></span> <span class='ocrx_word' id='word_1_564' title='bbox 2650 3154 2813 3206; x_wconf 86' lang='lat' dir='ltr'><strong>veteri</strong></span> <span class='ocrx_word' id='word_1_565' title='bbox 2857 3156 3166 3210; x_wconf 86' lang='lat' dir='ltr'><strong>charactere</strong></span> <span class='ocrx_word' id='word_1_566' title='bbox 3207 3172 3268 3210; x_wconf 89' lang='lat' dir='ltr'><strong>ac</strong></span> <span class='ocrx_word' id='word_1_567' title='bbox 3306 3161 3419 3213; x_wconf 90' lang='lat' dir='ltr'><strong>sine</strong></span> 
     </span>
    </p>
   </div>
   <div class='ocr_carea' id='block_1_76' title="bbox 1857 3236 3413 3311">
    <p class='ocr_par' dir='ltr' id='par_1_76' title="bbox 1857 3236 3413 3311">
     <span class='ocr_line' id='line_1_76' title="bbox 1857 3236 3413 3311; baseline 0.009 -21"><span class='ocrx_word' id='word_1_568' title='bbox 1857 3237 1957 3290; x_wconf 92' lang='lat' dir='ltr'><strong>ulla</strong></span> <span class='ocrx_word' id='word_1_569' title='bbox 1987 3236 2218 3304; x_wconf 89' lang='lat' dir='ltr'><strong>capitum</strong></span> <span class='ocrx_word' id='word_1_570' title='bbox 2250 3237 2592 3295; x_wconf 90' lang='lat' dir='ltr'><strong>distinctione</strong></span> <span class='ocrx_word' id='word_1_571' title='bbox 2616 3281 2629 3304; x_wconf 93' lang='lat'><strong>,</strong></span> <span class='ocrx_word' id='word_1_572' title='bbox 2661 3256 2958 3311; x_wconf 86' lang='lat' dir='ltr'><strong>quanquam</strong></span> <span class='ocrx_word' id='word_1_573' title='bbox 2989 3259 3172 3300; x_wconf 91' lang='lat' dir='ltr'><strong>eorum</strong></span> <span class='ocrx_word' id='word_1_574' title='bbox 3208 3249 3413 3303; x_wconf 80' lang='lat' dir='ltr'><strong>iudicu-</strong></span> 
     </span>
    </p>
   </div>
   <div class='ocr_carea' id='block_1_77' title="bbox 1855 3327 3420 3412">
    <p class='ocr_par' dir='ltr' id='par_1_77' title="bbox 1855 3327 3420 3412">
     <span class='ocr_line' id='line_1_77' title="bbox 1855 3327 3420 3412; baseline 0.01 -30"><span class='ocrx_word' id='word_1_575' title='bbox 1855 3327 1937 3382; x_wconf 85' lang='lat' dir='ltr'><strong>ius</strong></span> <span class='ocrx_word' id='word_1_576' title='bbox 1967 3329 2192 3399; x_wconf 89' lang='lat' dir='ltr'><strong>singulis</strong></span> <span class='ocrx_word' id='word_1_577' title='bbox 2219 3331 2575 3399; x_wconf 66' lang='lat' dir='ltr'><strong>praeminatur</strong></span> <span class='ocrx_word' id='word_1_578' title='bbox 2608 3335 2797 3400; x_wconf 90' lang='lat' dir='ltr'><strong>libris;</strong></span> <span class='ocrx_word' id='word_1_579' title='bbox 2831 3347 2884 3390; x_wconf 91' lang='lat' dir='ltr'><strong>at</strong></span> <span class='ocrx_word' id='word_1_580' title='bbox 2913 3336 3163 3394; x_wconf 89' lang='lat' dir='ltr'><strong>detractis</strong></span> <span class='ocrx_word' id='word_1_581' title='bbox 3199 3356 3266 3396; x_wconf 81' lang='lat' dir='ltr'><strong>ex</strong></span> <span class='ocrx_word' id='word_1_582' title='bbox 3302 3343 3420 3412; x_wconf 92' lang='lat' dir='ltr'><strong>ipso</strong></span> 
     </span>
    </p>
   </div>
   <div class='ocr_carea' id='block_1_78' title="bbox 1853 3421 3415 3496">
    <p class='ocr_par' dir='ltr' id='par_1_78' title="bbox 1853 3421 3415 3496">
     <span class='ocr_line' id='line_1_78' title="bbox 1853 3421 3415 3496; baseline 0.012 -22"><span class='ocrx_word' id='word_1_583' title='bbox 1853 3421 2040 3476; x_wconf 89' lang='lat' dir='ltr'><strong>codice</strong></span> <span class='ocrx_word' id='word_1_584' title='bbox 2065 3423 2249 3478; x_wconf 88' lang='lat' dir='ltr'><strong>decem</strong></span> <span class='ocrx_word' id='word_1_585' title='bbox 2283 3426 2547 3492; x_wconf 85' lang='lat' dir='ltr'><strong>prioribus</strong></span> <span class='ocrx_word' id='word_1_586' title='bbox 2573 3431 3007 3494; x_wconf 88' lang='lat' dir='ltr'><strong>quaternionibus</strong></span> <span class='ocrx_word' id='word_1_587' title='bbox 3028 3473 3043 3496; x_wconf 95' lang='lat'><strong>,</strong></span> <span class='ocrx_word' id='word_1_588' title='bbox 3092 3449 3196 3488; x_wconf 93' lang='lat' dir='ltr'><strong>non</strong></span> <span class='ocrx_word' id='word_1_589' title='bbox 3240 3438 3338 3490; x_wconf 78' lang='lat' dir='ltr'><strong>nisi</strong></span> <span class='ocrx_word' id='word_1_590' title='bbox 3384 3453 3415 3491; x_wconf 89' lang='lat' dir='ltr'><strong>a</strong></span> 
     </span>
    </p>
   </div>
   <div class='ocr_carea' id='block_1_79' title="bbox 1857 3514 3418 3586">
    <p class='ocr_par' dir='ltr' id='par_1_79' title="bbox 1857 3514 3418 3586">
     <span class='ocr_line' id='line_1_79' title="bbox 1857 3514 3418 3586; baseline 0.01 -19"><span class='ocrx_word' id='word_1_591' title='bbox 1857 3514 2033 3568; x_wconf 88' lang='lat' dir='ltr'><strong>media</strong></span> <span class='ocrx_word' id='word_1_592' title='bbox 2058 3515 2249 3585; x_wconf 87' lang='lat' dir='ltr'><strong>capitis</strong></span> <span class='ocrx_word' id='word_1_593' title='bbox 2278 3518 2341 3570; x_wconf 85' lang='lat' dir='ltr'><strong>l7</strong></span> <span class='ocrx_word' id='word_1_594' title='bbox 2371 3527 2521 3586; x_wconf 90' lang='lat' dir='ltr'><strong>parte</strong></span> <span class='ocrx_word' id='word_1_595' title='bbox 2548 3519 2667 3573; x_wconf 90' lang='lat' dir='ltr'><strong>libri</strong></span> <span class='ocrx_word' id='word_1_596' title='bbox 2693 3521 2826 3574; x_wconf 61' lang='lat' dir='ltr'><strong>sexti</strong></span> <span class='ocrx_word' id='word_1_597' title='bbox 2856 3521 3056 3576; x_wconf 90' lang='lat' dir='ltr'><strong>initium</strong></span> <span class='ocrx_word' id='word_1_598' title='bbox 3083 3525 3244 3579; x_wconf 91' lang='lat' dir='ltr'><strong>ducit.</strong></span> <span class='ocrx_word' id='word_1_599' title='bbox 3271 3527 3418 3582; x_wconf 86' lang='lat' dir='ltr'><strong>Alter</strong></span> 
     </span>
    </p>
   </div>
   <div class='ocr_carea' id='block_1_80' title="bbox 1855 3606 3421 3684">
    <p class='ocr_par' dir='ltr' id='par_1_80' title="bbox 1855 3606 3421 3684">
     <span class='ocr_line' id='line_1_80' title="bbox 1855 3606 3421 3684; baseline 0.009 -26"><span class='ocrx_word' id='word_1_600' title='bbox 1855 3606 2009 3660; x_wconf 92' lang='lat' dir='ltr'><strong>annis</strong></span> <span class='ocrx_word' id='word_1_601' title='bbox 2035 3606 2247 3662; x_wconf 92' lang='lat' dir='ltr'><strong>circiter</strong></span> <span class='ocrx_word' id='word_1_602' title='bbox 2270 3619 2480 3663; x_wconf 90' lang='lat' dir='ltr'><strong>centum</strong></span> <span class='ocrx_word' id='word_1_603' title='bbox 2513 3615 2793 3679; x_wconf 87' lang='lat' dir='ltr'><strong>posterior,</strong></span> <span class='ocrx_word' id='word_1_604' title='bbox 2828 3615 2978 3669; x_wconf 92' lang='lat' dir='ltr'><strong>initio</strong></span> <span class='ocrx_word' id='word_1_605' title='bbox 3022 3631 3228 3684; x_wconf 85' lang='lat' dir='ltr'><strong>quoque</strong></span> <span class='ocrx_word' id='word_1_606' title='bbox 3271 3630 3421 3672; x_wconf 87' lang='lat' dir='ltr'><strong>caret</strong></span> 
     </span>
    </p>
   </div>
   <div class='ocr_carea' id='block_1_81' title="bbox 1856 3697 3420 3776">
    <p class='ocr_par' dir='ltr' id='par_1_81' title="bbox 1856 3697 3420 3776">
     <span class='ocr_line' id='line_1_81' title="bbox 1856 3697 3420 3776; baseline 0.007 -26"><span class='ocrx_word' id='word_1_607' title='bbox 1856 3711 1921 3750; x_wconf 81' lang='lat' dir='ltr'><strong>ex</strong></span> <span class='ocrx_word' id='word_1_608' title='bbox 1966 3697 2099 3751; x_wconf 87' lang='lat' dir='ltr'><strong>vitio</strong></span> <span class='ocrx_word' id='word_1_609' title='bbox 2144 3699 2382 3763; x_wconf 88' lang='lat' dir='ltr'><strong>codicis,</strong></span> <span class='ocrx_word' id='word_1_610' title='bbox 2431 3700 2519 3768; x_wconf 89' lang='lat' dir='ltr'><strong>qui</strong></span> <span class='ocrx_word' id='word_1_611' title='bbox 2566 3702 2911 3770; x_wconf 86' lang='lat' dir='ltr'><strong>imperfectus</strong></span> <span class='ocrx_word' id='word_1_612' title='bbox 2950 3709 3294 3776; x_wconf 89' lang='lat' dir='ltr'><strong>est;quippe</strong></span> <span class='ocrx_word' id='word_1_613' title='bbox 3331 3711 3420 3775; x_wconf 86' lang='lat' dir='ltr'><strong>qui</strong></span> 
     </span>
    </p>
   </div>
   <div class='ocr_carea' id='block_1_82' title="bbox 1856 3789 3422 3865">
    <p class='ocr_par' dir='ltr' id='par_1_82' title="bbox 1856 3789 3422 3865">
     <span class='ocr_line' id='line_1_82' title="bbox 1856 3789 3422 3865; baseline 0.005 -19"><span class='ocrx_word' id='word_1_614' title='bbox 1856 3789 2028 3857; x_wconf 87' lang='lat' dir='ltr'><strong>capite</strong></span> <span class='ocrx_word' id='word_1_615' title='bbox 2059 3792 2089 3844; x_wconf 90' lang='lat'><strong>7</strong></span> <span class='ocrx_word' id='word_1_616' title='bbox 2121 3792 2242 3846; x_wconf 91' lang='lat' dir='ltr'><strong>libri</strong></span> <span class='ocrx_word' id='word_1_617' title='bbox 2274 3808 2307 3845; x_wconf 91' lang='lat' dir='ltr'><strong>ll</strong></span> <span class='ocrx_word' id='word_1_618' title='bbox 2345 3794 2549 3862; x_wconf 90' lang='lat' dir='ltr'><strong>incipit.</strong></span> <span class='ocrx_word' id='word_1_619' title='bbox 2583 3795 2648 3848; x_wconf 84' lang='lat' dir='ltr'><strong>At</strong></span> <span class='ocrx_word' id='word_1_620' title='bbox 2679 3795 2826 3864; x_wconf 86' lang='lat' dir='ltr'><strong>plura</strong></span> <span class='ocrx_word' id='word_1_621' title='bbox 2869 3797 3148 3865; x_wconf 82' lang='lat' dir='ltr'><strong>scriptoris</strong></span> <span class='ocrx_word' id='word_1_622' title='bbox 3187 3801 3302 3852; x_wconf 90' lang='lat' dir='ltr'><strong>sive</strong></span> <span class='ocrx_word' id='word_1_623' title='bbox 3343 3800 3422 3853; x_wconf 87' lang='lat' dir='ltr'><strong>in-</strong></span> 
     </span>
    </p>
   </div>
   <div class='ocr_carea' id='block_1_83' title="bbox 1857 3883 3423 3958">
    <p class='ocr_par' dir='ltr' id='par_1_83' title="bbox 1857 3883 3423 3958">
     <span class='ocr_line' id='line_1_83' title="bbox 1857 3883 3423 3958; baseline 0.006 -22"><span class='ocrx_word' id='word_1_624' title='bbox 1857 3883 2034 3950; x_wconf 91' lang='lat' dir='ltr'><strong>curia,</strong></span> <span class='ocrx_word' id='word_1_625' title='bbox 2064 3885 2177 3940; x_wconf 87' lang='lat' dir='ltr'><strong>sive</strong></span> <span class='ocrx_word' id='word_1_626' title='bbox 2203 3887 2430 3941; x_wconf 90' lang='lat' dir='ltr'><strong>consilio</strong></span> <span class='ocrx_word' id='word_1_627' title='bbox 2450 3929 2464 3952; x_wconf 89' lang='lat'><strong>,</strong></span> <span class='ocrx_word' id='word_1_628' title='bbox 2492 3889 2687 3956; x_wconf 89' lang='lat' dir='ltr'><strong>passim</strong></span> <span class='ocrx_word' id='word_1_629' title='bbox 2718 3889 2908 3943; x_wconf 88' lang='lat' dir='ltr'><strong>desunt</strong></span> <span class='ocrx_word' id='word_1_630' title='bbox 2933 3892 3100 3958; x_wconf 86' lang='lat' dir='ltr'><strong>capita</strong></span> <span class='ocrx_word' id='word_1_631' title='bbox 3128 3909 3140 3950; x_wconf 87' lang='lat'><strong>:</strong></span> <span class='ocrx_word' id='word_1_632' title='bbox 3173 3893 3423 3949; x_wconf 87' lang='lat' dir='ltr'><strong>nonnulla</strong></span> 
     </span>
    </p>
   </div>
   <div class='ocr_carea' id='block_1_84' title="bbox 1862 3976 3421 4050">
    <p class='ocr_par' dir='ltr' id='par_1_84' title="bbox 1862 3976 3421 4050">
     <span class='ocr_line' id='line_1_84' title="bbox 1862 3976 3421 4050; baseline 0.008 -26"><span class='ocrx_word' id='word_1_633' title='bbox 1862 3990 1996 4030; x_wconf 86' lang='lat' dir='ltr'><strong>vero</strong></span> <span class='ocrx_word' id='word_1_634' title='bbox 2039 3976 2300 4031; x_wconf 86' lang='lat' dir='ltr'><strong>habentur</strong></span> <span class='ocrx_word' id='word_1_635' title='bbox 2329 3979 2492 4033; x_wconf 90' lang='lat' dir='ltr'><strong>altera</strong></span> <span class='ocrx_word' id='word_1_636' title='bbox 2527 3994 2683 4033; x_wconf 90' lang='lat' dir='ltr'><strong>manu</strong></span> <span class='ocrx_word' id='word_1_637' title='bbox 2714 3981 2889 4034; x_wconf 87' lang='lat' dir='ltr'><strong>addita</strong></span> <span class='ocrx_word' id='word_1_638' title='bbox 2913 4023 2926 4040; x_wconf 88' lang='lat'><strong>,</strong></span> <span class='ocrx_word' id='word_1_639' title='bbox 2960 3987 3120 4035; x_wconf 89' lang='lat' dir='ltr'><strong>immo</strong></span> <span class='ocrx_word' id='word_1_640' title='bbox 3147 3992 3201 4036; x_wconf 91' lang='lat' dir='ltr'><strong>et</strong></span> <span class='ocrx_word' id='word_1_641' title='bbox 3230 3985 3421 4050; x_wconf 87' lang='lat' dir='ltr'><strong>passim</strong></span> 
     </span>
    </p>
   </div>
   <div class='ocr_carea' id='block_1_85' title="bbox 1858 4069 3421 4139">
    <p class='ocr_par' dir='ltr' id='par_1_85' title="bbox 1858 4069 3421 4139">
     <span class='ocr_line' id='line_1_85' title="bbox 1858 4069 3421 4139; baseline 0.005 -17"><span class='ocrx_word' id='word_1_642' title='bbox 1858 4069 2233 4125; x_wconf 90' lang='lat' dir='ltr'><strong>interliueares</strong></span> <span class='ocrx_word' id='word_1_643' title='bbox 2279 4070 2538 4126; x_wconf 89' lang='lat' dir='ltr'><strong>lectiones</strong></span> <span class='ocrx_word' id='word_1_644' title='bbox 2563 4075 2728 4127; x_wconf 71' lang='lat' dir='ltr'><strong>variae</strong></span> <span class='ocrx_word' id='word_1_645' title='bbox 2767 4084 3084 4139; x_wconf 90' lang='lat' dir='ltr'><strong>occurrunt,</strong></span> <span class='ocrx_word' id='word_1_646' title='bbox 3132 4090 3223 4128; x_wconf 91' lang='lat' dir='ltr'><strong>seu</strong></span> <span class='ocrx_word' id='word_1_647' title='bbox 3262 4077 3421 4130; x_wconf 77' lang='lat' dir='ltr'><strong>etiam</strong></span> 
     </span>
    </p>
   </div>
   <div class='ocr_carea' id='block_1_86' title="bbox 1856 4163 3424 4234">
    <p class='ocr_par' dir='ltr' id='par_1_86' title="bbox 1856 4163 3424 4234">
     <span class='ocr_line' id='line_1_86' title="bbox 1856 4163 3424 4234; baseline 0.006 -19"><span class='ocrx_word' id='word_1_648' title='bbox 1856 4177 2043 4218; x_wconf 86' lang='lat' dir='ltr'><strong>vocum</strong></span> <span class='ocrx_word' id='word_1_649' title='bbox 2095 4163 2461 4230; x_wconf 78' lang='lat' dir='ltr'><strong>expositiones</strong></span> <span class='ocrx_word' id='word_1_650' title='bbox 2512 4179 2628 4232; x_wconf 69' lang='lat' dir='ltr'><strong>quae</strong></span> <span class='ocrx_word' id='word_1_651' title='bbox 2677 4175 2768 4219; x_wconf 91' lang='lat' dir='ltr'><strong>aut</strong></span> <span class='ocrx_word' id='word_1_652' title='bbox 2814 4183 2875 4219; x_wconf 87' lang='lat' dir='ltr'><strong>ex</strong></span> <span class='ocrx_word' id='word_1_653' title='bbox 2922 4169 3026 4221; x_wconf 86' lang='lat' dir='ltr'><strong>alio</strong></span> <span class='ocrx_word' id='word_1_654' title='bbox 3065 4168 3286 4234; x_wconf 91' lang='lat' dir='ltr'><strong>codice,</strong></span> <span class='ocrx_word' id='word_1_655' title='bbox 3332 4179 3424 4224; x_wconf 86' lang='lat' dir='ltr'><strong>aut</strong></span> 
     </span>
    </p>
   </div>
   <div class='ocr_carea' id='block_1_87' title="bbox 1859 4257 3425 4327">
    <p class='ocr_par' dir='ltr' id='par_1_87' title="bbox 1859 4257 3425 4327">
     <span class='ocr_line' id='line_1_87' title="bbox 1859 4257 3425 4327; baseline 0.003 -17"><span class='ocrx_word' id='word_1_656' title='bbox 1859 4266 2007 4311; x_wconf 90' lang='lat' dir='ltr'><strong>certe</strong></span> <span class='ocrx_word' id='word_1_657' title='bbox 2033 4257 2099 4310; x_wconf 91' lang='lat' dir='ltr'><strong>ab</strong></span> <span class='ocrx_word' id='word_1_658' title='bbox 2128 4258 2242 4325; x_wconf 86' lang='lat' dir='ltr'><strong>ipso</strong></span> <span class='ocrx_word' id='word_1_659' title='bbox 2271 4258 2607 4326; x_wconf 84' lang='lat' dir='ltr'><strong>exscriptore</strong></span> <span class='ocrx_word' id='word_1_660' title='bbox 2652 4259 3010 4327; x_wconf 72' lang='lat' dir='ltr'><strong>superaddita:</strong></span> <span class='ocrx_word' id='word_1_661' title='bbox 3050 4259 3282 4314; x_wconf 91' lang='lat' dir='ltr'><strong>fuerunt.</strong></span> <span class='ocrx_word' id='word_1_662' title='bbox 3325 4260 3425 4314; x_wconf 79' lang='lat' dir='ltr'><strong>De-</strong></span> 
     </span>
    </p>
   </div>
   <div class='ocr_carea' id='block_1_88' title="bbox 1861 4348 3426 4421">
    <p class='ocr_par' dir='ltr' id='par_1_88' title="bbox 1861 4348 3426 4421">
     <span class='ocr_line' id='line_1_88' title="bbox 1861 4348 3426 4421; baseline 0.005 -21"><span class='ocrx_word' id='word_1_663' title='bbox 1861 4348 2019 4416; x_wconf 89' lang='lat' dir='ltr'><strong>nique</strong></span> <span class='ocrx_word' id='word_1_664' title='bbox 2046 4348 2235 4402; x_wconf 88' lang='lat' dir='ltr'><strong>librum</strong></span> <span class='ocrx_word' id='word_1_665' title='bbox 2264 4364 2461 4403; x_wconf 90' lang='lat' dir='ltr'><strong>nonum</strong></span> <span class='ocrx_word' id='word_1_666' title='bbox 2491 4359 2545 4404; x_wconf 89' lang='lat' dir='ltr'><strong>et</strong></span> <span class='ocrx_word' id='word_1_667' title='bbox 2570 4349 2834 4404; x_wconf 91' lang='lat' dir='ltr'><strong>decimum</strong></span> <span class='ocrx_word' id='word_1_668' title='bbox 2858 4391 2872 4413; x_wconf 98' lang='lat'><strong>,</strong></span> <span class='ocrx_word' id='word_1_669' title='bbox 2906 4366 2999 4405; x_wconf 88' lang='lat' dir='ltr'><strong>seu</strong></span> <span class='ocrx_word' id='word_1_670' title='bbox 3030 4354 3203 4421; x_wconf 74' lang='lat' dir='ltr'><strong>ponus</strong></span> <span class='ocrx_word' id='word_1_671' title='bbox 3233 4354 3426 4408; x_wconf 72' lang='lat' dir='ltr'><strong>utrius-</strong></span> 
     </span>
    </p>
   </div>
   <div class='ocr_carea' id='block_1_89' title="bbox 190 4428 3426 4521">
    <p class='ocr_par' dir='ltr' id='par_1_89' title="bbox 190 4428 3426 4521">
     <span class='ocr_line' id='line_1_89' title="bbox 190 4428 3426 4521; baseline 0.001 -11"><span class='ocrx_word' id='word_1_672' title='bbox 190 4457 478 4521; x_wconf 65' lang='lat' dir='ltr'><strong>bvnelicio,</strong></span> <span class='ocrx_word' id='word_1_673' title='bbox 526 4456 650 4510; x_wconf 87' lang='lat' dir='ltr'><strong>illos</strong></span> <span class='ocrx_word' id='word_1_674' title='bbox 690 4455 1084 4510; x_wconf 76' lang='lat' dir='ltr'><strong>vetustissimos</strong></span> <span class='ocrx_word' id='word_1_675' title='bbox 1130 4456 1342 4510; x_wconf 87' lang='lat' dir='ltr'><strong>codices</strong></span> <span class='ocrx_word' id='word_1_676' title='bbox 1389 4458 1667 4512; x_wconf 85' lang='lat' dir='ltr'><strong>commode</strong></span> <span class='ocrx_word' id='word_1_677' title='bbox 1703 4466 1756 4512; x_wconf 92' lang='lat' dir='ltr'><strong>et</strong></span> <span class='ocrx_word' id='word_1_678' title='bbox 1784 4428 1838 4488; x_wconf 70' lang='grc' dir='ltr'><strong><em>Β</em></strong></span> <span class='ocrx_word' id='word_1_679' title='bbox 1863 4453 1966 4505; x_wconf 69' lang='lat' dir='ltr'><strong>que</strong></span> <span class='ocrx_word' id='word_1_680' title='bbox 2001 4438 2198 4506; x_wconf 54' lang='lat' dir='ltr'><strong>aliqua</strong></span> <span class='ocrx_word' id='word_1_681' title='bbox 2244 4440 2513 4508; x_wconf 55' lang='lat' dir='ltr'><strong>03PM“:</strong></span> <span class='ocrx_word' id='word_1_682' title='bbox 2559 4440 2614 4495; x_wconf 68' lang='lat' dir='ltr'><strong>in</strong></span> <span class='ocrx_word' id='word_1_683' title='bbox 2657 4456 2818 4495; x_wconf 74' lang='lat' dir='ltr'><strong>unum</strong></span> <span class='ocrx_word' id='word_1_684' title='bbox 2859 4441 3050 4496; x_wconf 66' lang='grc' dir='ltr'><strong>Ῑίίηύηι</strong></span> <span class='ocrx_word' id='word_1_685' title='bbox 3091 4448 3426 4502; x_wconf 68' lang='grc' dir='ltr'><strong>οοηεποίηεη</strong></span> 
     </span>
    </p>
   </div>
   <div class='ocr_carea' id='block_1_90' title="bbox 185 4547 1754 4617">
    <p class='ocr_par' dir='ltr' id='par_1_90' title="bbox 185 4547 1754 4617">
     <span class='ocr_line' id='line_1_90' title="bbox 185 4547 1754 4617; baseline 0.001 -15"><span class='ocrx_word' id='word_1_686' title='bbox 185 4565 297 4603; x_wconf 87' lang='lat' dir='ltr'><strong>cum</strong></span> <span class='ocrx_word' id='word_1_687' title='bbox 333 4550 444 4604; x_wconf 88' lang='lat' dir='ltr'><strong>otio</strong></span> <span class='ocrx_word' id='word_1_688' title='bbox 475 4547 797 4616; x_wconf 85' lang='lat' dir='ltr'><strong>inspiciendi</strong></span> <span class='ocrx_word' id='word_1_689' title='bbox 821 4562 881 4600; x_wconf 91' lang='lat' dir='ltr'><strong>ac</strong></span> <span class='ocrx_word' id='word_1_690' title='bbox 905 4547 1247 4611; x_wconf 88' lang='lat' dir='ltr'><strong>revolvendi,</strong></span> <span class='ocrx_word' id='word_1_691' title='bbox 1274 4548 1512 4617; x_wconf 85' lang='lat' dir='ltr'><strong>adeoque</strong></span> <span class='ocrx_word' id='word_1_692' title='bbox 1539 4548 1754 4603; x_wconf 87' lang='lat' dir='ltr'><strong>domum</strong></span> 
     </span>
    </p>
   </div>
   <div class='ocr_carea' id='block_1_91' title="bbox 182 4638 1754 4709">
    <p class='ocr_par' dir='ltr' id='par_1_91' title="bbox 182 4638 1754 4709">
     <span class='ocr_line' id='line_1_91' title="bbox 182 4638 1754 4709; baseline 0 -16"><span class='ocrx_word' id='word_1_693' title='bbox 182 4641 520 4709; x_wconf 56' lang='lat' dir='ltr'><strong>aput-undi,</strong></span> <span class='ocrx_word' id='word_1_694' title='bbox 570 4638 805 4707; x_wconf 89' lang='lat' dir='ltr'><strong>quandiu</strong></span> <span class='ocrx_word' id='word_1_695' title='bbox 849 4638 1040 4701; x_wconf 87' lang='lat' dir='ltr'><strong>libuit,</strong></span> <span class='ocrx_word' id='word_1_696' title='bbox 1088 4638 1402 4692; x_wconf 88' lang='lat' dir='ltr'><strong>facultatem</strong></span> <span class='ocrx_word' id='word_1_697' title='bbox 1453 4639 1754 4693; x_wconf 86' lang='lat' dir='ltr'><strong>habuimus.</strong></span> 
     </span>
    </p>
   </div>
   <div class='ocr_carea' id='block_1_92' title="bbox 185 4728 1758 4797">
    <p class='ocr_par' dir='ltr' id='par_1_92' title="bbox 185 4728 1758 4797">
     <span class='ocr_line' id='line_1_92' title="bbox 185 4728 1758 4797; baseline 0.001 -14"><span class='ocrx_word' id='word_1_698' title='bbox 185 4728 336 4783; x_wconf 84' lang='lat' dir='ltr'><strong>Prior</strong></span> <span class='ocrx_word' id='word_1_699' title='bbox 363 4745 560 4784; x_wconf 89' lang='lat' dir='ltr'><strong>eorum</strong></span> <span class='ocrx_word' id='word_1_700' title='bbox 592 4729 684 4795; x_wconf 90' lang='lat' dir='ltr'><strong>qui</strong></span> <span class='ocrx_word' id='word_1_701' title='bbox 707 4767 722 4789; x_wconf 95' lang='lat'><strong>,</strong></span> <span class='ocrx_word' id='word_1_702' title='bbox 751 4737 808 4782; x_wconf 92' lang='lat' dir='ltr'><strong>ut</strong></span> <span class='ocrx_word' id='word_1_703' title='bbox 837 4729 1169 4797; x_wconf 89' lang='lat' dir='ltr'><strong>accepimus,</strong></span> <span class='ocrx_word' id='word_1_704' title='bbox 1215 4739 1268 4782; x_wconf 91' lang='lat' dir='ltr'><strong>et</strong></span> <span class='ocrx_word' id='word_1_705' title='bbox 1307 4728 1506 4783; x_wconf 84' lang='lat' dir='ltr'><strong>indicat</strong></span> <span class='ocrx_word' id='word_1_706' title='bbox 1543 4745 1644 4783; x_wconf 90' lang='lat' dir='ltr'><strong>non</strong></span> <span class='ocrx_word' id='word_1_707' title='bbox 1674 4744 1758 4784; x_wconf 86' lang='lat' dir='ltr'><strong>se-</strong></span> 
     </span>
    </p>
   </div>
   <div class='ocr_carea' id='block_1_93' title="bbox 181 4818 1757 4888">
    <p class='ocr_par' dir='ltr' id='par_1_93' title="bbox 181 4818 1757 4888">
     <span class='ocr_line' id='line_1_93' title="bbox 181 4818 1757 4888; baseline 0 -14"><span class='ocrx_word' id='word_1_708' title='bbox 181 4824 280 4874; x_wconf 82' lang='lat' dir='ltr'><strong>mel</strong></span> <span class='ocrx_word' id='word_1_709' title='bbox 306 4821 374 4876; x_wconf 86' lang='lat' dir='ltr'><strong>ad</strong></span> <span class='ocrx_word' id='word_1_710' title='bbox 407 4835 562 4874; x_wconf 85' lang='lat' dir='ltr'><strong>oratu</strong></span> <span class='ocrx_word' id='word_1_711' title='bbox 597 4819 719 4871; x_wconf 90' lang='lat' dir='ltr'><strong>libri</strong></span> <span class='ocrx_word' id='word_1_712' title='bbox 746 4819 990 4887; x_wconf 89' lang='lat' dir='ltr'><strong>apposita</strong></span> <span class='ocrx_word' id='word_1_713' title='bbox 1025 4819 1140 4872; x_wconf 67' lang='lat' dir='ltr'><strong>haec</strong></span> <span class='ocrx_word' id='word_1_714' title='bbox 1168 4818 1444 4888; x_wconf 90' lang='lat' dir='ltr'><strong>inscriptio</strong></span> <span class='ocrx_word' id='word_1_715' title='bbox 1465 4859 1481 4886; x_wconf 94' lang='lat'><strong>,</strong></span> <span class='ocrx_word' id='word_1_716' title='bbox 1514 4819 1757 4874; x_wconf 70' lang='lat' dir='ltr'><strong>Ecrlesiw</strong></span> 
     </span>
    </p>
   </div>
   <div class='ocr_carea' id='block_1_94' title="bbox 177 4908 1759 4980">
    <p class='ocr_par' dir='ltr' id='par_1_94' title="bbox 177 4908 1759 4980">
     <span class='ocr_line' id='line_1_94' title="bbox 177 4908 1759 4980; baseline 0.003 -16"><span class='ocrx_word' id='word_1_717' title='bbox 177 4914 343 4964; x_wconf 62' lang='lat' dir='ltr'><strong>sancti</strong></span> <span class='ocrx_word' id='word_1_718' title='bbox 373 4911 525 4966; x_wconf 84' lang='lat' dir='ltr'><strong>Petri</strong></span> <span class='ocrx_word' id='word_1_719' title='bbox 555 4908 952 4974; x_wconf 76' lang='lat' dir='ltr'><strong>Bellovacensis,</strong></span> <span class='ocrx_word' id='word_1_720' title='bbox 975 4910 1099 4963; x_wconf 85' lang='lat' dir='ltr'><strong>olim</strong></span> <span class='ocrx_word' id='word_1_721' title='bbox 1130 4912 1181 4963; x_wconf 91' lang='lat' dir='ltr'><strong>in</strong></span> <span class='ocrx_word' id='word_1_722' title='bbox 1212 4911 1428 4980; x_wconf 87' lang='lat' dir='ltr'><strong>majoris</strong></span> <span class='ocrx_word' id='word_1_723' title='bbox 1459 4912 1759 4968; x_wconf 83' lang='lat' dir='ltr'><strong>Bellovaco-</strong></span> 
     </span>
    </p>
   </div>
   <div class='ocr_carea' id='block_1_95' title="bbox 176 5001 1758 5067">
    <p class='ocr_par' dir='ltr' id='par_1_95' title="bbox 176 5001 1758 5067">
     <span class='ocr_line' id='line_1_95' title="bbox 176 5001 1758 5067; baseline 0 -10"><span class='ocrx_word' id='word_1_724' title='bbox 176 5018 295 5057; x_wconf 80' lang='lat' dir='ltr'><strong>rum</strong></span> <span class='ocrx_word' id='word_1_725' title='bbox 339 5003 592 5059; x_wconf 69' lang='lat' dir='ltr'><strong>ecclesiae</strong></span> <span class='ocrx_word' id='word_1_726' title='bbox 623 5001 943 5055; x_wconf 88' lang='lat' dir='ltr'><strong>bibliotheca</strong></span> <span class='ocrx_word' id='word_1_727' title='bbox 974 5001 1372 5067; x_wconf 88' lang='lat' dir='ltr'><strong>asservabatur,</strong></span> <span class='ocrx_word' id='word_1_728' title='bbox 1407 5003 1458 5056; x_wconf 90' lang='lat' dir='ltr'><strong>in</strong></span> <span class='ocrx_word' id='word_1_729' title='bbox 1489 5005 1758 5057; x_wconf 88' lang='lat' dir='ltr'><strong>membra-</strong></span> 
     </span>
    </p>
   </div>
   <div class='ocr_carea' id='block_1_96' title="bbox 179 5093 1759 5166">
    <p class='ocr_par' dir='ltr' id='par_1_96' title="bbox 179 5093 1759 5166">
     <span class='ocr_line' id='line_1_96' title="bbox 179 5093 1759 5166; baseline 0.001 -19"><span class='ocrx_word' id='word_1_730' title='bbox 179 5099 261 5150; x_wconf 78' lang='lat' dir='ltr'><strong>uis</strong></span> <span class='ocrx_word' id='word_1_731' title='bbox 290 5095 700 5166; x_wconf 77' lang='lat' dir='ltr'><strong>elegantissime</strong></span> <span class='ocrx_word' id='word_1_732' title='bbox 731 5093 962 5160; x_wconf 88' lang='lat' dir='ltr'><strong>scriptus</strong></span> <span class='ocrx_word' id='word_1_733' title='bbox 992 5101 1076 5146; x_wconf 85' lang='lat' dir='ltr'><strong>est</strong></span> <span class='ocrx_word' id='word_1_734' title='bbox 1105 5094 1298 5147; x_wconf 90' lang='lat' dir='ltr'><strong>litteris</strong></span> <span class='ocrx_word' id='word_1_735' title='bbox 1335 5093 1622 5162; x_wconf 82' lang='lat' dir='ltr'><strong>grandibus</strong></span> <span class='ocrx_word' id='word_1_736' title='bbox 1651 5095 1759 5148; x_wconf 76' lang='lat' dir='ltr'><strong>Ro-</strong></span> 
     </span>
    </p>
   </div>
   <div class='ocr_carea' id='block_1_97' title="bbox 173 5185 1758 5256">
    <p class='ocr_par' dir='ltr' id='par_1_97' title="bbox 173 5185 1758 5256">
     <span class='ocr_line' id='line_1_97' title="bbox 173 5185 1758 5256; baseline -0.001 -15"><span class='ocrx_word' id='word_1_737' title='bbox 173 5192 386 5253; x_wconf 75' lang='lat' dir='ltr'><strong>manis,</strong></span> <span class='ocrx_word' id='word_1_738' title='bbox 422 5203 561 5256; x_wconf 80' lang='lat' dir='ltr'><strong>quas</strong></span> <span class='ocrx_word' id='word_1_739' title='bbox 593 5185 754 5255; x_wconf 85' lang='lat' dir='ltr'><strong>vulgo</strong></span> <span class='ocrx_word' id='word_1_740' title='bbox 783 5185 1024 5240; x_wconf 88' lang='lat' dir='ltr'><strong>unciales</strong></span> <span class='ocrx_word' id='word_1_741' title='bbox 1062 5186 1175 5240; x_wconf 88' lang='lat' dir='ltr'><strong>sive</strong></span> <span class='ocrx_word' id='word_1_742' title='bbox 1212 5185 1533 5253; x_wconf 86' lang='lat' dir='ltr'><strong>majusculas</strong></span> <span class='ocrx_word' id='word_1_743' title='bbox 1575 5188 1758 5254; x_wconf 85' lang='lat' dir='ltr'><strong>appel-</strong></span> 
     </span>
    </p>
   </div>
   <div class='ocr_carea' id='block_1_98' title="bbox 173 5279 1762 5347">
    <p class='ocr_par' dir='ltr' id='par_1_98' title="bbox 173 5279 1762 5347">
     <span class='ocr_line' id='line_1_98' title="bbox 173 5279 1762 5347; baseline -0.003 -13"><span class='ocrx_word' id='word_1_744' title='bbox 173 5286 293 5336; x_wconf 80' lang='lat' dir='ltr'><strong>lant</strong></span> <span class='ocrx_word' id='word_1_745' title='bbox 323 5301 336 5346; x_wconf 89' lang='lat'>;</span> <span class='ocrx_word' id='word_1_746' title='bbox 368 5292 423 5337; x_wconf 80' lang='lat' dir='ltr'><strong>at</strong></span> <span class='ocrx_word' id='word_1_747' title='bbox 451 5283 524 5339; x_wconf 85' lang='lat' dir='ltr'><strong>ita</strong></span> <span class='ocrx_word' id='word_1_748' title='bbox 558 5281 731 5336; x_wconf 86' lang='lat' dir='ltr'><strong>imbre</strong></span> <span class='ocrx_word' id='word_1_749' title='bbox 752 5325 765 5345; x_wconf 92' lang='lat'><strong>,</strong></span> <span class='ocrx_word' id='word_1_750' title='bbox 800 5279 904 5333; x_wconf 89' lang='lat' dir='ltr'><strong>situ</strong></span> <span class='ocrx_word' id='word_1_751' title='bbox 933 5289 1026 5332; x_wconf 87' lang='lat' dir='ltr'><strong>aut</strong></span> <span class='ocrx_word' id='word_1_752' title='bbox 1067 5293 1282 5332; x_wconf 91' lang='lat' dir='ltr'><strong>mucore</strong></span> <span class='ocrx_word' id='word_1_753' title='bbox 1317 5289 1628 5347; x_wconf 89' lang='lat' dir='ltr'><strong>corruptus,</strong></span> <span class='ocrx_word' id='word_1_754' title='bbox 1672 5285 1762 5331; x_wconf 91' lang='lat' dir='ltr'><strong>aut</strong></span> 
     </span>
    </p>
   </div>
   <div class='ocr_carea' id='block_1_99' title="bbox 167 5367 1761 5438">
    <p class='ocr_par' dir='ltr' id='par_1_99' title="bbox 167 5367 1761 5438">
     <span class='ocr_line' id='line_1_99' title="bbox 167 5367 1761 5438; baseline -0.003 -10"><span class='ocrx_word' id='word_1_755' title='bbox 167 5389 446 5432; x_wconf 82' lang='lat' dir='ltr'><strong>vetustate</strong></span> <span class='ocrx_word' id='word_1_756' title='bbox 468 5390 668 5432; x_wconf 77' lang='lat' dir='ltr'><strong>exesus</strong></span> <span class='ocrx_word' id='word_1_757' title='bbox 695 5381 808 5433; x_wconf 80' lang='lat' dir='ltr'><strong>est,</strong></span> <span class='ocrx_word' id='word_1_758' title='bbox 840 5379 902 5424; x_wconf 90' lang='lat' dir='ltr'><strong>ut</strong></span> <span class='ocrx_word' id='word_1_759' title='bbox 933 5367 1112 5422; x_wconf 88' lang='lat' dir='ltr'><strong>multis</strong></span> <span class='ocrx_word' id='word_1_760' title='bbox 1154 5369 1206 5423; x_wconf 88' lang='lat' dir='ltr'><strong>in</strong></span> <span class='ocrx_word' id='word_1_761' title='bbox 1253 5370 1383 5422; x_wconf 90' lang='lat' dir='ltr'><strong>locis</strong></span> <span class='ocrx_word' id='word_1_762' title='bbox 1422 5369 1761 5438; x_wconf 89' lang='lat' dir='ltr'><strong>imperfectus</strong></span> 
     </span>
    </p>
   </div>
   <div class='ocr_carea' id='block_1_100' title="bbox 167 5462 1763 5534">
    <p class='ocr_par' dir='ltr' id='par_1_100' title="bbox 167 5462 1763 5534">
     <span class='ocr_line' id='line_1_100' title="bbox 167 5462 1763 5534; baseline -0.003 -12"><span class='ocrx_word' id='word_1_763' title='bbox 167 5470 262 5522; x_wconf 76' lang='lat' dir='ltr'><strong>sit.</strong></span> <span class='ocrx_word' id='word_1_764' title='bbox 299 5470 456 5525; x_wconf 89' lang='lat' dir='ltr'><strong>Initio</strong></span> <span class='ocrx_word' id='word_1_765' title='bbox 491 5479 547 5524; x_wconf 88' lang='lat' dir='ltr'><strong>et</strong></span> <span class='ocrx_word' id='word_1_766' title='bbox 590 5470 697 5521; x_wconf 87' lang='lat' dir='ltr'><strong>tlue</strong></span> <span class='ocrx_word' id='word_1_767' title='bbox 733 5473 886 5519; x_wconf 89' lang='lat' dir='ltr'><strong>caret</strong></span> <span class='ocrx_word' id='word_1_768' title='bbox 928 5463 997 5516; x_wconf 91' lang='lat' dir='ltr'><strong>ob</strong></span> <span class='ocrx_word' id='word_1_769' title='bbox 1040 5463 1224 5515; x_wconf 88' lang='lat' dir='ltr'><strong>avulsa</strong></span> <span class='ocrx_word' id='word_1_770' title='bbox 1265 5477 1297 5517; x_wconf 90' lang='lat' dir='ltr'><strong>e</strong></span> <span class='ocrx_word' id='word_1_771' title='bbox 1337 5462 1522 5518; x_wconf 89' lang='lat' dir='ltr'><strong>codice</strong></span> <span class='ocrx_word' id='word_1_772' title='bbox 1561 5465 1763 5534; x_wconf 86' lang='lat' dir='ltr'><strong>aliquot</strong></span> 
     </span>
    </p>
   </div>
   <div class='ocr_carea' id='block_1_101' title="bbox 166 5551 1762 5631">
    <p class='ocr_par' dir='ltr' id='par_1_101' title="bbox 166 5551 1762 5631">
     <span class='ocr_line' id='line_1_101' title="bbox 166 5551 1762 5631; baseline -0.004 -19"><span class='ocrx_word' id='word_1_773' title='bbox 166 5561 322 5615; x_wconf 81' lang='lat' dir='ltr'><strong>folia.</strong></span> <span class='ocrx_word' id='word_1_774' title='bbox 356 5561 544 5631; x_wconf 89' lang='lat' dir='ltr'><strong>Incipit</strong></span> <span class='ocrx_word' id='word_1_775' title='bbox 577 5576 605 5613; x_wconf 90' lang='lat' dir='ltr'><strong>a</strong></span> <span class='ocrx_word' id='word_1_776' title='bbox 640 5555 820 5612; x_wconf 86' lang='lat' dir='ltr'><strong>media</strong></span> <span class='ocrx_word' id='word_1_777' title='bbox 849 5563 1002 5622; x_wconf 90' lang='lat' dir='ltr'><strong>parte</strong></span> <span class='ocrx_word' id='word_1_778' title='bbox 1044 5553 1232 5622; x_wconf 85' lang='lat' dir='ltr'><strong>capitis</strong></span> <span class='ocrx_word' id='word_1_779' title='bbox 1271 5551 1306 5604; x_wconf 76' lang='lat'><strong>2</strong></span> <span class='ocrx_word' id='word_1_780' title='bbox 1345 5551 1465 5608; x_wconf 90' lang='lat' dir='ltr'><strong>libri</strong></span> <span class='ocrx_word' id='word_1_781' title='bbox 1506 5567 1579 5620; x_wconf 87' lang='lat' dir='ltr'><strong>tt,</strong></span> <span class='ocrx_word' id='word_1_782' title='bbox 1622 5556 1762 5607; x_wconf 88' lang='lat' dir='ltr'><strong>desi-</strong></span> 
     </span>
    </p>
   </div>
   <div class='ocr_carea' id='block_1_102' title="bbox 172 5643 1760 5719">
    <p class='ocr_par' dir='ltr' id='par_1_102' title="bbox 172 5643 1760 5719">
     <span class='ocr_line' id='line_1_102' title="bbox 172 5643 1760 5719; baseline -0.004 -13"><span class='ocrx_word' id='word_1_783' title='bbox 172 5656 362 5711; x_wconf 83' lang='lat' dir='ltr'><strong>uituue</strong></span> <span class='ocrx_word' id='word_1_784' title='bbox 391 5658 443 5712; x_wconf 87' lang='lat' dir='ltr'><strong>in</strong></span> <span class='ocrx_word' id='word_1_785' title='bbox 473 5655 596 5711; x_wconf 90' lang='lat' dir='ltr'><strong>libri</strong></span> <span class='ocrx_word' id='word_1_786' title='bbox 638 5667 672 5709; x_wconf 86' lang='lat' dir='ltr'><strong>v</strong></span> <span class='ocrx_word' id='word_1_787' title='bbox 720 5648 908 5719; x_wconf 80' lang='lat' dir='ltr'><strong>capite</strong></span> <span class='ocrx_word' id='word_1_788' title='bbox 964 5643 1059 5710; x_wconf 74' lang='grc'><strong>15,</strong></span> <span class='ocrx_word' id='word_1_789' title='bbox 1089 5645 1232 5715; x_wconf 86' lang='lat' dir='ltr'><strong>quod</strong></span> <span class='ocrx_word' id='word_1_790' title='bbox 1273 5645 1604 5716; x_wconf 85' lang='lat' dir='ltr'><strong>vnlgatarum</strong></span> <span class='ocrx_word' id='word_1_791' title='bbox 1648 5645 1760 5700; x_wconf 87' lang='lat' dir='ltr'><strong>edi-</strong></span> 
     </span>
    </p>
   </div>
   <div class='ocr_carea' id='block_1_103' title="bbox 1859 4530 3427 4606">
    <p class='ocr_par' dir='ltr' id='par_1_103' title="bbox 1859 4530 3427 4606">
     <span class='ocr_line' id='line_1_103' title="bbox 1859 4530 3427 4606; baseline 0.004 -21"><span class='ocrx_word' id='word_1_792' title='bbox 1859 4531 1961 4585; x_wconf 86' lang='lat' dir='ltr'><strong>sub</strong></span> <span class='ocrx_word' id='word_1_793' title='bbox 1991 4533 2115 4585; x_wconf 91' lang='lat' dir='ltr'><strong>noni</strong></span> <span class='ocrx_word' id='word_1_794' title='bbox 2147 4531 2270 4587; x_wconf 88' lang='lat' dir='ltr'><strong>libri</strong></span> <span class='ocrx_word' id='word_1_795' title='bbox 2300 4532 2453 4588; x_wconf 90' lang='lat' dir='ltr'><strong>titulo</strong></span> <span class='ocrx_word' id='word_1_796' title='bbox 2476 4573 2490 4596; x_wconf 92' lang='lat'><strong>,</strong></span> <span class='ocrx_word' id='word_1_797' title='bbox 2520 4542 2575 4590; x_wconf 85' lang='lat' dir='ltr'><strong>et</strong></span> <span class='ocrx_word' id='word_1_798' title='bbox 2603 4530 2908 4606; x_wconf 84' lang='lat' dir='ltr'><strong>Fredegarii</strong></span> <span class='ocrx_word' id='word_1_799' title='bbox 2943 4535 3266 4591; x_wconf 89' lang='lat' dir='ltr'><strong>Chronicum</strong></span> <span class='ocrx_word' id='word_1_800' title='bbox 3297 4537 3427 4593; x_wconf 85' lang='lat' dir='ltr'><strong>Gre-</strong></span> 
     </span>
    </p>
   </div>
   <div class='ocr_carea' id='block_1_104' title="bbox 1861 4623 3426 4699">
    <p class='ocr_par' dir='ltr' id='par_1_104' title="bbox 1861 4623 3426 4699">
     <span class='ocr_line' id='line_1_104' title="bbox 1861 4623 3426 4699; baseline 0.006 -25"><span class='ocrx_word' id='word_1_801' title='bbox 1861 4623 1993 4690; x_wconf 83' lang='lat' dir='ltr'><strong>gorii</strong></span> <span class='ocrx_word' id='word_1_802' title='bbox 2024 4623 2218 4676; x_wconf 90' lang='lat' dir='ltr'><strong>librum</strong></span> <span class='ocrx_word' id='word_1_803' title='bbox 2245 4625 2512 4680; x_wconf 91' lang='lat' dir='ltr'><strong>decimum</strong></span> <span class='ocrx_word' id='word_1_804' title='bbox 2541 4634 2838 4697; x_wconf 91' lang='lat' dir='ltr'><strong>nuncupat,</strong></span> <span class='ocrx_word' id='word_1_805' title='bbox 2865 4636 2919 4681; x_wconf 91' lang='lat' dir='ltr'><strong>ut</strong></span> <span class='ocrx_word' id='word_1_806' title='bbox 2943 4627 3049 4697; x_wconf 89' lang='lat' dir='ltr'><strong>jam</strong></span> <span class='ocrx_word' id='word_1_807' title='bbox 3079 4643 3233 4699; x_wconf 87' lang='lat' dir='ltr'><strong>supra</strong></span> <span class='ocrx_word' id='word_1_808' title='bbox 3265 4645 3294 4683; x_wconf 89' lang='lat' dir='ltr'><strong>a</strong></span> <span class='ocrx_word' id='word_1_809' title='bbox 3324 4645 3426 4684; x_wconf 85' lang='lat' dir='ltr'><strong>no-</strong></span> 
     </span>
    </p>
   </div>
   <div class='ocr_carea' id='block_1_105' title="bbox 1862 4713 2442 4771">
    <p class='ocr_par' dir='ltr' id='par_1_105' title="bbox 1862 4713 2442 4771">
     <span class='ocr_line' id='line_1_105' title="bbox 1862 4713 2442 4771; baseline 0.005 -4"><span class='ocrx_word' id='word_1_810' title='bbox 1862 4713 1944 4767; x_wconf 87' lang='lat' dir='ltr'><strong>bis</strong></span> <span class='ocrx_word' id='word_1_811' title='bbox 1971 4713 2310 4769; x_wconf 85' lang='lat' dir='ltr'><strong>observatum</strong></span> <span class='ocrx_word' id='word_1_812' title='bbox 2339 4725 2442 4771; x_wconf 89' lang='lat' dir='ltr'><strong>est.</strong></span> 
     </span>
    </p>
   </div>
   <div class='ocr_carea' id='block_1_106' title="bbox 1934 4825 3422 4899">
    <p class='ocr_par' dir='ltr' id='par_1_106' title="bbox 1934 4825 3422 4899">
     <span class='ocr_line' id='line_1_106' title="bbox 1934 4825 3422 4899; baseline 0.003 -20"><span class='ocrx_word' id='word_1_813' title='bbox 1934 4825 1975 4879; x_wconf 86' lang='lat' dir='ltr'><strong>E</strong></span> <span class='ocrx_word' id='word_1_814' title='bbox 2005 4825 2166 4890; x_wconf 80' lang='lat' dir='ltr'><strong>Regia</strong></span> <span class='ocrx_word' id='word_1_815' title='bbox 2205 4827 2524 4882; x_wconf 89' lang='lat' dir='ltr'><strong>bibliotheca</strong></span> <span class='ocrx_word' id='word_1_816' title='bbox 2557 4828 2766 4883; x_wconf 90' lang='lat' dir='ltr'><strong>unicum</strong></span> <span class='ocrx_word' id='word_1_817' title='bbox 2799 4829 3141 4899; x_wconf 72' lang='lat' dir='ltr'><strong>Gregorianre</strong></span> <span class='ocrx_word' id='word_1_818' title='bbox 3176 4831 3422 4884; x_wconf 71' lang='lat' dir='ltr'><strong>llistorire</strong></span> 
     </span>
    </p>
   </div>
   <div class='ocr_carea' id='block_1_107' title="bbox 1865 4915 3423 4984">
    <p class='ocr_par' dir='ltr' id='par_1_107' title="bbox 1865 4915 3423 4984">
     <span class='ocr_line' id='line_1_107' title="bbox 1865 4915 3423 4984; baseline 0.001 -16"><span class='ocrx_word' id='word_1_819' title='bbox 1865 4915 2104 4970; x_wconf 91' lang='lat' dir='ltr'><strong>codicem</strong></span> <span class='ocrx_word' id='word_1_820' title='bbox 2135 4916 2447 4981; x_wconf 88' lang='lat' dir='ltr'><strong>habuimus,</strong></span> <span class='ocrx_word' id='word_1_821' title='bbox 2478 4919 2544 4972; x_wconf 89' lang='lat' dir='ltr'><strong>ab</strong></span> <span class='ocrx_word' id='word_1_822' title='bbox 2573 4922 2726 4973; x_wconf 89' lang='lat' dir='ltr'><strong>annis</strong></span> <span class='ocrx_word' id='word_1_823' title='bbox 2755 4919 2967 4973; x_wconf 89' lang='lat' dir='ltr'><strong>circiter</strong></span> <span class='ocrx_word' id='word_1_824' title='bbox 2995 4918 3098 4974; x_wconf 83' lang='lat'><strong>500</strong></span> <span class='ocrx_word' id='word_1_825' title='bbox 3125 4919 3380 4981; x_wconf 83' lang='lat' dir='ltr'><strong>scriptum</strong></span> <span class='ocrx_word' id='word_1_826' title='bbox 3406 4959 3423 4984; x_wconf 88' lang='lat'><strong>,</strong></span> 
     </span>
    </p>
   </div>
   <div class='ocr_carea' id='block_1_108' title="bbox 1864 5007 3428 5076">
    <p class='ocr_par' dir='ltr' id='par_1_108' title="bbox 1864 5007 3428 5076">
     <span class='ocr_line' id='line_1_108' title="bbox 1864 5007 3428 5076; baseline -0.002 -15"><span class='ocrx_word' id='word_1_827' title='bbox 1864 5009 1952 5076; x_wconf 86' lang='lat' dir='ltr'><strong>qui</strong></span> <span class='ocrx_word' id='word_1_828' title='bbox 1980 5007 2103 5062; x_wconf 90' lang='lat' dir='ltr'><strong>olim</strong></span> <span class='ocrx_word' id='word_1_829' title='bbox 2121 5047 2136 5073; x_wconf 93' lang='lat'><strong>,</strong></span> <span class='ocrx_word' id='word_1_830' title='bbox 2168 5010 2240 5062; x_wconf 93' lang='lat' dir='ltr'><strong>uti</strong></span> <span class='ocrx_word' id='word_1_831' title='bbox 2273 5007 2592 5072; x_wconf 88' lang='lat' dir='ltr'><strong>inscribitur,</strong></span> <span class='ocrx_word' id='word_1_832' title='bbox 2615 5009 2712 5064; x_wconf 87' lang='lat' dir='ltr'><strong>fuit</strong></span> <span class='ocrx_word' id='word_1_833' title='bbox 2738 5021 2926 5063; x_wconf 76' lang='lat' dir='ltr'><strong>sancta:</strong></span> <span class='ocrx_word' id='word_1_834' title='bbox 2952 5008 3133 5061; x_wconf 74' lang='lat' dir='ltr'><strong>Maria:</strong></span> <span class='ocrx_word' id='word_1_835' title='bbox 3155 5011 3206 5060; x_wconf 85' lang='lat' dir='ltr'><strong>in</strong></span> <span class='ocrx_word' id='word_1_836' title='bbox 3233 5009 3428 5059; x_wconf 76' lang='lat' dir='ltr'><strong>(luem-</strong></span> 
     </span>
    </p>
   </div>
   <div class='ocr_carea' id='block_1_109' title="bbox 1865 5097 3424 5167">
    <p class='ocr_par' dir='ltr' id='par_1_109' title="bbox 1865 5097 3424 5167">
     <span class='ocr_line' id='line_1_109' title="bbox 1865 5097 3424 5167; baseline 0 -17"><span class='ocrx_word' id='word_1_837' title='bbox 1865 5100 1991 5167; x_wconf 84' lang='lat' dir='ltr'><strong>burg</strong></span> <span class='ocrx_word' id='word_1_838' title='bbox 2024 5099 2248 5153; x_wconf 68' lang='lat' dir='ltr'><strong>diwcesis</strong></span> <span class='ocrx_word' id='word_1_839' title='bbox 2281 5097 2618 5166; x_wconf 62' lang='lat' dir='ltr'><strong>Moguntina.</strong></span> <span class='ocrx_word' id='word_1_840' title='bbox 2647 5100 2914 5167; x_wconf 80' lang='lat' dir='ltr'><strong>Nusquam</strong></span> <span class='ocrx_word' id='word_1_841' title='bbox 2960 5097 3199 5164; x_wconf 76' lang='lat' dir='ltr'><strong>Gregorii</strong></span> <span class='ocrx_word' id='word_1_842' title='bbox 3226 5109 3424 5150; x_wconf 85' lang='lat' dir='ltr'><strong>nomen</strong></span> 
     </span>
    </p>
   </div>
   <div class='ocr_carea' id='block_1_110' title="bbox 1865 5185 3424 5256">
    <p class='ocr_par' dir='ltr' id='par_1_110' title="bbox 1865 5185 3424 5256">
     <span class='ocr_line' id='line_1_110' title="bbox 1865 5185 3424 5256; baseline -0.003 -12"><span class='ocrx_word' id='word_1_843' title='bbox 1865 5187 2120 5244; x_wconf 77' lang='lat' dir='ltr'><strong>exhibet:</strong></span> <span class='ocrx_word' id='word_1_844' title='bbox 2151 5187 2309 5241; x_wconf 89' lang='lat' dir='ltr'><strong>habet</strong></span> <span class='ocrx_word' id='word_1_845' title='bbox 2340 5198 2515 5242; x_wconf 89' lang='lat' dir='ltr'><strong>tamen</strong></span> <span class='ocrx_word' id='word_1_846' title='bbox 2547 5187 2659 5256; x_wconf 87' lang='lat' dir='ltr'><strong>ejus</strong></span> <span class='ocrx_word' id='word_1_847' title='bbox 2690 5188 3058 5255; x_wconf 61' lang='lat' dir='ltr'><strong>praefationem</strong></span> <span class='ocrx_word' id='word_1_848' title='bbox 3079 5227 3096 5250; x_wconf 92' lang='lat'><strong>,</strong></span> <span class='ocrx_word' id='word_1_849' title='bbox 3124 5186 3216 5239; x_wconf 89' lang='lat' dir='ltr'><strong>sed</strong></span> <span class='ocrx_word' id='word_1_850' title='bbox 3259 5185 3424 5239; x_wconf 87' lang='lat' dir='ltr'><strong>multa</strong></span> 
     </span>
    </p>
   </div>
   <div class='ocr_carea' id='block_1_111' title="bbox 1867 5273 3428 5351">
    <p class='ocr_par' dir='ltr' id='par_1_111' title="bbox 1867 5273 3428 5351">
     <span class='ocr_line' id='line_1_111' title="bbox 1867 5273 3428 5351; baseline -0.001 -16"><span class='ocrx_word' id='word_1_851' title='bbox 1867 5282 2060 5351; x_wconf 87' lang='lat' dir='ltr'><strong>passim</strong></span> <span class='ocrx_word' id='word_1_852' title='bbox 2086 5281 2281 5334; x_wconf 90' lang='lat' dir='ltr'><strong>omittit</strong></span> <span class='ocrx_word' id='word_1_853' title='bbox 2306 5280 2506 5347; x_wconf 89' lang='lat' dir='ltr'><strong>capita:</strong></span> <span class='ocrx_word' id='word_1_854' title='bbox 2533 5273 2680 5347; x_wconf 82' lang='lat' dir='ltr'><strong>quod</strong></span> <span class='ocrx_word' id='word_1_855' title='bbox 2696 5279 2816 5332; x_wconf 89' lang='lat' dir='ltr'><strong>data</strong></span> <span class='ocrx_word' id='word_1_856' title='bbox 2848 5292 3009 5347; x_wconf 86' lang='lat' dir='ltr'><strong>opera</strong></span> <span class='ocrx_word' id='word_1_857' title='bbox 3041 5277 3233 5332; x_wconf 84' lang='lat' dir='ltr'><strong>factum</strong></span> <span class='ocrx_word' id='word_1_858' title='bbox 3264 5274 3428 5333; x_wconf 82' lang='lat' dir='ltr'><strong>fuisse</strong></span> 
     </span>
    </p>
   </div>
   <div class='ocr_carea' id='block_1_112' title="bbox 1865 5367 3428 5443">
    <p class='ocr_par' dir='ltr' id='par_1_112' title="bbox 1865 5367 3428 5443">
     <span class='ocr_line' id='line_1_112' title="bbox 1865 5367 3428 5443; baseline -0.001 -18"><span class='ocrx_word' id='word_1_859' title='bbox 1865 5371 2092 5443; x_wconf 89' lang='lat' dir='ltr'><strong>probant</strong></span> <span class='ocrx_word' id='word_1_860' title='bbox 2119 5369 2318 5424; x_wconf 89' lang='lat' dir='ltr'><strong>indices</strong></span> <span class='ocrx_word' id='word_1_861' title='bbox 2350 5371 2496 5424; x_wconf 88' lang='lat' dir='ltr'><strong>libris</strong></span> <span class='ocrx_word' id='word_1_862' title='bbox 2527 5371 2750 5439; x_wconf 87' lang='lat' dir='ltr'><strong>singulis</strong></span> <span class='ocrx_word' id='word_1_863' title='bbox 2782 5367 3009 5438; x_wconf 73' lang='lat' dir='ltr'><strong>ptmfixi.</strong></span> <span class='ocrx_word' id='word_1_864' title='bbox 3041 5369 3203 5422; x_wconf 80' lang='lat' dir='ltr'><strong>index</strong></span> <span class='ocrx_word' id='word_1_865' title='bbox 3233 5384 3428 5436; x_wconf 80' lang='lat' dir='ltr'><strong>nempe</strong></span> 
     </span>
    </p>
   </div>
   <div class='ocr_carea' id='block_1_113' title="bbox 1863 5455 3421 5532">
    <p class='ocr_par' dir='ltr' id='par_1_113' title="bbox 1863 5455 3421 5532">
     <span class='ocr_line' id='line_1_113' title="bbox 1863 5455 3421 5532; baseline -0.004 -14"><span class='ocrx_word' id='word_1_866' title='bbox 1863 5455 2017 5532; x_wconf 83' lang='lat' dir='ltr'><strong>primi</strong></span> <span class='ocrx_word' id='word_1_867' title='bbox 2047 5460 2169 5514; x_wconf 90' lang='lat' dir='ltr'><strong>libri</strong></span> <span class='ocrx_word' id='word_1_868' title='bbox 2191 5460 2376 5526; x_wconf 86' lang='lat' dir='ltr'><strong>viginti</strong></span> <span class='ocrx_word' id='word_1_869' title='bbox 2405 5459 2736 5515; x_wconf 87' lang='lat' dir='ltr'><strong>solummodo</strong></span> <span class='ocrx_word' id='word_1_870' title='bbox 2763 5471 2815 5515; x_wconf 90' lang='lat' dir='ltr'><strong>et</strong></span> <span class='ocrx_word' id='word_1_871' title='bbox 2844 5474 2938 5515; x_wconf 80' lang='lat' dir='ltr'><strong>sex</strong></span> <span class='ocrx_word' id='word_1_872' title='bbox 2968 5460 3137 5529; x_wconf 89' lang='lat' dir='ltr'><strong>capita</strong></span> <span class='ocrx_word' id='word_1_873' title='bbox 3168 5458 3421 5514; x_wconf 83' lang='lat' dir='ltr'><strong>exhibet:</strong></span> 
     </span>
    </p>
   </div>
   <div class='ocr_carea' id='block_1_114' title="bbox 1862 5551 3425 5622">
    <p class='ocr_par' dir='ltr' id='par_1_114' title="bbox 1862 5551 3425 5622">
     <span class='ocr_line' id='line_1_114' title="bbox 1862 5551 3425 5622; baseline -0.001 -16"><span class='ocrx_word' id='word_1_874' title='bbox 1862 5562 1919 5607; x_wconf 89' lang='lat' dir='ltr'><strong>et</strong></span> <span class='ocrx_word' id='word_1_875' title='bbox 1949 5563 2124 5606; x_wconf 89' lang='lat' dir='ltr'><strong>tamen</strong></span> <span class='ocrx_word' id='word_1_876' title='bbox 2158 5551 2322 5605; x_wconf 87' lang='lat' dir='ltr'><strong>multo</strong></span> <span class='ocrx_word' id='word_1_877' title='bbox 2353 5552 2498 5621; x_wconf 84' lang='lat' dir='ltr'><strong>plura</strong></span> <span class='ocrx_word' id='word_1_878' title='bbox 2535 5553 2585 5605; x_wconf 91' lang='lat' dir='ltr'><strong>in</strong></span> <span class='ocrx_word' id='word_1_879' title='bbox 2620 5552 2734 5622; x_wconf 87' lang='lat' dir='ltr'><strong>ipso</strong></span> <span class='ocrx_word' id='word_1_880' title='bbox 2778 5553 2914 5608; x_wconf 90' lang='lat' dir='ltr'><strong>libro</strong></span> <span class='ocrx_word' id='word_1_881' title='bbox 2955 5552 3251 5616; x_wconf 87' lang='lat' dir='ltr'><strong>habentur;</strong></span> <span class='ocrx_word' id='word_1_882' title='bbox 3300 5551 3425 5605; x_wconf 88' lang='lat' dir='ltr'><strong>ulti-</strong></span> 
     </span>
    </p>
   </div>
   <div class='ocr_carea' id='block_1_115' title="bbox 1863 5643 3422 5714">
    <p class='ocr_par' dir='ltr' id='par_1_115' title="bbox 1863 5643 3422 5714">
     <span class='ocr_line' id='line_1_115' title="bbox 1863 5643 3422 5714; baseline -0.002 -16"><span class='ocrx_word' id='word_1_883' title='bbox 1863 5661 2004 5699; x_wconf 85' lang='lat' dir='ltr'><strong>nium</strong></span> <span class='ocrx_word' id='word_1_884' title='bbox 2038 5659 2227 5714; x_wconf 83' lang='lat' dir='ltr'><strong>nctan</strong></span> <span class='ocrx_word' id='word_1_885' title='bbox 2252 5653 2330 5700; x_wconf 90' lang='lat' dir='ltr'><strong>est</strong></span> <span class='ocrx_word' id='word_1_886' title='bbox 2354 5643 2812 5714; x_wconf 65' lang='lat' dir='ltr'><strong>quadragesimum</strong></span> <span class='ocrx_word' id='word_1_887' title='bbox 2832 5686 2847 5709; x_wconf 92' lang='lat'><strong>,</strong></span> <span class='ocrx_word' id='word_1_888' title='bbox 2873 5645 3011 5710; x_wconf 84' lang='lat' dir='ltr'><strong>quod</strong></span> <span class='ocrx_word' id='word_1_889' title='bbox 3040 5645 3300 5701; x_wconf 89' lang='lat' dir='ltr'><strong>editorum</strong></span> <span class='ocrx_word' id='word_1_890' title='bbox 3330 5643 3422 5696; x_wconf 88' lang='lat' dir='ltr'><strong>tri-</strong></span> 
     </span>
    </p>
   </div>
  </div>
