4024 6192
616 5776 637 5831 '\

648 205 714 259 99

2088 197 2476 255 PREFATIO.

3794 196 3905 251 tuo

646 332 855 391 gestmo
882 327 1075 373 octavo
1102 315 1404 385 respondet.
1436 315 1599 369 Iudex
1632 314 1756 369 libri
1784 330 1819 368 ll
1850 323 2093 367 recenset
2122 327 2214 365 ca-
2242 318 2294 375 Α
2319 316 2409 384 qui
2440 314 2850 370 eminentissimi
2880 312 3164 369 cardinalis
3194 314 3247 369 in
3278 327 3390 368 rem
3423 310 3745 367 litterariam
3782 321 3907 365 stu-

649 413 757 483 pita
785 413 890 466 5‘2:
922 412 973 466 in
1002 410 1139 465 libro
1167 423 1295 463 vero
1323 408 1440 474 ipso
1477 419 1824 462 numerantur
1866 407 1968 472 36,
2019 415 2209 468 praeter

648 504 754 558 alia
786 502 980 572 quibus
1020 501 1194 555 nullus
1234 499 1524 569 prarligitur
1562 500 1764 554 titulus.
1808 499 1967 553 Index
2010 498 2127 552 libri
2159 513 2211 551 tv

649 598 811 650 habet
833 594 1002 662 capita
1044 590 1147 660 35,
1193 606 1313 646 cum
1355 605 1540 645 eorum
1579 590 1911 655 summariis,
1947 599 1999 644 et
2036 598 2212 646 tamen

648 686 765 755 ipse
796 685 927 739 liber
952 681 1154 736 desinit
1182 680 1235 736 in
1263 681 1437 735 media
1484 690 1635 748 parte
1673 680 1864 749 capitis
1905 680 1967 733 li
1992 719 2007 743 ,
2045 679 2215 735 edito-

649 789 768 829 rum
795 773 881 829 16.
912 772 1020 826 Nec
1046 771 1220 827 codex
1246 782 1327 828 est
1360 771 1576 826 mutilus
1605 781 1695 825 aut
1720 770 2061 841 imperfectus
2080 815 2094 837 ,
2120 770 2215 826 sed

652 865 897 934 proxime
926 873 1046 933 post
1073 863 1387 934 Gregorium
1417 862 1662 932 sequitur
1689 863 2013 917 Clironicum
2057 864 2214 934 Regi-

650 956 806 1011 nonis
830 954 1018 1010 eadem
1048 969 1207 1009 manu
1235 963 1532 1009 exaratum.
1581 954 1645 1008 Hi
1686 963 1863 1009 autent
1903 964 2026 1009 sunt
2060 959 2217 1025 quin-

648 1061 755 1116 que
792 1046 1015 1101 codices
1058 1060 1193 1116 quos
1220 1045 1491 1100 consuluit
1533 1043 1815 1100 Coin‘tius:
1856 1045 2005 1100 unde
2029 1047 2220 1100 merito

649 1138 1000 1209 conqueritur
1044 1140 1128 1192 vir
1158 1136 1433 1203 eruditus,
1479 1152 1585 1191 non
1626 1137 1728 1191 nisi
1769 1137 1981 1193 codices
2022 1136 2220 1207 imper-

648 1230 820 1287 fectos
850 1230 1193 1303 Gregorianae
1225 1232 1469 1285 Historia;
1496 1245 1526 1285 a
1555 1245 1614 1286 se
1642 1232 1785 1287 visos
1815 1232 1996 1287 fuisse.

720 1324 844 1379 1‘25.
874 1324 1071 1380 Sextus
1105 1324 1287 1392 itaque
1315 1324 1483 1379 codex
1511 1323 1577 1378 ad
1606 1338 1763 1394 quem
1791 1323 2034 1392 Gregorii
2057 1337 2220 1392 opera

647 1416 973 1470 contulimus
993 1457 1008 1479 ,
1041 1426 1124 1471 est
1153 1416 1467 1470 monasterii
1494 1416 1774 1471 Beccensis
1797 1417 1847 1470 itt
1872 1416 2219 1479 Normannia,

650 1507 720 1561 ab
747 1505 902 1561 annis
930 1507 1040 1561 fere
1066 1505 1172 1561 700
1210 1519 1479 1561 exaratus.
1527 1506 1669 1562 Nihil
1701 1510 1754 1562 in
1787 1522 1851 1562 eo
1878 1509 2091 1576 penitus
2128 1508 2223 1564 de-

646 1598 914 1654 sideratur
967 1608 1158 1667 praeter
1225 1603 1449 1668 primam
1510 1596 1748 1669 Gregorii
1807 1598 2220 1668 praefationem;

2315 406 2404 460 dio
2432 406 2573 461 ultro
2601 407 2991 473 obsecundans,
3043 406 3237 460 nullam
3283 403 3619 459 occasionem
3663 411 3906 469 prater-

2316 498 2477 553 mittit
2504 499 2723 567 nostris,
2756 510 3166 566 nostrorumque
3194 495 3383 550 studiis
3431 494 3710 564 suppetias
3761 493 3904 548 εσθ-

2316 589 2490 643 rendi.
2553 587 2808 643 Ultimum
2862 588 3091 657 denique
3139 602 3204 642 ex
3255 584 3575 641 bibliotheca
3636 583 3900 638 Vaticana

2318 680 2556 735 Palatina
2578 681 2938 736 commodavit
2967 680 3359 736 illustrissimus
3381 678 3445 731 ῐ).
3469 676 3800 732 Laurentius
3828 676 3899 731 de

2320 772 2612 843 Zaccagnis
2654 774 2860 842 primus
2894 773 3158 827 Vaticana:
3195 770 3531 827 bibliotheca:
3562 769 3856 839 praefectus
3882 810 3899 835 ,

2324 863 2397 918 ob
2423 864 2565 919 edita
2594 878 2753 934 opera
2786 864 2916 918 viris
2946 864 3192 918 omnibus
3222 862 3470 918 litteratis
3516 872 3671 917 notus
3692 902 3710 925 ,
3743 862 3905 917 nobis

2319 968 2450 1010 vero
2476 965 2728 1023 prasterea
2758 955 2827 1009 ob
2856 954 3129 1010 liberalem
3163 956 3213 1008 in
3244 953 3419 1008 studia
3442 960 3624 1006 nostra
3650 952 3901 1007 animum

2320 1045 2601 1115 plurimum
2644 1045 3114 1100 commendandus.
3168 1046 3225 1098 In
3275 1044 3378 1099 hoc
3425 1051 3604 1097 autem
3656 1043 3901 1109 codice,

2320 1134 2448 1189 olim
2478 1136 2787 1191 monasterii
2815 1138 2982 1192 sancti
3032 1136 3241 1191 Nazarii
3273 1134 3780 1201 Laureshatnensis,
3812 1135 3904 1206 qui

2325 1224 2391 1279 ab
2420 1228 2576 1279 annis
2605 1225 2819 1282 circiter
2849 1228 2953 1282 δυο
2978 1229 3207 1298 scriptus
3233 1226 3476 1287 videtur,
3510 1227 3673 1279 multa
3707 1226 3907 1282 desunt

2325 1320 2522 1387 passim
2554 1320 2808 1391 capitula,
2841 1322 2892 1375 id
2920 1332 3001 1377 est
3028 1337 3090 1378 ea
3118 1324 3333 1379 omnino
3360 1326 3569 1394 eadem,
3598 1340 3719 1398 quas
3740 1343 3906 1397 supra

2324 1411 2376 1465 in
2401 1411 2659 1467 'l‘huaneo
2688 1428 2782 1468 seu
2811 1412 3119 1491 Cnlhertino
3145 1416 3437 1473 desiderari
3466 1422 3902 1475 observavimus.

2322 1504 2399 1561 Ibi
2430 1513 2485 1560 et
2514 1505 2648 1560 liber
2677 1521 2848 1561 nonus
2875 1522 2995 1561 cum
3027 1496 3239 1563 decimo
3268 1511 3631 1579 confunditur,
3680 1523 3740 1568 et
3772 1514 3903 1569 Fre-

2325 1594 2524 1664 degarii
2556 1595 2879 1650 Chronicum
2928 1597 3028 1651 sub
3076 1599 3227 1653 titulo
3259 1600 3375 1655 libri
3409 1603 3603 1657 decimi
3658 1603 3906 1659 Historiae

656 1691 924 1760 scriptura
955 1690 1109 1760 plana
1139 1700 1222 1744 est
1261 1698 1317 1745 et
1348 1691 1566 1758 aequalis
1607 1698 1765 1756 atque
1800 1691 2015 1759 Optimae
2056 1700 2214 1772 uotae.
2247 1694 2294 1755 Β
2326 1686 2661 1757 Gregoriana:
2693 1700 3127 1753 reprazsentatur.
3179 1689 3317 1745 Nihil
3359 1707 3485 1747 vero
3513 1709 3575 1749 ea
3625 1695 3696 1749 de
3752 1710 3812 1750 re
3855 1696 3905 1749 in

647 1785 945 1854 Septimum
976 1785 1263 1839 habuimus
1292 1799 1357 1838 ex
1389 1787 1718 1839 monasterio
1747 1783 1896 1854 Regii
1935 1785 2131 1839 montis
2170 1785 2221 1838 in

648 1878 866 1934 dioecesi
898 1876 1260 1932 Bellovacensi
1291 1873 1509 1930 Ordinis
1542 1875 1946 1940 Cisterciensis,
1980 1875 2068 1943 qui
2097 1890 2215 1929 om-

649 1984 748 2024 nes
791 1969 1011 2023 omnino
1050 1966 1293 2037 Gregorii
1334 1963 1581 2021 Historia:
1622 1966 1790 2021 libros
1826 1968 2221 2036 complectitur,

648 2069 843 2130 pra-ter
885 2058 1088 2129 aliquot
1134 2058 1309 2113 ultimi
1351 2057 1473 2113 libri
1520 2066 1766 2113 extrema
1812 2061 2021 2128 capita,
2064 2073 2222 2127 quin,

649 2154 851 2209 avulsis
902 2152 1105 2221 aliquot
1158 2166 1190 2207 e
1242 2150 1429 2206 codice
1489 2150 1663 2218 foliis,
1718 2151 1929 2206 desunt.
1986 2150 2225 2205 Vidimus

652 2257 897 2300 octavum
944 2242 1184 2298 codicem
1216 2243 1267 2295 in
1297 2240 1620 2297 bibliotheca
1656 2226 2032 2296 Vindocinensi
2071 2242 2226 2295 char-

653 2348 894 2400 taceum,
922 2344 975 2388 et
1015 2334 1227 2388 caeteris
1266 2333 1651 2397 recentiorem,
1684 2341 1742 2386 ut
1786 2341 1909 2402 pote
1936 2334 2025 2403 qui
2056 2346 2226 2387 annos

652 2429 758 2483 200
814 2442 1070 2498 superare
1126 2441 1230 2481 non
1289 2426 1547 2483 videtur:
1598 2427 1838 2482 continet
1889 2427 2228 2484 solummodo

653 2524 888 2590 quinque
928 2518 1135 2588 priores
1179 2517 1376 2583 libros,
1419 2518 1511 2573 sed
1558 2519 1779 2572 omnino
1828 2517 2095 2587 integros,
2134 2533 2226 2573 ex-

658 2623 809 2681 cepta
860 2612 1102 2682 Gregorii
1149 2611 1315 2680 prima
1363 2612 1694 2680 praefatione.
1737 2611 1897 2667 Libro
1937 2627 1969 2664 v
2009 2609 2231 2681 subjun-

655 2712 851 2773 guntur
875 2705 1105 2771 capitula
1135 2701 1252 2756 libri
1303 2716 1377 2756 vt.
1418 2701 1487 2756 At
1512 2702 1709 2757 librum
1739 2701 1911 2769 ipsum
1941 2715 2001 2757 se
2029 2702 2229 2759 habere

668 2806 774 2847 non
808 2793 1043 2859 potuisse
1076 2792 1420 2862 conqueritur
1450 2792 1700 2861 scriptor,
1736 2800 2070 2863 testaturque
2102 2809 2230 2864 Opus

657 2898 776 2939 esse
804 2885 1159 2956 dignissimum
1177 2927 1192 2951 ,
1220 2901 1313 2956 pro
1343 2886 1607 2941 scribentis
1634 2886 1791 2942 simul
1819 2895 1867 2941 et
1895 2888 2120 2941 materia:
2144 2887 2228 2941 dio

658 2978 869 3048 gnitate.

2324 1777 2560 1845 priorum
2604 1776 2857 1831 librorum
2904 1780 3045 1834 notis
3092 1783 3470 1853 marginalibus
3527 1785 3591 1839 ad
3654 1786 3905 1856 Gregorii

2326 1876 2525 1923 textum
2574 1870 2991 1940 observavimus,
3024 1874 3164 1941 quod
3218 1874 3382 1945 hujus
3411 1877 3610 1932 codicis
3661 1882 3905 1935 notitiam

2327 1962 2561 2016 nondum
2595 1974 2719 2016 tunc
2768 1963 2933 2017 Roma
2964 1980 3357 2034 acceperamus.
3394 1967 3595 2024 Similis
3629 1969 3757 2025 huic
3785 1986 3899 2027 esse

2328 2055 2543 2110 vidclur
2572 2056 2740 2110 codex
2774 2059 3083 2111 monasterii
3113 2060 3279 2113 sancti
3311 2060 3579 2115 Trudnnis
3611 2062 3665 2116 in
3699 2062 3877 2117 Hasha

2327 2150 2433 2215 nia,
2469 2150 2522 2202 in
2553 2164 2679 2217 quo,
2709 2152 2783 2203 uti
2812 2149 3062 2204 observat
3089 2151 3410 2207 Godefridus
3441 2152 3822 2210 llenschenius
3849 2156 3900 2211 in

2329 2237 2618 2309 prtemissis
2642 2239 2710 2293 ad
2743 2240 2914 2293 Vitam
2946 2240 3113 2295 sancti
3150 2241 3423 2309 Sigiberti,
3456 2242 3617 2296 multa
3672 2246 3901 2314 capitula

2327 2332 2540 2387 desunt.
2574 2331 2840 2386 Caeterum
2901 2331 3076 2400 plures
3126 2333 3261 2388 alios
3308 2332 3518 2389 codices
3548 2335 3783 2391 vidimus
3806 2378 3824 2402 ,
3854 2346 3905 2391 et

2328 2421 2539 2492 quidem
2571 2421 2992 2491 antiquissimos,
3024 2423 3110 2491 qui
3173 2425 3424 2479 nonnulla
3455 2426 3698 2496 Gregorii
3733 2428 3905 2483 Histo-

2330 2512 2425 2565 riae
2454 2509 2749 2579 fragmenta
2777 2512 2877 2566 sub
2907 2511 3070 2567 variis
3105 2512 3268 2567 titulis
3308 2518 3747 2584 complectuntur
3774 2517 3904 2571 :sed

2331 2617 2426 2656 eos
2453 2617 2551 2656 suo
2582 2603 2719 2668 loco,
2753 2604 2798 2657 si
2832 2602 2966 2658 forte
2986 2603 3185 2673 aliquid
3208 2604 3584 2664 observatione
3605 2608 3828 2679 dignum
3854 2612 3903 2662 in

2332 2692 2410 2747 eis
2439 2691 2755 2758 occurrerit,
2786 2704 2877 2747 aut
2906 2695 2958 2748 in
3014 2694 3188 2749 indice
3220 2711 3351 2756 tnss.
3393 2699 3638 2755 codicum
3686 2699 3906 2756 inferius

2333 2782 2552 2839 laudare
2580 2783 2827 2839 sufficiat.

2408 2873 2530 2930 125.
2596 2874 2673 2930 Ea
2739 2891 2899 2947 porro
2968 2878 3262 2949 fragmenta
3325 2896 3445 2938 esse
3516 2887 3903 2942 contemnenda

2338 2982 2496 3024 nemo
2520 2968 2737 3035 dixerit,
2781 2984 2900 3023 cum
2948 2971 3251 3026 ocontrario
3305 2978 3526 3029 multum
3578 2978 3792 3032 valeant
3838 2980 3905 3033 ad

731 3068 857 3125 124.
897 3068 1005 3124 Nec
1034 3069 1161 3124 satis
1207 3067 1312 3125 fuit
1340 3070 1644 3127 Gallicanos
1685 3070 1899 3127 codices
1939 3071 2225 3137 evolvere;
2254 3068 2299 3131 C
2333 3061 2754 3117 conﬁrmandum
2804 3077 3109 3133 Germanum
3166 3063 3408 3136 Gregorii
3476 3078 3703 3125 textum.
3765 3069 3897 3126 Cum

662 3162 835 3214 visum
859 3171 943 3217 est
969 3162 1128 3216 etiam
1155 3162 1437 3218 consulere
1469 3162 1700 3217 Italicos.
1727 3162 1842 3230 Qua
1872 3164 1922 3217 in
1953 3177 2012 3219 re
2037 3177 2230 3233 suppe-

662 3253 767 3306 tias
797 3252 949 3307 nobis
979 3253 1159 3307 attulit
1197 3252 1264 3309 Β.
1297 3254 1358 3309 Ρ.
1410 3254 1475 3310 1).
1506 3253 1759 3309 Claudius
1804 3254 2182 3323 Stephanotius
2208 3291 2223 3317 ,

665 3344 1100 3416 Cougrcgationis
1142 3356 1335 3402 nostrae
1383 3348 1439 3402 in
1479 3349 1624 3402 curia
1658 3348 1892 3402 Romana
1923 3357 2231 3417 procurator

662 3439 948 3507 generalis,
984 3439 1077 3507 qui
1119 3440 1291 3493 varias
1322 3439 1598 3503 lectiones,
1627 3438 1837 3507 aliaque
1880 3438 1949 3493 ad
1990 3453 2104 3495 rem
2136 3453 2232 3493 no-

662 3541 826 3584 stram
857 3530 1230 3597 conducentia,
1260 3546 1355 3601 pro
1383 3546 1483 3586 suo
1509 3547 1658 3586 more
1689 3531 1981 3587 liberaliter
2006 3546 2073 3586 ex
2102 3531 2233 3586 urbe

667 3622 837 3677 Hnma
868 3624 1184 3679 transmisit.
1218 3624 1426 3678 Primus
1452 3640 1519 3679 ex
1547 3624 1819 3680 codicibus
1848 3625 2062 3691 Italicis,
2082 3628 2232 3693 cujus

663 3718 903 3773 notitiam
936 3726 990 3772 et
1040 3717 1299 3772 lectiones
1328 3719 1503 3772 varias
1533 3719 1835 3786 accepimus
1858 3758 1875 3784 ,
1904 3719 1951 3773 is
2005 3718 2120 3788 ipse
2148 3732 2231 3773 est

662 3810 994 3874 Casinensis,
1026 3825 1182 3880 quem
1216 3811 1269 3864 in
1299 3808 1464 3865 Sacro
1511 3809 1688 3864 Monte
1714 3823 1744 3863 a
1774 3823 1834 3864 se
1879 3818 1935 3864 et
1960 3823 2058 3863 suo
2086 3809 2233 3863 socio

666 3902 927 3959 Michaele
955 3917 1211 3973 germano
1260 3903 1429 3957 visum
1462 3901 1640 3957 laudat
1688 3910 1870 3957 noster
1899 3901 2234 3957 Mabillonius

662 3996 879 4051 ltineris
914 3994 1078 4049 Italici
1112 4009 1226 4065 pag.
1265 3994 1365 4048 125
1389 4036 1405 4061 ,
1439 3991 1672 4065 Gregorii
1720 3994 2030 4049 Turonensis
2062 3994 2235 4061 Histo-

666 4088 821 4152 riam,
853 4104 965 4157 quce
992 4089 1044 4139 in
1076 4087 1336 4140 nonnullis
1363 4088 1425 4140 ab
1453 4086 1600 4141 editis
1627 4084 1816 4153 differt.
1849 4087 1953 4141 Has
1980 4087 2237 4144 differen-

670 4181 772 4233 tias
801 4194 921 4234 cum
970 4187 1197 4249 quatuor
1234 4180 1500 4249 capitibus
1525 4219 1540 4243 ,
1571 4194 1690 4249 quas
1732 4190 1887 4234 antea
1933 4182 2050 4235 solo
2082 4181 2237 4236 titulo

665 4280 789 4325 nota
818 4280 991 4336 erant,
1023 4273 1132 4325 suis
1163 4271 1294 4325 locis
1322 4270 1533 4326 damus.
1564 4271 1701 4327 Huic
1742 4272 1974 4327 addendi
2014 4273 2119 4328 duo
2148 4289 2239 4329 co-

665 4363 810 4417 dices
839 4378 905 4418 ex
938 4364 1107 4419 Gallia
1140 4365 1190 4417 in
1225 4364 1431 4418 Italiam
1463 4379 1494 4417 a
1515 4362 1786 4419 Chi-istina
1824 4364 2031 4420 Suecia:
2057 4369 2235 4435 regina

2334 3154 2481 3209 enim
2509 3163 2758 3222 excerpta
2787 3155 2892 3209 sint
2925 3164 2982 3210 ut
3018 3156 3074 3211 in
3100 3157 3291 3212 officiis
3324 3158 3547 3228 publicis
3576 3161 3898 3230 legerentur,

2335 3255 2412 3300 tot
2437 3256 2562 3301 sunt
2591 3261 2765 3301 rerum
2795 3247 3033 3303 veritatis
3059 3264 3178 3318 qua:
3208 3249 3260 3304 in
3292 3252 3369 3305 eis
3401 3262 3686 3307 narrantur
3716 3262 3903 3320 testes,

2333 3346 2463 3405 quot
2494 3336 2707 3391 fuerunt
2737 3336 2990 3395 Ecclesia:
3043 3354 3160 3410 qua:
3187 3354 3249 3395 ea
3297 3339 3348 3394 in
3382 3341 3695 3397 lectionibus
3742 3344 3906 3399 officii

2332 3428 2498 3483 divini
2528 3429 2871 3497 adoptarunt.
2907 3429 3041 3484 Hinc
3069 3445 3189 3485 cum
3243 3445 3296 3486 tn
3325 3431 3593 3501 plerisque
3640 3432 3906 3502 ejusmodi

2333 3520 2643 3593 fragmentis
2663 3520 2845 3577 Sermo
2864 3522 2926 3576 de
2948 3524 3165 3578 transitu
3184 3526 3349 3578 sancti
3374 3524 3583 3579 Martini
3609 3528 3907 3580 inveniatur

2333 3616 2641 3686 inscriptus,
2674 3616 2725 3669 in
2774 3616 2947 3684 iisque
3001 3618 3248 3672 omnibus
3278 3628 3495 3674 sanctus
3524 3619 3769 3685 antistes,
3811 3621 3903 3674 At-

2333 3708 2433 3760 tice
2461 3716 2507 3760 et
2540 3706 2765 3761 Caesarie
2789 3707 3085 3763 consulibus
3111 3751 3125 3775 ,
3165 3710 3231 3763 ad
3280 3725 3501 3780 superos
3540 3711 3737 3766 abiisse
3782 3728 3905 3769 con-

2333 3808 2538 3855 stanter
2586 3799 2810 3863 dicatur,
2865 3801 3005 3855 sicut
3050 3799 3250 3855 habent
3288 3815 3479 3855 omnes
3529 3803 3749 3856 omnino
3799 3811 3903 3857 tant

2335 3892 2503 3960 editi,
2534 3907 2691 3963 quam
2738 3891 2919 3961 scripti
2958 3892 3172 3950 codices
3223 3893 3475 3949 Historia
3526 3893 3863 3966 Gregorianaa
3890 3940 3903 3961 ,

2336 3983 2457 4052 quis
2486 3983 2810 4039 inficiabitur
2847 3983 2982 4037 hanc
3019 3998 3139 4039 esse
3165 3999 3346 4039 veram
3380 3995 3435 4040 et
3481 3985 3746 4043 sinceram
3775 3987 3901 4043 Gre-

2337 4074 2474 4146 gorii
2504 4074 2789 4131 lectionem
2810 4115 2825 4142 ,
2855 4089 3011 4144 quam
3040 4076 3108 4129 ab
3134 4077 3289 4131 annis
3321 4079 3597 4148 plusquam
3626 4080 3730 4135 9ου
3751 4080 3907 4134 varia:

2337 4167 2587 4222 Ecclesia:
2617 4167 3015 4222 adhibuerunt?
3053 4168 3278 4224 Codices
3305 4172 3446 4225 enim
3477 4184 3671 4243 praeter
3688 4181 3909 4229 caeteros

2341 4262 2571 4317 vidimus
2592 4262 2726 4317 duos
2746 4262 2861 4333 ejus
2881 4262 3235 4333 antiquitatis,
3260 4280 3420 4319 unum
3453 4266 3658 4321 scilicet
3680 4283 3744 4321 ex
3775 4268 3905 4323 Gor-

2340 4356 2543 4410 beiensi
2558 4355 2896 4421 bibliotheca,
2912 4358 3139 4411 alterum
3164 4358 3215 4412 in
3236 4360 3466 4413 archivis
3478 4360 3713 4414 ecclesiae
3734 4363 3907 4416 cathe-

665 4460 1009 4527 "ansponau
1033 4498 1050 4525 ν
1107 4474 1330 4529 quorum
1379 4469 1562 4514 nosm-
1600 4460 1980 4528 διθριιαιωιίυε
2025 4464 2231 4530 copiam
2265 4459 2315 4519 ι)
2338 4444 2503 4500 dralis
2533 4446 2953 4518 Audegavensis,
2979 4447 3380 4505 characteribus
3414 4450 3526 4506 fere
3548 4453 3907 4525 Merovingicis

666 4553 871 4609 habuit.
904 4555 1057 4610 Prior
1085 4595 1100 4621 ,
1129 4557 1218 4626 qui
1265 4557 1466 4612 saeculo
1495 4556 1702 4611 decimo
1741 4556 1973 4624 scriptus
2019 4557 2113 4611 fuit
2140 4597 2155 4623 ,
2181 4565 2237 4613 et

666 4644 903 4716 quidem,
933 4649 1006 4700 uti
1037 4647 1267 4713 videtur,
1300 4648 1351 4701 in
1371 4648 1697 4701 monasterio
1720 4650 1889 4703 sancti
1913 4649 2234 4704 Launomari

668 4740 964 4806 Blesensis,
1001 4740 1156 4794 hodie
1203 4749 1447 4793 servatur
1475 4740 1528 4794 in
1571 4738 1823 4795 Vaticana
1870 4740 2193 4795 bibliotheca
2220 4780 2236 4805 ,

667 4847 735 4888 ex
773 4830 914 4887 dono
943 4831 1231 4887 Alexandri
1278 4832 1415 4898 Vlll,
1461 4842 1728 4902 totamque
1779 4832 2059 4889 Historiam
2094 4849 2234 4888 com-

667 4927 946 4999 plectitur,
971 4926 1208 4994 exceptis
1240 4923 1547 4995 praafatione
1577 4928 1846 4985 et.ultitno
1877 4928 1994 4982 libri
2029 4945 2060 4981 x
2090 4930 2234 4998 capi-

668 5029 744 5075 te.
778 5019 981 5076 Desunt
1008 5019 1166 5074 etiam
1194 5018 1436 5089 quazdam
1477 5019 1529 5074 in
1560 5029 1751 5090 quarto
1786 5020 1941 5085 libro,
1985 5036 2050 5076 ex
2081 5037 2234 5076 ama-

669 5114 887 5169 nuensis
917 5112 1192 5168 oscitantia
1220 5153 1236 5179 ,
1266 5113 1356 5183 qui
1385 5113 1583 5182 aliquot
1626 5111 1841 5181 paginas
1871 5128 2063 5168 vacuas
2110 5115 2234 5169 reli-

669 5195 787 5264 quit
810 5213 824 5261 ;
846 5202 900 5249 et
927 5192 1029 5247 alia
1058 5206 1254 5263 pauca,
1283 5206 1405 5262 quae
1426 5192 1614 5246 avulso
1640 5206 1749 5246 uno
1781 5201 1874 5245 aut
1909 5193 2077 5247 altero
2103 5192 2234 5249 folio

670 5286 1071 5339 desiderantur.
1094 5285 1246 5341 Alter
1271 5284 1573 5354 codex,qui
1596 5284 1726 5337 olim
1754 5284 1818 5337 ad
1843 5285 2230 5340 monasterium

668 5375 1023 5431 Floriacense
1053 5375 1339 5445 pertinuit,
1377 5376 1608 5432 habetur
1638 5375 1693 5429 in
1740 5374 2062 5431 bibliotheca
2096 5377 2231 5431 emi-

668 5470 979 5526 nentissimi
998 5471 1291 5526 cardinalis
1307 5471 1564 5527 Ottoboni
1586 5488 1601 5537 ;
1628 5471 1785 5540 cujus
1802 5470 2066 5526 beneﬂcio
2088 5471 2231 5528 hunc

669 5563 911 5619 codicem
940 5571 995 5618 et
1020 5563 1146 5626 alia,
1186 5580 1526 5635 quaecunque
1568 5564 1728 5618 nobis
1760 5566 2067 5618 necessaria
2112 5563 2230 5620 fue-

671 5663 824 5724 runt,
855 5653 1223 5725 suppeditavit
1271 5655 1337 5710 V.
1380 5656 1462 5710 Cl.
1518 5654 1846 5709 Franciscus
1880 5653 2227 5723 Blanchinus,

2340 4537 2537 4591 saeculo
2563 4547 2750 4592 octavo
2769 4537 2979 4593 labente
3005 4547 3269 4594 exaratos.
3296 4539 3448 4597 Unde
3469 4543 3592 4597 licet
3612 4544 3666 4598 in
3695 4546 3831 4600 uotis
3844 4548 3907 4600 ad

2340 4630 2499 4683 istum
2526 4628 2768 4699 Gregorii
2793 4630 2965 4684 locum
2989 4631 3119 4685 satis
3144 4631 3297 4686 nobis
3324 4634 3495 4687 visum
3522 4635 3679 4689 fuerit
3707 4647 3903 4692 textum

2341 4729 2653 4776 auctoritate
2683 4738 2813 4776 mss.
2840 4721 3078 4777 omnium
3108 4724 3442 4792 confirmare,
3473 4741 3692 4797 remque
3717 4727 3788 4784 de
3812 4745 3910 4783 ca:-

2344 4822 2460 4866 tero
2487 4813 2629 4866 circa
2671 4823 2969 4867 extremum
3016 4814 3187 4868 sancti
3232 4814 3443 4870 Martini
3490 4832 3724 4883 annum,
3755 4835 3907 4889 quem

2345 4902 2433 4955 alii
2464 4901 2583 4956 aliis
2612 4902 2764 4957 annis
2790 4903 3099 4973 assignant,
3132 4906 3183 4959 in
3234 4906 3413 4961 medio
3457 4909 3752 4979 relnquvre
3776 4927 3793 4975 ;
3820 4925 3909 4965 ex-

2345 4995 2524 5063 pensis
2553 5002 2729 5050 tamen
2761 5005 2948 5065 postea
2992 4995 3300 5066 diligentius
3331 4997 3569 5067 Gregorii
3622 4999 3775 5062 locis,
3808 4999 3905 5053 hoc

2360 5098 2564 5145 certum
2588 5105 2710 5146 esse
2739 5091 3196 5159 existimavimus,
3215 5090 3505 5147 Martinum
3535 5093 3692 5163 juxta
3715 5093 3912 5164 Grego~

2354 5179 2422 5233 rii
2450 5190 2707 5243 mentem,
2729 5182 2903 5235 Attico
2928 5191 2977 5236 et
3006 5180 3242 5237 Cwsario
3264 5184 3591 5248 consulibus.
3618 5186 3912 5241 excessisse

2353 5270 2535 5335 evita,
2565 5272 2903 5343 proindeque
2926 5274 3334 5344 annovulgaris
3361 5290 3483 5330 atra:
3503 5275 3627 5341 397,
3656 5291 3765 5345 quo
3793 5291 3914 5331 con-

2355 5370 2463 5417 stat
2485 5364 2730 5419 Atticum
2749 5376 2802 5421 et
2816 5366 3114 5422 Caesarium
3132 5367 3391 5423 consules
3436 5367 3623 5425 fuisse.
3647 5367 3702 5422 ld
3723 5368 3914 5438 quippe

2359 5455 2553 5523 repetit
2585 5452 2875 5527 Gregorius
2908 5459 2961 5512 in
2993 5457 3131 5513 libro
3157 5457 3224 5514 de
3262 5457 3538 5514 Miraculis
3570 5461 3745 5514 sancti
3774 5458 3913 5513 Mar-

2356 5546 2479 5610 tini,
2520 5547 2769 5619 hancque
2790 5550 3049 5617 epocham
3086 5549 3209 5605 aliis
3238 5549 3650 5605 characteribus
3684 5550 3915 5607 chronoo

2360 5636 2553 5704 logicis
2587 5636 2895 5704 conﬁrmat,
2935 5654 3056 5695 cum
3088 5650 3340 5697 sanctum
3389 5639 3689 5697 Hartinum
3722 5643 3915 5700 obiissc
