4024 6192
174 162 246 221 ibi
1632 159 2016 221 PREFATIO.

3330 159 3431 220 102

187 283 325 341 scribit
347 288 597 341 secunde
634 285 870 340 Honorii
894 285 1215 355 imperatoris
1258 299 1394 338 anno
1416 325 1431 349 ,
1465 280 1554 352 qui
1598 279 1758 333 etiam
1785 275 1835 333 Α
1864 284 2031 346 petum
2050 260 2417 331 maledictionis
2440 280 2757 334 anathemate
2777 280 3047 335 damnatus
3085 281 3288 340 existat.
3320 282 3429 339 Vo-

197 395 309 434 anno
331 377 427 432 διδ-1
459 378 817 447 respondet;
847 388 898 433 et
920 393 1039 433 cum
1082 378 1398 447 Perpetuum
1420 375 1754 445 sexagesimo

206 482 362 542 quarto
388 482 510 541 post
544 472 777 527 Martini
804 472 1005 527 obitum
1053 486 1196 526 anno
1225 472 1278 526 in
1310 470 1559 526 thronum
1588 471 1756 523 Turo-

211 580 389 619 nensem
431 564 683 621 subiisse
726 571 1110 618 commemorat
1149 580 1164 619 :
1201 563 1342 633 quod
1399 576 1530 619 sane
1569 577 1754 617 verum

207 673 290 711 non
338 664 526 721 esset,
602 659 648 710 si
707 656 847 711 ultra
923 670 1119 710 annum
1173 654 1489 725 praedictum
1545 653 1755 709 Martini

201 751 348 805 exitus
395 750 707 805 differretur
733 791 748 815 ,
790 749 1054 820 siquidem
1122 749 1418 817 Perpetuus
1462 763 1603 803 anno
1651 746 1752 801 461

198 840 477 895 Turonensi
526 842 758 897 concilio
788 840 1018 909 praefuit.
1041 840 1247 895 Caetera
1280 848 1588 909 argumenta
1622 852 1757 909 prae-

189 934 439 999 termitto,
465 949 584 1000 qua:
613 934 751 1001 apud
794 942 1043 988 auctores
1070 934 1311 1001 vulgatos
1349 931 1633 986 habentur.
1666 932 1755 997 At,

184 1026 415 1095 inquies,
450 1024 741 1095 Gregorius
794 1025 846 1078 in
892 1025 1267 1079 Miraculorum
1299 1022 1450 1077 libris
1495 1036 1662 1076 annos
1693 1020 1759 1074 ab

177 1117 322 1171 exitu
362 1118 537 1170 sancti
588 1116 800 1169 Martini
832 1115 897 1168 ad
937 1130 1090 1168 suum
1123 1129 1289 1183 usque
1318 1121 1550 1182 tempus,
1595 1112 1647 1166 id
1678 1121 1760 1167 est

175 1207 244 1261 ad
277 1223 481 1262 annum
512 1205 842 1261 Childeberti
880 1206 1019 1273 regis
1061 1211 1388 1268 currentem,
1417 1218 1522 1273 quo
1546 1201 1762 1257 scribe-

171 1298 269 1353 bat
319 1298 490 1353 semel
537 1308 590 1352 et
636 1298 828 1352 iterum
859 1308 1209 1364 computans,
1242 1296 1523 1350 manifeste
1564 1294 1763 1348 indicat

162 1388 464 1443 Mar-tinum
508 1404 646 1443 anno
695 1389 802 1444 400
850 1389 914 1442 ad
959 1388 1125 1443 caelos
1199 1388 1529 1442 convolasse.
1573 1385 1763 1441 Fateor

161 1478 324 1533 hanc
368 1478 540 1533 fuisse
581 1479 822 1548 Gregorii
869 1488 1102 1533 mentem
1132 1478 1178 1533 si
1225 1478 1343 1533 huic
1371 1482 1485 1546 ejus
1514 1489 1763 1548 computo

160 1578 417 1634 stemus,
467 1569 600 1637 quod
627 1569 795 1624 secuti
829 1579 951 1623 sunt
985 1584 1091 1623 non
1141 1570 1289 1638 pauci
1342 1569 1648 1638 sequiorum
1701 1583 1764 1623 ac

1861 380 1952 420 ces
1979 382 2099 435 quae
2147 367 2356 422 detrita:
2400 380 2525 423 sunt
2574 374 2891 425 ltetnensem
2937 370 3320 441 designabant,
3349 374 3430 431 uti

1858 458 2122 528 suspicor,
2154 459 2460 527 ecclesiam,
2485 460 2571 515 cui
2622 462 2816 517 multos
2861 462 2996 518 alios
3026 464 3238 519 codices
3267 465 3429 520 Odal-

1858 548 2001 603 ricus
2029 549 2274 615 contulit,
2309 560 2366 605 ut
2408 567 2475 607 ex
2501 552 2769 610 similibus
2798 556 3041 611 codicum
3074 557 3432 627 inscriptioni-

1859 640 1958 695 bus
1988 649 2150 711 patet,
2182 644 2271 714 qui
2301 643 2462 699 etiam
2495 660 2636 701 nunc
2665 645 2720 701 in
2768 647 3085 704 bibliotheca
3118 654 3432 722 metropoli—

1836 738 2000 785 .tanaa
2030 732 2317 788 Remorum
2346 734 2590 790 ecclesia:
2636 749 3019 795 asservantur:
3050 740 3147 796 sed
3177 750 3232 797 et
3258 743 3432 799 eccle—

1859 823 1937 877 sia
1968 826 2138 878 sancti
2163 823 2437 882 Michaelis
2479 826 2552 881 ibi
2578 828 2738 883 etiam
2786 844 2927 885 nunc
2970 830 3024 885 in
3052 831 3429 891 canonicorum

1860 913 2097 969 claustro
2126 914 2386 970 subsiStit.

1933 1005 2055 1060 127.
2097 1005 2296 1063 Praeter
2324 1006 2690 1065 Colbertinum
2741 1011 2980 1067 codicem
3014 1027 3171 1084 supra
3223 1030 3433 1070 memo-

1863 1106 2058 1162 ratum,
2094 1106 2202 1153 tres
2250 1099 2385 1155 alios
2429 1115 2494 1155 ex
2538 1103 2726 1158 eadem
2760 1103 3082 1162 bibliotheca
3131 1108 3433 1177 habuimus,

1864 1190 1955 1258 qui
1996 1190 2200 1252 aliquot
2247 1190 2617 1250 Miraculorum
2667 1196 2831 1253 libros
2872 1214 2900 1252 a
2946 1198 3203 1273 Gregorio
3250 1211 3434 1258 nostro

1862 1283 2035 1338 editos
2060 1285 2526 1354 complectuntur;
2578 1303 2644 1344 ex
2692 1291 2880 1359 quibus
2919 1308 3055 1348 unus
3083 1310 3115 1350 e
3161 1295 3435 1353 Tutelensi

1864 1378 2091 1433 ecclesia
2123 1382 2379 1437 advectus
2403 1398 2590 1440 omnes
2618 1385 2777 1442 habet
2804 1398 2997 1456 praeter
3019 1389 3168 1447 Vitas
3196 1392 3434 1449 Patrum.

1866 1468 2136 1536 Totidem,
2168 1488 2277 1528 uno
2307 1474 2374 1529 de
2403 1473 2814 1532 Confessoribus
2844 1489 3087 1550 excepto,
3122 1482 3288 1539 libros
3311 1501 3435 1541 cou-

1864 1563 1999 1619 tinet
2024 1573 2267 1621 vetustus
2294 1568 2463 1623 codex
2514 1570 2686 1624 Sancti
2726 1570 2934 1626 Martini
2982 1575 3118 1643 apud
3168 1575 3435 1644 Turonos,

157 1662 540 1715 recentiorum
581 1674 880 1730 temporum
932 1670 1198 1716 auctores.
1227 1659 1304 1714 Ex
1350 1659 1435 1714 his
1480 1659 1759 1714 Albericus
1790 1666 1835 1729 Β
1867 1656 2021 1726 cujus
2040 1667 2094 1712 et
2122 1657 2366 1725 alterius,
2397 1675 2427 1715 e
2457 1662 2780 1716 cathedralis
2826 1666 2995 1720 sancti
3025 1666 3232 1721 Gatiani
3262 1669 3435 1725 eccle-

154 1752 361 1806 Trium
436 1752 687 1808 Fontium
751 1752 807 1806 in
875 1751 1161 1821 Campania
1209 1750 1505 1806 monachus
1570 1749 1761 1821 quovis

155 1844 417 1911 periculo
458 1843 512 1896 id
543 1857 603 1898 se
628 1844 970 1912 probaturqu
1020 1843 1231 1911 recipit,
1271 1841 1594 1909 adhibetque
1621 1841 1762 1897 inter

160 1934 273 1987 alia
320 1934 435 1988 duo
480 1934 573 1988 illa
613 1934 857 2003 Gregorii
920 1942 1231 2003 argumenta
1260 1975 1277 2000 ,
1321 1941 1432 1988 tum
1480 1933 1548 1988 ab
1600 1933 1761 1988 Attici

160 2036 223 2080 et
253 2025 490 2080 Caesarii
540 2026 844 2094 consulatu,
874 2034 984 2080 tum
1030 2041 1060 2081 a
1091 2026 1328 2081 secundo
1372 2041 1514 2081 anno
1542 2025 1763 2080 Honorii

158 2119 558 2186 imperatoris,
605 2119 747 2188 quod
800 2129 1082 2187 utrumque
1128 2118 1194 2173 ad
1245 2133 1439 2173 annum
1489 2118 1593 2174 400
1639 2133 1763 2173 terte

160 2211 502 2265 Christianae
535 2220 771 2265 revocat.
813 2210 880 2264 At
921 2220 1128 2265 certum
1168 2218 1254 2264 est
1284 2218 1566 2279 utrumque
1621 2224 1763 2263 anno

163 2306 273 2359 597
308 2305 630 2367 convenire.
663 2302 1020 2372 standumque
1068 2302 1241 2370 potius
1285 2311 1423 2356 notae
1470 2301 1763 2356 chronolo-

166 2398 306 2464 gicaa
337 2411 365 2446 a
401 2394 665 2464 pnndicto
692 2394 974 2448 consulatu
1005 2404 1056 2447 et
1088 2392 1325 2448 secundo
1356 2392 1575 2446 Honorii
1623 2406 1764 2446 anno

166 2487 389 2554 petitae,
424 2501 594 2557 quam
623 2487 778 2541 alteri
807 2502 838 2540 a
870 2484 1128 2554 Gregorio
1158 2485 1377 2554 prolatas
1399 2483 1467 2538 ab
1494 2483 1651 2538 annis
1678 2499 1766 2540 re-

166 2582 260 2650 gni
292 2580 660 2636 Childeberti.
710 2580 890 2650 Longe
936 2581 1080 2633 enim
1126 2578 1325 2633 certior
1358 2586 1412 2639 et
1439 2576 1767 2647 esploratior

170 2683 260 2727 est
290 2673 449 2743 prior
481 2672 575 2726 illa
606 2669 948 2741 computandi
994 2670 1131 2724 ratio
1157 2684 1186 2724 a
1224 2668 1521 2735 consulatu,
1551 2681 1708 2736 quam
1735 2680 1767 2722 a

171 2764 451 2834 Gregorio
479 2764 825 2819 adinventam
849 2777 969 2818 esse
991 2775 1323 2832 nequaquam
1352 2760 1642 2815 verisimile
1662 2767 1765 2826 est,

172 2856 272 2911 sed
304 2857 487 2925 potius
516 2870 587 2910 ex
623 2856 854 2925 antiquis
883 2855 1135 2910 Ecclesia:
1163 2869 1275 2910 sua:
1317 2854 1504 2908 aliisve
1545 2848 1770 2921 publicis

176 2952 557 3007 monumentis
586 2950 657 3005 ab
695 2964 762 3005 eo
793 2950 1143 3019 desumptam.
1179 2950 1327 3004 Hanc
1354 2964 1485 3003 vero
1524 2947 1769 3002 consula-

1864 1747 1959 1801 size
1991 1748 2333 1826 bibliotheca,
2367 1753 2540 1807 varias
2584 1755 2839 1810 lectiones
2867 1770 2896 1809 a
2947 1767 3129 1813 nostro
3159 1760 3436 1816 Edmundo

1865 1839 2137 1897 Martenne
2156 1844 2478 1913 accepimus.
2513 1846 2652 1900 Duos
2676 1862 2707 1902 e
2734 1847 3186 1908 Claromontensis
3215 1855 3431 1927 collegii

1865 1928 2181 1985 Parisiensis
2207 1931 2460 2004 Ludovici
2490 1934 2659 2006 Magni
2690 1936 3008 1997 bibliotheca
3042 1943 3317 1999 nobiscum
3345 1964 3435 2001 so-

1865 2018 1955 2073 lita
1999 2035 2095 2075 sua
2136 2023 2463 2080 humanitate
2517 2031 2932 2086 communicavit
2986 2032 3051 2087 li.
3102 2034 3163 2090 P.
3202 2038 3436 2094 Joannes

1869 2110 2191 2169 Harduinus.
2239 2114 2462 2171 Unicum
2494 2133 2526 2173 e
2551 2119 2750 2175 celebri
2795 2123 2967 2177 sancti
3008 2123 3238 2182 Victoris
3287 2128 3433 2183 Pari-

1873 2203 2069 2261 siensis
2096 2207 2439 2279 bibliotheca,
2472 2214 2626 2267 nobis
2673 2216 3033 2286 suppeditavit
3060 2218 3125 2293 V.
3156 2218 3237 2275 Cl.
3271 2220 3440 2277 llero-

1869 2295 2070 2351 vallius
2095 2298 2333 2367 ejusdem
2364 2300 2466 2356 loci
2497 2303 2785 2360 canonicus
2816 2308 3096 2378 regularis,
3133 2326 3236 2365 non
3267 2314 3441 2371 minus

1868 2388 2075 2454 paterni
2102 2391 2153 2443 in
2183 2388 2389 2446 litteras
2411 2397 2610 2450 amoris
2632 2411 2790 2466 quam
2820 2400 3051 2456 nominis
3079 2400 3270 2458 haeres.
3308 2404 3440 2461 Uni-

1850 2493 1990 2533 cum
2022 2479 2147 2536 item
2176 2484 2480 2551 accepimus
2522 2502 2587 2543 ex
2623 2488 2943 2545 bibliotheca
2990 2492 3402 2552 Gemmeticensi
3424 2536 3442 2563 ,

1854 2569 2092 2625 alterum
2115 2586 2178 2626 es
2210 2571 2556 2644 Floriacensi,
2581 2579 2788 2633 tertiqu
2808 2595 2871 2635 ex
2898 2581 3170 2652 Beccensi,
3193 2598 3439 2654 quartutu

1868 2672 1933 2714 ex
1962 2671 2147 2716 sancto
2181 2661 2456 2720 Vincentio
2493 2668 2883 2726 Cenomanensi
2908 2715 2923 2739 ,
2954 2685 3179 2743 quatuor
3210 2692 3337 2733 vero
3366 2694 3434 2734 es

1869 2762 2051 2808 nostra
2073 2757 2243 2812 sancti
2272 2757 2525 2814 Germani
2554 2762 2869 2820 bibliotheca
2894 2765 3195 2823 habuimus.
3223 2769 3436 2827 Nullum

1868 2841 2130 2917 integrum
2179 2862 2211 2902 e
2258 2848 2419 2920 Regia
2471 2851 2787 2909 bibliotheca
2823 2857 3071 2925 vidimus,
3126 2861 3219 2915 sed
3268 2863 3436 2921 multa

1871 2936 2140 2992 variorum
2171 2939 2424 2996 libroruin
2476 2943 2768 3014 fragmenta
2794 2989 2811 3014 ,
2841 2962 2960 3004 cum
2994 2950 3102 3004 uno
3147 2957 3440 3025 exetnplari

177 3054 270 3099 ωε
299 3056 484 3100 notam
521 3043 614 3099 ubi
662 3058 780 3098 cum
812 3042 967 3098 annis
1012 3057 1195 3112 ,egum
1222 3041 1389 3097 νοιιιίι
1412 3054 1726 3110 comparare
1748 3079 1765 3107 ,
1794 3038 1843 3103 c
1870 3030 2106 3083 omnium
2131 3030 2389 3088 librorum
2420 3034 2488 3090 de
2520 3036 2807 3103 Miraculis,
2832 3040 2973 3095 edito
2992 3042 3229 3112 quidem,
3260 3046 3355 3101 sed
3381 3049 3435 3103 in

180 3135 351 3192 facile
378 3151 567 3193 errare
596 3136 770 3206 potuit
818 3136 871 3190 in
920 3136 1009 3190 illa
1058 3143 1358 3204 temporum
1397 3133 1764 3189 obscuritate:

182 3245 312 3287 cum
340 3229 505 3286 hodie
533 3244 746 3299 quoque
785 3228 839 3283 in
868 3228 969 3284 hac
995 3228 1323 3282 eruditorum
1354 3226 1469 3281 luce
1496 3225 1612 3280 haec
1637 3239 1770 3281 con-

183 3322 376 3379 cordia
424 3337 534 3377 non
580 3320 698 3377 sine
725 3322 935 3392 negotio
963 3320 1081 3375 iniri
1116 3321 1301 3390 possit.
1328 3317 1459 3373 Cum
1491 3319 1672 3390 itaque
1714 3318 1769 3373 in

184 3418 456 3471 alterutro
504 3415 837 3470 aberraverit
882 3414 1169 3484 Gregorius
1197 3453 1212 3478 ,
1258 3411 1659 3482 haudquaquam
1718 3409 1772 3464 in

187 3508 521 3580 assignando
544 3508 824 3563 consulatu
847 3508 1125 3563 aberrasse
1142 3506 1439 3561 censendus
1459 3513 1543 3559 est
1564 3521 1579 3559 :
1603 3503 1771 3559 adeo-

188 3617 297 3672 que
324 3601 556 3656 credere
582 3615 687 3655 non
710 3599 970 3666 dubitem,
1000 3599 1167 3652 sancti
1201 3596 1409 3651 Martini
1440 3596 1644 3651 obitum
1669 3605 1776 3651 sta-

190 3693 454 3748 tuendum
495 3706 618 3747 esse
666 3705 808 3746 anno
844 3689 970 3756 597,
1011 3690 1094 3745 cui
1138 3690 1469 3745 consulatum
1521 3688 1678 3744 Attici
1721 3696 1780 3744 et

190 3783 417 3841 Cesarii
448 3784 743 3840 convenire
772 3792 984 3850 recepta
1014 3783 1276 3838 sententia
1301 3793 1383 3841 est
1430 3783 1570 3838 inter
1596 3782 1778 3839 erudi-

136 3928 143 3937 .
192 3888 300 3935 tos.
328 3877 437 3934 Sed
464 3878 577 3948 jam
608 3877 969 3947 praefationem
1000 3890 1402 3946 prosequamur.

268 3970 399 4025 126.
444 3970 595 4025 Haud
621 3968 813 4023 minori
841 3969 1084 4024 codicum
1116 3983 1337 4025 numero
1377 3970 1455 4025 usi
1499 3966 1695 4024 fuimus
1722 3968 1775 4024 in

194 4064 529 4120 edomandis
559 4063 807 4133 Gregorii
852 4061 1006 4117 libris
1032 4061 1098 4116 de
1144 4062 1409 4117 Miraculis
1452 4070 1778 4126 sanctorum,

194 4172 264 4212 ex
289 4158 490 4228 quibus
516 4164 651 4218 tres,
678 4164 734 4210 et
762 4155 976 4224 quidem
1006 4155 1073 4210 ab
1100 4156 1255 4209 annis
1279 4156 1493 4211 circiter
1518 4155 1622 4209 800
1641 4156 1775 4209 scri-

197 4252 277 4320 pti
302 4292 323 4320 ,
349 4265 544 4306 omnes
568 4251 786 4304 omnino
817 4249 986 4302 libros
1016 4249 1217 4303 habent
1240 4247 1440 4318 optima
1469 4262 1629 4303 manu
1656 4263 1753 4303 exa

195 4354 367 4398 ratos.
407 4342 672 4405 Primum,
704 4355 825 4394 cum
855 4339 978 4393 aliis
1017 4355 1175 4407 supra
1203 4351 1257 4394 et
1303 4338 1439 4393 infra
1470 4339 1780 4395 memoratis

1870 3122 2024 3191 cujus
2074 3126 2313 3195 margine
2360 3130 2523 3184 variae
2573 3131 2831 3188 lectiones
2881 3151 3040 3190 manu
3093 3138 3152 3193 V.
3184 3138 3264 3195 Gl.
3299 3142 3444 3200 Petri

1877 3213 2074 3271 Pithtei
2106 3216 2393 3288 descripta:
2423 3222 2619 3291 passim
2648 3237 2952 3281 occurrunt.
2986 3228 3247 3287 Praeterea
3269 3234 3444 3291 varias

1858 3307 2128 3365 licetiones
2158 3310 2439 3369 habuimus
2461 3356 2477 3382 ,
2512 3330 2644 3386 quas
2685 3334 2716 3373 e
2762 3317 2968 3375 duobus
2996 3322 3271 3380 codicibus
3310 3342 3441 3383 mss.

1872 3401 2091 3473 collegit
2138 3403 2220 3457 vir
2249 3404 2469 3462 illustris
2518 3410 2791 3465 memoria:
2820 3411 3048 3469 Jacobus
3096 3415 3399 3474 Sanhovius
3426 3464 3443 3487 ,

1881 3496 2160 3565 presbyter
2180 3507 2233 3551 et
2263 3497 2452 3553 doctor
2493 3499 2811 3558 Sorbonicus
2841 3545 2856 3569 ,
2888 3508 2969 3560 vel
2997 3522 3093 3560 suo
3121 3510 3334 3566 nomine
3359 3526 3446 3567 ce-

1876 3583 2062 3640 lcbris.
2105 3587 2254 3642 Alias
2287 3589 2544 3646 lectiones
2569 3607 2633 3646 ex
2663 3595 2847 3649 codice
2878 3596 3121 3653 Romano
3164 3601 3447 3658 Christinm

1877 3677 2072 3747 reginae
2122 3679 2329 3735 Suecia:
2372 3680 2631 3738 debemus
2679 3684 3027 3754 Stephanotio
3075 3701 3257 3746 nostro
3285 3734 3300 3758 ,
3352 3694 3448 3763 qui

1880 3769 2051 3825 codex
2081 3785 2268 3827 omnes
2310 3771 2479 3828 ferme
2504 3775 2874 3833 Miraculorum
2907 3782 3069 3835 libros
3095 3785 3449 3853 comprehcn-

1878 3863 1975 3918 dit.
2008 3865 2142 3920 Huic
2166 3865 2465 3937 iungendus
2507 3871 2677 3926 codex
2715 3873 2999 3931 Vaticanus
3038 3893 3070 3933 e
3099 3853 3336 3936 l’alatina
3368 3884 3450 3938 bi-

1881 3959 2147 4016 bliotheca
2196 3977 2456 4018 annorum
2496 3965 2641 4034 800,
2680 3969 2770 4037 qui
2821 3971 2946 4024 olim
2998 3972 3098 4026 fuit
3139 3978 3449 4034 monasterii

1883 4050 2300 4122 Weingartensis
2348 4055 2399 4109 in
2444 4055 2638 4110 Suevia
2663 4097 2678 4122 ,
2734 4060 2783 4112 in
2812 4074 2918 4129 quo
2968 4060 3190 4116 habetur
3221 4064 3356 4121 liber
3383 4067 3451 4121 de

1886 4146 2073 4203 Gloria
2101 4148 2491 4206 conlessorum.
2520 4149 2755 4209 Caeteros
2787 4170 2882 4223 pro
2919 4160 3312 4225 Opportunitate
3340 4159 3451 4217 suis

1886 4241 2017 4295 locis
2047 4241 2399 4309 laudabimus,
2430 4242 2568 4298 sicut
2594 4252 2649 4300 et
2694 4259 2789 4301 eos
2829 4246 2919 4301 cui
2959 4248 3044 4303 vel
3090 4250 3227 4307 vitas
3257 4252 3455 4323 aliquot

1886 4334 2180 4404 singulares
2225 4334 2565 4391 solummodo
2589 4337 2885 4408 continent,
2920 4350 3012 4397 aut
3040 4351 3185 4399 certe
3211 4346 3454 4414 quaedam

198 4450 230 4488 e
258 4434 591 4489 bibliotheca
621 4432 949 4499 Colbertina,
981 4432 1135 4487 nobis
1163 4434 1574 4487 communicavit
1607 4432 1668 4487 V.
1710 4432 1773 4486 G.
1807 4412 1860 4472 D
1887 4426 2173 4495 singularia
2204 4428 2399 4496 capita.
2427 4426 2508 4482 Ad
2537 4443 2670 4498 quos
2711 4445 2840 4486 vero
2870 4432 3081 4489 codices
3110 4412 3303 4506 singuli
3332 4437 3455 4493 libri

202 4526 517 4596 Stephanus
567 4525 854 4588 Baluzius;
888 4526 1180 4580 secundum
1210 4540 1280 4580 ex
1312 4524 1633 4581 bibliotheca
1676 4541 1783 4580 ma-

198 4619 335 4689 joris
364 4618 615 4673 ecclesia:
663 4617 1076 4682 Bellovacensis,
1127 4619 1459 4672 assentiente
1488 4616 1783 4673 venerabili

201 4714 476 4781 Capitulo,
508 4710 667 4767 nobis
694 4709 1053 4780 suppeditavit
1086 4708 1146 4761 Ι).
1180 4709 1246 4765 tle
1288 4708 1496 4779 Neuilly
1542 4708 1781 4776 ejusdem

202 4809 455 4863 ecclesiae
485 4805 795 4861 canonicus.
830 4804 1066 4858 Tertium
1093 4802 1320 4873 denique
1347 4817 1416 4858 ex
1443 4800 1781 4858 Laudunensi

201 4899 461 4963 ecclesia,
490 4906 684 4967 agente
728 4895 1124 4965 sapientissimo
1151 4894 1380 4963 viro_D.
1422 4894 1608 4961 Leleu,
1654 4908 1786 4950 con-

205 4989 676 5059 sentientibusque
697 4988 907 5043 caeteris
936 4986 1331 5043 venerabilibus
1372 4985 1643 5042 canonicis
1666 5001 1788 5041 mu-

208 5094 299 5137 tuo
326 5081 659 5152 accepimus,
690 5080 758 5135 sd
797 5080 948 5148 cujus
975 5081 1174 5134 calcem
1216 5077 1331 5132 haec
1358 5077 1654 5132 habentur:
1678 5076 1785 5132 Ea:-

209 5173 355 5237 plirit
393 5171 528 5225 liber
573 5177 792 5223 octavus
823 5166 1060 5235 feliciter.
1092 5163 1399 5217 Adalardus
1430 5162 1781 5216 subdiaconus

211 5262 424 5330 scripsit
448 5262 612 5315 istum
637 5256 869 5312 codicem
897 5257 952 5309 in
974 5256 1167 5310 honore
1188 5253 1479 5307 beatissimi
1510 5249 1786 5304 Michaelis

214 5354 531 5424 archangeli.
557 5353 615 5407 In
648 5352 823 5407 altero
853 5360 1028 5404 autem
1062 5348 1192 5403 l‘olio
1223 5346 1418 5416 legitur
1444 5344 1559 5399 haec
1574 5342 1788 5413 epigra-

216 5445 314 5513 phe
345 5467 358 5501 :
392 5445 544 5500 Hunc
572 5443 826 5513 indignus
866 5442 1021 5496 levita
1054 5439 1249 5495 librum
1284 5437 1568 5494 Odairicus
1600 5436 1789 5490 obtulit

215 5532 318 5588 Deo
344 5545 393 5589 et
417 5546 624 5590 sancta:
659 5532 970 5587 Μαι-ξιιμ..
1001 5546 1149 5602 quem
1183 5530 1233 5583 si
1260 5529 1377 5599 quis
1397 5527 1627 5599 quolibet
1656 5527 1791 5594 inge-

216 5629 295 5681 nio
323 5628 626 5691 abstulerit,
656 5628 797 5680 iram
825 5622 921 5681 Dei
940 5623 1309 5692 omnipotentis
1327 5622 1589 5689 incurrat,
1613 5627 1661 5675 et
1673 5634 1791 5688 per-

1885 4517 2061 4571 collati
2095 4518 2311 4582 lucrint,
2339 4518 2555 4574 inferius
2578 4521 2628 4575 in
2662 4520 2839 4578 Indice
2868 4525 3169 4593 particulari
3194 4528 3453 4585 dicemus.

1961 4609 2083 4665 128.
2124 4609 2233 4665 Nec
2260 4612 2450 4666 minori
2479 4627 2606 4667 cura
2638 4615 2806 4670 varias
2835 4614 3076 4688 Gregorii
3106 4634 3328 4686 operum
3352 4622 3458 4677 edi-

1887 4701 2057 4757 tiones
2086 4704 2453 4773 inquisivimus
2482 4715 2534 4761 et
2560 4708 2873 4773 evolvimus,
2906 4726 3024 4765 cum
3058 4720 3262 4768 certum
3291 4712 3363 4766 sit
3392 4729 3458 4769 ex

1886 4790 2151 4862 ejusmodi
2180 4795 2328 4850 libris
2357 4797 2495 4851 inter
2538 4813 2598 4853 se
2624 4800 2835 4855 collatis
2865 4818 3240 4873 nonnunquam
3292 4804 3458 4859 multa

1892 4883 2071 4939 haberi
2105 4901 2259 4952 posse
2289 4889 2353 4939 ad
2382 4888 2685 4942 illustranda
2720 4902 2955 4945 veterum
2998 4908 3173 4960 opera.
3207 4892 3454 4946 Omnium

1889 4989 2061 5031 autem
2089 4978 2231 5046 prior
2250 4977 2690 5050 Gregoriieditio,
2717 4997 2871 5051 quam
2895 4983 3105 5047 quidem
3128 4988 3459 5049 noverimus,

1886 5062 2107 5121 Parisiis
2128 5065 2182 5119 in
2209 5065 2380 5121 lucem
2406 5069 2608 5137 prodiit
2627 5085 2770 5123 anno
2809 5070 2939 5125 1511
2965 5086 3027 5125 es
3048 5056 3272 5126 Joannis
3292 5069 3454 5126 Parvi

1894 5152 2128 5214 ollicina.
2159 5156 2307 5210 curis
2334 5156 2645 5229 Hieronymi
2679 5160 2972 5214 Clichtovei
3001 5160 3448 5232 Neoportuensis,

1894 5245 1987 5315 qui
2014 5246 2158 5299 illam
2182 5244 2470 5302 Guillelmo
2490 5248 2663 5303 Parvo
2683 5246 3037 5320 nuncupavit.
3059 5253 3452 5325 Complectitur

1892 5341 2110 5399 autem,
2180 5338 2460 5406 praemissa
2519 5338 2767 5411 Gregorii
2828 5347 3001 5399 nostri
3056 5344 3220 5412 Vita,
3280 5349 3449 5405 libros

1892 5423 2030 5479 duos
2058 5425 2125 5480 de
2151 5425 2332 5481 Gloria
2361 5428 2659 5501 Martyrum
2696 5440 2749 5487 et
2777 5443 3013 5505 quatuor
3040 5438 3105 5492 de
3139 5436 3447 5496 Virtutibus

1892 5517 2067 5572 sancti
2087 5516 2300 5572 Martini
2317 5534 2438 5573 cum
2466 5522 2692 5592 epistola
2713 5526 2779 5580 de
2802 5536 3001 5596 septem
3022 5528 3445 5593 Dormientihns,

1902 5624 2023 5683 qua:
2050 5611 2276 5681 epistola
2321 5614 2373 5669 in
2404 5613 2525 5671 aliis
2563 5617 2726 5673 etiam
2776 5618 2938 5677 editis
2970 5618 3231 5694 Gregorio
3259 5629 3448 5677 nostro
