4024 6192
593 207 598 218 ’
634 230 738 284 105

2084 211 2467 269 PR/EFA'I'lO.

3779 229 3879 285 13's

616 339 888 395 tribuitur.
939 335 1093 388 Anno
1141 325 1385 396 sequenti
1433 323 1634 393 reliqua
1685 323 1923 392 ejusdem
1957 327 2192 378 auctoris
2222 334 2266 386 Α
2297 338 2490 380 caetera
2519 327 2857 383 diversorum
2889 341 3165 384 auctorum
3195 348 3354 402 opera
3389 335 3635 391 Historia:
3668 341 3874 409 Grego-

623 442 810 495 upcra,
834 427 949 494 ipso
968 427 1187 479 curante
1210 416 1497 471 Guillelmo
1527 414 1718 477 Parvo,
1742 415 1827 480 qui
1855 422 1980 468 tunc
2008 430 2035 466 a
2060 429 2190 468 con-

618 519 932 574 fessionibus
961 512 1208 569 Ludovici
1242 509 1332 563 Xll
1377 509 1514 576 regis
1541 517 1689 575 erat,
1723 507 1863 562 edita
1895 518 2022 562 sunt
2052 511 2192 580 typis

619 612 801 669 Judoci
834 609 999 664 Badii.

692 703 814 756 1‘29.
855 703 1006 754 Anno
1039 696 1164 749 1561
1202 695 1516 750 Guillelmus
1565 693 1814 746 Morelius
1847 694 1985 761 regis
2031 703 2187 764 typo-

625 794 858 862 graphus
890 803 1079 841 novam
1134 783 1378 852 Gregorii
1426 782 1712 835 editionem
1761 797 2044 850 aggressus
2073 793 2188 850 est,

627 883 780 952 cujus
808 881 952 936 curis
979 880 1208 930 Historia
1237 874 1472 942 Gregorii
1502 875 1672 927 lucem
1701 875 1928 940 aspexit,
1955 877 2020 928 ad
2044 877 2193 930 codi-

619 989 734 1029 cem
769 987 869 1027 ms.
917 969 1252 1024 bibliothecae
1301 966 1468 1017 sancti
1501 964 1706 1016 Martini
1741 964 2102 1029 Turonensis,
2135 977 2195 1021 ut

619 1066 730 1137 ipse
778 1075 1039 1124 testatur,
1073 1061 1392 1118 emendata;
1445 1059 1636 1110 additis
1665 1057 1826 1112 etiam
1874 1059 1940 1113 ad
1988 1060 2188 1115 calcem

620 1161 888 1216 nonnullis
921 1158 1080 1212 variis
1128 1157 1465 1211 lectionibus.
1510 1154 1649 1208 Idem
1708 1163 1889 1221 postea
1941 1154 2191 1209 Morelius

623 1268 764 1308 anno
799 1254 937 1308 1563
965 1251 1068 1304 alio
1099 1247 1366 1302 volumine
1398 1246 1557 1299 libros
1583 1246 1717 1299 duos
1745 1245 1812 1300 de
1841 1245 2023 1300 Gloria
2053 1246 2194 1299 Mar-

620 1357 816 1417 tyrum,
847 1353 904 1398 el.
935 1344 1125 1396 librtun
1159 1341 1224 1394 de
1253 1338 1431 1394 Gloria
1462 1335 1838 1392 Confessorum
1874 1337 2070 1404 publici
2096 1336 2186 1406 ju-

621 1442 694 1495 ris
723 1441 847 1494 fecit
871 1454 934 1492 ex
968 1433 1210 1496 vetustis,
1245 1434 1317 1487 uti
1349 1433 1442 1492 ait,
1476 1440 1529 1485 et
1558 1445 1687 1485 mss.
1719 1431 2013 1484 codicibus.

707 1530 828 1583 150.
863 1527 1010 1580 Hand
1063 1526 1227 1576 multo
1256 1532 1395 1591 post,
1447 1521 1684 1588 Gregorii
1713 1520 1877 1574 editio
1907 1520 1957 1573 in
1985 1521 2197 1575 Germa-

625 1621 710 1673 nia
745 1623 968 1686 primum
997 1617 1108 1669 visa
1155 1625 1257 1676 est,
1292 1630 1448 1682 quam
1483 1613 1705 1666 Mathias
1750 1612 1968 1666 Flaccus
2018 1612 2192 1683 Illyri-

2295 419 2359 470 rii
2383 419 2448 472 ad
2478 419 2713 490 quinque
2733 422 2945 476 codices
2973 437 3103 478 mss.
3130 436 3330 478 exacta:
3357 429 3649 496 principem
3699 433 3873 490 [oi-um

2292 509 2554 563 concessit
2582 528 2597 564 :
2621 527 2738 578 quae
2759 512 2916 566 editio.
2944 513 3154 568 caeteris
3185 517 3396 570 videtur
3420 532 3544 574 esse
3568 528 3874 580 accuratior

2292 605 2350 652 et
2393 601 2746 656 emendatior.
2795 603 3157 666 Quadriennio
3207 620 3424 673 postea,
3478 625 3620 665 anno
3670 615 3872 671 scilicet

2301 691 2462 755 1640,
2516 691 2748 750 Joannes
2812 695 3096 749 Balesdens
3127 698 3177 750 in
3224 711 3410 753 senatu
3460 702 3749 760 Parisiensi
3779 711 3869 763 ad-

2301 793 2540 846 vocatus,
2576 797 2697 839 octo
2749 787 3117 842 Miracolorum
3162 791 3326 845 libros
3371 809 3489 848 cum
3525 798 3746 854 liismria
3783 817 3869 856 se-

2299 883 2439 941 ptem
2477 875 2864 931 Dormicntium
2896 880 3063 934 edidit
3095 883 3330 951 Parisiis,
3361 903 3495 956 quos
3545 891 3712 946 libros
3754 910 3782 948 a
3815 913 3871 952 se

2295 967 2359 1018 ad
2390 972 2603 1024 codices
2654 986 2781 1025 mss.
2815 986 3133 1044 expurgatus
3163 987 3217 1031 et
3260 983 3572 1038 emendatos
3607 987 3772 1042 fuisse
3821 990 3870 1043 in

2297 1059 2610 1126 praefatione
2641 1072 2889 1118 testatur.
2917 1066 2984 1119 lis
3012 1068 3244 1138 denique
3269 1076 3518 1129 omnibus
3548 1078 3872 1138 editionibus

2296 1151 2593 1216 adjicienda
2627 1166 2708 1206 est
2755 1155 3048 1221 Gallicana,
3090 1163 3324 1215 omnium
3375 1168 3595 1221 omnino
3627 1171 3869 1242 Gregorii

2297 1257 2522 1310 operum
2571 1245 2744 1314 lingua
2795 1258 2976 1301 nostra
3015 1251 3350 1317 donaturum,
3385 1267 3438 1309 et
3474 1263 3613 1312 notis
3645 1263 3874 1316 illustra-

2307 1341 2506 1398 turutn,
2539 1350 2658 1402 qum
2692 1337 2743 1389 in
2777 1338 2947 1392 lucem
2981 1343 3174 1406 prodiit
3203 1346 3346 1398 curis
3378 1347 3651 1405 Michaelis
3682 1355 3873 1409 Marul-

2298 1426 2352 1480 Iii
2385 1427 2591 1482 abbatis
2622 1428 3005 1499 Villalupensis
3031 1475 3046 1498 ,
3076 1435 3293 1490 Parisiis
3322 1456 3386 1493 ex
3440 1442 3708 1499 Frederici
3742 1449 3872 1503 Leu-

2299 1520 2448 1573 nardi
2479 1521 2715 1584 officina,
2747 1538 2890 1578 anno
2922 1524 3080 1592 1668,
3113 1527 3319 1583 duobus
3350 1534 3730 1591 voluminibus.

2370 1613 2492 1668 155.
2526 1613 2617 1666 Hae
2647 1625 2767 1668 sunt
2790 1616 3028 1683 Gregorii
3057 1620 3382 1678 Turonensis
3419 1642 3642 1694 operum
3703 1636 3871 1687 varia:

607 1709 734 1776 cus,
761 1711 824 1763 ad
857 1721 1089 1765 veterem
1119 1707 1362 1762 codicem
1389 1706 1558 1758 sancti
1586 1704 1793 1759 Nazarii
1823 1705 1876 1759 in
1907 1706 2198 1758 Lorischem
2229 1711 2273 1772 Β
2302 1704 2586 1767 editiones,
2621 1715 2730 1760 tum
2762 1707 2967 1763 Latina:
3016 1721 3122 1764 tum
3155 1712 3389 1780 Gallicae,
3416 1733 3548 1784 quas
3597 1722 3779 1777 videre
3811 1727 3870 1776 li-

622 1821 680 1860 se
710 1806 999 1860 adornasse
1029 1812 1269 1858 testatur.
1317 1801 1518 1856 Prodiit
1544 1801 1761 1856 Basileae
1807 1802 1948 1870 apud
1981 1803 2197 1858 Petrum

623 1897 873 1960 Pernam,
907 1914 1011 1952 non
1041 1913 1182 1950 anno
1215 1893 1350 1950 1558
1377 1936 1392 1960 ,
1438 1904 1496 1949 ιιι
1525 1895 1780 1948 mendose
1806 1895 1976 1963 prima
2010 1897 2199 1966 pagina

624 1993 800 2055 habet,
850 1992 943 2046 sed
994 2006 1136 2044 anno
1167 1988 1326 2054 1568,
1356 1999 1412 2043 ιιι
1439 2004 1502 2043 ex
1550 1989 1772 2056 epistola
1815 1993 2197 2053 nuncupatoria

622 2085 891 2154 colligitur
922 2101 935 2135 :
968 2093 1020 2138 et
1046 2082 1260 2153 quidem
1289 2080 1648 2151 typograplius
1677 2080 1728 2133 in
1761 2080 1864 2135 line
1888 2081 2006 2136 libri
2036 2082 2203 2138 More-

621 2177 676 2233 lii
706 2179 993 2233 editionem
1025 2177 1226 2240 laudat,
1256 2188 1375 2242 qua:
1421 2188 1561 2225 anno
1603 2171 1733 2228 1561
1786 2173 1836 2227 in
1865 2174 2035 2228 lucem
2067 2190 2196 2244 pro-

625 2269 742 2323 diit.
777 2270 976 2322 Eodem
1007 2268 1207 2322 saeculo
1254 2275 1482 2335 septem,
1517 2266 1566 2319 id
1599 2276 1682 2320 est
1711 2281 1898 2322 omnes
1921 2308 1935 2329 ,
1963 2269 2202 2336 exceptis

627 2360 760 2412 Vitis
809 2359 1046 2422 Patrum,
1097 2359 1467 2411 Miraculurum
1502 2358 1619 2411 libri
1651 2356 1888 2413 Coloniae
1919 2360 2045 2414 editi
2079 2371 2205 2416 sunt

626 2465 766 2504 anno
794 2448 952 2514 1585,
986 2450 1124 2520 typis
1151 2449 1370 2503 Materni
1401 2449 1663 2502 Cholinii.

705 2544 826 2597 151.
855 2544 1052 2598 Eodem
1083 2558 1222 2596 anno
1249 2541 1405 2603 1585.
1439 2542 1502 2594 Β.
1539 2542 1852 2597 Laurentius
1877 2543 1943 2599 de
1969 2545 2013 2598 Ia
2040 2545 2205 2602 Bai-re

623 2633 990 2688 collectionem
1020 2645 1254 2688 veterum
1285 2643 1564 2687 auctorum
1615 2636 1715 2687 sub
1763 2635 1916 2690 titulo
1948 2637 2204 2694 Historia:

620 2723 931 2781 Christianae
963 2736 1196 2780 veterum
1230 2727 1444 2780 Patrum
1477 2727 1646 2780 edidit
1686 2727 1910 2782 Parisiis
1939 2732 2077 2798 apud
2111 2733 2208 2787 Mi-

622 2825 862 2880 cltaelem
907 2825 1192 2889 Sonnium,
1223 2825 1272 2877 in
1303 2839 1408 2890 qua
1458 2824 1597 2878 inter
1624 2824 1724 2878 alia
1757 2826 2008 2894 opuscula
2067 2826 2206 2883 Gre-

623 2916 762 2987 gorii
795 2916 964 2977 nostri
995 2916 1280 2970 Historiam
1311 2916 1556 2981 inseruit,
1582 2931 1700 2970 cum
1728 2917 1896 2972 tribus
1924 2918 2208 2974 Miraculo-

627 3025 743 3064 rnm
775 3009 948 3074 libris,
973 3010 1025 3064 id
1049 3021 1130 3064 est
1147 3010 1282 3070 duos
1304 3010 1370 3064 de
1391 3009 1572 3065 Gloria
1601 3011 1911 3081 Martyrum,
1937 3023 1992 3068 et
2015 3014 2204 3068 librum

2301 1797 2433 1860 cuit,
2468 1797 2728 1866 quibusve
2749 1817 2867 1855 cum
2914 1819 3044 1859 mss.
3100 1806 3369 1860 codicibus
3395 1811 3603 1865 collatis
3630 1815 3696 1867 ad
3740 1817 3872 1872 hanc

2305 1898 2538 1942 nostram
2583 1893 2942 1946 adornandum
2989 1896 3066 1948 usi
3119 1895 3331 1953 fuimus.
3362 1900 3562 1956 Praeter
3603 1905 3721 1961 lucc
3748 1924 3874 1963 con-

2301 1981 2561 2036 suluimus
2609 1986 2768 2039 etiam
2809 1987 3043 2040 virorum
3096 1987 3379 2046 illustrium
3427 2009 3611 2062 opera,
3656 2001 3748 2067 qui
3787 2011 3874 2056 aut

2312 2076 2599 2130 occasione
2629 2077 2776 2141 data,
2800 2089 2889 2132 aut
2919 2095 2982 2132 ex
3012 2080 3252 2148 professo
3303 2083 3546 2156 Gregorii
3593 2095 3764 2144 nostri
3817 2095 3874 2146 li-

2303 2164 2452 2230 bros,
2480 2167 2583 2220 hoc
2609 2170 2940 2236 potissimum
2981 2173 3213 2238 saeculo,
3247 2174 3602 2234 illustrarunt.
3637 2185 3874 2240 Celebris

2302 2269 2386 2314 est
2414 2260 2554 2314 inter
2588 2259 2722 2316 alios
2750 2263 3050 2319 Hadrianus
3087 2267 3350 2335 Valesius,
3375 2275 3462 2340 qui
3507 2275 3670 2329 vitam
3729 2295 3872 2332 suam

2306 2367 2438 2418 pene
2488 2363 2649 2407 totam
2703 2354 2756 2409 in
2809 2359 2978 2427 gentis
3037 2371 3236 2414 nostra:
3292 2364 3520 2420 Historia
3559 2367 3683 2424 illus
3711 2374 3869 2424 randa

2307 2447 2601 2516 transegit:
2635 2447 2790 2517 cujus
2818 2451 2943 2503 torni
3001 2462 3131 2517 tres,
3177 2469 3312 2524 quos
3359 2474 3534 2513 rerum
3594 2462 3872 2518 Francica-

2305 2552 2423 2591 rum
2473 2538 2759 2592 Historiam
2819 2547 3176 2612 nuncupavit,
3223 2548 3276 2600 in
3327 2549 3496 2604 lucem
3542 2555 3871 2617 prodierunt.

2307 2631 2458 2686 Haud
2481 2632 2658 2687 minus
2684 2643 2765 2687 est
2787 2636 2929 2689 utilis
2973 2637 3089 2707 ejus
3144 2640 3339 2694 Notitia
3393 2643 3710 2712 Galliarum,
3740 2653 3872 2704 ami-

2305 2739 2532 2792 quorum
2603 2737 2878 2782 auctorum
2935 2735 3296 2788 monumentis
3331 2745 3385 2790 et
3430 2741 3747 2797 testimoniis
3799 2761 3873 2798 re-

2293 2817 2463 2870 .ferta.
2524 2817 2627 2870 Res
2681 2819 3040 2888 Francorum,
3079 2825 3415 2893 potissimum
3463 2832 3874 2898 ecclesiasticas,

2309 2909 2656 2964 illustrandas
2678 2914 2912 2982 suscepit
2959 2913 3180 2968 Carolus
3207 2919 3452 2974 Cointius
3481 2925 3709 2978 ()ratorii
3753 2926 3874 2980 Gui-

2313 3000 2474 3055 licani
2501 3002 2801 3074 presbyter,
2829 3020 2961 3072 quas
3012 3019 3215 3076 septem
3271 3013 3430 3066 tumis
3473 3019 3875 3082 comprehendit

624 3102 690 3156 de
717 3101 892 3156 Gloria
920 3099 1318 3156 Confessorum.
1359 3107 1427 3154 At
1469 3104 1726 3156 sexennio
1758 3114 1962 3169 postea,
2013 3106 2064 3160 id
2096 3118 2180 3162 est

2308 3093 2408 3147 sub
2440 3096 2722 3149 Annalium
2779 3096 3105 3152 Francorqu
3162 3103 3318 3156 titulo
3352 3121 3364 3154 :
3397 3115 3640 3160 octavum
3669 3123 3737 3163 ex
3768 3112 3878 3181 ejus

623 3192 951 3254 aun01589,
999 3191 1328 3259 Margariuus
1375 3191 1442 3246 de
1489 3193 1533 3244 la
1581 3192 1767 3260 Bigne,
1816 3194 2008 3249 doctor
2051 3196 2200 3250 Pari-

627 3283 820 3338 siensis
849 3299 880 3339 e
924 3284 1182 3338 societate
1211 3283 1523 3346 Sorbonica,
1560 3283 1941 3339 Bibliothecam
1987 3297 2202 3340 sancto-

625 3391 742 3429 rum
774 3375 989 3430 Patrum
1023 3375 1200 3444 priore
1231 3390 1390 3443 quam
1435 3381 1561 3428 ante
1589 3374 1795 3443 aliquot
1841 3391 2015 3430 annos
2045 3392 2204 3431 cura-

625 3476 777 3522 verat
804 3470 971 3522 multo
998 3467 1308 3536 ampliorem
1337 3467 1522 3528 edidit,
1560 3467 1612 3520 in
1640 3482 1744 3535 qua
1769 3468 1994 3522 inseruit
2017 3471 2201 3522 omnia

625 3551 872 3628 Gregorii
921 3559 1087 3612 nostri
1131 3573 1313 3627 opera,
1361 3574 1478 3625 quae
1507 3557 1700 3612 exinde
1751 3559 1802 3611 in
1849 3561 2202 3628 sequentibus

627 3649 974 3704 Bibliotheca:
1026 3649 1242 3703 Patrum
1289 3649 1635 3714 editionibus,
1685 3649 1963 3704 doctorum
1995 3651 2204 3707 scilicet

623 3741 1016 3797 Coluniensium
1049 3757 1190 3796 anno
1220 3741 1377 3808 1618,
1407 3754 1460 3798 et
1488 3743 1826 3814 Lugdunensi
1855 3762 1996 3803 anno
2028 3750 2196 3819 1677,

625 3835 802 3888 locum
827 3833 1150 3891 habuerunt.

697 3924 820 3979 152.
845 3925 1062 3982 Decimo
1086 3926 1349 3981 currentis
1377 3926 1531 3998 hujus
1553 3929 1746 3984 decimi
1775 3932 1991 4000 septimi
2019 3934 2202 3990 s:rculi

627 4033 768 4073 anno
793 4019 911 4074 duae
933 4018 1128 4074 iterum
1161 4019 1498 4087 Gregorianm
1521 4022 1763 4077 Historiae
1787 4025 2051 4079 editiones
2079 4042 2201 4095 pro—

621 4111 838 4166 dierunt
864 4111 1081 4167 Parisiis
1107 4131 1119 4165 :
1145 4128 1245 4167 una
1265 4113 1448 4167 Latine
1473 4130 1535 4166 ex
1567 4114 1834 4172 Laurentii
1869 4118 2105 4175 Bochelli
2122 4119 2203 4174 bi-

629 4202 921 4270 bliutbeca,
953 4220 1073 4259 cum
1108 4205 1266 4259 variis
1295 4205 1608 4259 lectionibus
1631 4222 1693 4261 ex
1723 4225 1821 4261 ms.
1852 4210 2121 4265 Uiseliano
2148 4220 2202 4266 et

623 4297 744 4351 aliis
758 4295 994 4366 ejusdem
1023 4299 1254 4352 Bochclli
1284 4300 1625 4363 membranis,
1649 4302 1712 4353 ad
1743 4301 1859 4355 libri
1883 4304 2083 4357 calcem
2107 4307 2201 4358 ad-

622 4387 858 4458 junctis;
888 4390 1050 4444 altera
1078 4405 1205 4444 vero
1235 4388 1458 4456 Gallice,
1489 4406 1554 4442 ex
1587 4392 1828 4445 versione
1858 4393 2064 4448 Claudii
2093 4395 2198 4447 Bu-

2303 3185 2520 3239 schedis
2541 3186 2710 3240 edidit
2757 3187 2821 3244 V.
2853 3188 2932 3242 Cl.
2985 3188 3256 3246 Gerardus
3292 3197 3362 3247 du
3406 3195 3550 3264 Bois,
3601 3201 3807 3270 plures,
3838 3205 3876 3258 si

2307 3291 2405 3346 per
2436 3279 2599 3333 vitam
2628 3279 2901 3348 licuisset,
2937 3284 3010 3337 uti
3048 3287 3416 3354 sperabamus,
3441 3292 3678 3349 daturus.
3715 3296 3879 3352 Voces

2314 3370 2586 3425 abstrusas
2613 3381 2668 3426 et
2693 3372 2795 3426 alia
2827 3375 3092 3442 ejusmodi
3121 3382 3366 3447 exposuit
3394 3384 3472 3436 vir
3491 3385 3651 3438 clara:
3679 3403 3879 3442 memo-

2304 3462 2397 3516 ria:
2419 3461 2642 3519 Carolus
2677 3465 2929 3522 Fresnius
2951 3470 3181 3540 Cangius
3227 3473 3278 3527 in
3340 3475 3704 3534 laudatissima
3734 3485 3879 3537 Glos-

2308 3556 2469 3608 sariu.
2519 3557 2804 3626 Complura
2849 3562 3156 3630 explanavit
3199 3563 3361 3620 illust.
3399 3568 3479 3621 vir
3527 3569 3878 3643 Hieronymus

2306 3649 2591 3719 BignOnius
2615 3653 2665 3705 in
2713 3655 2852 3708 notis
2901 3657 2966 3709 ad
3015 3657 3249 3713 Marculfi
3303 3662 3551 3716 monachi
3602 3663 3875 3721 formulas.

2302 3740 2459 3796 Multa
2488 3743 2611 3797 item
2644 3746 2926 3802 illustravit
2948 3757 3002 3802 et
3026 3753 3328 3806 emendavit
3365 3753 3427 3808 V.
3457 3756 3538 3810 Cl.
3575 3757 3878 3826 Stephanus

2312 3832 2560 3888 Baluzius
2591 3845 2699 3888 tum
2744 3837 2797 3890 in
2829 3840 3209 3909 capitularibus
3254 3859 3468 3914 regum,
3504 3858 3610 3902 tum
3652 3851 3703 3903 in
3763 3857 3876 3905 aliis

2261 3949 2283 3960 -ι
2302 3927 2554 3993 Operibus
2573 3971 2587 3994 ,
2615 3944 2736 3999 qua:
2760 3945 3022 3985 summam
3066 3934 3181 4004 ejus
3204 3938 3556 3994 eruditionem
3591 3953 3872 4000 testantur.

2301 4017 2434 4083 Qua:
2483 4034 2612 4074 vero
2658 4022 2723 4074 ad
2776 4023 3190 4081 ecclesiasticam
3228 4028 3560 4101 disciplinam
3610 4038 3876 4102 pertinent

2303 4112 2404 4166 sub
2433 4113 2596 4179 prima
2629 4130 2812 4182 regum
2855 4128 3158 4173 nostrorum
3211 4126 3396 4192 stirpe,
3421 4143 3484 4181 ex
3515 4126 3756 4199 Gregorii
3785 4148 3875 4202 po-

2303 4203 2564 4258 tissimum
2589 4207 2844 4273 operibus
2896 4209 3180 4266 elucidavit
3215 4214 3516 4273 Ludovicus
3567 4221 3875 4281 Thomassi-

2303 4308 2425 4347 nus.
2454 4295 2615 4349 Multa
2649 4299 2772 4351 item
2817 4301 3075 4356 debemus
3133 4304 3326 4361 Joanni
3372 4307 3626 4364 Savaroni
3685 4314 3870 4369 Claro-

2299 4396 2574 4450 montano,
2605 4388 2656 4442 in
2704 4392 2869 4455 patria
2907 4395 3264 4450 subsidiurum
3321 4402 3468 4454 curia
3516 4405 3753 4471 pra-Sidi,
3783 4410 3872 4476 qui

629 4483 738 4536 neti
765 4481 1290 4552 Delphinatis,quam
1307 4481 1596 4536 editionem
1624 4483 2001 4537 curavitV.Cl.
2035 4485 2197 4540 d‘He-
2229 4459 2278 4518 θ
2305 4482 2500 4550 passim
2530 4486 2583 4537 in
2607 4489 2745 4541 notis
2775 4489 2838 4541 ad
2892 4492 3250 4559 Apollinarem
3281 4459 3555 4550 Sidonium
3583 4510 3637 4553 et
3665 4502 3714 4554 in
3736 4459 3873 4557 1011-

622 4588 763 4643 mery
792 4573 1083 4627 d'Amboise
1106 4573 1401 4628 libellorum
1429 4574 1726 4641 supplicum
1758 4576 2028 4642 magister,
2061 4593 2194 4645 ιιι-ωε

629 4665 798 4721 misso
824 4663 1066 4733 Gregorii
1119 4665 1363 4718 Historia:
1415 4665 1620 4734 prolixo
1653 4667 1914 4732 prooemio
1937 4707 1952 4731 ,
2010 4669 2060 4722 in
2089 4685 2196 4738 quo

625 4755 964 4826 putissimqu
997 4751 1114 4820 ejus
1157 4755 1386 4806 aucturis
1430 4754 1496 4807 ad
1547 4754 1899 4810 conlutandos
1938 4772 2192 4812 novorum

625 4847 994 4904 haereticorum
1068 4860 1278 4898 errores
1345 4845 1624 4899 utilitatem
1666 4846 2015 4905 demonstrat.
2092 4850 2195 4904 Has

625 4954 768 4996 anno
795 4937 938 4993 1615
966 4944 1148 4992 secuta
1181 4947 1262 4990 est
1308 4935 1604 5006 Marquardi
1639 4937 1859 4992 Freberi
1901 4939 2086 5004 editio,
2128 4942 2194 4996 ad

622 5035 866 5091 codicem
907 5032 1155 5087 Palatinae
1180 5029 1513 5086 bibliotheca:
1559 5030 1839 5095 adornata,
1870 5033 1920 5086 in
1964 5034 2191 5089 Histori.

625 5144 812 5183 corum
864 5127 1101 5182 Francia‘.
1146 5124 1462 5180 collectione
1490 5165 1504 5188 ,
1548 5139 1705 5192 quam
1754 5123 2002 5178 ilanovia:
2057 5127 2195 5192 typis

624 5215 992 5275 Wechelianis
1023 5218 1136 5274 ﬁeri
1160 5216 1391 5273 curavit.
1418 5213 1658 5282 Denique
1679 5213 1924 5268 Andreas
1944 5212 2183 5265 Duches-

627 5323 715 5368 ne,
747 5309 830 5360 vir
849 5311 1156 5364 eruditione
1188 5306 1422 5362 celebris
1453 5312 1508 5358 et
1541 5306 1606 5359 de
1644 5305 1822 5373 gentis
1847 5312 2046 5358 nostra:
2085 5303 2182 5355 Hi—

625 5395 796 5448 storia
837 5396 968 5450 bene
1001 5399 1246 5455 merittts,
1295 5402 1482 5450 nostro
1516 5396 1714 5446 saeculo
1760 5393 1982 5448 ineunte
2019 5393 2184 5444 colle-

625 5484 860 5537 ctionem
921 5488 1310 5554 amplissimam
1357 5486 1600 5540 omnium
1641 5496 1951 5547 auctorum,
1983 5484 2077 5553 qui
2115 5483 2183 5539 de

625 5572 961 5627 Francorum
1010 5585 1169 5646 gente
1205 5576 1406 5644 aliquid
1461 5577 1823 5643 scripserunt,
1871 5588 2179 5642 aggressus,

624 5666 858 5736 primum
884 5665 1002 5736 ejus
1031 5675 1235 5720 tomum
1271 5681 1413 5721 anno
1442 5666 1578 5720 1656
1605 5666 1796 5732 edidit,
1820 5665 1875 5718 in
1909 5680 2015 5734 quo
2039 5665 2180 5719 inter

2301 4574 2515 4643 ginibus
2543 4576 2969 4638 Claromontauis
3008 4582 3246 4653 Gregorii
3304 4591 3469 4643 nostri
3495 4606 3654 4655 opera
3697 4594 3876 4652 laudat

2303 4675 2360 4721 et
2402 4667 2652 4722 illustrat.
2699 4670 2881 4738 Neque
2919 4674 3241 4732 omittendus
3287 4690 3370 4732 est
3397 4680 3458 4735 γ.
3489 4682 3570 4735 Cl.
3607 4686 3874 4742 Antonius

2308 4758 2547 4814 Dadinus
2568 4762 2836 4815 Alteserra
2870 4765 2920 4816 in
2955 4765 3216 4821 'l‘olosaua
3266 4772 3534 4826 academia
3566 4784 3874 4832 antecessor

2303 4850 2716 4916 celeberrimus,
2735 4853 2824 4920 qui
2858 4865 3008 4910 notas
3034 4866 3088 4910 et
3115 4859 3514 4916 observationes
3542 4864 3593 4916 in
3625 4864 3874 4936 Gregorii

2297 4943 2626 4996 Turonensis
2677 4943 2959 5000 Historiam
3015 4960 3068 5001 et
3121 4949 3425 5021 Fredegarii
3465 4952 3788 5011 Chronicurn
3819 4961 3873 5014 in

2299 5034 2560 5103 singulari
2585 5051 2747 5104 opere
2777 5039 2945 5091 edidit
2988 5040 3194 5095 Tolosae
3228 5057 3370 5097 anno
3421 5043 3579 5098 1679.
3605 5046 3871 5112 Quantum

2307 5130 2488 5176 autem
2540 5124 2798 5190 prodesse
2833 5127 3004 5194 possit
3051 5131 3102 5182 in
3138 5130 3400 5198 Gregorio
3444 5133 3770 5188 illustrando
3805 5134 3870 5188 D.

2305 5212 2533 5268 Joannis
2556 5214 2850 5270 Mabillonii
2875 5219 3102 5287 insignis
3134 5222 3268 5274 liber
3290 5224 3357 5276 de
3389 5224 3467 5276 Re
3492 5223 3870 5293 diplomatica,

2306 5306 2467 5358 nemo
2499 5313 2582 5360 est
2612 5305 2705 5374 qui
2745 5309 2972 5367 nesciat.
3025 5313 3067 5364 si
3102 5315 3180 5365 vel
3224 5315 3387 5367 semel
3417 5316 3689 5384 egregium
3734 5317 3872 5372 illud

2308 5410 2443 5465 opus
2465 5398 2739 5451 evolverit.
2772 5399 2873 5453 Sed
2900 5402 3047 5468 plura
3073 5413 3215 5457 vetat
3241 5405 3423 5460 dicere
3442 5407 3630 5472 optimi
3666 5411 3874 5477 magis-

2306 5488 2374 5540 tri
2411 5489 2515 5540 mei
2547 5489 2831 5550 modestia,
2860 5493 2950 5560 qui
2981 5502 3033 5545 et
3063 5495 3112 5547 in
3154 5495 3368 5565 liturgia
3397 5497 3696 5563 Gallicana,
3716 5503 3870 5555 aliis-

2303 5594 2408 5646 que
2432 5580 2482 5632 in
2515 5581 2630 5633 suis
2651 5581 3146 5641 elucubrationibus
3167 5589 3344 5657 gentis
3365 5600 3561 5645 nostrae
3579 5593 3868 5649 historiam

2303 5677 2358 5732 et
2386 5671 2639 5740 antiquos
2659 5686 2840 5728 ruores
2855 5689 2919 5728 ex
2943 5675 3185 5748 Gregorii
3208 5681 3384 5738 verbis
3403 5684 3699 5753 plurimum
3720 5701 3871 5741 com-
