  <div class='ocr_page' id='page_1' title='image "/cluster/home/n/w/nwhite01/storage/ocr_20150623/71/uva.x000827083/060.png"; bbox 0 0 4024 6192; ppageno 0'>
   <div class='ocr_carea' id='block_1_1' title="bbox 185 237 1980 296">
    <p class='ocr_par' dir='ltr' id='par_1_1' title="bbox 185 237 1980 296">
     <span class='ocr_line' id='line_1_1' title="bbox 185 237 1980 296; baseline -0.004 0"><span class='ocrx_word' id='word_1_1' title='bbox 185 241 263 296; x_wconf 73' lang='lat' dir='ltr'><strong>tos</strong></span> <span class='ocrx_word' id='word_1_2' title='bbox 1598 237 1980 293; x_wconf 66' lang='lat' dir='ltr'><strong>PREFATIO.</strong></span> 
     </span>
    </p>
   </div>
   <div class='ocr_carea' id='block_1_2' title="bbox 3336 233 3437 290">
    <p class='ocr_par' dir='ltr' id='par_1_2' title="bbox 3336 233 3437 290">
     <span class='ocr_line' id='line_1_2' title="bbox 3336 233 3437 290; baseline -0.01 0"><span class='ocrx_word' id='word_1_3' title='bbox 3336 233 3437 290; x_wconf 77' lang='grc'><strong>106</strong></span> 
     </span>
    </p>
   </div>
   <div class='ocr_carea' id='block_1_3' title="bbox 197 349 3436 429">
    <p class='ocr_par' dir='ltr' id='par_1_3' title="bbox 197 349 3436 429">
     <span class='ocr_line' id='line_1_3' title="bbox 197 349 3436 429; baseline -0.002 -13"><span class='ocrx_word' id='word_1_4' title='bbox 197 361 447 417; x_wconf 82' lang='lat' dir='ltr'><strong>utendavit.</strong></span> <span class='ocrx_word' id='word_1_5' title='bbox 477 349 545 414; x_wconf 74' lang='lat' dir='ltr'><strong>Ei</strong></span> <span class='ocrx_word' id='word_1_6' title='bbox 570 403 584 425; x_wconf 94' lang='lat'><strong>,</strong></span> <span class='ocrx_word' id='word_1_7' title='bbox 635 364 682 415; x_wconf 87' lang='lat' dir='ltr'><strong>si</strong></span> <span class='ocrx_word' id='word_1_8' title='bbox 734 363 864 429; x_wconf 90' lang='lat' dir='ltr'><strong>quid</strong></span> <span class='ocrx_word' id='word_1_9' title='bbox 900 361 948 414; x_wconf 92' lang='lat' dir='ltr'><strong>in</strong></span> <span class='ocrx_word' id='word_1_10' title='bbox 981 359 1075 413; x_wconf 89' lang='lat' dir='ltr'><strong>hac</strong></span> <span class='ocrx_word' id='word_1_11' title='bbox 1099 358 1351 424; x_wconf 75' lang='lat' dir='ltr'><strong>editione,</strong></span> <span class='ocrx_word' id='word_1_12' title='bbox 1387 367 1475 414; x_wconf 90' lang='lat' dir='ltr'><strong>aut</strong></span> <span class='ocrx_word' id='word_1_13' title='bbox 1527 359 1578 412; x_wconf 93' lang='lat' dir='ltr'><strong>iu</strong></span> <span class='ocrx_word' id='word_1_14' title='bbox 1639 358 1756 410; x_wconf 85' lang='lat' dir='ltr'><strong>aliis</strong></span> <span class='ocrx_word' id='word_1_15' title='bbox 1788 360 1832 415; x_wconf 81' lang='grc' dir='ltr'><strong>Α</strong></span> <span class='ocrx_word' id='word_1_16' title='bbox 1863 364 2173 424; x_wconf 88' lang='lat' dir='ltr'><strong>argumenta</strong></span> <span class='ocrx_word' id='word_1_17' title='bbox 2216 353 2281 406; x_wconf 91' lang='lat' dir='ltr'><strong>ad</strong></span> <span class='ocrx_word' id='word_1_18' title='bbox 2311 353 2359 406; x_wconf 89' lang='lat' dir='ltr'><strong>id</strong></span> <span class='ocrx_word' id='word_1_19' title='bbox 2392 351 2739 406; x_wconf 85' lang='lat' dir='ltr'><strong>evincendqu</strong></span> <span class='ocrx_word' id='word_1_20' title='bbox 2773 352 3112 416; x_wconf 80' lang='lat' dir='ltr'><strong>sufﬁcientia,</strong></span> <span class='ocrx_word' id='word_1_21' title='bbox 3157 370 3356 425; x_wconf 89' lang='lat' dir='ltr'><strong>nosque</strong></span> <span class='ocrx_word' id='word_1_22' title='bbox 3383 355 3436 412; x_wconf 90' lang='lat' dir='ltr'><strong>ei</strong></span> 
     </span>
    </p>
   </div>
   <div class='ocr_carea' id='block_1_4' title="bbox 205 449 1755 522">
    <p class='ocr_par' dir='ltr' id='par_1_4' title="bbox 205 449 1755 522">
     <span class='ocr_line' id='line_1_4' title="bbox 205 449 1755 522; baseline 0 -18"><span class='ocrx_word' id='word_1_23' title='bbox 205 455 357 522; x_wconf 75' lang='lat' dir='ltr'><strong>opellis</strong></span> <span class='ocrx_word' id='word_1_24' title='bbox 381 454 538 512; x_wconf 86' lang='lat' dir='ltr'><strong>meis,</strong></span> <span class='ocrx_word' id='word_1_25' title='bbox 566 453 702 506; x_wconf 90' lang='lat' dir='ltr'><strong>utile</strong></span> <span class='ocrx_word' id='word_1_26' title='bbox 727 460 982 506; x_wconf 82' lang='lat' dir='ltr'><strong>occurrat.</strong></span> <span class='ocrx_word' id='word_1_27' title='bbox 1009 450 1084 505; x_wconf 86' lang='lat' dir='ltr'><strong>rei</strong></span> <span class='ocrx_word' id='word_1_28' title='bbox 1137 449 1437 511; x_wconf 58' lang='lat' dir='ltr'><strong>litterariis.</strong></span> <span class='ocrx_word' id='word_1_29' title='bbox 1469 458 1635 504; x_wconf 91' lang='lat' dir='ltr'><strong>totum</strong></span> <span class='ocrx_word' id='word_1_30' title='bbox 1669 465 1755 504; x_wconf 90' lang='lat' dir='ltr'><strong>me</strong></span> 
     </span>
    </p>
   </div>
   <div class='ocr_carea' id='block_1_5' title="bbox 210 543 1754 612">
    <p class='ocr_par' dir='ltr' id='par_1_5' title="bbox 210 543 1754 612">
     <span class='ocr_line' id='line_1_5' title="bbox 210 543 1754 612; baseline -0.003 -12"><span class='ocrx_word' id='word_1_31' title='bbox 210 549 367 600; x_wconf 55' lang='lat' dir='ltr'><strong>del-iere</strong></span> <span class='ocrx_word' id='word_1_32' title='bbox 409 544 696 612; x_wconf 90' lang='lat' dir='ltr'><strong>proliteor.</strong></span> <span class='ocrx_word' id='word_1_33' title='bbox 731 544 972 598; x_wconf 67' lang='lat' dir='ltr'><strong>Caeteros</strong></span> <span class='ocrx_word' id='word_1_34' title='bbox 1017 559 1145 597; x_wconf 88' lang='lat' dir='ltr'><strong>vero</strong></span> <span class='ocrx_word' id='word_1_35' title='bbox 1165 555 1415 598; x_wconf 85' lang='lat' dir='ltr'><strong>auctores</strong></span> <span class='ocrx_word' id='word_1_36' title='bbox 1441 543 1754 612; x_wconf 78' lang='lat' dir='ltr'><strong>singillatim</strong></span> 
     </span>
    </p>
   </div>
   <div class='ocr_carea' id='block_1_6' title="bbox 207 635 1757 705">
    <p class='ocr_par' dir='ltr' id='par_1_6' title="bbox 207 635 1757 705">
     <span class='ocr_line' id='line_1_6' title="bbox 207 635 1757 705; baseline 0.001 -16"><span class='ocrx_word' id='word_1_37' title='bbox 207 638 629 689; x_wconf 81' lang='lat' dir='ltr'><strong>tumrecensebo:</strong></span> <span class='ocrx_word' id='word_1_38' title='bbox 684 636 974 688; x_wconf 89' lang='lat' dir='ltr'><strong>laudantur</strong></span> <span class='ocrx_word' id='word_1_39' title='bbox 1017 636 1159 689; x_wconf 89' lang='lat' dir='ltr'><strong>enim</strong></span> <span class='ocrx_word' id='word_1_40' title='bbox 1202 636 1399 705; x_wconf 92' lang='lat' dir='ltr'><strong>quique</strong></span> <span class='ocrx_word' id='word_1_41' title='bbox 1444 637 1554 690; x_wconf 85' lang='lat' dir='ltr'><strong>suis</strong></span> <span class='ocrx_word' id='word_1_42' title='bbox 1603 635 1757 690; x_wconf 85' lang='lat' dir='ltr'><strong>locis.</strong></span> 
     </span>
    </p>
   </div>
   <div class='ocr_carea' id='block_1_7' title="bbox 203 726 1325 795">
    <p class='ocr_par' dir='ltr' id='par_1_7' title="bbox 203 726 1325 795">
     <span class='ocr_line' id='line_1_7' title="bbox 203 726 1325 795; baseline -0.002 -13"><span class='ocrx_word' id='word_1_43' title='bbox 203 731 323 782; x_wconf 64' lang='lat' dir='ltr'><strong>Nunc</strong></span> <span class='ocrx_word' id='word_1_44' title='bbox 349 728 416 782; x_wconf 89' lang='lat' dir='ltr'><strong>de</strong></span> <span class='ocrx_word' id='word_1_45' title='bbox 441 726 777 795; x_wconf 78' lang='lat' dir='ltr'><strong>Fredegario</strong></span> <span class='ocrx_word' id='word_1_46' title='bbox 805 729 988 793; x_wconf 88' lang='lat' dir='ltr'><strong>paucis</strong></span> <span class='ocrx_word' id='word_1_47' title='bbox 1016 727 1325 782; x_wconf 89' lang='lat' dir='ltr'><strong>dicendum.</strong></span> 
     </span>
    </p>
   </div>
   <div class='ocr_carea' id='block_1_8' title="bbox 258 817 1758 890">
    <p class='ocr_par' dir='ltr' id='par_1_8' title="bbox 258 817 1758 890">
     <span class='ocr_line' id='line_1_8' title="bbox 258 817 1758 890; baseline 0.002 -18"><span class='ocrx_word' id='word_1_48' title='bbox 258 820 378 874; x_wconf 83' lang='lat' dir='ltr'><strong>V.—</strong></span> <span class='ocrx_word' id='word_1_49' title='bbox 399 819 474 872; x_wconf 88' lang='lat' dir='ltr'><strong>De</strong></span> <span class='ocrx_word' id='word_1_50' title='bbox 511 817 834 890; x_wconf 75' lang='lat' dir='ltr'><strong>Fredegario</strong></span> <span class='ocrx_word' id='word_1_51' title='bbox 857 831 903 872; x_wconf 84' lang='lat' dir='ltr'><strong>et</strong></span> <span class='ocrx_word' id='word_1_52' title='bbox 933 821 1038 887; x_wconf 84' lang='lat' dir='ltr'><strong>ejus</strong></span> <span class='ocrx_word' id='word_1_53' title='bbox 1076 821 1340 890; x_wconf 80' lang='lat' dir='ltr'><strong>operibus.</strong></span> <span class='ocrx_word' id='word_1_54' title='bbox 1364 850 1434 860; x_wconf 93' lang='lat'><strong>-—</strong></span> <span class='ocrx_word' id='word_1_55' title='bbox 1464 822 1586 876; x_wconf 78' lang='grc'><strong>134.</strong></span> <span class='ocrx_word' id='word_1_56' title='bbox 1628 821 1758 888; x_wconf 86' lang='lat' dir='ltr'><strong>Quis</strong></span> 
     </span>
    </p>
   </div>
   <div class='ocr_carea' id='block_1_9' title="bbox 195 909 1757 982">
    <p class='ocr_par' dir='ltr' id='par_1_9' title="bbox 195 909 1757 982">
     <span class='ocr_line' id='line_1_9' title="bbox 195 909 1757 982; baseline 0.002 -19"><span class='ocrx_word' id='word_1_57' title='bbox 195 909 525 981; x_wconf 78' lang='lat' dir='ltr'><strong>Fredegarius</strong></span> <span class='ocrx_word' id='word_1_58' title='bbox 546 911 705 963; x_wconf 87' lang='lat' dir='ltr'><strong>fuerit</strong></span> <span class='ocrx_word' id='word_1_59' title='bbox 733 909 950 965; x_wconf 90' lang='lat' dir='ltr'><strong>difﬁcile</strong></span> <span class='ocrx_word' id='word_1_60' title='bbox 971 921 1053 964; x_wconf 83' lang='lat' dir='ltr'><strong>est</strong></span> <span class='ocrx_word' id='word_1_61' title='bbox 1081 912 1286 975; x_wconf 84' lang='lat' dir='ltr'><strong>dicere,</strong></span> <span class='ocrx_word' id='word_1_62' title='bbox 1309 928 1430 966; x_wconf 92' lang='lat' dir='ltr'><strong>cum</strong></span> <span class='ocrx_word' id='word_1_63' title='bbox 1455 929 1522 968; x_wconf 89' lang='lat' dir='ltr'><strong>ne</strong></span> <span class='ocrx_word' id='word_1_64' title='bbox 1544 913 1757 982; x_wconf 85' lang='lat' dir='ltr'><strong>quidem</strong></span> 
     </span>
    </p>
   </div>
   <div class='ocr_carea' id='block_1_10' title="bbox 192 1001 1758 1071">
    <p class='ocr_par' dir='ltr' id='par_1_10' title="bbox 192 1001 1758 1071">
     <span class='ocr_line' id='line_1_10' title="bbox 192 1001 1758 1071; baseline 0.002 -15"><span class='ocrx_word' id='word_1_65' title='bbox 192 1003 292 1071; x_wconf 83' lang='lat' dir='ltr'><strong>ejus</strong></span> <span class='ocrx_word' id='word_1_66' title='bbox 344 1015 544 1056; x_wconf 88' lang='lat' dir='ltr'><strong>nomen</strong></span> <span class='ocrx_word' id='word_1_67' title='bbox 594 1014 800 1056; x_wconf 90' lang='lat' dir='ltr'><strong>certum</strong></span> <span class='ocrx_word' id='word_1_68' title='bbox 855 1002 1131 1056; x_wconf 82' lang='lat' dir='ltr'><strong>habeatur.</strong></span> <span class='ocrx_word' id='word_1_69' title='bbox 1185 1001 1538 1071; x_wconf 84' lang='lat' dir='ltr'><strong>Fredegarius</strong></span> <span class='ocrx_word' id='word_1_70' title='bbox 1579 1014 1758 1059; x_wconf 88' lang='lat' dir='ltr'><strong>tamen</strong></span> 
     </span>
    </p>
   </div>
   <div class='ocr_carea' id='block_1_11' title="bbox 189 1093 1755 1166">
    <p class='ocr_par' dir='ltr' id='par_1_11' title="bbox 189 1093 1755 1166">
     <span class='ocr_line' id='line_1_11' title="bbox 189 1093 1755 1166; baseline 0.003 -23"><span class='ocrx_word' id='word_1_71' title='bbox 189 1094 330 1159; x_wconf 71' lang='lat' dir='ltr'><strong>vulgo</strong></span> <span class='ocrx_word' id='word_1_72' title='bbox 350 1093 576 1156; x_wconf 84' lang='lat' dir='ltr'><strong>dicitur,</strong></span> <span class='ocrx_word' id='word_1_73' title='bbox 608 1100 666 1147; x_wconf 86' lang='lat' dir='ltr'><strong>et</strong></span> <span class='ocrx_word' id='word_1_74' title='bbox 703 1094 803 1146; x_wconf 87' lang='lat' dir='ltr'><strong>sub</strong></span> <span class='ocrx_word' id='word_1_75' title='bbox 832 1107 898 1146; x_wconf 89' lang='lat' dir='ltr'><strong>eo</strong></span> <span class='ocrx_word' id='word_1_76' title='bbox 953 1095 1170 1149; x_wconf 87' lang='lat' dir='ltr'><strong>nomine</strong></span> <span class='ocrx_word' id='word_1_77' title='bbox 1227 1095 1470 1149; x_wconf 81' lang='lat' dir='ltr'><strong>laudatur</strong></span> <span class='ocrx_word' id='word_1_78' title='bbox 1516 1097 1755 1166; x_wconf 85' lang='lat' dir='ltr'><strong>passim:</strong></span> 
     </span>
    </p>
   </div>
   <div class='ocr_carea' id='block_1_12' title="bbox 188 1186 1764 1256">
    <p class='ocr_par' dir='ltr' id='par_1_12' title="bbox 188 1186 1764 1256">
     <span class='ocr_line' id='line_1_12' title="bbox 188 1186 1764 1256; baseline 0 -14"><span class='ocrx_word' id='word_1_79' title='bbox 188 1187 268 1242; x_wconf 76' lang='lat' dir='ltr'><strong>sed</strong></span> <span class='ocrx_word' id='word_1_80' title='bbox 295 1189 457 1253; x_wconf 91' lang='lat' dir='ltr'><strong>unde,</strong></span> <span class='ocrx_word' id='word_1_81' title='bbox 485 1187 585 1240; x_wconf 81' lang='lat' dir='ltr'><strong>viri</strong></span> <span class='ocrx_word' id='word_1_82' title='bbox 631 1186 824 1240; x_wconf 91' lang='lat' dir='ltr'><strong>eruditi</strong></span> <span class='ocrx_word' id='word_1_83' title='bbox 858 1187 959 1240; x_wconf 87' lang='lat' dir='ltr'><strong>hoc</strong></span> <span class='ocrx_word' id='word_1_84' title='bbox 981 1186 1082 1241; x_wconf 88' lang='lat' dir='ltr'><strong>sibi</strong></span> <span class='ocrx_word' id='word_1_85' title='bbox 1127 1187 1510 1256; x_wconf 88' lang='lat' dir='ltr'><strong>incompertum</strong></span> <span class='ocrx_word' id='word_1_86' title='bbox 1535 1204 1654 1243; x_wconf 89' lang='lat' dir='ltr'><strong>esse</strong></span> <span class='ocrx_word' id='word_1_87' title='bbox 1685 1188 1764 1242; x_wconf 87' lang='lat' dir='ltr'><strong>fa-</strong></span> 
     </span>
    </p>
   </div>
   <div class='ocr_carea' id='block_1_13' title="bbox 187 1278 1758 1348">
    <p class='ocr_par' dir='ltr' id='par_1_13' title="bbox 187 1278 1758 1348">
     <span class='ocr_line' id='line_1_13' title="bbox 187 1278 1758 1348; baseline -0.002 -15"><span class='ocrx_word' id='word_1_88' title='bbox 187 1288 375 1333; x_wconf 87' lang='lat' dir='ltr'><strong>tentur.</strong></span> <span class='ocrx_word' id='word_1_89' title='bbox 413 1279 528 1332; x_wconf 90' lang='lat' dir='ltr'><strong>lloc</strong></span> <span class='ocrx_word' id='word_1_90' title='bbox 554 1278 753 1348; x_wconf 87' lang='lat' dir='ltr'><strong>quippe</strong></span> <span class='ocrx_word' id='word_1_91' title='bbox 780 1292 974 1332; x_wconf 87' lang='lat' dir='ltr'><strong>nomen</strong></span> <span class='ocrx_word' id='word_1_92' title='bbox 1013 1294 1081 1331; x_wconf 91' lang='lat' dir='ltr'><strong>ne</strong></span> <span class='ocrx_word' id='word_1_93' title='bbox 1107 1279 1301 1334; x_wconf 90' lang='lat' dir='ltr'><strong>unicus</strong></span> <span class='ocrx_word' id='word_1_94' title='bbox 1328 1279 1541 1348; x_wconf 89' lang='lat' dir='ltr'><strong>quidem</strong></span> <span class='ocrx_word' id='word_1_95' title='bbox 1567 1279 1758 1344; x_wconf 79' lang='lat' dir='ltr'><strong>codex,</strong></span> 
     </span>
    </p>
   </div>
   <div class='ocr_carea' id='block_1_14' title="bbox 185 1367 1763 1439">
    <p class='ocr_par' dir='ltr' id='par_1_14' title="bbox 185 1367 1763 1439">
     <span class='ocr_line' id='line_1_14' title="bbox 185 1367 1763 1439; baseline 0.001 -19"><span class='ocrx_word' id='word_1_96' title='bbox 185 1369 264 1439; x_wconf 90' lang='lat' dir='ltr'><strong>qui</strong></span> <span class='ocrx_word' id='word_1_97' title='bbox 287 1370 497 1424; x_wconf 75' lang='lat' dir='ltr'><strong>scilicet</strong></span> <span class='ocrx_word' id='word_1_98' title='bbox 520 1379 676 1423; x_wconf 92' lang='lat' dir='ltr'><strong>notus</strong></span> <span class='ocrx_word' id='word_1_99' title='bbox 703 1369 799 1434; x_wconf 89' lang='lat' dir='ltr'><strong>sit,</strong></span> <span class='ocrx_word' id='word_1_100' title='bbox 861 1367 1094 1436; x_wconf 71' lang='lat' dir='ltr'><strong>praefert.</strong></span> <span class='ocrx_word' id='word_1_101' title='bbox 1126 1369 1294 1424; x_wconf 87' lang='lat' dir='ltr'><strong>Immo</strong></span> <span class='ocrx_word' id='word_1_102' title='bbox 1334 1371 1513 1426; x_wconf 82' lang='lat' dir='ltr'><strong>laudat</strong></span> <span class='ocrx_word' id='word_1_103' title='bbox 1543 1369 1763 1424; x_wconf 88' lang='lat' dir='ltr'><strong>lladria-</strong></span> 
     </span>
    </p>
   </div>
   <div class='ocr_carea' id='block_1_15' title="bbox 185 1461 1761 1537">
    <p class='ocr_par' dir='ltr' id='par_1_15' title="bbox 185 1461 1761 1537">
     <span class='ocr_line' id='line_1_15' title="bbox 185 1461 1761 1537; baseline 0.003 -23"><span class='ocrx_word' id='word_1_104' title='bbox 185 1478 282 1516; x_wconf 90' lang='lat' dir='ltr'><strong>nus</strong></span> <span class='ocrx_word' id='word_1_105' title='bbox 307 1461 553 1519; x_wconf 75' lang='lat' dir='ltr'><strong>Valesius</strong></span> <span class='ocrx_word' id='word_1_106' title='bbox 604 1465 845 1518; x_wconf 87' lang='lat' dir='ltr'><strong>codicem</strong></span> <span class='ocrx_word' id='word_1_107' title='bbox 878 1478 1040 1517; x_wconf 88' lang='lat' dir='ltr'><strong>unum</strong></span> <span class='ocrx_word' id='word_1_108' title='bbox 1063 1509 1076 1531; x_wconf 86' lang='lat'><strong>,</strong></span> <span class='ocrx_word' id='word_1_109' title='bbox 1103 1465 1192 1533; x_wconf 89' lang='lat' dir='ltr'><strong>qui</strong></span> <span class='ocrx_word' id='word_1_110' title='bbox 1228 1464 1533 1537; x_wconf 85' lang='lat' dir='ltr'><strong>Fredegarii</strong></span> <span class='ocrx_word' id='word_1_111' title='bbox 1567 1465 1761 1535; x_wconf 75' lang='lat' dir='ltr'><strong>vulgati</strong></span> 
     </span>
    </p>
   </div>
   <div class='ocr_carea' id='block_1_16' title="bbox 185 1554 1763 1626">
    <p class='ocr_par' dir='ltr' id='par_1_16' title="bbox 185 1554 1763 1626">
     <span class='ocr_line' id='line_1_16' title="bbox 185 1554 1763 1626; baseline 0.001 -18"><span class='ocrx_word' id='word_1_112' title='bbox 185 1571 344 1623; x_wconf 87' lang='lat' dir='ltr'><strong>opera</strong></span> <span class='ocrx_word' id='word_1_113' title='bbox 372 1558 550 1624; x_wconf 78' lang='lat' dir='ltr'><strong>alteri,</strong></span> <span class='ocrx_word' id='word_1_114' title='bbox 586 1572 780 1626; x_wconf 87' lang='lat' dir='ltr'><strong>nempe</strong></span> <span class='ocrx_word' id='word_1_115' title='bbox 829 1554 1006 1610; x_wconf 83' lang='lat' dir='ltr'><strong>ldatio</strong></span> <span class='ocrx_word' id='word_1_116' title='bbox 1055 1556 1288 1621; x_wconf 91' lang='lat' dir='ltr'><strong>cuidam,</strong></span> <span class='ocrx_word' id='word_1_117' title='bbox 1323 1557 1528 1613; x_wconf 82' lang='lat' dir='ltr'><strong>tribuit.</strong></span> <span class='ocrx_word' id='word_1_118' title='bbox 1560 1558 1665 1613; x_wconf 87' lang='lat' dir='ltr'><strong>Sed</strong></span> <span class='ocrx_word' id='word_1_119' title='bbox 1720 1562 1763 1611; x_wconf 89' lang='lat' dir='ltr'><strong>is</strong></span> 
     </span>
    </p>
   </div>
   <div class='ocr_carea' id='block_1_17' title="bbox 182 1645 1756 1720">
    <p class='ocr_par' dir='ltr' id='par_1_17' title="bbox 182 1645 1756 1720">
     <span class='ocr_line' id='line_1_17' title="bbox 182 1645 1756 1720; baseline 0.002 -19"><span class='ocrx_word' id='word_1_120' title='bbox 182 1645 348 1701; x_wconf 83' lang='lat' dir='ltr'><strong>codex</strong></span> <span class='ocrx_word' id='word_1_121' title='bbox 377 1647 511 1700; x_wconf 87' lang='lat' dir='ltr'><strong>alius</strong></span> <span class='ocrx_word' id='word_1_122' title='bbox 537 1662 641 1701; x_wconf 91' lang='lat' dir='ltr'><strong>non</strong></span> <span class='ocrx_word' id='word_1_123' title='bbox 672 1659 754 1702; x_wconf 86' lang='lat' dir='ltr'><strong>est</strong></span> <span class='ocrx_word' id='word_1_124' title='bbox 778 1664 807 1700; x_wconf 91' lang='lat' dir='ltr'><strong>a</strong></span> <span class='ocrx_word' id='word_1_125' title='bbox 833 1647 1228 1715; x_wconf 83' lang='lat' dir='ltr'><strong>Sirmondiano,</strong></span> <span class='ocrx_word' id='word_1_126' title='bbox 1253 1650 1304 1703; x_wconf 89' lang='lat' dir='ltr'><strong>in</strong></span> <span class='ocrx_word' id='word_1_127' title='bbox 1330 1665 1435 1720; x_wconf 89' lang='lat' dir='ltr'><strong>quo</strong></span> <span class='ocrx_word' id='word_1_128' title='bbox 1457 1653 1631 1704; x_wconf 81' lang='lat' dir='ltr'><strong>Adatii</strong></span> <span class='ocrx_word' id='word_1_129' title='bbox 1650 1651 1756 1720; x_wconf 88' lang='lat' dir='ltr'><strong>qui-</strong></span> 
     </span>
    </p>
   </div>
   <div class='ocr_carea' id='block_1_18' title="bbox 1864 443 3434 501">
    <p class='ocr_par' dir='ltr' id='par_1_18' title="bbox 1864 443 3434 501">
     <span class='ocr_line' id='line_1_18' title="bbox 1864 443 3434 501; baseline 0.001 -1"><span class='ocrx_word' id='word_1_130' title='bbox 1864 447 2000 501; x_wconf 91' lang='lat' dir='ltr'><strong>ultro</strong></span> <span class='ocrx_word' id='word_1_131' title='bbox 2065 444 2484 500; x_wconf 80' lang='lat' dir='ltr'><strong>Subscribemus.</strong></span> <span class='ocrx_word' id='word_1_132' title='bbox 2539 443 2754 498; x_wconf 76' lang='lat' dir='ltr'><strong>Interim</strong></span> <span class='ocrx_word' id='word_1_133' title='bbox 2813 443 3048 499; x_wconf 81' lang='lat' dir='ltr'><strong>virorum</strong></span> <span class='ocrx_word' id='word_1_134' title='bbox 3103 445 3434 501; x_wconf 89' lang='lat' dir='ltr'><strong>eruditorum</strong></span> 
     </span>
    </p>
   </div>
   <div class='ocr_carea' id='block_1_19' title="bbox 1863 537 3438 612">
    <p class='ocr_par' dir='ltr' id='par_1_19' title="bbox 1863 537 3438 612">
     <span class='ocr_line' id='line_1_19' title="bbox 1863 537 3438 612; baseline 0.005 -24"><span class='ocrx_word' id='word_1_135' title='bbox 1863 538 2107 610; x_wconf 81' lang='lat' dir='ltr'><strong>vestigiis</strong></span> <span class='ocrx_word' id='word_1_136' title='bbox 2129 537 2487 605; x_wconf 63' lang='lat' dir='ltr'><strong>adhaerentes,</strong></span> <span class='ocrx_word' id='word_1_137' title='bbox 2515 537 2861 592; x_wconf 90' lang='lat' dir='ltr'><strong>collectorem</strong></span> <span class='ocrx_word' id='word_1_138' title='bbox 2893 547 3134 592; x_wconf 90' lang='lat' dir='ltr'><strong>nostrum</strong></span> <span class='ocrx_word' id='word_1_139' title='bbox 3171 539 3438 612; x_wconf 82' lang='lat' dir='ltr'><strong>Fredega-</strong></span> 
     </span>
    </p>
   </div>
   <div class='ocr_carea' id='block_1_20' title="bbox 1865 627 3436 699">
    <p class='ocr_par' dir='ltr' id='par_1_20' title="bbox 1865 627 3436 699">
     <span class='ocr_line' id='line_1_20' title="bbox 1865 627 3436 699; baseline 0.003 -16"><span class='ocrx_word' id='word_1_140' title='bbox 1865 631 2004 684; x_wconf 90' lang='lat' dir='ltr'><strong>rium</strong></span> <span class='ocrx_word' id='word_1_141' title='bbox 2028 629 2411 685; x_wconf 88' lang='lat' dir='ltr'><strong>scholasticum</strong></span> <span class='ocrx_word' id='word_1_142' title='bbox 2437 627 2706 697; x_wconf 87' lang='lat' dir='ltr'><strong>appellare</strong></span> <span class='ocrx_word' id='word_1_143' title='bbox 2734 644 3035 699; x_wconf 76' lang='lat' dir='ltr'><strong>pergamus,</strong></span> <span class='ocrx_word' id='word_1_144' title='bbox 3064 630 3292 686; x_wconf 82' lang='lat' dir='ltr'><strong>maxime</strong></span> <span class='ocrx_word' id='word_1_145' title='bbox 3314 648 3436 688; x_wconf 93' lang='lat' dir='ltr'><strong>cum</strong></span> 
     </span>
    </p>
   </div>
   <div class='ocr_carea' id='block_1_21' title="bbox 1861 721 3438 792">
    <p class='ocr_par' dir='ltr' id='par_1_21' title="bbox 1861 721 3438 792">
     <span class='ocr_line' id='line_1_21' title="bbox 1861 721 3438 792; baseline 0.001 -16"><span class='ocrx_word' id='word_1_146' title='bbox 1861 723 2062 792; x_wconf 84' lang='lat' dir='ltr'><strong>absque</strong></span> <span class='ocrx_word' id='word_1_147' title='bbox 2091 723 2270 790; x_wconf 88' lang='lat' dir='ltr'><strong>aliqua</strong></span> <span class='ocrx_word' id='word_1_148' title='bbox 2298 721 2445 790; x_wconf 81' lang='lat' dir='ltr'><strong>gravi</strong></span> <span class='ocrx_word' id='word_1_149' title='bbox 2473 721 2682 776; x_wconf 84' lang='lat' dir='ltr'><strong>ratione</strong></span> <span class='ocrx_word' id='word_1_150' title='bbox 2713 722 3002 790; x_wconf 84' lang='lat' dir='ltr'><strong>putandum</strong></span> <span class='ocrx_word' id='word_1_151' title='bbox 3035 736 3140 775; x_wconf 91' lang='lat' dir='ltr'><strong>non</strong></span> <span class='ocrx_word' id='word_1_152' title='bbox 3171 722 3241 776; x_wconf 85' lang='lat' dir='ltr'><strong>sit</strong></span> <span class='ocrx_word' id='word_1_153' title='bbox 3265 723 3365 778; x_wconf 92' lang='lat' dir='ltr'><strong>hoc</strong></span> <span class='ocrx_word' id='word_1_154' title='bbox 3386 726 3438 777; x_wconf 91' lang='lat' dir='ltr'><strong>ei</strong></span> 
     </span>
    </p>
   </div>
   <div class='ocr_carea' id='block_1_22' title="bbox 1864 811 3437 885">
    <p class='ocr_par' dir='ltr' id='par_1_22' title="bbox 1864 811 3437 885">
     <span class='ocr_line' id='line_1_22' title="bbox 1864 811 3437 885; baseline 0.002 -19"><span class='ocrx_word' id='word_1_155' title='bbox 1864 829 2056 869; x_wconf 90' lang='lat' dir='ltr'><strong>nomen</strong></span> <span class='ocrx_word' id='word_1_156' title='bbox 2081 823 2280 869; x_wconf 87' lang='lat' dir='ltr'><strong>temere</strong></span> <span class='ocrx_word' id='word_1_157' title='bbox 2312 815 2564 868; x_wconf 88' lang='lat' dir='ltr'><strong>tribututn</strong></span> <span class='ocrx_word' id='word_1_158' title='bbox 2615 811 2776 868; x_wconf 88' lang='lat' dir='ltr'><strong>fuisse</strong></span> <span class='ocrx_word' id='word_1_159' title='bbox 2801 828 2832 867; x_wconf 89' lang='lat' dir='ltr'><strong>a</strong></span> <span class='ocrx_word' id='word_1_160' title='bbox 2862 815 2990 868; x_wconf 89' lang='lat' dir='ltr'><strong>viris</strong></span> <span class='ocrx_word' id='word_1_161' title='bbox 3018 814 3263 879; x_wconf 89' lang='lat' dir='ltr'><strong>eruditis,</strong></span> <span class='ocrx_word' id='word_1_162' title='bbox 3303 831 3437 885; x_wconf 86' lang='lat' dir='ltr'><strong>quos</strong></span> 
     </span>
    </p>
   </div>
   <div class='ocr_carea' id='block_1_23' title="bbox 1863 904 3437 975">
    <p class='ocr_par' dir='ltr' id='par_1_23' title="bbox 1863 904 3437 975">
     <span class='ocr_line' id='line_1_23' title="bbox 1863 904 3437 975; baseline 0.001 -16"><span class='ocrx_word' id='word_1_163' title='bbox 1863 904 2133 973; x_wconf 86' lang='lat' dir='ltr'><strong>Josephus</strong></span> <span class='ocrx_word' id='word_1_164' title='bbox 2187 906 2421 975; x_wconf 84' lang='lat' dir='ltr'><strong>Scaliger</strong></span> <span class='ocrx_word' id='word_1_165' title='bbox 2470 906 2832 959; x_wconf 90' lang='lat' dir='ltr'><strong>inuominatos</strong></span> <span class='ocrx_word' id='word_1_166' title='bbox 2876 905 3074 960; x_wconf 83' lang='lat' dir='ltr'><strong>laudat.</strong></span> <span class='ocrx_word' id='word_1_167' title='bbox 3128 906 3246 974; x_wconf 90' lang='lat' dir='ltr'><strong>Ipse</strong></span> <span class='ocrx_word' id='word_1_168' title='bbox 3293 910 3437 961; x_wconf 90' lang='lat' dir='ltr'><strong>enim</strong></span> 
     </span>
    </p>
   </div>
   <div class='ocr_carea' id='block_1_24' title="bbox 1862 997 3440 1068">
    <p class='ocr_par' dir='ltr' id='par_1_24' title="bbox 1862 997 3440 1068">
     <span class='ocr_line' id='line_1_24' title="bbox 1862 997 3440 1068; baseline -0.001 -16"><span class='ocrx_word' id='word_1_169' title='bbox 1862 998 2101 1068; x_wconf 80' lang='lat' dir='ltr'><strong>Scaliger</strong></span> <span class='ocrx_word' id='word_1_170' title='bbox 2122 1007 2178 1051; x_wconf 87' lang='lat' dir='ltr'><strong>et</strong></span> <span class='ocrx_word' id='word_1_171' title='bbox 2205 999 2555 1065; x_wconf 83' lang='lat' dir='ltr'><strong>Marquardus</strong></span> <span class='ocrx_word' id='word_1_172' title='bbox 2581 997 2854 1052; x_wconf 88' lang='lat' dir='ltr'><strong>Frelterus</strong></span> <span class='ocrx_word' id='word_1_173' title='bbox 2883 997 3040 1066; x_wconf 88' lang='lat' dir='ltr'><strong>primi</strong></span> <span class='ocrx_word' id='word_1_174' title='bbox 3082 997 3163 1052; x_wconf 88' lang='lat' dir='ltr'><strong>sic</strong></span> <span class='ocrx_word' id='word_1_175' title='bbox 3203 1014 3325 1052; x_wconf 87' lang='lat' dir='ltr'><strong>eum</strong></span> <span class='ocrx_word' id='word_1_176' title='bbox 3347 1017 3440 1066; x_wconf 88' lang='lat' dir='ltr'><strong>ap-</strong></span> 
     </span>
    </p>
   </div>
   <div class='ocr_carea' id='block_1_25' title="bbox 1865 1090 2480 1159">
    <p class='ocr_par' dir='ltr' id='par_1_25' title="bbox 1865 1090 2480 1159">
     <span class='ocr_line' id='line_1_25' title="bbox 1865 1090 2480 1159; baseline -0.005 -15"><span class='ocrx_word' id='word_1_177' title='bbox 1865 1092 2093 1159; x_wconf 88' lang='lat' dir='ltr'><strong>pellasse</strong></span> <span class='ocrx_word' id='word_1_178' title='bbox 2121 1090 2480 1144; x_wconf 89' lang='lat' dir='ltr'><strong>inveniuntur.</strong></span> 
     </span>
    </p>
   </div>
   <div class='ocr_carea' id='block_1_26' title="bbox 1935 1181 3436 1252">
    <p class='ocr_par' dir='ltr' id='par_1_26' title="bbox 1935 1181 3436 1252">
     <span class='ocr_line' id='line_1_26' title="bbox 1935 1181 3436 1252; baseline 0.003 -16"><span class='ocrx_word' id='word_1_179' title='bbox 1935 1181 2060 1236; x_wconf 79' lang='grc'><strong>155.</strong></span> <span class='ocrx_word' id='word_1_180' title='bbox 2087 1181 2465 1252; x_wconf 80' lang='lat' dir='ltr'><strong>Fredegarium</strong></span> <span class='ocrx_word' id='word_1_181' title='bbox 2500 1181 2933 1251; x_wconf 80' lang='lat' dir='ltr'><strong>Burgundionem</strong></span> <span class='ocrx_word' id='word_1_182' title='bbox 2977 1181 3140 1237; x_wconf 86' lang='lat' dir='ltr'><strong>fuisse</strong></span> <span class='ocrx_word' id='word_1_183' title='bbox 3190 1183 3436 1240; x_wconf 77' lang='lat' dir='ltr'><strong>Valesius</strong></span> 
     </span>
    </p>
   </div>
   <div class='ocr_carea' id='block_1_27' title="bbox 1865 1275 3438 1345">
    <p class='ocr_par' dir='ltr' id='par_1_27' title="bbox 1865 1275 3438 1345">
     <span class='ocr_line' id='line_1_27' title="bbox 1865 1275 3438 1345; baseline 0 -15"><span class='ocrx_word' id='word_1_184' title='bbox 1865 1284 1920 1330; x_wconf 89' lang='lat' dir='ltr'><strong>et</strong></span> <span class='ocrx_word' id='word_1_185' title='bbox 1946 1275 2187 1332; x_wconf 83' lang='lat' dir='ltr'><strong>Cointius</strong></span> <span class='ocrx_word' id='word_1_186' title='bbox 2211 1284 2433 1331; x_wconf 86' lang='lat' dir='ltr'><strong>censent</strong></span> <span class='ocrx_word' id='word_1_187' title='bbox 2464 1276 2694 1345; x_wconf 84' lang='lat' dir='ltr'><strong>:quibus</strong></span> <span class='ocrx_word' id='word_1_188' title='bbox 2740 1275 2894 1330; x_wconf 80' lang='lat' dir='ltr'><strong>facile</strong></span> <span class='ocrx_word' id='word_1_189' title='bbox 2942 1275 3350 1341; x_wconf 86' lang='lat' dir='ltr'><strong>subscribimus,</strong></span> <span class='ocrx_word' id='word_1_190' title='bbox 3382 1287 3438 1331; x_wconf 89' lang='lat' dir='ltr'><strong>et</strong></span> 
     </span>
    </p>
   </div>
   <div class='ocr_carea' id='block_1_28' title="bbox 1867 1365 3430 1435">
    <p class='ocr_par' dir='ltr' id='par_1_28' title="bbox 1867 1365 3430 1435">
     <span class='ocr_line' id='line_1_28' title="bbox 1867 1365 3430 1435; baseline 0.003 -17"><span class='ocrx_word' id='word_1_191' title='bbox 1867 1367 2080 1434; x_wconf 89' lang='lat' dir='ltr'><strong>quidem</strong></span> <span class='ocrx_word' id='word_1_192' title='bbox 2110 1365 2164 1419; x_wconf 91' lang='lat' dir='ltr'><strong>id</strong></span> <span class='ocrx_word' id='word_1_193' title='bbox 2193 1381 2258 1420; x_wconf 83' lang='lat' dir='ltr'><strong>ex</strong></span> <span class='ocrx_word' id='word_1_194' title='bbox 2280 1367 2397 1435; x_wconf 86' lang='lat' dir='ltr'><strong>ejus</strong></span> <span class='ocrx_word' id='word_1_195' title='bbox 2423 1367 2636 1435; x_wconf 84' lang='lat' dir='ltr'><strong>scriptis</strong></span> <span class='ocrx_word' id='word_1_196' title='bbox 2657 1366 2869 1420; x_wconf 88' lang='lat' dir='ltr'><strong>suaderi</strong></span> <span class='ocrx_word' id='word_1_197' title='bbox 2909 1376 3102 1435; x_wconf 88' lang='lat' dir='ltr'><strong>potest.</strong></span> <span class='ocrx_word' id='word_1_198' title='bbox 3125 1369 3180 1421; x_wconf 92' lang='lat' dir='ltr'><strong>In</strong></span> <span class='ocrx_word' id='word_1_199' title='bbox 3235 1369 3430 1430; x_wconf 87' lang='lat' dir='ltr'><strong>priori-</strong></span> 
     </span>
    </p>
   </div>
   <div class='ocr_carea' id='block_1_29' title="bbox 1870 1458 3439 1528">
    <p class='ocr_par' dir='ltr' id='par_1_29' title="bbox 1870 1458 3439 1528">
     <span class='ocr_line' id='line_1_29' title="bbox 1870 1458 3439 1528; baseline 0.001 -17"><span class='ocrx_word' id='word_1_200' title='bbox 1870 1459 1966 1512; x_wconf 87' lang='lat' dir='ltr'><strong>bus</strong></span> <span class='ocrx_word' id='word_1_201' title='bbox 2005 1459 2202 1527; x_wconf 83' lang='lat' dir='ltr'><strong>quippe</strong></span> <span class='ocrx_word' id='word_1_202' title='bbox 2224 1472 2333 1512; x_wconf 69' lang='lat' dir='ltr'><strong>sua:</strong></span> <span class='ocrx_word' id='word_1_203' title='bbox 2357 1458 2690 1512; x_wconf 77' lang='lat' dir='ltr'><strong>colleCtionis</strong></span> <span class='ocrx_word' id='word_1_204' title='bbox 2716 1459 2952 1526; x_wconf 89' lang='lat' dir='ltr'><strong>partibus</strong></span> <span class='ocrx_word' id='word_1_205' title='bbox 3000 1459 3439 1528; x_wconf 82' lang='lat' dir='ltr'><strong>Burgundionum</strong></span> 
     </span>
    </p>
   </div>
   <div class='ocr_carea' id='block_1_30' title="bbox 1867 1551 3442 1622">
    <p class='ocr_par' dir='ltr' id='par_1_30' title="bbox 1867 1551 3442 1622">
     <span class='ocr_line' id='line_1_30' title="bbox 1867 1551 3442 1622; baseline -0.001 -19"><span class='ocrx_word' id='word_1_206' title='bbox 1867 1553 1919 1605; x_wconf 92' lang='lat' dir='ltr'><strong>in</strong></span> <span class='ocrx_word' id='word_1_207' title='bbox 1946 1551 2144 1606; x_wconf 86' lang='lat' dir='ltr'><strong>Gallias</strong></span> <span class='ocrx_word' id='word_1_208' title='bbox 2171 1553 2459 1605; x_wconf 81' lang='lat' dir='ltr'><strong>adventum</strong></span> <span class='ocrx_word' id='word_1_209' title='bbox 2505 1563 2705 1612; x_wconf 88' lang='lat' dir='ltr'><strong>narrat,</strong></span> <span class='ocrx_word' id='word_1_210' title='bbox 2760 1554 3120 1622; x_wconf 85' lang='lat' dir='ltr'><strong>nonnullaque</strong></span> <span class='ocrx_word' id='word_1_211' title='bbox 3148 1555 3284 1610; x_wconf 81' lang='lat' dir='ltr'><strong>haud</strong></span> <span class='ocrx_word' id='word_1_212' title='bbox 3315 1568 3442 1608; x_wconf 79' lang='lat' dir='ltr'><strong>cen-</strong></span> 
     </span>
    </p>
   </div>
   <div class='ocr_carea' id='block_1_31' title="bbox 1870 1645 3444 1715">
    <p class='ocr_par' dir='ltr' id='par_1_31' title="bbox 1870 1645 3444 1715">
     <span class='ocr_line' id='line_1_31' title="bbox 1870 1645 3444 1715; baseline 0.003 -18"><span class='ocrx_word' id='word_1_213' title='bbox 1870 1645 2156 1699; x_wconf 86' lang='lat' dir='ltr'><strong>temnenda</strong></span> <span class='ocrx_word' id='word_1_214' title='bbox 2178 1655 2232 1698; x_wconf 90' lang='lat' dir='ltr'><strong>et</strong></span> <span class='ocrx_word' id='word_1_215' title='bbox 2261 1645 2547 1714; x_wconf 89' lang='lat' dir='ltr'><strong>singularia</strong></span> <span class='ocrx_word' id='word_1_216' title='bbox 2575 1646 2641 1698; x_wconf 91' lang='lat' dir='ltr'><strong>de</strong></span> <span class='ocrx_word' id='word_1_217' title='bbox 2680 1647 2778 1698; x_wconf 89' lang='lat' dir='ltr'><strong>hac</strong></span> <span class='ocrx_word' id='word_1_218' title='bbox 2805 1655 2962 1715; x_wconf 81' lang='lat' dir='ltr'><strong>gente</strong></span> <span class='ocrx_word' id='word_1_219' title='bbox 2985 1647 3164 1712; x_wconf 89' lang='lat' dir='ltr'><strong>habet,</strong></span> <span class='ocrx_word' id='word_1_220' title='bbox 3195 1663 3312 1715; x_wconf 71' lang='lat' dir='ltr'><strong>quae</strong></span> <span class='ocrx_word' id='word_1_221' title='bbox 3346 1660 3444 1701; x_wconf 86' lang='lat' dir='ltr'><strong>nec</strong></span> 
     </span>
    </p>
   </div>
   <div class='ocr_carea' id='block_1_32' title="bbox 181 1737 3438 1807">
    <p class='ocr_par' dir='ltr' id='par_1_32' title="bbox 181 1737 3438 1807">
     <span class='ocr_line' id='line_1_32' title="bbox 181 1737 3438 1807; baseline 0.002 -14"><span class='ocrx_word' id='word_1_222' title='bbox 181 1741 295 1795; x_wconf 87' lang='lat' dir='ltr'><strong>dem</strong></span> <span class='ocrx_word' id='word_1_223' title='bbox 326 1755 532 1794; x_wconf 82' lang='lat' dir='ltr'><strong>nomen</strong></span> <span class='ocrx_word' id='word_1_224' title='bbox 556 1743 816 1807; x_wconf 91' lang='lat' dir='ltr'><strong>occurrit,</strong></span> <span class='ocrx_word' id='word_1_225' title='bbox 847 1742 941 1796; x_wconf 89' lang='lat' dir='ltr'><strong>sed</strong></span> <span class='ocrx_word' id='word_1_226' title='bbox 966 1741 1209 1798; x_wconf 89' lang='lat' dir='ltr'><strong>ducentis</strong></span> <span class='ocrx_word' id='word_1_227' title='bbox 1227 1741 1440 1799; x_wconf 84' lang='lat' dir='ltr'><strong>circiter</strong></span> <span class='ocrx_word' id='word_1_228' title='bbox 1461 1746 1616 1799; x_wconf 86' lang='lat' dir='ltr'><strong>annis</strong></span> <span class='ocrx_word' id='word_1_229' title='bbox 1638 1761 1763 1800; x_wconf 80' lang='lat' dir='ltr'><strong>exa—</strong></span> <span class='ocrx_word' id='word_1_230' title='bbox 1795 1745 1840 1804; x_wconf 89' lang='lat' dir='ltr'><strong>B</strong></span> <span class='ocrx_word' id='word_1_231' title='bbox 1866 1737 2004 1807; x_wconf 71' lang='lat' dir='ltr'><strong>amid</strong></span> <span class='ocrx_word' id='word_1_232' title='bbox 2039 1737 2380 1807; x_wconf 74' lang='lat' dir='ltr'><strong>Gregoriulll.</strong></span> <span class='ocrx_word' id='word_1_233' title='bbox 2408 1753 2504 1792; x_wconf 78' lang='lat' dir='ltr'><strong>nec</strong></span> <span class='ocrx_word' id='word_1_234' title='bbox 2529 1737 2669 1807; x_wconf 61' lang='lat' dir='ltr'><strong>apud</strong></span> <span class='ocrx_word' id='word_1_235' title='bbox 2699 1737 2835 1792; x_wconf 68' lang='lat' dir='ltr'><strong>alios</strong></span> <span class='ocrx_word' id='word_1_236' title='bbox 2865 1750 3111 1794; x_wconf 74' lang='lat' dir='ltr'><strong>aUCIOI‘es</strong></span> <span class='ocrx_word' id='word_1_237' title='bbox 3132 1749 3438 1794; x_wconf 69' lang='lat' dir='ltr'><strong>occurrant-</strong></span> 
     </span>
    </p>
   </div>
   <div class='ocr_carea' id='block_1_33' title="bbox 180 1830 1764 1899">
    <p class='ocr_par' dir='ltr' id='par_1_33' title="bbox 180 1830 1764 1899">
     <span class='ocr_line' id='line_1_33' title="bbox 180 1830 1764 1899; baseline 0.006 -17"><span class='ocrx_word' id='word_1_238' title='bbox 180 1842 348 1883; x_wconf 86' lang='lat' dir='ltr'><strong>ratum</strong></span> <span class='ocrx_word' id='word_1_239' title='bbox 376 1840 500 1895; x_wconf 85' lang='lat' dir='ltr'><strong>post</strong></span> <span class='ocrx_word' id='word_1_240' title='bbox 545 1830 786 1885; x_wconf 89' lang='lat' dir='ltr'><strong>codicem</strong></span> <span class='ocrx_word' id='word_1_241' title='bbox 809 1832 1088 1899; x_wconf 88' lang='lat' dir='ltr'><strong>scriptum,</strong></span> <span class='ocrx_word' id='word_1_242' title='bbox 1119 1832 1168 1885; x_wconf 93' lang='lat' dir='ltr'><strong>id</strong></span> <span class='ocrx_word' id='word_1_243' title='bbox 1201 1840 1287 1886; x_wconf 88' lang='lat' dir='ltr'><strong>est</strong></span> <span class='ocrx_word' id='word_1_244' title='bbox 1318 1835 1517 1890; x_wconf 61' lang='lat' dir='ltr'><strong>sarculo</strong></span> <span class='ocrx_word' id='word_1_245' title='bbox 1554 1836 1764 1892; x_wconf 78' lang='lat' dir='ltr'><strong>circiter</strong></span> 
     </span>
    </p>
   </div>
   <div class='ocr_carea' id='block_1_34' title="bbox 183 1921 1766 1985">
    <p class='ocr_par' dir='ltr' id='par_1_34' title="bbox 183 1921 1766 1985">
     <span class='ocr_line' id='line_1_34' title="bbox 183 1921 1766 1985; baseline 0.006 -12"><span class='ocrx_word' id='word_1_246' title='bbox 183 1937 340 1985; x_wconf 79' lang='lat' dir='ltr'><strong>nono,</strong></span> <span class='ocrx_word' id='word_1_247' title='bbox 366 1934 424 1975; x_wconf 91' lang='lat' dir='ltr'><strong>ut</strong></span> <span class='ocrx_word' id='word_1_248' title='bbox 454 1936 523 1976; x_wconf 81' lang='lat' dir='ltr'><strong>ex</strong></span> <span class='ocrx_word' id='word_1_249' title='bbox 548 1921 876 1976; x_wconf 87' lang='lat' dir='ltr'><strong>cbaracteris</strong></span> <span class='ocrx_word' id='word_1_250' title='bbox 899 1922 1355 1980; x_wconf 51' lang='lat' dir='ltr'><strong>furtiia&#39;aestimare</strong></span> <span class='ocrx_word' id='word_1_251' title='bbox 1384 1926 1528 1980; x_wconf 90' lang='lat' dir='ltr'><strong>licet.</strong></span> <span class='ocrx_word' id='word_1_252' title='bbox 1561 1926 1766 1982; x_wconf 88' lang='lat' dir='ltr'><strong>Titulus</strong></span> 
     </span>
    </p>
   </div>
   <div class='ocr_carea' id='block_1_35' title="bbox 179 2012 1763 2086">
    <p class='ocr_par' dir='ltr' id='par_1_35' title="bbox 179 2012 1763 2086">
     <span class='ocr_line' id='line_1_35' title="bbox 179 2012 1763 2086; baseline 0.006 -21"><span class='ocrx_word' id='word_1_253' title='bbox 179 2021 353 2067; x_wconf 73' lang='lat' dir='ltr'><strong>autem</strong></span> <span class='ocrx_word' id='word_1_254' title='bbox 380 2014 472 2066; x_wconf 90' lang='lat' dir='ltr'><strong>ille</strong></span> <span class='ocrx_word' id='word_1_255' title='bbox 500 2026 532 2064; x_wconf 88' lang='lat' dir='ltr'><strong>a</strong></span> <span class='ocrx_word' id='word_1_256' title='bbox 579 2012 763 2068; x_wconf 88' lang='lat' dir='ltr'><strong>nescio</strong></span> <span class='ocrx_word' id='word_1_257' title='bbox 825 2029 930 2082; x_wconf 92' lang='lat' dir='ltr'><strong>quo</strong></span> <span class='ocrx_word' id='word_1_258' title='bbox 979 2013 1147 2068; x_wconf 91' lang='lat' dir='ltr'><strong>codici</strong></span> <span class='ocrx_word' id='word_1_259' title='bbox 1188 2015 1418 2083; x_wconf 89' lang='lat' dir='ltr'><strong>additus,</strong></span> <span class='ocrx_word' id='word_1_260' title='bbox 1468 2018 1546 2072; x_wconf 89' lang='lat' dir='ltr'><strong>sic</strong></span> <span class='ocrx_word' id='word_1_261' title='bbox 1585 2018 1763 2086; x_wconf 85' lang='lat' dir='ltr'><strong>habet,</strong></span> 
     </span>
    </p>
   </div>
   <div class='ocr_carea' id='block_1_36' title="bbox 181 2106 1766 2184">
    <p class='ocr_par' dir='ltr' id='par_1_36' title="bbox 181 2106 1766 2184">
     <span class='ocr_line' id='line_1_36' title="bbox 181 2106 1766 2184; baseline 0.005 -25"><span class='ocrx_word' id='word_1_262' title='bbox 181 2107 503 2160; x_wconf 76' lang='lat' dir='ltr'><strong>Bne-iuriam</strong></span> <span class='ocrx_word' id='word_1_263' title='bbox 530 2123 798 2177; x_wconf 81' lang='lat' dir='ltr'><strong>searpsum</strong></span> <span class='ocrx_word' id='word_1_264' title='bbox 826 2123 888 2161; x_wconf 74' lang='lat' dir='ltr'><strong>ex</strong></span> <span class='ocrx_word' id='word_1_265' title='bbox 900 2106 1152 2162; x_wconf 83' lang='lat' dir='ltr'><strong>Chronica</strong></span> <span class='ocrx_word' id='word_1_266' title='bbox 1181 2108 1406 2178; x_wconf 79' lang='lat' dir='ltr'><strong>Eusebii,</strong></span> <span class='ocrx_word' id='word_1_267' title='bbox 1444 2110 1766 2184; x_wconf 71' lang='lat' dir='ltr'><strong>Hieronymi,</strong></span> 
     </span>
    </p>
   </div>
   <div class='ocr_carea' id='block_1_37' title="bbox 182 2199 1766 2274">
    <p class='ocr_par' dir='ltr' id='par_1_37' title="bbox 182 2199 1766 2274">
     <span class='ocr_line' id='line_1_37' title="bbox 182 2199 1766 2274; baseline 0.008 -25"><span class='ocrx_word' id='word_1_268' title='bbox 182 2199 511 2264; x_wconf 81' lang='lat' dir='ltr'><strong>aliorumque</strong></span> <span class='ocrx_word' id='word_1_269' title='bbox 539 2209 860 2252; x_wconf 85' lang='lat' dir='ltr'><strong>auctoruma</strong></span> <span class='ocrx_word' id='word_1_270' title='bbox 885 2200 1106 2268; x_wconf 85' lang='lat' dir='ltr'><strong>quodam</strong></span> <span class='ocrx_word' id='word_1_271' title='bbox 1137 2201 1349 2254; x_wconf 81' lang='lat' dir='ltr'><strong>Adatio.</strong></span> <span class='ocrx_word' id='word_1_272' title='bbox 1375 2203 1468 2257; x_wconf 89' lang='lat' dir='ltr'><strong>Cui</strong></span> <span class='ocrx_word' id='word_1_273' title='bbox 1497 2206 1766 2274; x_wconf 87' lang='lat' dir='ltr'><strong>scriptori,</strong></span> 
     </span>
    </p>
   </div>
   <div class='ocr_carea' id='block_1_38' title="bbox 181 2290 1770 2366">
    <p class='ocr_par' dir='ltr' id='par_1_38' title="bbox 181 2290 1770 2366">
     <span class='ocr_line' id='line_1_38' title="bbox 181 2290 1770 2366; baseline 0.007 -25"><span class='ocrx_word' id='word_1_274' title='bbox 181 2290 421 2358; x_wconf 75' lang='lat' dir='ltr'><strong>quisquis</strong></span> <span class='ocrx_word' id='word_1_275' title='bbox 444 2291 540 2344; x_wconf 88' lang='lat' dir='ltr'><strong>ille</strong></span> <span class='ocrx_word' id='word_1_276' title='bbox 563 2291 748 2352; x_wconf 90' lang='lat' dir='ltr'><strong>fuerit,</strong></span> <span class='ocrx_word' id='word_1_277' title='bbox 782 2291 957 2345; x_wconf 89' lang='lat' dir='ltr'><strong>fucum</strong></span> <span class='ocrx_word' id='word_1_278' title='bbox 1015 2291 1158 2359; x_wconf 82' lang='lat' dir='ltr'><strong>fecit,</strong></span> <span class='ocrx_word' id='word_1_279' title='bbox 1191 2303 1253 2348; x_wconf 90' lang='lat' dir='ltr'><strong>ut</strong></span> <span class='ocrx_word' id='word_1_280' title='bbox 1289 2293 1402 2363; x_wconf 87' lang='lat' dir='ltr'><strong>ipse</strong></span> <span class='ocrx_word' id='word_1_281' title='bbox 1431 2313 1641 2366; x_wconf 89' lang='lat' dir='ltr'><strong>quoque</strong></span> <span class='ocrx_word' id='word_1_282' title='bbox 1666 2298 1770 2352; x_wconf 89' lang='lat' dir='ltr'><strong>Va-</strong></span> 
     </span>
    </p>
   </div>
   <div class='ocr_carea' id='block_1_39' title="bbox 193 2381 1770 2458">
    <p class='ocr_par' dir='ltr' id='par_1_39' title="bbox 193 2381 1770 2458">
     <span class='ocr_line' id='line_1_39' title="bbox 193 2381 1770 2458; baseline 0.006 -24"><span class='ocrx_word' id='word_1_283' title='bbox 193 2382 354 2436; x_wconf 86' lang='lat' dir='ltr'><strong>lesius</strong></span> <span class='ocrx_word' id='word_1_284' title='bbox 375 2383 671 2445; x_wconf 77' lang='lat' dir='ltr'><strong>observat,</strong></span> <span class='ocrx_word' id='word_1_285' title='bbox 703 2382 852 2436; x_wconf 91' lang='lat' dir='ltr'><strong>ldatii</strong></span> <span class='ocrx_word' id='word_1_286' title='bbox 891 2381 1236 2449; x_wconf 73' lang='lat' dir='ltr'><strong>Chronirum,</strong></span> <span class='ocrx_word' id='word_1_287' title='bbox 1277 2387 1415 2453; x_wconf 89' lang='lat' dir='ltr'><strong>quod</strong></span> <span class='ocrx_word' id='word_1_288' title='bbox 1467 2386 1770 2458; x_wconf 80' lang='lat' dir='ltr'><strong>Fredegarii</strong></span> 
     </span>
    </p>
   </div>
   <div class='ocr_carea' id='block_1_40' title="bbox 198 2473 1773 2548">
    <p class='ocr_par' dir='ltr' id='par_1_40' title="bbox 198 2473 1773 2548">
     <span class='ocr_line' id='line_1_40' title="bbox 198 2473 1773 2548; baseline 0.006 -22"><span class='ocrx_word' id='word_1_289' title='bbox 198 2473 538 2527; x_wconf 82' lang='lat' dir='ltr'><strong>collectiOnis</strong></span> <span class='ocrx_word' id='word_1_290' title='bbox 557 2485 764 2539; x_wconf 89' lang='lat' dir='ltr'><strong>partem</strong></span> <span class='ocrx_word' id='word_1_291' title='bbox 787 2474 1083 2542; x_wconf 86' lang='lat' dir='ltr'><strong>constituit,</strong></span> <span class='ocrx_word' id='word_1_292' title='bbox 1111 2490 1232 2529; x_wconf 90' lang='lat' dir='ltr'><strong>cum</strong></span> <span class='ocrx_word' id='word_1_293' title='bbox 1255 2477 1478 2544; x_wconf 89' lang='lat' dir='ltr'><strong>epistola</strong></span> <span class='ocrx_word' id='word_1_294' title='bbox 1512 2482 1610 2548; x_wconf 90' lang='lat' dir='ltr'><strong>ipsi</strong></span> <span class='ocrx_word' id='word_1_295' title='bbox 1641 2497 1773 2545; x_wconf 66' lang='lat' dir='ltr'><strong>prte-</strong></span> 
     </span>
    </p>
   </div>
   <div class='ocr_carea' id='block_1_41' title="bbox 195 2564 1774 2639">
    <p class='ocr_par' dir='ltr' id='par_1_41' title="bbox 195 2564 1774 2639">
     <span class='ocr_line' id='line_1_41' title="bbox 195 2564 1774 2639; baseline 0.004 -19"><span class='ocrx_word' id='word_1_296' title='bbox 195 2566 350 2620; x_wconf 82' lang='lat' dir='ltr'><strong>missa</strong></span> <span class='ocrx_word' id='word_1_297' title='bbox 377 2566 482 2619; x_wconf 87' lang='lat' dir='ltr'><strong>sub</strong></span> <span class='ocrx_word' id='word_1_298' title='bbox 520 2564 710 2618; x_wconf 79' lang='lat' dir='ltr'><strong>Udaeii</strong></span> <span class='ocrx_word' id='word_1_299' title='bbox 741 2580 836 2618; x_wconf 89' lang='lat' dir='ltr'><strong>seu</strong></span> <span class='ocrx_word' id='word_1_300' title='bbox 893 2565 1060 2619; x_wconf 77' lang='lat' dir='ltr'><strong>[dacii</strong></span> <span class='ocrx_word' id='word_1_301' title='bbox 1083 2569 1316 2632; x_wconf 91' lang='lat' dir='ltr'><strong>nomine,</strong></span> <span class='ocrx_word' id='word_1_302' title='bbox 1348 2569 1400 2623; x_wconf 89' lang='lat' dir='ltr'><strong>in</strong></span> <span class='ocrx_word' id='word_1_303' title='bbox 1452 2585 1553 2639; x_wconf 90' lang='lat' dir='ltr'><strong>qua</strong></span> <span class='ocrx_word' id='word_1_304' title='bbox 1579 2570 1666 2626; x_wconf 84' lang='lat' dir='ltr'><strong>ille</strong></span> <span class='ocrx_word' id='word_1_305' title='bbox 1715 2587 1774 2627; x_wconf 88' lang='lat' dir='ltr'><strong>se</strong></span> 
     </span>
    </p>
   </div>
   <div class='ocr_carea' id='block_1_42' title="bbox 190 2653 1775 2731">
    <p class='ocr_par' dir='ltr' id='par_1_42' title="bbox 190 2653 1775 2731">
     <span class='ocr_line' id='line_1_42' title="bbox 190 2653 1775 2731; baseline 0.008 -25"><span class='ocrx_word' id='word_1_306' title='bbox 190 2654 439 2720; x_wconf 81' lang='lat' dir='ltr'><strong>superius</strong></span> <span class='ocrx_word' id='word_1_307' title='bbox 465 2655 673 2721; x_wconf 89' lang='lat' dir='ltr'><strong>scripta</strong></span> <span class='ocrx_word' id='word_1_308' title='bbox 697 2667 761 2707; x_wconf 80' lang='lat' dir='ltr'><strong>ex</strong></span> <span class='ocrx_word' id='word_1_309' title='bbox 797 2653 1029 2708; x_wconf 87' lang='lat' dir='ltr'><strong>Eusebio</strong></span> <span class='ocrx_word' id='word_1_310' title='bbox 1057 2663 1112 2709; x_wconf 88' lang='lat' dir='ltr'><strong>et</strong></span> <span class='ocrx_word' id='word_1_311' title='bbox 1143 2656 1466 2729; x_wconf 87' lang='lat' dir='ltr'><strong>Hieronymo</strong></span> <span class='ocrx_word' id='word_1_312' title='bbox 1496 2661 1775 2731; x_wconf 87' lang='lat' dir='ltr'><strong>collegisse</strong></span> 
     </span>
    </p>
   </div>
   <div class='ocr_carea' id='block_1_43' title="bbox 194 2745 1778 2817">
    <p class='ocr_par' dir='ltr' id='par_1_43' title="bbox 194 2745 1778 2817">
     <span class='ocr_line' id='line_1_43' title="bbox 194 2745 1778 2817; baseline 0.006 -19"><span class='ocrx_word' id='word_1_313' title='bbox 194 2746 517 2810; x_wconf 85' lang='lat' dir='ltr'><strong>proﬁtetur;</strong></span> <span class='ocrx_word' id='word_1_314' title='bbox 552 2745 838 2813; x_wconf 87' lang='lat' dir='ltr'><strong>sequentia</strong></span> <span class='ocrx_word' id='word_1_315' title='bbox 864 2759 991 2799; x_wconf 84' lang='lat' dir='ltr'><strong>vero</strong></span> <span class='ocrx_word' id='word_1_316' title='bbox 1029 2761 1058 2798; x_wconf 92' lang='lat' dir='ltr'><strong>a</strong></span> <span class='ocrx_word' id='word_1_317' title='bbox 1086 2761 1145 2800; x_wconf 86' lang='lat' dir='ltr'><strong>se</strong></span> <span class='ocrx_word' id='word_1_318' title='bbox 1197 2749 1444 2817; x_wconf 83' lang='lat' dir='ltr'><strong>exposita</strong></span> <span class='ocrx_word' id='word_1_319' title='bbox 1495 2750 1680 2807; x_wconf 83' lang='lat' dir='ltr'><strong>fuisse.</strong></span> <span class='ocrx_word' id='word_1_320' title='bbox 1708 2753 1778 2808; x_wconf 89' lang='lat' dir='ltr'><strong>At</strong></span> 
     </span>
    </p>
   </div>
   <div class='ocr_carea' id='block_1_44' title="bbox 191 2835 1775 2912">
    <p class='ocr_par' dir='ltr' id='par_1_44' title="bbox 191 2835 1775 2912">
     <span class='ocr_line' id='line_1_44' title="bbox 191 2835 1775 2912; baseline 0.007 -24"><span class='ocrx_word' id='word_1_321' title='bbox 191 2842 302 2891; x_wconf 67' lang='lat' dir='ltr'><strong>haec</strong></span> <span class='ocrx_word' id='word_1_322' title='bbox 324 2837 468 2891; x_wconf 88' lang='lat' dir='ltr'><strong>dicta</strong></span> <span class='ocrx_word' id='word_1_323' title='bbox 511 2846 668 2890; x_wconf 87' lang='lat' dir='ltr'><strong>erant</strong></span> <span class='ocrx_word' id='word_1_324' title='bbox 688 2836 757 2890; x_wconf 83' lang='lat' dir='ltr'><strong>ab</strong></span> <span class='ocrx_word' id='word_1_325' title='bbox 781 2835 947 2891; x_wconf 91' lang='lat' dir='ltr'><strong>ldatio</strong></span> <span class='ocrx_word' id='word_1_326' title='bbox 974 2837 1041 2891; x_wconf 91' lang='lat' dir='ltr'><strong>de</strong></span> <span class='ocrx_word' id='word_1_327' title='bbox 1088 2853 1186 2892; x_wconf 89' lang='lat' dir='ltr'><strong>suo</strong></span> <span class='ocrx_word' id='word_1_328' title='bbox 1237 2840 1523 2907; x_wconf 82' lang='lat' dir='ltr'><strong>Chronico,</strong></span> <span class='ocrx_word' id='word_1_329' title='bbox 1555 2843 1693 2912; x_wconf 89' lang='lat' dir='ltr'><strong>quod</strong></span> <span class='ocrx_word' id='word_1_330' title='bbox 1722 2844 1775 2898; x_wconf 91' lang='lat' dir='ltr'><strong>in</strong></span> 
     </span>
    </p>
   </div>
   <div class='ocr_carea' id='block_1_45' title="bbox 190 2927 1777 3003">
    <p class='ocr_par' dir='ltr' id='par_1_45' title="bbox 190 2927 1777 3003">
     <span class='ocr_line' id='line_1_45' title="bbox 190 2927 1777 3003; baseline 0.004 -22"><span class='ocrx_word' id='word_1_331' title='bbox 190 2928 499 2999; x_wconf 79' lang='lat' dir='ltr'><strong>Fredegarii</strong></span> <span class='ocrx_word' id='word_1_332' title='bbox 531 2927 846 2982; x_wconf 84' lang='lat' dir='ltr'><strong>collectione</strong></span> <span class='ocrx_word' id='word_1_333' title='bbox 872 2929 1044 2982; x_wconf 90' lang='lat' dir='ltr'><strong>locum</strong></span> <span class='ocrx_word' id='word_1_334' title='bbox 1069 2931 1228 2984; x_wconf 88' lang='lat' dir='ltr'><strong>habet</strong></span> <span class='ocrx_word' id='word_1_335' title='bbox 1257 2948 1273 2985; x_wconf 90' lang='lat'><strong>:</strong></span> <span class='ocrx_word' id='word_1_336' title='bbox 1300 2947 1418 3000; x_wconf 79' lang='lat' dir='ltr'><strong>qua:</strong></span> <span class='ocrx_word' id='word_1_337' title='bbox 1451 2941 1624 2988; x_wconf 89' lang='lat' dir='ltr'><strong>tamen</strong></span> <span class='ocrx_word' id='word_1_338' title='bbox 1656 2950 1777 3003; x_wconf 89' lang='lat' dir='ltr'><strong>pos-</strong></span> 
     </span>
    </p>
   </div>
   <div class='ocr_carea' id='block_1_46' title="bbox 196 3021 1777 3089">
    <p class='ocr_par' dir='ltr' id='par_1_46' title="bbox 196 3021 1777 3089">
     <span class='ocr_line' id='line_1_46' title="bbox 196 3021 1777 3089; baseline 0.008 -18"><span class='ocrx_word' id='word_1_339' title='bbox 196 3030 336 3073; x_wconf 80' lang='lat' dir='ltr'><strong>teres</strong></span> <span class='ocrx_word' id='word_1_340' title='bbox 384 3021 623 3089; x_wconf 81' lang='lat' dir='ltr'><strong>scriptor</strong></span> <span class='ocrx_word' id='word_1_341' title='bbox 654 3022 720 3074; x_wconf 88' lang='lat' dir='ltr'><strong>ad</strong></span> <span class='ocrx_word' id='word_1_342' title='bbox 761 3029 923 3074; x_wconf 89' lang='lat' dir='ltr'><strong>totam</strong></span> <span class='ocrx_word' id='word_1_343' title='bbox 966 3021 1336 3078; x_wconf 86' lang='lat' dir='ltr'><strong>collectionem</strong></span> <span class='ocrx_word' id='word_1_344' title='bbox 1379 3028 1638 3081; x_wconf 78' lang='lat' dir='ltr'><strong>extendit.</strong></span> <span class='ocrx_word' id='word_1_345' title='bbox 1668 3029 1777 3084; x_wconf 85' lang='lat' dir='ltr'><strong>Nec</strong></span> 
     </span>
    </p>
   </div>
   <div class='ocr_carea' id='block_1_47' title="bbox 1869 1827 3446 1896">
    <p class='ocr_par' dir='ltr' id='par_1_47' title="bbox 1869 1827 3446 1896">
     <span class='ocr_line' id='line_1_47' title="bbox 1869 1827 3446 1896; baseline 0.001 -14"><span class='ocrx_word' id='word_1_346' title='bbox 1869 1830 1925 1882; x_wconf 90' lang='lat' dir='ltr'><strong>In</strong></span> <span class='ocrx_word' id='word_1_347' title='bbox 1957 1827 2223 1883; x_wconf 86' lang='lat' dir='ltr'><strong>Chronico</strong></span> <span class='ocrx_word' id='word_1_348' title='bbox 2244 1838 2443 1890; x_wconf 88' lang='lat' dir='ltr'><strong>autem,</strong></span> <span class='ocrx_word' id='word_1_349' title='bbox 2459 1829 2547 1896; x_wconf 90' lang='lat' dir='ltr'><strong>qui</strong></span> <span class='ocrx_word' id='word_1_350' title='bbox 2572 1831 2818 1896; x_wconf 90' lang='lat' dir='ltr'><strong>proprius</strong></span> <span class='ocrx_word' id='word_1_351' title='bbox 2839 1829 3072 1884; x_wconf 89' lang='lat' dir='ltr'><strong>illiusest</strong></span> <span class='ocrx_word' id='word_1_352' title='bbox 3094 1829 3254 1895; x_wconf 82' lang='lat' dir='ltr'><strong>fetus,</strong></span> <span class='ocrx_word' id='word_1_353' title='bbox 3278 1830 3446 1884; x_wconf 86' lang='lat' dir='ltr'><strong>multo</strong></span> 
     </span>
    </p>
   </div>
   <div class='ocr_carea' id='block_1_48' title="bbox 1868 1921 3446 1994">
    <p class='ocr_par' dir='ltr' id='par_1_48' title="bbox 1868 1921 3446 1994">
     <span class='ocr_line' id='line_1_48' title="bbox 1868 1921 3446 1994; baseline 0.002 -20"><span class='ocrx_word' id='word_1_354' title='bbox 1868 1922 2168 1976; x_wconf 88' lang='lat' dir='ltr'><strong>accuratius</strong></span> <span class='ocrx_word' id='word_1_355' title='bbox 2198 1930 2252 1974; x_wconf 89' lang='lat' dir='ltr'><strong>et</strong></span> <span class='ocrx_word' id='word_1_356' title='bbox 2282 1921 2450 1974; x_wconf 81' lang='lat' dir='ltr'><strong>fusius</strong></span> <span class='ocrx_word' id='word_1_357' title='bbox 2480 1935 2635 1988; x_wconf 91' lang='lat' dir='ltr'><strong>quam</strong></span> <span class='ocrx_word' id='word_1_358' title='bbox 2661 1931 2851 1975; x_wconf 68' lang='lat' dir='ltr'><strong>caetera</strong></span> <span class='ocrx_word' id='word_1_359' title='bbox 2883 1923 3222 1991; x_wconf 85' lang='lat' dir='ltr'><strong>prosequitur</strong></span> <span class='ocrx_word' id='word_1_360' title='bbox 3243 1938 3303 1978; x_wconf 86' lang='lat' dir='ltr'><strong>ea</strong></span> <span class='ocrx_word' id='word_1_361' title='bbox 3326 1939 3446 1994; x_wconf 70' lang='lat' dir='ltr'><strong>qua)</strong></span> 
     </span>
    </p>
   </div>
   <div class='ocr_carea' id='block_1_49' title="bbox 1869 2013 3447 2084">
    <p class='ocr_par' dir='ltr' id='par_1_49' title="bbox 1869 2013 3447 2084">
     <span class='ocr_line' id='line_1_49' title="bbox 1869 2013 3447 2084; baseline 0.004 -17"><span class='ocrx_word' id='word_1_362' title='bbox 1869 2015 1934 2067; x_wconf 87' lang='lat' dir='ltr'><strong>ad</strong></span> <span class='ocrx_word' id='word_1_363' title='bbox 1965 2013 2286 2084; x_wconf 69' lang='lat' dir='ltr'><strong>Burgundize</strong></span> <span class='ocrx_word' id='word_1_364' title='bbox 2332 2028 2554 2081; x_wconf 84' lang='lat' dir='ltr'><strong>regnum</strong></span> <span class='ocrx_word' id='word_1_365' title='bbox 2604 2024 2867 2082; x_wconf 86' lang='lat' dir='ltr'><strong>spectant,</strong></span> <span class='ocrx_word' id='word_1_366' title='bbox 2900 2023 2954 2069; x_wconf 92' lang='lat' dir='ltr'><strong>et</strong></span> <span class='ocrx_word' id='word_1_367' title='bbox 3000 2013 3192 2069; x_wconf 89' lang='lat' dir='ltr'><strong>librum</strong></span> <span class='ocrx_word' id='word_1_368' title='bbox 3240 2030 3447 2074; x_wconf 83' lang='lat' dir='ltr'><strong>suuma</strong></span> 
     </span>
    </p>
   </div>
   <div class='ocr_carea' id='block_1_50' title="bbox 1870 2104 3448 2175">
    <p class='ocr_par' dir='ltr' id='par_1_50' title="bbox 1870 2104 3448 2175">
     <span class='ocr_line' id='line_1_50' title="bbox 1870 2104 3448 2175; baseline 0 -14"><span class='ocrx_word' id='word_1_369' title='bbox 1870 2104 2184 2161; x_wconf 86' lang='lat' dir='ltr'><strong>Guntramni</strong></span> <span class='ocrx_word' id='word_1_370' title='bbox 2213 2105 2527 2175; x_wconf 71' lang='lat' dir='ltr'><strong>Burgundize</strong></span> <span class='ocrx_word' id='word_1_371' title='bbox 2558 2107 2700 2173; x_wconf 86' lang='lat' dir='ltr'><strong>regis</strong></span> <span class='ocrx_word' id='word_1_372' title='bbox 2725 2105 2965 2159; x_wconf 85' lang='lat' dir='ltr'><strong>laudibus</strong></span> <span class='ocrx_word' id='word_1_373' title='bbox 2994 2106 3229 2171; x_wconf 80' lang='lat' dir='ltr'><strong>inchoat,</strong></span> <span class='ocrx_word' id='word_1_374' title='bbox 3258 2108 3448 2161; x_wconf 86' lang='lat' dir='ltr'><strong>multa-</strong></span> 
     </span>
    </p>
   </div>
   <div class='ocr_carea' id='block_1_51' title="bbox 1873 2196 3446 2267">
    <p class='ocr_par' dir='ltr' id='par_1_51' title="bbox 1873 2196 3446 2267">
     <span class='ocr_line' id='line_1_51' title="bbox 1873 2196 3446 2267; baseline 0.001 -15"><span class='ocrx_word' id='word_1_375' title='bbox 1873 2213 1978 2266; x_wconf 88' lang='lat' dir='ltr'><strong>que</strong></span> <span class='ocrx_word' id='word_1_376' title='bbox 2001 2200 2068 2252; x_wconf 93' lang='lat' dir='ltr'><strong>de</strong></span> <span class='ocrx_word' id='word_1_377' title='bbox 2095 2196 2213 2266; x_wconf 83' lang='lat' dir='ltr'><strong>ejus</strong></span> <span class='ocrx_word' id='word_1_378' title='bbox 2243 2197 2523 2252; x_wconf 86' lang='lat' dir='ltr'><strong>virtutibus</strong></span> <span class='ocrx_word' id='word_1_379' title='bbox 2553 2197 2844 2267; x_wconf 79' lang='lat' dir='ltr'><strong>subjunglt,</strong></span> <span class='ocrx_word' id='word_1_380' title='bbox 2875 2207 3036 2267; x_wconf 88' lang='lat' dir='ltr'><strong>atque</strong></span> <span class='ocrx_word' id='word_1_381' title='bbox 3065 2211 3330 2252; x_wconf 89' lang='lat' dir='ltr'><strong>annorum</strong></span> <span class='ocrx_word' id='word_1_382' title='bbox 3355 2215 3446 2254; x_wconf 90' lang='lat' dir='ltr'><strong>se-</strong></span> 
     </span>
    </p>
   </div>
   <div class='ocr_carea' id='block_1_52' title="bbox 1872 2287 3448 2360">
    <p class='ocr_par' dir='ltr' id='par_1_52' title="bbox 1872 2287 3448 2360">
     <span class='ocr_line' id='line_1_52' title="bbox 1872 2287 3448 2360; baseline 0.003 -19"><span class='ocrx_word' id='word_1_383' title='bbox 1872 2290 2004 2342; x_wconf 87' lang='lat' dir='ltr'><strong>riem</strong></span> <span class='ocrx_word' id='word_1_384' title='bbox 2044 2287 2260 2342; x_wconf 88' lang='lat' dir='ltr'><strong>deducit</strong></span> <span class='ocrx_word' id='word_1_385' title='bbox 2290 2303 2356 2342; x_wconf 83' lang='lat' dir='ltr'><strong>ex</strong></span> <span class='ocrx_word' id='word_1_386' title='bbox 2393 2288 2711 2356; x_wconf 67' lang='lat' dir='ltr'><strong>Burgundite</strong></span> <span class='ocrx_word' id='word_1_387' title='bbox 2742 2290 2975 2358; x_wconf 88' lang='lat' dir='ltr'><strong>regibus.</strong></span> <span class='ocrx_word' id='word_1_388' title='bbox 3024 2288 3207 2344; x_wconf 89' lang='lat' dir='ltr'><strong>Primo</strong></span> <span class='ocrx_word' id='word_1_389' title='bbox 3251 2288 3448 2360; x_wconf 85' lang='lat' dir='ltr'><strong>quippe</strong></span> 
     </span>
    </p>
   </div>
   <div class='ocr_carea' id='block_1_53' title="bbox 1880 2378 3452 2453">
    <p class='ocr_par' dir='ltr' id='par_1_53' title="bbox 1880 2378 3452 2453">
     <span class='ocr_line' id='line_1_53' title="bbox 1880 2378 3452 2453; baseline 0.002 -22"><span class='ocrx_word' id='word_1_390' title='bbox 1880 2395 1968 2434; x_wconf 90' lang='lat' dir='ltr'><strong>res</strong></span> <span class='ocrx_word' id='word_1_391' title='bbox 1994 2390 2171 2448; x_wconf 88' lang='lat' dir='ltr'><strong>gestas</strong></span> <span class='ocrx_word' id='word_1_392' title='bbox 2203 2394 2296 2453; x_wconf 83' lang='lat' dir='ltr'><strong>per</strong></span> <span class='ocrx_word' id='word_1_393' title='bbox 2326 2378 2643 2433; x_wconf 89' lang='lat' dir='ltr'><strong>Guutranmi</strong></span> <span class='ocrx_word' id='word_1_394' title='bbox 2673 2393 2843 2433; x_wconf 85' lang='lat' dir='ltr'><strong>annos</strong></span> <span class='ocrx_word' id='word_1_395' title='bbox 2869 2381 3152 2450; x_wconf 81' lang='lat' dir='ltr'><strong>designat;</strong></span> <span class='ocrx_word' id='word_1_396' title='bbox 3185 2396 3282 2436; x_wconf 91' lang='lat' dir='ltr'><strong>nec</strong></span> <span class='ocrx_word' id='word_1_397' title='bbox 3300 2381 3452 2435; x_wconf 80' lang='lat' dir='ltr'><strong>Chil-</strong></span> 
     </span>
    </p>
   </div>
   <div class='ocr_carea' id='block_1_54' title="bbox 1873 2470 3451 2541">
    <p class='ocr_par' dir='ltr' id='par_1_54' title="bbox 1873 2470 3451 2541">
     <span class='ocr_line' id='line_1_54' title="bbox 1873 2470 3451 2541; baseline 0.001 -15"><span class='ocrx_word' id='word_1_398' title='bbox 1873 2470 2079 2526; x_wconf 84' lang='lat' dir='ltr'><strong>deberti</strong></span> <span class='ocrx_word' id='word_1_399' title='bbox 2129 2485 2299 2524; x_wconf 87' lang='lat' dir='ltr'><strong>annos</strong></span> <span class='ocrx_word' id='word_1_400' title='bbox 2350 2478 2616 2537; x_wconf 86' lang='lat' dir='ltr'><strong>recenset,</strong></span> <span class='ocrx_word' id='word_1_401' title='bbox 2649 2471 2956 2541; x_wconf 80' lang='lat' dir='ltr'><strong>priusquam</strong></span> <span class='ocrx_word' id='word_1_402' title='bbox 2992 2473 3328 2528; x_wconf 88' lang='lat' dir='ltr'><strong>Guutramno</strong></span> <span class='ocrx_word' id='word_1_403' title='bbox 3353 2473 3451 2527; x_wconf 88' lang='lat' dir='ltr'><strong>de-</strong></span> 
     </span>
    </p>
   </div>
   <div class='ocr_carea' id='block_1_55' title="bbox 1876 2563 3450 2635">
    <p class='ocr_par' dir='ltr' id='par_1_55' title="bbox 1876 2563 3450 2635">
     <span class='ocr_line' id='line_1_55' title="bbox 1876 2563 3450 2635; baseline 0.004 -18"><span class='ocrx_word' id='word_1_404' title='bbox 1876 2566 2056 2618; x_wconf 85' lang='lat' dir='ltr'><strong>luucto</strong></span> <span class='ocrx_word' id='word_1_405' title='bbox 2085 2563 2436 2618; x_wconf 81' lang='lat' dir='ltr'><strong>successisset</strong></span> <span class='ocrx_word' id='word_1_406' title='bbox 2478 2563 2530 2617; x_wconf 90' lang='lat' dir='ltr'><strong>in</strong></span> <span class='ocrx_word' id='word_1_407' title='bbox 2593 2565 2910 2634; x_wconf 66' lang='lat' dir='ltr'><strong>Burgundiaz</strong></span> <span class='ocrx_word' id='word_1_408' title='bbox 2942 2580 3192 2633; x_wconf 89' lang='lat' dir='ltr'><strong>regnum;</strong></span> <span class='ocrx_word' id='word_1_409' title='bbox 3221 2563 3450 2635; x_wconf 84' lang='lat' dir='ltr'><strong>indeque</strong></span> 
     </span>
    </p>
   </div>
   <div class='ocr_carea' id='block_1_56' title="bbox 1876 2655 3454 2727">
    <p class='ocr_par' dir='ltr' id='par_1_56' title="bbox 1876 2655 3454 2727">
     <span class='ocr_line' id='line_1_56' title="bbox 1876 2655 3454 2727; baseline 0.001 -16"><span class='ocrx_word' id='word_1_410' title='bbox 1876 2658 2090 2712; x_wconf 85' lang='lat' dir='ltr'><strong>omissis</strong></span> <span class='ocrx_word' id='word_1_411' title='bbox 2118 2671 2295 2722; x_wconf 79' lang='lat' dir='ltr'><strong>annis,</strong></span> <span class='ocrx_word' id='word_1_412' title='bbox 2320 2657 2512 2724; x_wconf 89' lang='lat' dir='ltr'><strong>quibus</strong></span> <span class='ocrx_word' id='word_1_413' title='bbox 2562 2655 2705 2711; x_wconf 90' lang='lat' dir='ltr'><strong>idem</strong></span> <span class='ocrx_word' id='word_1_414' title='bbox 2733 2656 3108 2712; x_wconf 87' lang='lat' dir='ltr'><strong>Childebertus</strong></span> <span class='ocrx_word' id='word_1_415' title='bbox 3138 2669 3454 2727; x_wconf 82' lang='lat' dir='ltr'><strong>regnaverat</strong></span> 
     </span>
    </p>
   </div>
   <div class='ocr_carea' id='block_1_57' title="bbox 1881 2747 3452 2818">
    <p class='ocr_par' dir='ltr' id='par_1_57' title="bbox 1881 2747 3452 2818">
     <span class='ocr_line' id='line_1_57' title="bbox 1881 2747 3452 2818; baseline 0.001 -17"><span class='ocrx_word' id='word_1_416' title='bbox 1881 2750 1931 2802; x_wconf 91' lang='lat' dir='ltr'><strong>in</strong></span> <span class='ocrx_word' id='word_1_417' title='bbox 1964 2749 2264 2814; x_wconf 83' lang='lat' dir='ltr'><strong>Austrasia,</strong></span> <span class='ocrx_word' id='word_1_418' title='bbox 2286 2761 2455 2801; x_wconf 82' lang='lat' dir='ltr'><strong>annos</strong></span> <span class='ocrx_word' id='word_1_419' title='bbox 2483 2748 2601 2815; x_wconf 87' lang='lat' dir='ltr'><strong>ejus</strong></span> <span class='ocrx_word' id='word_1_420' title='bbox 2631 2747 2700 2800; x_wconf 90' lang='lat' dir='ltr'><strong>ab</strong></span> <span class='ocrx_word' id='word_1_421' title='bbox 2754 2747 2887 2801; x_wconf 88' lang='lat' dir='ltr'><strong>inito</strong></span> <span class='ocrx_word' id='word_1_422' title='bbox 2942 2747 3263 2817; x_wconf 71' lang='lat' dir='ltr'><strong>Burgundite</strong></span> <span class='ocrx_word' id='word_1_423' title='bbox 3291 2764 3452 2818; x_wconf 85' lang='lat' dir='ltr'><strong>regno</strong></span> 
     </span>
    </p>
   </div>
   <div class='ocr_carea' id='block_1_58' title="bbox 1879 2839 3451 2909">
    <p class='ocr_par' dir='ltr' id='par_1_58' title="bbox 1879 2839 3451 2909">
     <span class='ocr_line' id='line_1_58' title="bbox 1879 2839 3451 2909; baseline 0 -13"><span class='ocrx_word' id='word_1_424' title='bbox 1879 2850 2175 2908; x_wconf 83' lang='lat' dir='ltr'><strong>eumputat.</strong></span> <span class='ocrx_word' id='word_1_425' title='bbox 2200 2840 2289 2894; x_wconf 91' lang='lat' dir='ltr'><strong>Sic</strong></span> <span class='ocrx_word' id='word_1_426' title='bbox 2321 2850 2440 2908; x_wconf 90' lang='lat' dir='ltr'><strong>post</strong></span> <span class='ocrx_word' id='word_1_427' title='bbox 2479 2839 2810 2894; x_wconf 85' lang='lat' dir='ltr'><strong>Cbildebertl</strong></span> <span class='ocrx_word' id='word_1_428' title='bbox 2866 2847 3118 2906; x_wconf 86' lang='lat' dir='ltr'><strong>mortem,</strong></span> <span class='ocrx_word' id='word_1_429' title='bbox 3153 2841 3451 2909; x_wconf 85' lang='lat' dir='ltr'><strong>posthabito</strong></span> 
     </span>
    </p>
   </div>
   <div class='ocr_carea' id='block_1_59' title="bbox 1883 2931 3451 3001">
    <p class='ocr_par' dir='ltr' id='par_1_59' title="bbox 1883 2931 3451 3001">
     <span class='ocr_line' id='line_1_59' title="bbox 1883 2931 3451 3001; baseline -0.003 -11"><span class='ocrx_word' id='word_1_430' title='bbox 1883 2931 2680 2990; x_wconf 83' lang='lat' dir='ltr'><strong>TheodebertoAustrasiorum</strong></span> <span class='ocrx_word' id='word_1_431' title='bbox 2721 2947 2868 3001; x_wconf 83' lang='lat' dir='ltr'><strong>rege,</strong></span> <span class='ocrx_word' id='word_1_432' title='bbox 2915 2932 3036 2985; x_wconf 89' lang='lat' dir='ltr'><strong>licet</strong></span> <span class='ocrx_word' id='word_1_433' title='bbox 3086 2943 3212 2986; x_wconf 88' lang='lat' dir='ltr'><strong>natu</strong></span> <span class='ocrx_word' id='word_1_434' title='bbox 3243 2933 3451 3001; x_wconf 85' lang='lat' dir='ltr'><strong>majori,</strong></span> 
     </span>
    </p>
   </div>
   <div class='ocr_carea' id='block_1_60' title="bbox 1883 3024 3454 3098">
    <p class='ocr_par' dir='ltr' id='par_1_60' title="bbox 1883 3024 3454 3098">
     <span class='ocr_line' id='line_1_60' title="bbox 1883 3024 3454 3098; baseline 0.002 -20"><span class='ocrx_word' id='word_1_435' title='bbox 1883 3042 2050 3081; x_wconf 87' lang='lat' dir='ltr'><strong>annos</strong></span> <span class='ocrx_word' id='word_1_436' title='bbox 2073 3025 2410 3090; x_wconf 63' lang='lat' dir='ltr'><strong>Theoderici,</strong></span> <span class='ocrx_word' id='word_1_437' title='bbox 2436 3024 2523 3079; x_wconf 87' lang='lat' dir='ltr'><strong>cui</strong></span> <span class='ocrx_word' id='word_1_438' title='bbox 2548 3025 2811 3095; x_wconf 71' lang='lat' dir='ltr'><strong>obtigerat</strong></span> <span class='ocrx_word' id='word_1_439' title='bbox 2846 3027 3167 3098; x_wconf 72' lang='lat' dir='ltr'><strong>lturgundia,</strong></span> <span class='ocrx_word' id='word_1_440' title='bbox 3201 3027 3454 3088; x_wconf 78' lang='lat' dir='ltr'><strong>denotat;</strong></span> 
     </span>
    </p>
   </div>
   <div class='ocr_carea' id='block_1_61' title="bbox 196 3107 3452 3186">
    <p class='ocr_par' dir='ltr' id='par_1_61' title="bbox 196 3107 3452 3186">
     <span class='ocr_line' id='line_1_61' title="bbox 196 3107 3452 3186; baseline 0.004 -25"><span class='ocrx_word' id='word_1_441' title='bbox 196 3109 340 3163; x_wconf 79' lang='lat' dir='ltr'><strong>aliud</strong></span> <span class='ocrx_word' id='word_1_442' title='bbox 369 3126 434 3162; x_wconf 81' lang='lat' dir='ltr'><strong>ex</strong></span> <span class='ocrx_word' id='word_1_443' title='bbox 457 3107 702 3178; x_wconf 81' lang='lat' dir='ltr'><strong>Rigordo</strong></span> <span class='ocrx_word' id='word_1_444' title='bbox 722 3110 912 3165; x_wconf 84' lang='lat' dir='ltr'><strong>deduci</strong></span> <span class='ocrx_word' id='word_1_445' title='bbox 959 3121 1155 3180; x_wconf 76' lang='lat' dir='ltr'><strong>potest,</strong></span> <span class='ocrx_word' id='word_1_446' title='bbox 1189 3115 1276 3182; x_wconf 90' lang='lat' dir='ltr'><strong>qui</strong></span> <span class='ocrx_word' id='word_1_447' title='bbox 1315 3115 1366 3168; x_wconf 92' lang='lat' dir='ltr'><strong>in</strong></span> <span class='ocrx_word' id='word_1_448' title='bbox 1394 3114 1620 3186; x_wconf 79' lang='lat' dir='ltr'><strong>Philippi</strong></span> <span class='ocrx_word' id='word_1_449' title='bbox 1670 3123 1778 3173; x_wconf 85' lang='lat' dir='ltr'><strong>Au-</strong></span> <span class='ocrx_word' id='word_1_450' title='bbox 1806 3121 1850 3183; x_wconf 85' lang='lat' dir='ltr'><strong>C</strong></span> <span class='ocrx_word' id='word_1_451' title='bbox 1884 3132 1982 3171; x_wconf 85' lang='lat' dir='ltr'><strong>nec</strong></span> <span class='ocrx_word' id='word_1_452' title='bbox 2007 3116 2263 3170; x_wconf 70' lang='lat' dir='ltr'><strong>Cblotarii</strong></span> <span class='ocrx_word' id='word_1_453' title='bbox 2289 3129 2459 3168; x_wconf 85' lang='lat' dir='ltr'><strong>annos</strong></span> <span class='ocrx_word' id='word_1_454' title='bbox 2492 3115 2758 3185; x_wconf 75' lang='lat' dir='ltr'><strong>expressit</strong></span> <span class='ocrx_word' id='word_1_455' title='bbox 2817 3117 3124 3185; x_wconf 85' lang='lat' dir='ltr'><strong>priusquam</strong></span> <span class='ocrx_word' id='word_1_456' title='bbox 3174 3118 3452 3174; x_wconf 83' lang='lat' dir='ltr'><strong>exstinctis</strong></span> 
     </span>
    </p>
   </div>
   <div class='ocr_carea' id='block_1_62' title="bbox 190 3200 1780 3275">
    <p class='ocr_par' dir='ltr' id='par_1_62' title="bbox 190 3200 1780 3275">
     <span class='ocr_line' id='line_1_62' title="bbox 190 3200 1780 3275; baseline 0.009 -23"><span class='ocrx_word' id='word_1_457' title='bbox 190 3200 329 3267; x_wconf 86' lang='lat' dir='ltr'><strong>gusti</strong></span> <span class='ocrx_word' id='word_1_458' title='bbox 378 3201 496 3254; x_wconf 83' lang='lat' dir='ltr'><strong>Vita</strong></span> <span class='ocrx_word' id='word_1_459' title='bbox 533 3202 910 3270; x_wconf 86' lang='lat' dir='ltr'><strong>generationes</strong></span> <span class='ocrx_word' id='word_1_460' title='bbox 934 3219 1115 3274; x_wconf 84' lang='lat' dir='ltr'><strong>regum</strong></span> <span class='ocrx_word' id='word_1_461' title='bbox 1149 3222 1207 3260; x_wconf 89' lang='lat' dir='ltr'><strong>se</strong></span> <span class='ocrx_word' id='word_1_462' title='bbox 1234 3209 1613 3275; x_wconf 84' lang='lat' dir='ltr'><strong>comprobasse</strong></span> <span class='ocrx_word' id='word_1_463' title='bbox 1645 3213 1780 3265; x_wconf 87' lang='lat' dir='ltr'><strong>scri-</strong></span> 
     </span>
    </p>
   </div>
   <div class='ocr_carea' id='block_1_63' title="bbox 191 3294 1777 3372">
    <p class='ocr_par' dir='ltr' id='par_1_63' title="bbox 191 3294 1777 3372">
     <span class='ocr_line' id='line_1_63' title="bbox 191 3294 1777 3372; baseline 0.01 -27"><span class='ocrx_word' id='word_1_464' title='bbox 191 3296 265 3348; x_wconf 89' lang='lat' dir='ltr'><strong>bit</strong></span> <span class='ocrx_word' id='word_1_465' title='bbox 286 3303 572 3348; x_wconf 77' lang='lat' dir='ltr'><strong>seeundum</strong></span> <span class='ocrx_word' id='word_1_466' title='bbox 590 3295 874 3350; x_wconf 78' lang='lat' dir='ltr'><strong>Chronicas</strong></span> <span class='ocrx_word' id='word_1_467' title='bbox 904 3294 1072 3351; x_wconf 85' lang='lat' dir='ltr'><strong>Idacii</strong></span> <span class='ocrx_word' id='word_1_468' title='bbox 1087 3309 1133 3352; x_wconf 91' lang='lat' dir='ltr'><strong>et</strong></span> <span class='ocrx_word' id='word_1_469' title='bbox 1173 3298 1407 3372; x_wconf 81' lang='lat' dir='ltr'><strong>Gregorii</strong></span> <span class='ocrx_word' id='word_1_470' title='bbox 1437 3301 1777 3362; x_wconf 74' lang='lat' dir='ltr'><strong>Turonensis:</strong></span> 
     </span>
    </p>
   </div>
   <div class='ocr_carea' id='block_1_64' title="bbox 189 3386 1773 3464">
    <p class='ocr_par' dir='ltr' id='par_1_64' title="bbox 189 3386 1773 3464">
     <span class='ocr_line' id='line_1_64' title="bbox 189 3386 1773 3464; baseline 0.009 -25"><span class='ocrx_word' id='word_1_471' title='bbox 189 3386 350 3454; x_wconf 85' lang='lat' dir='ltr'><strong>idque</strong></span> <span class='ocrx_word' id='word_1_472' title='bbox 370 3402 436 3442; x_wconf 76' lang='lat' dir='ltr'><strong>ex</strong></span> <span class='ocrx_word' id='word_1_473' title='bbox 462 3389 636 3456; x_wconf 88' lang='lat' dir='ltr'><strong>ipsius</strong></span> <span class='ocrx_word' id='word_1_474' title='bbox 661 3389 882 3458; x_wconf 70' lang='lat' dir='ltr'><strong>lligordi</strong></span> <span class='ocrx_word' id='word_1_475' title='bbox 926 3395 1139 3460; x_wconf 83' lang='lat' dir='ltr'><strong>seriptis</strong></span> <span class='ocrx_word' id='word_1_476' title='bbox 1176 3394 1330 3448; x_wconf 89' lang='lat' dir='ltr'><strong>facile</strong></span> <span class='ocrx_word' id='word_1_477' title='bbox 1379 3400 1773 3464; x_wconf 85' lang='lat' dir='ltr'><strong>comprobatur.</strong></span> 
     </span>
    </p>
   </div>
   <div class='ocr_carea' id='block_1_65' title="bbox 188 3480 1779 3560">
    <p class='ocr_par' dir='ltr' id='par_1_65' title="bbox 188 3480 1779 3560">
     <span class='ocr_line' id='line_1_65' title="bbox 188 3480 1779 3560; baseline 0.008 -27"><span class='ocrx_word' id='word_1_478' title='bbox 188 3480 306 3547; x_wconf 75' lang='lat' dir='ltr'><strong>Ipse</strong></span> <span class='ocrx_word' id='word_1_479' title='bbox 323 3482 466 3534; x_wconf 88' lang='lat' dir='ltr'><strong>enim</strong></span> <span class='ocrx_word' id='word_1_480' title='bbox 493 3483 657 3550; x_wconf 87' lang='lat' dir='ltr'><strong>paulo</strong></span> <span class='ocrx_word' id='word_1_481' title='bbox 681 3483 929 3550; x_wconf 87' lang='lat' dir='ltr'><strong>superius</strong></span> <span class='ocrx_word' id='word_1_482' title='bbox 956 3483 1022 3537; x_wconf 92' lang='lat' dir='ltr'><strong>de</strong></span> <span class='ocrx_word' id='word_1_483' title='bbox 1059 3485 1382 3542; x_wconf 84' lang='lat' dir='ltr'><strong>Francorum</strong></span> <span class='ocrx_word' id='word_1_484' title='bbox 1423 3492 1624 3560; x_wconf 83' lang='lat' dir='ltr'><strong>origine</strong></span> <span class='ocrx_word' id='word_1_485' title='bbox 1649 3505 1779 3546; x_wconf 87' lang='lat' dir='ltr'><strong>trac-</strong></span> 
     </span>
    </p>
   </div>
   <div class='ocr_carea' id='block_1_66' title="bbox 189 3573 1779 3647">
    <p class='ocr_par' dir='ltr' id='par_1_66' title="bbox 189 3573 1779 3647">
     <span class='ocr_line' id='line_1_66' title="bbox 189 3573 1779 3647; baseline 0.011 -25"><span class='ocrx_word' id='word_1_486' title='bbox 189 3580 328 3636; x_wconf 81' lang='lat' dir='ltr'><strong>tans,</strong></span> <span class='ocrx_word' id='word_1_487' title='bbox 355 3575 433 3626; x_wconf 90' lang='lat' dir='ltr'><strong>ait</strong></span> <span class='ocrx_word' id='word_1_488' title='bbox 452 3589 514 3627; x_wconf 90' lang='lat' dir='ltr'><strong>se</strong></span> <span class='ocrx_word' id='word_1_489' title='bbox 537 3589 600 3628; x_wconf 92' lang='lat' dir='ltr'><strong>ea</strong></span> <span class='ocrx_word' id='word_1_490' title='bbox 631 3573 700 3628; x_wconf 89' lang='lat' dir='ltr'><strong>de</strong></span> <span class='ocrx_word' id='word_1_491' title='bbox 746 3590 803 3628; x_wconf 91' lang='lat' dir='ltr'><strong>re</strong></span> <span class='ocrx_word' id='word_1_492' title='bbox 844 3575 1072 3631; x_wconf 90' lang='lat' dir='ltr'><strong>sollicite</strong></span> <span class='ocrx_word' id='word_1_493' title='bbox 1103 3580 1441 3647; x_wconf 70' lang='lat' dir='ltr'><strong>inquisiVISse</strong></span> <span class='ocrx_word' id='word_1_494' title='bbox 1462 3601 1524 3637; x_wconf 79' lang='lat' dir='ltr'><strong>ea:</strong></span> <span class='ocrx_word' id='word_1_495' title='bbox 1548 3584 1779 3640; x_wconf 80' lang='lat' dir='ltr'><strong>Historia</strong></span> 
     </span>
    </p>
   </div>
   <div class='ocr_carea' id='block_1_67' title="bbox 192 3662 1780 3744">
    <p class='ocr_par' dir='ltr' id='par_1_67' title="bbox 192 3662 1780 3744">
     <span class='ocr_line' id='line_1_67' title="bbox 192 3662 1780 3744; baseline 0.01 -27"><span class='ocrx_word' id='word_1_496' title='bbox 192 3662 430 3735; x_wconf 74' lang='lat' dir='ltr'><strong>Gregorii</strong></span> <span class='ocrx_word' id='word_1_497' title='bbox 473 3665 826 3733; x_wconf 75' lang='lat' dir='ltr'><strong>Turonensis,</strong></span> <span class='ocrx_word' id='word_1_498' title='bbox 851 3679 898 3722; x_wconf 81' lang='lat' dir='ltr'><strong>et</strong></span> <span class='ocrx_word' id='word_1_499' title='bbox 949 3687 1010 3722; x_wconf 80' lang='lat' dir='ltr'><strong>ea:</strong></span> <span class='ocrx_word' id='word_1_500' title='bbox 1049 3671 1313 3726; x_wconf 82' lang='lat' dir='ltr'><strong>Chronicis</strong></span> <span class='ocrx_word' id='word_1_501' title='bbox 1366 3673 1591 3744; x_wconf 76' lang='lat' dir='ltr'><strong>Eusebii,</strong></span> <span class='ocrx_word' id='word_1_502' title='bbox 1619 3689 1664 3731; x_wconf 88' lang='lat' dir='ltr'><strong>et</strong></span> <span class='ocrx_word' id='word_1_503' title='bbox 1715 3698 1780 3735; x_wconf 80' lang='lat' dir='ltr'><strong>ea:</strong></span> 
     </span>
    </p>
   </div>
   <div class='ocr_carea' id='block_1_68' title="bbox 187 3755 1774 3840">
    <p class='ocr_par' dir='ltr' id='par_1_68' title="bbox 187 3755 1774 3840">
     <span class='ocr_line' id='line_1_68' title="bbox 187 3755 1774 3840; baseline 0.011 -30"><span class='ocrx_word' id='word_1_504' title='bbox 187 3755 459 3811; x_wconf 78' lang='lat' dir='ltr'><strong>Chronicis</strong></span> <span class='ocrx_word' id='word_1_505' title='bbox 491 3757 681 3825; x_wconf 83' lang='lat' dir='ltr'><strong>ldatii,</strong></span> <span class='ocrx_word' id='word_1_506' title='bbox 701 3771 824 3814; x_wconf 70' lang='lat' dir='ltr'><strong>elect:</strong></span> <span class='ocrx_word' id='word_1_507' title='bbox 843 3762 1061 3814; x_wconf 88' lang='lat' dir='ltr'><strong>aliorum</strong></span> <span class='ocrx_word' id='word_1_508' title='bbox 1092 3765 1368 3819; x_wconf 78' lang='lat' dir='ltr'><strong>multorum</strong></span> <span class='ocrx_word' id='word_1_509' title='bbox 1390 3771 1610 3840; x_wconf 81' lang='lat' dir='ltr'><strong>scriptis.</strong></span> <span class='ocrx_word' id='word_1_510' title='bbox 1643 3771 1774 3826; x_wconf 90' lang='lat' dir='ltr'><strong>Tum</strong></span> 
     </span>
    </p>
   </div>
   <div class='ocr_carea' id='block_1_69' title="bbox 188 3850 1779 3932">
    <p class='ocr_par' dir='ltr' id='par_1_69' title="bbox 188 3850 1779 3932">
     <span class='ocr_line' id='line_1_69' title="bbox 188 3850 1779 3932; baseline 0.009 -31"><span class='ocrx_word' id='word_1_511' title='bbox 188 3864 250 3902; x_wconf 82' lang='lat' dir='ltr'><strong>ea</strong></span> <span class='ocrx_word' id='word_1_512' title='bbox 283 3850 452 3904; x_wconf 88' lang='lat' dir='ltr'><strong>refert</strong></span> <span class='ocrx_word' id='word_1_513' title='bbox 481 3867 606 3918; x_wconf 66' lang='lat' dir='ltr'><strong>quae</strong></span> <span class='ocrx_word' id='word_1_514' title='bbox 637 3852 704 3906; x_wconf 85' lang='lat' dir='ltr'><strong>de</strong></span> <span class='ocrx_word' id='word_1_515' title='bbox 729 3851 768 3904; x_wconf 83' lang='lat' dir='ltr'><strong>F</strong></span> <span class='ocrx_word' id='word_1_516' title='bbox 771 3868 1054 3907; x_wconf 88' lang='lat' dir='ltr'><strong>raucorum</strong></span> <span class='ocrx_word' id='word_1_517' title='bbox 1083 3872 1144 3908; x_wconf 84' lang='lat' dir='ltr'><strong>ex</strong></span> <span class='ocrx_word' id='word_1_518' title='bbox 1179 3857 1426 3926; x_wconf 88' lang='lat' dir='ltr'><strong>&#39;l&#39;rojauis</strong></span> <span class='ocrx_word' id='word_1_519' title='bbox 1470 3861 1697 3932; x_wconf 77' lang='lat' dir='ltr'><strong>origine,</strong></span> <span class='ocrx_word' id='word_1_520' title='bbox 1724 3875 1779 3918; x_wconf 91' lang='lat' dir='ltr'><strong>et</strong></span> 
     </span>
    </p>
   </div>
   <div class='ocr_carea' id='block_1_70' title="bbox 187 3942 1776 4016">
    <p class='ocr_par' dir='ltr' id='par_1_70' title="bbox 187 3942 1776 4016">
     <span class='ocr_line' id='line_1_70' title="bbox 187 3942 1776 4016; baseline 0.009 -23"><span class='ocrx_word' id='word_1_521' title='bbox 187 3942 293 3994; x_wconf 82' lang='lat' dir='ltr'><strong>alia</strong></span> <span class='ocrx_word' id='word_1_522' title='bbox 312 3958 435 4010; x_wconf 60' lang='lat' dir='ltr'><strong>qua»</strong></span> <span class='ocrx_word' id='word_1_523' title='bbox 467 3945 521 3996; x_wconf 89' lang='lat' dir='ltr'><strong>in</strong></span> <span class='ocrx_word' id='word_1_524' title='bbox 554 3942 861 4013; x_wconf 83' lang='lat' dir='ltr'><strong>Fredegarii</strong></span> <span class='ocrx_word' id='word_1_525' title='bbox 884 3945 1198 4002; x_wconf 86' lang='lat' dir='ltr'><strong>collectione</strong></span> <span class='ocrx_word' id='word_1_526' title='bbox 1229 3950 1417 4016; x_wconf 87' lang='lat' dir='ltr'><strong>partim</strong></span> <span class='ocrx_word' id='word_1_527' title='bbox 1439 3952 1539 4006; x_wconf 92' lang='lat' dir='ltr'><strong>sub</strong></span> <span class='ocrx_word' id='word_1_528' title='bbox 1563 3951 1776 4008; x_wconf 73' lang='lat' dir='ltr'><strong>EUSl&#39;bii</strong></span> 
     </span>
    </p>
   </div>
   <div class='ocr_carea' id='block_1_71' title="bbox 186 4035 1777 4106">
    <p class='ocr_par' dir='ltr' id='par_1_71' title="bbox 186 4035 1777 4106">
     <span class='ocr_line' id='line_1_71' title="bbox 186 4035 1777 4106; baseline 0.009 -21"><span class='ocrx_word' id='word_1_529' title='bbox 186 4049 284 4086; x_wconf 79' lang='lat' dir='ltr'><strong>seu</strong></span> <span class='ocrx_word' id='word_1_530' title='bbox 318 4035 634 4104; x_wconf 75' lang='lat' dir='ltr'><strong>Hieronymi</strong></span> <span class='ocrx_word' id='word_1_531' title='bbox 654 4037 890 4102; x_wconf 90' lang='lat' dir='ltr'><strong>nomine,</strong></span> <span class='ocrx_word' id='word_1_532' title='bbox 922 4039 1109 4106; x_wconf 84' lang='lat' dir='ltr'><strong>partim</strong></span> <span class='ocrx_word' id='word_1_533' title='bbox 1133 4039 1234 4094; x_wconf 89' lang='lat' dir='ltr'><strong>sub</strong></span> <span class='ocrx_word' id='word_1_534' title='bbox 1261 4041 1379 4095; x_wconf 90' lang='lat' dir='ltr'><strong>aliis</strong></span> <span class='ocrx_word' id='word_1_535' title='bbox 1404 4043 1566 4099; x_wconf 90' lang='lat' dir='ltr'><strong>titulis</strong></span> <span class='ocrx_word' id='word_1_536' title='bbox 1582 4044 1777 4099; x_wconf 88' lang='lat' dir='ltr'><strong>haben-</strong></span> 
     </span>
    </p>
   </div>
   <div class='ocr_carea' id='block_1_72' title="bbox 190 4125 1779 4198">
    <p class='ocr_par' dir='ltr' id='par_1_72' title="bbox 190 4125 1779 4198">
     <span class='ocr_line' id='line_1_72' title="bbox 190 4125 1779 4198; baseline 0.009 -22"><span class='ocrx_word' id='word_1_537' title='bbox 190 4133 296 4178; x_wconf 85' lang='lat' dir='ltr'><strong>tur.</strong></span> <span class='ocrx_word' id='word_1_538' title='bbox 341 4127 410 4179; x_wconf 81' lang='grc' dir='ltr'>Λι</span> <span class='ocrx_word' id='word_1_539' title='bbox 433 4126 670 4180; x_wconf 91' lang='lat' dir='ltr'><strong>ldatium</strong></span> <span class='ocrx_word' id='word_1_540' title='bbox 698 4141 727 4178; x_wconf 89' lang='lat' dir='ltr'><strong>a</strong></span> <span class='ocrx_word' id='word_1_541' title='bbox 751 4125 1094 4198; x_wconf 89' lang='lat' dir='ltr'><strong>Fredegario,</strong></span> <span class='ocrx_word' id='word_1_542' title='bbox 1126 4144 1221 4184; x_wconf 90' lang='lat' dir='ltr'><strong>seu</strong></span> <span class='ocrx_word' id='word_1_543' title='bbox 1247 4131 1314 4185; x_wconf 92' lang='lat' dir='ltr'><strong>ab</strong></span> <span class='ocrx_word' id='word_1_544' title='bbox 1342 4143 1557 4188; x_wconf 88' lang='lat' dir='ltr'><strong>auctore</strong></span> <span class='ocrx_word' id='word_1_545' title='bbox 1585 4137 1779 4190; x_wconf 89' lang='lat' dir='ltr'><strong>collec-</strong></span> 
     </span>
    </p>
   </div>
   <div class='ocr_carea' id='block_1_73' title="bbox 184 4214 1774 4290">
    <p class='ocr_par' dir='ltr' id='par_1_73' title="bbox 184 4214 1774 4290">
     <span class='ocr_line' id='line_1_73' title="bbox 184 4214 1774 4290; baseline 0.009 -25"><span class='ocrx_word' id='word_1_546' title='bbox 184 4215 351 4268; x_wconf 87' lang='lat' dir='ltr'><strong>tionis</strong></span> <span class='ocrx_word' id='word_1_547' title='bbox 379 4231 504 4284; x_wconf 62' lang='lat' dir='ltr'><strong>qua;</strong></span> <span class='ocrx_word' id='word_1_548' title='bbox 537 4214 642 4270; x_wconf 90' lang='lat' dir='ltr'><strong>sub</strong></span> <span class='ocrx_word' id='word_1_549' title='bbox 685 4214 990 4286; x_wconf 76' lang='lat' dir='ltr'><strong>Fredegarii</strong></span> <span class='ocrx_word' id='word_1_550' title='bbox 1055 4219 1272 4274; x_wconf 90' lang='lat' dir='ltr'><strong>nomine</strong></span> <span class='ocrx_word' id='word_1_551' title='bbox 1313 4220 1560 4290; x_wconf 88' lang='lat' dir='ltr'><strong>ltabetur,</strong></span> <span class='ocrx_word' id='word_1_552' title='bbox 1612 4227 1774 4280; x_wconf 89' lang='lat' dir='ltr'><strong>alium</strong></span> 
     </span>
    </p>
   </div>
   <div class='ocr_carea' id='block_1_74' title="bbox 186 4307 1776 4381">
    <p class='ocr_par' dir='ltr' id='par_1_74' title="bbox 186 4307 1776 4381">
     <span class='ocr_line' id='line_1_74' title="bbox 186 4307 1776 4381; baseline 0.009 -24"><span class='ocrx_word' id='word_1_553' title='bbox 186 4319 314 4360; x_wconf 80' lang='lat' dir='ltr'><strong>esse</strong></span> <span class='ocrx_word' id='word_1_554' title='bbox 341 4309 506 4361; x_wconf 86' lang='lat' dir='ltr'><strong>unico</strong></span> <span class='ocrx_word' id='word_1_555' title='bbox 530 4307 636 4361; x_wconf 91' lang='lat' dir='ltr'><strong>hoc</strong></span> <span class='ocrx_word' id='word_1_556' title='bbox 656 4317 971 4377; x_wconf 90' lang='lat' dir='ltr'><strong>argumento</strong></span> <span class='ocrx_word' id='word_1_557' title='bbox 1006 4311 1177 4364; x_wconf 81' lang='lat' dir='ltr'><strong>evinci</strong></span> <span class='ocrx_word' id='word_1_558' title='bbox 1223 4323 1424 4381; x_wconf 88' lang='lat' dir='ltr'><strong>petest.</strong></span> <span class='ocrx_word' id='word_1_559' title='bbox 1456 4315 1553 4380; x_wconf 88' lang='lat' dir='ltr'><strong>Qui</strong></span> <span class='ocrx_word' id='word_1_560' title='bbox 1602 4319 1650 4370; x_wconf 91' lang='lat' dir='ltr'><strong>in</strong></span> <span class='ocrx_word' id='word_1_561' title='bbox 1682 4333 1776 4371; x_wconf 91' lang='lat' dir='ltr'><strong>sua</strong></span> 
     </span>
    </p>
   </div>
   <div class='ocr_carea' id='block_1_75' title="bbox 186 4395 1774 4477">
    <p class='ocr_par' dir='ltr' id='par_1_75' title="bbox 186 4395 1774 4477">
     <span class='ocr_line' id='line_1_75' title="bbox 186 4395 1774 4477; baseline 0.008 -26"><span class='ocrx_word' id='word_1_562' title='bbox 186 4399 504 4464; x_wconf 63' lang='lat' dir='ltr'><strong>prafatione</strong></span> <span class='ocrx_word' id='word_1_563' title='bbox 530 4395 836 4453; x_wconf 82' lang='lat' dir='ltr'><strong>seldatium</strong></span> <span class='ocrx_word' id='word_1_564' title='bbox 862 4399 1012 4469; x_wconf 85' lang='lat' dir='ltr'><strong>sequi</strong></span> <span class='ocrx_word' id='word_1_565' title='bbox 1053 4402 1352 4470; x_wconf 86' lang='lat' dir='ltr'><strong>proﬁtetur,</strong></span> <span class='ocrx_word' id='word_1_566' title='bbox 1370 4406 1592 4476; x_wconf 89' lang='lat' dir='ltr'><strong>ejusque</strong></span> <span class='ocrx_word' id='word_1_567' title='bbox 1614 4423 1774 4477; x_wconf 82' lang='lat' dir='ltr'><strong>Opera</strong></span> 
     </span>
    </p>
   </div>
   <div class='ocr_carea' id='block_1_76' title="bbox 1883 3208 3454 3277">
    <p class='ocr_par' dir='ltr' id='par_1_76' title="bbox 1883 3208 3454 3277">
     <span class='ocr_line' id='line_1_76' title="bbox 1883 3208 3454 3277; baseline 0.001 -14"><span class='ocrx_word' id='word_1_568' title='bbox 1883 3209 2215 3264; x_wconf 88' lang='lat' dir='ltr'><strong>Childeberti</strong></span> <span class='ocrx_word' id='word_1_569' title='bbox 2273 3208 2396 3261; x_wconf 75' lang='lat' dir='ltr'><strong>tiliis</strong></span> <span class='ocrx_word' id='word_1_570' title='bbox 2449 3208 2817 3277; x_wconf 85' lang='lat' dir='ltr'><strong>Burgundiam.</strong></span> <span class='ocrx_word' id='word_1_571' title='bbox 2854 3213 3167 3277; x_wconf 89' lang='lat' dir='ltr'><strong>accepisset.</strong></span> <span class='ocrx_word' id='word_1_572' title='bbox 3199 3209 3454 3266; x_wconf 89' lang='lat' dir='ltr'><strong>Enmdem</strong></span> 
     </span>
    </p>
   </div>
   <div class='ocr_carea' id='block_1_77' title="bbox 1885 3301 3453 3372">
    <p class='ocr_par' dir='ltr' id='par_1_77' title="bbox 1885 3301 3453 3372">
     <span class='ocr_line' id='line_1_77' title="bbox 1885 3301 3453 3372; baseline 0 -17"><span class='ocrx_word' id='word_1_573' title='bbox 1885 3304 2108 3371; x_wconf 84' lang='lat' dir='ltr'><strong>patriam</strong></span> <span class='ocrx_word' id='word_1_574' title='bbox 2133 3301 2448 3356; x_wconf 79' lang='lat' dir='ltr'><strong>Aventicum</strong></span> <span class='ocrx_word' id='word_1_575' title='bbox 2483 3302 2732 3355; x_wconf 78' lang='lat' dir='ltr'><strong>habuisse</strong></span> <span class='ocrx_word' id='word_1_576' title='bbox 2761 3305 3062 3372; x_wconf 84' lang='lat' dir='ltr'><strong>suspicatur</strong></span> <span class='ocrx_word' id='word_1_577' title='bbox 3091 3301 3354 3367; x_wconf 69' lang='lat' dir='ltr'><strong>Valesius,</strong></span> <span class='ocrx_word' id='word_1_578' title='bbox 3389 3307 3453 3356; x_wconf 83' lang='lat' dir='ltr'><strong>oti</strong></span> 
     </span>
    </p>
   </div>
   <div class='ocr_carea' id='block_1_78' title="bbox 1882 3391 3456 3464">
    <p class='ocr_par' dir='ltr' id='par_1_78' title="bbox 1882 3391 3456 3464">
     <span class='ocr_line' id='line_1_78' title="bbox 1882 3391 3456 3464; baseline 0 -17"><span class='ocrx_word' id='word_1_579' title='bbox 1882 3394 2170 3464; x_wconf 86' lang='lat' dir='ltr'><strong>singularia</strong></span> <span class='ocrx_word' id='word_1_580' title='bbox 2192 3392 2433 3462; x_wconf 78' lang='lat' dir='ltr'><strong>qua-dam</strong></span> <span class='ocrx_word' id='word_1_581' title='bbox 2462 3391 2618 3461; x_wconf 87' lang='lat' dir='ltr'><strong>hujus</strong></span> <span class='ocrx_word' id='word_1_582' title='bbox 2643 3392 2810 3455; x_wconf 84' lang='lat' dir='ltr'><strong>urbis,</strong></span> <span class='ocrx_word' id='word_1_583' title='bbox 2843 3409 2962 3460; x_wconf 66' lang='lat' dir='ltr'><strong>quae</strong></span> <span class='ocrx_word' id='word_1_584' title='bbox 3007 3393 3098 3448; x_wconf 92' lang='lat' dir='ltr'><strong>ille</strong></span> <span class='ocrx_word' id='word_1_585' title='bbox 3140 3394 3306 3447; x_wconf 86' lang='lat' dir='ltr'><strong>fusius</strong></span> <span class='ocrx_word' id='word_1_586' title='bbox 3336 3411 3456 3448; x_wconf 88' lang='lat' dir='ltr'><strong>nar-</strong></span> 
     </span>
    </p>
   </div>
   <div class='ocr_carea' id='block_1_79' title="bbox 1883 3481 3454 3553">
    <p class='ocr_par' dir='ltr' id='par_1_79' title="bbox 1883 3481 3454 3553">
     <span class='ocr_line' id='line_1_79' title="bbox 1883 3481 3454 3553; baseline -0.002 -15"><span class='ocrx_word' id='word_1_587' title='bbox 1883 3494 1984 3538; x_wconf 89' lang='lat' dir='ltr'><strong>rat.</strong></span> <span class='ocrx_word' id='word_1_588' title='bbox 2021 3485 2144 3538; x_wconf 69' lang='lat' dir='ltr'><strong>llatc</strong></span> <span class='ocrx_word' id='word_1_589' title='bbox 2168 3485 2310 3537; x_wconf 88' lang='lat' dir='ltr'><strong>enim</strong></span> <span class='ocrx_word' id='word_1_590' title='bbox 2337 3483 2464 3536; x_wconf 86' lang='lat' dir='ltr'><strong>urbs</strong></span> <span class='ocrx_word' id='word_1_591' title='bbox 2521 3494 2646 3536; x_wconf 85' lang='lat' dir='ltr'><strong>tunc</strong></span> <span class='ocrx_word' id='word_1_592' title='bbox 2671 3497 2735 3536; x_wconf 86' lang='lat' dir='ltr'><strong>ex</strong></span> <span class='ocrx_word' id='word_1_593' title='bbox 2770 3481 3072 3553; x_wconf 78' lang='lat' dir='ltr'><strong>Burgundia‘</strong></span> <span class='ocrx_word' id='word_1_594' title='bbox 3117 3484 3454 3547; x_wconf 82' lang='lat' dir='ltr'><strong>censebatur,</strong></span> 
     </span>
    </p>
   </div>
   <div class='ocr_carea' id='block_1_80' title="bbox 1881 3576 3455 3646">
    <p class='ocr_par' dir='ltr' id='par_1_80' title="bbox 1881 3576 3455 3646">
     <span class='ocr_line' id='line_1_80' title="bbox 1881 3576 3455 3646; baseline 0.002 -18"><span class='ocrx_word' id='word_1_595' title='bbox 1881 3577 2078 3646; x_wconf 87' lang='lat' dir='ltr'><strong>quippe</strong></span> <span class='ocrx_word' id='word_1_596' title='bbox 2106 3593 2221 3644; x_wconf 73' lang='lat' dir='ltr'><strong>qua:</strong></span> <span class='ocrx_word' id='word_1_597' title='bbox 2255 3577 2484 3644; x_wconf 91' lang='lat' dir='ltr'><strong>primum</strong></span> <span class='ocrx_word' id='word_1_598' title='bbox 2510 3576 2872 3630; x_wconf 77' lang='lat' dir='ltr'><strong>Helvetiorum</strong></span> <span class='ocrx_word' id='word_1_599' title='bbox 2901 3587 3059 3644; x_wconf 90' lang='lat' dir='ltr'><strong>caput</strong></span> <span class='ocrx_word' id='word_1_600' title='bbox 3085 3578 3273 3638; x_wconf 84' lang='lat' dir='ltr'><strong>fuerat.</strong></span> <span class='ocrx_word' id='word_1_601' title='bbox 3307 3587 3363 3630; x_wconf 89' lang='lat' dir='ltr'><strong>ut</strong></span> <span class='ocrx_word' id='word_1_602' title='bbox 3392 3595 3455 3631; x_wconf 82' lang='lat' dir='ltr'><strong>ex</strong></span> 
     </span>
    </p>
   </div>
   <div class='ocr_carea' id='block_1_81' title="bbox 1884 3668 3456 3738">
    <p class='ocr_par' dir='ltr' id='par_1_81' title="bbox 1884 3668 3456 3738">
     <span class='ocr_line' id='line_1_81' title="bbox 1884 3668 3456 3738; baseline 0 -19"><span class='ocrx_word' id='word_1_603' title='bbox 1884 3671 2106 3722; x_wconf 86' lang='lat' dir='ltr'><strong>vetustis</strong></span> <span class='ocrx_word' id='word_1_604' title='bbox 2119 3668 2330 3722; x_wconf 81' lang='lat' dir='ltr'><strong>Notitiis</strong></span> <span class='ocrx_word' id='word_1_605' title='bbox 2359 3678 2522 3737; x_wconf 90' lang='lat' dir='ltr'><strong>patet,</strong></span> <span class='ocrx_word' id='word_1_606' title='bbox 2541 3671 2664 3722; x_wconf 86' lang='lat' dir='ltr'><strong>dein</strong></span> <span class='ocrx_word' id='word_1_607' title='bbox 2681 3668 3160 3738; x_wconf 86' lang='lat' dir='ltr'><strong>&#39;l‘ransjurensibus</strong></span> <span class='ocrx_word' id='word_1_608' title='bbox 3179 3671 3456 3733; x_wconf 81' lang='lat' dir='ltr'><strong>attributa,</strong></span> 
     </span>
    </p>
   </div>
   <div class='ocr_carea' id='block_1_82' title="bbox 1882 3759 3454 3828">
    <p class='ocr_par' dir='ltr' id='par_1_82' title="bbox 1882 3759 3454 3828">
     <span class='ocr_line' id='line_1_82' title="bbox 1882 3759 3454 3828; baseline 0.003 -17"><span class='ocrx_word' id='word_1_609' title='bbox 1882 3759 2092 3812; x_wconf 84' lang='lat' dir='ltr'><strong>tandem</strong></span> <span class='ocrx_word' id='word_1_610' title='bbox 2137 3760 2451 3828; x_wconf 78' lang='lat' dir='ltr'><strong>Buigundia:</strong></span> <span class='ocrx_word' id='word_1_611' title='bbox 2494 3775 2660 3827; x_wconf 69' lang='lat' dir='ltr'><strong>regno</strong></span> <span class='ocrx_word' id='word_1_612' title='bbox 2699 3771 3018 3814; x_wconf 84' lang='lat' dir='ltr'><strong>accesserat.</strong></span> <span class='ocrx_word' id='word_1_613' title='bbox 3043 3760 3454 3827; x_wconf 79' lang='lat' dir='ltr'><strong>Transjurenses</strong></span> 
     </span>
    </p>
   </div>
   <div class='ocr_carea' id='block_1_83' title="bbox 1880 3849 3453 3920">
    <p class='ocr_par' dir='ltr' id='par_1_83' title="bbox 1880 3849 3453 3920">
     <span class='ocr_line' id='line_1_83' title="bbox 1880 3849 3453 3920; baseline 0.001 -17"><span class='ocrx_word' id='word_1_614' title='bbox 1880 3859 2055 3904; x_wconf 86' lang='lat' dir='ltr'><strong>autem</strong></span> <span class='ocrx_word' id='word_1_615' title='bbox 2071 3850 2235 3904; x_wconf 79' lang='lat' dir='ltr'><strong>duces</strong></span> <span class='ocrx_word' id='word_1_616' title='bbox 2253 3861 2514 3903; x_wconf 86' lang='lat' dir='ltr'><strong>memorat</strong></span> <span class='ocrx_word' id='word_1_617' title='bbox 2537 3851 2731 3918; x_wconf 75' lang='lat' dir='ltr'><strong>passim</strong></span> <span class='ocrx_word' id='word_1_618' title='bbox 2758 3849 3130 3920; x_wconf 85' lang='lat' dir='ltr'><strong>Fredegarius,</strong></span> <span class='ocrx_word' id='word_1_619' title='bbox 3163 3865 3453 3918; x_wconf 84' lang='lat' dir='ltr'><strong>eorumque</strong></span> 
     </span>
    </p>
   </div>
   <div class='ocr_carea' id='block_1_84' title="bbox 1879 3941 3454 4008">
    <p class='ocr_par' dir='ltr' id='par_1_84' title="bbox 1879 3941 3454 4008">
     <span class='ocr_line' id='line_1_84' title="bbox 1879 3941 3454 4008; baseline 0.003 -16"><span class='ocrx_word' id='word_1_620' title='bbox 1879 3950 2025 4008; x_wconf 80' lang='lat' dir='ltr'><strong>gesta</strong></span> <span class='ocrx_word' id='word_1_621' title='bbox 2058 3956 2436 4008; x_wconf 88' lang='lat' dir='ltr'><strong>nonnunquam</strong></span> <span class='ocrx_word' id='word_1_622' title='bbox 2468 3941 2743 3994; x_wconf 84' lang='lat' dir='ltr'><strong>describit.</strong></span> <span class='ocrx_word' id='word_1_623' title='bbox 2776 3941 2979 3996; x_wconf 87' lang='lat' dir='ltr'><strong>Deinde</strong></span> <span class='ocrx_word' id='word_1_624' title='bbox 3009 3943 3281 3996; x_wconf 62' lang='lat' dir='ltr'><strong>Aventicaa</strong></span> <span class='ocrx_word' id='word_1_625' title='bbox 3312 3944 3454 3997; x_wconf 81' lang='lat' dir='ltr'><strong>urbis</strong></span> 
     </span>
    </p>
   </div>
   <div class='ocr_carea' id='block_1_85' title="bbox 1881 4031 3454 4100">
    <p class='ocr_par' dir='ltr' id='par_1_85' title="bbox 1881 4031 3454 4100">
     <span class='ocr_line' id='line_1_85' title="bbox 1881 4031 3454 4100; baseline 0.003 -15"><span class='ocrx_word' id='word_1_626' title='bbox 1881 4033 2064 4086; x_wconf 86' lang='lat' dir='ltr'><strong>laudes</strong></span> <span class='ocrx_word' id='word_1_627' title='bbox 2097 4031 2213 4085; x_wconf 88' lang='lat' dir='ltr'><strong>fuse</strong></span> <span class='ocrx_word' id='word_1_628' title='bbox 2242 4032 2617 4100; x_wconf 89' lang='lat' dir='ltr'><strong>prosequitur,</strong></span> <span class='ocrx_word' id='word_1_629' title='bbox 2641 4047 2797 4100; x_wconf 86' lang='lat' dir='ltr'><strong>quam</strong></span> <span class='ocrx_word' id='word_1_630' title='bbox 2831 4044 2944 4099; x_wconf 80' lang='lat' dir='ltr'><strong>p05t</strong></span> <span class='ocrx_word' id='word_1_631' title='bbox 2977 4047 3278 4100; x_wconf 87' lang='lat' dir='ltr'><strong>repressam</strong></span> <span class='ocrx_word' id='word_1_632' title='bbox 3327 4035 3454 4089; x_wconf 87' lang='lat' dir='ltr'><strong>Ger-</strong></span> 
     </span>
    </p>
   </div>
   <div class='ocr_carea' id='block_1_86' title="bbox 1883 4125 3454 4203">
    <p class='ocr_par' dir='ltr' id='par_1_86' title="bbox 1883 4125 3454 4203">
     <span class='ocr_line' id='line_1_86' title="bbox 1883 4125 3454 4203; baseline 0.001 -24"><span class='ocrx_word' id='word_1_633' title='bbox 1883 4142 2159 4180; x_wconf 90' lang='lat' dir='ltr'><strong>manorum</strong></span> <span class='ocrx_word' id='word_1_634' title='bbox 2189 4125 2558 4203; x_wconf 74' lang='lat' dir='ltr'><strong>rebeliiunem,</strong></span> <span class='ocrx_word' id='word_1_635' title='bbox 2595 4135 2650 4178; x_wconf 93' lang='lat' dir='ltr'><strong>ut</strong></span> <span class='ocrx_word' id='word_1_636' title='bbox 2700 4127 2813 4192; x_wconf 86' lang='lat' dir='ltr'><strong>ipse</strong></span> <span class='ocrx_word' id='word_1_637' title='bbox 2859 4126 3064 4192; x_wconf 86' lang='lat' dir='ltr'><strong>scribit,</strong></span> <span class='ocrx_word' id='word_1_638' title='bbox 3089 4125 3302 4179; x_wconf 84' lang='lat' dir='ltr'><strong>Flavius</strong></span> <span class='ocrx_word' id='word_1_639' title='bbox 3332 4127 3454 4181; x_wconf 77' lang='lat' dir='ltr'><strong>Ves-</strong></span> 
     </span>
    </p>
   </div>
   <div class='ocr_carea' id='block_1_87' title="bbox 1884 4217 3458 4288">
    <p class='ocr_par' dir='ltr' id='par_1_87' title="bbox 1884 4217 3458 4288">
     <span class='ocr_line' id='line_1_87' title="bbox 1884 4217 3458 4288; baseline 0.001 -16"><span class='ocrx_word' id='word_1_640' title='bbox 1884 4222 2134 4288; x_wconf 89' lang='lat' dir='ltr'><strong>pasianus</strong></span> <span class='ocrx_word' id='word_1_641' title='bbox 2162 4218 2506 4279; x_wconf 60' lang='lat' dir='ltr'><strong>exaediﬁcari,</strong></span> <span class='ocrx_word' id='word_1_642' title='bbox 2542 4233 2634 4272; x_wconf 85' lang='lat' dir='ltr'><strong>seu</strong></span> <span class='ocrx_word' id='word_1_643' title='bbox 2678 4219 2855 4285; x_wconf 88' lang='lat' dir='ltr'><strong>potius</strong></span> <span class='ocrx_word' id='word_1_644' title='bbox 2885 4217 3374 4286; x_wconf 67' lang='lat' dir='ltr'><strong>restturarijussit,</strong></span> <span class='ocrx_word' id='word_1_645' title='bbox 3406 4229 3458 4276; x_wconf 85' lang='lat' dir='ltr'><strong>et</strong></span> 
     </span>
    </p>
   </div>
   <div class='ocr_carea' id='block_1_88' title="bbox 1881 4311 3454 4382">
    <p class='ocr_par' dir='ltr' id='par_1_88' title="bbox 1881 4311 3454 4382">
     <span class='ocr_line' id='line_1_88' title="bbox 1881 4311 3454 4382; baseline 0.001 -15"><span class='ocrx_word' id='word_1_646' title='bbox 1881 4315 2181 4368; x_wconf 85' lang='lat' dir='ltr'><strong>inchoatam</strong></span> <span class='ocrx_word' id='word_1_647' title='bbox 2213 4313 2333 4366; x_wconf 88' lang='lat' dir='ltr'><strong>Tito</strong></span> <span class='ocrx_word' id='word_1_648' title='bbox 2347 4312 2454 4364; x_wconf 88' lang='lat' dir='ltr'><strong>lilio</strong></span> <span class='ocrx_word' id='word_1_649' title='bbox 2481 4326 2577 4365; x_wconf 91' lang='lat' dir='ltr'><strong>suo</strong></span> <span class='ocrx_word' id='word_1_650' title='bbox 2607 4311 3283 4381; x_wconf 82' lang='lat' dir='ltr'><strong>perﬁciendamcommisit,</strong></span> <span class='ocrx_word' id='word_1_651' title='bbox 3312 4313 3454 4382; x_wconf 89' lang='lat' dir='ltr'><strong>quod</strong></span> 
     </span>
    </p>
   </div>
   <div class='ocr_carea' id='block_1_89' title="bbox 1880 4404 3458 4473">
    <p class='ocr_par' dir='ltr' id='par_1_89' title="bbox 1880 4404 3458 4473">
     <span class='ocr_line' id='line_1_89' title="bbox 1880 4404 3458 4473; baseline 0 -14"><span class='ocrx_word' id='word_1_652' title='bbox 1880 4421 1999 4459; x_wconf 90' lang='lat' dir='ltr'><strong>cum</strong></span> <span class='ocrx_word' id='word_1_653' title='bbox 2034 4405 2123 4458; x_wconf 89' lang='lat' dir='ltr'><strong>ille</strong></span> <span class='ocrx_word' id='word_1_654' title='bbox 2153 4404 2343 4458; x_wconf 87' lang='lat' dir='ltr'><strong>fuisset</strong></span> <span class='ocrx_word' id='word_1_655' title='bbox 2370 4415 2655 4458; x_wconf 87' lang='lat' dir='ltr'><strong>exsecutus</strong></span> <span class='ocrx_word' id='word_1_656' title='bbox 2683 4405 2934 4473; x_wconf 84' lang='lat' dir='ltr'><strong>gloriose,</strong></span> <span class='ocrx_word' id='word_1_657' title='bbox 2963 4413 3147 4457; x_wconf 85' lang='lat' dir='ltr'><strong>ornata</strong></span> <span class='ocrx_word' id='word_1_658' title='bbox 3171 4415 3219 4458; x_wconf 89' lang='lat' dir='ltr'><strong>et</strong></span> <span class='ocrx_word' id='word_1_659' title='bbox 3247 4406 3458 4460; x_wconf 81' lang='lat' dir='ltr'><strong>nobilis-</strong></span> 
     </span>
    </p>
   </div>
   <div class='ocr_carea' id='block_1_90' title="bbox 189 4491 3455 4570">
    <p class='ocr_par' dir='ltr' id='par_1_90' title="bbox 189 4491 3455 4570">
     <span class='ocr_line' id='line_1_90' title="bbox 189 4491 3455 4570; baseline 0.004 -29"><span class='ocrx_word' id='word_1_660' title='bbox 189 4505 298 4544; x_wconf 86' lang='lat' dir='ltr'><strong>non</strong></span> <span class='ocrx_word' id='word_1_661' title='bbox 326 4491 497 4545; x_wconf 86' lang='lat' dir='ltr'><strong>semel</strong></span> <span class='ocrx_word' id='word_1_662' title='bbox 531 4491 736 4556; x_wconf 88' lang='lat' dir='ltr'><strong>laudat,</strong></span> <span class='ocrx_word' id='word_1_663' title='bbox 767 4493 931 4558; x_wconf 82' lang='lat' dir='ltr'><strong>immo</strong></span> <span class='ocrx_word' id='word_1_664' title='bbox 958 4502 1013 4547; x_wconf 92' lang='lat' dir='ltr'><strong>et</strong></span> <span class='ocrx_word' id='word_1_665' title='bbox 1043 4495 1292 4550; x_wconf 88' lang='lat' dir='ltr'><strong>Chronici</strong></span> <span class='ocrx_word' id='word_1_666' title='bbox 1323 4497 1490 4568; x_wconf 89' lang='lat' dir='ltr'><strong>ipsius</strong></span> <span class='ocrx_word' id='word_1_667' title='bbox 1503 4501 1768 4567; x_wconf 89' lang='lat' dir='ltr'><strong>epitomen</strong></span> <span class='ocrx_word' id='word_1_668' title='bbox 1798 4505 1848 4563; x_wconf 86' lang='lat' dir='ltr'>D</span> <span class='ocrx_word' id='word_1_669' title='bbox 1874 4501 2003 4554; x_wconf 85' lang='lat' dir='ltr'><strong>sima</strong></span> <span class='ocrx_word' id='word_1_670' title='bbox 2022 4501 2074 4552; x_wconf 89' lang='lat' dir='ltr'><strong>in</strong></span> <span class='ocrx_word' id='word_1_671' title='bbox 2103 4498 2277 4553; x_wconf 80' lang='lat' dir='ltr'><strong>Gallia</strong></span> <span class='ocrx_word' id='word_1_672' title='bbox 2305 4503 2440 4570; x_wconf 78' lang='lat' dir='ltr'><strong>facta</strong></span> <span class='ocrx_word' id='word_1_673' title='bbox 2470 4507 2562 4552; x_wconf 84' lang='lat' dir='ltr'><strong>est.</strong></span> <span class='ocrx_word' id='word_1_674' title='bbox 2606 4499 2732 4566; x_wconf 82' lang='lat' dir='ltr'><strong>Ejus</strong></span> <span class='ocrx_word' id='word_1_675' title='bbox 2764 4497 2994 4567; x_wconf 77' lang='lat' dir='ltr'><strong>denique</strong></span> <span class='ocrx_word' id='word_1_676' title='bbox 3033 4499 3262 4567; x_wconf 86' lang='lat' dir='ltr'><strong>cladem,</strong></span> <span class='ocrx_word' id='word_1_677' title='bbox 3294 4516 3455 4568; x_wconf 87' lang='lat' dir='ltr'><strong>quam</strong></span> 
     </span>
    </p>
   </div>
   <div class='ocr_carea' id='block_1_91' title="bbox 185 4581 1771 4652">
    <p class='ocr_par' dir='ltr' id='par_1_91' title="bbox 185 4581 1771 4652">
     <span class='ocr_line' id='line_1_91' title="bbox 185 4581 1771 4652; baseline 0.009 -20"><span class='ocrx_word' id='word_1_678' title='bbox 185 4581 340 4644; x_wconf 69' lang='lat' dir='ltr'><strong>facit;</strong></span> <span class='ocrx_word' id='word_1_679' title='bbox 364 4583 569 4652; x_wconf 90' lang='lat' dir='ltr'><strong>quique</strong></span> <span class='ocrx_word' id='word_1_680' title='bbox 590 4581 907 4650; x_wconf 87' lang='lat' dir='ltr'><strong>Gregorium</strong></span> <span class='ocrx_word' id='word_1_681' title='bbox 937 4596 991 4638; x_wconf 92' lang='lat' dir='ltr'><strong>et</strong></span> <span class='ocrx_word' id='word_1_682' title='bbox 1019 4584 1281 4641; x_wconf 64' lang='lat' dir='ltr'><strong>Isidorum</strong></span> <span class='ocrx_word' id='word_1_683' title='bbox 1315 4598 1561 4645; x_wconf 88' lang='lat' dir='ltr'><strong>auctores</strong></span> <span class='ocrx_word' id='word_1_684' title='bbox 1603 4591 1771 4646; x_wconf 83' lang='lat' dir='ltr'><strong>ldatio</strong></span> 
     </span>
    </p>
   </div>
   <div class='ocr_carea' id='block_1_92' title="bbox 186 4675 1768 4744">
    <p class='ocr_par' dir='ltr' id='par_1_92' title="bbox 186 4675 1768 4744">
     <span class='ocr_line' id='line_1_92' title="bbox 186 4675 1768 4744; baseline 0.006 -15"><span class='ocrx_word' id='word_1_685' title='bbox 186 4680 516 4741; x_wconf 79' lang='lat' dir='ltr'><strong>posteriores</strong></span> <span class='ocrx_word' id='word_1_686' title='bbox 551 4675 604 4728; x_wconf 92' lang='lat' dir='ltr'><strong>in</strong></span> <span class='ocrx_word' id='word_1_687' title='bbox 630 4677 902 4744; x_wconf 84' lang='lat' dir='ltr'><strong>epitomen</strong></span> <span class='ocrx_word' id='word_1_688' title='bbox 934 4677 1182 4733; x_wconf 85' lang='lat' dir='ltr'><strong>redactos</strong></span> <span class='ocrx_word' id='word_1_689' title='bbox 1208 4695 1316 4733; x_wconf 59' lang='lat' dir='ltr'><strong>sum.</strong></span> <span class='ocrx_word' id='word_1_690' title='bbox 1354 4681 1655 4737; x_wconf 79' lang='lat' dir='ltr'><strong>collectioni</strong></span> <span class='ocrx_word' id='word_1_691' title='bbox 1685 4686 1768 4737; x_wconf 93' lang='lat' dir='ltr'><strong>in-</strong></span> 
     </span>
    </p>
   </div>
   <div class='ocr_carea' id='block_1_93' title="bbox 184 4768 1765 4843">
    <p class='ocr_par' dir='ltr' id='par_1_93' title="bbox 184 4768 1765 4843">
     <span class='ocr_line' id='line_1_93' title="bbox 184 4768 1765 4843; baseline 0.005 -21"><span class='ocrx_word' id='word_1_692' title='bbox 184 4775 372 4835; x_wconf 77' lang='lat' dir='ltr'><strong>seruit,</strong></span> <span class='ocrx_word' id='word_1_693' title='bbox 404 4770 492 4820; x_wconf 88' lang='lat' dir='ltr'><strong>hic</strong></span> <span class='ocrx_word' id='word_1_694' title='bbox 518 4768 709 4838; x_wconf 80' lang='lat' dir='ltr'><strong>proco]</strong></span> <span class='ocrx_word' id='word_1_695' title='bbox 744 4768 908 4822; x_wconf 88' lang='lat' dir='ltr'><strong>dubio</strong></span> <span class='ocrx_word' id='word_1_696' title='bbox 936 4769 1004 4823; x_wconf 91' lang='lat' dir='ltr'><strong>ab</strong></span> <span class='ocrx_word' id='word_1_697' title='bbox 1033 4770 1202 4825; x_wconf 90' lang='lat' dir='ltr'><strong>ldatio</strong></span> <span class='ocrx_word' id='word_1_698' title='bbox 1238 4772 1639 4843; x_wconf 86' lang='lat' dir='ltr'><strong>distinguendus</strong></span> <span class='ocrx_word' id='word_1_699' title='bbox 1665 4786 1765 4831; x_wconf 92' lang='lat' dir='ltr'><strong>est.</strong></span> 
     </span>
    </p>
   </div>
   <div class='ocr_carea' id='block_1_94' title="bbox 185 4863 1770 4934">
    <p class='ocr_par' dir='ltr' id='par_1_94' title="bbox 185 4863 1770 4934">
     <span class='ocr_line' id='line_1_94' title="bbox 185 4863 1770 4934; baseline 0.004 -17"><span class='ocrx_word' id='word_1_700' title='bbox 185 4863 309 4918; x_wconf 65' lang='lat' dir='ltr'><strong>Hac</strong></span> <span class='ocrx_word' id='word_1_701' title='bbox 351 4872 538 4917; x_wconf 78' lang='lat' dir='ltr'><strong>autem</strong></span> <span class='ocrx_word' id='word_1_702' title='bbox 589 4863 766 4916; x_wconf 89' lang='lat' dir='ltr'><strong>omnia</strong></span> <span class='ocrx_word' id='word_1_703' title='bbox 822 4873 1040 4930; x_wconf 71' lang='lat' dir='ltr'><strong>prazstat</strong></span> <span class='ocrx_word' id='word_1_704' title='bbox 1088 4863 1420 4921; x_wconf 88' lang='lat' dir='ltr'><strong>collectionis</strong></span> <span class='ocrx_word' id='word_1_705' title='bbox 1473 4878 1679 4934; x_wconf 87' lang='lat' dir='ltr'><strong>auctor,</strong></span> <span class='ocrx_word' id='word_1_706' title='bbox 1714 4879 1770 4923; x_wconf 91' lang='lat' dir='ltr'><strong>ut</strong></span> 
     </span>
    </p>
   </div>
   <div class='ocr_carea' id='block_1_95' title="bbox 184 4955 1768 5026">
    <p class='ocr_par' dir='ltr' id='par_1_95' title="bbox 184 4955 1768 5026">
     <span class='ocr_line' id='line_1_95' title="bbox 184 4955 1768 5026; baseline 0.005 -20"><span class='ocrx_word' id='word_1_707' title='bbox 184 4955 299 5022; x_wconf 82' lang='lat' dir='ltr'><strong>ejus</strong></span> <span class='ocrx_word' id='word_1_708' title='bbox 325 4955 536 5023; x_wconf 84' lang='lat' dir='ltr'><strong>scripta</strong></span> <span class='ocrx_word' id='word_1_709' title='bbox 567 4963 854 5020; x_wconf 88' lang='lat' dir='ltr'><strong>testantur,</strong></span> <span class='ocrx_word' id='word_1_710' title='bbox 886 4963 940 5008; x_wconf 92' lang='lat' dir='ltr'><strong>et</strong></span> <span class='ocrx_word' id='word_1_711' title='bbox 960 4955 1072 5023; x_wconf 89' lang='lat' dir='ltr'><strong>ipse</strong></span> <span class='ocrx_word' id='word_1_712' title='bbox 1097 4956 1147 5008; x_wconf 91' lang='lat' dir='ltr'><strong>in</strong></span> <span class='ocrx_word' id='word_1_713' title='bbox 1180 4959 1489 5026; x_wconf 69' lang='lat' dir='ltr'><strong>prmfatione</strong></span> <span class='ocrx_word' id='word_1_714' title='bbox 1516 4961 1768 5015; x_wconf 85' lang='lat' dir='ltr'><strong>Chronici</strong></span> 
     </span>
    </p>
   </div>
   <div class='ocr_carea' id='block_1_96' title="bbox 182 5042 1772 5117">
    <p class='ocr_par' dir='ltr' id='par_1_96' title="bbox 182 5042 1772 5117">
     <span class='ocr_line' id='line_1_96' title="bbox 182 5042 1772 5117; baseline 0.006 -21"><span class='ocrx_word' id='word_1_715' title='bbox 182 5045 444 5100; x_wconf 78' lang='lat' dir='ltr'><strong>declarat.</strong></span> <span class='ocrx_word' id='word_1_716' title='bbox 478 5042 687 5113; x_wconf 84' lang='lat' dir='ltr'><strong>Itaque,</strong></span> <span class='ocrx_word' id='word_1_717' title='bbox 748 5044 944 5113; x_wconf 91' lang='lat' dir='ltr'><strong>inquit,</strong></span> <span class='ocrx_word' id='word_1_718' title='bbox 997 5045 1128 5099; x_wconf 87' lang='lat' dir='ltr'><strong>beati</strong></span> <span class='ocrx_word' id='word_1_719' title='bbox 1187 5045 1510 5117; x_wconf 81' lang='lat' dir='ltr'><strong>Hieronymi,</strong></span> <span class='ocrx_word' id='word_1_720' title='bbox 1543 5048 1700 5104; x_wconf 84' lang='lat' dir='ltr'><strong>ldatii</strong></span> <span class='ocrx_word' id='word_1_721' title='bbox 1726 5063 1772 5105; x_wconf 87' lang='lat' dir='ltr'><strong>et</strong></span> 
     </span>
    </p>
   </div>
   <div class='ocr_carea' id='block_1_97' title="bbox 183 5135 1773 5211">
    <p class='ocr_par' dir='ltr' id='par_1_97' title="bbox 183 5135 1773 5211">
     <span class='ocr_line' id='line_1_97' title="bbox 183 5135 1773 5211; baseline 0.006 -24"><span class='ocrx_word' id='word_1_722' title='bbox 183 5139 457 5206; x_wconf 72' lang='lat' dir='ltr'><strong>cujusdam</strong></span> <span class='ocrx_word' id='word_1_723' title='bbox 484 5137 734 5204; x_wconf 82' lang='lat' dir='ltr'><strong>sapientis</strong></span> <span class='ocrx_word' id='word_1_724' title='bbox 753 5152 844 5189; x_wconf 88' lang='lat' dir='ltr'><strong>seu</strong></span> <span class='ocrx_word' id='word_1_725' title='bbox 875 5147 922 5188; x_wconf 89' lang='lat' dir='ltr'><strong>et</strong></span> <span class='ocrx_word' id='word_1_726' title='bbox 952 5135 1168 5203; x_wconf 85' lang='lat' dir='ltr'><strong>Isidori,</strong></span> <span class='ocrx_word' id='word_1_727' title='bbox 1191 5140 1446 5207; x_wconf 83' lang='lat' dir='ltr'><strong>immoque</strong></span> <span class='ocrx_word' id='word_1_728' title='bbox 1468 5151 1511 5195; x_wconf 90' lang='lat' dir='ltr'><strong>et</strong></span> <span class='ocrx_word' id='word_1_729' title='bbox 1538 5140 1773 5211; x_wconf 81' lang='lat' dir='ltr'><strong>Gregorii</strong></span> 
     </span>
    </p>
   </div>
   <div class='ocr_carea' id='block_1_98' title="bbox 183 5227 1766 5305">
    <p class='ocr_par' dir='ltr' id='par_1_98' title="bbox 183 5227 1766 5305">
     <span class='ocr_line' id='line_1_98' title="bbox 183 5227 1766 5305; baseline 0.009 -30"><span class='ocrx_word' id='word_1_730' title='bbox 183 5227 468 5281; x_wconf 64' lang='lat' dir='ltr'><strong>Chronica</strong></span> <span class='ocrx_word' id='word_1_731' title='bbox 495 5246 526 5279; x_wconf 88' lang='lat' dir='ltr'><strong>a</strong></span> <span class='ocrx_word' id='word_1_732' title='bbox 562 5227 743 5279; x_wconf 86' lang='lat' dir='ltr'><strong>mundi</strong></span> <span class='ocrx_word' id='word_1_733' title='bbox 787 5229 984 5298; x_wconf 85' lang='lat' dir='ltr'><strong>origine</strong></span> <span class='ocrx_word' id='word_1_734' title='bbox 1037 5231 1423 5300; x_wconf 78' lang='lat' dir='ltr'><strong>diligentissime</strong></span> <span class='ocrx_word' id='word_1_735' title='bbox 1450 5251 1766 5305; x_wconf 84' lang='lat' dir='ltr'><strong>percurrens,</strong></span> 
     </span>
    </p>
   </div>
   <div class='ocr_carea' id='block_1_99' title="bbox 188 5316 1772 5393">
    <p class='ocr_par' dir='ltr' id='par_1_99' title="bbox 188 5316 1772 5393">
     <span class='ocr_line' id='line_1_99' title="bbox 188 5316 1772 5393; baseline 0.006 -23"><span class='ocrx_word' id='word_1_736' title='bbox 188 5337 343 5388; x_wconf 74' lang='lat' dir='ltr'><strong>usque</strong></span> <span class='ocrx_word' id='word_1_737' title='bbox 366 5319 647 5373; x_wconf 79' lang='lat' dir='ltr'><strong>decedente</strong></span> <span class='ocrx_word' id='word_1_738' title='bbox 664 5334 819 5387; x_wconf 87' lang='lat' dir='ltr'><strong>regno</strong></span> <span class='ocrx_word' id='word_1_739' title='bbox 842 5316 1239 5385; x_wconf 82' lang='lat' dir='ltr'><strong>Guntchramni,</strong></span> <span class='ocrx_word' id='word_1_740' title='bbox 1269 5324 1348 5376; x_wconf 84' lang='lat' dir='ltr'><strong>Itis</strong></span> <span class='ocrx_word' id='word_1_741' title='bbox 1364 5325 1588 5393; x_wconf 88' lang='lat' dir='ltr'><strong>quinque</strong></span> <span class='ocrx_word' id='word_1_742' title='bbox 1608 5325 1772 5380; x_wconf 81' lang='lat' dir='ltr'><strong>Chro-</strong></span> 
     </span>
    </p>
   </div>
   <div class='ocr_carea' id='block_1_100' title="bbox 187 5411 1772 5483">
    <p class='ocr_par' dir='ltr' id='par_1_100' title="bbox 187 5411 1772 5483">
     <span class='ocr_line' id='line_1_100' title="bbox 187 5411 1772 5483; baseline 0.006 -20"><span class='ocrx_word' id='word_1_743' title='bbox 187 5415 312 5465; x_wconf 79' lang='lat' dir='ltr'><strong>uicis</strong></span> <span class='ocrx_word' id='word_1_744' title='bbox 337 5416 497 5483; x_wconf 80' lang='lat' dir='ltr'><strong>hujus</strong></span> <span class='ocrx_word' id='word_1_745' title='bbox 522 5411 756 5465; x_wconf 69' lang='lat' dir='ltr'><strong>libelli...</strong></span> <span class='ocrx_word' id='word_1_746' title='bbox 791 5411 1003 5463; x_wconf 84' lang='lat' dir='ltr'><strong>inserui.</strong></span> <span class='ocrx_word' id='word_1_747' title='bbox 1043 5413 1097 5466; x_wconf 91' lang='lat' dir='ltr'><strong>Si</strong></span> <span class='ocrx_word' id='word_1_748' title='bbox 1131 5415 1248 5482; x_wconf 92' lang='lat' dir='ltr'><strong>quis</strong></span> <span class='ocrx_word' id='word_1_749' title='bbox 1274 5430 1403 5469; x_wconf 83' lang='lat' dir='ltr'><strong>vero</strong></span> <span class='ocrx_word' id='word_1_750' title='bbox 1427 5415 1652 5470; x_wconf 73' lang='lat' dir='ltr'><strong>[dat-ium</strong></span> <span class='ocrx_word' id='word_1_751' title='bbox 1676 5434 1772 5472; x_wconf 88' lang='lat' dir='ltr'><strong>seu</strong></span> 
     </span>
    </p>
   </div>
   <div class='ocr_carea' id='block_1_101' title="bbox 190 5501 1770 5575">
    <p class='ocr_par' dir='ltr' id='par_1_101' title="bbox 190 5501 1770 5575">
     <span class='ocr_line' id='line_1_101' title="bbox 190 5501 1770 5575; baseline 0.006 -21"><span class='ocrx_word' id='word_1_752' title='bbox 190 5504 441 5558; x_wconf 70' lang='lat' dir='ltr'><strong>Adacium</strong></span> <span class='ocrx_word' id='word_1_753' title='bbox 467 5503 706 5571; x_wconf 85' lang='lat' dir='ltr'><strong>aliquem</strong></span> <span class='ocrx_word' id='word_1_754' title='bbox 734 5501 1075 5558; x_wconf 88' lang='lat' dir='ltr'><strong>introducere</strong></span> <span class='ocrx_word' id='word_1_755' title='bbox 1103 5507 1332 5559; x_wconf 90' lang='lat' dir='ltr'><strong>voluerit</strong></span> <span class='ocrx_word' id='word_1_756' title='bbox 1376 5505 1535 5575; x_wconf 91' lang='lat' dir='ltr'><strong>hujus</strong></span> <span class='ocrx_word' id='word_1_757' title='bbox 1572 5509 1770 5563; x_wconf 83' lang='lat' dir='ltr'><strong>collec-</strong></span> 
     </span>
    </p>
   </div>
   <div class='ocr_carea' id='block_1_102' title="bbox 195 5597 1768 5672">
    <p class='ocr_par' dir='ltr' id='par_1_102' title="bbox 195 5597 1768 5672">
     <span class='ocr_line' id='line_1_102' title="bbox 195 5597 1768 5672; baseline 0.004 -21"><span class='ocrx_word' id='word_1_758' title='bbox 195 5602 348 5654; x_wconf 82' lang='lat' dir='ltr'><strong>tionis</strong></span> <span class='ocrx_word' id='word_1_759' title='bbox 365 5611 678 5661; x_wconf 82' lang='lat' dir='ltr'><strong>auctorem,</strong></span> <span class='ocrx_word' id='word_1_760' title='bbox 713 5597 876 5650; x_wconf 80' lang='lat' dir='ltr'><strong>alium</strong></span> <span class='ocrx_word' id='word_1_761' title='bbox 908 5599 977 5650; x_wconf 89' lang='lat' dir='ltr'><strong>ab</strong></span> <span class='ocrx_word' id='word_1_762' title='bbox 1007 5598 1171 5655; x_wconf 90' lang='lat' dir='ltr'><strong>ldatio</strong></span> <span class='ocrx_word' id='word_1_763' title='bbox 1213 5602 1462 5657; x_wconf 87' lang='lat' dir='ltr'><strong>Cbronici</strong></span> <span class='ocrx_word' id='word_1_764' title='bbox 1485 5603 1768 5672; x_wconf 90' lang='lat' dir='ltr'><strong>scriptore,</strong></span> 
     </span>
    </p>
   </div>
   <div class='ocr_carea' id='block_1_103' title="bbox 190 5691 1769 5765">
    <p class='ocr_par' dir='ltr' id='par_1_103' title="bbox 190 5691 1769 5765">
     <span class='ocr_line' id='line_1_103' title="bbox 190 5691 1769 5765; baseline 0.003 -19"><span class='ocrx_word' id='word_1_765' title='bbox 190 5693 276 5761; x_wconf 76' lang='lat' dir='ltr'><strong>qui</strong></span> <span class='ocrx_word' id='word_1_766' title='bbox 299 5692 566 5762; x_wconf 77' lang='lat' dir='ltr'><strong>Gregorio</strong></span> <span class='ocrx_word' id='word_1_767' title='bbox 593 5699 786 5742; x_wconf 87' lang='lat' dir='ltr'><strong>nostro</strong></span> <span class='ocrx_word' id='word_1_768' title='bbox 819 5698 974 5742; x_wconf 83' lang='lat' dir='ltr'><strong>actate</strong></span> <span class='ocrx_word' id='word_1_769' title='bbox 1010 5694 1277 5758; x_wconf 85' lang='lat' dir='ltr'><strong>posterior</strong></span> <span class='ocrx_word' id='word_1_770' title='bbox 1323 5691 1506 5759; x_wconf 86' lang='lat' dir='ltr'><strong>fuerit,</strong></span> <span class='ocrx_word' id='word_1_771' title='bbox 1537 5694 1769 5765; x_wconf 83' lang='lat' dir='ltr'><strong>proferat</strong></span> 
     </span>
    </p>
   </div>
   <div class='ocr_carea' id='block_1_104' title="bbox 459 5783 1017 5846">
    <p class='ocr_par' dir='ltr' id='par_1_104' title="bbox 459 5783 1017 5846">
     <span class='ocr_line' id='line_1_104' title="bbox 459 5783 1017 5846; baseline -0.007 0"><span class='ocrx_word' id='word_1_772' title='bbox 459 5787 741 5846; x_wconf 65' lang='lat' dir='ltr'><strong>PAIBOL.</strong></span> <span class='ocrx_word' id='word_1_773' title='bbox 792 5783 1017 5844; x_wconf 74' lang='lat' dir='ltr'><strong>LXXI.</strong></span> 
     </span>
    </p>
   </div>
   <div class='ocr_carea' id='block_1_105' title="bbox 1883 4589 3459 4661">
    <p class='ocr_par' dir='ltr' id='par_1_105' title="bbox 1883 4589 3459 4661">
     <span class='ocr_line' id='line_1_105' title="bbox 1883 4589 3459 4661; baseline -0.001 -13"><span class='ocrx_word' id='word_1_774' title='bbox 1883 4592 2106 4648; x_wconf 86' lang='lat' dir='ltr'><strong>Gallieni</strong></span> <span class='ocrx_word' id='word_1_775' title='bbox 2141 4591 2470 4660; x_wconf 86' lang='lat' dir='ltr'><strong>temporibus</strong></span> <span class='ocrx_word' id='word_1_776' title='bbox 2487 4607 2514 4643; x_wconf 89' lang='lat' dir='ltr'><strong>a</strong></span> <span class='ocrx_word' id='word_1_777' title='bbox 2536 4589 2817 4644; x_wconf 85' lang='lat' dir='ltr'><strong>Germanis</strong></span> <span class='ocrx_word' id='word_1_778' title='bbox 2843 4601 2927 4645; x_wconf 88' lang='lat' dir='ltr'><strong>est</strong></span> <span class='ocrx_word' id='word_1_779' title='bbox 2955 4605 3231 4661; x_wconf 83' lang='lat' dir='ltr'><strong>perpessa,</strong></span> <span class='ocrx_word' id='word_1_780' title='bbox 3262 4595 3459 4647; x_wconf 81' lang='lat' dir='ltr'><strong>unicus</strong></span> 
     </span>
    </p>
   </div>
   <div class='ocr_carea' id='block_1_106' title="bbox 1880 4695 2329 4738">
    <p class='ocr_par' dir='ltr' id='par_1_106' title="bbox 1880 4695 2329 4738">
     <span class='ocr_line' id='line_1_106' title="bbox 1880 4695 2329 4738; baseline -0.002 -1"><span class='ocrx_word' id='word_1_781' title='bbox 1880 4695 2069 4738; x_wconf 85' lang='lat' dir='ltr'><strong>auctor</strong></span> <span class='ocrx_word' id='word_1_782' title='bbox 2093 4695 2329 4738; x_wconf 85' lang='lat' dir='ltr'><strong>enarrat.</strong></span> 
     </span>
    </p>
   </div>
   <div class='ocr_carea' id='block_1_107' title="bbox 1956 4773 3457 4844">
    <p class='ocr_par' dir='ltr' id='par_1_107' title="bbox 1956 4773 3457 4844">
     <span class='ocr_line' id='line_1_107' title="bbox 1956 4773 3457 4844; baseline -0.001 -17"><span class='ocrx_word' id='word_1_783' title='bbox 1956 4775 2079 4829; x_wconf 76' lang='grc'>156.</span> <span class='ocrx_word' id='word_1_784' title='bbox 2107 4773 2278 4844; x_wconf 79' lang='lat' dir='ltr'><strong>Hujus</strong></span> <span class='ocrx_word' id='word_1_785' title='bbox 2309 4774 2548 4827; x_wconf 84' lang='lat' dir='ltr'><strong>auctoris</strong></span> <span class='ocrx_word' id='word_1_786' title='bbox 2570 4785 2700 4827; x_wconf 69' lang='lat' dir='ltr'><strong>mtas</strong></span> <span class='ocrx_word' id='word_1_787' title='bbox 2724 4789 2788 4828; x_wconf 83' lang='lat' dir='ltr'><strong>ex</strong></span> <span class='ocrx_word' id='word_1_788' title='bbox 2835 4775 3002 4842; x_wconf 88' lang='lat' dir='ltr'><strong>ipsius</strong></span> <span class='ocrx_word' id='word_1_789' title='bbox 3046 4774 3263 4843; x_wconf 87' lang='lat' dir='ltr'><strong>scriptis</strong></span> <span class='ocrx_word' id='word_1_790' title='bbox 3290 4773 3457 4828; x_wconf 85' lang='lat' dir='ltr'><strong>dedu-</strong></span> 
     </span>
    </p>
   </div>
   <div class='ocr_carea' id='block_1_108' title="bbox 1877 4864 3454 4935">
    <p class='ocr_par' dir='ltr' id='par_1_108' title="bbox 1877 4864 3454 4935">
     <span class='ocr_line' id='line_1_108' title="bbox 1877 4864 3454 4935; baseline -0.002 -14"><span class='ocrx_word' id='word_1_791' title='bbox 1877 4869 2042 4921; x_wconf 89' lang='lat' dir='ltr'><strong>cenda</strong></span> <span class='ocrx_word' id='word_1_792' title='bbox 2074 4876 2156 4920; x_wconf 91' lang='lat' dir='ltr'><strong>est</strong></span> <span class='ocrx_word' id='word_1_793' title='bbox 2193 4884 2206 4919; x_wconf 94' lang='lat'>:</span> <span class='ocrx_word' id='word_1_794' title='bbox 2231 4865 2325 4920; x_wconf 88' lang='lat' dir='ltr'><strong>sed</strong></span> <span class='ocrx_word' id='word_1_795' title='bbox 2350 4867 2495 4933; x_wconf 91' lang='lat' dir='ltr'><strong>prius</strong></span> <span class='ocrx_word' id='word_1_796' title='bbox 2523 4867 2717 4935; x_wconf 88' lang='lat' dir='ltr'><strong>scripta</strong></span> <span class='ocrx_word' id='word_1_797' title='bbox 2767 4866 2910 4919; x_wconf 90' lang='lat' dir='ltr'><strong>illius</strong></span> <span class='ocrx_word' id='word_1_798' title='bbox 2937 4867 3143 4920; x_wconf 82' lang='lat' dir='ltr'><strong>sincera</strong></span> <span class='ocrx_word' id='word_1_799' title='bbox 3173 4865 3241 4918; x_wconf 91' lang='lat' dir='ltr'><strong>ab</strong></span> <span class='ocrx_word' id='word_1_800' title='bbox 3280 4864 3454 4918; x_wconf 84' lang='lat' dir='ltr'><strong>adsci-</strong></span> 
     </span>
    </p>
   </div>
   <div class='ocr_carea' id='block_1_109' title="bbox 1880 4957 3456 5024">
    <p class='ocr_par' dir='ltr' id='par_1_109' title="bbox 1880 4957 3456 5024">
     <span class='ocr_line' id='line_1_109' title="bbox 1880 4957 3456 5024; baseline 0 -14"><span class='ocrx_word' id='word_1_801' title='bbox 1880 4958 2028 5024; x_wconf 86' lang='lat' dir='ltr'><strong>titiis,</strong></span> <span class='ocrx_word' id='word_1_802' title='bbox 2059 4969 2114 5010; x_wconf 92' lang='lat' dir='ltr'><strong>et</strong></span> <span class='ocrx_word' id='word_1_803' title='bbox 2168 4957 2382 5024; x_wconf 90' lang='lat' dir='ltr'><strong>quidem</strong></span> <span class='ocrx_word' id='word_1_804' title='bbox 2415 4957 2657 5010; x_wconf 90' lang='lat' dir='ltr'><strong>codicum</strong></span> <span class='ocrx_word' id='word_1_805' title='bbox 2701 4957 3177 5023; x_wconf 78' lang='lat' dir='ltr'><strong>manuscriptorum</strong></span> <span class='ocrx_word' id='word_1_806' title='bbox 3222 4958 3456 5010; x_wconf 83' lang='lat' dir='ltr'><strong>auctori-</strong></span> 
     </span>
    </p>
   </div>
   <div class='ocr_carea' id='block_1_110' title="bbox 1877 5045 3454 5116">
    <p class='ocr_par' dir='ltr' id='par_1_110' title="bbox 1877 5045 3454 5116">
     <span class='ocr_line' id='line_1_110' title="bbox 1877 5045 3454 5116; baseline 0.001 -15"><span class='ocrx_word' id='word_1_807' title='bbox 1877 5058 2007 5112; x_wconf 86' lang='lat' dir='ltr'><strong>tate,</strong></span> <span class='ocrx_word' id='word_1_808' title='bbox 2032 5047 2359 5104; x_wconf 87' lang='lat' dir='ltr'><strong>secernenda</strong></span> <span class='ocrx_word' id='word_1_809' title='bbox 2389 5055 2513 5101; x_wconf 89' lang='lat' dir='ltr'><strong>sunt</strong></span> <span class='ocrx_word' id='word_1_810' title='bbox 2544 5066 2558 5100; x_wconf 89' lang='lat'><strong>:</strong></span> <span class='ocrx_word' id='word_1_811' title='bbox 2583 5063 2747 5116; x_wconf 90' lang='lat' dir='ltr'><strong>quare</strong></span> <span class='ocrx_word' id='word_1_812' title='bbox 2783 5061 2902 5115; x_wconf 72' lang='lat' dir='ltr'><strong>qua:</strong></span> <span class='ocrx_word' id='word_1_813' title='bbox 2931 5047 2985 5099; x_wconf 92' lang='lat' dir='ltr'><strong>in</strong></span> <span class='ocrx_word' id='word_1_814' title='bbox 3008 5045 3229 5115; x_wconf 89' lang='lat' dir='ltr'><strong>singulis</strong></span> <span class='ocrx_word' id='word_1_815' title='bbox 3251 5047 3454 5103; x_wconf 84' lang='lat' dir='ltr'><strong>codici-</strong></span> 
     </span>
    </p>
   </div>
   <div class='ocr_carea' id='block_1_111' title="bbox 1874 5139 3455 5208">
    <p class='ocr_par' dir='ltr' id='par_1_111' title="bbox 1874 5139 3455 5208">
     <span class='ocr_line' id='line_1_111' title="bbox 1874 5139 3455 5208; baseline 0 -14"><span class='ocrx_word' id='word_1_816' title='bbox 1874 5142 1972 5196; x_wconf 87' lang='lat' dir='ltr'><strong>bus</strong></span> <span class='ocrx_word' id='word_1_817' title='bbox 2001 5141 2294 5194; x_wconf 84' lang='lat' dir='ltr'><strong>habeantur</strong></span> <span class='ocrx_word' id='word_1_818' title='bbox 2316 5142 2623 5194; x_wconf 85' lang='lat' dir='ltr'><strong>examinare</strong></span> <span class='ocrx_word' id='word_1_819' title='bbox 2654 5140 2825 5208; x_wconf 90' lang='lat' dir='ltr'><strong>juvat.</strong></span> <span class='ocrx_word' id='word_1_820' title='bbox 2854 5139 2930 5193; x_wconf 82' lang='lat' dir='ltr'><strong>Ex</strong></span> <span class='ocrx_word' id='word_1_821' title='bbox 2959 5139 3232 5194; x_wconf 89' lang='lat' dir='ltr'><strong>codicibus</strong></span> <span class='ocrx_word' id='word_1_822' title='bbox 3267 5158 3455 5195; x_wconf 88' lang='lat' dir='ltr'><strong>manu-</strong></span> 
     </span>
    </p>
   </div>
   <div class='ocr_carea' id='block_1_112' title="bbox 1877 5231 3456 5304">
    <p class='ocr_par' dir='ltr' id='par_1_112' title="bbox 1877 5231 3456 5304">
     <span class='ocr_line' id='line_1_112' title="bbox 1877 5231 3456 5304; baseline 0.003 -16"><span class='ocrx_word' id='word_1_823' title='bbox 1877 5233 2090 5302; x_wconf 71' lang='lat' dir='ltr'><strong>scriptis</strong></span> <span class='ocrx_word' id='word_1_824' title='bbox 2119 5241 2174 5287; x_wconf 90' lang='lat' dir='ltr'><strong>et</strong></span> <span class='ocrx_word' id='word_1_825' title='bbox 2197 5233 2355 5286; x_wconf 91' lang='lat' dir='ltr'><strong>editis</strong></span> <span class='ocrx_word' id='word_1_826' title='bbox 2385 5233 2572 5301; x_wconf 87' lang='lat' dir='ltr'><strong>liquet,</strong></span> <span class='ocrx_word' id='word_1_827' title='bbox 2603 5231 3005 5301; x_wconf 88' lang='lat' dir='ltr'><strong>Fredegarium,</strong></span> <span class='ocrx_word' id='word_1_828' title='bbox 3034 5246 3130 5286; x_wconf 88' lang='lat' dir='ltr'><strong>seu</strong></span> <span class='ocrx_word' id='word_1_829' title='bbox 3159 5235 3456 5304; x_wconf 88' lang='lat' dir='ltr'><strong>quemlibet</strong></span> 
     </span>
    </p>
   </div>
   <div class='ocr_carea' id='block_1_113' title="bbox 1874 5322 3450 5393">
    <p class='ocr_par' dir='ltr' id='par_1_113' title="bbox 1874 5322 3450 5393">
     <span class='ocr_line' id='line_1_113' title="bbox 1874 5322 3450 5393; baseline 0.001 -15"><span class='ocrx_word' id='word_1_830' title='bbox 1874 5326 2058 5386; x_wconf 89' lang='lat' dir='ltr'><strong>alium,</strong></span> <span class='ocrx_word' id='word_1_831' title='bbox 2079 5323 2281 5391; x_wconf 84' lang='lat' dir='ltr'><strong>quisub</strong></span> <span class='ocrx_word' id='word_1_832' title='bbox 2306 5325 2407 5378; x_wconf 90' lang='lat' dir='ltr'><strong>hoc</strong></span> <span class='ocrx_word' id='word_1_833' title='bbox 2427 5322 2643 5375; x_wconf 89' lang='lat' dir='ltr'><strong>nomine</strong></span> <span class='ocrx_word' id='word_1_834' title='bbox 2666 5322 2823 5375; x_wconf 90' lang='lat' dir='ltr'><strong>hodie</strong></span> <span class='ocrx_word' id='word_1_835' title='bbox 2847 5331 3004 5374; x_wconf 88' lang='lat' dir='ltr'><strong>notus</strong></span> <span class='ocrx_word' id='word_1_836' title='bbox 3019 5332 3122 5391; x_wconf 88' lang='lat' dir='ltr'><strong>est,</strong></span> <span class='ocrx_word' id='word_1_837' title='bbox 3151 5333 3450 5393; x_wconf 88' lang='lat' dir='ltr'><strong>auctorem,</strong></span> 
     </span>
    </p>
   </div>
   <div class='ocr_carea' id='block_1_114' title="bbox 1875 5413 3455 5483">
    <p class='ocr_par' dir='ltr' id='par_1_114' title="bbox 1875 5413 3455 5483">
     <span class='ocr_line' id='line_1_114' title="bbox 1875 5413 3455 5483; baseline 0.001 -13"><span class='ocrx_word' id='word_1_838' title='bbox 1875 5434 1938 5470; x_wconf 83' lang='lat' dir='ltr'><strong>ex</strong></span> <span class='ocrx_word' id='word_1_839' title='bbox 1967 5414 2127 5468; x_wconf 84' lang='lat' dir='ltr'><strong>variis</strong></span> <span class='ocrx_word' id='word_1_840' title='bbox 2151 5415 2486 5483; x_wconf 88' lang='lat' dir='ltr'><strong>antiquorum</strong></span> <span class='ocrx_word' id='word_1_841' title='bbox 2513 5413 2780 5480; x_wconf 84' lang='lat' dir='ltr'><strong>excerptis</strong></span> <span class='ocrx_word' id='word_1_842' title='bbox 2803 5415 3170 5470; x_wconf 87' lang='lat' dir='ltr'><strong>collectionem</strong></span> <span class='ocrx_word' id='word_1_843' title='bbox 3201 5416 3455 5472; x_wconf 86' lang='lat' dir='ltr'><strong>historia-</strong></span> 
     </span>
    </p>
   </div>
   <div class='ocr_carea' id='block_1_115' title="bbox 1876 5506 3452 5577">
    <p class='ocr_par' dir='ltr' id='par_1_115' title="bbox 1876 5506 3452 5577">
     <span class='ocr_line' id='line_1_115' title="bbox 1876 5506 3452 5577; baseline 0 -16"><span class='ocrx_word' id='word_1_844' title='bbox 1876 5525 1992 5561; x_wconf 90' lang='lat' dir='ltr'><strong>rum</strong></span> <span class='ocrx_word' id='word_1_845' title='bbox 2017 5506 2228 5570; x_wconf 85' lang='lat' dir='ltr'><strong>l&#39;ecisse,</strong></span> <span class='ocrx_word' id='word_1_846' title='bbox 2259 5508 2342 5559; x_wconf 91' lang='lat' dir='ltr'><strong>cui</strong></span> <span class='ocrx_word' id='word_1_847' title='bbox 2371 5521 2550 5559; x_wconf 91' lang='lat' dir='ltr'><strong>rerum</strong></span> <span class='ocrx_word' id='word_1_848' title='bbox 2582 5513 2821 5573; x_wconf 88' lang='lat' dir='ltr'><strong>tempore</strong></span> <span class='ocrx_word' id='word_1_849' title='bbox 2849 5522 2946 5560; x_wconf 89' lang='lat' dir='ltr'><strong>suo</strong></span> <span class='ocrx_word' id='word_1_850' title='bbox 2970 5517 3236 5577; x_wconf 86' lang='lat' dir='ltr'><strong>gestarum</strong></span> <span class='ocrx_word' id='word_1_851' title='bbox 3269 5525 3452 5562; x_wconf 83' lang='lat' dir='ltr'><strong>narra-</strong></span> 
     </span>
    </p>
   </div>
   <div class='ocr_carea' id='block_1_116' title="bbox 1877 5597 3451 5667">
    <p class='ocr_par' dir='ltr' id='par_1_116' title="bbox 1877 5597 3451 5667">
     <span class='ocr_line' id='line_1_116' title="bbox 1877 5597 3451 5667; baseline 0.003 -15"><span class='ocrx_word' id='word_1_852' title='bbox 1877 5602 2075 5653; x_wconf 90' lang='lat' dir='ltr'><strong>tionem</strong></span> <span class='ocrx_word' id='word_1_853' title='bbox 2105 5597 2371 5667; x_wconf 81' lang='lat' dir='ltr'><strong>adjunxit.</strong></span> <span class='ocrx_word' id='word_1_854' title='bbox 2406 5601 2475 5653; x_wconf 89' lang='lat' dir='ltr'><strong>At</strong></span> <span class='ocrx_word' id='word_1_855' title='bbox 2504 5613 2625 5651; x_wconf 88' lang='lat' dir='ltr'><strong>cum</strong></span> <span class='ocrx_word' id='word_1_856' title='bbox 2676 5603 2824 5653; x_wconf 87' lang='lat' dir='ltr'><strong>varia</strong></span> <span class='ocrx_word' id='word_1_857' title='bbox 2875 5601 2927 5654; x_wconf 92' lang='lat' dir='ltr'><strong>in</strong></span> <span class='ocrx_word' id='word_1_858' title='bbox 2957 5603 3121 5656; x_wconf 77' lang='lat' dir='ltr'><strong>variis</strong></span> <span class='ocrx_word' id='word_1_859' title='bbox 3175 5603 3451 5657; x_wconf 83' lang='lat' dir='ltr'><strong>codicibus</strong></span> 
     </span>
    </p>
   </div>
   <div class='ocr_carea' id='block_1_117' title="bbox 1878 5692 3449 5761">
    <p class='ocr_par' dir='ltr' id='par_1_117' title="bbox 1878 5692 3449 5761">
     <span class='ocr_line' id='line_1_117' title="bbox 1878 5692 3449 5761; baseline 0.003 -16"><span class='ocrx_word' id='word_1_860' title='bbox 1878 5692 2126 5760; x_wconf 78' lang='lat' dir='ltr'><strong>opuscula</strong></span> <span class='ocrx_word' id='word_1_861' title='bbox 2158 5693 2269 5745; x_wconf 66' lang='lat' dir='ltr'><strong>haec</strong></span> <span class='ocrx_word' id='word_1_862' title='bbox 2300 5693 2544 5748; x_wconf 81' lang='lat' dir='ltr'><strong>collectio</strong></span> <span class='ocrx_word' id='word_1_863' title='bbox 2567 5693 2986 5761; x_wconf 82' lang='lat' dir='ltr'><strong>complectatur,</strong></span> <span class='ocrx_word' id='word_1_864' title='bbox 3011 5711 3117 5748; x_wconf 78' lang='lat' dir='ltr'><strong>‘ittn</strong></span> <span class='ocrx_word' id='word_1_865' title='bbox 3146 5694 3278 5748; x_wconf 84' lang='lat' dir='ltr'><strong>adeo</strong></span> <span class='ocrx_word' id='word_1_866' title='bbox 3297 5693 3449 5750; x_wconf 81' lang='lat' dir='ltr'><strong>tactle</strong></span> 
     </span>
    </p>
   </div>
   <div class='ocr_carea' id='block_1_118' title="bbox 3059 5788 3096 5839">
    <p class='ocr_par' dir='ltr' id='par_1_118' title="bbox 3059 5788 3096 5839">
     <span class='ocr_line' id='line_1_118' title="bbox 3059 5788 3096 5839; baseline 0 0"><span class='ocrx_word' id='word_1_867' title='bbox 3059 5788 3096 5839; x_wconf 65' lang='grc' dir='ltr'><strong>Δ,</strong></span> 
     </span>
    </p>
   </div>
  </div>
