4024 6192
608 267 708 324 107
2020 260 2408 321 ΡΒᾸΞΕΛΤΙΟ.
3794 265 3917 319 [US

608 390 690 435 est
720 394 801 445 ea,
833 393 948 447 quae
980 393 1007 430 a
1034 377 1203 446 primo
1230 383 1448 427 auctore
1474 374 1696 431 collecta
1731 383 1878 440 sunt,
1914 384 2059 429 certo
2090 376 2181 430 de-
2212 380 2259 437 Α
2295 374 2510 428 nuensis
2538 388 2658 429 esse
2695 374 2905 430 videtur
2944 376 3083 445 quod
3118 376 3203 431 hic
3233 379 3350 431 libri
3378 382 3564 449 quarti,
3599 395 3721 435 loco
3746 384 3918 433 tertii

606 472 783 526 ﬁnire.
816 470 1126 537 Quanquam
1181 466 1307 521 illud
1339 468 1558 519 omnino
1600 477 1749 520 extra
1793 466 2009 520 dubium
2062 483 2182 521 esse
2287 466 2743 532 scrip.erit,utex
2766 467 3085 534 praecedenti
3111 477 3159 522 et
3185 470 3531 539 subsequenti
3556 472 3699 526 libro
3730 490 3919 542 pars-

603 563 836 626 videtur,
868 560 1105 629 Gregorii
1137 558 1403 623 epitomen
1426 566 1482 613 et
1505 558 1824 612 Chronicum
1852 562 1899 613 ei
1930 559 2181 629 subjunc-
2287 556 2500 625 picuum
2534 558 2620 617 lit;
2664 556 2761 609 nisi
2794 556 2879 611 hic
2902 572 3053 611 error
3084 574 3143 613 ex
3200 560 3439 626 ejusdem
3470 564 3767 631 scriptoris
3804 582 3913 614 υς-

607 664 719 706 tum
748 652 991 706 sinceras
1021 664 1140 703 esse
1181 648 1338 716 hujus
1388 650 1622 704 auctoris
1672 650 1844 716 fetus;
1902 667 2022 705 cum
2070 655 2184 705 luce
2286 649 2504 703 citantia
2537 652 2879 719 processerit,
2908 653 2995 719 qui
3028 654 3259 717 incaute,
3296 669 3397 707 nec
3424 655 3555 708 satis
3586 656 3913 710 attendens

604 746 877 816 opuscula,
912 743 1015 798 etsi
1043 740 1366 797 Chronicum
1402 743 1875 798 inaliisrodiribus
1904 744 2179 813 prolixius,
2288 741 2353 795 ad
2386 742 2706 795 divisionem
2730 758 2886 812 quam
2910 755 3094 797 auctor
3141 744 3190 796 in
3244 745 3510 812 prioribus
3542 746 3700 801 libris
3730 748 3913 800 insu-

606 844 659 895 ln
692 838 965 894 nonnullis
990 852 1120 891 vero
1146 838 1361 892 brevius
1391 848 1589 901 exstet,
1620 839 1668 888 in
1696 839 1944 890 omnibus
1968 841 2186 890 omnino

612 932 1012 1001 exemplaribus
1042 930 1363 983 habeantur.
1402 930 1473 982 Hc
1502 931 1620 984 aliis
1657 930 1811 997 hujus
1853 931 2185 985 cobet-tionis

608 1025 848 1093 partibus
868 1024 1175 1079 dicendum.

680 1140 801 1194 137.
833 1139 1011 1194 Codex
1048 1138 1107 1192 V.
1133 1139 1215 1192 Cl.
1250 1139 1435 1193 Jacobi
1488 1140 1781 1205 Sirmondi,
1824 1158 1982 1207 quem
2029 1144 2187 1196 modo

602 1233 1075 1289 Claromontanum
1101 1232 1393 1301 appellant,
1416 1233 1558 1302 quod
1584 1235 1635 1286 in
1678 1234 1965 1289 Parisiensi
2006 1236 2185 1289 Ludo-

605 1324 711 1377 vici
736 1323 905 1391 Magni
935 1321 1166 1391 collegio
1191 1321 1607 1375 Claromontano
1638 1334 1962 1389 asservctur,
1994 1328 2191 1381 sa-culo

602 1415 831 1483 septimo
847 1415 1107 1481 scriptus,
1134 1414 1179 1465 id
1212 1424 1294 1467 est
1323 1416 1539 1467 vivente
1569 1416 1905 1469 collectionis
1946 1430 2186 1481 auctore,

606 1505 780 1574 primo
810 1504 1249 1573 chronologicum
1282 1519 1418 1573 opus
1467 1504 1684 1557 exhibet
1710 1506 1809 1559 sub
1858 1507 2013 1559 titulo
2077 1509 2190 1560 libri

598 1597 1005 1667 generationum,
1039 1611 1067 1648 a
1100 1594 1281 1649 mundi
1310 1597 1579 1649 creatione
1608 1595 1674 1649 ad
1708 1612 1924 1663 regnum
1956 1600 2194 1666 Assyrio-

598 1708 743 1748 rum.
775 1692 908 1745 Tum
931 1691 1323 1759 subiunguntur
1362 1690 1492 1742 varii
1551 1690 1799 1757 catalogi,
1860 1706 2051 1758 nempe
2084 1690 2189 1745 Ro-

602 1798 882 1838 manorum
908 1782 1289 1850 imperatorum
1322 1780 1387 1834 ab
1427 1781 1666 1847 Augusto
1688 1782 1754 1833 ad
1800 1781 2184 1846 Alexandrum,

601 1884 958 1947 cognomento
986 1874 1473 1942 Severum,regum
1502 1874 1870 1935 Hebraeorum.
1906 1882 2009 1929 etc.
2031 1892 2044 1937 ;
2069 1890 2190 1930 suu-

600 1976 897 2037 sequuntur
947 1978 1209 2019 annorum
1269 1965 1675 2033 supputationes
1746 1966 1813 2017 ab
1866 1966 2072 2019 Adamo
2121 1967 2187 2021 ad

598 2056 870 2111 Christum
904 2066 1107 2109 natum.
1141 2055 1275 2109 Tum
1315 2055 1588 2125 catalogus
1617 2054 1977 2110 Romanorum
2016 2058 2189 2125 ponti-

603 2145 764 2201 ﬁcum
787 2161 817 2199 a
841 2154 1029 2200 sancto
1048 2146 1205 2199 Petro
1240 2143 1307 2197 ad
1341 2144 1705 2209 Theodorum,
1736 2146 1823 2213 qui
1852 2162 2007 2201 manu
2032 2148 2188 2214 paulo

602 2238 885 2292 recentiori
918 2238 1113 2293 exinde
1132 2240 1473 2292 continuatur
1503 2238 1570 2292 ad
1598 2239 1920 2293 Hadrianum
1957 2240 1995 2293 l.
2026 2241 2188 2295 Deni-

598 2343 704 2398 que
726 2329 885 2383 breve
916 2331 1227 2384 chronicum
1259 2329 1542 2397 subjicitur
1566 2344 1595 2382 a
1654 2329 1845 2389 mundi,
1865 2332 2090 2384 exordio
2122 2332 2185 2385 ad

606 2437 805 2475 annum
839 2421 900 2475 ’51
940 2422 1169 2477 Heraclii
1198 2421 1560 2490 imperatoris,
1591 2430 1750 2491 atque
1783 2422 1834 2475 hi
1878 2424 2107 2487 cataIOgi
2136 2432 2190 2478 et

604 2513 1015 2582 supputationes
1064 2505 1415 2568 recensentur
1444 2514 1495 2566 in
1531 2512 1724 2575 indice.
1754 2514 1844 2583 qui
1873 2514 2027 2569 initio
2062 2515 2185 2569 libri

606 2607 923 2675 pratligitur.
959 2606 1109 2660 Hunc
1137 2606 1385 2660 eumdem
1424 2606 1615 2661 librum
1660 2606 1819 2660 habet
1854 2607 2020 2660 endex
2053 2622 2188 2661 unus

600 2699 828 2766 Canisii,
864 2700 1040 2753 minor
1070 2700 1139 2755 ab
1169 2714 1234 2754 eo
1254 2700 1451 2764 dictus,
1484 2710 1537 2753 et
1565 2700 1644 2753 sic
1663 2716 1785 2753 eum
1810 2701 2065 2770 deinceps
2096 2716 2188 2769 ap-

602 2790 951 2859 pellabimus,
1005 2790 1243 2858 exceptis
1301 2790 1560 2861 catalogis
1606 2790 1833 2859 aliisque
1900 2794 2182 2859 COIIIpulis,

598 2898 722 2954 qua:
757 2894 932 2939 tamen
974 2884 1154 2938 omnia
1195 2885 1537 2938 amauueusis
1587 2883 1717 2936 vitio
1761 2884 1813 2937 in
1860 2883 1951 2937 illo
2000 2884 2187 2939 codice

609 2975 807 3029 omissa
836 2972 1002 3029 fuisse
1025 2982 1169 3045 patet
1196 2988 1260 3029 ex
1297 2974 1628 3042 praefatione,
1664 2973 1714 3026 in
1738 2988 1865 3042 qua,
1890 2973 2029 3027 sicut
2051 2983 2105 3028 et
2132 2974 2183 3029 in

604 3070 793 3124 codice
822 3068 1113 3133 Sirmondi,
1146 3078 1403 3123 auctorse
1432 3068 1572 3122 inter
1599 3068 1761 3121 multa
1786 3068 2051 3122 dicturum
2072 3070 2185 3138 pol-

604 3161 803 3218 licetur
819 3160 888 3216 de
913 3160 1173 3229 ejusmodi
1211 3159 1391 3214 rebus.
1420 3160 1584 3213 Porro
1619 3158 1705 3213 hic
1736 3157 1871 3212 liber
1887 3160 2044 3213 abest
2073 3175 2183 3214 om-

607 3256 735 3307 nino
764 3266 794 3306 a
836 3251 1112 3305 codicibus
1129 3249 1415 3305 Canisiano
1437 3250 1639 3320 majore
1660 3260 1713 3305 et
1754 3250 2075 3317 Boheriano,
2101 3266 2186 3306 cu-

604 3342 695 3412 jus
722 3343 838 3397 loco
862 3344 912 3395 lii
942 3342 1199 3397 exhibent
1233 3342 1473 3397 libellum
1502 3342 1681 3407 Quinti
1711 3342 1839 3397 Julii
1872 3342 2183 3411 Hilarionis,

604 3436 693 3506 qui
716 3436 770 3490 in
802 3435 1137 3489 Bibliotheca
1164 3433 1380 3488 Patrum
1411 3435 1588 3489 editus
1615 3445 1715 3490 est.

675 3571 802 3626 158.
843 3569 1005 3625 Liber
1025 3569 1292 3623 secundus
1315 3568 1722 3639 Fredegarianzc
1748 3572 2081 3626 collectionis
2108 3572 2186 3626 sic

596 3663 847 3718 absolute
886 3663 937 3716 in
965 3663 1149 3718 codice
1170 3662 1439 3717 Sirmondi
1485 3662 1745 3728 habetur,
1786 3664 1987 3733 absque
2036 3663 2187 3717 titulo

606 3753 712 3807 alio
739 3772 753 3809 :
780 3750 971 3823 Incipit
1003 3754 1284 3823 capitolare
1305 3752 1567 3806 Chronece
1620 3752 1875 3807 Cironimi
1897 3770 2184 3824 scarpsum.

606 3843 1153 3912 Continetcapita‘tﬁ
1197 3860 1225 3897 a
1253 3844 1372 3899 Nini
1406 3861 1570 3915 regno
1617 3860 1784 3911 nsque
1827 3846 1892 3898 ad
1948 3844 2186 3899 Belisarii

604 3948 857 3992 mortem.
893 3936 986 3989 Hic
1015 3936 1153 3992 idem
1203 3937 1421 3992 ί)ηωίηο
1470 3936 1604 3991 liber
1634 3937 1858 3993 habetur
1911 3936 1963 3991 in
2004 3938 2188 3992 conice

605 4030 815 4087 minore
843 4031 1131 4086 Canisiano
1157 4032 1257 4087 sub
1288 4034 1388 4085 hoc
1422 4032 1611 4087 titulo:
1648 4030 1908 4103 Incipiunt
1957 4033 2189 4100 capitula

609 4120 879 4177 Chronica:
895 4121 1200 4194 Jheronymi
1222 4139 1508 4187 excursum,
1541 4132 1597 4178 et
1641 4124 1690 4177 in
1748 4124 2066 4190 Bnheriano,
2100 4124 2185 4177 ubi

606 4214 867 4287 Incipiunt
889 4215 1165 4270 Chroneca:
1194 4215 1515 4287 Hieronymi.
1550 4216 1655 4270 Sed
1680 4217 1727 4269 in
1754 4230 1976 4285 utroque
2006 4217 2189 4269 codice

606 4309 944 4364 interseritur
978 4310 1209 4365 IIistoria
1257 4310 1464 4364 Daretis
1492 4308 1657 4382 Frigii
1688 4312 1749 4363 de
1787 4312 1980 4380 origine
2017 4308 2191 4362 Fran-

606 4415 801 4464 corum,
833 4404 1052 4456 omnino
1082 4400 1344 4464 labulosa,
1391 4402 1493 4455 alia
1527 4412 1701 4455 tamen
1732 4402 1800 4453 ab
1819 4418 1877 4455 ea
1910 4416 2066 4469 quam
2091 4402 2189 4454 sub

2290 841 2482 894 tnerat,
2531 830 2697 885 libros
2742 843 3029 902 sequentes
3083 836 3241 886 modo
3289 836 3580 891 secundum
3635 841 3909 898 tertium,

2292 922 2450 975 modo
2482 924 2698 976 tertium
2730 938 2976 993 quartum
3000 927 3367 995 appellaverit.
3403 929 3465 981 Et
3493 930 3910 997 quidemjuxta

2288 1011 2557 1067 Czlnlaialli
2591 1018 2811 1071 minaris
2832 1018 3091 1071 calculum
3119 1019 3291 1086 reipsa
3321 1019 3455 1072 liber
3485 1020 3587 1073 iste.
3616 1034 3699 1073 est
3724 1038 3913 1089 quar-

2290 1112 2398 1165 tus,
2432 1106 2515 1158 cui
2550 1108 2816 1160 consentit
2838 1108 3003 1162 codex
3046 1109 3429 1163 Ambrosianus
3460 1112 3598 1179 apud
3653 1112 3909 1165 Lambr-

2300 1197 2439 1249 cium
2476 1210 2619 1249 tonio
2657 1198 2695 1251 ll
2741 1199 3083 1254 Bibliotheca:
3138 1200 3563 1255 Vindoboncnsis
3612 1204 3905 1263 laudatus,

2299 1288 2387 1357 qui
2419 1292 2494 1342 sic
2528 1288 2687 1343 habet
2721 1307 2733 1341 :
2767 1288 2957 1361 Incipit
3009 1291 3241 1359 prtefatio
3271 1290 3452 1345 Crteca
3496 1293 3641 1347 Libri
3686 1300 3902 1362 quarti.

2295 1382 2359 1431 At
2388 1380 2555 1433 codex
2582 1379 2916 1435 Boherianus
2944 1424 2957 1445 ,
2984 1384 3071 1451 qui
3105 1382 3169 1437 ad
3199 1385 3403 1437 calcem
3435 1386 3803 1453 przecedentis
3835 1390 3908 1441 li-

2294 1470 2372 1523 bri
2415 1471 2616 1524 habet:
2651 1471 2871 1537 Explicit
2922 1474 3047 1525 liber
3087 1475 3301 1542 primus,
3336 1476 3418 1527 isti
3475 1490 3694 1546 quoque
3756 1480 3908 1531 sul»

2290 1563 2464 1630 junxit
2499 1582 2511 1617 :
2543 1562 2767 1631 Explicit
2800 1566 2923 1617 liber
2945 1566 3218 1620 secundus.
3247 1567 3400 1623 Initio
3422 1579 3598 1624 autem
3632 1574 3906 1639 prmﬁxe-

2294 1668 2376 1709 rat
2411 1675 2421 1707 :
2459 1654 2647 1727 Incipit
2662 1659 2893 1727 prwfatio
2913 1675 3097 1728 grteca.
3127 1660 3260 1713 Tum
3290 1678 3305 1713 :
3332 1661 3564 1730 (Ζαρίιιιιιι
3589 1667 3901 1735 libri,quod

2220 1752 2266 1811 B
2292 1756 2365 1799 est
2394 1763 2694 1814 excarpsunt
2724 1752 2784 1801 de
2836 1748 3099 1802 Clironicis
3134 1748 3300 1805 Crwc.
3346 1753 3503 1819 episc.
3534 1752 3900 1810 Tltoronacis.

2294 1836 2482 1902 Incipit
2512 1838 2657 1892 liber.
2690 1837 2915 1910 Cumque
2946 1840 3172 1895 Vandali
3198 1885 3212 1906 ,
3238 1855 3340 1897 etc.
3370 1845 3611 1899 Similem
3669 1848 3900 1902 titulum

2291 1932 2558 1987 exs1itisse
2584 1933 2634 1986 in
2668 1934 2859 1986 minori
2900 1934 3184 1988 Canisiano
3205 1951 3267 1989 ex
3292 1950 3357 1991 eo
3384 1938 3710 2007 colligimus,
3741 1944 3900 2009 quod

2294 2025 2382 2079 ille
2408 2041 2502 2095 pro
2530 2041 2629 2077 suo
2661 2041 2807 2079 more
2830 2028 3028 2077 muissn
3056 2029 3409 2089 capitulorum
3464 2032 3637 2084 indice
3670 2032 3897 2086 titulum

2304 2118 2440 2172 libro
2471 2118 2757 2186 prmﬁxerit
2792 2135 2803 2170 :
2834 2117 3022 2188 Incipit
3050 2122 3283 2187 prudntia
3321 2124 3433 2174 libri
3457 2124 3646 2191 quarti,
3674 2141 3900 2195 excerp-

2304 2217 2410 2261 tum
2436 2209 2497 2259 dc
2515 2206 2769 2261 Chronica
2800 2207 2975 2261 Cra’ca
3014 2207 3351 2263 Thorumaclii
3398 2213 3641 2282 episcopi,
3694 2214 3899 2268 existi-

2293 2316 2441 2353 mans
2462 2301 2598 2353 hunc
2615 2300 2804 2353 librum
2824 2314 3130 2369 excerptum
3152 2301 3253 2356 luis
3268 2319 3324 2358 se
3339 2315 3392 2359 et
3408 2304 3694 2361 Latinitate
3709 2308 3861 2362 dona
3874 2340 3897 2349 -

2294 2401 2404 2445 tum
2429 2394 2495 2447 ab
2522 2402 2753 2447 auctore
2779 2394 2958 2447 saeculi
2992 2396 3115 2447 noni
3144 2412 3206 2449 ex
3259 2394 3524 2452 Chronico
3554 2398 3893 2455 Thoromari

2289 2482 2563 2551 cujusdam
2588 2484 2823 2554 episc0pi
2844 2486 3038 2552 Graaci,
3063 2485 3200 2555 quod
3220 2485 3406 2542 falsum
3432 2504 3552 2543 esse
3574 2492 3685 2561 jam
3720 2507 3894 2546 nemo

2298 2586 2487 2631 DCSCII.

2368 2664 2494 2718 MO.
2530 2664 2655 2718 Post
2708 2663 3048 2736 Gregorianae
3093 2668 3341 2724 Historiae
3387 2672 3659 2739 epitomen
3709 2676 3894 2732 codex

2298 2754 2613 2808 Canisianus
2645 2754 2817 2809 minor
2864 2758 3023 2813 habet
3065 2759 3259 2815 Juliani
3314 2762 3601 2819 Hilarionis
3656 2766 3889 2827 librum,

2287 2860 2443 2914 quem
2500 2848 2739 2900 nonnulli
2801 2848 3051 2913 codices,
3112 2861 3169 2905 ut
3235 2866 3395 2921 stlpra
3447 2856 3889 2923 observavimus,

2289 2937 2458 3006 primo
2476 2940 2593 2993 loco
2607 2941 2877 2995 exhibent.
2905 2942 2955 2995 In
2974 2943 3269 2999 Boheriano
3284 2962 3410 3001 vero
3424 2948 3609 3004 codice
3633 2952 3891 3019 proximo

2289 3046 2403 3099 post
2422 3036 2689 3101 epitomen
2707 3034 2944 3103 sc'quitur
2965 3037 3287 3092 Chronicum
3314 3040 3413 3094 sub
3438 3042 3597 3097 titulo
3623 3044 3747 3098 libri
3784 3045 3884 3099 III

2210 3122 2255 3183 C
2288 3125 2582 3180 Clironecte.
2613 3129 2679 3179 At
2704 3127 2870 3182 codex
2884 3130 3151 3183 Sirmondi
3180 3132 3339 3187 habet
3370 3150 3384 3187 :
3410 3131 3601 3203 Incipit
3631 3137 3890 3211 prologus

2288 3217 2559 3280 cuiusdam
2591 3220 2858 3287 sapientis,
2886 3237 3184 3291 quanquam
3218 3240 3317 3279 nec
3341 3225 3454 3295 ipse
3477 3228 3757 3297 prologus,
3788 3248 3888 3284 nec

2288 3310 2428 3362 aliud
2460 3310 2749 3377 quidquam
2773 3312 2889 3380 ejus
2912 3313 3027 3367 luco
3065 3314 3261 3369 ibidem
3317 3328 3536 3385 exstat,
3566 3320 3661 3373 sed
3732 3323 3889 3375 nullo

2288 3402 2462 3467 spatio
2495 3402 2680 3455 relicto
2704 3403 2986 3457 exhibetur
3046 3406 3351 3476 Fredegarii
3384 3410 3705 3464 Chronicum
3746 3430 3888 3481 prm-

2291 3496 2453 3546 misso
2496 3492 2595 3545 hoc
2646 3494 2835 3547 titulo:
2886 3494 3076 3564 Incipit
3120 3498 3422 3566 capitularis
3470 3501 3710 3555 Croneca:
3763 3506 3888 3559 libri

2287 3589 2457 3655 quarti
2488 3589 2541 3640 in
2576 3588 2765 3641 Christi
2796 3592 3021 3646 nomine.
3053 3595 3121 3646 At
3150 3606 3271 3662 post
3300 3598 3531 3665 capitum
3560 3598 3797 3654 iudicem
3827 3616 3886 3656 et

2292 3681 2566 3749 prologum
2613 3680 2769 3735 habet
2809 3700 2823 3736 :
2860 3682 2924 3735 In
2976 3686 3179 3738 nomine
3231 3687 3295 3742 ι).
3334 3689 3406 3741 Ν.
3454 3688 3507 3742 Ι.
3533 3689 3638 3743 XI.
3695 3694 3886 3764 incipit

2291 3770 2544 3825 Chronica
2573 3784 2730 3827 sexta.
2758 3774 3129 3839 Cuntramnus,
3156 3788 3281 3842 etc.,
3301 3788 3357 3833 ut
3386 3781 3436 3835 in
3454 3783 3611 3835 editis
3636 3785 3701 3837 ad
3728 3802 3885 3840 mor-

2294 3871 2397 3915 tem
2432 3861 2667 3917 Flacoati
2700 3866 2917 3918 relatam
2951 3870 3125 3936 capite
3160 3868 3259 3933 9t);
3291 3871 3430 3937 quod
3485 3884 3642 3939 caput
3674 3874 3883 3931 Frede-

2291 3954 2492 4023 gariani
2517 3952 2768 4011 Chronici
2795 3957 3035 4012 ultimum
3062 3974 3181 4015 esse
3203 3961 3338 4015 infra
3362 3965 3881 4029 demonstrabimus,

2292 4064 2594 4116 quanquam
2628 4052 2864 4104 nonnulli
2900 4050 2989 4103 alii
3038 4051 3254 4107 codices
3286 4053 3435 4121 plura
3482 4054 3698 4109 habent.
3732 4058 3883 4114 Nihil

2295 4157 2420 4194 vero
2446 4151 2564 4209 post
2596 4143 2727 4195 illud
2758 4143 3079 4196 Chronicum
3102 4154 3158 4198 et
3182 4144 3297 4214 ejus
3344 4148 3752 4203 continuatores
3778 4151 3883 4203 ha-

2294 4232 2420 4283 bent
2447 4231 2535 4284 alii
2564 4233 2795 4295 codices,
2827 4243 2880 4286 at
2902 4233 3309 4291 Sirmondianus
3337 4237 3533 4292 librum
3558 4254 3881 4307 sequentem

2294 4320 2511 4374 exhibet
2536 4323 2613 4375 sic
2643 4322 2955 4390 inscriptum
2992 4342 3004 4375 :
3040 4323 3103 4376 In
3125 4327 3327 4380 nomine
3364 4327 3572 4382 Sancta:
3607 4328 3882 4385 Trinitatis

2293 4412 2471 4479 incipit
2502 4412 2626 4464 liber
2653 4412 2675 4463 I
2707 4429 2721 4465 t
2752 4413 2795 4466 I.
2827 4422 3232 4471 KPQNHKQPQM
3255 4419 3347 4470 sci.
3375 4418 3585 4473 Esedori
3612 4419 3733 4490 Epi.
3758 4419 3882 4474 Pri-

608 4490 769 4559 hujus
797 4494 1031 4545 auctoris
1055 4494 1273 4545 nomine
1316 4494 1367 4545 in
1414 4491 1602 4545 codice
1656 4506 1755 4544 ms.
1788 4492 1956 4546 sancti
2013 4492 2185 4545 Albini
2218 4509 2268 4568 ι)
2294 4517 2407 4553 mus
2429 4519 2490 4555 et
2521 4502 2645 4555 [Isis
2670 4502 2842 4555 Julius
2875 4506 3150 4573 Africanus
3172 4510 3264 4560 sub
3303 4512 3427 4580 imp.
3463 4510 3641 4565 Marco
3672 4513 3881 4566 Λιιτιὶέο

605 4581 1003 4650 Andegavensis
1032 4597 1199 4651 nuper
1230 4583 1477 4636 vidimus.
1514 4584 1680 4636 P0rro
1718 4582 1909 4635 librum
1937 4583 2076 4637 hunc
2098 4599 2189 4635 co-

604 4672 707 4725 dex
734 4673 907 4725 minor
937 4673 1250 4726 Canisianus
1295 4674 1347 4727 in
1376 4674 1513 4727 duos
1541 4675 1787 4743 partitur.
1822 4673 2051 4727 Primum
2085 4690 2184 4741 ap-

606 4766 770 4833 pellat
796 4766 983 4817 librum
1014 4780 1051 4818 tt
1082 4767 1486 4835 generationum,
1535 4782 1695 4834 quem
1754 4767 1978 4836 epistola
2027 4769 2186 4823 ldatii

604 4858 872 4913 concludit
898 4876 911 4925 ;
935 4859 1159 4915 alterum
1185 4876 1310 4914 vero
1336 4862 1519 4914 librum
1548 4861 1812 4916 Chronica:
1836 4865 2053 4917 tertium.

676 4972 796 5027 1⁸59.
833 4972 990 5027 Liber
1021 4973 1207 5026 tertius
1233 4973 1394 5026 titulo
1425 4984 1571 5028 caret
1602 4975 1651 5028 in
1682 4975 1929 5029 omnibus
1969 4977 2186 5030 omnino

611 5066 1023 5131 manuscriptis;
1062 5065 1392 5118 siculisnlute
1418 5066 1667 5134 incipitin
1681 5066 1864 5121 codice
1886 5068 2182 5122 Sirmondi:

607 5152 801 5222 Incipit
827 5155 1063 5224 praefatio
1111 5153 1369 5225 Gregorii.
1398 5154 1701 5221 Deceaente,
1727 5164 1864 5219 etc.;
1890 5168 2022 5220 tum,
2050 5155 2188 5211 Inci-

607 5244 677 5311 pit
707 5244 1022 5309 capetolarcs
1051 5244 1168 5298 libri
1180 5246 1368 5316 quarti,
1401 5246 1539 5314 quod
1568 5256 1637 5299 est
1655 5263 1916 5317 scarpsum
1944 5247 2005 5300 de
2028 5248 2179 5299 Chro-

608 5332 721 5382 nica
743 5326 977 5400 Gregorii
1002 5332 1241 5403 Episcopi
1265 5334 1541 5399 Toronaci,
1569 5339 1619 5387 in
1645 5334 1834 5389 Christi
1852 5337 2056 5387 nomine
2070 5336 2181 5403 ﬁat.

606 5417 809 5473 Deinde
836 5418 1001 5493 Caput
1032 5426 1056 5478 1
1101 5425 1164 5479 de
1190 5424 1400 5489 Chunis,
1435 5435 1539 5479 etc.
1564 5426 1613 5480 Is
1641 5426 1777 5480 liber
1814 5440 1894 5481 εει
1957 5427 2181 5479 Historia

609 5508 849 5579 Gregorii
874 5513 1181 5583 epitomata,
1204 5530 1323 5583 qua:
1347 5516 1485 5569 edita
1516 5527 1613 5570 est.
1648 5518 1812 5571 Error
1839 5528 2013 5572 autem
2045 5534 2185 5570 ania-

2292 4594 2537 4659 Antouio,
2562 4608 2665 4647 etc.
2704 4595 2754 4647 In
2782 4598 2885 4649 tiue
2914 4607 3090 4650 autem
3128 4614 3141 4652 :
3170 4598 3395 4667 Explicit
3424 4602 3545 4654 liber
3566 4606 3880 4658 breviarium

2290 4696 2574 4753 temporum
2614 4708 2642 4739 a
2669 4698 2844 4741 sancto
2876 4682 3425 4746 IIesidoro'collectum
3439 4696 3591 4763 juxta
3623 4696 3881 4753 Historia:

2291 4778 2445 4847 ﬁdem
2488 4787 2552 4831 ab
2600 4782 2743 4832 initio
2801 4783 2981 4834 mundi
3028 4800 3184 4852 usque
3249 4790 3685 4856 quadragensimo
3739 4807 3879 4845 anno

2292 4872 2641 4925 Cltlutacliarii
2672 4878 2821 4943 regis.
2858 4878 2921 4930 Et
2951 4882 3027 4932 sic
3055 4880 3219 4932 codex
3243 4880 3457 4933 desinit.

2367 4961 2489 5015 141.
2533 4966 2656 5019 Haec
2686 4982 2843 5033 porro
2875 4968 3039 5023 fusius
3068 4971 3315 5038 persequi
3343 4971 3511 5024 visum
3543 4982 3647 5035 est,
3678 4983 3737 5026 ut
3767 4976 3880 5027 sin-

2290 5069 2409 5107 cera
2437 5053 2736 5125 Fredegarii
2759 5073 2919 5126 opera
2945 5071 3220 5129 perspecta
3242 5061 3553 5115 habeantur.
3582 5064 3710 5117 lude
3732 5068 3875 5118 enim

2289 5144 2611 5214 colligimus,
2640 5161 2761 5199 eum
2786 5150 3091 5204 historicam
3107 5152 3477 5206 colleCtionem
3499 5154 3567 5208 ab
3589 5155 3705 5224 ipso
3729 5172 3879 5209 mnu-

2289 5236 2342 5289 di
2372 5237 2600 5291 exordio
2628 5238 2691 5290 ad
2724 5236 3035 5293 Guntramni
3068 5250 3275 5295 aetatem
3309 5258 3373 5297 ex
3405 5246 3562 5295 variis
3594 5254 3877 5299 aucturum

2288 5331 2567 5384 (Ihronicis
2597 5331 2919 5395 adornasse,
2948 5334 3032 5387 cui
3074 5344 3254 5401 postea
3296 5340 3375 5388 sui
3417 5339 3674 5400 temporis
3706 5338 3877 5395 histo-

2294 5423 2423 5474 riam
2454 5420 2716 5490 adjunxit.
2745 5420 2795 5473 Id
2820 5422 2988 5491 ipsum
3016 5427 3289 5489 protitetur
3311 5425 3362 5479 in
3389 5430 3706 5494 praefatione
3722 5430 3876 5485 Chro-

2292 5514 2412 5569 niCo
2431 5514 2664 5584 prailixa,
2688 5529 2844 5582 quam
2866 5516 2969 5569 col.
2991 5516 3434 5573 586‘edidimus.
3459 5517 3667 5591 Itaque,
3684 5524 3871 5593 inquit,

678 5643 710 5679 ³⁵
737 5642 831 5697 Hic
867 5653 921 5698 et
949 5644 1108 5711 intra,
1139 5649 1345 5716 quoties
1377 5650 1546 5705 aberit
1579 5652 1931 5719 parenthesis,
1964 5660 2244 5709 revocatur
2276 5652 2443 5709 lector
2477 5652 2541 5707 ad
2572 5666 2825 5709 numeros
2856 5650 2993 5709 inter
3024 5662 3224 5711 textum
3257 5657 3509 5714 crassiori
3557 5661 3872 5723 charactere

612 5730 670 5772 ex
680 5728 915 5781 pressos.

3284 5729 3435 5783 Eutr.
