4024 6192
134 275 212 331 W3

1560 258 1950 322 PREFATIO.

3322 269 3422 325 ΗΟ

151 399 251 454 beati
279 393 611 465 Hieronymi,
660 392 855 448 Yd..cii
896 404 943 445 et
974 391 1238 464 cujusdam
1275 389 1534 457 Sapientis
1562 405 1651 441 seu
1690 398 1735 441 et
1766 390 1815 447 Α
1840 400 2108 459 anonymo
2137 385 2431 448 tiibuendi,
2464 387 2549 453 qui
2598 386 2698 440 sub
2739 385 2931 442 Carolo
2974 386 3162 455 Magno
3194 386 3419 453 vixerit;

160 491 336 554 ltidori,
376 488 648 555 immoque
687 496 738 539 et
766 483 1006 554 Gregorii
1038 481 1313 536 Chronica;
1348 498 1381 534 a
1421 481 1597 533 mundi
1626 480 1731 531 ori-

164 583 251 654 gine
279 593 579 649 percurrens
624 592 791 646 usque
830 574 1105 627 decedente
1148 588 1303 642 regno
1342 569 1733 634 Cuntchramni,

167 674 230 727 liis
248 673 453 741 quinque
476 668 759 724 Chronicis
779 665 938 736 hujus
972 664 1245 718 libelli.....
1286 664 1499 716 inserui.
1540 660 1737 715 Trans-

171 776 262 818 acto
291 777 514 833 namque
564 759 808 832 Gregorii
866 757 1127 812 solamine
1170 767 1454 826 temporum
1504 765 1736 826 gesta....

165 871 255 923 qua
274 863 444 922 postea
465 853 598 904 mihi
623 852 830 922 fuerunt
859 849 1132 917 cognita...
1164 846 1374 917 legendo
1398 847 1548 899 simul
1572 853 1620 898 et
1646 862 1741 897 au-

163 946 345 1008 diendo,
380 946 539 997 etiam
567 942 789 996 videndo
819 949 1001 994 cuncta
1026 954 1138 1008 quae
1168 938 1478 1001 certi/icatus
1504 938 1736 1007 cognovi,

161 1039 205 1091 iu
226 1038 373 1107 huius
405 1036 573 1091 libelli
597 1035 854 1088 volumine
877 1032 1095 1088 scribere
1120 1048 1221 1083 non
1246 1030 1383 1085 silui.
1421 1029 1587 1098 Hujus
1614 1044 1741 1083 vero

159 1128 473 1184 collectionis
503 1128 729 1196 integrat
750 1140 914 1180 unum
940 1134 997 1178 et
1021 1122 1269 1177 eumdem
1296 1138 1414 1177 esse
1440 1132 1737 1187 auctorem.

160 1230 338 1291 prieter
366 1219 744 1287 praefationem
773 1227 827 1272 et
857 1215 1071 1271 codices
1098 1223 1364 1279 vetustos,
1406 1214 1592 1283 probat
1623 1215 1740 1268 ubi-

158 1328 253 1382 que
275 1313 397 1384 styli
428 1310 793 1374 uniformitas,
823 1308 962 1362 idem
994 1306 1366 1374 epitomatoris
1391 1308 1599 1375 genius,
1631 1322 1742 1361 ser-

159 1419 239 1458 mo
259 1405 458 1472 ubique
480 1402 705 1472 aqualis
726 1409 783 1455 et
802 1400 904 1454 sibi
921 1399 1133 1461 similis,
1165 1399 1216 1454 id
1232 1409 1313 1455 est
1337 1399 1569 1454 incultus
1588 1399 1743 1465 plane

158 1511 215 1549 ac
232 1496 518 1559 barbarus,
545 1494 755 1563 quoties
774 1504 959 1546 auctor
979 1506 1078 1545 suo
1101 1506 1195 1546 ore
1224 1491 1480 1560 loquitur,
1509 1506 1607 1545 nec
1626 1506 1744 1547 ver-

159 1589 244 1642 bis
269 1588 438 1641 utitur
466 1586 670 1641 alienis.
704 1584 1003 1638 Vaiietates
1031 1598 1160 1638 vero
1190 1582 1323 1647 illae,
1355 1598 1488 1651 quas
1526 1584 1577 1637 in
1609 1582 1746 1637 assi-

158 1679 383 1751 gnandis
418 1678 645 1747 singulis
670 1677 822 1731 libris
843 1676 1055 1729 codices
1072 1677 1239 1730 etiam
1270 1675 1618 1730 vetustissimi
1650 1676 1743 1728 ha-

1840 485 2001 544 atque
2027 490 2145 530 eam
2181 475 2281 529 sub
2311 475 2411 528 hoc
2441 475 2595 529 titulo
2634 478 2804 543 reipsa
2837 477 3104 546 vulgavit;
3137 494 3293 546 quem
3325 494 3419 534 sc—

1840 578 1992 620 cutus
2023 565 2371 636 Marquardus
2411 554 2713 631 Freberus,
2758 571 3079 623 (:Iironicum
3121 571 3223 626 sub
3263 574 3423 627 unico

1840 657 2142 726 Fi'edegarii
2174 659 2391 714 nomine
2417 659 2483 712 ad
2515 660 2653 712 idem
2679 669 2886 729 tempus
2917 664 3283 718 continuatum
3310 664 3427 720 edi.

1841 753 1939 804 dit.
1975 749 2168 803 Verum
2211 750 2367 803 aliam
2407 751 2525 805 iniit
2573 750 2707 805 viam
2740 754 2982 808 Andreas
3009 754 3299 821 Cbesnius,
3335 756 3428 827 qui

1845 854 1990 897 tomo
2022 844 2039 897 l
2074 844 2318 898 Historia:
2358 845 2625 898 Francicm
2663 847 2984 914 scriptorum
3026 847 3164 903 idem
3197 847 3428 903 Chroni-

1843 951 1965 991 cum
2012 936 2235 990 inseruit
2272 939 2370 992 sub
2410 937 2711 1005 Fredegarii
2755 939 2991 1001 nomine,
3024 941 3164 1010 quod
3202 941 3425 1011 jubente

1844 1027 2235 1083 Cliildebrando
2262 1028 2465 1098 Pippiui
2492 1040 2679 1097 patruo
2701 1029 2955 1095 scriptum
2989 1032 3105 1096 l'uit,
3130 1040 3185 1086 et
3204 1044 3429 1088 curante

1844 1120 2140 1189 Nibelungo
2170 1120 2410 1190 ejusdem
2438 1121 2812 1176 Childebrandi
2838 1123 2945 1175 tilio
2965 1124 3029 1176 ad
3057 1124 3261 1193 Pippini
3286 1140 3429 1179 mor-

1848 1228 1951 1273 tem
1980 1219 2367 1280 continuatum,
2402 1220 2551 1287 quasi
2584 1220 2867 1288 primarius
2895 1223 3125 1289 scriptor
3155 1223 3427 1291 Fredega-

1846 1312 1958 1365 rius
1998 1309 2319 1366 Chronicum
2376 1312 2502 1365 illud
2556 1314 2815 1382 integrum
2860 1312 3236 1369 Cliildebrandi
3274 1315 3429 1385 jussu

1845 1402 2121 1469 scripserit
2152 1417 2318 1471 usque
2347 1404 2411 1455 ad
2454 1401 2661 1471 Pippini
2702 1405 3160 1475 inauguratiouem
3182 1449 3198 1474 ,
3227 1407 3430 1473 ipsum-

1844 1508 1950 1563 que
1976 1503 2159 1563 postea
2189 1502 2282 1548 aut
2310 1494 2447 1547 idem
2480 1494 2855 1564 Fredegarius,
2888 1509 2977 1551 aut
3006 1497 3140 1552 alius
3167 1499 3337 1567 quivis
3361 1498 3430 1554 ad

1846 1586 2084 1653 ejusdem
2116 1585 2259 1654 regis
2285 1585 2486 1640 obitum
2518 1585 2813 1656 Nibelungo
2838 1588 3059 1656 jubente
3086 1593 3428 1658 protraxerit.

1847 1677 1916 1729 At
1945 1677 2109 1731 falsus
2139 1686 2222 1732 est
2250 1683 2330 1733 vlr
2354 1678 2623 1747 eruditus,
2666 1679 2919 1749 deceptus
2961 1684 3306 1749 inscriptione
3331 1700 3427 1739 (ιο-

159 1773 302 1838 bent,
344 1787 412 1824 ex
456 1770 866 1823 amanuensium
897 1769 1121 1833 incuria,
1154 1776 1210 1821 ut
1234 1768 1342 1835 jam
1370 1768 1630 1833 diximus,
1663 1769 1745 1822 vi-
1779 1771 1825 1830 Β
1849 1773 1981 1826 dicis
2012 1772 2301 1840 Petaviani,
2337 1788 2492 1838 quam
2526 1772 2768 1826 dedimus
2794 1774 3040 1828 columna
3074 1774 3199 1839 685,
3227 1792 3291 1831 ex
3323 1793 3428 1845 qua

159 1866 348 1919 dentur
378 1863 735 1933 processisse.
768 1860 1033 1914 Cmterum
1063 1858 1164 1913 etsi
1196 1860 1397 1913 nullum
1431 1858 1746 1927 scriptorem

162 1956 483 2024 Hieronymo
516 1953 869 2006 vetustioretn
911 1952 1088 2004 laudet
1137 1950 1227 2004 ille
1269 1960 1490 2014 auctor,
1529 1964 1596 2004 ex
1642 1965 1749 2020 quo

160 2064 299 2103 suam
320 2047 698 2101 collectionem
720 2043 1192 2105 consarcinaverit,
1216 2043 1544 2111 antiquiores
1568 2048 1747 2096 tamen

162 2142 487 2208 excerpsisse
526 2154 611 2193 res
640 2138 707 2191 ab
736 2151 802 2190 eo
845 2144 1071 2189 narrata:
1107 2135 1356 2204 probant,
1389 2150 1509 2189 cum
1551 2134 1749 2189 Julium

166 2229 466 2286 Africanum
488 2272 505 2296 ,
535 2246 597 2284 ex
627 2245 733 2298 quo
764 2229 929 2282 multa
956 2227 1224 2296 excerpsit
1252 2226 1533 2293 Eusebius,
1562 2226 1750 2281 Hiero-

166 2324 327 2394 nymi,
379 2332 475 2376 aut
519 2320 739 2375 Eusebii
777 2335 935 2388 quem
985 2318 1338 2388 Hieronymus
1387 2318 1746 2382 continuatit,

165 2414 370 2467 nomine
398 2407 879 2479 comprehendisse
911 2416 1061 2462 extra
1091 2406 1308 2461 dubium
1337 2421 1457 2461 esse
1485 2406 1741 2461 videatur.

168 2505 329 2569 Quare
356 2503 641 2570 antiquum
682 2498 913 2569 aliquem
951 2509 1219 2552 auctorem
1250 2498 1413 2551 alium
1443 2497 1512 2551 ab
1537 2497 1745 2551 Africa-

168 2611 249 2661 uo,
277 2596 364 2664 qui
396 2604 648 2663 tempore
676 2591 968 2647 Alexandri
998 2590 1187 2646 Severi
1218 2589 1431 2655 vixerit,
1474 2599 1533 2644 ut
1575 2588 1746 2644 visum

167 2698 240 2742 est
267 2689 392 2742 viris
424 2687 634 2752 aliquot
660 2685 886 2740 eruditis
924 2693 1044 2753 post
1073 2682 1357 2738 Heurieum
1388 2683 1653 2738 Cauisium
1696 2691 1751 2738 et

167 2778 392 2833 Marcum
421 2777 754 2842 Welserum,
786 2775 1071 2830 admittere
1100 2790 1205 2828 non
1236 2776 1451 2829 videtur
1497 2788 1751 2830 necessa-

168 2875 330 2937 rium;
382 2885 692 2943 quanquam
744 2877 939 2935 praeter
981 2868 1184 2923 Julium
1230 2867 1573 2933 Africanum,
1619 2867 1750 2923 alios

167 2979 369 3029 quooue
408 2974 660 3017 auctores
689 2959 908 3017 Griecos
947 2960 1272 3014 recentiores
1317 2958 1385 3013 ab
1422 2973 1489 3013 eo
1531 2967 1750 3012 auctore

169 3057 413 3111 collectos
434 3055 602 3110 fuisse
614 3052 885 3109 existimat
905 3050 1203 3106 Hadrianus
1220 3049 1489 3105 Valesius.
1508 3049 1561 3103 Id
1586 3062 1746 3102 unum

1850 1863 2063 1931 quidem
2116 1861 2417 1930 Fredegarii
2476 1858 2802 1916 Clirouicum
2858 1861 3237 1920 Childebrandi
3284 1867 3429 1921 curis

1850 1956 2238 2015 Continuatum,
2269 1963 2359 2005 aut
2386 1964 2529 2007 certe
2573 1953 2970 2010 continualores
3015 1957 3067 2011 in
3111 1972 3271 2010 unum
3310 1974 3432 2013 cor-

1851 2062 1949 2116 pus
1990 2047 2237 2100 redactos
2275 2045 2440 2099 fuisse
2476 2044 2658 2099 inferri
2708 2057 2950 2115 poterat,
2997 2064 3098 2103 i.on
3142 2064 3266 2103 vero
3305 2060 3430 2106 tunc

1850 2140 2101 2207 primitus
2131 2138 2513 2208 conscriptum.
2547 2138 2922 2208 Fredegarium
2955 2141 3128 2209 enim,
3158 2142 3241 2197 vel
3284 2140 3429 2212 quis-

1848 2229 1969 2297 quis
1997 2240 2080 2283 est
2122 2230 2254 2283 alius
2284 2230 2530 2283 Cbronici
2578 2230 2734 2297 hujus
2778 2239 2994 2297 auctor,
3036 2232 3432 2288 Cbildebrmdo

1849 2324 2202 2391 antiquiorem
2244 2321 2442 2387 fuisse,
2482 2332 2536 2376 et
2574 2322 2896 2378 Clirouicum
2944 2338 3096 2378 suum
3139 2340 3281 2380 anno
3330 2324 3429 2382 6H

1848 2415 2178 2469 Conclusisse
2216 2412 2326 2484 jam
2373 2416 2662 2483 probi-runt
2705 2416 2800 2469 viri
2850 2416 3045 2471 eruditi
3086 2417 3428 2473 validissimis

1850 2506 2167 2571 ratiooibus,
2197 2520 2329 2574 quas
2358 2520 2455 2560 nos
2490 2506 2573 2560 bic
2606 2506 2836 2561 breviter
2865 2509 3305 2577 perstringemus,
3334 2511 3430 2563 ad-

1849 2599 1974 2654 ditis
2001 2600 2203 2669 aliquot
2231 2598 2590 2666 argumentis,
2623 2613 2740 2668 qua:
2771 2614 2913 2665 rem,
2956 2606 3014 2653 ut
3052 2601 3265 2669 quidem
3304 2600 3433 2658 mihi

1850 2692 2078 2757 videtur,
2112 2689 2417 2744 conficient.

1922 2781 2045 2835 HS.
2089 2780 2393 2850 Fredegarii
2425 2778 2742 2833 Clironicum
2775 2780 2910 2833 ultra
2950 2795 3145 2835 annum
3183 2781 3423 2837 Chlodoo

1853 2874 1932 2928 vei
1957 2873 2187 2943 junioris
2213 2872 2267 2935 4,
2292 2872 2341 2926 id
2364 2881 2445 2925 est
2467 2872 2703 2940 vulgaris
2727 2887 2846 2926 atrae
2870 2870 2967 2926 6H
2994 2888 3099 2926 non
3130 2874 3430 2942 pertigisse,

1851 2976 2009 3035 atque
2040 2966 2175 3020 adeo
2204 2967 2255 3018 in
2287 2967 2457 3033 capite
2487 2965 2554 3017 90
2586 2964 2809 3020 desiisse
2837 2964 3097 3018 evincitur
3136 2980 3201 3019 ex
3240 2964 3430 3019 codice

1851 3058 2122 3113 Sirmondi
2167 3074 2259 3114 seu
2286 3059 2719 3123 Claromontauo,
2752 3058 2838 3125 qui
2867 3059 3005 3110 circa
3043 3056 3183 3111 istud
3218 3067 3427 3127 tempus

167 3149 295 3204 certi
326 3152 425 3202 bac
454 3149 507 3202 in
540 3162 601 3202 re
628 3146 787 3201 statui
819 3152 1022 3215 potest,
1068 3145 1209 3198 hunc
1249 3152 1519 3197 auctorem
1548 3142 1739 3196 collec-

1853 3165 2097 3208 exaratus
2126 3161 2225 3207 est.
2270 3152 2428 3219 quue
2460 3149 2711 3218 probatur
2750 3163 2853 3202 non
2887 3157 3088 3201 tantum
3121 3164 3183 3202 ex
3213 3148 3431 3203 charac-

165 3243 360 3296 tionem
389 3256 544 3295 suam
569 3255 635 3295 ex
670 3238 976 3308 Hieronymi
1005 3234 1273 3291 Chronico
1295 3232 1519 3302 aliisque
1556 3242 1743 3286 aucto-

165 3332 328 3395 ribus,
353 3347 490 3401 quos
521 3346 585 3385 ex
628 3328 749 3398 ejus
788 3326 1098 3397 prmfatione
1144 3324 1502 3389 laudavimus,
1538 3323 1748 3393 potissi-

165 3441 304 3478 mum
332 3425 651 3485 adornasse,
686 3421 936 3474 admixtis
967 3430 1142 3474 tamen
1172 3418 1367 3485 passim
1400 3432 1463 3471 ex
1486 3416 1603 3470 aliis
1623 3429 1749 3470 auc.

165 3516 364 3569 toribus
390 3514 481 3585 qui
513 3516 566 3567 in
597 3513 713 3584 ejus
741 3525 931 3566 manus
959 3522 1237 3576 venerant,
1268 3509 1685 3564 narrationibus.

231 3628 352 3685 ΗΞ.
379 3628 553 3699 Major
572 3639 738 3691 esset,
761 3624 1049 3696 etquidem
1080 3625 1302 3697 majoris
1328 3625 1583 3679 momenti
1608 3624 1748 3680 circa

158 3722 469 3776 collectoris
518 3730 729 3774 etatem
758 3718 1075 3784 difﬁcultas,
1134 3718 1235 3771 nisi
1281 3716 1389 3786 jam
1430 3732 1461 3771 a
1494 3716 1705 3772 Valesio
1730 3759 1745 3783 ,

156 3813 396 3877 Cointio,
417 3822 472 3868 et
491 3812 613 3866 aliis
635 3811 763 3866 viris
783 3810 1003 3865 eruditis
1023 3810 1283 3864 illustrata
1312 3809 1519 3863 fuisset.
1541 3809 1751 3863 Etenim

154 3921 280 3959 cum
310 3903 627 3974 Fredegarii
654 3903 979 3959 Chronicum
1004 3902 1054 3957 in
1081 3902 1241 3956 variis
1271 3900 1544 3956 codicibus
1574 3902 1638 3955 ad
1672 3916 1755 3955 va-

151 4000 235 4054 ria
271 4011 518 4069 tempora
553 3997 924 4067 protendatur,
966 3997 1162 4051 mirum
1193 4010 1299 4049 non
1329 4004 1411 4049 est
1439 3995 1485 4048 si
1517 4008 1621 4048 non
1659 4008 1753 4048 ea-

153 4095 284 4147 dem
314 4092 561 4147 omuium
587 4089 689 4145 fuit
714 4092 781 4145 de
801 4090 917 4161 ejus
944 4088 1177 4144 auctoris
1202 4096 1359 4142 atate
1385 4086 1671 4142 sententia.
1695 4086 1752 4140 In

152 4186 442 4256 plerisque
479 4184 678 4249 editis,
719 4182 806 4237 ubi
846 4182 945 4236 sub
980 4180 1101 4235 libri
1145 4196 1199 4235 xt
1245 4180 1490 4235 Historiae
1519 4178 1756 4234 Franco-

150 4295 303 4347 rum,
337 4289 435 4332 aut
464 4288 617 4333 certe
645 4273 966 4344 Appendicis
997 4275 1061 4328 ad
1088 4272 1331 4344 Gregorii
1364 4271 1655 4326 Historiam
1687 4271 1756 4324 ti-

156 4372 292 4423 tulis
319 4377 525 4432 exstat,
559 4381 727 4436 usque
753 4366 819 4420 ad
847 4365 1023 4419 Caroli
1052 4364 1275 4419 Martelli
1303 4372 1527 4418 mortem
1554 4365 1753 4433 pertin-

148 4464 253 4531 git.
288 4460 662 4516 Consentiunt
691 4458 905 4513 codices
947 4467 1053 4511 tres
1091 4456 1311 4526 scripti,
1355 4456 1446 4525 qui
1493 4456 1619 4510 illud
1644 4499 1659 4525 ,
1698 4464 1757 4509 ut

1851 3246 1979 3299 teris
2017 3244 2263 3314 quadrati
2311 3244 2476 3295 turnia
2521 3250 2577 3295 et
2623 3239 2926 3311 tuajusculis
2964 3242 3188 3307 litteris,
3236 3243 3431 3310 quibus

1850 3339 2082 3402 scriptus
2110 3342 2210 3394 est,
2243 3348 2424 3385 verum
2454 3332 2613 3386 etiam
2643 3346 2707 3384 ex
2747 3328 2852 3385 illis
2891 3332 3050 3385 rebus
3079 3347 3196 3401 quae
3226 3332 3279 3386 in
3312 3336 3427 3402 ipso

1849 3435 2211 3479 continentur.
2246 3423 2375 3476 Nam
2405 3426 2676 3491 catalogus
2707 3423 3011 3490 pontilicum
3043 3422 3427 3493 Romanorum,

1851 3520 1962 3589 qui,
1996 3530 2052 3573 ut
2081 3533 2237 3586 supra
2264 3516 2574 3571 dicebamus
2594 3557 2608 3581 ,
2642 3515 2693 3568 in
2725 3516 2895 3583 primo
2923 3517 3254 3571 collectionis
3295 3518 3432 3573 libro

1853 3612 2081 3664 ἰηενιιιις
2109 3619 2213 3670 est,
2240 3607 2429 3663 desinit
2455 3608 2506 3662 in
2533 3608 2840 3677 Theodoro,
2860 3609 2945 3677 qui
2969 3607 3220 3663 Romamn
3245 3609 3434 3665 Eccle-

1853 3708 1946 3756 siie
1975 3705 2042 3754 ab
2073 3718 2217 3756 anno
2247 3701 2349 3753 61ιὲ
2388 3701 2452 3753 ad
2494 3698 2597 3754 649
2640 3700 2868 3768 praefuit.
2915 3700 3211 3769 Sequentes
3252 3710 3430 3757 autem

1857 3798 2134 3867 pontilices
2159 3797 2223 3849 ad
2259 3794 2581 3847 Hadrianum
2614 3794 2632 3846 l
2663 3804 3030 3860 recensentur,
3077 3796 3169 3849 sed
3198 3795 3329 3861 alia,
3373 3805 3428 3851 et

1854 3889 2067 3957 quidem
2101 3888 2257 3955 paulo
2291 3886 2572 3940 recentiori
2624 3901 2800 3938 manu.
2831 3884 3109 3939 Consentit
3148 3887 3434 3955 imperato-

1857 3995 1970 4032 rum
1998 3978 2357 4031 Romanorum
2380 3976 2569 4041 series,
2603 3992 2720 4046 qua:
2745 3976 2810 4029 ad
2841 3977 3171 4046 trigesimum
3204 3977 3433 4046 primum
3468 3966 3471 3967 ν

1858 4069 2085 4125 lleraclii
2111 4070 2318 4137 imperii
2344 4084 2565 4133 annum,
2599 4069 2650 4121 id
2682 4078 2766 4121 est
2789 4068 2856 4123 ad
2890 4070 3124 4138 vulgaris
3168 4085 3289 4123 terte
3329 4071 3428 4127 641

1857 4162 2165 4227 deducitur,
2196 4176 2256 4215 ac
2299 4159 2522 4230 proinde
2564 4160 2629 4214 ad
2661 4161 2829 4230 ipsum
2872 4161 3163 4217 Clilodovei
3199 4163 3433 4233 junioris

1858 4269 2054 4307 annum
2093 4262 2362 4323 quartum,
2407 4266 2513 4321 quo
2541 4250 2862 4307 Cltronicum
2895 4252 3167 4308 terminari
3217 4267 3438 4311 conten-

1858 4346 2054 4402 dimus.
2080 4345 2160 4399 Ad
2190 4346 2327 4400 idem
2355 4341 2526 4399 ferme
2552 4355 2760 4412 tempus
2786 4359 2872 4399 res
2903 4345 3200 4415 Hispanicae
3229 4348 3436 4406 descri-

1860 4441 2054 4497 buntur
2084 4455 2153 4494 ex
2183 4438 2369 4493 lsidori
2394 4436 2661 4492 Chronico
2702 4454 2715 4490 :
2762 4438 2913 4507 cujus
2947 4438 3183 4493 clausula
3210 4482 3224 4503 ,
3276 4458 3437 4511 quam

145 4526 305 4625 ἐκρε
326 4555 590 4619 diximus,
622 4554 723 4607 sub
752 4552 867 4606 libri
898 4550 1090 4606 decimi
1115 4550 1359 4604 Historiae
1385 4549 1624 4617 Gregorii
1647 4546 1756 4602 Tu-
1783 4526 1835 4586 1)
1860 4547 2016 4603 supra
2045 4547 2109 4587 ex
2135 4531 2322 4587 eodem
2352 4530 2536 4585 codice
2560 4529 2860 4589 retulimus.
2904 4545 3100 4585 annum
3128 4531 3198 4588 40
3224 4530 3444 4588 Chlom-

147 4648 416 4702 roncnsis
444 4645 667 4700 nomine
696 4650 1101 4712 repraesentant.
1133 4640 1174 4694 li
1197 4650 1321 4694 sunt
1341 4640 1510 4694 codex
1539 4637 1760 4693 Colber-

152 4741 343 4804 tinus,
390 4739 486 4808 qui
537 4736 640 4791 sub
678 4735 918 4789 Tbuanei
968 4734 1185 4788 nomine
1226 4731 1454 4787 celebris
1493 4739 1575 4784 est
1621 4727 1758 4797 apud

148 4841 467 4905 Coiutiuni;
504 4839 642 4891 alter
669 4852 730 4891 ex
768 4834 1019 4889 Vaticana
1050 4834 1407 4898 bibliotheca;
1452 4841 1507 4887 et
1532 4828 1757 4896 tertius,

150 4933 201 4988 si
234 4944 424 4987 tamen
454 4947 485 4984 a
523 4929 774 4983 Vaticano
798 4925 1205 4994 distinguendus
1230 4924 1321 4987 sit,
1345 4923 1669 4977 Nazarianus
1693 4939 1756 4975 ex

159 5036 496 5089 bibliotheca
528 5029 949 5099 Archipalatina,
1002 5044 1107 5099 quo
1132 5043 1192 5082 se
1223 5042 1375 5081 usum
1409 5027 1570 5081 luisse
1598 5035 1757 5080 testa~

157 5149 250 5191 tur
283 5133 636 5199 uarquardus
663 5133 934 5188 Freberus
961 5147 976 5183 :
1007 5130 1202 5200 quibus
1231 5145 1397 5195 unus,
1435 5129 1536 5185 nisi
1578 5124 1754 5193 fallor,

158 5239 450 5295 addendos
473 5248 561 5292 est
588 5252 654 5291 ex
684 5232 1008 5289 Canisianis.
1039 5233 1106 5287 At
1137 5247 1258 5286 cum
1290 5233 1404 5300 ipse
1430 5229 1674 5285 Canisius
1708 5232 1757 5283 in

160 5341 392 5395 alteroe
417 5340 530 5393 suis
568 5336 850 5392 codicibus
889 5333 1211 5387 Chronicum
1259 5331 1402 5387 iatud
1437 5332 1504 5385 ad
1551 5330 1758 5400 Pippini

165 5452 399 5495 mortem
428 5456 592 5510 usque
620 5446 933 5508 porrectum
962 5434 1285 5500 invenisset,
1323 5449 1428 5487 non
1457 5434 1628 5487 solum
1659 5433 1760 5485 ad-

164 5545 421 5598 ditiouem
449 5546 601 5599 istam
626 5551 778 5597 tomo
804 5538 847 5590 ll
874 5537 1114 5589 lectionis
1138 5536 1372 5604 antiquae
1395 5532 1639 5596 inseruit,
1665 5532 1760 5586 sed

170 5648 328 5702 etiam
359 5647 477 5705 inde
512 5642 753 5715 sumpsit
795 5638 1131 5693 occasionem
1180 5648 1348 5691 totum
1393 5637 1494 5691 lioc
1530 5634 1759 5689 Chroni-

171 5766 307 5814 Lum.
337 5750 498 5811 immo
522 5761 578 5808 ct
610 5759 787 5806 totam
824 5739 1126 5809 Fredegarii
1158 5740 1526 5799 collectionem
1558 5736 1763 5795 auctori

1863 4632 1925 4685 rii
1960 4630 2099 4696 regis
2124 4629 2339 4692 indicat,
2369 4626 2419 4681 id
2443 4637 2525 4682 est
2545 4625 2747 4681 Christi
2777 4624 2901 4680 625.
2944 4627 3195 4683 Eamdcm
3242 4628 3442 4682 codicis

1862 4722 2227 4793 antiquitatem
2257 4722 2590 4776 demonstrat
2614 4730 2766 4774 vetus
2796 4720 3091 4789 inscriptio,
3124 4736 3245 4787 quae
3273 4722 3325 4774 in
3356 4720 3437 4773 ul-

1864 4818 1987 4870 tima
2021 4816 2208 4887 pagina
2237 4815 2637 4869 characteribus
2663 4812 3039 4883 Merovingicis
3064 4813 3303 4881 apposita
3332 4822 3437 4877 est,

1863 4908 1953 4961 sed
1985 4907 2304 4978 fugientibus
2343 4908 2534 4961 litteris
2577 4907 2647 4960 ob
2681 4914 2997 4960 vetustatem
3042 4919 3177 4974 pene
3213 4904 3437 4972 detrita,

1863 5000 2015 5069 cujus
2043 5000 2293 5066 reliquias
2326 5000 2410 5052 bic
2438 4999 2742 5054 describere
2769 4999 2937 5053 visum
2962 5006 3063 5051 est.
3098 4995 3299 5049 Invenit
3328 4995 3435 5048 Lu-

1863 5092 2023 5143 cerias
2050 5091 2299 5159 presbeter
2328 5104 2565 5143 monacos
2589 5089 2801 5142 ἄοικα..
2837 5098 3067 5141 tamam.
3096 5102 3185 5156 per
3208 5086 3309 5140 ista
3327 5104 3442 5140 cro-

1865 5199 2022 5245 tteca,
2073 5190 2121 5232 ct
2148 5196 2236 5249 per
2265 5182 2368 5233 alia
2408 5196 2732 5233 croneca.....
2778 5178 2913 5246 quod
2948 5187 3275 5247 seplaogenta
3313 5180 3439 5233 anni

1863 5284 2211 5329 sunt..........
2241 5288 2327 5325 sus
2362 5273 2496 5339 quod
2535 5284 2704 5325 sextus
2746 5270 2994 5324 miliarias
3336 5290 3444 5328 esse

1867 5366 2084 5433 explitos
2106 5363 2393 5431 conpotavit
2423 5364 2556 5432 ipsos
2587 5378 2747 5415 annos
2787 5364 2839 5416 in
2878 5379 3147 5430 npen......
3190 5365 3243 5418 in
3270 5366 3440 5419 indic-

1865 5458 1997 5510 tione
2045 5454 2264 5509 exsiente
2304 5454 2452 5506 tertia
2720 5469 2750 5507 ο
2796 5464 2978 5524 quarto
3009 5453 3299 5527 Dagoberlo
3328 5473 3445 5527 reg-

1868 5559 2037 5604 nante.
2087 5547 2163 5604 Ex
2196 5548 2387 5619 quibus
2428 5547 2738 5612 fragmentis
2781 5548 3113 5618 colligimus,
3159 5549 3443 5605 Lucerium

1868 5645 2014 5697 ilium
2039 5646 2353 5699 monachum
2378 5656 2638 5696 annorum
2666 5657 2925 5696 summam
2950 5654 3288 5712 computasse
3308 5657 3444 5697 anno

1868 5744 2049 5806 quarto
2080 5738 2365 5809 Dagoberti,
2400 5736 2675 5792 indictione
2704 5751 2794 5792 xm
2821 5754 2835 5792 :
2858 5737 2998 5807 quod
3030 5738 3096 5792 de
3121 5735 3441 5804 Dagoberto.
