4024 6192
567 317 653 370 111

553 445 657 487 non
700 428 891 498 primo,
927 418 1016 474 sed
1064 412 1240 475 tertio,
1271 422 1426 478 quem
1457 402 1545 459 alii
1592 396 1883 456 secundum
1924 393 2125 457 dicunt,
2154 396 2201 450 Α

555 495 881 578 haud-dubie
924 508 1320 579 intelligendum
1350 510 1462 567 cst,
1512 499 1659 567 cujus
1704 506 1874 550 annus
1911 495 2132 558 quartus

554 630 676 676 eum
706 631 844 672 anno
870 605 1063 665 Christi
1093 602 1197 656 715
1225 596 1498 654 coincidit.
1528 588 1859 655 Proindeque
1885 582 1985 635 hoc
2019 580 2134 647 ipso

542 731 702 779 anno
726 714 833 782 jam
864 706 1093 772 scriptus
1116 707 1231 755 erat
1260 694 1422 747 codex
1455 691 1915 744 Claromontanus,
1962 679 2012 732 id
2054 684 2137 729 est

563 767 863 876 priusquam
893 790 1197 861 Fredegarii
1225 784 1545 840 Chronicum
1572 776 1993 831 continuaretur.
2021 767 2138 821 Cic-

566 911 734 952 terum
752 889 991 947 eamdem
1017 880 1412 950 inseriptionem
1435 876 1485 927 in
1505 872 1689 927 codice
1708 868 2134 922 Claromontano,

564 993 820 1043 autcerte
844 982 895 1035 in
924 980 1092 1033 altero
1131 973 1287 1027 simili
1326 969 1529 1021 viderat
1567 962 1840 1029 Philippus
1870 956 2136 1015 Lahbeus,

568 1081 655 1151 qui
681 1079 732 1132 in
751 1075 982 1145 epitome
1002 1065 1376 1132 chronologica
1399 1059 1465 1113 ad
1490 1070 1685 1110 annum
1707 1052 1830 1115 ³715,
1857 1064 1915 1102 se
1942 1045 2141 1100 vidisse

567 1140 1094 1233 testatur—antiquum
1122 1157 1359 1212 codicem
1403 1166 1503 1204 ms.
1554 1150 1605 1200 in
1651 1160 1755 1213 quo
1795 1140 2013 1195 indictio
2049 1151 2143 1189 χιιι

572 1273 756 1316 mense
800 1228 1036 1325 Angusto
1091 1263 1208 1304 cum
1254 1259 1393 1298 anno
1440 1248 1631 1310 quarto
1672 1231 1954 1303 Dagoberti
2008 1228 2145 1296 regis

574 1349 865 1417 composita
896 1350 1028 1399 erat.

649 1445 772 1495 ita.
807 1439 920 1492 Alia
952 1442 1075 1488 sunt
1102 1432 1317 1496 insuper
1337 1423 1527 1478 indicia
1562 1434 1664 1473 non
1692 1430 1873 1484 pauca,
1892 1426 2010 1481 qua:
2038 1408 2148 1461 sin—

577 1550 756 1589 rerum
790 1525 1091 1596 Fredegarii
1122 1517 1443 1575 Chronicum
1484 1514 1539 1566 in
1576 1511 1747 1579 capite
1794 1507 1861 1560 90
1904 1504 2151 1557 desinere

579 1626 717 1681 haud
750 1624 974 1678 obscure
1001 1617 1285 1673 insinuant.
1320 1610 1449 1664 Nam
1478 1616 1531 1661 et
1556 1604 1645 1658 alii
1688 1602 1897 1655 codices
1945 1596 2030 1665 qui
2073 1594 2181 1647 to-'

581 1728 686 1771 tam
718 1712 1018 1782 Fredegarii
1047 1706 1411 1763 collectionem
1433 1698 1725 1762 continent,
1753 1694 1850 1747 etsi
1879 1692 2155 1744 continua-

581 1823 722 1864 tores
747 1805 1013 1861 Chronico
1042 1799 1351 1868 subjuoctos
1375 1792 1680 1851 exhibeant,
1703 1784 1957 1855 quasdam
1980 1792 2154 1835 tamen

582 1899 875 1970 praeferunt
903 1906 1075 1957 notas,
1108 1906 1227 1959 qua:
1254 1889 1461 1941 diversa
1492 1897 1611 1937 esse
1641 1893 1800 1947 opera
1827 1878 2068 1929 innuunt.
2101 1869 2157 1923 In

585 1996 669 2050 his
701 1991 1027 2048 Boherianus
1057 1986 1222 2042 codex
1253 1982 1483 2051 spatium
1508 1976 1721 2045 aliquod
1750 1975 1887 2025 inter
1912 1977 2071 2035 caput
2090 1963 2161 2018 90

585 2098 637 2142 et
666 2086 1065 2139 continuatores
1110 2076 1343 2146 reliquit.
1377 2070 1513 2138 Quin
1553 2077 1606 2120 et
1645 2068 1694 2117 in
1728 2062 1954 2131 capitum
1989 2056 2163 2110 indice

588 2194 691 2234 non
727 2177 875 2246 plura
914 2187 1069 2243 quam
1104 2169 1171 2223 90
1200 2167 1515 2220 indicantur.
1550 2156 1749 2211 Eadem
1783 2153 1940 2206 habet
1967 2147 2163 2203 Frede-

590 2275 717 2345 garii
745 2267 904 2325 editio
931 2241 959 2316 a
992 2257 1303 2330 Marquardo
1332 2253 1567 2307 Frchero
1593 2248 1865 2301 adornata.
1892 2241 2167 2296 Aimoinus

594 2332 745 2439 plura
776 2380 878 2418 non
908 2359 1133 2419 viderat,
1161 2361 1214 2406 ut
1239 2349 1488 2404 observat
1517 2338 1883 2395 llenschenius
1914 2337 1968 2388 in
1993 2332 2168 2386 Vitam

594 2426 763 2518 sancti
801 2450 1050 2523 Sigiberti
1080 2457 1222 2501 tomo
1258 2442 1275 2495 l
1320 2434 1631 2497 Februarii,
1673 2430 1763 2485 ubi
1791 2438 1845 2483 et
1874 2426 2054 2481 laudat
2082 2437 2170 2478 co-

599 2554 774 2610 dicem
805 2519 1109 2602 hlelchioris
1130 2532 1368 2594 Goldasti
1408 2530 1474 2583 ab
1503 2526 1657 2581 annis
1680 2522 1891 2578 circiter
1912 2519 2015 2575 600
2040 2532 2170 2571 con-

599 2646 888 2713 scriptum,
934 2637 986 2689 in
1031 2646 1138 2703 quo
1176 2623 1499 2682 Chronicum
1553 2614 1860 2683 Fredegarii
1913 2610 2176 2676 capitibus

601 2737 815 2791 omnino
842 2729 910 2785 90
940 2720 1294 2784 concluditur,
1326 2714 1569 2783 appnsita
1592 2709 1751 2763 etiam
1788 2704 1992 2773 vulgari
2031 2701 2177 2755 clau-

605 2832 720 2886 sula
748 2823 974 2895 explicit,
1009 2829 1125 2885 quat
1154 2825 1286 2880 opus
1316 2805 1607 2876 perfeCtum
1637 2798 1856 2853 indicat.
1888 2791 2019 2847 Aliae
2052 2792 2177 2844 item

605 2929 726 2977 sunt
752 2881 1177 2973 contionaturum
1206 2917 1237 2956 a
1265 2899 1439 2970 primo
1462 2890 1711 2950 Chronici
1739 2889 1999 2956 scriptore
2030 2881 2181 2937 diffe-

607 3009 810 3067 rentiae.
842 2998 1193 3070 Fredegarins
1222 3008 1307 3048 res
1330 2997 1505 3061 gestas
1539 3000 1631 3054 per
1650 2994 1818 3036 annos
1843 2992 2025 3048 regum
2052 2975 2185 3030 Bur—

609 3099 812 3173 gundiae
851 3096 1178 3165 digesserat,
1220 3092 1646 3151 unamquamque
1686 3086 1785 3127 suo
1823 3072 1944 3126 loco
1983 3078 2039 3123 et
2084 3081 2185 3122 suo

1973 268 2358 334 PBEFATIO.

3713 252 3841 303 H9.

2230 386 2382 440 detur
2408 399 2436 437 a
2467 380 2917 441 consarcinatone,
2952 382 3008 428 ut
3036 371 3258 436 hiatum,
3289 368 3379 438 qui
3424 369 3565 421 inter
3608 364 3840 419 Frede-

2234 479 2363 549 garii
2392 474 2710 531 Chronicum
2740 480 2792 526 et
2820 466 3068 523 secunda:
3095 462 3261 532 partis
3286 471 3557 515 auctorem
3591 458 3843 525 interja-

2233 572 2406 633 cehat,
2436 566 2728 636 suppleret.
2764 562 2840 615 Ad
2872 559 2922 614 id
2951 571 3078 611 usus
3107 564 3192 610 est
3218 554 3309 608 ille
3337 550 3649 606 auctoribus
3679 550 3844 600 anti~

2235 664 2352 733 quis
2377 660 2608 730 quidem,
2642 655 2734 711 sed
2775 650 3026 706 fabulosis
3058 667 3073 703 :
3107 646 3247 700 unde
3287 658 3375 699 res
3413 642 3706 711 plurimum
3756 638 3843 691 ab

2237 731 2377 807 anno
2407 749 2510 802 642
2552 748 2617 801 ad
2659 745 2785 809 68'l,
2834 757 2967 813 quos
3009 737 3397 803 complectitur,
3429 733 3655 788 confuse
3687 731 3843 784 refe-

2239 854 2447 899 runtur.
2479 839 2720 896 Secunda
2752 850 2875 905 pars
2896 849 3011 901 qum
3042 829 3229 897 incipit
3254 827 3426 896 capite
3453 827 3521 878 97
3544 822 3752 877 desinit
3772 824 3840 875 in

2241 935 2410 991 media
2446 941 2593 999 parte
2624 928 2812 998 capitis
2842 926 2962 991 l09,
2993 924 3076 975 his
3108 920 3282 974 verbis
3310 915 3547 987 Regnum
3579 913 3843 966 Franco-

2242 1044 2386 1092 rum;
2412 1025 2564 1094 cujus
2586 1031 2770 1075 auctor
2797 1032 2883 1071 res
2913 1014 3242 1085 potissimum
3271 1012 3323 1063 in
3349 1008 3625 1062 Austrasia
3650 1012 3849 1073 gestas

2246 1122 2311 1174 ab
2334 1132 2473 1173 anno
2500 1116 2604 1168 (380
2630 1111 2698 1166 ad
2726 1109 2829 1163 750
2860 1117 3060 1171 narrat,
3084 1114 3139 1159 et
3162 1102 3377 1171 quidem
3403 1099 3533 1155 satis
3554 1104 3847 1151 accurate.

2247 1210 2477 1266 IEtatem
2512 1220 2661 1261 suam
2696 1201 2870 1272 prodit
2895 1198 3068 1267 capite
3102 1196 3223 1257 109,
3255 1193 3345 1246 ubi
3368 1204 3632 1246 annorum
3663 1186 3851 1240 curri-

2250 1304 2365 1356 cuia
2396 1298 2659 1368 replicans
2682 1340 2698 1363 ,
2745 1308 2803 1348 se
2851 1288 3092 1345 kalendis
3134 1286 3260 1353 ipsis
3289 1284 3526 1340 Januarii
3570 1281 3701 1335 anni
3733 1279 3853 1332 755

2252 1396 2486 1454 scribere
2514 1392 2731 1453 indicat,
2757 1387 2845 1457 qui
2868 1398 3040 1440 annus
3058 1384 3205 1450 juxta
3227 1386 3466 1435 nostrum
3487 1372 3853 1444 computandi

2257 1489 2474 1546 modum
2505 1501 2532 1537 a
2564 1480 2816 1538 Januario
2846 1477 3104 1543 incipiens
3130 1472 3231 1525 756
3260 1468 3462 1524 censeri
3486 1466 3669 1520 debet.
3706 1464 3854 1517 Pars

2259 1581 2412 1636 tertia
2435 1596 2463 1632 a
2489 1575 2661 1644 capite
2697 1573 2792 1626 109
2828 1570 2893 1623 ad
2928 1568 3028 1622 118
3057 1565 3423 1626 continuatur,
3468 1558 3519 1612 id
3559 1566 3643 1611 est
3676 1555 3749 1608 ab
3781 1568 3857 1608 eo

2260 1686 2500 1743 tempore
2530 1686 2635 1740 quo
2664 1666 2810 1735 prior
2837 1660 3017 1724 desiit,
3047 1657 3114 1712 ad
3147 1655 3351 1724 Pippini
3376 1651 3516 1721 regis
3547 1650 3855 1716 inaugura-

2184 1762 2231 1822 B
2263 1738 2479 1829 tionem,
2509 1738 2626 1831 qua:
2657 1772 2798 1813 anno
2826 1752 2931 1808 752
2958 1754 3093 1806 facta
3122 1758 3226 1804 est.
3260 1746 3406 1801 Hanc
3432 1745 3585 1812 jussu
3615 1738 3856 1794 Childe-

2261 1858 2449 1914 brandi
2471 1855 2710 1925 ejusdem
2732 1848 2871 1917 regis
2896 1845 3069 1916 patrui
3104 1843 3351 1909 scriptam
3380 1835 3543 1890 fuisse
3577 1833 3687 1900 jam
3734 1844 3857 1883 mo-

2264 1950 2494 2011 nuimus,
2518 1961 2582 1999 ex
2607 1941 2770 1997 veteri
2801 1935 3168 2004 inscriptione,
3194 1929 3332 1984 unde
3354 1926 3512 1982 etiam
3536 1922 3602 1976 ab
3621 1929 3860 1976 auctore

2264 2042 2453 2111 mquali
2484 2052 2600 2091 eam
2630 2035 2792 2087 fuisse
2818 2038 3087 2083 exaratam
3115 2022 3435 2091 colligimus.
3468 2015 3694 2082 Reliqua
3717 2024 3859 2065 vero

2266 2102 2384 2203 qua:
2408 2136 2702 2197 sequuntur
2729 2123 2793 2176 ad
2826 2118 3033 2188 Pippini
3065 2115 3287 2176 obitum,
3328 2124 3433 2179 quo
3461 2117 3570 2161 tota
3596 2102 3863 2159 collectio

2269 2199 2591 2285 absolvitur,
2631 2218 2779 2287 jussu
2821 2210 3097 2279 Nibelungi
3141 2201 3515 2262 Childebrandi
3582 2199 3675 2253 filii
3716 2211 3862 2251 eon-

2272 2317 2467 2383 scripta
2496 2312 2659 2364 fuisse
2690 2302 3086 2360 indicateadem
3107 2295 3401 2363 inscriptio.
3437 2296 3515 2346 An
3545 2302 3675 2343 vero
3706 2287 3857 2340 idem

2274 2376 2398 2473 ipse
2418 2403 2489 2456 sit
2514 2409 2722 2461 auctor,
2750 2393 2839 2467 qui
2870 2403 2979 2447 tum
3001 2385 3403 2447 Childebrandi,
3428 2392 3538 2436 tum
3569 2376 3857 2445 Nibelungi

2273 2501 2420 2569 jussu
2450 2491 2756 2562 scripserit,
2789 2504 2851 2543 ex
2901 2484 3248 2553 inscriptione
3285 2478 3521 2533 divinare
3551 2488 3657 2527 non
3686 2472 3818 2525 licet
3845 2509 3867 2533 ,

2278 2604 2378 2646 nec
2406 2586 2608 2643 rescire
2638 2582 2862 2637 multum
2890 2579 3131 2633 interest.
3162 2575 3210 2627 ls
3237 2578 3320 2626 est
3361 2568 3581 2623 forsitan
3608 2565 3743 2632 ipse,
3769 2561 3869 2633 qui

2281 2682 2378 2735 has
2403 2691 2590 2733 omnes
2614 2671 3040 2728 continuationes
3082 2669 3132 2720 in
3172 2679 3332 2719 unum
3374 2674 3567 2728 corpus
3616 2656 3870 2723 redegit,

2281 2773 2528 2841 adjuncta
2569 2785 2634 2823 ex
2674 2766 2849 2820 Gestis
2891 2764 3213 2817 Francorum
3256 2767 3305 2809 et
3338 2757 3613 2820 Anonymo
3655 2749 3870 2818 Diony-

2283 2866 2435 2921 siano
2466 2864 2629 2933 prima
2660 2867 2810 2929 parte
2833 2900 2847 2923 ,
2878 2869 2945 2909 ne
2986 2855 3121 2907 inter
3154 2847 3532 2917 Fredegarium
3575 2852 3631 2897 et
3671 2856 3873 2894 secun-

2286 2958 2410 3013 dum
2442 2953 2869 3009 continuatorem
2900 2947 3076 2999 hiatus
3105 2951 3251 2997 esset
3278 2952 3538 2994 annorum
3570 2934 3788 3004 triginta
3815 2941 3877 2987 et

2288 3065 2503 3105 novem.
2535 3049 2695 3103 Certe
2721 3045 2771 3099 id
2822 3045 3043 3096 innuere
3090 3038 3296 3093 videtur
3341 3046 3482 3101 saepe
3527 3028 3737 3084 laudata
3784 3028 3877 3080 in-

610 3124 812 3173 guuurae
851 3124 1178 3165 υιδυδδυιαι,
1221 3124 1645 3151 ...ι-...ηιη-..ηγη
1687 3124 1774 3127 ___
1827 3124 1867 3126 ﬁ

610 3206 850 3264 tempore
872 3188 1133 3244 referens.
1163 3184 1259 3234 Ast
1284 3176 1373 3247 qui
1407 3174 1606 3240 primus
1631 3176 1747 3237 post
1775 3173 1933 3234 caput
1959 3162 2027 3215 90
2055 3174 2179 3214 con-
2213 3137 2258 3196 C
2289 3143 2527 3214 scriptio.
2579 3140 2645 3193 Et
2683 3136 2898 3208 quidem
2928 3147 3114 3187 omnes
3164 3132 3257 3183 has
3283 3124 3658 3183 chronicorum
3691 3129 3880 3187 partes

1705 3261 1714 3264 -
1774 3259 1785 3264 -
1811 3258 1821 3264 -
2293 3249 2455 3264 ...ηηη
2490 3230 2725 3264 ιιῖείηιιῖιη
2768 3241 2961 3264 nm-mm
3001 3226 3106 3264 inm
3153 3222 3349 3264 emculn
3394 3232 3531 3264 nono
3571 3214 3880 3264 confecisse

613 3288 869 3349 tinunvit,
916 3274 1279 3347 compluribus
1307 3267 1542 3332 omissis,
1582 3258 1879 3332 posthabita
1925 3267 2185 3308 annorum

615 3394 663 3437 et
696 3393 876 3449 regum
908 3373 1074 3437 serie,
1120 3365 1282 3421 multa
1332 3362 1385 3415 in
1429 3372 1591 3413 unum
1638 3350 1896 3420 congerit.
1936 3343 2188 3416 Sigiberti

616 3436 910 3546 gestauqua:
937 3436 1290 3529 Fredegarius
1320 3449 1597 3506 inchoarat
1615 3486 1627 3505 ,
1651 3442 1862 3512 penitus
1889 3436 2106 3502 omittit,
2138 3440 2186 3487 et

1408 3541 1419 3546 ·
1518 3537 1529 3546 ·
1662 3533 1729 3546 HA
1798 3528 1951 3546 ’κιαι
2011 3533 2095 3546 -.-.
2129 3523 2186 3546 ,ιη

619 3523 684 3621 ile
710 3523 870 3617 unu‘m
898 3523 1361 3622 quidem—verbum
1391 3541 1458 3594 de
1485 3537 1599 3606 ejus
1626 3533 1773 3589 obitu
1798 3528 1976 3594 habet,
2009 3533 2101 3578 aut
2125 3523 2193 3577 de

760 3655 878 3722 ejus
908 3617 1194 3717 bagoberti
1234 3637 1466 3697 fortuna,
1506 3628 1595 3699 qui
1638 3620 1925 3679 Grimoaldi
1968 3617 2196 3671 factione

623 3753 674 3807 in
704 3716 937 3804 Scotiam
969 3716 1377 3805 transportatus,
1406 3734 1461 3782 et
1508 3733 1689 3793 postea
1717 3734 1746 3772 a
1797 3716 1945 3785 regni
2008 3723 2196 3779 proce-

625 3842 773 3895 ribus
800 3798 1368 3891 revocattts,'regtium
1409 3824 1686 3887 paternum
1728 3802 2030 3875 aliquandiu
2060 3798 2200 3854 obti-

626 3936 761 3991 nuit.
788 3930 868 3986 Ad
900 3929 1016 3982 haec
1041 3932 1300 3978 annorum
1329 3915 1439 3968 fere
1462 3918 1675 3965 centum
1704 3917 1790 3957 res
1816 3908 1998 3972 gestas
2028 3891 2202 3963 magni

630 4023 886 4083 momenti
915 4028 1141 4089 quatuor
1169 4020 1261 4066 aut
1288 4007 1519 4078 quinque
1548 3997 1773 4071 pagellis
1800 3993 2077 4051 conclusit.
2104 3988 2206 4057 Qui

631 4132 763 4176 vero
783 4129 905 4172 eum
933 4108 1099 4166 secuti
1121 4112 1246 4160 sunt
1272 4099 1365 4155 alii
1384 4096 1799 4153 continuatores,
1823 4087 1913 4157 qui
1936 4098 2033 4139 suo
2054 4082 2208 4152 quis-

636 4227 739 4281 que
769 4207 925 4263 modo
953 4218 1040 4258 res
1063 4208 1240 4269 gestas
1260 4192 1663 4248 enarraverunt.
1690 4180 1887 4234 Horum
1915 4176 2119 4242 aliquos
2143 4186 2208 4225 ex

638 4302 909 4364 Austrasia
964 4296 1126 4351 fuisse
1181 4286 1369 4359 probat
1419 4277 1656 4335 maxima
1710 4274 1762 4325 in
1819 4264 2213 4323 Austrasiorum

640 4353 874 4463 reges—et
901 4353 1507 4459 principes-propensio.
1546 4363 1788 4431 Denique
1818 4356 1948 4412 nihil
1978 4355 2045 4409 de
2076 4353 2213 4407 Lan-

642 4442 994 4555 gobardoritm
1026 4442 1425 4530 etGottborum
1473 4456 1707 4525 regibus,
1748 4449 1971 4516 aliisque
2011 4442 2217 4496 vicina-

644 4525 764 4633 lrsum
801 4568 1040 4642 gentium
1072 4556 1398 4633 principibus
1429 4548 1646 4608 habent,
1675 4554 1905 4613 quorum
1954 4544 2132 4590 tamen
2162 4546 2221 4585 se
2245 4525 2300 4587 D

647 4673 777 4724 riem
802 4623 861 4720 ξι
888 4623 1179 4726 insigni-ora
1209 4623 1346 4704 facta
1376 4641 1579 4699 referre
1609 4635 1815 4691 solebat
1844 4623 2217 4695 Fredegarius.

718 4757 840 4814 M5.
873 4716 1214 4814 Cumvitaque
1251 4747 1498 4795 constare
1538 4730 1759 4791 debeat,
1798 4724 2063 4778 sincerum
2094 4716 2228 4770 Fre-

647 4850 847 4924 degarii
867 4841 1189 4901 Chronicum
1209 4835 1349 4889 ultra
1368 4827 1540 4897 capita
1560 4825 1628 4878 90
1650 4817 1894 4890 protendi
1918 4830 2021 4868 non
2045 4825 2225 4881 posse,

651 4902 822 5001 viscum
851 4949 933 4995 est
963 4935 1133 5004 ipsum
1167 4930 1265 4982 hac
1291 4925 1344 4979 in
1376 4928 1558 4976 nostra
1599 4913 1830 4970 editione
1858 4924 1885 4962 a
1916 4906 2027 4961 suis
2053 4902 2223 4959 conti-

653 5034 996 5094 nuatorihns,
1048 5028 1210 5079 immo
1231 5027 1285 5074 et
1326 5016 1471 5084 ipsos
1517 5006 1914 5063 continuatores
1956 4997 2221 5058 diversos,

655 5131 743 5201 qui
774 5135 929 5182 antea
957 5122 1009 5175 in
1036 5129 1198 5171 unum
1240 5102 1721 5165 confundebantur,
1765 5095 1831 5147 ab
1874 5091 2097 5145 invicem
2144 5101 2229 5141 se-

659 5180 900 5273 cernere.
930 5211 1168 5278 Quatuor
1196 5203 1248 5257 in
1273 5207 1449 5267 partes
1476 5186 1729 5247 Chronici
1766 5180 2072 5252 Fredegarii
2101 5193 2230 5232 con-

662 5306 1005 5362 tinuationem
1037 5291 1375 5353 dividendam
1404 5299 1525 5341 esse
1557 5290 1857 5339 censemus,
1902 5269 2043 5340 quod
2084 5275 2231 5338 patet

666 5405 776 5450 tum
803 5408 868 5447 ex
896 5388 1016 5455 styli
1044 5385 1371 5442 diversitate,
1410 5386 1517 5430 tum
1550 5386 1613 5426 ex
1645 5368 1746 5422 alio
1777 5374 1832 5420 et
1860 5362 1964 5415 alio
1996 5375 2083 5414 res
2111 5372 2229 5426 ges-

669 5500 752 5543 tas
780 5479 1061 5539 enarrandi
1090 5476 1270 5540 modo,
1300 5474 1463 5525 immo
1500 5476 1552 5519 et
1592 5480 1656 5516 ex
1695 5458 2010 5525 scriptorum
2051 5459 2228 5514 aetate,

671 5592 788 5647 quae
819 5581 1193 5634 nonnunquam
1236 5562 1517 5617 indicatur.
1562 5553 1691 5605 Pars
1732 5549 1873 5617 prior
1900 5552 2057 5613 caput
2084 5542 2147 5596 91
2179 5547 2235 5594 et

675 5674 909 5744 quinque
957 5659 1227 5730 sequentia
1278 5648 1670 5719 complectitur,
1721 5640 1952 5695 minima:
2000 5634 2235 5689 omnium

1618 5736 1648 5744 --
1853 5742 1887 5744 η
1966 5725 2125 5744 γης.-
2162 5722 2209 5744 -.ι

678 5722 1003 5820 auctoritatis
1056 5760 1111 5805 ut
1141 5756 1261 5815 pote
1290 5758 1407 5812 qu:e
1438 5748 1551 5807 post
1585 5736 1712 5787 alias
1755 5742 1926 5798 partes
1957 5725 2130 5779 addita
2162 5722 2243 5775 vi-

2293 3249 2456 3289 unum
2490 3230 2725 3286 historia:
2768 3241 2962 3295 corpus
2997 3226 3106 3293 jam
3152 3222 3349 3277 smculo
3394 3232 3531 3273 nono
3571 3214 3881 3269 confecisse

2296 3335 2441 3395 patet
2467 3341 2530 3378 ex
2560 3324 2744 3378 codice
2773 3320 3008 3383 Jurensi,
3040 3334 3069 3371 a
3098 3317 3358 3371 Mannone
3387 3314 3503 3379 ejus
3535 3310 3635 3365 loci
3668 3323 3882 3377 praepu-

2297 3422 2399 3473 sito
2425 3418 2523 3473 sub
2551 3418 2756 3471 exitum
2784 3414 2965 3469 saeculi
3001 3412 3122 3465 noni
3151 3409 3216 3464 ad
3242 3407 3410 3463 sancti
3440 3404 3677 3472 Eugeodi
3704 3401 3882 3471 sepul-

2298 3526 2447 3567 crum
2475 3510 2687 3573 oblato,
2735 3521 2839 3577 quo
2877 3506 2929 3560 in
2961 3504 3144 3559 codice
3176 3502 3228 3555 hi
3260 3513 3445 3554 omnes
3469 3495 3881 3550 continuatores

2300 3602 2456 3656 simul
2478 3600 2646 3670 juncti
2667 3598 3000 3653 exhibentur.
3019 3594 3109 3648 Sic
3124 3594 3282 3647 etiam
3296 3604 3387 3644 eos
3403 3585 3774 3643 exhibentduo
3790 3584 3883 3637 alii

2301 3698 2539 3759 codices,
2560 3690 2887 3747 Boherianus
2908 3686 3108 3741 scilicet
3125 3683 3338 3753 optima:
3357 3689 3495 3733 notae
3518 3678 3585 3730 ab
3606 3674 3887 3731 annisGttt)

2304 3791 2555 3858 scriptus,
2579 3795 2631 3838 et
2652 3783 2782 3837 alter
2802 3793 3009 3842 eorum,
3032 3792 3093 3829 ex
3119 3774 3310 3845 quibus
3329 3770 3569 3825 Canisius
3592 3767 3890 3821 editionem

2307 3899 2455 3941 suam
2487 3877 2787 3933 adornavit.
2821 3872 3139 3928 Chronicum
3175 3877 3347 3921 tamen
3383 3858 3686 3931 Fredegarii
3734 3873 3889 3912 seor-

2309 3976 2408 4030 sim
2439 3988 2467 4026 a
2498 3970 2611 4024 suis
2640 3961 3132 4023 contionatoribus,
3169 3959 3329 4011 immo
3355 3964 3409 4009 et
3437 3952 3671 4020 singulas
3699 3952 3886 4003 centi-

2312 4065 2580 4126 nuationis
2609 4071 2784 4134 partes
2813 4059 2914 4113 sub
2941 4056 3051 4109 suis
3096 4067 3334 4123 quasque
3379 4050 3543 4104 titulis
3590 4045 3856 4101 edidimus
3876 4084 3892 4107 ,

2315 4178 2380 4216 ne
2408 4169 2484 4214 tot
2507 4166 2780 4213 auctorum
2803 4148 3047 4208 confusio
3075 4146 3361 4200 lectoribus
3385 4142 3651 4211 negotium
3676 4137 3894 4204 aliquod

2316 4255 2624 4309 facesseret.
2658 4245 2908 4302 Ultimam
2941 4256 3070 4295 vero
3101 4248 3328 4307 partem.
3370 4248 3485 4303 qua:
3528 4230 3669 4283 nulla
3709 4227 3896 4280 hacte-

2318 4361 2418 4400 nus
2446 4341 2675 4409 capitnm
2705 4336 2965 4389 divisione
2993 4330 3239 4384 distincta
3273 4325 3387 4387 fuit,
3411 4323 3463 4375 in
3488 4320 3633 4372 varia
3661 4317 3898 4385 capitula

2321 4437 2391 4493 ob
2417 4432 2698 4504 legentium
2731 4423 3068 4480 commodum
3101 4418 3282 4490 partiri
3315 4417 3488 4468 visum
3518 4420 3617 4464 est.

2398 4498 2520 4581 Hii.
2563 4524 2641 4577 Ex
2675 4522 2758 4574 his
2789 4529 2963 4572 autem
2992 4512 3238 4567 omnibus
3268 4521 3385 4572 quae
3412 4504 3663 4567 diximus,
3694 4498 3903 4552 Frede—

2327 4621 2460 4692 garii
2504 4627 2712 4672 mtatcm
2752 4611 3001 4678 colligere
3045 4621 3148 4659 non
3196 4598 3479 4656 admodum
3522 4594 3739 4647 difﬁcile
3780 4591 3902 4643 erit.

2328 4713 2458 4767 Cum
2492 4709 2631 4764 enim
2671 4703 2992 4759 Chronicum
3039 4696 3152 4765 ejus
3200 4705 3342 4745 anno
3387 4691 3480 4744 641
3530 4683 3902 4747 concludatur,

2328 4802 2651 4872 passimque,
2671 4804 2725 4849 et
2753 4791 3083 4862 potissimum
3115 4788 3165 4839 in
3192 4781 3520 4850 praefatione,
3544 4784 3818 4829 asseveret
3844 4786 3905 4825 ea

2328 4907 2449 4962 qua:
2479 4865 2719 4943 audierat
2746 4887 2860 4953 ipse
2903 4890 2957 4936 et
2995 4879 3228 4936 viderat,
3261 4882 3351 4927 aut
3376 4881 3520 4925 certe
3550 4869 3791 4935 legerat,
3824 4865 3907 4916 vel

2331 4980 2545 5037 aliunde
2582 4977 2889 5044 certiﬁcatiis
2933 4976 3256 5039 cognoverat
3299 4979 3359 5019 se
3401 4975 3521 5016 esse
3565 4957 3908 5024 scripturum,

2336 5089 2494 5130 nemo
2523 5080 2605 5126 est
2633 5068 2720 5136 qui
2749 5063 2973 5120 inliciari
3003 5061 3169 5132 possit
3190 5073 3309 5112 eum
3350 5053 3544 5106 seculo
3577 5050 3807 5116 septimo
3836 5048 3887 5100 la

2336 5166 2496 5221 bente
2522 5162 2788 5218 ﬂoruisse.
2824 5155 2992 5209 Vitam
3024 5153 3217 5221 quippe
3246 5146 3311 5199 ad
3343 5158 3538 5197 annum
3585 5141 3780 5194 saltem
3811 5138 3915 5191 658

2340 5257 2661 5329 protraxisse
2687 5250 2981 5318 colligimus
3010 5260 3074 5297 ex
3103 5241 3276 5308 capite
3321 5236 3388 5290 48
3415 5274 3431 5298 ,
3484 5234 3575 5287 ubi
3620 5232 3915 5285 Samonem

2338 5349 2616 5421 quemdam
2648 5343 3027 5412 negotiatorem
3058 5333 3322 5388 Francum
3347 5329 3397 5379 in
3419 5324 3686 5379 Sclaviam
3722 5320 3914 5373 abiisse

2343 5409 2601 5497 memorat
2627 5409 2768 5490 ann—0
2788 5427 3044 5487 Chlotarii
3076 5424 3166 5488 10,
3194 5421 3244 5475 id
3272 5429 3355 5473 est
3383 5430 3507 5469 serae
3536 5412 3768 5481 vulgaris
3794 5409 3913 5474 61'),

2340 5536 2517 5603 ibique
2545 5530 2770 5584 electum
2800 5524 2850 5576 in
2882 5533 3061 5589 regem
3090 5528 3256 5567 annos
3285 5508 3355 5564 35
3385 5508 3701 5573 imperasse.
3732 5502 3811 5556 Ex
3841 5502 3914 5553 bEs

2344 5591 2502 5682 etiam
2525 5635 2640 5690 qua:
2662 5616 2890 5670 diximus
2911 5610 2977 5664 de
3010 5602 3347 5671 Frcdegario,
3373 5596 3549 5664 colligi
3574 5593 3759 5656 debet,
3786 5591 3915 5643 hunt

2350 5724 2616 5769 auctorem
2653 5702 2909 5773 magnoin
2937 5699 3103 5767 pretio
3125 5692 3259 5762 apud
3292 5689 3431 5745 viros
3464 5685 3707 5740 eruditos
3726 5681 3906 5735 haben-
