4024 6192
211 270 298 325 “'5

1644 262 2032 319 ΡιυιῑπΑτιο.

3364 259 3468 315 ίὶοὶ

232 392 354 441 dum.
372 392 425 432 ut
445 389 572 449 pote
598 367 1051 441 vetustissimum,
1072 374 1332 428 oculatum
1347 383 1399 426 et
1426 373 1655 436 unicum,
1674 373 1801 427 deli-
1829 379 2085 437 Acoram
2112 372 2294 427 videre
2322 387 2385 427 ac
2412 373 2660 428 evolvere
2691 373 2854 441 licuit,
2886 374 3144 433 beneficio
3169 377 3247 433 Ct,
3272 382 3375 438 viri
3400 384 3462 439 [)⁸

243 477 387 529 ciente
410 472 709 539 Gregorio,
744 471 920 538 gentis
964 479 1156 522 nostra;
1195 468 1427 521 historia:
1465 469 1799 535 scriptorem.

254 564 375 620 Unde
410 563 452 615 si
499 564 590 627 qui
622 570 875 612 auctores
917 559 1050 609 forte
1087 565 1391 622 occurrant,
1414 556 1501 624 qui
1524 571 1645 610 eum
1666 571 1804 625 :rgre

256 654 490 709 laudatum
520 651 768 713 voluere,
800 649 885 702 vel
912 649 979 701 de
1020 648 1135 716 ejus
1174 648 1499 701 collectionis
1545 646 1802 709 prioribus

253 746 374 799 libris
414 740 749 809 intelligendi
794 749 938 804 sunt,
986 746 1075 791 aut
1121 747 1268 791 certe
1314 738 1435 806 styli
1487 737 1801 799 barbariem,

253 836 555 901 modumque
588 846 680 886 res
707 831 991 885 enarrandi
1034 830 1187 898 plane
1228 828 1523 893 impolitum
1564 828 1799 883 attende-

250 936 370 987 runt,
402 924 490 978 vel
514 922 748 988 denique
777 919 1096 975 Chronicum
1118 920 1235 987 ejus
1256 920 1321 971 ad
1346 918 1552 988 Pippini
1583 927 1807 973 mortem

250 1031 395 1085 usque
426 1013 709 1084 pertigisse
738 1012 1199 1066 existimaverunt.
1260 1009 1467 1064 Etenim
1498 1010 1541 1063 si
1588 1009 1655 1063 de
1701 1010 1810 1061 sin-

246 1122 353 1160 cero
382 1106 499 1174 ejus
522 1104 796 1157 Chronico
824 1112 1033 1171 agatur,
1062 1100 1224 1169 quod,
1259 1110 1317 1153 ut
1345 1100 1707 1169 probavimus,
1734 1099 1812 1152 ul-

246 1210 315 1252 ira
342 1198 579 1254 Flaocati
611 1206 838 1250 mortem
879 1193 1052 1262 capite
1078 1193 1147 1247 90
1185 1193 1407 1248 relatam
1448 1208 1552 1246 non
1594 1202 1808 1259 proten-

245 1295 394 1355 ditur,
426 1306 588 1346 nemo
619 1300 699 1343 est
729 1288 819 1357 qui
862 1287 1030 1355 ipsum
1072 1286 1299 1354 probare
1340 1300 1442 1339 non
1483 1284 1698 1338 debeat.
1739 1284 1811 1337 Ita

242 1384 391 1438 sentit
420 1380 723 1435 Hadrianus
746 1376 1010 1438 Valesius,
1040 1375 1130 1445 qui
1154 1391 1276 1430 cum
1307 1376 1534 1444 primum
1561 1373 1812 1427 Chronici

242 1477 638 1528 continuatores
682 1485 711 1522 a
764 1468 1083 1537 Fredegario
1130 1482 1235 1521 non
1285 1465 1635 1528 distinxisset,
1692 1464 1813 1534 styli

242 1567 358 1636 ejus
382 1565 626 1620 barbarie
664 1560 922 1625 oﬂ‘ensus,
966 1574 1247 1627 rerumque
1284 1557 1599 1625 scriptarum
1640 1553 1814 1610 brevi—

239 1667 501 1722 tate,eum
524 1670 630 1708 non
650 1652 811 1706 modo
832 1651 1097 1705 indoctum
1121 1649 1500 1718 pronuntiavit,
1517 1647 1607 1701 sed
1630 1650 1811 1711 etiam,

1906 463 2117 518 Boherii
2159 464 2227 519 de
2273 462 2573 528 Saviniaeo,
2613 466 2703 532 qui
2755 466 2917 534 patris
2946 476 2999 520 et
3044 468 3127 522 avi
3177 471 3229 524 in
3262 472 3468 529 litteras

1905 554 2101 608 amoris
2121 569 2223 608 non
2251 555 2424 607 minus
2447 568 2601 623 quam
2620 565 2931 610 caeterarum
2961 559 3142 613 dotum
3164 574 3467 628 successor,

1905 660 2026 699 eum
2052 643 2283 697 Parisios
2312 645 2507 711 attulit,
2530 645 2789 711 nobisque
2808 646 3061 701 utendum
3089 654 3468 708 commodavit.

1905 735 2165 802 Tertium,
2196 736 2284 804 qui
2331 737 2380 790 in
2430 736 2748 791 bibliotheca
2780 736 3087 794 Colbertina
3142 756 3469 807 asservatur,

1912 826 1971 880 V.
2005 826 2083 881 Cl.
2116 826 2389 895 Stephano
2440 827 2655 881 Baluzio
2706 826 3088 884 humanissime
3139 833 3468 889 concedente

1908 918 2232 984 accepimus.
2251 918 2505 982 Quartum
2524 917 2756 987 denique
2776 933 2807 973 e
2830 919 3273 977 Laureshamensi
3300 927 3471 978 sancti

1909 1006 2115 1060 Nazarii
2141 1007 2465 1062 monasterio
2501 1007 2553 1061 in
2585 1007 2893 1064 Vaticanam
2921 1010 3293 1067 bibliothecam
3325 1014 3471 1069 dela-

1913 1108 2044 1161 tum,
2066 1112 2184 1150 cum
2203 1097 2360 1152 editis
2380 1099 2604 1153 contulit
2628 1109 2808 1154 noster
2827 1099 3053 1156 domnus
3080 1102 3331 1159 Claudius
3354 1107 3474 1159 Ste-

1913 1190 2219 1257 phanotius,
2245 1189 2543 1245 indefessus
2578 1190 2875 1246 studiorum
2906 1204 3204 1248 nostrorum
3234 1195 3468 1266 adjutor.

1916 1278 2007 1331 His
2044 1279 2316 1334 codicibus
2344 1279 2572 1335 addendi
2599 1280 2703 1333 duo
2732 1296 2797 1336 ex
2827 1283 3017 1352 quibus
3044 1282 3289 1339 Canisius
3325 1301 3472 1341 suam

1915 1370 2268 1434 Thoromachi,
2299 1381 2356 1425 ut
2393 1382 2564 1437 vocat,
2612 1374 2959 1429 collectionem
3000 1378 3290 1431 historicum
3325 1381 3475 1433 chro-

1914 1464 2276 1533 nographicam
2317 1464 2501 1529 edidit,
2534 1475 2585 1518 et
2618 1466 2802 1520 tertius
2830 1482 2860 1521 e
2892 1466 3129 1521 Palatina
3160 1467 3476 1525 bibliotheca

1914 1570 1944 1608 a
1982 1554 2218 1610 Frehero
2262 1556 2488 1611 collatus
2521 1574 2535 1610 :
2568 1572 2701 1622 quos
2754 1574 2961 1622 omnes,
3003 1575 3066 1614 ac
3101 1561 3363 1617 editiones
3392 1576 3479 1615 va-

1916 1648 2022 1701 rias
2042 1664 2173 1716 quas
2201 1648 2585 1717 consuluimus,
2617 1650 2752 1704 infra
2782 1652 2834 1704 in
2864 1653 3118 1721 peculiari
3140 1653 3313 1709 indice
3337 1654 3481 1709 codi-

237 1757 291 1799 ut
341 1760 463 1815 pate
509 1745 703 1813 lingua:
749 1739 948 1794 Latinio
997 1739 1433 1809 grammaticteque
1476 1738 1712 1808 ignarum
1755 1752 1816 1789 ac
1850 1736 1891 1795 Β
1917 1752 2035 1791 cum
2067 1738 2487 1794 recensebimus.

236 1840 387 1905 plane
416 1838 695 1890 barbarum
726 1849 885 1901 usque
911 1834 981 1884 ad
1012 1831 1273 1898 fastidium
1295 1838 1340 1883 et
1361 1829 1619 1883 horrorem
1646 1826 1815 1898 legen-

233 1932 380 1991 tium,
414 1940 643 1981 exosum
675 1922 879 1977 habuit.
910 1922 979 1975 At
1007 1918 1339 1989 postmodum
1373 1932 1430 1972 re
1455 1917 1707 1972 attentius
1735 1917 1815 1970 in-

231 2027 437 2087 specta,
470 2032 591 2071 cum
616 2013 816 2069 codicis
836 2010 1193 2068 Sirmondiani
1225 2026 1326 2081 ope
1347 2010 1667 2065 Ghronicum
1696 2009 1817 2064 Fre-

228 2106 437 2178 degarii
469 2109 741 2161 sincerum
769 2121 796 2156 a
819 2105 1026 2158 caeteris
1054 2103 1391 2167 secrevisset,
1416 2104 1466 2156 in
1499 2102 1683 2157 laudes
1704 2111 1814 2155 sta-

229 2203 326 2255 tim
384 2199 693 2268 Fredegarii
742 2198 959 2267 erupit,
1008 2197 1205 2265 rejecta
1246 2196 1298 2249 in
1332 2196 1590 2263 temporis
1627 2194 1814 2249 vitium

224 2293 469 2345 auctoris
498 2291 552 2345 in
583 2289 819 2344 dicendo
845 2298 901 2343 et
928 2288 1191 2341 narrando
1219 2287 1478 2341 brevitate
1509 2304 1521 2339 :
1558 2283 1819 2355 Fredega-

223 2388 364 2449 rr'us,
395 2385 587 2453 inquit,
614 2384 687 2435 ita
723 2392 795 2436 est
824 2380 1072 2436 Historiis
1113 2390 1299 2435 nostra:
1333 2381 1662 2441 necessarius.
1692 2388 1746 2431 ut
1774 2379 1818 2431 si

221 2486 463 2542 tempora
488 2472 744 2527 Chlolarii
769 2472 1005 2540 mitioris,
1040 2470 1312 2543 Dugoberti
1357 2485 1416 2522 ac
1459 2468 1732 2523 Chlodovei
1755 2466 1781 2520 Ι
1790 2465 1817 2520 1

221 2577 357 2618 nota
381 2565 566 2618 habere
592 2562 846 2628 volumus,
878 2580 1087 2632 prorsus
1119 2579 1178 2616 eo
1217 2577 1389 2615 carere
1422 2576 1523 2614 non
1549 2562 1817 2631 possimus.

218 2655 459 2709 Fatetur
483 2654 611 2708 alibi
639 2654 843 2708 nullum
874 2653 1037 2706 fuisse
1064 2653 1232 2721 gentis
1262 2661 1455 2707 nostra:
1485 2652 1818 2715 historicum,

216 2746 321 2814 qui
356 2746 475 2814 ejus
499 2744 665 2798 verba
706 2758 832 2798 suos
871 2745 924 2797 in
965 2745 1374 2797 commentarios
1411 2760 1517 2798 non
1558 2744 1821 2800 retulerit.

218 2838 482 2908 Denique
510 2852 635 2891 cum
665 2836 732 2889 ad
760 2851 957 2889 annum
984 2835 1079 2890 641
1113 2838 1163 2889 in
1193 2835 1425 2890 Historia
1457 2850 1632 2890 rerum
1659 2834 1823 2889 Fran-

217 2938 476 2989 cicarnm
520 2934 875 3003 pervenisset,
922 2934 1241 3003 Fredegario
1288 2936 1390 2989 subi
1420 2935 1699 2991 deficiente
1743 2936 1823 2990 sic

216 3031 589 3098 conqueritur
620 3046 632 3082 :
667 3028 1011 3099 Fredegarius
1042 3027 1373 3082 scholasticus
1403 3046 1495 3082 nos
1524 3031 1577 3082 in
1604 3046 1660 3083 eo
1688 3045 1822 3082 anno

1993 1831 2110 1885 MS.
2144 1831 2314 1885 Pauca
2350 1840 2639 1900 supersunt
2666 1847 2782 1901 quae
2810 1832 2875 1887 de
2913 1835 3269 1889 monumentis
3298 1835 3349 1888 in
3375 1838 3480 1903 Ap~

1918 1924 2139 1993 pendice
2166 1925 2232 1978 ad
2265 1924 2417 1992 hujus
2442 1924 2727 1978 voluminis
2755 1926 2953 1980 calcem
2976 1926 3315 1994 superaddita
3336 1927 3481 1981 diea-

1917 2031 2057 2079 mus,
2082 2029 2201 2069 cum
2225 2029 2409 2069 eorum
2432 2015 2667 2070 omnium
2693 2015 2849 2070 index
2886 2030 2982 2070 suo
3010 2018 3127 2071 loco
3151 2016 3474 2085 proferatur.

1918 2108 1993 2161 Ea
2026 2122 2156 2162 vero
2179 2107 2465 2176 selegimus
2493 2121 2557 2179 ex
2601 2110 2823 2162 vetustis
2872 2108 3177 2163 auctoribus
3221 2119 3275 2164 et
3318 2108 3481 2165 variis

1919 2199 2270 2255 Historiarum
2309 2199 2735 2266 collectionibus,
2760 2212 2882 2267 qua:
2912 2210 3002 2253 aut
3027 2214 3056 2253 a
3088 2200 3346 2269 Gregorio
3382 2216 3482 2256 no-

1919 2300 2031 2345 stro
2064 2291 2369 2355 laudantur,
2396 2300 2488 2345 aut
2535 2291 2756 2345 multum
2801 2298 3021 2359 prosunt
3070 2291 3137 2345 ad
3182 2305 3338 2360 opera
3370 2293 3485 2360 ejus

1920 2380 2256 2444 illustranda,
2284 2396 2314 2435 e
2341 2381 2531 2449 quibus
2552 2381 2797 2450 pauciora
2825 2380 3040 2451 quidem
3057 2396 3088 2437 e
3112 2394 3241 2436 mss.
3257 2380 3322 2435 de
3348 2395 3486 2435 novo

1921 2481 2070 2527 eruta
2098 2479 2243 2535 sunt,
2268 2471 2358 2525 sed
2394 2473 2646 2541 pleraque
2673 2471 2740 2526 ad
2772 2480 3007 2527 vetustos
3033 2471 3244 2527 codices
3272 2472 3485 2537 collata,

1922 2572 1977 2618 et
2023 2563 2215 2632 passim
2243 2562 2524 2616 emendata
2559 2581 2573 2615 :
2606 2578 2670 2617 ex
2701 2564 2891 2632 quibus
2916 2577 3045 2617 mss.
3085 2578 3221 2617 unus
3249 2572 3332 2617 est
3359 2565 3487 2617 (ἰοῖς

1924 2655 2176 2719 beiensis,
2210 2662 2367 2708 aetate
2394 2654 2632 2723 Gregorii
2663 2662 2928 2709 exaratus.
2957 2654 3190 2722 Denique
3216 2653 3489 2721 subjunxi-

1924 2761 2043 2802 mus
2070 2747 2283 2801 brevem
2308 2745 2625 2800 conditionis
2644 2745 2944 2799 monasterii
2970 2744 3135 2798 nostri
3160 2744 3327 2797 sancti
3354 2741 3489 2798 Ger-

1924 2839 2122 2894 mania
2161 2838 2332 2893 Pratis
2365 2836 2662 2902 historiam,
2689 2835 2829 2905 quod
2874 2834 3002 2889 illud
3046 2833 3115 2889 sit
3158 2832 3488 2889 Childeberti

1926 2928 2063 2997 regis
2104 2926 2519 2981 illustrissimum
2555 2926 2763 2994 pietatis
2794 2940 2857 2980 ac
2884 2924 3260 2979 muniﬁcentiae
3298 2938 3490 2978 monu~

1927 3027 2188 3082 mentum,
2236 3017 2286 3070 in
2333 3016 2485 3086 cujus
2513 3017 2729 3070 basilica
2774 3016 2887 3085 ipse
2921 3031 3039 3069 cum
3080 3015 3347 3069 nonnullis
3375 3014 3493 3068 aliis

218 3122 494 3186 destituit,
524 3122 799 3174 historicus
823 3136 914 3191 pro
940 3130 1092 3188 captu
1134 3120 1342 3174 illorum
1384 3130 1664 3191 ιεηιροηιηι
1704 3120 1825 3174 diu.
1855 3116 1899 3178 ε
1929 3110 2142 3181 regibus
2169 3110 2493 3177 sepulturam
2538 3110 2712 3163 habet.
2743 3108 2855 3163 Aﬁri
2886 3111 3046 3163 etiam
3091 3109 3254 3163 incidi
3280 3106 3487 3163 curavi-

219 3231 390 3282 gens,
422 3225 477 3267 nt
505 3223 675 3281 aetate,
708 3214 783 3266 sic
820 3214 1119 3266 auctoritate
1156 3213 1403 3284 Gregorio
1440 3216 1731 3283 proximus,
1777 3224 1823 3268 et

220 3307 285 3360 in
328 3324 518 3375 magna
547 3308 795 3359 bonorum
818 3315 1085 3359 auctorum
1109 3307 1285 3375 inopia
1323 3307 1464 3359 utilis
1502 3322 1563 3359 ac
1600 3322 1826 3360 necessa-

219 3399 375 3463 rius,
404 3415 497 3451 nec
520 3415 877 3468 usquequaque
900 3398 1309 3463 contemnendus,
1341 3401 1487 3469 cujus
1534 3397 1742 3451 brevitas
1781 3406 1827 3451 et

225 3500 431 3545 extero
464 3496 641 3545 omnia
676 3494 798 3544 vitia
840 3493 1144 3561 temporibus
1182 3492 1423 3561 imputari
1473 3490 1670 3545 debent.
1704 3492 1826 3545 Haec

229 3584 357 3650 ille,
408 3586 495 3638 cui
553 3584 712 3639 facile
764 3587 1095 3641 subscribent
1123 3588 1296 3656 quivis
1354 3598 1590 3642 veterum
1647 3602 1823 3642 rerum

236 3676 634 3732 Fraucicarum
663 3679 857 3732 sinceri
895 3688 1179 3733 amatores.

315 3769 444 3822 147.
480 3768 533 3823 In
561 3770 899 3823 emendando
946 3779 1125 3825 autem
1175 3770 1522 3841 Fredegario,
1553 3769 1826 3825 codicibus

237 3861 630 3928 manuscriptis
662 3861 997 3928 potissimum
1021 3870 1248 3931 quatuor
1278 3863 1356 3915 usi
1378 3862 1590 3917 fuimus.
1617 3861 1827 3916 Primus

240 3967 311 4005 ex
345 3951 473 4015 illis,
500 3951 673 4005 codex
699 3950 881 4006 Jacobi
904 3950 1172 4006 Sirmondi
1204 3955 1361 4023 vulgo
1387 3954 1701 4022 appellatus,
1734 3955 1829 4008 ho—

243 4045 338 4098 die
366 4047 418 4099 in
448 4045 779 4098 bibliotheca
809 4043 1028 4115 Collegii
1060 4046 1374 4101 Parisiensis
1401 4046 1523 4101 Soc.
1566 4046 1694 4101 Jesu
1726 4045 1830 4099 Lu-

244 4139 422 4194 dovici
452 4137 629 4208 Magni
655 4145 987 4202 asservatur,
1016 4154 1119 4206 quo
1153 4138 1305 4192 nobis
1332 4154 1425 4207 pro
1452 4154 1546 4191 sua
1587 4138 1830 4191 humani-

252 4241 378 4299 tate,
404 4243 665 4301 quantum
696 4230 874 4293 libuit,
899 4229 1147 4283 utendum
1181 4231 1422 4298 permisit
1458 4232 1522 4284 R.
1558 4232 1618 4285 P.
1671 4230 1831 4285 Joan-

252 4341 345 4380 nes
386 4324 716 4388 llarduinus,
748 4335 983 4388 eumque
1024 4332 1079 4375 ut
1126 4331 1249 4390 pote
1287 4324 1516 4377 auctoris
1561 4333 1740 4391 aetate,
1776 4331 1833 4375 ut

256 4433 403 4486 Supra
449 4417 706 4479 diximus,
740 4412 1002 4481 scriptum
1048 4412 1448 4482 diligentissime
1478 4418 1544 4467 de
1569 4414 1737 4467 verbo
1765 4413 1829 4466 ad

256 4512 460 4566 verbum
482 4507 840 4565 contulimus.
878 4504 1181 4558 Secundum
1211 4504 1497 4559 habuimus
1542 4521 1607 4560 ex
1637 4505 1831 4559 biblio-

259 4608 389 4659 theca
430 4598 791 4660 illustrissimi
825 4597 931 4651 viri
966 4597 1175 4651 Boherii
1201 4601 1251 4652 iu
1294 4599 1597 4654 Divionensi
1641 4609 1827 4654 senatu

253 4702 465 4768 prrsidis
505 4696 749 4755 infulati.
791 4693 949 4747 Hunc
991 4691 1227 4745 codicem
1261 4708 1378 4746 cum
1410 4693 1564 4748 editis
1606 4693 1831 4761 primum

248 4797 438 4852 contulit
461 4804 656 4850 noster
690 4789 941 4843 domnus
970 4782 1086 4837 Udo
1114 4783 1411 4853 Clergerius
1442 4785 1664 4839 Divione
1689 4786 1831 4853 apud

239 4902 453 4948 salictum
498 4887 864 4954 Benignum;
900 4875 1000 4932 sed
1031 4886 1213 4944 postea
1262 4878 1546 4943 ipsummet
1591 4878 1830 4933 codicem

1929 3218 2047 3257 mus
2075 3201 2281 3256 iconem
2312 3202 2497 3256 tumuli
2529 3202 2897 3272 Fredegundis
2927 3202 3144 3271 reginae,
3177 3207 3336 3269 atque
3363 3199 3494 3253 alias

1929 3295 2082 3348 istius
2109 3295 2212 3349 aevi
2239 3294 2517 3363 reliquias,
2546 3308 2667 3362 quae
2714 3294 2937 3347 multum
2974 3292 3255 3347 conferunt
3281 3292 3347 3345 ad
3378 3291 3495 3346 illu-

1928 3386 2201 3441 strandam
2228 3401 2411 3442 eorum
2437 3395 2735 3455 temporum
2757 3386 3051 3441 historiam.

2001 3497 2121 3554 M9.
2150 3496 2265 3553 Jam
2298 3496 2508 3553 tandem
2549 3498 2670 3551 finis
2706 3497 3055 3567 imponendos
3082 3506 3161 3552 est
3193 3495 3493 3551 Przefationi

1930 3602 2149 3659 nostrae,
2208 3593 2434 3647 fortasse
2485 3592 2791 3661 prolixiori;
2826 3600 2983 3663 atque
3027 3590 3334 3647 exhibenda
3380 3589 3497 3643 Vita

1929 3687 2099 3741 sancti
2128 3684 2371 3756 Gregorii
2404 3686 2637 3755 episcopi
2658 3684 3007 3749 Turonensis,
3041 3685 3241 3754 absque
3267 3682 3499 3737 auctoris

1931 3778 2143 3831 nomine
2168 3777 2276 3847 jam
2303 3776 2468 3840 edita,
2499 3792 2617 3845 qua:
2648 3777 2697 3829 in
2722 3776 2992 3829 nonnullis
3022 3775 3254 3843 antiquis
3295 3772 3495 3826 codici-

1932 3871 2031 3924 bus
2058 3869 2225 3923 Udoni
2260 3868 2433 3921 abbati
2464 3867 2728 3920 tribuitur.
2758 3866 2847 3920 Sic
2871 3866 3012 3920 enim
3039 3865 3091 3919 in
3116 3864 3299 3917 codice
3328 3864 3495 3916 sancti

1930 3962 2097 4027 Scrgii
2122 3959 2517 4014 Andecavensis
2538 3959 2862 4022 inscribitur,
2884 3955 3136 4025 Prologus
3161 3956 3335 4007 domui
3359 3953 3499 4007 Odo-

1933 4055 2009 4106 uis
2036 4052 2244 4105 abbatis.
2281 4050 2539 4114 Omnium,
2566 4059 2667 4103 etc.
2695 4046 2885 4115 Incipit
2914 4048 3015 4099 rita
3039 4046 3172 4099 edita
3218 4046 3280 4098 ab
3325 4044 3500 4099 Odone

1933 4144 2126 4199 abbate.
2162 4142 2302 4197 Idem
2345 4142 2397 4196 in
2446 4142 2549 4195 line
2594 4140 2867 4208 repetitur.
2919 4139 3066 4192 llunc
3107 4152 3233 4191 vero
3261 4136 3500 4190 Odouem

1934 4252 2037 4290 non
2063 4235 2225 4288 alium
2249 4249 2368 4288 esse
2400 4243 2643 4302 putamus
2675 4245 2701 4281 a
2731 4239 2916 4284 sancto
2955 4230 3142 4283 Odone
3163 4228 3497 4282 Cluniacensi

1936 4332 2143 4397 abbate,
2178 4330 2267 4399 qui
2311 4328 2447 4397 apud
2476 4326 2889 4381 Caesarndunum
2918 4322 3186 4379 Turonum
3238 4324 3497 4378 educatus

1937 4441 1998 4480 ac
2026 4424 2114 4478 diu
2137 4432 2506 4484 conversatus,
2554 4418 2709 4475 facile
2735 4419 2922 4473 adduci
2966 4418 3136 4488 patuit
3164 4418 3231 4473 ad
3262 4417 3505 4471 scriben-

1861 4496 1911 4554 D
1939 4518 2057 4571 dam
2085 4518 2253 4572 Vitam
2280 4518 2447 4572 sancti
2469 4516 2743 4581 antistitis,
2770 4515 2879 4584 jam
2914 4526 3035 4568 tunc
3056 4513 3121 4567 ad
3152 4513 3311 4582 pedes
3334 4511 3506 4565 sancti

1941 4608 2144 4662 Martini
2184 4610 2235 4661 in
2274 4609 2387 4675 ejus
2437 4608 2645 4661 basilica
2692 4605 2906 4675 sepulti,
2937 4618 3093 4673 quam
3137 4619 3201 4657 ex
3248 4601 3488 4671 ejusdem

1941 4697 2181 4769 Gregorii
2208 4698 2419 4767 scriptis
2451 4698 2588 4752 forte
2625 4697 2836 4764 collegit
2868 4696 3172 4764 priusquam
3207 4692 3354 4747 fieret
3386 4705 3505 4743 mo-

1942 4796 2164 4858 nachus,
2197 4807 2318 4845 cum
2342 4791 2515 4846 adhuc
2556 4801 2699 4844 esset
2740 4788 2978 4843 basilica!
3011 4784 3342 4841 Martiniaute
3370 4794 3505 4850 pra:-

1942 4893 2129 4936 ccntor
2152 4891 2202 4935 et
2234 4884 2533 4935 scholarum
2578 4881 2841 4949 Magister.
