4024 6192
640 320 3910 372 ω

718 530 1357 742 VITA
1518 528 2439 740 SANCTI
2578 531 3822 785 GBEGQRI'I

1604 924 2117 1082 EPISCllPI
2213 927 2907 1084 TURONENSIS

1413 1237 1682 1321 PER
1759 1233 2357 1321 ODONEM
2433 1233 3119 1317 ABBATEM.

1666 1434 2825 1491 ψ

1910 1608 2611 1787 amotoque

695 1897 943 1957 Omnium
964 1897 1179 1970 quidem
1205 1906 1509 1951 sanctorum
1527 1896 1649 1964 jure
1672 1893 1924 1947 memoria
1955 1902 2260 1959 veneratur,
2281 1891 2375 1946 sed
2393 1906 2486 1946 eos
2512 1894 2735 1961 primum
2769 1892 2952 1947 ﬁdeles
2981 1891 3353 1955 honoriﬁcam,
3371 1893 3459 1962 qui
3484 1890 3567 1946 vel
3594 1891 3845 1946 doctrina
3862 1931 3879 1954 ,

627 1990 715 2044 vel
744 1991 992 2057 exemplo
1017 1988 1228 2044 creteris
1255 1988 1451 2041 clarius
1476 1984 1749 2041 eﬂulsere.
1781 1984 1943 2038 Porro
1968 2000 2133 2037 unum
2160 1999 2225 2038 ex
2252 1983 2335 2038 his
2361 1985 2571 2039 beatum
2604 1986 2913 2053 Gregorium
2938 1987 3217 2042 Turonica:
3250 1986 3395 2041 sedis
3420 1985 3887 2054 archiepiscopum

624 2081 807 2147 fuisse,
839 2095 1067 2151 eumque
1091 2079 1188 2133 bac
1213 2078 1424 2148 gemina
1456 2076 1580 2131 dote
1603 2074 2001 2144 resplenduisse
2028 2090 2131 2128 non
2162 2088 2319 2141 parva
2350 2074 2669 2130 documenta
2708 2078 2954 2146 produnt.
2986 2076 3151 2146 Cujus
3178 2077 3427 2131 nimirum
3460 2084 3607 2146 gesta
3650 2075 3741 2129 vel
3772 2088 3885 2142 par-

625 2172 718 2227 tim
751 2174 1051 2229 necessario
1079 2171 1471 2233 describuntur,
1502 2182 1570 2222 ue
1599 2167 1737 2220 fama
1761 2168 1888 2221 tanti
1913 2166 2012 2220 viri
2032 2165 2353 2237 quandoque
2377 2166 2663 2223 dubietatis
2685 2168 2873 2223 nebula
2902 2170 3218 2225 luscaretur.
3240 2170 3307 2224 Et
3326 2170 3537 2241 quidem
3560 2170 3693 2223 satis
3717 2167 3886 2224 estad

625 2261 743 2332 ejus
787 2264 1008 2335 gloriam
1036 2262 1175 2332 quod
1205 2260 1500 2325 Christum,
1532 2258 1615 2313 Cui
1647 2259 1859 2327 placere
1905 2258 2174 2327 quaesivit,
2205 2259 2478 2313 conscium
2512 2260 2669 2314 habet
2700 2261 2750 2313 in
2792 2260 3039 2326 excelso,
3073 2262 3164 2314 sed
3196 2269 3371 2316 tamen
3402 2273 3457 2317 et
3486 2262 3572 2315 hic
3603 2261 3762 2316 nefas
3800 2271 3883 2315 est

626 2355 767 2411 illius
812 2358 996 2412 laudes
1022 2366 1217 2420 tacere,
1245 2354 1333 2424 qui
1376 2364 1454 2409 tot
1480 2364 1787 2409 sanctorum
1814 2353 2018 2407 studuit
2048 2352 2230 2409 laudes
2260 2355 2557 2423 propalare.
2582 2354 2711 2422 Qua;
2740 2356 2946 2410 scilicet
2975 2356 3171 2411 relatio
3194 2356 3446 2426 quantula
3475 2359 3597 2423 erit,
3639 2372 3745 2412 nec
3772 2356 3883 2424 ejus

625 2448 855 2518 insignia
896 2462 953 2515 ω
983 2460 1106 2503 sunt
1137 2447 1388 2517 proferet,
1419 2448 1670 2517 quoniam
1720 2446 1963 2515 plurimis
2009 2462 2128 2516 quas
2170 2445 2421 2515 opinione
2452 2447 2696 2502 feruntur
2722 2449 2957 2515 omissis,
2987 2465 3149 2518 pauca
3181 2450 3422 2520 quaedam
3454 2466 3573 2521 quae
3619 2466 3689 2505 ex
3739 2452 3881 2505 libris

628 2540 747 2614 ejus
774 2544 1135 2611 approbantur
1162 2542 1494 2610 attingimus.
1526 2540 1677 2608 Quod
1699 2540 1744 2595 si
1770 2540 1889 2609 quis
1914 2537 2139 2594 Judaico
2164 2554 2315 2594 more
2344 2539 2494 2609 signa
2526 2538 2801 2608 requirens
2830 2552 3072 2595 sanctum
3101 2542 3392 2611 quemlibet
3418 2545 3696 2612 signorum
3718 2558 3879 2609 quan-

624 2638 775 2691 titate
803 2639 1039 2702 metitur,
1080 2635 1205 2707 quid
1237 2636 1303 2691 de
1331 2637 1482 2690 beata
1510 2634 1604 2689 Dei
1645 2633 1938 2701 Genitrice,
1968 2633 2049 2688 vel
2089 2633 2157 2689 de
2197 2646 2531 2704 praecursore
2574 2634 2779 2689 Joanne
2832 2636 3073 2690 censebit
3102 2636 3156 2689 αἳ
3178 2636 3373 2691 Sauius
3404 2639 3578 2706 itaque
3608 2637 3875 2694 discernat

628 2726 843 2798 quodin
877 2727 1153 2798 tremendo
1182 2726 1268 2781 die
1313 2726 1490 2781 multis
1537 2726 1626 2795 qui
1659 2725 1808 2795 signa
1851 2722 2095 2780 fecerunt
2122 2724 2445 2794 reprobatis,
2477 2725 2527 2778 hi
2550 2727 2636 2794 qui
2669 2740 2832 2794 Opera
2854 2727 3074 2795 justitia:
3100 2729 3286 2782 sectati
3332 2738 3457 2783 sunt
3484 2730 3551 2785 ad
3595 2732 3873 2786 dexteram

626 2796 841 2886 superni
871 2796 1072 2872 Judicis
1097 2816 1197 2872 soli
1225 2814 1561 2892 colligantur.
1594 2814 1706 2869 Non
1740 2814 1904 2882 igitur
1930 2814 2214 2884 praesulem
2246 2823 2483 2869 nostrum
2511 2830 2541 2867 a
2567 2824 2717 2884 gestu
2741 2818 3118 2874 miraculorum
3140 2821 3595 2885 commendamus,
3626 2822 3872 2892 quamvis

622 2922 677 2967 et
705 2914 793 2967 illa
820 2929 927 2968 non
956 2886 1657 2978 omnimodis'deerunt,sed
1688 2912 1827 2981 quod
1860 2911 2003 2968 mitis
2030 2920 2085 2968 et
2116 2910 2332 2967 humilis
2362 2913 2525 2967 corde
2549 2911 2819 2968 Christum
2844 2914 3080 2971 imitatus
3108 2916 3265 2971 fuerit
3291 2886 3669 2972 demonstrare
3695 2932 3872 2988 aggre-

626 3006 837 3061 diamur
863 3004 912 3059 ι’.

694 3163 734 3216 l.
762 3163 1049 3234 Gregorius
1078 3162 1280 3218 Celtico
1305 3165 1592 3219 Galliarum
1625 3172 1796 3219 tractu
1823 3164 1919 3217 luit
1944 3172 2182 3226 exortus,
2214 3167 2267 3227 Α
2289 3164 2354 3219 rii
2387 3165 2655 3233 parentela
2680 3165 3022 3233 proﬂuxerat,
3043 3170 3156 3221 litec
3184 3176 3479 3232 senatores,
3501 3167 3617 3222 haec
3653 3167 3859 3238 judices

620 3254 927 3309 Arvernica:
957 3255 1188 3324 regionis
1227 3256 1496 3324 indigena,
1528 3266 1673 3325 patre
1702 3257 1992 3320 Florentio,
2024 3270 2193 3313 matre

622 3346 955 3403 Armentaria
988 3356 1314 3415 procreatus.
1347 3348 1409 3401 Et
1437 3349 1479 3401 si
1513 3348 1638 3417 quid
1690 3348 1885 3402 divinat
1914 3351 2193 3417 generosi-

620 3438 713 3493 tati
765 3448 974 3493 terrena
1022 3437 1272 3493 conducit
1319 3438 1591 3505 nobilitas,
1626 3450 1875 3507 parentes
1904 3439 2021 3509 ejus
2069 3455 2189 3495 cum

620 3528 776 3583 rebus
807 3527 1113 3597 locupletes,
1143 3536 1251 3582 tum
1280 3545 1490 3599 quoque
1517 3530 1784 3586 natalibus
1825 3531 2091 3588 fulserunt
2116 3532 2185 3586 il-

619 3620 835 3676 lustres.
868 3619 973 3677 Sed
1001 3622 1143 3689 quod
1175 3622 1344 3692 pluris
1368 3632 1471 3690 est,
1498 3624 1697 3677 muniis
1720 3623 1915 3677 divina:
1954 3626 2191 3679 servitu-

618 3715 686 3769 tis
710 3713 938 3784 quadam
958 3715 1208 3779 peculiari
1229 3715 1512 3770 devotione
1539 3716 1609 3769 ita
1639 3715 1952 3770 videbantur
1972 3719 2188 3783 annexi,

622 3814 681 3859 ut
708 3806 947 3876 quisquis
972 3821 1035 3861 ex
1067 3807 1148 3861 liis
1168 3806 1500 3877 irreligiosus
1522 3806 1796 3871 existeret,
1808 3808 1928 3875 jure
1956 3807 2187 3877 degener

616 3906 915 3963 uetaretur,
948 3897 1013 3951 ad
1036 3896 1179 3967 quod
1206 3898 1550 3953 astruendqu
1594 3897 1848 3967 quiddam
1876 3898 1943 3953 de
1972 3900 2189 3967 propin-

615 3989 892 4058 quioribus
916 3990 1241 4045 inseramus.
1278 3991 1457 4061 Itaque
1482 3989 1743 4061 Georgius
1767 4001 1789 4029 ο
1818 3991 2083 4061 quondam
2106 4008 2191 4047 se-

616 4092 771 4136 nator
800 4081 1116 4145 Leocadiam
1146 4082 1301 4138 duxit
1323 4099 1541 4138 uxorem
1563 4084 1707 4149 ;haec
1734 4084 1803 4138 de.
1830 4084 1997 4151 stirpe
2022 4084 2188 4139 Vectii

617 4174 838 4245 Epagati
860 4175 1397 4245 descenderat,qnem
1429 4176 1689 4231 Eusebius
1716 4177 1769 4229 in
1798 4176 1983 4243 quinto
2009 4176 2179 4229 llisto-

617 4267 815 4322 riarum
842 4267 975 4323 libro
1001 4267 1238 4338 Lugduni
1267 4283 1501 4337 passum,
1529 4284 1591 4323 ac
1622 4268 1759 4323 inter
1790 4268 2025 4337 reliquos
2059 4277 2186 4323 tunc

619 4358 872 4428 temporis
906 4369 1087 4414 narrat
1112 4359 1399 4429 gloriosius
1427 4360 1792 4429 agonizatum.
1822 4359 1951 4425 Qum
1988 4358 2186 4414 Leuca-

619 4449 706 4503 dia
736 4451 941 4519 peperit
966 4462 1205 4506 sanctum
1232 4452 1439 4508 Gallum
1469 4451 1779 4507 Arvernicte
1808 4450 1951 4504 sedis
1972 4449 2182 4519 episco-

2296 3265 2349 3309 et
2378 3255 2632 3324 quidquid
2662 3254 2729 3309 de
2759 3255 2946 3309 ordine
2981 3256 3350 3324 primariorum
3373 3257 3599 3311 dixerim
3636 3256 3863 3327 profere-

2292 3344 2404 3399 bat.
2436 3345 2488 3399 ld
2520 3360 2650 3401 sane
2680 3346 2745 3401 de
2777 3345 3081 3413 parentibus
3107 3347 3305 3402 dictum
3337 3348 3427 3413 sit,
3454 3358 3509 3401 ut
3536 3350 3665 3416 quia
3695 3346 3857 3401 Domi-

2294 3455 2393 3494 nus
2411 3442 2460 3494 in
2484 3442 2824 3509 generatione
2843 3442 2981 3511 justa
3006 3451 3106 3506 est,
3135 3442 3197 3494 ad
3234 3442 3441 3496 laudem
3465 3440 3715 3509 Gregorii
3739 3453 3851 3509 pro-

2294 3532 2459 3594 liciat.
2492 3532 2630 3603 quod
2663 3533 2713 3586 ei
2745 3548 2841 3587 sua
2884 3536 3164 3602 progenies
3218 3534 3371 3587 titulo
3420 3534 3725 3588 sanctitatis
3772 3546 3857 3586 co-

2297 3626 2474 3679 lumna
2496 3626 2737 3679 videatur
2752 3625 2801 3678 ά.
2822 3625 2989 3695 Hujus
3011 3642 3179 3695 genus
3206 3638 3258 3681 et
3286 3629 3510 3697 patriam
3542 3626 3857 3682 Fortunatus

2293 3730 2718 3771 etmnuemoraus
2746 3718 2855 3786 (lib.
2888 3734 3004 3783 vni,
3041 3734 3146 3770 car.
3180 3718 3294 3787 l7),

2478 3829 2626 3879 Forte
2650 3828 2842 3890 (inquit)
2865 3831 3018 3879 decus
3033 3831 3625 3892 generis,’l‘urouicensis
3648 3841 3767 3893 apex

2416 3891 2617 3954 Alpibus
2639 3898 2694 3940 At
2710 3900 2872 3941 vernis
2897 3891 3098 3943 venietis
3120 3908 3257 3942 mons
3280 3896 3416 3942 altior
3443 3895 3579 3954 ipsis.

2361 4000 2439 4055 Ad
2465 4010 2687 4055 matrem
2710 4016 2921 4071 quoque
2947 4001 3063 4071 ejus
3093 4001 3207 4067 (lib.
3240 4018 3296 4068 χ,
3326 4018 3485 4054 carm.
3508 4000 3626 4069 Ql),

2416 4114 2551 4163 Felix
2580 4116 2651 4162 bis
2674 4116 2862 4164 meritis
2878 4116 2967 4163 sibi
2995 4115 3292 4164 llacchalaea
3320 4115 3395 4163 vel
3419 4114 3548 4173 orbi,

2413 4178 2531 4233 Quae
2551 4185 2740 4239 septem
2762 4178 2938 4237 palmas
2958 4177 3082 4226 cmlu
3099 4179 3366 4225 transmisit
3387 4177 3449 4225 ab
3474 4174 3623 4239 alv0_:

2411 4241 2484 4286 'l‘u
2505 4236 2698 4300 quoiiue
2728 4236 2861 4297 prole
2890 4246 3064 4299 potens
3083 4246 3222 4287 recte
3243 4240 3553 4287 Armentaria
3572 4236 3711 4286 felix.

2411 4300 2537 4349 Fetu
2559 4300 2602 4348 cl
2620 4313 2683 4347 ira
2711 4306 2794 4348 tuo
2810 4301 2971 4360 geniti
2998 4301 3291 4349 circumdata
3317 4300 3491 4355 fructu,

2532 4362 2617 4410 Est
2638 4362 2723 4409 tibi
2752 4363 3021 4422 Gregorius
3049 4361 3202 4421 palma
3226 4373 3404 4409 corona
3429 4373 3598 4410 novus.

2364 4446 2437 4499 Ita
2480 4445 2640 4499 nobili
2683 4448 2851 4514 stirpe
2882 4445 3211 4500 nobilissima
3251 4445 3430 4515 prolvs
3459 4457 3759 4517 emergens,
3793 4442 3843 4492 ut

625 4554 749 4607 pum
776 4550 930 4610 atque
949 4542 1277 4599 Florentium
1294 4545 1449 4614 hujus
1474 4544 1628 4613 pueri
1647 4543 1967 4613 genitorem.
1988 4542 2063 4597 De
2091 4543 2190 4598 hoc
2219 4556 2267 4615 Β
2294 4552 2411 4592 rosa
2440 4539 2680 4607 quaedam
2716 4551 2815 4590 suo
2848 4536 3027 4606 stipite
3055 4536 3276 4607 gratior,
3298 4536 3460 4591 decus
3486 4528 3841 4605 generositatis

623 4644 799 4687 autem
818 4634 1112 4703 Florentio,
1127 4636 1218 4689 sed
1234 4646 1289 4690 et
1309 4638 1374 4691 de
1395 4636 1725 4691 Armentaria
1741 4642 1929 4697 matre,
1951 4633 2018 4688 de
2031 4632 2190 4688 Petro

620 4740 832 4795 quoque
855 4724 1017 4779 fratre
1044 4724 1182 4795 ejus,
1199 4742 1297 4782 nec
1322 4743 1428 4781 non
1452 4735 1507 4781 et
1520 4727 1587 4781 de
1614 4741 1777 4781 uxore
1801 4727 1993 4781 .lustini
2007 4741 2191 4781 sorore

615 4818 829 4886 ejus,ac
852 4817 1058 4875 duabus
1082 4817 1328 4887 neptibus
1344 4818 1610 4873 Heustena
1632 4818 1897 4880 videlicet,
1915 4816 2188 4872 etlustina

621 4912 788 4966 beatae
823 4910 1157 4980 Radegundis
1195 4911 1476 4981 discipula,
1508 4910 1629 4965 libri
1660 4910 2034 4964 miraculorum
2066 4909 2189 4963 talia

619 4999 991 5071 referunt,per
1020 5017 1138 5070 qua:
1167 5002 1299 5057 ﬁdes
1329 5003 1539 5056 illorum
1562 5012 1616 5055 et
1644 5001 1832 5054 merita
1866 5014 1972 5052 non
2001 4998 2179 5068 exigui

616 5096 869 5150 momenti
904 5095 1066 5153 fuisse
1117 5095 1514 5165 dignoscantur.
1547 5095 1670 5148 Haac
1704 5102 1878 5147 autem
1926 5091 2181 5145 Arvernis

615 5186 743 5259 (Ed.
764 5188 1068 5261 Arvernia],
1092 5206 1211 5261 qua:
1234 5206 1397 5261 puero
1423 5190 1645 5259 genialis
1665 5188 1854 5242 humus
1877 5186 1994 5251 fuit,
2020 5185 2180 5241 velte-

617 5289 823 5334 tnenter
851 5284 979 5335 olim
1010 5292 1167 5351 caput
1189 5284 1471 5345 extulerat,
1500 5283 1571 5337 ita
1595 5292 1653 5335 ut
1679 5280 2017 5338 senatoribus
2038 5278 2184 5332 velut

616 5372 740 5424 urbs
765 5372 985 5440 Tarpeia
1012 5372 1107 5446 [ιι.
1137 5374 1322 5446 Roma]
1356 5376 1688 5445 prtepolleret
1718 5390 1729 5425 :
1762 5371 1932 5426 abhis
1974 5367 2175 5438 Grego-

700 5542 723 5569 °
746 5528 949 5592 ϐεδε-ιη..
981 5545 1197 5587 censent.
1227 5535 1404 5601 Serg.,
1429 5535 1729 5587 censebitur.
1764 5531 1954 5587 Sanus.

696 5601 845 5657 bEd.
868 5614 920 5658 et
945 5604 1091 5671 Con,
1136 5606 1557 5659 demonstremus.
1608 5607 1811 5668 Germ.,
1860 5602 2175 5656 demonstra—-

615 5686 801 5733 femus.

2288 4637 2500 4684 auctum
2534 4628 2583 4683 in
2612 4642 2858 4697 parentes
2881 4628 3094 4682 refudit.
3130 4628 3194 4681 Et
3222 4627 3588 4697 quamvisjam
3623 4620 3837 4697 mysterii

2288 4720 2539 4789 ntajestas
2578 4721 2631 4773 in
2660 4719 2964 4773 nominibus
2996 4734 3101 4771 non
3130 4728 3401 4786 quaeratur
3420 4760 3434 4783 ,
3466 4728 3647 4772 tamen
3670 4716 3769 4776 hic,
3790 4718 3839 4765 ut

2289 4816 2448 4867 rebus
2477 4821 2741 4868 assertum
2769 4821 2873 4875 est,
2904 4812 3192 4879 Gregorius
3237 4811 3562 4879 competenti
3596 4802 3835 4879 presagio

2289 4906 2613 4961 nominatur.
2631 4904 2718 4959 Sic
2744 4905 2888 4957 enim
2919 4902 3137 4958 Graecus
3158 4903 3460 4971 vigilantem
3496 4903 3742 4972 appellat,
3764 4896 3835 4949 hic

2292 4998 2519 5067 denique
2549 5012 2653 5051 non
2678 4997 2851 5050 solum
2882 4994 3089 5049 tertiam
3115 4994 3369 5061 vigiliam,
3400 4995 3493 5049 sed
3516 4996 3655 5063 quod
3686 4988 3832 5056 majus

2288 5098 2372 5142 est
2396 5087 2705 5151 secundam,
2731 5086 2976 5155 quodque
3005 5084 3277 5141 rarissime
3318 5086 3521 5149 videas,
3553 5079 3830 5139 observavit

2291 5193 2345 5237 et
2372 5182 2590 5251 primam
2619 5198 2632 5232 :
2664 5189 2717 5234 et
2756 5180 2877 5248 quia
2921 5179 3099 5248 iugum
3144 5178 3354 5232 Domini
3383 5179 3451 5232 ab
3492 5168 3829 5232 adolescentia

2291 5276 2538 5346 portavit,
2591 5273 2807 5329 sedebat
2852 5272 2958 5345 [ΑΙ.
3004 5271 3228 5342 sedebit}
3272 5274 3442 5334 solus,
3474 5282 3533 5325 ut
3563 5274 3634 5325 ait
3664 5268 3828 5323 [liere-

2295 5371 2451 5434 mias,
2477 5368 2562 5421 vel
2588 5374 2733 5421 certe
2773 5380 2937 5434 prope
2975 5364 3275 5419 Martinum.
3309 5363 3378 5419 Ut
3420 5376 3597 5418 autem
3624 5355 3825 5415 tutatuta:

2361 5539 2383 5567 ο
2413 5527 2503 5584 Sic
2545 5539 2688 5583 recte
2735 5529 2939 5599 Scrg.;r
2978 5527 3046 5581 ita
3103 5529 3247 5581 enim
3294 5527 3570 5599 dicebatur
3606 5510 3825 5591 Gregmf't
3926 5566 3927 5571 η

2286 5615 2435 5660 avnis.
2468 5613 2521 5653 et
2552 5611 2635 5654 est
2661 5596 2899 5665 Gregorii
2932 5598 3108 5653 lectio.
3146 5599 3307 5661 Editi,
3338 5596 3633 5666 Gregorius.

2355 5666 2383 5707 ἀ
2414 5668 2618 5732 Germ.,
2648 5670 2782 5733 quod
2802 5686 2962 5724 sua...
2992 5684 3048 5722 eo
3074 5669 3401 5722 collumiuata
3423 5670 3632 5721 videtur.
