4024 6192
159 272 242 323 117
1035 274 1273 330 SANCTl
1313 269 1640 330 GREGORII
1683 269 1984 326 El’iSCOPl
2024 271 2450 330 TURONENSIS
2490 274 2670 330 VITA.

3355 279 3462 334 “8

164 383 310 437 robur
339 383 602 450 admisit,
633 386 946 440 litterarqu
975 387 1162 441 studiis
1191 396 1549 455 manerpatur,
1579 385 1635 439 in
1659 400 1776 454 qut—
1810 393 1860 445 Α
1886 399 2056 452 primo
2100 380 2276 439 fumus
2321 384 2502 440 odoris
2531 384 2725 461 [Ger-nt.
2763 387 2896 441 odor
2945 365 3094 458 fumi]
3142 389 3190 444 in
3241 392 3461 449 naribus

170 475 258 528 bus
283 474 546 540 equidem
575 478 785 531 studiis
812 478 1054 546 primitus
1083 478 1180 532 sub
1203 477 1358 532 Gallo
1378 479 1656 546 episcopo,
1683 491 1779 530 suo

178 567 419 621 videlicet
449 577 684 636 patruo,
717 583 915 622 sensus
953 569 1094 624 illius
1126 569 1425 623 teneritudo
1452 569 1670 622 coaluit.

248 658 308 712 ll.
337 659 474 712 Cum
506 676 650 730 ergo
685 661 801 730 jam
831 660 887 716 in
915 661 1184 716 discendis
1226 672 1472 716 notarum
1503 663 1780 716 characte-

198 751 331 804 ribus
377 760 664 819 ageretur,
694 757 838 806 hunc
867 753 1048 807 divina
1095 754 1380 823 dispositio
1408 753 1657 808 virtutum
1689 769 1780 808 au-

207 843 368 912 spiciis
396 843 1028 914 initiavit,sanct:rmque
1057 845 1172 914 ejus
1201 847 1475 900 infantiam
1504 847 1776 915 signoruni

213 936 500 989 ostensione
530 936 863 992 nobilitavit.
898 938 1029 991 Nam
1055 949 1205 1007 pater
1224 938 1345 1008 ejus
1377 937 1542 992 nimia
1577 939 1780 994 valetuo

211 1027 322 1082 dine
349 1029 774 1096 comprehensus
822 1031 1017 1084 lectulo
1057 1030 1377 1096 decubahat,
1409 1031 1612 1086 intimis
1638 1033 1775 1086 ossi-

214 1119 304 1173 bus
340 1120 491 1174 ardor
539 1121 742 1188 furere,
791 1123 1110 1192 podagricus
1154 1123 1345 1176 humor
1375 1123 1505 1176 foris
1551 1121 1779 1178 intume-

215 1229 370 1279 scere,
402 1229 562 1282 vapor
603 1215 788 1269 aridus
817 1231 908 1270 ora
957 1231 1244 1284 perurgere
1272 1217 1438 1285 coepit
1465 1258 1478 1279 ,
1510 1231 1631 1269 cum
1659 1217 1778 1286 qui-

217 1308 332 1360 dam
373 1324 530 1376 puero
572 1310 649 1361 vir
681 1324 777 1378 per
808 1309 1068 1363 visionem
1099 1325 1364 1378 apparens
1399 1308 1601 1362 diceret
1633 1329 1646 1361 :
1681 1309 1779 1362 Le-

217 1397 348 1465 gisti,
371 1399 456 1460 ait,
487 1400 674 1452 librum
709 1399 835 1453 Jesu
876 1399 1055 1453 Nate?
1083 1401 1169 1453 cui
1211 1398 1342 1452 ille:
1379 1400 1544 1466 Nihil,
1582 1401 1775 1468 inquit,

215 1489 347 1541 aliud
389 1491 675 1544 litterarum
711 1500 907 1559 pra-ter
935 1502 1084 1544 notas
1112 1491 1354 1556 attendo,
1381 1507 1604 1559 quarum
1639 1506 1777 1545 nunc

213 1582 458 1636 exercitio
481 1584 802 1638 constrictus
831 1583 1060 1653 affligar.
1085 1585 1215 1638 Nam
1241 1585 1327 1639 hic
1355 1585 1490 1639 liber
1518 1586 1563 1639 si
1585 1587 1654 1639 sit
1685 1600 1778 1654 pe-

215 1677 355 1730 nitus
389 1676 586 1746 ignoro.
613 1677 680 1731 Et
710 1678 799 1732 ille
833 1695 846 1731 :
878 1679 1047 1743 Vade,
1079 1678 1273 1748 inquit,
1305 1678 1388 1732 fac
1416 1679 1676 1732 haStulam
1707 1694 1774 1733 ex

1885 476 2052 545 patris
2082 478 2311 542 reflavit,
2346 479 2589 546 protinus
2616 479 2791 534 omnis
2839 479 2926 534 ille
2976 489 3153 535 tumor
3199 483 3459 552 dolorque

1884 568 2150 624 discessit.
2182 570 2234 621 Si
2268 585 2514 640 maguum
2546 579 2630 625 est
2676 587 2737 624 os
2766 566 3058 628 Zachariae
3092 573 3316 630 Joannis
3347 591 3460 630 nte-

1885 657 1990 710 rito
2015 659 2174 712 fuisse
2206 669 2521 722 reseratum,
2555 674 2653 713 nec
2681 660 2948 716 modicum
2991 662 3170 732 utique
3209 675 3292 718 est
3332 643 3461 719 Flui-

1883 749 2116 802 rentiurn
2150 765 2252 802 non
2286 751 2474 817 semel,
2494 751 2587 805 sed
2619 751 2701 805 bis
2731 767 2823 821 per
2853 754 3018 808 lilium
3042 740 3161 809 esse
3189 764 3458 812 curatum.

1883 839 2173 894 Senseraut
2211 857 2272 895 ex
2317 843 2418 896 hoc
2459 843 2617 897 iidem
2656 855 2902 913 parentes
2932 845 3073 914 quod
3113 846 3304 902 dextro
3335 849 3454 918 pedi

1885 931 2160 999 potissimc
2181 931 2313 986 foret
2333 935 2642 999 innixurus;
2672 952 2772 991 nec
2793 937 3036 1005 ignorare
3063 949 3305 1007 poterant
3329 941 3456 1009 quitt

1883 1023 2029 1078 iilum
2059 1025 2238 1080 divina
2266 1027 2546 1095 dispositio
2573 1029 2966 1086 dexterioribus
2993 1032 3188 1086 officiis
3216 1033 3454 1100 aptavis-

1885 1126 1988 1172 set.
2011 1118 2179 1185 Quem
2206 1128 2381 1175 tamen
2413 1139 2518 1176 non
2549 1125 2804 1178 continuo
2857 1126 3220 1192 totondcrunt,
3261 1126 3456 1195 ipsius,

1886 1218 1940 1261 ut
1969 1223 2109 1275 reor,
2143 1225 2420 1266 assensum
2450 1213 2502 1266 in
2549 1214 2897 1284 suscipiendo
2946 1215 3199 1270 clericatu
3235 1226 3455 1287 praesto-

1883 1299 2073 1367 lantes,
2107 1300 2400 1356 litterarum
2453 1313 2630 1359 tamen
2669 1306 2858 1361 studiis
2899 1310 3184 1362 instantius
3223 1305 3454 1378 applica-

1883 1391 2054 1445 batur.

1956 1484 2016 1537 V.
2045 1486 2233 1541 Adhuc
2265 1488 2438 1557 itaque
2469 1489 2658 1556 laicus,
2687 1500 2800 1544 tam
2843 1509 3010 1549 sensu
3039 1509 3196 1564 quam
3229 1507 3456 1562 corpore

1880 1575 2207 1644 adoleverat,
2228 1594 2345 1632 cum
2370 1581 2548 1634 subito
2577 1584 2624 1634 vi
2655 1582 2816 1637 nimia
2845 1585 3072 1638 febrium
3103 1600 3164 1640 ac
3188 1583 3454 1640 stomachi

1883 1667 2068 1733 pituita
2101 1670 2543 1736 comprehensus.
2576 1674 2738 1742 coepit
2769 1675 2999 1744 graviter
3027 1686 3310 1744 aegrotare,
3337 1677 3456 1731 lan-

213 1765 351 1835 ligno
377 1783 488 1836 quae
520 1771 689 1837 possit
727 1771 828 1824 hoc
871 1769 1112 1839 recipere
1157 1785 1374 1834 nomen,
1415 1770 1775 1838 scriptumque

1883 1776 2013 1830 guor
2061 1777 2153 1830 per
2200 1764 2317 1818 dies
2360 1765 2755 1834 ingravescere,
2808 1769 3142 1823 medicinalis
3193 1771 3453 1824 industria

211 1875 271 1912 ex
302 1869 592 1916 atramento
646 1862 748 1916 sub
787 1864 993 1930 paterni
1025 1862 1213 1931 capitis
1245 1864 1412 1918 fulcro
1441 1863 1730 1917 collocabis
1757 1883 1768 1915 :

213 1953 341 2020 quod
367 1954 410 2006 si
437 1953 652 2020 feceris,
682 1956 787 2008 erit
814 1955 862 2009 ei
896 1956 1219 2024 praesidium.
1241 1955 1393 2010 Mane
1422 1954 1585 2023 facto,
1617 1957 1773 2009 matri

211 2042 342 2108 quod
362 2043 564 2098 viderat
593 2044 880 2101 indicavit:
911 2057 1153 2100 senserat
1175 2049 1427 2100 nimirum
1453 2048 1622 2101 sancti
1643 2063 1776 2116 puer

215 2134 393 2201 ingenii
424 2152 525 2190 non
559 2152 680 2201 suo,
711 2137 807 2191 sed
851 2137 1035 2191 matris
1055 2138 1273 2206 judicio,
1305 2154 1416 2192 rem
1439 2154 1560 2192 esse
1583 2153 1775 2207 geren-

212 2228 343 2282 dant.
370 2229 518 2284 Tunc
546 2230 631 2283 illa
657 2231 813 2299 jubet
843 2230 1105 2284 visionem
1133 2229 1374 2296 implere.
1417 2231 1636 2284 Factum
1669 2241 1773 2294 est,

215 2333 261 2375 et
290 2333 428 2390 pater
448 2324 518 2377 de
548 2334 823 2379 momento
851 2323 1136 2377 convaluit.
1169 2323 1305 2390 Quid
1329 2338 1459 2378 sane
1483 2325 1772 2380 rationabi-

215 2412 304 2466 Iius
329 2430 480 2484 quam
536 2429 733 2470 nomen
780 2415 909 2470 Jesu
957 2416 1042 2471 vel
1074 2417 1272 2485 lignum
1320 2416 1388 2469 ad
1422 2417 1773 2485 reparandam

217 2505 504 2572 sospitatem
537 2507 898 2576 congrueret?

276 2594 350 2647 Ill.
375 2596 633 2651 Parentes
684 2598 821 2666 ejus,
854 2606 912 2651 ut
943 2614 1131 2654 revera
1163 2600 1371 2655 nobiles
1413 2609 1588 2664 crant,
1635 2611 1688 2655 et
1722 2602 1772 2654 in

214 2684 491 2754 Burgundia
517 2688 697 2742 diffusi
723 2688 992 2743 latifundii
1026 2706 1382 2757 possessores.
1399 2693 1625 2746 Sanctus
1648 2709 1774 2746 vero

209 2777 447 2844 Nicetius,
480 2780 564 2833 vir
590 2781 754 2834 totius
793 2764 1094 2850 religionis,
1133 2784 1222 2849 qui
1267 2783 1607 2851 Lugdunensi
1640 2799 1776 2852 prte-

206 2882 311 2924 erat
337 2873 570 2938 civitati,
597 2888 718 2925 cum
744 2874 980 2942 praedicti
1008 2884 1254 2940 parentes
1276 2892 1396 2930 eum
1415 2878 1773 2942 vicinarcnta,

207 2977 414 3031 puerum
448 2964 771 3033 Gregorium
803 2965 903 3018 sibi
939 2965 1093 3032 jubet
1132 2965 1320 3021 acciri.
1353 2968 1522 3034 Quem
1557 2979 1777 3022 sanctus

204 3055 278 3108 vir
320 3071 496 3110 coram
552 3057 786 3124 positum
843 3059 1226 3127 aliquantisper
1274 3061 1685 3126 contemplatus,
1721 3069 1777 3114 et

1877 1853 2008 1905 nihil
2038 1856 2315 1921 prolicere.
2336 1855 2503 1922 Quem
2536 1847 2755 1924 patruus
2779 1856 2960 1914 Gallus
2989 1860 3297 1931 frequenter
3325 1862 3454 1917 visi-

1878 1942 2040 2005 tabat,
2073 1947 2299 2014 genitrix
2333 1962 2459 2000 vero
2487 1959 2542 2000 ut
2575 1959 2745 2002 mater
2775 1965 2896 2003 eum
2931 1951 3181 2006 lamentis
3211 1953 3454 2008 assidua«

1877 2033 1988 2086 bat.
2019 2033 2124 2088 Sed
2173 2051 2292 2089 cum
2319 2035 2427 2105 jam
2459 2037 2526 2091 de
2559 2037 2790 2092 humano
2817 2041 3017 2094 auxilio
3045 2042 3448 2112 desperaretur,

1876 2126 2088 2180 coalitus
2135 2127 2459 2182 adolescenti
2505 2139 2809 2198 suggestum
2836 2141 2916 2184 est
2945 2133 3084 2201 quod
3125 2147 3184 2187 se
3209 2133 3274 2186 ad
3314 2133 3455 2188 divi-

1877 2233 2002 2271 num
2043 2217 2332 2273 conferret.
2364 2219 2533 2288 Rogat
2557 2221 2718 2291 igitur
2742 2233 2796 2275 ut
2817 2223 2882 2275 ad
2912 2223 3218 2291 sepulcrum
3249 2225 3309 2280 S.
3339 2225 3449 2280 Illi-

1875 2312 1973 2376 dii,
2005 2321 2120 2367 erat
2164 2316 2306 2367 enim
2343 2313 2513 2380 juxta.
2541 2316 2739 2383 portari
2776 2293 3019 2370 deberet.
3049 2317 3153 2372 Sed
3182 2319 3231 2372 ei
3263 2332 3450 2386 parum

1878 2404 2094 2474 profuit,
2126 2409 2247 2473 quia
2278 2421 2438 2460 causa
2464 2406 2807 2462 differebatur
2827 2425 2945 2478 quae
2978 2424 3069 2479 per
3093 2411 3220 2464 illud
3250 2409 3450 2466 incom-

1879 2498 2091 2551 tnoduru
2134 2499 2493 2567 quaerebatur.
2531 2501 2681 2554 Domi
2709 2512 3012 2570 reportatus
3043 2508 3111 2556 ita
3142 2503 3307 2571 erepit
3335 2512 3455 2571 post

1876 2591 2150 2658 paululum
2177 2593 2513 2656 touncntari,
2549 2604 2601 2645 ut
2633 2604 2910 2660 putaretur
2934 2595 2999 2648 ad
3023 2597 3223 2649 exitum
3249 2598 3450 2669 urgeri.

1882 2679 2106 2734 Veiatio
2131 2682 2344 2735 tandem
2372 2683 2491 2735 fecit
2515 2697 2728 2736 causam
2756 2683 2999 2754 intelligi,
3025 2687 3336 2738 consolatur
3356 2700 3452 2739 eos

1877 2775 1966 2842 qui
2017 2789 2076 2827 se
2121 2773 2340 2840 ﬂebant,
2375 2775 2601 2828 dicens:
2635 2776 2713 2827 Ad
2758 2777 3058 2843 sepulcrum
3108 2777 3245 2829 beati
3290 2776 3449 2830 Illidii

1877 2881 1964 2920 me
1985 2867 2153 2921 semel
2176 2867 2352 2921 adhuc
2379 2867 2611 2932 deferte;
2650 2869 2780 2920 fides
2805 2886 2919 2920 mea
2947 2877 3050 2932 est,
3082 2870 3220 2936 quod
3246 2879 3300 2921 et
3321 2871 3452 2922 milii

1878 2961 2189 3029 sospitatem
2233 2972 2286 3014 et
2336 2961 2482 3014 vobis
2529 2976 2652 3012 mox
2698 2960 2969 3028 praestabit
3015 2960 3272 3013 laetitiam.
3305 2959 3455 3017 Tunc

1878 3068 2008 3107 vero
2058 3053 2166 3106 illic
2219 3053 2548 3123 deportatus,
2582 3068 2712 3107 vocc
2743 3069 2842 3119 qua
2886 3063 3098 3122 poterat
3150 3053 3448 3108 orationem

203 3147 378 3201 nescio
398 3147 527 3217 quid
557 3147 794 3202 divinum
827 3148 879 3200 iu
910 3164 976 3202 eo
1004 3160 1414 3212 commentatus,
1445 3149 1604 3219 jussit
1633 3152 1770 3204 hunc
1799 3141 1849 3204 (ἶ
1879 3144 2032 3209 fudit,
2063 3145 2336 3213 spondens
2369 3145 2490 3213 quia
2522 3146 2565 3197 si
2600 3148 2666 3197 ab
2697 3145 2796 3197 hoc
2822 3146 3074 3214 contagio
3105 3145 3450 3214 liberaretur,

201 3239 262 3292 ad
292 3255 368 3307 se,
397 3240 617 3308 jacebat
643 3241 785 3294 enim
816 3241 867 3292 in
894 3241 1109 3306 lectulo,
1143 3241 1307 3295 levari
1332 3259 1344 3294 :
1379 3257 1442 3296 ac
1472 3242 1612 3296 velut
1636 3241 1662 3279 ι)
1689 3259 1780 3309 pa-

199 3331 356 3386 radisi
405 3334 633 3387 colonus
681 3336 962 3389 concivcm
1013 3335 1117 3389 sibi
1167 3337 1400 3390 futurum
1433 3335 1776 3406 praesagiens,

199 3425 335 3478 ninis
365 3425 650 3479 astrictum
692 3426 856 3494 cmpit
880 3423 1187 3493 confovere,
1220 3441 1342 3480 cum
1372 3425 1610 3495 quidem,
1639 3426 1778 3492 quod

199 3515 527 3568 reticendum
561 3532 668 3569 non
717 3527 817 3578 est,
860 3517 932 3570 ita
962 3517 1194 3570 collobto
1225 3531 1286 3571 se
1317 3527 1484 3570 totum
1518 3517 1776 3580 contexit,

198 3618 249 3657 ut
279 3622 374 3662 nec
405 3609 636 3662 summis
665 3607 846 3676 digitis
894 3623 1116 3676 puerum
1150 3609 1202 3662 in
1248 3608 1392 3661 nudo
1422 3608 1774 3675 contingeret.

199 3697 304 3753 lloe
331 3715 465 3754 sane
502 3700 770 3754 castitatis
812 3702 1113 3770 exemplum
1171 3701 1338 3756 isdem
1392 3717 1522 3770 puer
1571 3703 1780 3756 adultus

192 3788 535 3844 auditoribus
563 3790 677 3842 suis
703 3790 1017 3859 frequenter
1039 3793 1413 3859 ingerebat,ex
1435 3793 1532 3847 hac
1559 3794 1776 3861 perfecti

194 3881 428 3935 hominis
456 3883 668 3935 cautela
699 3884 931 3936 suadens
960 3897 1052 3936 eos
1074 3883 1351 3952 colligere,
1377 3894 1632 3953 quantmn
1676 3887 1780 3938 fra-

192 3972 324 4040 giles
353 3974 562 4042 quique
583 3974 814 4027 debeant
836 3975 1035 4042 leporis
1072 3984 1300 4028 attactus
1333 3976 1502 4030 vitare
1536 3988 1580 4029 ο.
1621 3976 1781 4030 Bene-

190 4066 326 4120 dixit
355 4083 487 4136 ergo
534 4083 784 4136 puerum,
825 4075 879 4121 et
916 4066 1240 4135 imprecatus
1271 4068 1345 4122 illi
1385 4082 1635 4138 pr05pera
1667 4071 1782 4124 suis

192 4158 403 4211 remisit
428 4173 579 4212 cum.

258 4252 349 4306 IV.
389 4252 619 4305 Biennio
668 4267 794 4304 vero
827 4262 947 4318 post
993 4251 1306 4304 miraculum
1357 4252 1497 4319 quod
1541 4253 1776 4307 diximus

184 4342 358 4399 ferme
411 4355 631 4410 exacto,
659 4345 768 4412 jam
805 4353 1129 4396 memoratus
1185 4343 1490 4398 Florentius
1535 4345 1772 4399 recidivo

185 4435 452 4503 languore
473 4431 499 4469 ἀ
543 4443 826 4502 captatur:
858 4434 1164 4488 accenditur
1197 4434 1381 4503 febris,
1416 4438 1776 4492 intumescunt

1881 3238 2164 3291 clericatus
2194 3236 2432 3291 habitum
2454 3236 2727 3306 suscipere
2758 3253 2858 3292 nec
2886 3254 3106 3306 prorsus
3133 3250 3454 3295 moraretur.

1883 3331 2122 3392 Dixerat,
2157 3339 2214 3384 et
2254 3331 2422 3384 sensit
2478 3333 2720 3396 protinus
2765 3330 3046 3386 discedere
3093 3331 3316 3395 febrem,
3345 3343 3398 3386 et
3426 3349 3455 3388 ει

1883 3423 2101 3475 naribus
2127 3422 2244 3490 ejus
2271 3423 2422 3490 copia
2453 3422 2730 3489 sanguinis
2757 3421 3049 3486 delluente,
3071 3423 3146 3476 sic
3167 3425 3341 3476 omnis
3365 3420 3456 3476 illa

1884 3515 2133 3569 valetudo
2163 3516 2448 3582 disparuit,
2485 3531 2548 3568 ac
2574 3515 2616 3568 si
2649 3515 2855 3584 legatus
2885 3515 3100 3584 quidam
3133 3531 3190 3570 re
3219 3531 3313 3584 pro
3353 3531 3458 3585 qua

1882 3616 2102 3660 venerat
2152 3609 2392 3671 obtenta,
2444 3605 2723 3660 discedere
2774 3607 3096 3662 festinaret:
3131 3613 3201 3662 ita
3249 3623 3456 3662 comam

1882 3698 2152 3766 deposuit,
2203 3711 2256 3753 et
2305 3716 2362 3753 se
2409 3699 2604 3753 divinis
2659 3699 2930 3768 obsequiis
2977 3715 3045 3754 ex
3093 3709 3207 3754 toto
3253 3702 3456 3754 manci-

1885 3791 2042 3858 pavit.

1961 3881 2042 3935 VI.
2073 3879 2204 3935 Cum
2248 3897 2373 3935 vero
2402 3891 2619 3937 sanctus
2654 3884 2838 3937 Gallus
2873 3883 2938 3936 ad
2965 3883 3242 3936 emeritam
3289 3881 3457 3935 beatae

1884 3972 2010 4025 vitae
2060 3986 2312 4024 coronam
2359 3984 2658 4038 vocaretur,
2685 3974 2768 4026 vir
2799 3974 3006 4025 Domini
3054 3973 3238 4026 Avitus
3277 3972 3458 4028 adole—

1882 4073 2116 4116 scentem
2150 4064 2402 4130 suscepit,
2435 4064 2524 4132 qui
2553 4081 2670 4116 cum
2693 4065 2810 4133 ejus
2838 4064 3105 4134 ingenium
3143 4080 3461 4134 morumque

1885 4154 2248 4208 habitudinem
2287 4155 2694 4223 exploratissct,
2727 4159 3099 4228 magistrorum
3128 4160 3458 4228 diligentiam

1884 4246 2146 4312 adhibuit,
2175 4258 2224 4301 e'
2274 4259 2467 4313 quanta
2502 4250 2581 4302 vel
2629 4249 2793 4313 ipsius
2844 4251 3124 4315 industria,
3157 4252 3239 4305 vel
3267 4267 3454 4307 eorum

1883 4342 2138 4396 sedulitas
2166 4344 2446 4397 velocitate
2478 4355 2701 4412 poterat,
2731 4347 2794 4397 ad
2826 4360 3002 4398 arcem
3031 4344 3305 4414 sapientia:
3333 4363 3461 4415 pro-

1883 4433 2046 4487 vexit.
2072 4434 2194 4487 llznc
2226 4435 2276 4486 in
2309 4434 2424 4488 Vita
2465 4433 2666 4501 praifati
2699 4435 2854 4489 lllidii
2886 4436 3138 4502 reperies.
3165 4436 3332 4490 Porro
3369 4452 3464 4490 au-

181 4529 373 4597 pedes,
411 4527 570 4580 dolor
598 4526 861 4594 peSsimus
893 4527 1053 4593 pedes
1093 4526 1382 4595 intorquet;
1424 4531 1772 4596 perendinata
1809 4514 1859 4574 D
1889 4531 1992 4576 tem
2023 4524 2084 4576 in.
2118 4525 2388 4580 discendis
2419 4526 2710 4579 litterarum
2751 4527 2942 4580 studiis
2965 4542 3026 4580 ea
3053 4542 3112 4581 se
3137 4527 3462 4583 discretione

183 4621 352 4686 pestis
407 4617 690 4672 hominem
737 4618 1078 4680 contriverat,
1106 4616 1216 4686 jam
1252 4635 1387 4686 pene
1437 4620 1784 4674 conclavatus

176 4709 422 4776 jacebat.
457 4708 670 4761 Interea
721 4723 850 4776 puer
879 4708 1010 4761 vidit
1043 4709 1236 4762 iterum
1269 4712 1319 4762 in
1351 4726 1542 4764 somno
1589 4727 1776 4780 perso-

179 4817 304 4854 nam
338 4817 469 4855 sese
517 4809 767 4853 utrumne
812 4800 1007 4853 librnrn
1042 4801 1221 4854 'l‘obia:
1264 4804 1530 4872 cognitum
1561 4803 1781 4860 haberet

181 4893 642 4961 interrogantem.
695 4891 991 4959 Respondit
1032 4908 1046 4943 :
1097 4891 1464 4960 Nequaquam.
1506 4894 1606 4958 Qui
1659 4897 1777 4950 ait:

182 4982 418 5039 Noveris
451 4985 599 5037 hunc
642 4983 804 5036 fuisse
831 4997 1062 5047 caecum,
1088 4991 1250 5050 atque
1283 4999 1377 5050 per
1402 4983 1565 5038 lilium
1599 5000 1664 5039 ex
1701 4986 1782 5054 je-

184 5089 311 5128 eore
343 5075 515 5144 piscis
545 5073 736 5140 angelo
757 5073 1051 5126 comitante
1080 5084 1322 5126 curatum
1353 5091 1365 5125 :
1401 5083 1456 5128 tu
1501 5076 1662 5143 igitur
1695 5077 1781 5131 fac

188 5169 466 5233 similiter,
498 5177 553 5221 et
577 5165 870 5220 salvabitur
915 5166 1126 5234 genitor
1156 5176 1298 5222 tuus.
1324 5165 1451 5220 llaec
1498 5167 1591 5222 ille
1623 5171 1779 5223 matri

189 5259 374 5311 retulit
409 5277 421 5310 :
453 5273 576 5327 qua
606 5256 890 5311 confestim
943 5271 1138 5324 pueros
1169 5255 1232 5308 ad
1273 5271 1486 5310 amnem
1537 5257 1732 5311 direxit
1764 5275 1777 5310 :

192 5349 354 5418 piscis
383 5353 612 5422 capitur,
633 5367 750 5416 quae
779 5350 848 5404 de
879 5347 1000 5418 ejus
1027 5348 1165 5402 extis
1185 5347 1331 5416 jussa
1358 5347 1569 5402 fuerant
1597 5352 1780 5418 prunis

196 5444 556 5514 imponuntur.
590 5442 706 5499 Non
756 5440 952 5498 fefellit
983 5441 1196 5494 virtutis
1253 5449 1498 5508 eventus,
1529 5452 1585 5496 ut
1633 5447 1774 5496 enim

327 5611 526 5679 Germ,
549 5616 678 5685 ejus.
705 5613 888 5685 εει-ε..
921 5607 969 5661 ei
990 5605 1353 5685 vicinaremur.
1382 5676 1392 5685 .

324 5685 490 5753 δαῖε..
515 5674 587 5739 ad,
602 5703 658 5740 se
682 5674 937 5738 accedere
993 5676 1185 5728 iacebat
1213 5677 1344 5729 enim
1376 5676 1428 5730 in
1460 5674 1675 5740 lectulo,
1694 5691 1776 5729 ve-

211 5753 336 5809 ιω...
362 5774 665 5830 prrrwgans.

1891 4618 2147 4684 exercuit,
2192 4628 2248 4672 ut
2276 4629 2496 4688 utraque
2541 4619 2810 4675 nimietate
2851 4629 3058 4674 Careret
3090 4637 3103 4673 :
3137 4635 3235 4674 nec
3281 4634 3472 4689 poetas

1890 4726 2007 4764 rum
2041 4715 2239 4766 naeuius
2263 4729 2326 4767 ex
2359 4723 2470 4767 toto
2499 4715 2762 4781 horreret,
2788 4731 2885 4769 nec
2906 4725 3102 4779 tamen,
3121 4726 3176 4768 ut
3199 4716 3463 4782 plerisque

1892 4823 2007 4860 mos
2051 4823 2152 4872 εει,
2186 4810 2250 4862 iis
2297 4809 2628 4862 indecentius
2685 4810 2916 4874 barrens,
2962 4825 3145 4863 earum
3198 4806 3476 4876 lenocinio,

1891 4910 2070 4953 incute
2106 4901 2468 4954 ancillaretur.
2502 4901 2648 4955 Fecit
2687 4902 2830 4954 enim
2861 4901 3000 4968 quod
3028 4899 3258 4963 suffecit,
3291 4897 3470 4950 aciem.

1891 4992 2069 5044 cordis
2097 4992 2257 5044 veluti
2276 4991 2342 5044 ad
2372 4993 2653 5058 quamdam
2684 5002 2856 5046 cotem
2889 4992 3116 5053 exacuit,
3135 4998 3186 5042 et
3218 4989 3286 5042 ita
3309 4987 3464 5055 quasi

1891 5081 1957 5133 ab
1990 5080 2250 5150 Aﬁgyptiis
2283 5096 2402 5132 vasa
2435 5098 2594 5135 aurea
2641 5093 3006 5150 prornutuans,
3041 5088 3092 5131 et
3123 5077 3187 5130 ad
3219 5091 3472 5131 arentum.

1891 5189 1991 5241 qua
2020 5174 2161 5244 irrisa.
2185 5171 2311 5242 quo]
2340 5189 2531 5226 manna
2562 5174 2868 5227 comederet
2895 5170 3222 5238 dcmigrans,
3256 5170 3306 5222 in
3338 5184 3461 5238 per-

1889 5265 2189 5320 scrutandis
2217 5265 2519 5318 divinarum
2554 5265 2945 5331 Scripturarum
2991 5261 3346 5330 potentatibus
3376 5260 3460 5315 in-

1888 5354 2066 5410 travit.
2088 5355 2237 5421 Quod
2269 5355 2380 5419 ipse
2401 5355 2469 5408 de
2496 5370 2554 5408 se
2589 5355 2810 5422 loquens
2841 5351 3074 5407 ostendit
3098 5351 3283 5405 dicens
3305 5368 3320 5405 ;
3345 5351 3463 5406 Non

1889 5461 1988 5517 ego
2014 5445 2231 5502 Saturni
2257 5447 2453 5516 fugam,
2487 5462 2592 5500 non
2614 5445 2840 5502 Junonis
2861 5446 3017 5512 iram,
3038 5461 3142 5500 non
3172 5445 3319 5501 Jovis
3346 5455 3458 5502 stus

1965 5616 1987 5644 ε
2022 5606 2144 5673 Ed.,
2169 5606 2380 5660 debeant
2408 5613 2570 5659 tactus
2592 5606 2767 5659 vitare.

1960 5675 1984 5713 ά
2017 5677 2118 5734 Alii
2149 5693 2300 5744 mss.,
2333 5677 2574 5732 redirito.
2609 5676 2966 5746 Ed.,redivivo
2994 5678 3168 5733 dolore
3195 5683 3450 5746 captatus.
