4024 6192
564 218 663 280 “9

1451 222 1693 279 SANCTI
1730 216 2054 275 GBEGORll
2099 216 2404 273 EPISCOPI
2443 217 2871 274 TURONENSlS

3715 210 3833 264 120

564 356 656 409 pra
684 352 1067 401 commentam.
1098 347 1144 394 et
1168 347 1355 393 ctetera
1387 348 1641 397 monsrra,
1679 350 1797 404 quae
1833 334 1946 390 illic
1970 347 2123 389 secu-
2154 334 2203 387 A
2232 331 2408 384 itidem
2442 330 2663 400 languor
2692 329 2934 384 invaluit.
2967 328 3069 383 Sed
3118 342 3213 378 nec
3258 336 3383 381 tunc
3423 325 3647 380 omnino
3696 327 3831 394 cogi

565 444 647 488 tus
674 433 906 487 adnectit
931 446 1097 500 usque
1116 432 1239 485 dum
1272 431 1499 485 diceret:
1526 430 1647 484 llaec
1678 431 1850 483 (ironia
1878 440 2125 497 tauquam

564 525 672 579 cito
701 526 900 579 ruitura
930 523 1247 592 despiciens,
1283 523 1348 576 ad
1401 522 1575 576 divina
1623 523 1792 590 potius
1815 532 1869 577 et
1896 538 2131 589 evange-

568 618 670 671 lica
699 626 963 681 revertar;
985 629 1089 669 non
1117 616 1259 669 enim
1282 616 1361 669 vel
1387 616 1571 668 vinciri
1594 616 1749 685 cupio
1776 617 1908 670 meis
1930 618 2129 673 retibus

564 710 648 763 vel
700 709 918 763 involvi.
954 708 1007 761 In
1038 723 1143 779 quo
1185 723 1244 763 se
1272 708 1506 763 ostendit
1550 710 1663 764 haec
1692 709 1859 764 scisse
1889 709 2128 779 quidem,

564 799 657 854 sed
686 798 883 854 saniori
910 798 1112 868 judicio
1145 800 1436 869 reSpuisse.

640 890 750 945 VII.
779 890 1041 960 Tempore
1071 892 1368 956 praestituto
1413 891 1670 946 diaconus
1712 892 1989 947 ordinatus
2026 904 2127 948 est.

562 981 635 1035 Ea
658 991 972 1051 tempestate
987 985 1330 1052 eratquidam
1358 985 1437 1037 vir
1452 986 1795 1051 Arvernicus,
1812 988 1901 1055 qui
1932 989 2126 1057 lignum

562 1071 633 1125 de
658 1082 997 1126 sacrosancto
1028 1073 1168 1127 beati
1196 1075 1404 1129 Martini
1446 1077 1693 1144 sepulcro
1722 1077 2006 1148 detulerat,
2037 1080 2129 1135 sed

564 1180 684 1218 cum
739 1165 865 1233 ligni
923 1168 1277 1221 reverentiam
1326 1170 1568 1224 incautus
1617 1171 1925 1241 negligeret,
1959 1174 2134 1227 omnis

565 1256 681 1326 ejus
723 1256 918 1312 familia
969 1261 1200 1328 graviter
1244 1272 1503 1330 aegrotare
1531 1263 1867 1335 cmpit.Cum
1907 1267 2134 1320 subinde

570 1351 790 1419 linguor
833 1353 1248 1421 ingravesceret,
1284 1364 1340 1409 et
1389 1357 1478 1411 ille
1521 1373 1734 1411 causam
1773 1360 2131 1425 percussionis

571 1444 821 1508 ignorans
868 1443 1043 1497 minus
1072 1459 1130 1498 se
1158 1446 1487 1510 emendaret,
1522 1448 1651 1502 vidit
1681 1452 1732 1503 in
1762 1450 1971 1505 somnio
2018 1465 2135 1517 per-

567 1544 753 1585 sonam
778 1533 1090 1597 terribilem,
1105 1550 1199 1589 cur
1220 1552 1398 1590 secum
1421 1540 1490 1591 ita
1514 1548 1762 1608 ageretur
1783 1553 2131 1609 percunCIan-

570 1631 698 1697 tem.
730 1623 978 1691 Quicum
1019 1641 1076 1681 se
1119 1630 1325 1683 nescire
1370 1628 1573 1684 diceret
1612 1649 1623 1680 :
1657 1630 1900 1701 Lignum,
1943 1631 2127 1700 inquit,

2235 425 2399 491 potuit
2428 425 2550 493 quin
2583 425 2647 476 ad
2679 425 3001 492 propositam
3044 422 3249 474 Martini
3292 420 3541 473 fiduciam
3581 419 3829 473 festina-

2232 530 2331 580 ret,
2352 518 2564 571 nomine
2584 516 2775 570 divina:
2793 516 3084 584 majeslalis
3111 516 3481 566 ilelmrtatnres
3502 513 3824 573 obtestans.

2236 617 2291 658 ut
2322 610 2397 661 vel
2425 606 2720 668 vivum,ve|
2751 616 2896 660 certe
2926 603 3031 675 [ΑΙ.
3061 601 3220 674 forte]
3251 601 3563 655 defunctum
3594 616 3656 654 se
3686 610 3824 653 ante

2233 702 2350 765 ejus
2379 700 2676 768 sepulcrum
2698 706 3046 765 exponerent.
3070 695 3203 760 Quid
3239 694 3424 760 plura?
3454 692 3705 762 pervenit
3736 703 3823 744 ut~

2233 789 2713 859 (-utiique,probata
2739 788 2867 841 fides
2898 798 3127 856 sperata:
3157 787 3345 841 salutis
3374 799 3596 852 compos
3618 783 3815 837 effecta

2233 894 2336 935 est.
2366 882 2429 935 Et
2456 897 2557 934 non
2588 880 2761 933 solum
2808 879 2917 943 ille,
2948 876 3042 932 sed
3088 888 3142 933 et
3171 878 3542 931 Armentarius
3588 876 3817 946 quidam

2236 992 2298 1027 ex
2332 975 2445 1040 ejus
2476 974 2708 1036 clericis,
2742 972 2829 1040 qui
2873 985 3030 1024 senso
3063 971 3271 1039 penitus
3303 977 3576 1033 caruerat,
3617 971 3818 1019 merito

2239 1064 2503 1132 pitedictle
2533 1064 2652 1117 fidei
2683 1076 2899 1115 sanatus
2927 1076 3030 1117 esr.
3066 1066 3242 1131 Agens
3274 1061 3450 1127 itaque
3476 1071 3583 1111 tam
3628 1073 3728 1127 pro
3758 1073 3819 1111 se

2238 1173 2396 1226 quam
2422 1172 2516 1225 pro
2548 1158 2638 1210 illo
2664 1157 2884 1225 gratias,
2916 1168 3097 1207 amore
3139 1152 3345 1206 Martini
3375 1151 3696 1212 exsatiatus,
3732 1150 3815 1203 vel

2241 1249 2414 1317 potius
2437 1247 2601 1315 magis
2630 1260 2937 1309 succensus,
2970 1244 3033 1296 ad
3063 1244 3284 1310 patriam
3315 1242 3493 1296 rediit.

2310 1340 2397 1393 IX.
2441 1336 2735 1405 Aliquando
2763 1351 2891 1390 vero
2916 1350 3035 1389 eum
3066 1336 3165 1389 iter
3194 1334 3259 1387 de
3289 1332 3593 1400 Burgundia
3624 1331 3691 1383 ad
3719 1332 3819 1383 Ar-

2238 1449 2452 1488 vernem
2486 1434 2708 1497 faceret,
2736 1447 2922 1500 magna
2948 1440 3126 1484 contra
3153 1442 3212 1483 se
3234 1438 3520 1498 tempestas
3546 1429 3817 1490 exoritur,

2239 1531 2437 1581 densus
2463 1542 2554 1579 aer
2584 1526 2633 1578 in
2668 1524 2895 1578 nubibus
2928 1525 3154 1593 cogitur,
3189 1525 3389 1577 crebris
3437 1523 3652 1592 ignibus
3706 1537 3820 1577 ca:-

2241 1619 2346 1671 lum
2378 1617 2595 1680 micare,
2631 1616 2925 1680 validisque
2954 1615 3305 1667 tonitruorum
3333 1612 3494 1680 erepit
3520 1612 3822 1681 fragoribus

570 1714 711 1785 quod
739 1716 806 1769 de
842 1717 1038 1773 lectulo
1080 1704 1263 1774 domui
1312 1720 1519 1774 Martini
1573 1722 1759 1785 tulisti,
1806 1725 2133 1793 negligenter

2247 1724 2510 1773 resmiare,
2539 1722 2727 1762 omnes
2758 1706 3071 1774 pallescere,
3105 1706 3493 1773 imminensque
3523 1707 3821 1771 periculum

572 1811 658 1865 hic
695 1810 913 1876 retines,
946 1823 998 1867 et
1028 1813 1146 1868 ideo
1191 1812 1302 1867 haec
1341 1813 1645 1880 incurristi;
1687 1816 1781 1870 sed
1812 1818 1946 1870 vade
1977 1832 2131 1881 nunc,

570 1901 720 1956 defer
748 1903 876 1957 illud
922 1904 1178 1976 Gregorio
1225 1904 1469 1959 diacono.
1502 1905 1700 1976 Dignus
1742 1907 1875 1977 jam,
1905 1919 1960 1962 ut
1989 1924 2135 1975 rear,

569 1988 712 2045 idem
755 1991 933 2047 Levita
976 1994 1316 2064 flgurabatur,
1347 1996 1429 2048 cui
1480 1996 1704 2049 domnus
1755 1999 1853 2052 iste
1880 1998 2138 2054 Martinus

573 2084 803 2151 pretiosa
851 2100 1075 2154 qumque
1123 2087 1203 2139 sui
1253 2088 1427 2155 gregis
1455 2098 1599 2142 esset
1645 2092 2131 2145 commendaturus.

577 2175 727 2232 Tunc
774 2183 1026 2244 temporis
1069 2180 1205 2245 apud
1237 2180 1531 2235 Arvernum
1573 2182 1813 2251 plerique
1863 2186 1911 2237 in
1959 2186 2137 2240 habitu

578 2269 848 2337 religionis
873 2272 971 2323 viri
999 2272 1284 2339 fulgebant.
1301 2287 1439 2341 quos
1469 2273 1608 2327 idem
1627 2274 1840 2339 juvenis
1856 2292 1997 2333 nunc
2017 2292 2137 2331 cum

572 2359 729 2415 beato
776 2362 951 2426 Avito,
984 2376 1123 2415 nunc
1164 2363 1406 2416 semotim
1459 2364 1737 2430 invisebat,
1767 2381 2033 2436 quatenus
2074 2372 2141 2423 ab

575 2448 655 2503 eis
691 2452 773 2503 vel
805 2451 1049 2521 exempla
1100 2452 1307 2520 pietatis
1352 2467 1668 2522 assumeret,
1725 2457 1806 2511 vel
1842 2458 1971 2528 ipsis
2000 2461 2140 2529 quod

575 2540 711 2596 forte
738 2541 921 2596 deerat
960 2553 1140 2598 mutua
1170 2545 1429 2603 charitate
1468 2558 1763 2618 praistaret.
1796 2548 2055 2604 Nimirum
2088 2550 2140 2604 in

575 2636 641 2690 iis
668 2634 938 2689 Christum
967 2636 1196 2704 colebat,
1227 2650 1279 2693 et
1310 2642 1470 2695 veluti
1499 2643 1627 2695 solis
1652 2642 1812 2711 jubar
1843 2644 1892 2696 in
1940 2644 2140 2697 vertice

574 2724 835 2780 montium
866 2726 1219 2798 refulgenlem
1245 2728 1371 2802 [Ed.
1406 2730 1717 2802 refulgens],
1751 2734 1803 2786 in
1834 2734 1898 2787 iis
1929 2735 2139 2788 interim

573 2817 700 2872 dum
744 2827 797 2872 tn
834 2820 1011 2882 seipso
1056 2822 1221 2876 videri
1274 2840 1380 2877 non
1425 2834 1620 2895 potest,
1651 2827 1918 2881 Chrismm
1968 2828 2141 2896 reSpi-

576 2905 770 2962 ciebat.
800 2907 881 2961 Ad
928 2909 1031 2964 hoc
1057 2913 1289 2966 animum
1326 2915 1629 2982 intendens,
1682 2918 1768 2971 vel
1814 2919 1879 2971 ad
1931 2918 2137 2973 Iaudem

574 2997 772 3053 Christi
799 2999 1052 3068 proferret
1072 3004 1323 3074 quidquid
1356 3021 1450 3074 per
1476 3023 1588 3071 eos,
1608 3010 1691 3063 vel
1716 3011 1873 3062 etiam
1899 3026 1991 3077 per
2022 3010 2139 3064 illos

575 3090 663 3157 qui
684 3090 791 3158 jam
821 3093 961 3148 etelo
991 3106 1392 3161 praecesserant,
1422 3102 1629 3167 operari
1662 3100 1999 3168 dignabatur.

646 3180 781 3236 VIII.
810 3180 951 3238 Sane
999 3186 1137 3240 inter
1182 3196 1406 3242 caeteros
1457 3191 1507 3244 in
1555 3191 1769 3260 quibus,
1803 3206 1859 3247 ιιι
1887 3193 2140 3259 diximus,

575 3271 820 3326 Christus
842 3275 983 3329 velut
1014 3275 1066 3329 in
1091 3280 1356 3333 montibus
1386 3282 1776 3348 resplendebat,
1809 3286 2061 3340 domuum
2087 3297 2142 3342 et

578 3362 869 3432 gloriosum
902 3366 1181 3421 Martinam
1208 3369 1652 3438 deprehenderat,
1678 3376 1766 3444 qui
1791 3376 2026 3445 reliquos
2057 3393 2144 3431 ve-

579 3457 658 3511 lut
696 3458 909 3527 quidam
938 3462 1195 3533 Olympus
1241 3464 1471 3529 excedit,
1512 3476 1566 3519 et
1596 3467 1911 3523 luculentius
1939 3479 1993 3522 ut
2022 3479 2145 3538 pote

576 3548 767 3603 atheri
800 3551 1023 3607 vicinior
1068 3553 1362 3626 fulgoribus
1394 3557 1505 3623 ipsa
1534 3570 1676 3612 astra
1725 3560 2058 3626 reverberat,
2088 3563 2137 3614 in

577 3642 731 3711 cujus
761 3644 940 3713 utique
968 3651 1307 3702 veneratione
1337 3660 1475 3704 totus
1505 3653 1648 3705 orbis
1671 3654 1859 3707 merito
1880 3654 1989 3720 jam
2022 3655 2146 3708 olim

577 3737 839 3805 conjurat,
858 3738 911 3792 in
926 3739 1081 3807 hujus
1112 3740 1374 3797 desiderio
1398 3745 1681 3815 Gregorius
1697 3749 1958 3802 exardens
1984 3748 2147 3804 infer-

582 3828 696 3882 buit
729 3837 776 3883 ιι.
812 3830 961 3886 llune
1008 3849 1218 3903 semper
1249 3836 1298 3888 in
1328 3836 1509 3899 corde,
1542 3837 1682 3893 hunc
1726 3840 1779 3893 in
1811 3856 1903 3895 ore
1931 3853 2144 3908 gerens,

580 3921 790 3977 laudem
816 3923 928 3991 ejus
951 3923 1145 3995 ubique
1162 3927 1459 3995 spargebat.
1486 3928 1617 3982 Dum
1645 3946 1768 3984 vero
1790 3933 1981 3987 mentis
2010 3934 2147 4004 (Sic)

588 4014 654 4068 ad
678 4017 894 4070 nimium
912 4017 963 4070 in
988 4019 1244 4073 exercitio
1270 4020 1519 4076 virtutum
1542 4024 1818 4093 defugeret,
1841 4041 1969 4081 caro
1987 4029 2100 4097 ejus
2121 4045 2150 4082 a

582 4108 815 4175 propriis
844 4109 1043 4164 viribus
1071 4109 1384 4178 lacessebat,
1418 4112 1486 4165 ita
1517 4114 1716 4183 quippe
1747 4131 1860 4169 mos
1882 4127 1986 4171 est.
2018 4117 2151 4172 llinc

581 4199 823 4266 estquod
860 4200 1042 4254 Daniel
1076 4212 1349 4272 postquam
1379 4206 1635 4272 angelicae
1669 4206 1888 4260 visionis
1912 4217 2153 4262 contem-

584 4288 818 4353 platione
861 4290 1060 4344 levatus
1088 4301 1188 4356 est,
1241 4308 1269 4345 a
1318 4294 1493 4347 carnis
1531 4294 1722 4350 virtute
1766 4297 2021 4352 deficiens
2060 4316 2153 4367 per

578 4377 776 4432 multos
821 4379 934 4434 dies
969 4383 1263 4450 azgrotavit.
1315 4384 1409 4438 Hic
1465 4388 1642 4453 itaque
1668 4389 1951 4443 virtutibus
1991 4392 2150 4458 proli-

583 4467 750 4531 ciens,
783 4469 875 4522 sed
917 4471 1116 4525 viribus
1170 4476 1411 4542 corporis
1461 4477 1812 4541 intabescens,
1863 4479 2147 4549 aliquando

581 4560 939 4615 valetudinem
992 4578 1111 4617 cum
1140 4564 1284 4619 febre
1313 4577 1364 4618 et
1403 4568 1626 4635 pustulis
1674 4570 1972 4626 incurrerat
2004 4591 2016 4625 :
2044 4589 2146 4643 qua

586 4651 796 4705 tandem
828 4653 896 4706 ita
924 4655 1197 4711 confectus
1232 4670 1332 4723 est,
1376 4669 1432 4713 ut
1475 4677 1569 4714 usu
1616 4663 1719 4716 cibi
1750 4675 2007 4734 potusque
2051 4684 2145 4722 ne-

580 4754 722 4813 gato,
755 4760 968 4798 omnem
994 4748 1118 4799 vita:
1150 4747 1306 4816 hujus
1331 4764 1477 4819 spem
1508 4754 1953 4810 amiserit.Unum
1974 4765 2147 4813 tamen

582 4848 858 4907 supererat
878 4839 1017 4907 quod
1047 4841 1162 4907 ejus
1188 4840 1378 4895 fiducia
1403 4843 1625 4897 Martino
1649 4846 1825 4900 innixa
1847 4848 2148 4905 nullatenus

582 4931 886 4985 vacillabat.
919 4932 1221 4999 Quinimmo
1244 4930 1535 4988 ferventius
1557 4936 1805 5005 flagrans,
1846 4948 1992 4993 tanto
2010 4941 2152 5009 ejus-

581 5027 701 5082 dem
720 5027 925 5083 Martini
944 5028 1210 5084 desiderio
1225 5044 1513 5085 succensus
1527 5042 1627 5097 est,
1647 5043 1701 5087 ut
1717 5051 1835 5089 cum
1858 5054 1999 5093 mors
2018 5055 2153 5108 pene

586 5129 745 5185 caput
774 5120 847 5173 illi
873 5122 1172 5187 emerserit,
1211 5123 1276 5177 ad
1309 5123 1584 5178 visendum
1620 5136 1793 5180 tamen
1823 5128 1941 5197 ejus
1970 5133 2151 5200 sepul-

584 5227 733 5266 crum
760 5215 862 5269 iter
894 5218 1131 5287 arripere
1162 5234 1265 5272 non
1293 5219 1637 5286 dubitaverit,
1663 5238 1760 5275 nec
1786 5238 1906 5277 cum
1938 5226 2018 5278 sui
2060 5227 2154 5279 de-

588 5301 784 5357 hortari
816 5321 1048 5375 possent,
1078 5326 1199 5365 eum
1231 5313 1423 5367 obnixe
1457 5314 1729 5377 restiterit,
1766 5318 1884 5383 quia
1913 5321 2151 5387 corporis

584 5390 672 5440 illa
705 5390 865 5444 febris
902 5394 1046 5450 febre
1076 5400 1383 5453 vincebatur
1411 5402 1627 5456 amoris.
1658 5403 1723 5455 Et
1753 5405 1965 5471 quidem
2016 5407 2149 5461 actis

584 5480 785 5533 duabus
834 5485 913 5536 vel
964 5487 1129 5541 tribus
1178 5492 1561 5557 mansionibus,
1609 5492 1816 5548 itineris
1867 5499 2147 5551 occasione

660 5668 680 5693 ιι
721 5661 807 5712 llic
840 5659 1029 5715 desiuit
1060 5664 1169 5717 Vita
1201 5669 1249 5722 in
1282 5672 1463 5726 codice
1487 5674 1891 5729 Coi‘iiiartceusi.

2238 1804 2493 1872 pavitare.
2527 1800 2630 1855 Sed
2662 1799 2950 1868 Gregorius
2980 1797 3343 1867 animzequior,
3388 1809 3697 1850 sanetorum
3732 1814 3819 1849 rc-

2241 1895 2427 1963 liqnias
2458 1893 2577 1963 (has
2605 1893 2747 1946 enim
2776 1891 3141 1945 indesinenter
3165 1889 3305 1943 collo
3334 1888 3562 1959 ferebat)
3592 1890 3659 1941 de
3702 1890 3820 1943 sinu

2241 1984 2529 2055 protrahit,
2562 1993 2613 2036 et
2644 1983 2936 2035 minacibus
2962 1990 3270 2034 constanter
3300 1979 3530 2032 nubibus
3555 1981 3779 2046 opponit
3804 1996 3819 2031 :

2240 2094 2359 2149 qua:
2388 2079 2626 2148 pretinus
2656 2076 2856 2139 divisae,
2893 2077 3075 2129 dextra
3126 2076 3360 2142 laevaque
3406 2082 3819 2141 przetereuutes,

2241 2171 2463 2225 illtesum
2495 2170 2595 2223 iter
2632 2166 2993 2240 gradientibus
3025 2167 3386 2237 praebuerunt.
3422 2165 3489 2217 At
3532 2164 3823 2231 superbia,

2242 2280 2359 2333 quae
2403 2264 2714 2332 plerumque
2756 2260 3036 2315 virtutibus
3084 2258 3336 2322 nutritur,
3386 2257 3611 2326 juvenili
3643 2258 3823 2309 animo

2246 2354 2489 2421 protinus
2521 2351 2760 2421 irrepsit;
2796 2350 3036 2421 privatim
3068 2348 3262 2417 gaudet
3284 2392 3297 2408 ,
3341 2350 3561 2415 suisque
3615 2346 3822 2399 meritis

2245 2445 2540 2513 prrestitum
2569 2452 2800 2515 arrogat.
2832 2443 2935 2497 Sed
2983 2441 3105 2510 qttid
3155 2450 3261 2495 tam
3297 2440 3524 2493 vicinum
3559 2440 3823 2508 superbia:

2244 2552 2402 2607 quam
2433 2552 2588 2591 casus
2620 2554 2632 2587 :
2675 2551 2794 2590 nam
2823 2549 2988 2603 equus
3014 2533 3100 2588 cui
3147 2532 3417 2586 insederat
3448 2531 3590 2584 illico
3619 2533 3821 2598 lapsus,

2247 2629 2388 2682 hunc
2419 2628 2481 2681 ad
2516 2638 2711 2682 terram
2756 2630 2987 2695 graviter
3012 2627 3186 2691 elisit,
3219 2626 3288 2679 ita
3318 2636 3372 2678 ut
3403 2623 3550 2677 omni
3592 2637 3824 2690 corpore

2246 2730 2498 2775 contusus
2547 2719 2745 2792 [Germ
2779 2715 3090 2788 concussus]
3142 2718 3226 2770 vix
3271 2730 3548 2785 assurgere
3598 2722 3823 2783 posset:

2248 2828 2568 2883 causamque
2595 2812 2760 2865 ruina:
2787 2812 3106 2879 intelligens,
3135 2810 3263 2865 satis
3287 2809 3540 2877 deinceps
3565 2808 3729 2871 cavit,
3760 2823 3825 2861 ne

2249 2921 2308 2959 se
2338 2922 2485 2957 vante
2512 2904 2693 2972 glorias
2722 2904 2945 2957 stimulis
2977 2902 3215 2972 qualibet
3244 2902 3340 2955 sub
3370 2901 3653 2955 occasione
3682 2900 3819 2969 deji-

2250 3006 2399 3051 ceret
2430 3014 2440 3047 :
2474 2996 2566 3050 sed
2612 2996 2856 3064 quotiens
2887 3009 2979 3062 per
3010 3010 3132 3048 eum
3176 2993 3372 3062 aliquid
3424 2993 3602 3046 divina
3656 2992 3825 3049 virtus

2165 3074 2217 3141 c
2251 3088 2481 3156 egisset,
2514 3101 2617 3140 non
2662 3086 2772 3139 suis
2804 3085 3005 3139 meritis
3035 3086 3362 3150 ascriberet,
3396 3086 3487 3139 sed
3525 3086 3706 3139 virtuti
3738 3102 3823 3142 re-

2251 3183 2531 3253 liquiarum
2555 3222 2568 3244 ,
2603 3196 2752 3248 quas,
2783 3188 2841 3231 ut
2867 3179 3116 3242 diximus,
3150 3178 3365 3244 perinde
3413 3178 3638 3231 ferebat.
3671 3179 3824 3246 Quod

2254 3275 2443 3329 factum
2486 3275 2528 3328 si
2559 3274 2880 3335 decreveris,
2912 3271 3206 3325 mirabilius
3242 3280 3323 3325 est
3367 3271 3674 3338 superbiam
3704 3287 3826 3327 cor-

2248 3367 2455 3421 rexisse
2480 3380 2635 3433 quam
2669 3364 2859 3417 nubem
2892 3362 3159 3416 divisisse.

2320 3456 2388 3510 Χ.
2433 3457 2557 3510 Erat
2586 3465 2763 3508 autem
2793 3455 2845 3508 in
2877 3454 3206 3508 orationibus
3233 3461 3494 3515 assuetus,
3527 3455 3824 3519 przesertim

2250 3547 2442 3617 quietis
2492 3547 2656 3598 horis.
2689 3546 3010 3599 Solemnitas
3041 3545 3207 3598 beata:
3253 3544 3431 3596 Maria:
3477 3544 3706 3612 Virginis
3737 3548 3825 3594 ait.

2251 3648 2504 3703 venerat,
2536 3638 2794 3706 Siquidem
2840 3636 2978 3706 apud
3012 3639 3301 3692 Arvernem
3350 3634 3401 3688 in
3448 3635 3572 3687 villa
3607 3636 3827 3688 Marem-

2250 3734 2395 3786 censi
2420 3731 2535 3799 ejus
2559 3730 2795 3798 reliquis:
2815 3728 3172 3782 continentur.
3200 3725 3348 3780 Tunc
3372 3729 3507 3780 forte
3535 3726 3826 3795 Gregorius

2254 3829 2534 3891 intererat,
2569 3824 2659 3895 qui
2700 3823 2905 3877 czeteris
2936 3823 3043 3875 alto
3086 3835 3279 3889 sopore
3326 3818 3613 3889 depressis,
3641 3819 3709 3871 ad
3738 3833 3827 3872 se-

2253 3929 2454 3972 cretam
2487 3916 2781 3971 orationem
2815 3930 2910 3966 suo
2939 3929 3083 3965 more
3115 3911 3408 3980 processit,
3458 3912 3827 3978 conspicatus-

2255 4027 2358 4079 que
2387 4010 2594 4063 eminus
2622 4007 2762 4061 videt
2787 4006 3078 4058 oratoriqu
3110 4004 3305 4073 ingenti
3335 4004 3571 4057 claritate
3604 4002 3826 4073 fulgere.

2256 4102 2437 4156 Credit
2468 4102 2630 4169 igitur
2662 4098 2866 4169 aliquos
2895 4099 3204 4150 detotormn
3234 4096 3341 4164 jam
3369 4111 3426 4149 se
3451 4095 3515 4149 ad
3547 4096 3826 4150 celebran-

2258 4195 2351 4247 das
2375 4193 2583 4262 vigilias
2615 4191 2972 4259 prtecessisse,
3004 4188 3208 4241 visione
3241 4198 3417 4241 tamen
3452 4188 3668 4241 luminis
3695 4197 3827 4239 atto-

2259 4285 2397 4339 nitus
2423 4285 2513 4338 illo
2536 4283 2836 4353 pertendit,
2860 4291 3047 4335 cuncta
3077 4281 3287 4333 silentio
3313 4279 3433 4332 data
3458 4278 3828 4345 deprehendit.

2259 4379 2338 4431 Ad
2384 4376 2633 4430 aedituum
2680 4373 3008 4436 transmisit,
3036 4372 3127 4425 sed
3162 4370 3370 4424 interim
3403 4371 3597 4423 ostium
3643 4378 3831 4438 sponte

2257 4478 2557 4534 reseratur;
2588 4467 2676 4521 ille
2713 4467 2777 4519 ad
2820 4465 3089 4532 angelicas
3117 4464 3367 4518 excubias
3411 4472 3725 4517 reverenter
3755 4463 3832 4515 in-

2257 4576 2472 4631 gressus
2499 4560 2731 4612 divinam
2757 4557 3105 4611 visitationem
3138 4557 3278 4609 illico
3305 4556 3518 4625 agnovit
3548 4572 3559 4606 :
3595 4555 3830 4622 claritas,

2257 4670 2417 4724 quam
2448 4670 2476 4707 a
2511 4653 2638 4706 foris
2660 4651 2970 4715 mirabatur,
3006 4651 3246 4718 protinus
3274 4649 3519 4703 disceSsit
3542 4689 3558 4711 ,
3593 4648 3832 4717 nihilque

2258 4758 2451 4815 printer
2473 4748 2720 4799 virtutem
2745 4743 2988 4813 gloriosie.
3014 4743 3242 4809 Virginis
3272 4742 3453 4794 videre
3474 4738 3501 4777 δ
3535 4742 3724 4808 putuit.

2334 4846 2421 4899 XI.
2464 4843 2618 4898 Anno
2666 4848 2956 4898 centesimo
2997 4844 3390 4911 septuagesimo
3435 4844 3674 4895 secundo
3722 4851 3837 4909 post

2262 4939 2538 4992 transitum
2568 4938 2747 4990 domui
2778 4938 3016 4999 Martini,
3045 4936 3314 5005 Sigiberto
3345 4952 3471 5004 rege
3518 4952 3663 4989 anno
3707 4938 3838 4991 diio-

2259 5033 2468 5088 decimo
2492 5041 2763 5099 regnante.
2796 5031 2980 5084 beatus
3002 5029 3312 5093 Eufronius,
3335 5029 3424 5097 qui
3450 5030 3589 5083 inter
3612 5032 3836 5083 virtutes

2259 5138 2644 5180 consmesceus
2697 5132 2837 5177 tanta
2882 5123 3045 5191 gratia
3094 5121 3321 5176 donatus
3367 5130 3483 5185 est,
3520 5134 3576 5173 ut
3607 5136 3659 5175 ei
3712 5136 3831 5189 pro-

2263 5218 2451 5286 phetia:
2484 5217 2697 5285 Spiritus
2726 5215 2902 5269 inesse
2932 5215 3074 5268 visus
3104 5215 3201 5278 sit,
3234 5214 3506 5282 appositus
3535 5226 3619 5267 est
3648 5214 3715 5267 ad
3746 5231 3836 5283 pa-

2262 5321 2369 5361 tres
2402 5324 2548 5369 suos,
2574 5319 2884 5375 tempusque
2914 5306 3230 5367 advenerat,
3256 5317 3306 5357 ut
3336 5305 3630 5373 Gregorius
3654 5323 3836 5361 amore

2265 5399 2401 5453 beati
2430 5399 2640 5452 Martini
2668 5398 2861 5451 dudum
2894 5399 3140 5464 flagrans,
3174 5407 3227 5451 et
3256 5396 3320 5449 ad
3361 5397 3643 5464 pastoralis
3673 5397 3833 5451 officii

2262 5492 2611 5545 ministerium
2658 5491 2877 5544 idoneus
2907 5491 3164 5557 existens,
3193 5490 3499 5543 cathedram
3552 5490 3673 5547 eius
3724 5492 3836 5544 vice

2332 5669 2353 5707 ιι
2388 5671 2556 5738 Serg.,
2590 5668 2824 5737 Nihilque
2850 5670 3066 5736 antplius
3098 5668 3280 5720 videre.
3316 5666 3423 5732 AL,
3452 5684 3538 5736 per
3572 5678 3827 5721 virtutem.
