4024 6192
208 229 296 285 ω

230 454 304 497 uis
349 440 656 498 Eufronius
700 444 959 509 obiisset,
990 443 1242 499 Turonici
1273 443 1339 498 de
1367 442 1482 513 ejus
1513 456 1824 497 successore

242 537 507 593 tractaturi
556 539 931 601 conveniunt,
969 538 1062 591 sed
1094 535 1236 590 facili
1277 536 1581 591 discrimine
1608 551 1820 590 suasum

247 641 314 685 est
334 631 541 686 cunctis
562 630 890 701 Gregorium
912 630 963 684 in
983 630 1243 686 electione
1266 629 1679 700 praeferendum.
1704 630 1820 684 Per-

243 741 420 777 sonam
469 725 599 779 huic
627 724 753 779 loco
788 723 1320 794 “frequentissimam
1364 724 1474 793 jam
1504 724 1630 778 olim
1680 724 1821 777 scie-

238 815 391 880 bant,
430 815 694 885 pluraque
739 816 856 882 ejus
896 826 1042 885 gesta
1074 814 1191 869 viro
1233 816 1387 885 digna
1435 826 1817 885 cognoveram.

232 906 378 959 Tunc
408 920 562 969 vero,
592 905 802 959 cunctis
831 906 881 959 in
910 919 1145 959 consona
1176 919 1309 959 voce
1338 903 1674 970 coeuntibus,
1703 918 1820 957 cer-

229 1014 387 1053 neres
435 1000 548 1053 Deo
578 997 685 1070 [ΑΙ.
718 997 967 1070 Domino]
997 999 1203 1055 favente
1245 1014 1460 1054 causam
1491 999 1815 1068 prosperari.

226 1095 359 1149 Nam
406 1095 729 1151 clericorum
778 1108 947 1152 turma
994 1095 1119 1169 [Ed.
1153 1097 1327 1171 turba]
1376 1098 1645 1153 nobilibus
1688 1100 1817 1153 viris

226 1198 506 1250 conserta,
537 1189 793 1258 plebsque
815 1189 1010 1244 rustica
1036 1191 1193 1246 simul
1218 1201 1274 1246 et
1300 1191 1521 1260 urbana,
1552 1192 1665 1262 pari
1694 1208 1816 1247 sen-

225 1280 400 1335 tentia
432 1281 665 1335 clamant
691 1280 1003 1349 Gregorium
1032 1284 1425 1341 decernendum
1446 1327 1462 1351 ,
1505 1301 1627 1341 eum
1658 1288 1815 1341 claris

227 1373 464 1436 meritis,
500 1383 611 1428 tum
661 1389 873 1445 quoque
903 1376 1177 1432 nobilitate
1210 1377 1526 1445 pollentem,
1557 1379 1812 1447 sapientia

222 1466 594 1534 praecipuum,
637 1467 995 1534 generositate
1044 1468 1303 1539 primum,
1338 1471 1668 1540 principibus
1713 1486 1811 1525 no-

222 1567 349 1609 tum
368 1600 385 1621 ,
417 1573 479 1612 ac
506 1574 597 1626 pro
626 1574 721 1612 sua
754 1560 1015 1628 probitate
1044 1562 1393 1617 reverendum
1412 1603 1427 1627 ,
1459 1562 1810 1631 omnibusque

224 1648 429 1703 officiis
454 1649 698 1706 habilem.
723 1650 941 1721 Legatio
964 1652 1029 1705 ad
1057 1667 1236 1722 regem
1259 1652 1523 1722 dirigitur,
1548 1667 1667 1706 cum
1694 1652 1811 1721 qui-

1789 230 1961 286 VITA.

218 364 302 402 sua
331 348 648 419 regendam
682 350 963 422 suscipere
1003 349 1296 406 debuisset.
1327 348 1458 404 Cum
1502 348 1662 420 igitur
1700 348 1827 403 bea—
1853 362 1904 411 Α

3394 247 3495 306 1:23

2024 350 2355 419 Fundamenta
2382 356 2527 418 igitur
2546 369 2777 417 reparans
2800 358 2903 407 haec
2923 359 3075 419 prisca
3101 362 3326 413 sacerdos

2111 415 2550 480 Extulitegregius
2570 415 2712 480 quam
2739 415 2933 469 nituere
2956 423 3106 482 prius.

1999 519 2106 575 Sed
2134 523 2313 592 plures
2347 525 2498 589 alias,
2524 537 2572 578 ut
2602 527 2848 594 diximus,
2880 530 3019 584 sicut
3048 533 3099 584 in
3140 534 3301 602 ipsius
3325 536 3495 591 chro-

1928 611 2058 665 nicts
2082 614 2360 681 reperitur,
2386 623 2444 669 ut
2468 626 2549 671 est
2572 620 2796 673 ecclesia
2819 634 3019 677 sancta:
3042 624 3224 678 Crucis
3249 628 3324 681 vel
3356 629 3492 694 Mar-

1927 705 2080 758 tiensi
2117 716 2138 744 ο
2167 708 2290 760 villa

1996 820 2135 875 XIII.
2177 822 2232 876 In
2280 826 2653 880 construendis
2699 842 2825 883 vero
2874 830 3203 897 spiritalibus
3256 834 3487 903 templis,

1924 910 2169 966 videlicet
2194 912 2246 966 in
2282 916 2520 968 custodia
2551 918 2746 987 gregis,
2773 934 2931 986 quam
2959 923 3201 975 certatim
3244 938 3360 977 sese
3392 925 3490 976 im-

1924 1003 2196 1073 peuderit,
2223 1006 2306 1060 Vel
2354 1022 2420 1062 ex
2469 1010 2567 1061 hoc
2607 1010 3063 1077 animadvertitur,
3095 1014 3234 1081 quod
3276 1030 3376 1068 nec
3423 1017 3490 1068 ab

1924 1095 2050 1164 ipsis
2079 1096 2289 1164 quidem
2322 1099 2518 1153 sanctis
2545 1100 2672 1155 viris
2693 1102 2927 1156 Studium
2957 1120 3067 1158 suae
3098 1106 3487 1172 przedicationis

1919 1190 2200 1243 continuit.
2235 1190 2362 1243 Nam
2396 1202 2452 1245 ut
2479 1191 2546 1246 de
2588 1192 2652 1246 iis
2697 1202 2954 1262 taceatur,
2998 1212 3218 1265 quorum
3244 1239 3261 1266 ,
3304 1210 3365 1254 ut
3412 1202 3488 1254 ait

1919 1282 2223 1349 Apostolus,
2253 1294 2467 1352 peccata
2498 1284 2774 1339 manifesta
2805 1296 2960 1353 sunt,
2988 1288 3055 1342 de
3079 1291 3270 1358 quibus
3300 1307 3487 1360 super-

1920 1373 2026 1427 fluo
2052 1374 2305 1444 quidquid
2328 1376 2627 1430 diceremus
2648 1388 2815 1443 esset,
2838 1381 2902 1433 ad
2924 1382 3308 1437 ostendendum
3332 1399 3489 1452 quan-

1920 1474 2101 1533 topere
2149 1466 2287 1520 circa
2342 1468 2685 1534 perfectiores
2733 1470 2994 1525 sollicitus
3033 1474 3330 1537 exstiterit,
3378 1475 3485 1530 duo

1916 1557 2105 1613 saltem
2125 1572 2334 1621 eorum,
2362 1574 2494 1629 quos
2517 1560 2585 1615 ob
2612 1562 2910 1617 sanctitatis
2933 1564 3155 1633 insignia
3182 1567 3266 1620 vix
3291 1578 3485 1635 praeter

1916 1647 2228 1717 Gregorium
2261 1650 2450 1719 aliquis
2478 1666 2700 1719 arguere
2732 1667 3070 1722 praesumeret
3092 1695 3107 1721 ,
3140 1658 3205 1711 ad
3251 1659 3483 1714 medium

221 1742 353 1797 dem
384 1743 612 1798 Domino
636 1745 976 1814 dispensante
1003 1744 1287 1815 Gregorius
1313 1759 1495 1799 coram
1525 1745 1805 1813 reperitur.
1840 1734 1888 1795 B
1915 1739 2264 1795 deducantur.
2293 1741 2439 1797 llaud
2466 1743 2619 1813 longe
2645 1746 2784 1798 enim
2813 1756 2931 1813 post
2948 1746 3064 1817 ejus
3092 1748 3480 1805 ordinationem

222 1839 308 1894 De
339 1842 441 1893 hac
474 1840 635 1909 igitur
662 1855 823 1895 causa
853 1849 1167 1905 conventus,
1197 1850 1393 1909 quanta
1425 1839 1722 1894 humilitate
1752 1854 1811 1894 se

221 1946 492 1984 excusare
519 1932 778 1998 tentavit,
811 1932 1003 1999 quibus
1030 1932 1207 1987 modis
1236 1947 1295 1986 se
1340 1931 1635 1999 subducere
1664 1932 1812 1985 nisus

219 2024 343 2077 est?
374 2024 478 2079 Si-d
506 2040 609 2094 qua
639 2027 777 2080 velle
806 2025 1015 2079 Domini
1043 2023 1070 2062 ι)
1096 2033 1209 2090 est,
1240 2024 1345 2079 huc
1371 2032 1560 2080 caetera
1590 2023 1811 2077 ﬂectun-

220 2128 330 2171 tur.
368 2119 524 2173 !lunc
568 2134 661 2173 rex
707 2119 1025 2174 auctoritate
1064 2118 1235 2189 cogit,
1271 2118 1412 2174 hunc
1453 2116 1810 2172 Brunicbildis

220 2211 408 2279 regina
466 2221 738 2283 perurget.
788 2209 896 2266 Sed
946 2212 1195 2281 quoniam
1248 2210 1479 2265 discreta
1539 2208 1808 2263 humilitas

220 2300 588 2356 obedientiam
613 2318 719 2356 non
746 2310 980 2369 recusat,
1014 2301 1224 2356 tandem
1253 2301 1534 2369 aliquando
1555 2315 1808 2355 assensus

219 2400 327 2444 est.
360 2391 570 2460 Quem,
606 2403 662 2446 ut
691 2394 877 2458 credo,
908 2409 973 2447 ne
1014 2393 1249 2462 qualibet
1289 2393 1570 2447 occasione
1613 2391 1808 2446 dilatus

222 2482 567 2553 profugeret,
598 2485 776 2537 statim
824 2484 1039 2553 Egid‘us
1068 2484 1348 2539 Remensis
1377 2484 1808 2553 archiepiscopus

220 2573 522 2641 ordinavit,
554 2585 614 2629 ut
659 2575 979 2631 Fortunatus
1012 2586 1163 2631 rtoeta
1203 2578 1463 2643 serihcns,
1494 2576 1569 2631 ait
1610 2576 1721 2647 (lib.
1750 2591 1804 2642 v,

220 2679 383 2716 carm.
410 2662 469 2731 2)
495 2681 510 2717 :

316 2773 529 2823 Martiae
556 2775 800 2836 proprium
819 2777 966 2825 mittit
991 2775 1211 2825 Julianus
1238 2774 1502 2835 alumnum,

381 2836 441 2884 Et
462 2836 599 2884 fratri
628 2839 815 2896 prtebet
838 2837 964 2896 quod
989 2839 1079 2885 sibi
1104 2839 1246 2887 dulce
1267 2837 1375 2886 fuit.

315 2896 474 2957 Quem
500 2900 654 2958 patris
678 2898 832 2957 Egidii
856 2896 1060 2947 Domino
1081 2912 1252 2948 manus
1272 2900 1392 2947 alma
1411 2899 1633 2958 sacravit,

381 2958 444 3008 Ut
461 2960 697 3021 populum
722 2967 928 3021 regeret
951 2960 1050 3021 [Αι.
1068 2961 1304 3022 recreet],
1325 2973 1468 3023 quem
1497 2958 1809 3081 Rapfggpdis

1591 3027 1738 3070 amet.

316 3081 447 3133 Bnic
464 3083 755 3145 Sigtoertus
775 3096 923 3134 ovans
936 3084 1081 3146 favet,
1099 3092 1150 3133 et
1176 3080 1497 3132 Brunicbildis
1519 3080 1742 3134 honorat.

294 3184 463 3240 Sedes
479 3186 673 3255 itaque
694 3187 957 3241 Turonica
980 3196 1167 3241 octavo
1186 3186 1394 3241 decimo
1416 3185 1502 3240 die
1527 3195 1806 3256 postquam

224 3271 539 3331 Eufronium
570 3278 860 3347 amiserat,
894 3275 1204 3348 Gregorium
1238 3277 1491 3347 suscepit.
1526 3277 1805 3331 Turonen-

226 3370 377 3425 sibus
405 3386 534 3425 vero
566 3386 707 3425 novo
756 3374 950 3440 pastori
1003 3371 1389 3442 triumphanter
1433 3370 1806 3427 exsilientibus

229 3462 329 3515 hoc
369 3464 659 3531 pmdictus
701 3473 854 3532 poeta
898 3465 1275 3536 panegyricum
1304 3481 1518 3521 carmen
1561 3464 1808 3535 procudit

228 3552 455 3624 (Ibid):

320 3671 546 3735 Plaudite
572 3672 751 3721 felices
773 3670 955 3732 populi,
983 3685 1103 3721 nova
1129 3680 1235 3722 vota
1258 3679 1506 3735 tenentes,

413 3734 645 3784 Przesulis
662 3736 880 3796 adventu
900 3747 1014 3796 spes
1038 3736 1207 3796 gregis
1232 3747 1349 3783 ecce
1374 3734 1522 3784 venit.

315 3794 419 3845 Hoc
442 3810 566 3858 puer
584 3804 791 3845 exertus
812 3786 1068 3856 celebret:
1079 3786 1167 3844 ho‘é
1192 3809 1336 3844 curva
1368 3786 1628 3858 senectus:

456 3871 517 3907 oc
539 3871 798 3907 commune
821 3858 999 3906 bonum
1021 3858 1253 3921 praedicet
1274 3860 1432 3907 omnis
1456 3860 1614 3906 homo.

299 3962 363 4016 Et
383 3972 576 4017 czetera
601 3962 793 4030 quibus
817 3962 956 4016 hunc
980 3978 1009 4015 a
1034 3962 1433 4018 Turonensibus
1453 3965 1798 4033 celebratum,

225 4064 278 4107 et
301 4053 364 4106 ad
393 4053 709 4107 cathedram
739 4054 976 4121 legaliter
1003 4056 1297 4123 ingressum
1325 4054 1580 4109 ostendit.

295 4145 409 4200 XII.
441 4145 700 4213 Indeptus
720 4161 847 4217 ergo
875 4147 1213 4214 praesulatum
1234 4189 1249 4216 ,
1271 4148 1440 4217 qualis
1461 4149 1544 4203 vel
1574 4158 1804 4218 quantus

226 4236 417 4303 fuerit,
465 4252 523 4291 ut
565 4240 947 4310 compendiose
990 4241 1216 4306 dicatur,
1247 4250 1302 4297 et
1344 4242 1520 4311 plures
1563 4243 1805 4298 ecclesiae

224 4343 353 4397 quas
385 4330 601 4383 noviter
639 4333 965 4397 construxit,
1003 4334 1087 4387 vel
1116 4349 1337 4401 quarum
1369 4344 1651 4389 sartatecta
1693 4351 1804 4391 res-

223 4426 454 4474 tauravit
474 4467 488 4487 ,
519 4421 816 4485 insinuant,
843 4432 896 4476 et
923 4422 1040 4476 libri
1070 4426 1120 4477 in
1149 4424 1357 4478 laudem
1384 4436 1689 4480 sanctorum
1721 4428 1802 4481 vel

222 4510 273 4564 in
309 4514 652 4579 expositione
680 4524 981 4568 sanctarum
1025 4516 1415 4584 Scripturarum
1460 4518 1583 4572 editi
1615 4536 1801 4590 quam-

220 4602 448 4668 primum
500 4602 890 4657 demOnstrant.
938 4605 1159 4659 Matrem
1209 4622 1437 4676 namque
1483 4610 1800 4677 ecclesiam,

219 4707 376 4760 quam
404 4694 641 4748 domnus
672 4695 931 4748 Martinus
970 4705 1372 4762 construxerat,
1408 4699 1492 4753 hic
1525 4700 1683 4755 nimia
1713 4719 1803 4757 ve-

221 4793 416 4839 tustate
441 4787 743 4840 confectam
775 4798 995 4841 arcuato
1012 4789 1283 4845 schemate
1310 4794 1613 4859 reparavit,
1642 4803 1803 4863 atque

222 4875 482 4931 bistriatis
516 4878 809 4946 parietibus
840 4895 938 4947 per
965 4881 1202 4949 ejusdem
1235 4883 1446 4937 Martini
1474 4894 1621 4954 gesta
1652 4887 1805 4942 deco-

223 4968 374 5022 ravit.
401 4969 561 5035 Quod
604 4970 992 5024 metricanorus
1024 4984 1205 5026 noster
1233 4987 1337 5026 non
1383 4977 1582 5042 tacuit,
1616 4977 1799 5034 dicens

219 5055 354 5113 inter
379 5068 579 5113 cetera
610 5060 724 5127 (lib.
748 5076 800 5124 χ,
828 5077 989 5113 carm.
1015 5061 1071 5131 2)
1100 5080 1111 5114 :

308 5174 504 5240 Martini
527 5175 725 5240 auxiliis
742 5176 993 5236 operando
1016 5175 1291 5240 Gregorius
1311 5180 1490 5240 tndem,

398 5236 629 5285 Reddidit
654 5240 748 5285 iste
774 5251 930 5285 novus
953 5239 1077 5299 quod
1105 5240 1199 5289 fuit
1216 5242 1302 5290 ille
1330 5236 1488 5291 vetus.

288 5338 349 5392 Ει
388 5341 515 5395 item
548 5337 741 5409 (Ibid.)
769 5356 783 5391 :

290 5512 313 5537 ⁸
342 5501 459 5565 Ed.,
491 5504 543 5557 in
591 5504 725 5557 loco.
771 5502 955 5571 Serg.,
1002 5506 1376 5572 prteferendum
1422 5507 1603 5576 quippe
1645 5525 1794 5568 quem

227 5581 349 5623 (vnto
387 5591 589 5629 munere
626 5576 845 5646 dignum
883 5578 994 5643 jam
1023 5576 1217 5643 pridem
1257 5589 1615 5648 cegnoverant.
1660 5579 1792 5631 Tum

224 5657 345 5701 vero.
369 5658 449 5699 etc

286 5713 309 5752 ⁵
334 5714 534 5778 Germ..
561 5716 671 5774 Sed
698 5717 821 5783 quia
851 5716 980 5770 velle
1006 5714 1096 5772 Dei
1118 5718 1237 5773 huc.
1268 5718 1389 5786 [ζόη
1418 5720 1555 5773 hinc.

1914 1843 2131 1889 sanctus
2153 1834 2365 1889 Senoch
2395 1835 2561 1889 abbas
2588 1836 2655 1891 de
2682 1838 2814 1891 cella
2844 1854 2938 1891 sua
2966 1855 3235 1908 egressus,
3267 1841 3331 1894 ad
3361 1857 3482 1896 eum

1913 1923 2248 1977 salutandum
2292 1922 2559 1991 profectus
2602 1936 2700 1978 est.
2729 1926 2897 1993 Quem
2932 1939 3145 1982 sanctus
3178 1930 3258 1983 vir
3294 1946 3481 1999 magna

1912 2014 2210 2069 reverentia
2264 2026 2605 2083 susceptum,
2653 2029 2939 2087 mutuoque
2987 2019 3253 2088 colloquio
3282 2024 3479 2076 sensim

1910 2111 2240 2178 exploratum
2261 2152 2275 2176 ,
2309 2119 2457 2179 peste
2487 2110 2610 2183 [Ed.
2639 2110 2792 2183 aestu]
2818 2113 3081 2182 superbia:
3113 2129 3233 2167 mox
3263 2129 3482 2183 persen-

1909 2205 1978 2258 sit
2023 2204 2298 2258 infectum.
2338 2204 2439 2258 Sed
2469 2205 2659 2274 gratia,
2692 2221 2810 2274 qua:
2840 2206 2890 2259 in
2923 2207 3288 2262 discernendis
3317 2208 3478 2275 spiri-

1913 2297 2051 2352 tibus
2096 2296 2219 2350 huic
2268 2297 2668 2365 suppeditabat,
2703 2296 2849 2350 illum
2892 2298 2959 2352 ab
3004 2298 3188 2352 eadem
3234 2298 3477 2365 superbia

1910 2390 2119 2458 penitus
2139 2388 2469 2458 expurgavit.
2495 2388 2603 2443 Nec
2623 2389 2865 2443 dissimili
2889 2389 3081 2445 virtute
3100 2390 3237 2444 circa
3265 2389 3477 2445 beatum

1907 2496 2117 2550 quoque
2157 2480 2490 2536 Leobardum
2516 2480 2718 2535 exstitit
2747 2481 3024 2547 sollicitus,
3056 2496 3211 2550 quem
3252 2496 3478 2551 nequam

1907 2571 2125 2639 Spiritus
2150 2572 2223 2626 ita
2266 2572 2497 2628 sinistris
2540 2572 2948 2641 cogitationibus
2975 2572 3234 2641 agitabat,
3264 2581 3321 2625 ut
3351 2588 3481 2643 pro-

1909 2672 2028 2731 pter
2054 2662 2337 2732 quamdam
2376 2662 2660 2716 verborum
2693 2661 3065 2716 contumeliam
3102 2660 3168 2715 de
3207 2662 3346 2717 cella
3374 2677 3479 2731 qua

1907 2774 1968 2813 se
2014 2757 2212 2813 dudum
2254 2757 2545 2812 recluserat
2590 2756 2818 2826 migrare
2862 2755 3209 2809 decrevisset.
3242 2755 3347 2811 Sed
3384 2770 3479 2811 nec

1908 2850 2011 2906 iste
2042 2850 2214 2920 potuit
2248 2851 2522 2905 incurrere
2564 2865 2778 2915 casum,
2808 2849 2897 2919 qui
2927 2849 3243 2917 Gregorium
3286 2848 3477 2903 meruit

1908 2940 2106 2996 habere
2134 2942 2520 2997 sublevantem.
2563 2941 2694 2995 Nam
2724 2956 2843 2996 cum
2876 2942 3033 2996 solito
3064 2941 3129 2995 ad
3160 2940 3327 3010 Majus
3368 2938 3477 2993 Mo-

1908 3037 2197 3087 nasterinm
2224 3034 2377 3103 quasi
2408 3048 2557 3087 sacra
2588 3033 2799 3087 Martini
2832 3033 3049 3103 vestigia
3079 3031 3478 3087 deosculatnrus

1909 3123 2116 3191 adiret,
2149 3126 2408 3181 sollicitus
2447 3137 2624 3189 pastor
2652 3126 2880 3196 qualiter
2917 3126 3031 3180 ovis
3070 3140 3252 3180 amore
3278 3122 3477 3178 Christi

1910 3219 2178 3273 vinculata
2224 3232 2284 3274 se
2328 3233 2537 3289 gereret
2565 3224 2628 3272 ad
2661 3218 2776 3288 ejus
2807 3219 3069 3289 tugurium
3114 3218 3346 3273 divertit.
3379 3216 3476 3272 Gui

1908 3326 2031 3365 mox
2076 3311 2163 3365 ille
2192 3318 2397 3365 secreta
2424 3310 2600 3366 cordis
2627 3325 2747 3378 quae
2796 3309 3040 3364 diabolus
3069 3310 3217 3379 quasi
3247 3309 3477 3363 rationa-

1908 3402 2032 3456 bilia
2075 3402 2408 3458 conﬁnxcrat
2438 3402 2610 3457 eidem
2655 3401 2944 3455 reseravit:
2979 3400 3069 3471 qui
3100 3401 3362 3469 protinus,
3392 3415 3478 3454 sa-

1906 3494 2188 3562 gacissimo
2226 3503 2284 3548 ut
2327 3505 2441 3548 erat
2496 3494 2736 3566 ingenio,
2786 3493 2986 3548 diaboli
3030 3503 3329 3549 commenta
3380 3493 3479 3549 de-

1909 3584 2219 3652 prehendit,
2251 3594 2306 3640 et
2350 3600 2455 3639 non
2498 3586 2717 3640 minimo
2747 3584 2933 3639 dolore
2972 3586 3268 3654 suspirans,
3302 3586 3479 3642 incre-

1908 3692 2034 3747 pare
2091 3677 2359 3732 hominem
2408 3678 2604 3746 cmpit,
2653 3694 2715 3731 ac
2768 3678 3082 3732 diabolicam
3136 3678 3479 3732 calliditatem

1905 3768 2084 3823 verbis
2127 3770 2551 3837 competentibus
2581 3770 2898 3838 denudavit;
2929 3770 3179 3840 domique
3209 3786 3479 3839 reversus,

1910 3862 2076 3915 libros
2107 3864 2170 3915 ad
2222 3863 2551 3930 propositum
2596 3864 2981 3917 monachorum
3009 3879 3273 3935 congruos
3300 3866 3348 3918 ei
3395 3865 3479 3932 pia

1906 3953 2271 4009 sollicitudine
2317 3955 2627 4008 transmisit.
2671 3954 2872 4020 Quibus
2905 3956 3137 4023 retectis,
3171 3972 3275 4009 non
3306 3957 3477 4011 solum

1906 4044 1972 4098 ab
2016 4044 2103 4099 illa
2134 4060 2290 4114 quam
2336 4045 2631 4113 patiebatur
2662 4046 2965 4102 incursione
2992 4058 3209 4102 curatus
3238 4057 3351 4111 est,
3384 4048 3477 4103 sed

1907 4140 2068 4195 etiam
2115 4141 2168 4194 in
2205 4155 2394 4195 sensus
2442 4141 2689 4196 acumine
2737 4142 2957 4196 multum
3000 4152 3304 4212 provectus.
3336 4145 3477 4199 Nihil

1906 4244 2032 4298 ergo
2060 4246 2198 4285 nunc
2230 4231 2649 4301 magnificentius
2675 4248 2901 4301 quteras,
2930 4235 3060 4289 nihil
3094 4236 3143 4288 in
3178 4236 3329 4290 laude
3355 4236 3479 4291 Grc-

1906 4322 2119 4393 goriana
2174 4324 2509 4391 prmsmntius
2559 4336 2858 4393 exspectes.
2908 4327 2967 4383 Si
3022 4330 3198 4385 anima
3254 4347 3479 4401 corpore

1909 4415 2097 4468 melior
2125 4423 2238 4479 est,
2273 4415 2439 4469 satius
2467 4431 2588 4471 esse
2631 4433 2947 4485 quemquam
2994 4422 3045 4474 in
3085 4437 3147 4477 ea
3195 4424 3478 4491 suscitari,

1907 4519 2005 4558 nec
2044 4507 2270 4559 mendax
2315 4521 2506 4576 negare
2539 4518 2731 4576 potest.
2778 4508 2888 4564 Vox
2937 4521 3113 4566 autem
3157 4515 3272 4583 ejus
3318 4531 3477 4585 quam

1907 4596 2189 4663 imperiosa
2222 4596 2409 4664 fuerit,
2440 4599 2521 4651 vel
2549 4612 2612 4652 ea
2642 4614 2758 4668 quae
2802 4600 3043 4666 dicebat,
3087 4620 3245 4673 quam
3288 4617 3478 4661 aucto-

1907 4687 2047 4739 riosa
2076 4687 2179 4740 vita
2212 4688 2439 4743 subditis
2466 4685 2835 4760 inculcaverit,
2866 4693 3093 4765 diligens
3120 4696 3287 4752 lector
3315 4698 3368 4752 in
3400 4701 3479 4767 ip-

1908 4780 2018 4833 sius
2050 4779 2195 4833 libris
2224 4794 2285 4834 ex
2295 4780 2540 4848 plorabit.

1984 4894 2122 4951 XIV.
2185 4895 2413 4957 Verum.
2465 4906 2522 4952 ut
2573 4915 2730 4970 supra
2783 4906 3086 4970 retulimus,
3138 4908 3479 4965 incommodo

1902 4991 2142 5058 corporis
2193 4988 2496 5058 frequenter
2525 4993 2593 5045 ub
2625 4990 2882 5049 incuiiam
2914 4998 3091 5051 carnis
3133 4998 3480 5067 fatigabatur,

1905 5083 1996 5137 sed
2023 5098 2143 5136 eum
2176 5085 2419 5149 quotiens
2449 5087 2821 5152 corpusculum
2849 5089 3012 5141 nimio
3042 5090 3292 5142 virtutum
3322 5105 3476 5145 exer-

1905 5170 2030 5224 citio
2061 5170 2331 5239 fatigatum
2362 5173 2581 5242 languor
2612 5174 2980 5229 inclementius
3009 5177 3354 5247 pulsavisset,
3386 5181 3476 5238 ille

1904 5261 1969 5315 ad
2018 5262 2294 5314 Martinum
2342 5278 2496 5316 suum
2550 5279 2859 5329 recurrens,
2900 5267 3108 5320 concito
3166 5274 3472 5329 sanabatnr.

1905 5353 2019 5411 Hoc
2046 5370 2411 5425 smpenumero
2441 5357 2618 5412 fiebat.
2647 5358 2869 5424 Quando
2898 5369 3076 5415 autem
3121 5372 3177 5418 et
3221 5366 3475 5435 qualiter,

1978 5520 1999 5547 ο
2030 5511 2205 5580 Serg.,
2236 5510 2499 5564 Martensi.
2542 5512 2662 5577 Ed.,
2692 5514 2745 5567 in
2776 5515 2992 5572 Artena'.
3038 5522 3118 5575 An
3161 5522 3474 5579 Artonensis

1904 5580 2027 5633 villa
2047 5620 2063 5643 ,
2090 5595 2183 5634 seu
2212 5583 2400 5634 donius
2438 5583 2844 5640 Marciacutsis?
2880 5587 3169 5645 Ecclesiam
3199 5594 3255 5648 ὃ.
3284 5594 3467 5650 Crucis

1901 5665 1930 5702 a
1952 5650 2209 5731 Gregorio
2225 5654 2491 5731 conditam
2508 5655 2685 5731 laudat
2702 5657 3018 5731 Fortunatus
3046 5663 3136 5717 lib.
3155 5678 3210 5727 Il,
3229 5680 3390 5717 carui.
3408 5667 3466 5731 ὅ,

1902 5738 2020 5790 qua:
2051 5721 2315 5794 hodieque
2349 5726 2619 5793 subsistit,
2653 5727 2805 5784 titulo
2836 5732 3122 5799 patocbiali
3156 5721 3395 5803 insignis.
