4024 6192
522 260 623 314 ﬁt;

1435 244 1678 305 SANCTI
1719 241 2043 301 GREGORII
2086 238 2387 294 EPISCOPI
2431 229 2852 289 TURONENSIS

3674 219 3791 271 1‘34

517 377 570 430 in
595 373 951 440 descriptione
980 366 1351 423 miraculorum
1376 363 1446 417 ita
1469 362 1710 431 dirigitur
1738 370 1785 424 ⁸,
1806 366 1865 412 ut
1893 356 2084 411 merito
2115 357 2163 414 Λ
2195 353 2331 419 puit,
2362 358 2418 402 ut
2456 363 2552 400 nec
2577 361 2637 401 ea
2668 360 2786 414 qua:
2811 344 2920 414 jam
2950 337 3374 412 apprehenderat
3401 336 3539 389 ultra
3576 348 3686 387 nec
3715 331 3792 386 ad

520 468 772 519 lectorem
799 462 1026 517 delectet
1056 476 1071 511 :
1101 459 1144 512 si
1173 456 1386 526 quidem
1417 466 1471 509 ut
1499 455 1763 507 discretus
1790 461 1845 505 et
1876 448 2088 503 humilis

518 569 769 625 corporea
802 552 1183 606 medicamenta
1226 548 1324 601 sibi
1376 544 1661 599 adhibebat
1697 543 1963 611 primitus,
1994 538 2089 594 sed

518 655 716 715 quanto
739 645 826 699 illa
852 642 1100 695 humilius
1127 638 1439 705 expetebat,
1466 635 1734 701 indignum
1763 648 1821 686 se
1845 630 2091 700 judicans

519 738 605 793 cui
637 736 837 791 medela
882 748 975 800 per
1013 730 1328 785 miraculum
1359 727 1472 781 dari
1503 724 1804 787 debuisset,
1837 729 1986 775 tanto
2012 719 2092 771 di-

520 827 641 881 vina
668 826 882 891 largitas
913 823 1051 875 hunc
1074 820 1139 873 ad
1171 820 1334 872 solam
1359 831 1468 870 Suae
1501 812 1750 883 potentia:
1771 809 2087 865 medicinam

523 916 852 973 reservabat.
879 912 1111 983 Contigit
1139 909 1421 980 aliquando
1450 914 1510 961 ut
1535 906 1691 960 solita
1722 903 1860 958 beati
1887 900 2093 956 Martini

521 1013 715 1063 virtute
742 1008 809 1061 ab
837 1009 991 1060 unius
1018 1004 1270 1069 temporis
1301 1000 1485 1057 dolore
1512 1008 1817 1059 sanaretur,
1847 996 1933 1051 cui
1977 1002 2096 1063 post

523 1102 790 1172 paululum
835 1100 1085 1171 cogitatio
1126 1114 1220 1167 per
1249 1096 1612 1150 insidiamrem
1660 1092 1817 1146 subiit
1868 1089 2091 1157 injecta,

522 1196 662 1265 quod
696 1197 876 1263 pulsus
903 1193 990 1246 ille
1016 1205 1267 1244 venarum
1296 1188 1569 1255 sanguinis
1602 1192 1779 1253 posset
1804 1180 2096 1235 minutione

525 1287 719 1341 sedari.
751 1286 884 1339 Dum
930 1284 981 1338 id
1011 1283 1147 1352 apud
1178 1297 1235 1335 se
1278 1281 1551 1340 volveret,
1585 1278 1860 1330 amborum
1895 1285 2097 1342 tempo-

527 1397 644 1435 rum
687 1394 834 1434 vena:
876 1376 1187 1447 prosiliunt,
1219 1380 1501 1426 renovatus
1540 1370 1690 1422 dolor
1728 1368 2001 1421 ardentius
2027 1366 2096 1418 ir.

528 1468 763 1538 rumpit,
810 1467 901 1522 sed
956 1465 1045 1519 ille
1089 1462 1327 1516 concitus
1366 1460 1431 1514 ad
1485 1459 1757 1512 basilicam
1813 1462 2096 1525 properat,

526 1561 733 1614 veniam
765 1558 908 1627 prius
948 1570 1043 1625 pro
1067 1553 1386 1624 c0gitatione
1431 1559 1691 1618 precatur,
1722 1547 1917 1602 dehinc
1964 1546 2098 1615 palla

526 1654 698 1707 sancti
728 1651 956 1720 sepulcri
984 1656 1139 1718 caput
1170 1644 1359 1715 attigit,
1390 1652 1446 1698 et
1474 1644 1613 1698 illico
1637 1656 1797 1696 sanus
1818 1639 2097 1695 abscessit.

2200 442 2461 496 modicum
2487 442 2721 493 ustulare
2747 445 2948 506 posset.

2264 552 2423 607 XVII.
2465 550 2633 604 Causa
2682 547 2858 602 fuerat
2885 562 2985 615 qua
3018 545 3283 599 Remense
3327 540 3583 609 oppidum
3627 537 3795 591 adire

2194 645 2469 707 debuerit,
2516 656 2742 710 cumque
2790 641 2856 693 ab
2910 637 3100 708 Egidio
3156 633 3409 705 pontiﬁce
3463 631 3795 685 humanitus

2198 735 2380 790 fuisset
2410 746 2685 803 exceptus,
2721 732 2914 786 ibidem
2948 739 3106 783 noctu
3137 727 3369 798 quievit,
3392 724 3446 778 in
3478 725 3788 780 crastinum

2198 842 2328 880 vero
2376 825 2714 880 illucescente
2762 821 3036 876 Dominica
3077 819 3142 872 ad
3191 815 3474 871 ecclesiam
3519 814 3789 883 episcopo

2197 916 2557 969 collocuturus
2586 914 2747 968 venit.
2776 912 2908 966 Cum
2936 911 3053 979 ejus
3079 909 3366 964 adventum
3396 906 3448 960 in
3480 906 3790 960 secretario

2197 1008 2616 1077 praestolaretur,
2647 1004 2862 1059 nolebat
2900 1003 3040 1057 enim
3074 1001 3125 1055 in
3157 1001 3381 1055 ecclesia
3423 999 3603 1067 loqui,
3638 1000 3790 1066 Sygo

2200 1097 2595 1152 referendarius
2626 1095 2892 1163 quondam
2941 1092 3196 1162 Sigiberti
3244 1092 3383 1160 regis
3413 1089 3477 1142 ad
3527 1104 3652 1142 eum
3688 1102 3791 1141 ac—

2198 1191 2393 1254 cessit,
2438 1205 2593 1257 quem
2638 1189 2726 1242 ille
2768 1186 3063 1241 osculatum
3110 1183 3301 1238 sedere
3333 1182 3482 1250 juxta
3526 1194 3587 1233 se
3633 1179 3787 1233 fecit.

2204 1281 2334 1333 Dum
2365 1280 2743 1349 aliquantisper
2763 1293 2944 1333 secum
2972 1275 3481 1341 sermocinarentur,
3509 1285 3562 1327 et
3597 1272 3692 1325 ille
3717 1272 3789 1325 de

2200 1391 2293 1427 ore
2318 1374 2560 1444 Gregorii
2595 1373 2866 1442 penderet,
2890 1371 3064 1425 subito
3090 1369 3232 1423 auris
3257 1369 3394 1437 ejus,
3419 1382 3537 1435 qua:
3567 1364 3784 1435 pridem

2202 1471 2584 1536 obsurduerat,
2615 1483 2737 1522 cum
2781 1465 3011 1536 quodam
3053 1463 3256 1532 crepitu
3300 1461 3497 1533 [σει-ιη.
3528 1457 3787 1529 strepitu]

2202 1574 2434 1616 reserata
2465 1571 2566 1614 est.
2596 1560 2687 1613 Ille
2713 1558 2916 1627 gratias
2942 1558 3106 1625 coepit
3147 1571 3324 1623 agere,
3357 1564 3410 1607 et
3449 1551 3577 1621 quid
3606 1554 3655 1606 ei
3690 1567 3791 1619 per

2203 1650 2518 1718 Gregorium
2565 1650 2853 1718 praestitum
2890 1648 2955 1702 sit
3000 1646 3361 1700 manifestare.
3402 1643 3508 1699 Sed
3553 1645 3636 1697 vir
3677 1643 3789 1696 Do-

602 1765 716 1821 XV.
758 1763 943 1824 Multa,
968 1759 1162 1824 fateor,
1195 1758 1245 1813 in
1273 1757 1515 1812 laudibus
1536 1755 1993 1822 diversorumjam
2015 1751 2099 1804 di-
2134 1739 2177 1799 Β
2204 1741 2329 1795 mini
2353 1784 2368 1806 ,
2398 1749 2669 1795 consueta:
2698 1755 2801 1793 non
2843 1741 3125 1793 immemor
3154 1737 3483 1801 humilitatis,
3514 1735 3792 1790 hominem

530 1865 800 1931 gesserat,
830 1856 925 1910 sed
970 1852 1211 1923 quamvis
1240 1866 1424 1903 amore
1474 1847 1685 1902 Martini
1733 1845 2099 1899 vehementius

529 1948 845 2013 inferveret,
880 1949 943 2001 ad
976 1961 1037 1998 ea
1069 1953 1243 1998 tamen
1278 1956 1395 2007 qua:
1421 1940 1488 1994 de
1517 1942 1633 2007 ejus
1662 1938 1933 1992 miraculis
1961 1936 2097 1991 seri.

531 2041 701 2097 benda
726 2049 910 2103 erant,
943 2053 1001 2093 se
1032 2038 1333 2091 nullatenus
1359 2036 1574 2105 dignum
1599 2033 1901 2101 judicabat,
1931 2032 2102 2087 donec

532 2135 615 2188 bis
638 2143 691 2188 et
722 2142 801 2186 ter
834 2146 925 2200 per
954 2145 1199 2199 scporem
1228 2128 1549 2190 admonitus,
1584 2128 1627 2179 si
1660 2135 1860 2179 taceret
1896 2125 2102 2179 crimen

530 2230 803 2284 incurrere
834 2228 1146 2281 minaretur.
1183 2224 1419 2292 Denique
1463 2223 1752 2275 oratorium
1782 2220 1950 2272 sancti
1981 2218 2102 2274 Ste-

534 2320 693 2388 phani
744 2318 882 2387 quod
916 2319 965 2370 in
1009 2315 1262 2369 suburbio
1293 2323 1375 2367 est
1403 2312 1635 2380 iusserat
1680 2309 1983 2378 prolongari
2004 2349 2020 2374 ,
2052 2318 2106 2363 et

533 2415 698 2465 altare
721 2422 777 2465 ut
806 2419 920 2464 erat
945 2410 1206 2478 integrum
1236 2408 1286 2459 in
1313 2414 1466 2458 antea
1497 2403 1828 2472 promoveri,
1858 2402 1950 2454 sed
1982 2400 2105 2469 quia

536 2505 666 2559 nihil
695 2503 760 2559 de
788 2503 1097 2573 pignoribus
1130 2499 1325 2555 ibidem
1352 2500 1582 2566 reperit.
1615 2512 1772 2549 unum
1804 2510 1869 2549 ex
1902 2494 2108 2548 abbati-

537 2597 654 2656 bus.
696 2606 754 2649 ut
800 2594 1036 2663 ejusdem
1092 2592 1340 2661 martyris
1392 2589 1643 2658 reliquias
1687 2588 1997 2649 exhiberet,
2043 2586 2108 2639 ad

537 2688 861 2757 episcopium
882 2728 895 2749 ,
925 2687 1126 2741 clavem
1156 2694 1332 2738 tamen
1372 2683 1571 2737 oblitus
1600 2682 1826 2743 direxit,
1859 2683 1948 2749 qui
1986 2694 2113 2748 cap-

537 2796 650 2838 sam
698 2780 1001 2834 obseratam
1034 2777 1305 2847 reperiens
1341 2774 1466 2845 quid
1498 2774 1695 2827 faceret
1720 2772 1995 2825 dubitabat
2022 2789 2034 2822 :
2066 2772 2109 2824 si

537 2876 602 2928 ad
646 2874 953 2943 episcopum
989 2885 1081 2940 pro
1109 2873 1259 2925 clave
1304 2869 1535 2929 rediret.
1572 2882 1840 2921 morosum
1889 2874 2035 2928 erat;
2067 2864 2115 2918 si

537 2982 749 3037 capsam
777 2964 1099 3020 exhibuisset
1117 3002 1133 3026 ,
1157 2962 1227 3016 ob
1250 2962 1536 3015 multorum
1565 2958 1782 3027 pignora
1808 2964 2114 3010 sanctorum

539 3074 657 3128 qua:
703 3057 775 3111 ibi
820 3055 1250 3118 continebantur,
1302 3052 1587 3105 molestum
1629 3048 1677 3102 ei
1724 3060 1843 3102 esse
1891 3044 2113 3099 sciebat.

2200 1833 2267 1887 ab
2296 1832 2395 1886 hac
2420 1831 2777 1887 aestimatione
2797 1830 3096 1884 subducere
3120 1828 3296 1882 nitens
3320 1845 3334 1880 :
3365 1826 3517 1893 Noli,
3542 1826 3650 1889 ait,
3678 1824 3788 1879 dul-

2199 1925 2415 1978 cissime
2463 1923 2573 1991 iiIi,
2603 1922 2728 1976 mihi
2762 1921 2959 1991 aliquid
3007 1920 3193 1991 gratiae
3237 1918 3463 1983 referre,
3504 1917 3600 1971 sed
3634 1918 3795 1972 beato

2200 2017 2424 2072 Martini)
2456 2031 2550 2085 per
2577 2015 2731 2084 cujus
2763 2012 3038 2082 reliquias,
3068 2012 3196 2067 licet
3227 2011 3495 2081 indignus,
3528 2026 3663 2076 quas
3697 2009 3794 2064 de-

2204 2106 2337 2173 fero,
2373 2107 2467 2161 tibi
2498 2106 2708 2159 auditus
2738 2115 2819 2160 est
2849 2104 3093 2160 redditus
3123 2112 3178 2158 et
3207 2102 3442 2157 surditas
3467 2102 3719 2170 depulsa.

2278 2219 2457 2274 XVIII.
2495 2220 2671 2274 Virtus
2702 2235 2929 2288 namque
2957 2217 3231 2273 charitatis
3260 2218 3312 2270 in
3346 2217 3437 2269 illo
3467 2216 3792 2286 prmemine-

2206 2314 2297 2368 bat
2326 2313 2459 2367 adeo
2488 2321 2546 2366 ut
2574 2312 2702 2381 ipsis
2731 2311 2959 2365 inimicis
2985 2310 3230 2365 alfectum
3258 2308 3562 2364 dilectionis
3586 2310 3794 2377 impen-

2208 2406 2397 2469 deret,
2431 2412 2490 2457 nt
2533 2406 2781 2473 sequenti
2836 2401 3034 2469 patebit
3080 2402 3347 2469 exemplo.
3377 2400 3619 2464 Quodam
3649 2400 3792 2453 enim

2211 2506 2452 2563 tempore
2481 2496 2675 2548 factum
2699 2504 2813 2560 est,
2838 2506 2893 2548 ut
2913 2495 2978 2548 ad
3003 2493 3359 2548 venerabiiem
3392 2502 3615 2546 matrem
3644 2508 3795 2546 suam

2211 2590 2265 2642 in
2320 2588 2676 2656 Burgundiam
2710 2594 3043 2656 properaret.
3076 2585 3131 2638 In
3162 2584 3328 2654 sylvis
3360 2599 3486 2637 vero
3532 2582 3791 2652 abiegnis,

2213 2699 2330 2753 qua:
2382 2693 2529 2735 trans
2564 2681 2833 2734 Verberon
2870 2679 2895 2718 ιι
2926 2678 3143 2732 ﬂuvium
3192 2680 3310 2731 sitae
3356 2686 3511 2736 sunt,
3561 2676 3796 2729 latrones

2212 2777 2467 2843 incurrit,
2506 2774 2597 2845 qui
2629 2783 2778 2828 tanto
2811 2774 3011 2841 impetu
3041 2786 3199 2834 super
3227 2768 3538 2823 comitatum
3570 2768 3690 2837 ejus
3720 2769 3794 2821 ir-

2214 2883 2371 2925 ruere
2406 2870 2507 2922 nisi
2535 2878 2693 2933 sunt,
2723 2876 2781 2920 ut
2811 2881 2916 2919 non
2949 2865 3106 2918 modo
3136 2877 3231 2918 eos
3259 2859 3585 2931 exspoliare,
3618 2860 3715 2915 sed
3744 2869 3797 2914 et

2216 2963 2464 3017 occidere
2490 2960 2626 3015 velle
2656 2968 2991 3029 putarentur.
3010 2956 3248 3021 Quorum
3272 2954 3476 3007 assultu
3506 2951 3797 3021 Gregorius

2217 3057 2403 3111 terreri
2437 3069 2541 3109 non
2571 3056 2773 3123 potuit,
2804 3052 2893 3122 qui
2926 3049 3172 3119 praesidio
3220 3048 3430 3102 Martini
3467 3047 3798 3113 circumsep-

541 3149 673 3204 Cum
701 3150 861 3219 igitur
890 3149 1027 3217 allud
1059 3164 1116 3200 se
1164 3144 1439 3210 "missa.
1469 3151 1527 3195 υῑ
1556 3142 1735 3194 (“Villa
1764 3140 1934 3207 S'alia
1980 3152 2109 3190 οοθ-
2143 3116 2188 3177 C
2220 3160 2303 3201 tus
2335 3146 2642 3208 incedebat;
2672 3116 2973 3212 cuj'usvmo-x
3000 3142 3259 3195 auxilium
3306 3139 3552 3207 ﬂagitans
3593 3138 3664 3190 ita
3698 3136 3797 3190 sibi

542 3241 859 3310 peratricem
918 3252 978 3292 se
1028 3234 1284 3305 Gregorio
1338 3239 1645 3295 testaretur,
1695 3244 1907 3298 capsam
1966 3226 2113 3282 exsic

542 3318 793 3388 lientibiis
841 3328 1106 3399 repagulis
1150 3324 1341 3393 aspicit
1382 3333 1693 3379 reseratam.
1724 3322 1873 3375 Tunc
1917 3322 2116 3389 gratias

541 3439 724 3492 agens,
753 3421 1002 3487 reliquias
1029 3434 1132 3471 non
1157 3417 1274 3471 sine
1296 3414 1647 3469 admiratione
1675 3412 1959 3465 inultorutn
1984 3408 2117 3464 Gre-

545 3516 692 3585 gorio
720 3510 943 3576 detulit,
974 3510 1060 3579 qui
1092 3523 1336 3563 reversus
1360 3521 1572 3575 capsam
1602 3512 1660 3557 ut
1690 3503 1976 3571 reliquerat
2004 3502 2106 3555 ob—

548 3612 781 3660 seratam
812 3601 1011 3655 invenit

617 3716 754 3771 XVI.
800 3714 959 3769 Multa
1004 3710 1216 3780 quidem
1256 3708 1565 3777 Gregorius,
1596 3721 1714 3775 qua:
1758 3704 1962 3773 insequi
2005 3704 2122 3758 Ion-

545 3823 669 3881 gum
703 3814 876 3870 esset,
910 3804 963 3859 in
1006 3803 1179 3856 salute
1221 3798 1580 3867 languentium
1624 3796 1965 3865 operabatur,
2002 3809 2121 3863 qua}

546 3908 722 3953 tamen
746 3897 846 3951 sub
866 3896 1085 3950 obtentu
1107 3902 1408 3947 sanctorum
1430 3931 1445 3955 ,
1471 3906 1695 3958 quorum
1721 3889 1976 3959 reliquias
2003 3905 2124 3959 per-

548 3992 673 4047 inde
724 3991 960 4053 terebat,
1001 4001 1029 4039 a
1076 3986 1190 4040 suis
1239 3984 1446 4038 meritis
1500 3983 1784 4037 excludere
1834 3981 2117 4035 nitebatur.

548 4082 679 4137 Cum
728 4079 942 4151 quidem
991 4078 1104 4131 haec
1150 4083 1298 4131 tanto
1326 4076 1509 4128 verius
1558 4087 1649 4140 per
1690 4073 1861 4141 ipsum
1896 4070 2121 4137 ﬁebant,

549 4187 747 4245 quanto
777 4175 890 4244 ipse
938 4170 1189 4225 humilius
1232 4169 1348 4222 aliis
1398 4167 1697 4230 tribuebat,
1744 4173 1801 4217 ut
1846 4174 1931 4217 est
1970 4161 2121 4216 illud.

552 4270 682 4324 Cum
726 4265 1007 4334 aliquando
1040 4278 1131 4331 per
1160 4264 1297 4315 viam
1338 4260 1647 4329 gr-aderetur
1692 4266 1746 4311 et
1791 4270 2003 4309 crucem
2034 4269 2128 4307 au-

550 4377 694 4415 ream
721 4374 838 4413 cum
863 4355 1097 4422 reliquiis
1125 4356 1292 4407 beatre
1320 4351 1494 4404 Maria:
1536 4363 1746 4415 semper
1773 4346 2013 4413 virginis,
2041 4343 2126 4397 vel

553 4455 693 4509 beati
744 4450 951 4504 Martini
982 4448 1120 4502 collo
1147 4452 1419 4515 gestaret,
1453 4441 1590 4495 haud
1626 4438 1805 4507 procul
1850 4452 1877 4492 a
1912 4438 1993 4489 via
2035 4450 2128 4488 cu-

551 4547 758 4618 jusdam
791 4557 987 4610 panpc-r
1010 4555 1036 4593 s
1064 4537 1400 4601 hospitiolum
1451 4531 1698 4587 incendio
1720 4528 1980 4597 conspicit
2002 4542 2130 4581 con-

554 4635 802 4693 cremari.
852 4633 973 4686 Erat
1015 4640 1221 4691 autem,
1257 4637 1312 4679 ut
1351 4636 1432 4680 est
1477 4625 1529 4678 in
1572 4623 1757 4677 usibus
1797 4636 2127 4691 pauperum,

555 4734 696 4789 foliis
725 4741 884 4798 atque
909 4724 1240 4780 surculorum
1270 4719 1505 4784 cremiis,
1538 4717 1737 4786 ignium
1768 4715 2019 4769 videlicet
2045 4715 2127 4769 fo-

557 4824 770 4885 mentis,
801 4826 1125 4873 contectum.
1156 4812 1263 4866 Hac
1293 4811 1520 4879 illacque
1548 4810 1709 4863 miser
1735 4824 1855 4863 cum
1887 4822 2050 4863 uxore
2074 4817 2128 4862 et

554 4916 734 4973 liberis
779 4912 1039 4968 cursitare
1081 4920 1137 4963 et
1182 4920 1444 4975 strepere.
1475 4920 1667 4975 aquam
1713 4903 2000 4968 advehere,
2033 4902 2126 4956 sed

557 5014 928 5078 nequicquam.
961 5002 1077 5057 Jam
1118 5002 1342 5055 ﬂammae
1374 4999 1793 5067 praevaluerant,
1836 5010 1933 5049 nec
1981 5002 2131 5063 pote-

557 5110 678 5155 rant
706 5098 951 5168 mitigari.
980 5095 1132 5149 Tunc
1162 5108 1286 5145 vero
1311 5090 1599 5159 Gregorius
1629 5089 1890 5154 accurrit,
1920 5097 1973 5140 et
2002 5101 2131 5140 con-

558 5202 641 5245 tra
672 5191 1001 5243 ﬂammarum
1031 5186 1219 5255 globos
1261 5196 1472 5236 crucem
1520 5180 1777 5244 elevavit,
1809 5190 2037 5245 nioxque
2079 5176 2131 5228 in

559 5289 775 5347 aspectu
805 5288 1107 5332 sanctarum
1142 5274 1481 5343 reliquiarum
1511 5272 1580 5325 ita
1613 5278 1756 5324 totus
1787 5267 1919 5337 ignis
1947 5268 2132 5321 obstu—

637 5448 659 5474 α
691 5439 863 5503 Serg.,
896 5435 1008 5487 Hoc
1052 5450 1184 5500 sirpe
1226 5432 1372 5502 ﬁebat
1414 5431 1615 5497 quando
1646 5439 1732 5482 aut
1778 5426 2041 5494 requa/iter
2080 5426 2133 5479 in

562 5508 859 5565 discretione
884 5506 1239 5555 miraculorum
1260 5506 1331 5554 ita
1353 5503 1619 5570 digeritur,
1651 5508 1735 5561 ut,
1762 5508 1866 5551 etc.

638 5579 665 5620 1³
698 5578 950 5646 l’apyrius
979 5576 1149 5646 Massa
1195 5574 1320 5646 legit
1366 5566 1726 5646 Ararimrseat
1761 5566 2127 5646 nostraiectto

563 5652 751 5709 melior
774 5636 838 5702 ei;
874 5647 987 5715 ipso
1009 5636 1286 5711 Gregorio,
1312 5644 1397 5711 qui
1432 5644 1570 5695 hunc
1601 5640 1816 5694 lluvium
1851 5636 2122 5691 Berberim

568 5721 816 5794 appenau

2217 3244 2404 3298 adesse
2429 3253 2679 3310 expertus
2701 3250 2811 3303 est,
2844 3250 2899 3293 ut
2928 3239 3163 3293 latrones
3184 3237 3419 3292 velocius
3442 3252 3604 3304 quam
3630 3249 3799 3289 emer~

2218 3345 2401 3392 serant
2445 3330 2624 3403 fugam
2680 3333 2895 3386 inirent.
2928 3333 2995 3384 At
3041 3328 3334 3395 Gregorius
3378 3341 3504 3379 usus
3544 3333 3799 3378 consueta

2222 3428 2418 3496 pietate
2452 3436 2501 3492 υ,
2534 3439 2634 3479 nec
2678 3425 2730 3478 in
2782 3421 3181 3492 perturbatione
3232 3418 3490 3481 turbatus,
3533 3415 3799 3483 fugientes

2220 3530 2465 3584 revocat,
2510 3520 2576 3574 ad
2622 3519 2797 3572 cibum
2828 3526 2883 3571 et
2924 3523 3106 3584 potum
3158 3512 3402 3565 inimicos
3446 3507 3660 3563 invitat.
3692 3507 3798 3563 Sed

2221 3611 2472 3666 crederes
2518 3624 2612 3665 eos
2656 3608 2883 3663 fustibus
2925 3605 3043 3674 agi,
3074 3612 3130 3659 et
3176 3603 3374 3657 invitos
3401 3615 3570 3669 equos
3615 3609 3800 3655 contra

2221 3709 2624 3781 possibilitatem
2655 3704 2950 3760 calcaribus
2984 3701 3189 3771 urgeri,
3224 3708 3282 3752 ut
3323 3714 3422 3752 nec
3454 3707 3795 3752 revocantem

2223 3801 2408 3856 audire
2458 3807 2697 3868 possent.
2741 3797 2816 3850 Ita
2846 3794 3136 3864 Gregorius
3177 3791 3425 3860 supernis
3454 3790 3673 3842 auribus
3707 3802 3793 3843 os-

2225 3903 2409 3948 tensus
2438 3901 2519 3945 cst
2550 3890 2773 3951 vicinus,
2801 3897 2856 3942 et
2883 3885 3135 3955 operibus
3164 3881 3441 3936 charitatis
3472 3881 3726 3933 intentus.

2295 3981 2437 4037 XIX.
2460 3980 2616 4035 Fides
2647 3987 2700 4032 et
2722 3977 2940 4032 devotio
2964 3973 3136 4044 populi
3171 3971 3326 4025 valde
3367 3986 3460 4039 per
3487 3968 3798 4034 Gregorium

2227 4073 2631 4138 succrescebat;
2659 4079 2715 4124 at
2745 4070 3009 4139 malignus
3040 4067 3205 4120 hostis
3239 4080 3344 4118 non
3376 4063 3588 4117 modico
3617 4061 3801 4115 dolore

2230 4166 2611 4235 torquebatur:
2646 4162 2787 4217 unde
2818 4161 3012 4214 factum
3040 4167 3154 4221 est,
3190 4165 3246 4209 ut
3276 4157 3380 4209 vim
3412 4169 3523 4208 sua:
3554 4154 3796 4222 maligni-

2229 4262 2351 4315 tatis
2391 4259 2532 4313 ierre
2562 4272 2664 4309 non
2698 4255 2991 4318 sustinens,
3022 4251 3106 4304 vel
3138 4249 3392 4319 pastoris,
3421 4248 3505 4300 vel
3537 4244 3711 4315 gregis
3742 4245 3774 4297 ti

2228 4351 2436 4405 duciam
2484 4348 2683 4417 apertis
2724 4346 2945 4399 vocibus
2984 4342 3297 4397 dementare
3345 4348 3652 4394 conaretur.
3693 4337 3805 4406 Ipsa

2231 4458 2462 4512 namque
2487 4441 2687 4495 Natalis
2712 4438 2920 4493 Domini
2961 4437 3048 4491 die
3092 4450 3213 4489 cum
3259 4432 3547 4502 Gregorius
3592 4429 3804 4499 pontiﬁ-

2232 4539 2349 4593 cale
2377 4537 2404 4573 ά
2436 4538 2626 4590 festum
2672 4533 2725 4585 in
2756 4528 3031 4598 principali
3084 4525 3323 4591 basilica,
3354 4525 3492 4577 sicut
3534 4535 3651 4576 mos
3696 4531 3805 4585 est,

2232 4630 2545 4686 sulemniter
2573 4628 2847 4681 celebrare
2878 4622 3222 4689 procederet,
3250 4619 3466 4687 quidam
3491 4633 3553 4672 er
3579 4631 3805 4685 energu-

2232 4721 2406 4777 menis
2435 4719 2667 4772 atrocior
2696 4715 2905 4769 czeteris
2933 4712 3097 4778 C(Bpil.
3128 4709 3350 4763 nimium
3382 4706 3729 4767 debacchari,
3756 4716 3808 4760 et

2234 4814 2578 4885 sequentibus
2620 4812 2701 4864 vel
2744 4806 3079 4861 obviantibus
3122 4803 3312 4865 turbis,
3344 4817 3464 4869 qua:
3494 4800 3806 4868 Gregorium

2235 4912 2538 4975 sepserant.
2566 4918 2625 4957 se
2646 4900 2859 4955 obvium
2888 4900 3166 4967 ingerens:
3191 4894 3428 4957 Frustra,
3458 4892 3658 4958 inquit,
3684 4889 3808 4943 Mar-

2235 4999 2329 5053 tini
2357 4996 2542 5051 limina
2575 4990 2779 5062 petitis,
2812 4991 3077 5043 incassum
3132 4986 3247 5053 ejus
3278 4983 3445 5037 cedem
3480 4980 3658 5043 aditis,
3691 4979 3809 5047 quia

2233 5108 2329 5145 vos
2360 5097 2575 5151 propter
2615 5085 2776 5138 multa
2806 5081 3025 5136 crimina
3069 5077 3357 5145 dereliquit
3383 5091 3397 5128 :
3428 5089 3555 5128 ecce
3585 5088 3677 5126 vos
3720 5073 3809 5125 ab-

2238 5186 2465 5239 horrens
2515 5180 2697 5233 Romae
2743 5174 3003 5229 mirabilia
3054 5170 3197 5224 facit.
3248 5168 3375 5221 llaec
3410 5177 3464 5219 et
3511 5165 3616 5218 alia
3665 5163 3808 5233 plura

2241 5273 2465 5339 eunetis,
2499 5282 2557 5325 ut
2599 5276 2753 5326 erant
2791 5262 3108 5333 constipati,
3141 5259 3350 5330 pupulis
3380 5257 3538 5312 verba
3571 5255 3811 5311 diabolus

2315 5439 2337 5466 ο
2370 5426 2497 5480 Mss.
2524 5423 2590 5487 ἓ,
2616 5440 2710 5475 usu
2740 5430 2991 5473 consueta:
3021 5417 3238 5484 pietatis.

2314 5499 2340 5537 ά
2371 5498 2546 5565 Serg.,
2580 5485 2921 5565 principalem
2952 5485 3594 5565 festum."solent‘nizgre
3639 5499 3809 5553 proce-

2241 5571 2399 5623 deret.
2430 5555 2637 5628 (ἑῖξιίῐηξ,
2667 5555 2959 5629 Gregorius
2989 5560 3041 5611 in
3091 5557 3359 5625 principali
3405 5555 3648 5621 basilica,
3685 5556 3805 5610 sicut

2234 5642 2383 5694 moris
2415 5648 2485 5692 cst
2517 5635 2841 5689 solemnizure
2870 5629 3175 5697 procederet.
