4024 6192
201 287 307 346 ὶὶῦ

1771 281 1830 336 Vl
1844 281 1931 336 TA

3384 275 3490 332 19.6

224 402 521 463 iusib'tlabat
548 417 562 468 ι
593 404 665 457 ad
698 418 867 472 quam
900 418 1082 459 vocem
1123 418 1227 456 non
1275 401 1445 453 solum
1492 400 1809 453 rusticorum
1844 404 1889 459 Α
1920 397 2001 452 vel
2035 412 2263 467 propria:
2306 398 2494 454 salutis
2538 414 2697 455 causa
2748 398 2955 466 longius
3001 395 3338 467 procedebat.
3373 396 3482 447 Ali-

236 499 385 553 corda
412 495 803 561 exturbantur,
836 495 931 551 sed
962 502 1018 551 et
1042 495 1237 558 elerus,
1266 493 1390 562 quin
1420 502 1475 547 et
1521 494 1635 557 ipse
1683 492 1813 547 Gre-

243 592 408 660 gorius
454 601 660 656 pavore
703 588 1027 642 concutitur.
1073 585 1435 657 Ingredieutes
1471 594 1648 638 autem
1696 598 1816 638 cum

237 681 357 737 fletu
405 693 607 750 magno
639 678 955 743 basilicam,
1002 693 1190 732 omnes
1238 677 1541 746 pavimento
1588 685 1818 745 proster-

234 782 456 835 nuntur,
496 779 723 824 orantes
752 781 806 824 ut
838 767 1011 823 sancti
1040 769 1136 822 viri
1169 768 1502 837 praesentiam
1542 781 1817 822 mereren-

229 874 339 919 tur.
370 861 606 930 Quidam
636 874 786 925 vero,
816 860 899 913 cui
929 869 1053 914 ante
1083 867 1193 913 tres
1220 872 1390 913 annos
1418 856 1589 911 ambae
1634 870 1821 910 manus

225 969 355 1010 cum
398 968 511 1007 uno
558 952 697 1021 pede
744 960 1155 1013 contraxerant,
1201 958 1324 1004 ante
1367 956 1609 1003 sanctum
1656 946 1822 1001 altare

227 1062 355 1100 cum
383 1045 613 1115 reliquis
646 1052 943 1113 prostratus
984 1042 1122 1094 beati
1156 1039 1368 1094 Martini
1418 1039 1672 1093 auxilium
1704 1053 1824 1109 pre-

225 1138 477 1202 cabatur,
502 1137 597 1207 qui
624 1134 804 1190 subito
835 1133 994 1187 nimia
1021 1132 1164 1186 febre
1190 1130 1547 1186 circumdatus
1570 1137 1820 1195 tanquam

227 1233 291 1287 in
324 1230 565 1301 equuleo
594 1228 941 1298 torquebatur
972 1235 1246 1279 extensus.
1291 1222 1437 1277 Inter
1482 1221 1598 1275 haec
1639 1228 1823 1277 sancta

230 1322 502 1379 solemnia
534 1322 881 1391 gerebantur,
911 1330 1140 1386 cumque
1182 1323 1398 1370 sanctus
1442 1311 1685 1382 pontifex
1730 1310 1825 1365 lle-

230 1417 386 1471 tibua
408 1416 671 1469 insistens
691 1412 831 1466 beati
860 1410 1067 1464 Martini
1099 1408 1495 1477 praestolaretur
1514 1406 1824 1467 adventum,

226 1509 428 1564 divino
459 1506 718 1578 mysterio
748 1505 883 1574 palla
910 1505 1020 1574 jam
1049 1519 1112 1558 ex
1144 1516 1292 1557 more
1320 1509 1599 1569 cooperto,
1628 1494 1829 1568 langui-

230 1602 347 1655 dus
372 1600 444 1654 ad
477 1599 689 1669 plenum
718 1596 1020 1653 restituitur
1063 1593 1300 1661 sanitati.
1329 1593 1505 1659 Quare
1538 1590 1827 1660 Gregorius

234 1689 541 1744 admodum
596 1689 811 1759 gavisus
866 1686 1217 1755 omnipotenti
1277 1683 1386 1738 Deo
1439 1683 1635 1752 gratias
1685 1680 1825 1750 agit,

1918 491 2129 561 quando
2168 490 2327 561 igitur
2367 490 2670 560 sepulcrum
2701 490 2839 545 beati
2880 490 3064 543 Ililarii
3094 489 3488 557 supplicaturus

1917 587 2111 651 adivit,
2140 600 2259 641 cum
2299 586 2364 641 ad
2396 585 2665 641 visendam
2695 601 2904 654 quoque
2939 596 3176 639 sanctam
3208 582 3492 649 Radeguu-

1920 678 2039 731 dem
2066 678 2301 744 reginam
2325 678 2565 731 divertit.
2594 676 2809 731 Factum
2830 684 2913 729 est
2937 686 3111 728 autem
3142 690 3261 727 cum
3289 674 3339 726 hi
3361 674 3492 738 duo,

1920 776 2172 837 tanquam
2202 768 2390 822 incolae
2429 767 2688 836 paradisi,
2720 781 2899 819 secum
2930 766 2998 819 de
3025 764 3333 819 caelestibus
3363 778 3495 818 con-

1921 861 2300 925 fabularentur,
2327 860 2504 914 oleum
2530 858 2670 928 quod
2695 868 2819 913 ante
2840 860 3058 927 pignora
3085 866 3281 911 sanctas
3320 857 3496 912 crucis

1920 952 2164 1020 guttatim
2197 952 2308 1006 illic
2332 951 2567 1005 deﬂuere
2596 950 2836 1016 solebat,
2867 950 2945 1003 sic
2972 951 3022 1003 in
3059 949 3290 1003 adventu
3324 948 3497 1015 ponti-

1924 1042 2039 1097 llcis
2065 1054 2277 1097 auctum
2318 1052 2433 1105 est,
2468 1054 2525 1095 ut
2554 1038 2687 1093 infra
2722 1042 2875 1095 unius
2906 1040 3049 1094 horae
3087 1041 3314 1108 spatium
3359 1039 3497 1091 ultra

1928 1151 2090 1190 unum
2120 1134 2409 1189 sextarium
2456 1134 2772 1188 exundaret.
2815 1134 2980 1187 Porro
3018 1148 3137 1187 cum
3187 1130 3300 1185 haec
3344 1129 3499 1183 beata

1924 1228 2103 1295 regina
2131 1228 2198 1281 ad
2225 1226 2420 1295 Regem
2449 1233 2593 1280 esset
2622 1225 2937 1279 accersenda
2967 1223 3257 1288 ctelnrum,
3287 1222 3369 1275 vir
3395 1220 3499 1274 Do-

1926 1319 2056 1373 mini
2098 1318 2386 1388 Gregorius
2425 1317 2492 1371 de
2535 1317 2654 1385 ejus
2698 1316 2920 1370 transitu
2971 1315 3207 1368 nuntium
3249 1312 3497 1381 accepit:

1928 1424 2156 1479 cumque
2183 1410 2265 1464 illa
2289 1409 2398 1479 jam
2420 1424 2485 1463 eo
2507 1417 2818 1461 accurrente
2843 1407 3121 1476 migrasset
3139 1446 3153 1469 ,
3175 1413 3353 1459 sancta
3380 1402 3501 1473 ejus

1928 1500 2164 1553 membra
2193 1500 2478 1567 sepulturae
2516 1499 2731 1552 locavit.
2758 1498 2873 1564 Quo
2900 1496 3112 1565 quidem
3154 1505 3393 1564 tempore
3418 1494 3501 1548 al-

1932 1600 2045 1647 tare
2065 1591 2373 1646 solenmiter
2395 1588 2686 1655 benedixit,
2706 1587 3013 1657 operculum
3035 1595 3212 1643 tamen
3229 1586 3504 1655 episc0po,

1932 1684 2019 1753 qui
2054 1693 2180 1737 tunc
2215 1686 2352 1737 forte
2376 1683 2599 1747 deerat,
2630 1681 2939 1735 reservavit.

230 1780 531 1847 oculisque
560 1778 917 1848 Iacrymarum
950 1776 1119 1830 imbre
1146 1774 1381 1842 suffusis,
1412 1776 1464 1828 in
1503 1774 1602 1827 hac
1630 1772 1697 1827 ad
1730 1787 1827 1839 po-
1860 1770 1905 1828 Β
2003 1774 2191 1829 XXIII.
2222 1773 2391 1829 Causa
2424 1774 2592 1829 fuerat
2622 1788 2723 1843 qua
2758 1771 3080 1826 Garumnam
3112 1770 3327 1826 fluvium
3351 1770 3505 1841 juxta

231 1873 428 1941 pulum
463 1884 596 1925 voce
626 1869 864 1938 prorupit
891 1884 905 1921 :
938 1867 1119 1921 Timor
1146 1882 1173 1919 a
1200 1866 1451 1921 cordibus
1478 1864 1693 1931 vestris,
1724 1864 1829 1918 fra-

234 1972 377 2026 tres,
411 1958 707 2023 abscedat,
737 1957 862 2028 quia
893 1957 1166 2011 nobiscum
1212 1956 1400 2010 beatus
1429 1951 1707 2009 confessor
1752 1953 1832 2006 iu-

236 2052 487 2115 babitat,
533 2064 637 2105 nec
666 2048 886 2102 omnino
932 2047 1134 2103 credite
1177 2045 1410 2111 diabolo,
1439 2045 1529 2115 qui
1568 2044 1636 2099 ab
1680 2043 1833 2098 initio

237 2142 483 2198 mendax
505 2151 591 2196 est
612 2154 667 2195 et
696 2140 747 2193 in
778 2140 1002 2193 veritate
1033 2153 1137 2191 non
1160 2139 1325 2191 stetit.
1350 2134 1485 2190 Cum
1514 2136 1630 2189 haec
1649 2144 1702 2189 et
1727 2134 1832 2187 alia

237 2243 406 2298 verba
438 2239 803 2296 consolatoria
848 2237 1146 2293 astantibus
1176 2234 1432 2297 inferret,
1474 2234 1712 2289 omnium
1754 2231 1834 2285 lu-

239 2344 362 2387 ctus
394 2335 651 2386 laxantur
680 2331 734 2385 in
758 2330 1008 2400 gaudium
1030 2367 1046 2392 ,
1077 2327 1347 2395 multoque
1369 2325 1654 2379 alacriores
1675 2337 1832 2393 quam

240 2434 514 2478 venerant
542 2422 611 2477 ad
657 2436 750 2475 sua
784 2435 876 2489 ιρι·
916 2418 1196 2474 Martinum
1227 2428 1384 2486 atque
1411 2414 1721 2484 Gregorium
1752 2426 1836 2467 re-

241 2518 486 2572 dicrunt.

319 2605 444 2660 XX.
469 2604 607 2673 Quia
633 2619 759 2659 vero
781 2601 983 2658 Natalis
1008 2600 1214 2656 Domini
1246 2600 1567 2655 mentionem
1590 2597 1833 2666 fecimus,

246 2699 378 2767 quid
408 2698 700 2766 aliquando
728 2695 779 2750 in
812 2694 911 2749 hac
941 2693 1028 2749 die
1058 2692 1289 2765 pontiﬁci
1330 2702 1513 2747 nostro
1558 2690 1838 2761 contigerit

248 2804 645 2844 memoremus.
673 2786 807 2842 Nam
838 2786 893 2840 in
924 2794 1262 2842 sacrosancta
1296 2784 1455 2854 bujus
1479 2782 1839 2838 solemnitatis

250 2883 361 2955 [AL
388 2880 606 2954 natalis]
657 2888 818 2935 nocte
866 2878 1121 2948 pridianis
1167 2877 1358 2948 vigiliis
1406 2876 1671 2946 fatigatus,
1717 2889 1837 2929 cum

254 2976 535 3045 paululum
574 2987 637 3029 se
665 2972 844 3028 cubito
872 2971 1193 3038 collocaret,
1224 2970 1303 3024 vir
1346 2968 1561 3038 quidam
1609 2967 1677 3022 ad
1716 2980 1840 3022 eum

253 3067 499 3125 concitus
521 3068 691 3133 venit,
713 3064 896 3121 dicens
917 3081 931 3117 :
953 3064 1141 3134 Surge,
1162 3070 1433 3119 revertere
1448 3061 1513 3117 ad
1533 3060 1838 3116 ecclesiam.

1936 1866 2214 1920 flaviense
2240 1874 2472 1920 castrum
2526 1876 2857 1919 transmeare
2901 1864 3178 1928 debuerit,
3218 1864 3313 1919 sed
3362 1863 3503 1919 idem

1935 1957 2124 2011 fluvius
2155 1957 2228 2011 ita
2254 1966 2377 2011 tunc
2412 1958 2769 2019 intumuerat,
2807 1966 2863 2010 ut
2892 1955 3217 2009 intuentibus
3245 1970 3349 2010 non
3381 1970 3508 2025 par-

1934 2064 2055 2104 vum
2101 2048 2378 2103 horrorem
2413 2048 2698 2103 incuteret.
2727 2048 2842 2105 Non
2874 2048 3030 2116 longe
3077 2055 3252 2101 autem
3291 2056 3509 2102 sanctus

1934 2144 2207 2198 Romanus
2237 2142 2519 2211 presbyter
2548 2140 2859 2209 requiescit,
2891 2154 3047 2209 quem
3082 2148 3282 2204 noster,
3311 2150 3368 2194 ut
3398 2141 3509 2195 vita

1935 2234 2050 2302 ejus
2082 2231 2327 2302 perbibet
2348 2272 2362 2296 ,
2394 2231 2655 2285 Martinus
2688 2230 2985 2284 tumulavit.
3026 2229 3158 2283 Cum
3204 2229 3363 2297 igitur
3390 2232 3511 2287 hinc

1938 2330 2172 2401 procella
2218 2341 2529 2393 ventorum,
2575 2329 2722 2384 illinc
2763 2338 2972 2385 montes
3004 2330 3293 2395 undarum,
3323 2327 3512 2397 ingens

1937 2421 2229 2489 periculum
2274 2421 2585 2489 navigaturo
2615 2421 2968 2487 minarentur,
2998 2420 3183 2474 oculos
3211 2420 3277 2473 ad
3314 2419 3511 2473 ccelum

1937 2514 2165 2584 erigens,
2195 2523 2249 2567 et
2293 2513 2359 2567 ad
2404 2513 2680 2567 ecclesiam
2728 2512 2966 2582 praedicti
3009 2512 3233 2567 Romani
3282 2511 3514 2567 subinde

1938 2607 2253 2672 reSpiciens,
2281 2606 2416 2661 adeo
2447 2622 2606 2661 omne
2637 2608 2853 2677 pelagus
2885 2623 3007 2662 mox
3038 2608 3424 2676 complanavit,
3459 2614 3515 2661 ut

1940 2699 2259 2768 compressis
2291 2698 2608 2769 fragoribus,
2641 2699 2771 2767 ripze
2809 2699 2964 2753 alteri
2995 2699 3112 2754 sine
3157 2698 3395 2767 periculo
3425 2713 3515 2753 ve-

1942 2793 2181 2848 beretur.

2014 2884 2202 2939 XXIV.
2246 2884 2526 2940 Sexdecim
2559 2898 2730 2938 annos
2764 2883 2848 2938 hic
2877 2884 2926 2937 in
2962 2884 3269 2952 episcopatu
3310 2901 3509 2955 exege-

1943 2985 2066 3045 rat,
2097 2991 2218 3031 cum
2249 2976 2557 3045 aequivocus
2586 2974 2704 3046 ejus
2745 2975 2832 3031 ille
2870 2990 3092 3045 magnus
3134 2976 3422 3045 Gregorius
3465 2978 3517 3031 in

1944 3064 2070 3123 sede
2090 3066 2380 3135 apostolica
2412 3065 2752 3136 subrogatur.
2786 3063 3056 3135 Siquidem
3080 3067 3293 3134 opinata
3324 3082 3408 3121 res
3436 3078 3515 3122 est

255 3160 351 3217 Ille
392 3158 826 3229 expergefactus,
850 3157 1058 3225 signum
1086 3153 1263 3210 crucis
1303 3153 1517 3208 sibimet
1542 3152 1833 3222 imponens,

1946 3156 2088 3227 quod
2118 3157 2318 3211 dudum
2348 3157 2486 3212 alter
2514 3157 2667 3212 alteri
2696 3156 2949 3226 peculiari
2970 3159 3039 3211 sit
3066 3158 3295 3212 amicitia
3327 3158 3515 3214 devin-

259 3253 450 3311 iterum
494 3250 845 3306 obdormivit.
870 3248 980 3305 Nec
1004 3248 1209 3304 destitit
1236 3248 1318 3301 vir
1348 3247 1457 3313 ille,
1500 3246 1625 3316 quin
1666 3246 1840 3300 homi-

261 3361 383 3398 nem
427 3343 669 3399 secundo
697 3349 939 3395 moneret
967 3358 981 3392 :
1012 3340 1105 3394 sed
1135 3354 1257 3393 cum
1291 3338 1498 3393 excitus
1539 3351 1757 3406 gravem
1783 3350 1842 3391 se

261 3438 435 3491 adhuc
457 3437 720 3503 sentiret,
754 3448 940 3489 rursus
966 3431 1307 3487 obdormivit.
1337 3431 1470 3485 Tum
1498 3445 1626 3485 vero
1652 3430 1738 3485 ille
1763 3430 1843 3484 vir

270 3531 428 3584 tertio
479 3528 729 3591 veniens,
761 3526 993 3580 maxilla:
1020 3522 1135 3593 ejus
1179 3525 1385 3593 alapam
1434 3522 1733 3590 impressit,
1764 3521 1844 3576 di-

266 3638 391 3677 cens
420 3640 437 3677 :
471 3622 549 3677 En
583 3632 638 3675 tu
669 3620 905 3687 reliquos
934 3618 999 3672 ad
1030 3618 1235 3689 vigilias
1263 3618 1551 3672 admonere
1577 3617 1761 3682 debes,
1788 3626 1843 3672 et

270 3716 449 3768 tandiu
480 3728 677 3782 sopore
706 3710 1062 3779 deprimeris?
1089 3724 1193 3780 qua
1222 3709 1511 3779 Gregorius
1552 3724 1684 3764 voce
1724 3724 1844 3779 per-

267 3805 442 3857 culsus
476 3800 679 3870 pernici
711 3800 997 3855 velocitate
1035 3799 1099 3854 ad
1128 3799 1408 3854 ecclesiam
1438 3809 1517 3854 est
1547 3814 1839 3869 regressus.

270 3894 411 3948 Adeo
438 3892 693 3962 supernis
722 3891 891 3946 oculis
936 3898 1119 3961 gratus
1160 3890 1403 3956 exstitit,
1444 3901 1499 3943 ut
1530 3905 1627 3945 nec
1658 3891 1843 3944 Imma-

267 3990 431 4041 nitate
464 3995 692 4056 cogente
733 3983 1107 4054 negligentiam
1150 3983 1256 4052 pati
1303 3982 1590 4052 permissus
1632 3985 1703 4038 sit
1731 3998 1843 4038 sua:

266 4080 475 4133 salutis.

335 4170 477 4225 XXI.
514 4169 701 4223 Visum
723 4176 803 4223 est
833 4167 933 4222 hoc
963 4169 1197 4223 inserere
1225 4166 1440 4223 lectioni
1462 4167 1695 4236 qualiter
1720 4182 1842 4222 eum

263 4262 403 4317 Deus
449 4274 681 4329 arguere
714 4259 970 4325 voluerit,
1003 4275 1069 4314 ne
1099 4259 1183 4315 vel
1226 4259 1449 4313 aliorum
1480 4259 1691 4313 levitate
1722 4274 1841 4326 pec-

266 4364 433 4409 caret.
466 4352 601 4406 Nam
641 4367 761 4405 cum
811 4352 949 4406 bunc
976 4368 1005 4407 a
1036 4356 1318 4420 desperato
1360 4351 1613 4421 languore
1655 4352 1839 4406 beatus

264 4446 525 4499 Martinus
570 4444 642 4496 ita
686 4451 927 4509 sanaret,
973 4452 1029 4495 ut
1067 4442 1133 4496 ad
1182 4443 1459 4497 ecclesiam
1508 4442 1560 4496 in
1604 4443 1838 4497 crastino

1945 3258 2082 3303 ctus.
2115 3248 2223 3304 Nec
2245 3250 2513 3304 immerito
2534 3291 2548 3313 ,
2579 3264 2699 3304 cum
2733 3250 2874 3304 hunc
2906 3250 3230 3305 Fortunatus
3254 3250 3517 3321 Gregorio

1945 3352 2217 3409 comparet
2244 3340 2599 3406 Nazianzeno,
2630 3349 2881 3409 tanquam
2908 3340 2995 3394 ille
3018 3340 3173 3394 datus
3195 3341 3265 3395 sit
3287 3342 3515 3407 Orienti,

1947 3433 2228 3489 Romensis
2258 3444 2435 3487 autem
2473 3433 2712 3487 Mcriiliei
2733 3474 2748 3496 ,
2780 3445 2862 3488 ast
2895 3434 2976 3490 hic
3001 3447 3184 3490 noster
3217 3438 3514 3493 Uccidenti.

1943 3526 2074 3581 Cum
2105 3525 2266 3596 igitur
2295 3526 2395 3581 iste
2442 3540 2593 3580 sacra
2634 3528 3014 3594 Apostolorum
3061 3529 3239 3582 limina
3274 3531 3516 3597 expetis-

1943 3630 2026 3673 set
2053 3626 2100 3685 ⁸,
2134 3632 2319 3686 magna
2348 3633 2467 3672 cum
2492 3619 2786 3673 reverentia
2815 3629 3030 3673 sanctus
3051 3635 3170 3674 eum
3205 3636 3334 3688 papa
3356 3634 3516 3674 exce-

1946 3709 2040 3778 pit,
2064 3726 2221 3781 quem
2251 3710 2317 3763 ad
2343 3711 2479 3765 beati
2518 3710 2661 3765 Petri
2687 3710 3091 3765 Confessionem
3136 3711 3515 3776 introducens,

1943 3823 1975 3862 e
2005 3808 2173 3861 latere
2203 3805 2330 3878 [Ed.
2367 3808 2433 3861 ad
2465 3805 2655 3877 altare]
2678 3807 2946 3869 constitit,
2982 3807 3297 3875 praestolans
3334 3806 3513 3875 quoad

1943 3910 2202 3967 surgeret.
2239 3897 2452 3951 Interim
2486 3909 2698 3963 autem,
2732 3906 2789 3951 ut
2818 3908 2931 3953 erat
2964 3898 3174 3967 ingenio
3218 3897 3516 3964 profundis-

1942 3991 2130 4055 simus,
2155 3999 2415 4044 secretam
2450 3990 2540 4043 Dei
2572 3990 3027 4058 dispensationem
3056 3988 3356 4053 admirans,
3387 4003 3517 4043 con-

1944 4081 2219 4135 siderabat
2260 4080 2313 4133 in
2344 4080 2650 4149 hujusmodi
2679 4082 2979 4147 hominem,
3004 4089 3118 4135 erat
3146 4081 3283 4133 enim
3314 4087 3515 4134 statura

1943 4171 2139 4236 brevis,
2172 4178 2369 4223 tantam
2400 4171 2626 4239 gratiam
2657 4170 2869 4225 coalitus
2893 4169 3226 4238 profluxisse.
3252 4171 3398 4236 Quod
3426 4171 3516 4225 ille

1944 4278 2065 4317 mox
2093 4262 2346 4317 divinitus
2376 4262 2710 4330 persentiens
2733 4304 2747 4327 ,
2779 4271 2835 4316 et
2873 4263 2939 4316 ab
2968 4262 3213 4317 oratione
3252 4277 3510 4333 surgens,

1946 4354 2256 4424 placidoque
2286 4363 2343 4408 ut
2368 4365 2486 4410 erat
2512 4354 2655 4407 vultu
2686 4355 2749 4407 ad
2777 4369 2965 4422 papam
2994 4354 3305 4423 respiciens.
3335 4355 3514 4409 Domi-

1945 4467 2065 4517 nus,
2091 4451 2277 4522 inquit,
2311 4450 2433 4505 fecit
2466 4466 2585 4509 nos,
2615 4462 2670 4504 et
2690 4466 2793 4505 non
2819 4450 2917 4519 ipsi
2940 4464 3071 4514 nos;
3099 4449 3237 4503 idem
3263 4447 3315 4502 in
3341 4447 3519 4518 parvis

264 4547 613 4607 properaret,
646 4551 712 4590 ne
742 4551 799 4591 se
842 4536 899 4589 in
941 4535 1217 4590 solemniis
1248 4535 1526 4589 missarum
1558 4535 1835 4603 fatigaret,
1868 4531 1925 4590 D
1946 4543 2029 4610 qui
2061 4551 2114 4597 et
2142 4540 2197 4595 in
2226 4543 2451 4610 magnis.
2483 4541 2725 4608 Cumque
2748 4540 2799 4594 id
2829 4556 2939 4595 sua:
2963 4539 3274 4608 cogitationi
3297 4547 3518 4593 sanctus

269 4629 354 4682 uni
386 4628 825 4698 presbyterorum
855 4629 966 4681 haec
985 4628 1256 4683 celebrare
1288 4630 1551 4697 praecepit.
1580 4628 1688 4684 Sed
1717 4642 1836 4683 cum

268 4724 551 4793 presbyter
603 4721 785 4775 nescio
832 4720 958 4791 quid
1008 4722 1205 4774 rustice
1247 4719 1435 4774 festiva
1476 4722 1581 4793 [ΑΙ.
1627 4721 1838 4794 festina]

270 4815 425 4868 verba
458 4813 837 4883 depromeret,
867 4812 1106 4866 nonnulli
1136 4812 1204 4867 de
1224 4812 1690 4868 circumstantibus
1718 4829 1840 4868 eum

273 4908 500 4963 irridere
549 4914 865 4976 coeperunt,
914 4906 1148 4960 dicentes
1195 4906 1383 4960 melius
1434 4906 1594 4961 fuiSse
1641 4917 1839 4972 tacere,

272 5013 424 5068 quam
471 4998 553 5051 sic
599 4998 796 5051 inculte
845 4997 1008 5065 loqui.
1038 4995 1205 5050 Nocte
1233 5005 1408 5051 autem
1442 4996 1681 5051 insecuta
1710 4996 1843 5051 vidit

270 5092 435 5146 virum
467 5092 738 5145 dicentem
782 5091 917 5153 sibi,
950 5089 1017 5143 de
1057 5090 1324 5160 mysteriis
1366 5090 1455 5143 Dei
1505 5104 1835 5158 nequaquam

276 5179 668 5251 disputandum.
717 5180 864 5235 Satis
908 5179 1102 5234 dehinc
1151 5180 1288 5248 apud
1334 5195 1453 5234 eum
1501 5180 1739 5234 constitit
1776 5195 1842 5235 ne

275 5275 457 5327 stultos
484 5283 538 5327 et
584 5271 769 5327 faciles
809 5279 934 5325 ante
961 5284 1017 5324 se
1050 5271 1379 5338 permitteret
1420 5270 1488 5324 de
1534 5270 1706 5325 beatis
1748 5285 1838 5325 so-

279 5365 476 5420 lemniis
503 5365 839 5419 obtreCtare.

334 5457 495 5513 XXII.
538 5455 751 5525 Smpius
795 5462 972 5507 autem
1013 5452 1095 5507 vir
1146 5453 1381 5519 Domini,
1412 5452 1549 5509 sicut
1593 5469 1749 5508 verus
1789 5463 1842 5508 et

274 5553 429 5623 gregis
450 5560 507 5607 et
534 5550 737 5605 suimet
764 5546 1062 5613 consultor,
1098 5546 1182 5600 vel
1211 5546 1540 5601 subditorum
1586 5547 1837 5609 utilitate,

332 5721 356 5749 ⁸
394 5712 506 5766 lloc
533 5711 631 5765 iter
666 5722 811 5760 anno
838 5706 941 5761 594
970 5720 999 5760 a
1031 5704 1289 5773 Gregorio
1328 5716 1631 5772 susceptum
1672 5705 1835 5761 fuisse

275 5783 484 5841 videtur.
510 5782 652 5839 Nam
683 5792 855 5834 annos
894 5788 1003 5833 tres
1033 5780 1427 5842 praecedentes,
1462 5777 1652 5841 quibus
1694 5778 1830 5833 Gre-

1946 4649 2076 4702 papa
2101 4632 2406 4702 responderi
2431 4642 2799 4701 cognosceret,
2825 4632 2938 4701 ipsa
2966 4646 3058 4684 sua
3090 4628 3515 4699 depreltensione

1944 4725 2178 4794 gavisus,
2205 4725 2428 4794 gratiam
2460 4740 2618 4793 quam
2651 4724 2906 4778 hactenus
2928 4725 2983 4777 in
3008 4721 3265 4791 Gregorio
3288 4720 3518 4775 miraba-

1946 4828 2051 4881 tur,
2085 4819 2137 4872 in
2176 4832 2364 4887 magna
2403 4818 2750 4873 veneratione
2795 4817 3050 4884 deinceps
3091 4817 3287 4870 habere
3320 4812 3514 4883 ccepit,

1944 4909 2233 4978 sedemque
2262 4909 2585 4965 Turonicam
2613 4908 2687 4964 ita
2716 4910 3012 4964 nobilitavit
3033 4916 3090 4961 ut
3109 4920 3326 4961 auream
3351 4905 3396 4957 ei
3418 4917 3517 4957 ca-

1949 4999 2188 5055 tbedram
2220 5000 2474 5065 donaret,
2516 5016 2635 5071 qua:
2677 5002 2815 5071 apud
2861 4997 3132 5067 praefatam
3169 4996 3349 5051 sedem
3380 4994 3511 5068 [Ed.

1948 5090 2153 5161 urbem]
2184 5090 2237 5145 in
2271 5101 2540 5160 posterum
2568 5102 2891 5147 servaretur.

2018 5182 2185 5236 XXV.
2225 5180 2341 5236 Jam
2376 5198 2503 5239 vero
2541 5183 2725 5237 beatus
2765 5182 3020 5237 Martinus
3050 5179 3193 5234 hunc
3228 5178 3504 5235 alumnum

1947 5288 2098 5327 suum
2125 5288 2497 5343 usquequaque
2522 5274 2888 5342 magnificans,
2915 5274 2963 5327 ei
2986 5287 3043 5327 se
3066 5272 3348 5341 propitium
3374 5271 3510 5325 mul-

1947 5366 2014 5419 tis
2045 5364 2216 5418 modis
2259 5363 2749 5428 demonstraverat,
2797 5364 2890 5419 sed
2931 5374 2989 5419 ut
3017 5364 3270 5433 operibus
3305 5364 3421 5431 ejus
3448 5379 3514 5419 se

1945 5472 2155 5527 quoque
2183 5465 2581 5525 cooperatorem
2612 5457 2936 5520 Ostenderet.
2960 5457 3244 5528 aliquando
3272 5470 3511 5525 prtesen-

1948 5552 2075 5606 tiam
2120 5565 2269 5605 suam
2294 5590 2310 5616 ,
2354 5550 2477 5606 licet
2506 5549 2857 5617 invisibilem,
2896 5565 2998 5605 suo
3031 5566 3137 5622 quo
3173 5548 3338 5605 videri
3371 5545 3510 5603 solet

1942 5706 2122 5775 gorius
2145 5704 2358 5773 Magnus
2384 5705 2489 5775 jam
2514 5714 2625 5763 erat
2654 5704 2915 5775 pontifex,
2943 5706 2994 5762 in
3023 5702 3209 5761 Galliis
3238 5697 3418 5767 exegit
3438 5710 3508 5754 es

1950 5776 2083 5832 Vitis
2108 5777 2247 5844 PaL,
2270 5788 2378 5833 etc.
