4024 6192
536 282 627 337 131
1476 277 1563 330 DE
1623 275 1661 331 S
1700 274 2053 331 GREGORIO
2093 270 2421 328 EPISCOPO
2460 267 2849 327 TURONENSI
3708 260 3838 319 13?.

530 404 641 449 tute
671 392 865 445 referat
886 391 1007 446 huic
1036 389 1291 459 opusculo
1319 389 1698 444 innectendum
1731 399 1903 442 ratum
1939 388 2094 440 duxi-
2126 392 2173 448 Α
2202 382 2433 459 Idenrin
2461 383 2633 459 libello
2665 384 2729 436 de
2765 380 3032 459 virtutibus
3064 378 3125 459 SA.
3168 378 3657 459 Enparcﬁiiabbatis
3699 376 3836 433 En-

530 448 682 519 nius:
713 463 1023 524 Medardus,
1056 448 1330 530 inquiens,
1361 464 1627 531 gloriosus
1655 461 1955 522 confessor,
1985 469 2092 512 etc.
2274 455 2620 531 colismensis.
2667 470 2731 507 ea:
2776 468 2874 505 ms.
2918 451 3033 504 εοάο
3082 448 3141 504 S.
3193 449 3439 521 Cypriani
3482 450 3709 505 Pictav.
3776 461 3835 503 et

530 536 610 589 De
638 530 817 590 Gloria
847 534 1023 602 Gonf.,
1049 525 1163 597 cap.
1188 533 1279 584 95.
1363 525 1384 531 ⁷
2281 525 2500 578 Labbeo.

531 649 617 705 Ea:
643 650 959 704 Testamento
992 647 1243 700 Eccliardi
1268 649 1464 700 comitis
1493 648 1780 715 fundatoris
1803 646 2102 698 monasterii
3172 612 3831 715 ξὶιξξᾞεξίξιξ

611 688 615 698 ¹
649 683 665 704 Ι
688 683 959 704 ιδιιυηιςηιυ
992 683 1176 700 Ιιινιιιωι
1194 683 1241 698 Ill
1268 683 1464 700 νυιιισνιο
1517 683 1780 699 ιιιιιιιιιυιισ
1805 683 2048 698 ιιι-ιιιιισινι
2065 683 2100 696 II
2298 692 2305 699 .
2385 683 2405 687 V
2461 692 2465 697 .
2896 684 2906 694 ο
3028 684 3037 694 ι
3321 683 3351 696 ο-
3682 685 3695 693 ο

611 720 997 774 Patririacensis
1024 717 1231 788 (Ρεηιι)
1280 719 1467 772 secuto
1493 683 1594 777 ἰις
1636 717 1772 771 αυιιά
1813 716 2101 771 Ρενανάιιηι
2205 685 3143 788 531"33thE.§“§Eﬁ?§5§f‘h2"‘ifl?ﬁ‘f
3160 683 3385 788 223,ἷῖξὲ
3411 694 3831 788 ΞῖδῖξξῗξΙΤῗῗῗ

611 754 627 774 ι
654 754 768 774 Issen
787 754 997 773 trucis-rw
1024 754 1071 777 ιι
1099 754 1231 788 νου]
1280 754 1466 772 ουωκυιιυ
1508 754 1560 771 ιι
1579 759 1594 777 ς
1636 754 1771 771 ωυιιω
1813 754 1835 770 ι
1861 754 1901 771 ω
1916 754 2101 770 ..πυ-ιιι..

606 792 740 845 Hist.
766 789 1061 859 Burgund.,
1088 808 1140 857 p.
1169 788 1259 841 ‘26.

2227 760 2557 826 icriptoribus
2582 770 2797 825 operam
2826 754 2955 817 dat,
2989 757 3128 807 inter
3160 764 3385 806 ceteros
3411 762 3466 805 et
3507 754 3671 821 hujus
3714 770 3828 819 pa-

2230 830 2341 859 -..ης
2376 829 2541 859 ........:
2581 827 2814 859 ........;..:.
2849 824 3031 859 dir-nnc
3057 844 3066 854 .
3095 824 3234 859 tum.
3285 825 3575 859 lt'nqrnhinla
3613 825 3827 859 ρηηιι-

2207 824 2343 883 troni
2375 829 2542 882 nostri
2581 827 2816 881 meminit
2849 824 3033 878 dicens
3057 824 3240 893 :70biit
3283 825 3576 887 Eparchius
3613 825 3827 893 Engo-

604 902 806 957 Donatc
835 901 1093 955 Enschise
1115 900 1521 969 archiepiscopo
1562 911 1736 968 tapete
1780 917 1885 953 uno
1919 901 2103 955 melio-
2205 900 2472 954 lismeosis
2500 900 2760 960 reclusus,
2795 903 2925 956 etc..
2959 911 3019 948 ea:
3040 892 3274 963 Gregorii
3304 894 3561 961 Historia,
3588 894 3689 948 lib.
3724 892 3823 960 \‘t,

533 988 611 1031 re.
644 974 800 1026 Gesta
834 972 1302 1041 Langobardorum
1355 974 1488 1024 libro
1541 989 1684 1034 uno,
1736 983 1790 1026 et
1838 972 2100 1027 Chronica

534 988 611 1031 re.
644 974 800 1026 Gesta
834 972 1302 1041 Langobardorum
1355 974 1488 1024 libro
1541 989 1684 1034 uno,
1736 983 1790 1026 et
1838 972 2100 1027 Chronica
2205 987 2321 1041 cap.
2344 971 2397 1023 8.

534 1060 690 1111 quem
721 1044 1006 1112 Gregorius
1035 1043 1359 1096 Turonensis
1384 1042 1508 1096 facit
1540 1043 1672 1096 libro
1701 1043 1825 1096 duo.
1861 1042 2027 1114 (δίε.)
2292 1061 2372 1114 Ex

2292 1061 2372 1115 Ea:
2406 1059 2519 1113 Vita
2541 1058 2711 1113 Caroli
2737 1057 2929 1127 Magni.
2953 1054 3160 1119 Chesn.,
3193 1064 3325 1106 tomo
3357 1052 3442 1121 II,
3467 1072 3587 1125 pag.
3623 1056 3723 1109 68.

2275 1152 2391 1218 Quo
2420 1161 2663 1217 tempore
2686 1146 3057 1218 (Ghildeberti)
3087 1147 3395 1218 claruerunt
3423 1157 3646 1201 sanctus
3666 1147 3827 1200 Gre-

532 1151 616 1208 Ex
635 1164 807 1206 sancto
841 1153 1019 1206 Odone
1046 1153 1098 1204 in
1122 1169 1350 1205 sermone
1373 1155 1508 1223 quod
1531 1153 1704 1206 beatus
1730 1153 1986 1207 Martinus
2010 1171 2104 1223 par

2203 1217 2386 1292 goritts
2418 1237 2550 1288 papa
2591 1219 2828 1289 primus,
2868 1228 2922 1270 et
2961 1217 3253 1285 Gregorius
3300 1218 3589 1286 episcopus
3629 1218 3825 1273 Turo-

1080 1225 1268 1276 dicitur
1306 1225 1568 1293 apostolis.

605 1338 717 1392 Non
747 1338 1077 1392 dissimiliter
1106 1338 1362 1409 Gregorio
1405 1337 1703 1391 Turonensi
1754 1340 1871 1408 ejus
1908 1340 2102 1409 (sancti

535 1410 769 1478 Martini)
802 1410 1051 1475 reliquias-
1074 1411 1125 1461 in
1159 1425 1347 1461 novam
1379 1409 1645 1462 basilicam
1673 1410 1917 1463 inferenti
1941 1427 2103 1478 appa-

536 1484 659 1543 ruit,
686 1491 814 1543 etc.,
842 1496 955 1545 qua:
983 1496 1044 1532 ea:
1072 1496 1222 1547 capp.
1253 1482 1339 1539 ΞΟ,
1368 1480 1433 1531 ὃς)
1466 1490 1513 1531 et
1544 1482 1645 1532 illi
1677 1480 1791 1532 libri
1818 1482 1881 1533 de
1916 1480 2098 1534 Gloria

533 1551 893 1615 Confessorum
922 1552 1133 1619 accepit.
1167 1549 1295 1620 Ejus
1335 1552 1480 1603 verba
1524 1551 1640 1603 item
1679 1553 1870 1618 passim
1902 1552 2099 1604 laudat.

586 1666 828 1722 Letaldus
861 1665 1139 1719 monachus
1164 1666 1215 1717 in
1247 1665 1455 1734 prolego
1478 1663 1533 1717 in
1572 1663 1743 1718 Vitam
1766 1663 1827 1720 S.
1852 1662 2050 1718 Juliani

999 1737 1221 1805 episcOpi
1242 1734 1647 1788 Cenomanensis.
2044 1766 2047 1770 ›

609 1849 682 1905 De
713 1861 951 1916 tempore
966 1865 1070 1919 quo
1095 1864 1316 1918 magnus
1340 1847 1429 1902 ille
1452 1848 1691 1902 ﬂoruerit
1717 1863 1781 1903 ex
1812 1849 1947 1903 libro
1969 1850 2100 1904 Gre-

536 1923 669 1992 gorii
698 1922 1022 1975 Turonensm
1080 1936 1175 1992 per
1218 1920 1578 1992 conjecturam
1630 1921 1860 1992 sumpsi,
1907 1924 1993 1989 qui
2047 1922 2101 1975 in

540 1989 883 2047 llistoriarum
915 2008 1127 2045 suarum
1161 1990 1295 2044 libro
1327 2007 1370 2053 ι,
1398 1991 1497 2045 sub
1531 1992 1688 2042 Decio
1711 2000 1765 2044 et
1789 1989 1950 2045 Grato
1982 2008 2104 2045 ron-

536 2064 737 2116 snlibus
761 2078 787 2115 a
817 2062 989 2125 Xisto,
1012 2073 1191 2121 etc....
1217 2076 1335 2113 cum
1362 2064 1543 2114 beatus
1566 2060 1846 2132 Dionysius
1865 2078 1894 2114 a
1919 2076 2104 2117 S:lllCl0

537 2134 797 2201 Gregorio
826 2148 890 2187 ex
925 2148 1107 2187 eorum
1144 2148 1365 2185 numero
1393 2133 1555 2184 fuisse
1580 2132 1802 2195 dicatur,
1833 2145 1936 2186 etc.

627 2225 964 2279 Frodoardus
996 2224 1085 2277 lib.
1119 2240 1155 2277 ll
1188 2222 1434 2278 Historia:
1459 2223 1742 2288 Bernensis,
1765 2228 1928 2296 capite
1952 2224 2007 2279 2.

609 2318 898 2384 Gregorius
948 2316 1000 2369 in
1044 2316 1273 2368 llistoria
1315 2316 1487 2383 gentis
1535 2317 1857 2371 Francorum
1900 2319 1967 2373 de
2010 2322 2108 2374 hoc

538 2390 769 2458 praesule
798 2386 1050 2456 (/Egidio)
1087 2397 1290 2448 narrat,
1324 2399 1429 2441 etc.

821 2478 933 2531 Lib.
962 2493 1014 2531 tv
1040 2477 1268 2548 ejusdem
1292 2476 1567 2544 Historiae,
1590 2494 1704 2544 cap.
1736 2478 1825 2535 59.

615 2572 747 2627 Aliis
775 2573 935 2625 etiam
982 2568 1250 2624 nonnullis
1298 2570 1437 2623 beati
1469 2570 1638 2624 Patris
1666 2570 1822 2641 hujus
1858 2572 1935 2641 (S.
1972 2573 2109 2627 Mar-

542 2646 662 2713 lini)
685 2653 811 2696 urbs
834 2650 1011 2695 nostra
1038 2641 1206 2713 fertur
1228 2641 1473 2713 insignita
1505 2644 1779 2696 miraculis
1797 2659 1811 2707 ;
1829 2659 1892 2698 ex
1917 2649 2111 2711 qmbus

539 2731 602 2770 ea
631 2711 750 2783 quae
778 2724 994 2767 Sanctus
1039 2712 1326 2779 Gregorius
1357 2711 1685 2783 Turonensis
1735 2717 1783 2769 in
1817 2717 1927 2769 suis
1957 2717 2115 2769 Mira-

537 2782 778 2841 culdrum
813 2785 961 2838 libris
990 2792 1206 2836 enarrat
1238 2784 1323 2836 hic
1351 2782 1534 2836 indere
1568 2785 1794 2849 placuit,
1823 2795 1930 2839 etc.
1961 2785 2111 2840 Idem

538 2868 713 2910 auctor
737 2857 924 2925 passim
954 2853 1127 2906 laudat
1157 2854 1330 2906 eadem
1354 2863 1401 2905 et
1436 2854 1540 2906 alia
1571 2853 1804 2922 Gregorii
1828 2872 2004 2927 opera.

640 2949 904 3002 Aimoinus
932 2947 1024 2999 lib.
1057 2961 1111 2999 ιιι
1141 2944 1391 2999 Historia:
1416 2942 1757 3011 Francorum,
1788 2965 1903 3018 cap.
1925 2950 2014 3005 41.

614 3040 764 3110 Quod
793 3055 913 3092 cum
940 3036 1197 3105 Gregm-io
1222 3036 1517 3091 Turonensi
1542 3078 1557 3101 ,
1590 3042 1677 3110 qui
1723 3048 1845 3096 tunc
1887 3054 2112 3098 carteros

544 3109 826 3184 episcopos
856 3110 1136 3184 sanetitate
1170 3109 1426 3184 praeibat,
1460 3122 1569 3163 etc.
1607 3109 1808 3164 Ibidem
1830 3153 1846 3176 ,
1876 3129 1991 3184 cap.
2018 3116 2104 3168 60.

547 3178 650 3237 l’ro
680 3182 760 3233 liis
790 3186 963 3247 itaque
991 3178 1163 3247 catisis
1188 3178 1480 3231 calumnias
1508 3192 1695 3235 sancto
1719 3178 1949 3236 antistiti
1974 3186 2110 3239 infe-

543 3256 696 3307 rebat
726 3246 999 3320 Gregorio.
1044 3246 1297 3301 Eumdent
1327 3251 1517 3316 passim
1553 3253 1767 3306 beatum
1795 3254 2108 3323 Gregorium

541 3323 785 3393 appellat.

545 3415 701 3487 Hugo
722 3414 1113 3487 archidiaconus
1144 3411 1457 3487 Turonensis
1501 3417 1554 3469 in
1599 3414 1817 3485 Dialogo
1864 3420 1932 3472 ad
1974 3418 2110 3473 Ful-

782 3487 996 3540 bertum.
1024 3483 1104 3538 Ex
1130 3496 1266 3536 tomo
1296 3481 1323 3535 Ι
1344 3486 1574 3543 Analect.
1600 3481 1872 3544 Mabillon.

619 3580 870 3635 Martinus
910 3579 1069 3633 habet
1103 3580 1357 3634 virtutum
1407 3595 1624 3634 suarum
1658 3583 1903 3650 egregios
1952 3581 2117 3637 inter-

548 3661 797 3720 pretes...
830 3650 1000 3704 Habet
1029 3651 1343 3720 Gregorium
1370 3651 1739 3707 Turonensem
1772 3654 2112 3721 episcOpum,

546 3722 634 3791 qui
662 3736 796 3776 mira
827 3723 895 3776 de
920 3721 1149 3775 Martino
1182 3732 1299 3791 post
1324 3722 1524 3776 obitum
1555 3736 1735 3778 narrat
1765 3726 2040 3780 miracula.

546 3835 822 3895 Fulbertus
850 3838 1119 3912 episQOpus
1146 3837 1471 3912 Carn_otensis
1512 3841 1727 3910 epistola
1758 3842 1856 3908 97,
1886 3859 2001 3912 quae
2045 3854 2118 3898 est

866 3908 934 3962 ad
956 3908 1229 3963 Robertum
1256 3908 1578 3965 Francorum
1606 3929 1796 3982 regem.

616 4024 780 4079 Sacra
807 4032 984 4079 vestra
1015 4024 1249 4079 monitus
1281 4041 1397 4080 sum
1427 4026 1694 4094 inquirere
1721 4027 2034 4085 festinanter
2063 4042 2118 4087 et

547 4098 785 4169 scribere
812 4095 984 4169 vobis,
1009 4096 1052 4149 si
1079 4110 1181 4169 qua
1204 4097 1433 4169 historia
1464 4101 1773 4163 sanguinem
1814 4102 2015 4169 pluisse
2044 4119 2119 4158 re-

548 4166 722 4239 ferat,
756 4177 809 4239 et
836 4168 881 4239 si
914 4166 1246 4239 factumAfuit
1269 4170 1391 4233 quid
1426 4169 1621 4223 factum
1652 4166 2004 4239 portenderit.
2035 4173 2120 4227 Li-

551 4238 695 4312 vium
718 4280 732 4303 ,
760 4237 1027 4312 Valerium
1051 4279 1065 4304 ,
1095 4235 1342 4312 Orosiutu
1372 4248 1426 4293 et
1447 4242 1631 4312 plures
1652 4235 1806 4296 'alios
1850 4243 2008 4312 hujus
2041 4244 2119 4297 rei

551 4308 829 4379 relatores
843 4310 1017 4361 inveni
1038 4348 1054 4371 ,
1084 4308 1150 4360 de
1178 4309 1369 4376 quibus
1396 4310 1461 4363 ad
1505 4326 1739 4379 praesens
1778 4308 1952 4368 solum
1983 4313 2118 4368 Gre-

551 4380 760 4447 gorium
792 4378 1156 4452 '[ut'onensem
1194 4378 1724 4452 episcopum'testem
1768 4399 1887 4438 esse
1924 4384 2122 4452 produ-

551 4457 694 4521 ctum
725 4448 983 4521 sufficiat,
1017 4460 1233 4521 propter
1259 4451 1630 4521 auctoritatem
1676 4448 1949 4521 religionis
1985 4468 2118 4507 suae.

552 4516 642 4570 Ait
665 4533 792 4639 ergo
815 4518 1102 4585 Gregorius
1132 4520 1270 4571 idem
1304 4520 1357 4574 in
1388 4530 1542 4576 sexto
1570 4522 1710 4577 libro
1740 4516 2092 4579 Historiarum

552 4602 671 4639 can.
696 4588 719 4639 l
767 4626 782 4639 .
807 4591 960 4639 Anno
982 4597 1154 4639 sexto.
1180 4599 1283 4639 etc.

552 4602 671 4658 cap.
696 4588 782 4642 14.
807 4591 960 4641 Anno
982 4597 1154 4652 sexto,
1180 4599 1283 4642 etc.

753 4702 1074 4757 Adhemarus
1094 4706 1147 4758 in
1168 4703 1419 4761 Chronico
1447 4718 1590 4775 parte
1625 4723 1665 4775 ι,
1689 4725 1803 4777 cap.
1830 4708 1918 4764 50.

628 4819 704 4872 Eo
732 4830 969 4886 tempore
999 4829 1213 4872 sanctus
1248 4820 1532 4887 Gregorius
1562 4821 1992 4885 archiepiscopus
2023 4824 2123 4877 Tu-

552 4891 800 4943 ronensis
827 4892 1033 4959 magnis
1058 4889 1337 4943 virtutibus
1362 4891 1607 4959 fulgebat.
1635 4894 1735 4945 Per
1752 4894 1889 4947 idem
1915 4902 2123 4960 tempus

552 4969 769 5032 sanctus
807 4960 1106 5015 Germanus
1160 4963 1479 5015 Parisiorum
1520 4965 1801 5032 episcopus
1847 4966 2039 5019 missus
2090 4982 2120 5020 a

553 5046 680 5098 rege
728 5031 1043 5087 Chariberto
1094 5034 1411 5097 Egolicmam
1465 5031 1796 5088 consecravit
1847 5034 2115 5090 basilicam

554 5103 722 5172 sancti
755 5104 1000 5170 Eparchii
1022 5147 1037 5168 ,
1068 5105 1157 5158 tibi
1182 5105 1293 5168 ipse
1319 5120 1489 5171 nuper
1515 5106 1753 5172 sepultus
1786 5106 1993 5160 fuerat:
2027 5110 2121 5160 ad-

554 5170 651 5225 fuit
689 5189 809 5245 cum
857 5189 921 5228 eo
961 5178 1280 5230 venerabilis
1308 5170 1595 5245 Gregorius
1633 5178 1916 5244 cpiscopus
1953 5179 2118 5232 Turo-

554 5243 765 5322 peiisis,_
785 5254 836 5295 et
860 5245 1058 5322 in‘ipsa
1084 5248 1296 5322 basilica
1318 5243 1490 5322 multa
1525 5250 1738 5322 pignora
1774 5243 2118 5313 reliquiarum

553 5309 693 5392 beati
724 5313 928 5392 Martini
965 5309 1199 5392 episcopi
1230 5309 1553 5372 collocantes
1578 5309 1961 5392 dedicaverunt
2003 5336 2119 5374 eam

555 5384 607 5461 in
639 5384 875 5461 ejusdem
907 5385 1045 5461 beati
1074 5384 1277 5461 Martini
1309 5400 1544 5443 auctore.
1584 5390 1817 5461 Denique
1862 5392 1913 5442 in
1958 5392 2121 5445 altare

553 5454 719 5518 ipsius
742 5454 807 5504 ab
828 5455 1014 5509 eodem
1045 5470 1228 5512 sancto
1246 5460 1511 5515 Germano
1532 5470 1692 5527 atque
1715 5459 1971 5530 Gregorio
1994 5478 2123 5515 con-

552 5534 794 5603 secrato,
824 5536 1020 5603 sancire
1055 5530 1232 5603 crucis
1265 5531 1517 5584 hactenus
1558 5541 1817 5602 apparent
1858 5534 2121 5597 impressa

552 5594 839 5660 signacula.
895 5596 1022 5648 Item
1074 5598 1125 5650 in
1173 5600 1371 5652 honore
1412 5594 1608 5655 sancti'
1637 5603 1777 5655 Petri
1836 5594 2123 5655 consecra-

554 5676 745 5717 verunt
782 5666 1061 5721 ecclesiam
1111 5671 1252 5723 sedis
1317 5671 1631 5740 episcopalis
1677 5685 1837 5739 quam
1886 5672 2123 5729 Chlodo-

554 5749 705 5800 veos,
734 5748 839 5791 etc.

2138 3156 2185 3220 C

2207 1296 2413 1357 neusis,
2446 1304 2551 1345 etc.

2276 1405 2359 1460 Ea:
2392 1404 2515 1459 Vita
2534 1403 2744 1456 metrica
2769 1401 2829 1457 S.
2865 1400 3085 1524 Meladnii
3114 1400 3342 1468 episcopi
3373 1399 3722 1464 Redonemis,

2841 1489 2904 1524 ea:
2934 1490 2989 1524 co
3035 1512 3049 1524 .
3079 1488 3175 1524 ms.

2841 1489 2904 1526 επ
2934 1488 3049 1525 εοα.
3079 1488 3175 1524 ms.

2331 1569 2521 1631 Nempe
2545 1566 2849 1615 Redoneusis
2874 1565 3147 1631 Melanius,
3173 1571 3227 1612 ut
3247 1562 3548 1631 Turonensis

2332 1628 2597 1689 Gregorius
2621 1631 2807 1683 scribit,
2836 1632 2917 1687 qui
2944 1628 3054 1675 talia
3081 1628 3514 1689 plurimascribit,

2328 1688 2599 1742 lunutneris
2616 1695 2767 1751 signis
2789 1691 3009 1750 perfecto
3034 1688 3243 1747 prmsule
3284 1688 3453 1750 dignis

2332 1754 2517 1803 Enituit
2540 1755 2736 1811 mundo,
2767 1765 2859 1800 etc.

2293 1837 2493 1890 Laudat
2518 1852 2631 1907 cap.
2662 1835 2730 1888 55
2760 1835 2822 1886 de
2849 1832 3027 1888 Gioria
3057 1836 3195 1903 conf.

2292 1928 2476 1982 Glaber
2504 1926 2761 1994 Rodulfus
2789 1928 2842 1977 in
2880 1924 2997 1976 Vita
3022 1924 3185 1976 sancti
3212 1921 3480 1978 Guillelmi
3513 1922 3715 1976 abbatis

2843 1995 3183 2048 Divionensis.

2278 2094 2405 2148 Erat
2426 2094 2595 2155 enim,
2626 2101 2679 2143 ut
2712 2090 2894 2143 beatus
2926 2089 3211 2141 multorum
3244 2097 3551 2140 sanctorum
3585 2084 3809 2139 desert-

2208 2175 2327 2232 ptor
2374 2164 2753 2218 miraculorum
2811 2160 3104 2229 Gregorius
3159 2158 3499 2232 'furouorum
3550 2156 3811 2232 pontifex

2208 2226 2392 2301 refert,
2422 2232 2748 2302 praegrandis
2787 2226 2945 2302 arca,
2975 2240 3105 2302 etc..
3150 2246 3212 2282 ex
3258 2226 3473 2302 cap._5_l
3523 2229 3588 2280 de
3619 2226 3811 2281 Gloria

2209 2298 2396 2369 Mora,
2423 2298 2556 2372 'pro'
2574 2305 2726 2370 cujus
2758 2300 3131 2372 incredulitate
3162 2308 3344 2372 narrat
3395 2298 3537 2372 idem
3572 2309 3807 2351 sanctus

2208 2368 2627 2430 alterum-sancti
2644 2368 2881 2427 nominis
2898 2371 3209 2438 Gregorium
3232 2368 3655 2439 Liugoniensem
3686 2374 3809 2438 epi-

2211 2461 2464 2513 scopum,
2499 2446 2674 2498 acrius
2702 2442 2968 2510 quondam
3002 2441 3166 2494 luisse
3193 2440 3546 2507 increpatum.

2214 2539 2513 2607 Anonyntus
2554 2549 2752 2596 auctor,
2801 2534 2888 2600 qui
2933 2531 3119 2607 stacqu
3156 2545 3209 2607 si
3236 2532 3363 2583 Acta
3403 2527 3802 2607 Rotaomagen-

2284 2597 2953 2732 stiluizrlprchiepiscoporum
2994 2602 3233 2671 scripsit,
3280 2610 3414 2653 tonio
3466 2597 3526 2652 Il
3562 2597 3804 2655 Ana'lect.

2347 2696 2378 2731 a
2413 2695 2430 2731 ι
2475 2694 2559 2730 on.

2288 2770 2397 2825 Rex
2420 2768 2706 2823 concilium
2732 2765 3011 2834 episcopos
3032 2778 3156 2816 suos
3178 2775 3471 2834 convocare
3492 2762 3699 2834 erepit,
3712 2762 3802 2816 cui

2214 2841 2296 2896 vir
2328 2856 2530 2908 magna:
2556 2832 2884 2908 auctoritatis
2909 2843 2964 2889 et
2990 2832 3263 2908 probitatis
3286 2832 3573 2900 Gregorius
3590 2833 3807 2908 archie-

2216 2903 2463 2981 piscopus
2505 2908 2832 2963 Turonensis
2862 2904 3259 2981 inter-t‘uit.“llic
3291 2918 3416 2956 vero
3456 2916 3564 2981 nec
3588 2903 3805 2956 callida:

2217 2973 2620 3045 inaclunationi,
2650 2994 2752 3046 qua
2797 2978 3079 3043 episcopus
3101 2974 3509 3041 (Praatextatus)
3533 2973 3802 3046 deceptus

2215 3062 2319 3115 est,
2354 3067 2449 3105 nec
2481 3043 2687 3119 injuStie
2714 3046 3043 3119 destitutioui
3077 3060 3368 3119 assensum
3383 3045 3682 3119 praebuit...
3726 3043 3803 3119 lta

2220 3134 2275 3176 ut
2300 3113 2435 3176 Sicut
2462 3113 2648 3175 beatus
2679 3118 2968 3185 Gregorius
2995 3116 3321 3169 Turonensis
3355 3115 3407 3167 in
3437 3113 3661 3181 Scriptis
3689 3116 3804 3168 suis

2217 3205 2433 3257 narrat,
2464 3198 2617 3245 nocte
2640 3197 2821 3243 sancta
2853 3188 3095 3251 Pascitur,
3143 3187 3195 3239 in
3240 3186 3357 3239 loco
3389 3184 3680 3253 pontiﬁcali
3716 3187 3805 3237 tibi

2216 3278 2359 3318 Stare
2379 3271 2739 3317 consueverat
2766 3258 2959 3328 gladiis
2979 3272 3099 3311 eum
3124 3265 3494 3325 percuterent,
3522 3266 3579 3309 et
3614 3258 3687 3309 ita
3718 3258 3806 3309 in-

2217 3340 2546 3388 tcrlicerent.

2218 3426 2302 3479 Ea;
2336 3424 2456 3479 Vita
2480 3425 2688 3477 metrica
2715 3421 2775 3476 S.
2801 3418 3038 3473 Cassiani
3068 3418 3225 3486 episc.
3264 3416 3552 3484 Eduensis,
3586 3433 3653 3469 ex
3680 3417 3799 3471 rod.

2634 3509 2729 3547 ms.
2764 3491 2825 3546 S.
2853 3491 3096 3545 Germani
3125 3507 3155 3541 a
3186 3488 3380 3541 Pratis.

2310 3587 2440 3638 Idola
2464 3587 2690 3643 cassavit,
2717 3583 3043 3646 populum_t_)ai
3066 3584 3257 3628 tismate
3277 3580 3455 3646 sanxit.

2309 3651 2427 3701 Hinc
2448 3661 2643 3711 quoque
2669 3639 2933 3706 Gregorius
2952 3642 3253 3691 'l‘urouorum
3278 3642 3376 3688 dux
3402 3639 3694 3690 luculentus.

2218 3734 2303 3791 Ea:
2325 3736 2571 3791 Chronico
2598 3732 2657 3788 S.
2689 3730 2900 3799 Benigni
2920 3727 3258 3781 Divionensis.
3286 3727 3550 3798 Spicilegii
3579 3737 3715 3779 lomo
3745 3724 3799 3781 Ι.

2292 3826 2566 3881 Inventum
2588 3832 2845 3891 estatque
2866 3822 3177 3873 translatum
3210 3834 3404 3885 corpus
3428 3821 3645 3873 almilici
3671 3835 3801 3872 mar-

2225 3901 2356 3969 tyris
2384 3897 2606 3965 Benigni
2632 3911 2662 3948 a
2684 3894 2838 3969 beato
2865 3892 3124 3969 Gregorio
3156 3892 3646 3969 Lingoniuunltrbis
3677 3907 3796 3957 epi-

2219 3961 2405 4038 scopo,
2432 3961 2611 4021 divina
2631 3964 2900 4038 revelante
2929 3962 3278 4038 providentia,
3309 3975 3363 4014 ut
3394 3961 3799 4038 t'efcrl_Gl'cgu-

2220 4032 2335 4095 rius
2364 4040 2413 4092 in
2446 4039 2582 4092 libro
2617 4036 2985 4089 Mirarulorum
3011 4074 3025 4096 ,
3058 4034 3145 4100 qui
3180 4034 3275 4085 fuit
3303 4033 3525 4085 antistes
3554 4032 3798 4084 Turono-

2221 4126 2407 4165 rum...
2448 4106 2701 4162 l’ratfatus
2747 4104 3035 4171 Gregorius
3078 4103 3412 4156 Turonorum
3467 4106 3515 4153 in
3559 4103 3696 4155 libro
3726 4102 3796 4155 de

2222 4181 2516 4235 illustribus
2546 4178 2673 4231 viris
2705 4176 2863 4241 hujus
2887 4173 3068 4226 Hilarii
3088 4176 3216 4242 lquis
3247 4183 3300 4227 et
3329 4173 3561 4239 qualiter
3599 4173 3758 4224 fuerit
3779 4212 3794 4233 ,

2550 4228 2702 4302 etcf”
2750 4228 3025 4301 Successit
3055 4228 3423 4313 'l'r'anquillus,
3460 4244 3548 4311 qui
3585 4228 3801 4311 quantae

2222 4321 2520 4374 sanctitatis
2564 4320 2721 4370 [tuerit
2743 4356 2759 4380 ,
2807 4318 3010 4369 crebra:
3047 4318 3302 4368 sanitates
3333 4313 3558 4365 inlirinis
3589 4328 3655 4365 ex
3681 4313 3799 4379 ejus

2222 4393 2428 4444 tumulo
2458 4390 2708 4456 prtesutze
2738 4397 3024 4448 testantur,
3054 4395 3113 4438 ut
3135 4386 3296 4440 refert
3317 4382 3609 4453 Gregorius
3630 4381 3801 4436 Turo-

2223 4462 2407 4516 nensis
2436 4462 2487 4513 in
2520 4475 2579 4514 se
2610 4462 2726 4526 ipso
2757 4465 3035 4525 expertus.

2101 4564 2118 4591 ’
2150 4554 2202 4614 Ῑ)
2228 4575 2527 4630 Baldericus
2576 4573 2841 4641 episcopus
2876 4570 3230 4626 Noviomensis
3277 4583 3325 4624 et
3355 4570 3693 4625 Tornacensis
3746 4572 3801 4625 in

2267 4646 2517 4701 Chronico
2544 4643 2892 4699 Cameracensi
2921 4653 2969 4697 et
2999 4642 3353 4707 Attrebatensi,
3385 4642 3476 4695 lib.
3503 4658 3539 4707 ι,
3562 4658 3679 4709 cap.
3707 4642 3764 4697 8.

2305 4737 2359 4790 In
2385 4752 2448 4792 ea
2479 4752 2702 4801 namque
2732 4734 2863 4788 urbe
2891 4732 3174 4803 (Vienna),
3209 4744 3265 4787 ut
3296 4734 3480 4788 beatus
3509 4733 3801 4802 Gregorius

2228 4809 2555 4863 Turonensis
2583 4810 2729 4859 urbs
2756 4809 3040 4872 episcopus
3067 4807 3251 4858 scribit
3285 4807 3337 4859 in
3370 4806 3535 4875 gestis
3564 4804 3804 4858 Franco-

2229 4896 2375 4942 rum,
2408 4890 2529 4932 tunc
2561 4878 2813 4942 tetnporis
2858 4877 3085 4928 inaudita
3127 4876 3271 4929 cives
3319 4875 3550 4944 prodigii
3595 4884 3801 4930 terrue-

2232 4961 2388 5012 rant,
2432 4959 2562 5012 etc.,
2607 4952 2754 5015 plura
2785 4947 2994 5011 laudat,
3036 4963 3149 5015 cap.
3196 4947 3230 5000 5
3268 4955 3316 5000 et
3343 4964 3478 5015 seqq.
3518 4948 3610 4999 sub
3649 4949 3800 5000 titulo

2231 5021 2473 5073 Historiae
2501 5020 2846 5074 Francorum.

2219 5115 2407 5168 Auctor
2438 5111 2565 5167 Vita:
2600 5122 2645 5163 et
2679 5109 3049 5162 Miraculorum
3076 5109 3249 5161 sancti
3281 5107 3541 5161 Solemnis
3570 5109 3798 5178 episwpi

2538 5181 2862 5235 Carnotensis
2881 5223 2896 5249 ,
2928 5197 2989 5232 ex
3012 5196 3107 5232 ms.
3141 5180 3259 5233 cod.
3286 5179 3467 5249 Regio.

2296 5278 2485 5330 Beatus
2517 5272 2803 5340 Gregorius
2845 5282 2971 5325 tunc
3005 5272 3263 5337 temporis
3297 5271 3639 5323 Turonorurn
3685 5273 3801 5337 epi-

2222 5364 2417 5415 scopus
2442 5345 2509 5399 de
2534 5350 2690 5398 beato
2715 5343 2949 5415 solemni
2976 5343 3225 5406 pontilice
3245 5342 3563 5415 Carnutensi
3593 5343 3804 5395 locutus

2230 5413 2405 5473 estita
2432 5433 2444 5468 :
2478 5416 2625 5469 Licet
2653 5415 2719 5466 de
2745 5413 3011 5468 Turonica
3041 5416 3316 5479 urbe,etc.
3348 5413 3471 5466 H.126
3493 5426 3715 5466 saueius
3737 5415 3803 5467 de

2231 5502 2415 5543 sancto
2444 5489 2491 5539 in
2518 5486 2906 5540 testimonium.

2230 5581 2314 5636 Ex
2351 5580 2468 5633 Vita
2492 5578 2553 5632 S.
2587 5577 2803 5631 Maximi
2835 5575 3166 5629 Cainonensis
3196 5575 3535 5638 confessoris,
3580 5589 3647 5627 ea:
3683 5575 3799 5626 cod.

2664 5664 2761 5701 ms.
2796 5646 2849 5699 Μ
2854 5647 3013 5718 ajoris
3042 5646 3094 5699 Μ
3103 5650 3365 5700 onasteni.

2301 5745 2366 5805 Ut
2393 5756 2567 5800 autem
2591 5744 2653 5798 ad
2685 5744 2825 5800 beati
2854 5742 3094 5813 Gregorii
3126 5758 3311 5808 aures,
3345 5741 3434 5809 qui
3469 5749 3599 5793 tunc
3629 5736 3803 5792 Turo-
