4024 6192
556 280 655 332 155
1271 262 1354 319 DE
1395 261 1451 317 S.
1489 257 1831 315 GREGORIO
1871 252 2193 309 EPISGOPO
2231 248 2616 306 TURONENSI
2662 248 3089 303 TESTIMONIA.

549 401 661 435 rum
695 382 908 447 pietate,
939 379 1203 449 prmcipue
1226 373 1571 438 Turonensis,
1599 372 1681 425 vel
1713 370 1823 422 sola
1850 369 2099 420 lectorem
2132 366 2183 425 Α

548 455 802 506 ili-mereri
839 463 1072 519 possent.

618 541 668 594 Μ
677 542 840 595 alliias
857 537 1075 591 Flaccus
1107 535 1345 605 Illyricas
1368 535 1418 587 in
1446 532 1660 599 epistola
1686 527 1946 601 prazmissa
1970 524 2036 576 ad

1094 624 1236 658 suum
1263 606 1548 657 editionem.
1823 616 1831 623 '

623 701 817 770 Dignus
865 709 945 753 est
997 696 1327 752 Turonensis
1375 695 1771 770 qiiilegatur...
1800 687 1976 742 nullus
2010 698 2108 737 ve-

551 765 723 827 tustu's
770 772 1051 822 historicus
1094 778 1288 831 exstat,
1320 768 1406 831 qui
1443 765 1652 817 illorum
1688 773 1986 831 temporum
2017 770 2109 807 ne-

550 846 810 913 gotizi_t;iiii
829 851 973 913 certo
996 829 1314 913 lit~_rii(iyerit,
1331 829 1421 913 aut
1445 836 1604 913 etiam
1629 833 1780 913 plene
1803 829 2111 913 complexus

550 901 634 964 ;it.
671 911 799 962 Enni
829 901 1017 978 passim
1046 908 1226 959 laudat
1255 907 1305 958 in
1336 905 1585 959 Centuriis
1618 901 1858 973 Mugdeb.

554 1003 630 1054 lix
666 1000 980 1053 Putriarchio
1001 999 1325 1058 Bituricensi,
1359 1013 1474 1064 cap.
1506 994 1598 1056 27,
1626 1004 1750 1047 tom.
1775 990 1837 1045 11
1865 988 2109 1043 Biblioth.

1044 1068 1200 1123 Novae
1229 1067 1406 1129 Lnbb.,
1440 1085 1491 1137 p.
1525 1064 1616 1120 52.

621 1164 768 1229 ριιοει
820 1178 884 1216 ex
938 1162 1149 1229 scriptis
1195 1159 1299 1212 divi
1332 1156 1568 1229 Gregorii
1623 1144 2116 1229 Turonensisnviri

554 1222 699 1287 cei-ie
747 1237 797 1286 in
842 1248 1019 1286 rerum
1050 1222 1334 1297 "gestarum
1388 1222 1690 1294 cognitione
1741 1222 2116 1297 eruditissimi,

556 1306 887 1373 perspicuum
918 1302 1023 1355 liet.
1060 1292 1329 1352 Laudatur
1361 1292 1550 1368 pasiirn
1581 1297 1631 1348 in
1662 1295 1837 1348 eodem
1868 1292 2014 1343 libro.

624 1395 869 1465 Prcefatio
894 1395 944 1446 in
984 1392 1129 1465 Vitas
1157 1390 1463 1465 Sanctorum
1492 1404 1553 1440 ex
1574 1386 1752 1438 Aloisii
1782 1378 2049 1450 Lipomani

1006 1463 1345 1515 voluminibus
1387 1466 1660 1512 extractas.

626 1559 911 1623 Gregorius
932 1566 1287 1623 cognomento
1321 1552 1682 1623 Florentiuns,
1704 1548 1785 1599 vir
1814 1545 2037 1622 scientia
2066 1547 2122 1595 et

558 1622 830 1683 notiilitale
853 1622 1052 1687 clarus,
1080 1627 1444 1677 'l'uronensein
1474 1622 1763 1693 Ecclesium
1787 1625 2122 1693 sanctissime

559 1703 691 1755 rexit
721 1718 733 1763 ;
761 1703 913 1764 cujus
937 1697 1147 1761 scriptis
1170 1711 1229 1747 ea
1261 1693 1541 1765 adhibetur
1574 1691 1733 1765 lides,
1764 1703 1880 1755 qua:
1924 1696 1977 1765 et
2010 1691 2121 1765 virp

561 1752 891 1824 saiicti'ssiu'io
922 1777 973 1821 et
999 1752 1065 1819 de
1094 1766 1397 1819 Christiana
1432 1764 1533 1815 lide
1569 1752 1791 1830 optiuie'
1813 1756 2005 1812 merito
2035 1752 2121 1805 ad-

563 1842 730 1895 hiberi
763 1840 925 1901 solet,
953 1848 1058 1891 etc.

594 1933 817 1987 Joannes
846 1930 1101 1991 Mariana,
1136 1927 1263 1980 libro
1302 1943 1330 1978 v
1362 1925 1552 1979 Rerum
1590 1922 1836 1993 Hispan.,
1860 1937 1953 1987 cap
2000 1917 2088 1971 10.

633 2023 798 2087 Majus
830 2029 1197 2086 argumentum
1238 2016 1474 2076 accedit,
1517 2014 1767 2087 Gregorii
1802 2010 2129 2087 'I‘uronieusis

563 2080 851 2147 silentium.
890 2080 986 2144 Ἀιι
1042 2090 1093 2143 id
1137 2089 1321 2158 gratiae
1366 2089 1547 2168 datum
1585 2080 1803 2165 putabis
1852 2099 1880 2136 a
1930 2080 2129 2133 Gallico

567 2167 826 2234 scriptore
855 2176 1163 2228 niagnmque
1189 2167 1521 2213 auctoritatis
1550 2171 1681 2208 Vll‘O.

854 2251 1097 2320 Papirius
1130 2248 1304 2301 Masso
1332 2248 1385 2299 in
1416 2246 1616 2299 Notitia
1644 2242 1845 2298 Callian

637 2342 862 2395 Condito
895 2350 1069 2390 autem
1111 2351 1271 2402 regno
1294 2333 1666 2403 (Francorum)
1691 2342 1885 2400 quanta
1912 2329 2133 2403 mutatio

569 2411 840 2474 acciderit,
872 2408 1010 2461 nialo
1050 2422 1113 2460 ex
1151 2402 1569 2474 libris’Gregorii
1598 2405 1926 2458 Turonensis
1971 2402 2132 2455 intel-

572 2483 683 2551 ligi,
705 2490 862 2550 quam
895 2494 960 2531 ex
986 2476 1227 2529 oratione
1250 2491 1386 2529 mea.

575 2572 821 2643 Iosephus
849 2569 1104 2639 Scaliger,
1134 2568 1222 2621 lib.
1256 2582 1304 2619 νι
1334 2568 1396 2621 de
1429 2567 1792 2621 Emendatione
1830 2576 2133 2633 (corporum.

644 2665 828 2732 Magna
861 2660 1118 2728 Gregorio
1147 2662 1346 2729 gratia,
1379 2661 1463 2723 qui
1499 2660 1549 2732 in
1576 2661 2012 2732 tautoﬂneglectu
2050 2658 2140 2732 lli-

574 2729 753 2790 storiie
782 2736 1014 2786 animum
1044 2733 1108 2782 ad
1142 2733 1253 2782 haec
1281 2731 1559 2784 scribenda
1579 2729 1797 2797 appulit,
1830 2744 1994 2795 quare
2016 2731 2139 2782 abs-

574 2822 674 2873 que
718 2820 781 2858 eo
824 2800 962 2857 foret
991 2803 1446 2873 iiietiieiiduui__iie
1475 2802 1744 2873 fabulosus
1777 2800 2141 2852 lluuiiilialdus

576 2869 760 2943 pedem
797 2877 845 2925 in
876 2874 1267 2942 possessionem
1304 2869 1440 2924 ll'ius
1474 2871 1719 2943 "iSlOl'im
1754 2879 2008 2943 poneret,
2033 2879 2138 2943 etc.

578 2940 679 3000 Nos
704 2940 891 3013 neque
916 2943 1187 2996 meliorem
1239 2958 1410 3008 ιιιοψιυ
1441 2942 1787 2996 vetustioretn
1828 2943 1879 2995 in
1912 2940 2140 2993 Hisrmia

578 3019 615 3071 F
622 3031 898 3071 raucorum
932 3014 1205 3067 habemus.

648 3132 898 3185 Nicotaus
933 3128 1102 3182 Faber
1128 3126 1372 3179 Ludovici
1397 3124 1475 3178 XI
1489 3123 1552 3177 ΙΙ
1580 3123 1904 3177 Francorum
1941 3122 2075 3192 regis

898 3209 1174 3270 prwreptor
1202 3198 1256 3250 in
1286 3196 1687 3259 Schediasmate,
1721 3203 1825 3248 etc.

650 3312 938 3381 Gregorius
990 3308 1315 3363 Turonensis
1360 3306 1643 3381 episcopus
1675 3303 2148 3381 diligentissimus

583 3377 829 3437 Historiae
855 3391 1051 3436 nostra:
1084 3382 1311 3447 scriptor
1333 3388 1386 3431 et
1412 3377 1830 3444 antiquissimus.

639 3472 984 3544 Hieronymus
1014 3471 1297 3609 Bignonips
1335 3470 1386 3521 in
1405 3467 1731 3591 [Prtefatioue
1758 3468 1826 3519 ad
1854 3464 2098 3535 Μαῖσιιίιῖ

1256 3556 1399 3592 ormu
1423 3555 1499 3591 as.

1256 3555 1499 3592 ονηιυιαε.

654 3637 769 3705 Ipse
818 3638 978 3689 etiam
1010 3633 1300 3702 Gregorius
1330 3631 1692 3705 Turonensis,
1724 3644 1830 3705 quo
1858 3629 2152 3705 digniorem

588 3701 899 3761 historicum
934 3722 1035 3757 non
1069 3701 1361 3764 habemus,
1413 3704 1592 3755 multis
1644 3703 1775 3755 locis
1823 3717 1853 3756 a
1899 3701 2155 3755 Marculfo

588 3780 764 3833 lucem
796 3777 989 3844 accipit
1014 3785 1063 3829 et
1085 3773 1304 3827 omnin
1342 3774 1658 3826 illustratur.

652 3871 875 3922 Jacobus
899 3867 1121 3921 Joannes
1151 3865 1424 3934 Chiﬁletius
1452 3865 1505 3916 in
1537 3864 1921 3932 Disquisitione,
1945 3873 2053 3920 etc.

664 3961 890 4013 Sanctus
939 3957 1231 4026 Gregorius
1277 3955 1676 4024 antiquissimus
1721 3965 1774 4012 et
1819 3956 2158 4011 ﬁdelissimus

595 4031 918 4085 Francorum
953 4030 1210 4083 liistoricu
1222 4045 1267 4080 s.

883 4122 1266 4177 Saniniartliani
1288 4121 1342 4173 in
1362 4118 1535 4174 Gallia
1557 4120 1870 4175 Christiana.

659 4217 715 4269 S.
750 4216 1037 4284 Gregorius
1070 4211 1323 4267 Ecclesia:
1352 4211 1865 4284 Gallicanaeglumen,
1921 4210 2157 4278 virtutis,

590 4282 889 4355 sapientiai,
922 4287 1239 4350 exiiniaique
1267 4283 1563 4355 sanctitatis
1576 4282 1777 4355 _gloria
1802 4282 2026 4355 illustris
2049 4324 2064 4343 ,
2097 4284 2164 4335 de

595 4351 815 4409 historia
854 4354 1218 4409 ecclesiastica
1265 4353 1533 4420 rebusque
1575 4351 1847 4406 Francicis
1890 4352 2025 4406 bene
2053 4368 2165 4406 me-

594 4438 747 4480 l'llUS.

777 4513 999 4567 Joannes
1056 4513 1313 4566 Launoius
1358 4513 1531 4565 doctor
1581 4512 1885 4566 Parisiensis
1930 4513 1985 4565 in

1125 4582 1453 4636 Discussione
1474 4624 1488 4648 ,
1526 4593 1633 4638 etc.

666 4675 952 4745 Gregorius
977 4674 1306 4727 Turonensis
1350 4673 1665 4728 Christiana:
1694 4674 1833 4742 apud
1863 4674 2044 4729 Gallos
2077 4691 2162 4730 re-

594 4748 807 4815 ligionis
850 4747 1111 4807 exordia,
1147 4759 1335 4811 resque
1359 4757 1672 4815 _iueiiioraiu
1718 4747 1906 4813 dignas
1952 4762 2162 4801 summo

596 4813 772 4943 ῧυὲιο
827 4824 1140 4887 prosecutus
1189 4826 1292 4869 est.
1346 4813 1482 4867 Eum
1541 4818 1744 4884 ejusque
1793 4831 1947 4885 opera
1975 4818 2166 4887 passim

656 4908 682 4941 tt
727 4902 799 4942 al.

656 4902 799 4942 (idat.

668 4972 966 5034 Hadrianus
1003 4977 1233 5031 Valesius
1282 4976 1333 5029 in
1368 4975 1680 5045 Prtefatione
1720 4978 1789 5030 ad
1819 4989 2009 5032 tomum
2052 4978 2095 5032 ll

1083 5048 1274 5102 Rerum
1298 5046 1687 5102 Fraiicicarum.

670 5162 1002 5229 Gregorium,
1036 5177 1192 5227 quem
1245 5176 1414 5214 v.rum
1466 5161 1608 5230 pium
1643 5169 1697 5214 et
1730 5161 2021 5230 sapientem
2050 5202 2065 5227 ,
2104 5177 2166 5216 ac

598 5231 974 5302 historicorum
1000 5244 1298 5286 nostrorum
1334 5234 1623 5302 principem
1647 5247 1907 5301 agnosco,
1935 5243 1987 5287 et
2015 5235 2166 5289 laude

597 5300 966 5371 (iignissniiutn
984 5302 1179 5371 judico.

3678 250 3812 304 136

2288 358 2528 414 Joannes.
2564 359 2708 412 Bona
2748 359 2807 413 S.
2858 359 2923 410 Β.
2955 356 3015 409 E.
3059 357 3341 410 cardiiialis
3389 358 3439 409 in
3484 356 3692 411 Notitia

2849 438 3133 480 auctorum.

2280 521 2566 589 Gregorius
2593 521 2940 582 Turonensis,
2974 521 3142 574 lidelis
3170 519 3459 574 historicus
3482 562 3496 582 ,
3522 520 3619 574 sed
3648 522 3769 574 siir.

2211 591 2446 658 plicioris
2467 594 2686 660 eloquii.

2246 682 2461 736 Larolus
2487 679 2711 735 Cointius
2736 680 3009 733 Annalium
3040 679 3390 800 gczksiastic.
3421 675 3769 732 Francorum

2835 756 2903 800 ad
2924 767 3011 800 an.
3042 762 3109 800 04
3149 787 3165 800 .

2835 756 2903 803 ad
2924 767 3011 804 au.
3042 756 3165 802 544.

2281 844 2539 898 Omittere
2570 861 2671 897 non
2703 844 2983 896 debuimus
3009 850 3183 896 ortum
3208 840 3427 894 illustris
3453 841 3588 903 viri,
3621 857 3805 909 quem

2218 914 2462 967 Historiae
2512 914 2781 968 Francicze
2828 924 3096 982 parentem
3144 922 3335 965 merito
3366 912 3802 980 nuncupaveiis.

2215 985 2239 1035 Ι
2248 987 2361 1037 dem
2386 985 2575 1054 passim
2604 984 2769 1037 habet.

2216 1076 2465 1127 Antonius
2495 1074 2729 1127 Dadinus
2755 1075 3008 1126 Altessera
3044 1072 3179 1127 J.U.
3213 1072 3465 1141 professor
3485 1080 3530 1125 et
3557 1071 3811 1124 decenas

2290 1143 2639 1215 universitatis
2668 1143 2934 1198 Totoaante
2958 1148 3009 1197 in
3040 1147 3254 1215 epistola
3279 1151 3345 1195 ad
3374 1154 3545 1208 notas,
3571 1152 3708 1206 etc.,
3744 1142 3813 1192 in

2290 1213 2520 1283 Gregorii
2550 1216 2725 1268 libros.

2288 1306 2511 1374 Operam
2540 1304 2659 1358 dedi
2694 1316 2749 1359 ut
2773 1306 3142 1359 consuleretur
3163 1304 3431 1358 memoriae
3456 1302 3679 1374 maximi
3702 1317 3811 1355 an-

2222 1372 2438 1440 tistitis,
2471 1385 2528 1427 ut
2556 1376 2929 1444 exploderetur
2951 1391 3102 1429 error
3133 1385 3187 1429 et
3214 1377 3474 1428 calumnia
3518 1372 3802 1441 maligno-

2224 1461 2361 1509 rum,
2391 1446 2577 1512 quibus
2608 1447 2957 1513 peritissimus
2986 1461 3159 1499 rerum
3191 1455 3491 1497 nostrarum
3511 1456 3789 1511 scriptor,

2222 1524 2275 1569 et
2303 1530 2366 1569 ex
2401 1525 2547 1583 parte
2575 1518 2723 1569 testis
2745 1558 2758 1579 ,
2792 1517 3012 1570 habetur
3043 1532 3137 1583 pro
3173 1526 3345 1583 inepto
3379 1513 3700 1567 fabellarum
3730 1529 3764 1566 e
3784 1526 3806 1565 ι

2223 1587 2546 1639 somniorum
2572 1599 2806 1641 auctore.
2847 1587 2962 1639 Non
3007 1588 3177 1639 inanis
3204 1590 3305 1640 erit
3331 1600 3492 1653 Opera
3515 1625 3532 1651 ,
3559 1588 3609 1638 si
3640 1600 3670 1637 a
3703 1599 3798 1637 me

2224 1657 2524 1709 vindicetur
2551 1658 2683 1709 fama
2708 1657 2944 1726 episcopi
2972 1659 3235 1710 catbedm
3258 1667 3311 1710 et
3338 1658 3657 1709 meritorum
3681 1653 3797 1708 divi

2152 1730 2199 1789 B
2224 1727 2434 1781 Martini
2466 1743 2815 1781 successoris.

2395 1815 2723 1870 Bollandiani
2754 1820 2821 1869 ad
2867 1818 2999 1871 diem
3030 1818 3093 1869 l7
3128 1816 3306 1870 Martii
3343 1828 3389 1871 et
3418 1818 3630 1887 passim.

2303 1910 2530 1961 Saucius
2556 1909 2841 1977 Gregorius
2872 1911 3222 1977 Turonensis,
3247 1911 3331 1964 cui
3364 1910 3453 1963 uui
3485 1921 3690 1963 tantum
3712 1908 3808 1963 de-

2232 1979 2317 2032 bet
2340 1981 2565 2032 Historia
2590 1978 2862 2046 Fiant-ica,
2887 1996 3141 2049 quantum
3164 1983 3283 2036 aliis
3305 1981 3659 2049 scriptoribus
3680 1990 3812 2035 ante

2231 2051 2402 2118 ipsum
2431 2052 2591 2103 simul
2620 2052 2886 2105 omnibus.

2444 2159 2670 2217 Joannes
2700 2161 2976 2217 Balesdens
3008 2165 3063 2218 in
3092 2181 3239 2218 suam
3266 2163 3559 2217 editionem.

2304 2252 2425 2328 Non
2452 2254 2716 2309 immerito
2739 2257 2985 2328 dixerim,
3008 2256 3213 2311 etiamsi
3242 2258 3295 2311 in
3323 2255 3571 2328 Gregorii
3593 2257 3818 2326 scriptis

2236 2325 2496 2396 columba.-
2526 2326 2845 2395 simplicitas
2872 2328 3134 2394 videatur,
3166 2325 3455 2396 serpentis
3475 2341 3653 2382 tamen
3686 2325 3817 2396 pm-

2237 2395 2609 2470 dentiamnou
2655 2403 2875 2470 deesse,
2902 2412 3019 2450 cum
3058 2396 3111 2450 in
3144 2398 3207 2451 iis
3252 2395 3412 2453 rebus
3441 2395 3703 2470 eligendis
3732 2400 3815 2452 di-

2239 2465 2632 2533 SpiriendiSque
2661 2466 2891 2522 maxime
2918 2478 2971 2521 et
2997 2470 3222 2524 utilitate
3243 2465 3609 2525 conducerent
3630 2480 3686 2524 et
3709 2472 3821 2522 title

2239 2535 2516 2613 valerent._
2534 2537 2642 2613 Nec
2672 2540 2906 2613 dubitem
2935 2554 3241 2594 asseverare
3264 2541 3652 2610 posterioribus
3673 2544 3820 2595 scri—

2243 2607 2481 2673 ptoribus
2505 2607 2603 2662 hac
2628 2611 2680 2661 iii
2705 2623 2762 2662 re
2796 2610 3021 2677 palmam
3053 2607 3414 2680 prieripuisse,
3444 2623 3550 2667 etc.

2738 2768 2822 2822 DE
2844 2767 3302 2826 FBEDEGARIO.

2279 2898 2367 2955 Ea:
2402 2898 2519 2952 Vita
2544 2898 2607 2954 S.
2642 2901 2853 2971 Pippini
2884 2905 3299 2973 majoribdomus
3324 2907 3545 2960 Austria:
3564 2905 3779 2961 Chesnii

2754 2979 2928 3027 toniol
2958 2974 3007 3027 ll
3016 2976 3097 3029 ist.
3125 2972 3319 3030 Franc.

2324 3082 2430 3137 Sed
2456 3099 2524 3138 ne
2551 3084 2734 3140 videar
2761 3085 2829 3139 de
2858 3086 2972 3139 Vita
3011 3087 3301 3141 beatissuni
3330 3087 3486 3143 Ducis
3516 3103 3711 3143 novum
3739 3101 3828 3144 at-

2255 3156 2441 3209 tulisse
2468 3158 2799 3224 tigmeutum,
2834 3172 2935 3209 non
2965 3160 3061 3211 abs
3088 3171 3145 3212 re
3169 3162 3270 3210 erit
3300 3159 3345 3211 si
3374 3160 3425 3212 in
3455 3161 3827 3217 testimonium

2246 3226 2544 3297 sanctitatis
2569 3228 2685 3294 ejus
2710 3228 2897 3281 eadem
2930 3231 3089 3281 verba
3132 3243 3252 3297 quae
3297 3229 3349 3283 iu
3380 3230 3554 3285 Gestis
3587 3230 3829 3288 Franco-

2249 3312 2364 3351 rum
2394 3296 2617 3351 diversis
2641 3298 2694 3351 in
2726 3298 2856 3351 locis
2887 3296 3085 3351 inserta
3116 3296 3239 3352 sunt
3260 3340 3274 3363 ,
3306 3301 3391 3354 hic
3421 3302 3474 3355 in
3505 3318 3668 3356 unum
3699 3310 3831 3359 col-

2250 3367 2387 3421 lecta
2415 3369 2515 3439 sub
2542 3369 2714 3422 oculis
2745 3382 2992 3439 pusuero.
3024 3372 3162 3423 Sunt
3187 3385 3315 3439 ergo
3345 3373 3393 3424 in
3437 3372 3573 3425 hunc
3596 3376 3829 3430 modum

2252 3451 2372 3491 sese
2420 3437 2670 3515 habentia
2717 3438 2943 3515 :‘Usque
2973 3440 3038 3494 ad
3085 3439 3136 3493 id
3183 3437 3389 3515 tempus
3426 3443 3682 3515 abinitio
3724 3462 3835 3515 quo

2252 3523 2476 3576 regnare
2525 3511 2687 3578 C(Bpit
2732 3508 3058 3580 Dagobertus
3108 3508 3335 3565 consilio
3377 3513 3676 3567 beatissimi
3726 3508 3833 3570 Ar-

2254 3580 2402 3655 ritilli,
2427 3591 2554 3655 etc.,
2576 3585 3044 3655 profertexcerpta
3081 3597 3145 3636 ea:
3173 3580 3486 3655 Fredegario
3514 3600 3548 3637 a
3592 3602 3714 3654 cap.
3762 3587 3834 3643 58

2256 3649 2494 3704 Chronici
2515 3649 2595 3703 ad,
2610 3662 2759 3721 caput
2782 3652 2870 3705 86.

2331 3767 2588 3839 Rigordus
2607 3783 2763 3834 supra
2787 3766 3023 3821 laudatus
3049 3769 3103 3822 in
3137 3767 3249 3839 Vita
3268 3767 3499 3839 Philippi
3520 3768 3754 3839 Augusti.

2256 3836 2510 3905 Iosephus
2530 3838 2765 3907 Scaliger
2782 3839 2833 3889 in
2852 3841 2978 3890 libro
2997 3854 3045 3890 νι
3060 3844 3121 3893 de
3142 3836 3508 3895 Eincndattone
3523 3836 3835 3909 teniporum.

2329 3950 2468 4004 Ante
2522 3960 2910 4021 aiitiosautem
2941 3952 3141 4019 aliquot
3191 3951 3389 4020 prodiit
3429 3953 3711 4021 Appendix
3754 3956 3828 4011 ad

2260 4021 2599 4090 Gregorium,
2630 4018 2781 4088 cujus
2808 4018 3313 4089 quidaiii’auctoreiii
3340 4018 3531 4079 dicunt
3558 4023 3829 4094 Fredega-

2261 4094 2419 4147 riuui.
2448 4094 2504 4143 lu
2529 4107 2590 4164 ea
2618 4096 2923 4158 Appendice
2946 4095 3110 4143 multa
3136 4095 3388 4161 praeclara
3412 4106 3558 4161 sunt,
3576 4110 3695 4164 qua:
3718 4112 3831 4152 non

2265 4173 2467 4216 temere
2495 4163 2619 4214 alibi
2649 4166 2906 4228 reperias.

2310 4253 2540 4307 Valesius
2562 4254 2614 4305 in
2636 4251 2958 4321 Defensioiiis
2979 4269 3082 4306 sua:
3109 4266 3253 4324 parte
3273 4257 3561 4323 posteriori,
3586 4273 3704 4329 cap.
3734 4259 3791 4313 8.

2338 4344 2464 4397 Mihi
2495 4342 2685 4407 crede,
2722 4345 2861 4412 quod
2906 4352 3018 4398 tuto
3044 4355 3098 4399 et
3125 4346 3256 4399 citra
3296 4348 3493 4401 erroris
3537 4350 3837 4416 periculum

2270 4414 2449 4468 facere
2470 4428 2639 4481 petes,
2672 4416 2777 4468 Res
2805 4425 2981 4483 gestas
3007 4417 3284 4470 amborum
3310 4414 3639 4473 Childeberti
3666 4422 3839 4475 mino-

2192 4474 2244 4534 D
2272 4474 2652 4571 pauperum,
2699 4474 2993 4571 Glilotliarii
3033 4487 3293 4571 junioris,
3344 4487 3629 4557 Dagoberti
3672 4500 3840 4571 atque

2272 4554 2567 4630 Chlodorei
2598 4559 2908 4623 posterioris
2941 4554 3106 4630 usque
3136 4560 3212 4630 ad
3242 4554 3486 4627 quartuin
3540 4563 3688 4630 regni
3725 4554 3846 4630 ejus

2274 4641 2468 4699 annum
2501 4627 2867 4699 igiiorarqiius
2893 4668 2906 4693 ,
2949 4628 2993 4680 si
3036 4630 3102 4681 ab
3134 4628 3452 4697 Fredegario
3481 4627 3694 4699 scripta:
3726 4627 3840 4686 non

2274 4698 2516 4771 inissent,
2544 4706 2636 4749 aut
2654 4697 2699 4751 si
2726 4697 3031 4765 Fredegarii
3051 4697 3647 4771 jacturanipiceissenn—is
3672 4720 3684 4753 :
3712 4719 3850 4771 quas

2275 4768 2364 4821 ille
2395 4783 2490 4841 pro
2509 4779 2669 4841 captu
2703 4779 3000 4841 temporum
3051 4785 3268 4841 suorum
3301 4768 3847 4841 diligentissime'ac-

2277 4838 2716 4912 curatissimeque
2734 4837 3036 4912 mandavit
3067 4840 3329 4894 litteris...
3376 4837 3485 4897 Nec
3526 4859 3851 4912 quemquam

2276 4922 2308 4981 e
2335 4908 2544 4981 nostris
2562 4907 2827 4981 historicis
2846 4909 3123 4981 fveteribus
3148 4913 3422 4978 reperias,
3455 4907 3557 4981 qui
3578 4929 3682 4967 IIOII
3706 4907 3853 4968 Fre-

2274 4976 2477 5058 degarii
2508 4978 2759 5033 Glironici
2803 4979 2993 5033 librum
3024 4995 3054 5032 v
3088 4983 3199 5035 lere
3222 4976 3313 5036 ad
3340 4976 3561 5039 verbum
3595 4989 3853 5041 transcri-

2276 5057 2464 5118 pserit.

2495 5139 2708 5196 Carolus
2739 5139 2969 5195 Coinlius
2998 5146 3065 5197 ad
3088 5161 3276 5198 annum
3306 5146 3428 5213 584,
3460 5164 3512 5203 n.
3545 5146 3638 5201 2L

2315 5304 2326 5315 .
2350 5234 2550 5313 Auctor
2569 5245 2648 5285 est
2678 5234 2935 5296 omnium,
2964 5252 3050 5303 qui
3080 5246 3195 5315 post
3222 5237 3538 5308 Gregorium
3573 5255 3660 5293 res
3685 5240 3827 5294 Fran

2281 5308 2422 5359 cicas
2452 5308 2802 5372 scripserunt,
2836 5308 3257 5373 antiquissimus.
