4024 6192
541 344 631 399 H7

1807 333 2124 390 ANNALES
2164 331 2476 388 FRANCICI

3690 328 3790 388 143

536 465 632 514 mit
685 469 860 515 tamen
901 457 1225 514 interneciva
1279 454 1571 508 certamina
1621 451 1821 507 cedens
1871 466 2101 520 vespero
2132 451 2182 509 Α
2211 447 2436 502 turbatis
2463 461 2590 514 ergo
2616 445 2892 520 ordinibus
2921 457 3074 500 etesse
3103 442 3360 520 legiones,
3411 441 3786 520 He_rac_li_o__.lo-

534 535 670 597 dies,
703 541 880 584 etc....
914 538 1032 599 post
1055 543 1171 597 quae
1215 525 1460 599 repetivit
1489 523 1688 599 Gallias
1727 523 2098 599 Richomeres,

538 606 607 654 ob
635 593 886 668 majorem
917 593 1215 667 praeliorum
1251 594 1514 668 fremitum
1540 596 1632 668 qui
1671 593 2101 668 exspectabatur,

539 671 664 726 inde
691 662 1007 725 adminicula
1030 669 1398 740 perducturus.
1418 664 1698 732 Aminiam,
1720 662 1860 718 Hist.
1885 664 1922 716 l.
1949 678 2101 729 xxiii,

539 757 654 795 can.
684 743 713 794 7
743 752 788 794 et
817 742 866 794 8.

601 761 654 811 ρ.
693 761 708 794 l
743 761 788 794 et
817 761 866 794 δ.

613 813 732 864 578.
766 812 1036 865 Gratianus
1065 826 1152 877 per
1182 805 1555 861 Mallobauden:
1593 821 1762 874 regem
1783 802 2106 858 Francorum

544 884 925 936 domesticorum
959 883 1189 948 comitem
1210 877 1500 931 Lentienses
1521 877 1692 929 vincit.

614 954 912 1006 Lentiensis
942 951 1314 1005 Alamannicus
1347 949 1642 1015 populus...
1692 961 1945 1014 pagorum
1993 959 2109 997 om-

543 1024 685 1076 nium
713 1024 918 1090 populis
952 1025 1000 1072 in
1031 1036 1189 1073 unum
1219 1019 1479 1090 collectis,
1502 1031 1623 1071 cum
1649 1017 1995 1090 quadraginta
2019 1030 2108 1090 ar-

549 1086 808 1145 matorum
836 1091 1062 1146 millibus
1092 1093 1170 1143 vel
1218 1089 1571 1156 septuaginta,
1603 1096 1661 1140 ut
1681 1086 1895 1154 quidam
1928 1087 2110 1139 laudes

544 1164 845 1216 extollendo
870 1163 1118 1229 principis
1147 1159 1477 1228 iactitarunt,
1507 1157 1774 1229 Slllllttlijn
1811 1157 2110 1229 superbiam

551 1244 726 1285 nostra
756 1226 1108 1286 eottlidentius
1133 1226 1434 1294 irruperunt
1453 1226 2108 1296 ;quibttsGratianus,etc.

550 1303 824 1355 Nannieno
853 1305 1115 1367 negotium
1147 1299 1292 1353 dedit
1317 1300 1527 1352 virtutis
1557 1297 1750 1350 sobria:
1774 1297 1893 1350 duci
1919 1315 1930 1349 :
1960 1299 2114 1364 eique

551 1373 928 1426 Mallobaudem
953 1372 1129 1442 junxit
1156 1371 1265 1437 pari
1299 1378 1556 1442 βοῐὲεῑθῑθ
1585 1367 1840 1442 conci?!“
1867 1369 2115 1442 ‘1""3959‘

551 1457 734 1495 eorum
777 1437 1021 1496 comitem
1054 1455 1336 1507 regemque
1379 1439 1722 1503 Francorum,
1755 1439 1921 1489 virum
1967 1437 2116 1490 belli-

549 1525 729 1564 cosum
773 1523 822 1565 et
854 1515 1062 1567 l'ortem.
1111 1511 1383 1565 Nannieno
1413 1510 1568 1576 igitur
1601 1517 1853 1576 pensante
1885 1508 2117 1560 fortuna—

555 1597 669 1634 tum
727 1581 1010 1636 versabiles
1059 1595 1236 1642 casus,
1301 1582 1527 1646 ideoque
1587 1578 1944 1631 cunctandum
1997 1593 2117 1633 esse

555 1662 834 1716 censente;
869 1652 1225 1706 Mallobaudes
1251 1651 1358 1703 alta
1390 1648 1652 1718 pugnandi
1685 1651 1974 1714 cupiditate
1997 1663 2119 1717 rap-

553 1731 710 1790 tatus,
737 1733 1174 1784 uti-onsneverat,
1207 1720 1283 1773 ire
1312 1721 1363 1774 in
1407 1722 1613 1774 hostem
1645 1718 1931 1790 didere-mli“
1953 1718 2117 1787 impa-

551 1787 1029 1862 tiensangebatur.-
1057 1790 1285 1846 Proinde
1321 1792 1570 1845 horrilico
1600 1790 1879 1842 adversum
1910 1787 2119 1855 fragore

556 1873 808 1927 terrente,
843 1864 1065 1930 primum
1119 1862 1255 1931 apud
1288 1865 1442 1930 Arge:
1468 1864 1653 1914 tariatn
1685 1862 1834 1926 signo
1866 1875 1959 1927 per
2001 1873 2119 1912 cor-

555 1933 758 1988 nicines
807 1935 930 1986 dato
963 1932 1206 1988 concurri
1251 1945 1332 1985 εει
1361 1943 1662 1999 coeptum...
1711 1946 1813 1984 non
1845 1931 2119 1998 plusquam

554 2004 786 2071 quinque
814 2003 972 2058 millia
1004 2014 1059 2056 ut
1088 2003 1450 2056 insumebatur
1475 2009 1777 2064 evaserunt,
1811 2011 1953 2064 etc.;
1987 2005 2123 2055 inter

553 2075 855 2131 eotnnlures
881 2076 1012 2128 alios
1042 2073 1270 2127 audaces
1300 2082 1351 2125 et
1379 2071 1544 2126 fortes
1582 2088 1703 2140 rego
1731 2086 1942 2139 quoque
1970 2072 2120 2126 Pria-

555 2144 636 2195 rio
681 2143 982 2211 interfecto,
1033 2144 1318 2198 exitialium
1351 2144 1618 2195 concitore
1665 2158 1982 2212 pugnarunt,
2014 2151 2116 2197 etc.

553 2214 851 2269 Conversus
885 2217 1006 2269 illuc
1049 2231 1168 2268 cuin
1217 2216 1450 2266 exercitu
1479 2215 1760 2266 Gratianus
1789 2216 1975 2266 eadem
2017 2228 2120 2281 qua

555 2293 707 2336 antea
735 2284 1040 2339 f0ttitudine
1069 2284 1284 2337 semitas
1310 2284 1564 2336 ducentes
1591 2285 1654 2335 ad
1689 2285 1852 2335 ardua
1879 2285 2121 2350 quierita-

559 2353 690 2404 bat:
736 2369 891 2420 quem
940 2355 1250 2408 Lentienses
1296 2354 1552 2404 intentum
1589 2353 1786 2420 jugulis
1817 2356 1925 2404 suis
1975 2353 2119 2406 omni

559 2425 928 2488 pt't'seVel‘andl
959 2428 1134 2478 studio
1159 2426 1601 2487 contemplantes,
1635 2433 1748 2487 post
1775 2422 2117 2486 deditionem,

557 2508 710 2558 quant
743 2494 1096 2560 impetravere
1137 2492 1358 2561 supplici
1385 2507 1560 2559 prece,
1606 2494 1782 2544 oblata
1813 2493 1893 2560 (ut
1922 2508 2120 2560 prince-

559 2574 700 2627 ptum
724 2571 826 2633 est)
852 2567 1128 2633 iuventute
1171 2564 1340 2618 valida
1372 2565 1566 2616 noSIris
1599 2562 1853 2633 tzrociniis
1897 2564 2123 2629 permis-

556 2633 743 2698 cenda,
777 2632 1128 2704 ad'geiiitales
1153 2646 1318 2690 terras
1343 2633 1541 2704 innoxii
1585 2633 1662 2687 ire
1689 2632 1932 2701 permissi
1977 2641 2117 2687 sunt.

559 2704 837 2769 Aminiam,
872 2703 1009 2759 Ilist.
1043 2708 1080 2760 l.
1108 2721 1252 2766 χχχι,
1277 2719 1323 2758 c.
1355 2703 1440 2758 10.

635 2773 820 2830 Valens
850 2780 911 2830 Α.
962 2776 1027 2830 In
1069 2794 1242 2848 pugna
1270 2791 1385 2827 cum
1424 2772 1626 2828 Gotthis
1669 2773 1808 2827 ciuus
1833 2791 1865 2827 a
1894 2775 2122 2831 barbaris

557 2855 624 2896 est
652 2857 876 2901 exustus.

628 2917 750 2970 57H.
782 2917 950 2972 Bnulo
979 2927 1026 2971 et
1044 2918 1340 2988 Arbagastes
1363 2913 1556 2988 Franci
1577 2915 1715 2988 missi
1741 2933 1772 2967 a
1791 2912 2040 2988 Gratiano
2056 2918 2119 2972 Α.

559 3001 671 3038 cum
691 2991 846 3055 copiis
858 2990 923 3041 ad
944 2985 1279 3044 Theodosium
1299 2990 1352 3041 in
1368 2985 1724 3040 Macedoniam
1745 2997 1791 3040 et
1805 2987 2122 3043 Thessaliam

559 3067 734 3109 contra
756 3060 1010 3112 barbaros.

631 3136 698 3180 At
742 3129 1040 3193 Gratianus,
1096 3130 1278 3183 harum
1335 3143 1514 3182 rerum
1559 3129 1746 3182 nuntio
1789 3144 1891 3182 non
1936 3145 2118 3196 parum

565 3199 914 3269 perturbatus,
947 3202 1076 3254 satis
1119 3214 1336 3269 magnas
1368 3199 1550 3263 cupias
1602 3197 1830 3268 ablegat,
1889 3201 2123 3255 Baudoni
2153 3201 2199 3264 (ζ

563 3268 680 3318 duci
713 3271 928 3323 traditas
955 3287 968 3322 :
999 3285 1118 3324 cum
1148 3268 1250 3338 quo
1279 3281 1332 3323 et
1378 3269 1724 3338 Arbogastem
1767 3271 1929 3323 misit.
1963 3273 2125 3326 Erant

563 3345 736 3390 autem
785 3339 940 3392 ambo
981 3341 1195 3393 natione
1226 3340 1442 3403 FRANCI,
1472 3338 1806 3392 amicissimis
1848 3345 1898 3392 in
1933 3341 2128 3397 Roma-

564 3421 660 3458 uos
689 3409 900 3474 animis,
943 3412 1009 3464 ab
1031 3411 1248 3464 avaritia
1299 3411 1556 3476 denisque
1595 3411 1869 3476 captandis
1913 3426 2128 3479 prorsus

561 3484 841 3543 immunes,
875 3482 926 3533 in
955 3481 1158 3535 bellicis
1201 3479 1361 3533 rebus
1399 3479 1679 3546 prudentia
1711 3484 1908 3546 pariter
1951 3497 2013 3536 ac
2043 3498 2130 3536 ro-

561 3550 690 3602 bore
718 3561 1046 3616 pratstantes.
1079 3553 1360 3619 Postquam
1397 3549 1448 3602 hi
1497 3564 1617 3602 cum
1659 3552 1897 3604 exercitu
1941 3552 1991 3604 in
2023 3553 2129 3606 Ma-

559 3619 835 3672 cedoniam
868 3619 1306 3689 Thessaliamque
1336 3619 1726 3689 pervenissent,
1759 3624 1846 3686 qui
1880 3637 1965 3676 res
2007 3624 2126 3679 istic

561 3690 788 3757 agebant
816 3691 1050 3761 Scythae,
1082 3701 1210 3752 etc.,
1251 3691 1316 3743 ad
1346 3693 1723 3760 imperatorem
1771 3691 2128 3748 Theodosium

564 3761 798 3826 mittunt,
831 3762 922 3831 qui
965 3772 1017 3818 et
1064 3761 1487 3816 benevolentiam
1514 3771 1567 3815 et
1614 3763 1942 3831 societatem,
1972 3775 2018 3818 et
2050 3766 2128 3819 fa-

563 3839 828 3902 cturosse
851 3830 1128 3902 quidquid
1174 3834 1509 3902 imperasset,
1543 3830 1941 3900 pollicerentur.
1975 3834 2126 3890 Zosi-

559 3918 687 3962 mus,
720 3900 859 3956 Hist.
889 3900 974 3957 lib.
1006 3900 1079 3958 tv.

632 3970 944 4043 Tlteodosius
970 3993 1000 4026 a
1031 3972 1280 4028 Gratiano
1312 3972 1375 4027 Α.
1406 3973 1464 4041 ﬁt
1491 3976 1768 4043 Augustas.

629 4041 754 4115 582.
789 4045 1025 4100 Priamus
1055 4054 1239 4115 regnat
1265 4044 1316 4098 in
1348 4041 1602 4099 Famula.
1631 4044 1874 4115 Prospcri
1920 4046 2126 4101 Chroni-

560 4129 673 4164 cum
694 4114 1046 4170 .Pitltazanam.

629 4181 752 4238 535.
807 4185 1136 4241 Merobaudes
1186 4184 1270 4238 11.
1314 4187 1630 4242 Saturninus
1687 4202 1815 4238 coss.
1869 4184 2128 4243 Maximus

558 4251 828 4319 imperium
884 4258 1099 4314 invadit.
1151 4257 1452 4310 Gratianum
1510 4255 1744 4326 Lugduni
1797 4257 1916 4310 dolo
1972 4259 2129 4313 inter-

559 4335 756 4397 ccp_turn
785 4344 875 4394 per
903 4329 1306 4397 Andragatltium
1333 4329 1508 4380 ducem
1535 4329 1738 4381 occidit.

629 4395 754 4448 584.
789 4395 1108 4452 Richomeres
1134 4396 1369 4450 Francus
1395 4397 1668 4452 Clearchus
1693 4413 1822 4451 coss.

628 4463 752 4520 585.
782 4467 1029 4521 Arcadius
1066 4470 1129 4521 Α.
1161 4469 1325 4520 Bauto
1357 4466 1589 4520 Francus
1620 4485 1749 4521 coss.

631 4535 762 4606 Cum
806 4553 903 4606 ego
933 4539 1281 4594 Mediolanum
1333 4547 1456 4604 ante
1511 4539 1803 4593 Bautonem
1848 4542 2120 4598 consulem

558 4603 815 4673 venerim,
844 4603 1000 4677 eique
1028 4609 1230 4662 consuli
1261 4603 1500 4661 kalendis
1544 4610 1805 4663 Januariis
1836 4613 2038 4666 laudem
2065 4614 2118 4668 in

559 4684 710 4728 tanto
756 4690 1019 4732 conventu
1069 4687 1461 4746 conspectuque
1507 4681 1800 4744 hominum,
1858 4698 1952 4746 pro
2001 4699 2120 4740 mea

560 4756 685 4800 tunc
718 4749 976 4822 rhetorica
997 4748 1743 4822 professionerecitavernm
1763 4751 1824 4805 S.
1855 4754 2120 4822 Augustin.

557 4825 736 4888 contra
766 4819 960 4872 litteras
992 4819 1319 4880 Prisciltiani,
1347 4820 1435 4871 lib.
1466 4835 1540 4887 nt,
1569 4836 1685 4888 cap.
1716 4821 1802 4873 50.

629 4887 752 4960 388.
784 4889 1012 4943 Maximo
1034 4891 1170 4956 apud
1191 4890 1470 4957 Aquileiam
1487 4894 1614 4943 victo
1635 4887 1686 4942 et
1716 4891 1902 4960 occiso,
1928 4895 2122 4952 Franci

557 4967 604 5011 et
635 4959 862 5014 Saxones
889 4962 973 5029 qui
1000 4962 1165 5014 navali
1190 4961 1382 5013 militia:
1404 4962 1617 5014 Maximi
1645 4965 1893 5018 merebant
1915 4970 2119 5023 victori-

560 5031 649 5082 bus
675 5047 728 5082 se
751 5033 1025 5085 sociarant.

631 5102 722 5155 lile
752 5102 1050 5172 (Maximus)
1077 5100 1232 5169 igitur
1251 5103 1426 5155 statim
1449 5116 1478 5155 a
1492 5101 1718 5158 Fachrs
1733 5113 1786 5160 et
1811 5121 1837 5158 a
1858 5107 2124 5169 Saxonum

558 5182 733 5244 gente,
763 5178 812 5226 in
839 5174 1040 5237 Sicilia,
1073 5174 1275 5238 Siscitc,
1314 5172 1616 5244 Petaviotte,
1645 5175 1835 5244 ubique
1866 5189 2125 5239 terrarum

560 5242 730 5312 victus
755 5254 856 5297 est.
888 5244 948 5298 S.
981 5244 1297 5309 Ambrosius,
1325 5243 1487 5312 Epist.
1515 5243 1582 5297 40
1611 5247 1678 5299 ad
1713 5242 1961 5303 Tlteodos.

563 5375 579 5389 η
643 5309 810 5390 Victor
833 5313 970 5390 ﬁlius
1002 5316 1213 5368 Maximi
1245 5309 1413 5370 Ctesar
1433 5317 1496 5368 ab
1515 5320 1792 5388 Arboyaste
1814 5322 2025 5390 imperio
2048 5324 2127 5380 de-

554 5386 712 5446 jectus
734 5395 779 5433 et
811 5389 1021 5439 occisus.

629 5447 979 5530 Genobaldus,
1028 5455 1390 5530 Marcomeres,
1445 5468 1491 5511 et
1524 5458 1703 5514 Sunno
1750 5461 2037 5530 irrumpunt
2071 5468 2122 5519 in

555 5513 772 5573 Gallias.
805 5513 1042 5603 Nannius
1076 5535 1120 5578 et
1151 5513 1421 5603 Quintinus
1451 5513 1682 5603 magistri
1702 5513 2121 5588 militumrcontra

555 5605 638 5641 eos
669 5599 941 5672 exercitum
981 5599 1194 5672 ducunt.
1228 5599 1503 5660 Quiutinus
1543 5600 1817 5654 Famem
1865 5603 2122 5672 ingressus

557 5675 789 5731 magnam
813 5665 1006 5717 cladem
1032 5668 1234 5731 accipit.

630 5730 705 5804 Eo
739 5741 977 5800 tempore
1013 5730 1341 5799 Genobaldo,
1393 5736 1739 5804 Marcomere,
1769 5753 1821 5795 et
1867 5743 2120 5801 Sunnone

555 5797 798 5864 ducibus.
833 5797 1029 5861 Fama
1053 5807 1106 5861 iu
1136 5797 1472 5862 Germaniam
1502 5797 1814 5878 prorupere,
1841 5797 1940 5870 etc.
1961 5832 1976 5880 ;
2001 5797 2116 5882 per:

2208 520 2540 576 viniauorum
2575 518 2807 580 tribuno,
2847 531 2910 569 ac
2950 529 3084 583 pene
3127 516 3372 568 omnibus
3398 514 3487 583 qui
3516 517 3784 570 militibus

2207 598 2490 660 praeerant,
2512 587 2816 660 exstinctis,
2862 585 3045 660 paucis
3077 583 3557 660 ,eli'ugiutu‘tutum
3592 600 3700 639 nox
3723 595 3785 660 et

2210 654 2428 718 latibula
2481 657 2735 710 silvarum
2806 654 3128 721 prmstiter'e.
3180 654 3435 720 Sulpitius
3488 656 3788 710 Alexander

2210 733 2300 786 lib.
2328 746 2384 782 ιιι
2420 727 2774 798 Ηίδιοιοηιεεῃε
2802 725 3261 798 ιοειιιηᾼὶιιιεθτιιιιι
3300 727 3438 795 apud
3475 723 3785 797 Gregorium

2208 804 2405 856 Turon.
2438 799 2525 851 lib.
2558 813 2616 850 ιιι
2638 793 2805 859 Hist;
2832 812 2946 863 cap.
2971 793 3024 858 8,
3048 793 3148 848 col.
3173 795 3262 849 57.

2279 872 2402 925 ὅθι).
2434 869 2621 922 Franci
2661 867 2861 920 Callias
2888 869 3154 934 infestant.
3192 867 3494 935 Arbogastes
3526 867 3788 921 Romanos

2212 946 2265 997 in
2295 958 2379 995 eos
2406 941 2612 994 excitat.
2661 937 3050 991 Valentinianus
3079 953 3183 1005 pax
3207 952 3322 989 cum
3347 937 3452 990 illis
3479 938 3595 989 init.

2285 1015 2360 1067 Eo
2385 1021 2623 1077 tempore
2651 1008 2921 1062 Charietto
2963 1016 3018 1061 et
3044 1006 3210 1078 Syrus
3241 1009 3295 1060 in
3330 1009 3498 1061 locum
3542 1007 3787 1078 lianneni

2213 1083 2479 1151 subrogati
2505 1081 2556 1132 in
2586 1080 2876 1151 Germania
2892 1093 3010 1151 cum
3030 1079 3268 1151 exercitu
3292 1078 3536 1151 opposito
3557 1077 3791 1151 Ριιιιιξεις

2215 1147 2640 1215 adversabantur,
2686 1159 2792 1204 etc.
2845 1149 3099 1211 Sulpitius
3127 1149 3426 1202 Alexander
3457 1149 3496 1202 l.
3541 1162 3594 1202 Iv
3645 1147 3788 1203 Hist.

2216 1226 2355 1294 apud
2383 1219 2914 1294 (ὲιξεξςιιιιιίιιιιιΑΤιιι-οη.Δ
2938 1218 3116 1294 libi",
3140 1219 3238 1271 col.

2287 1294 2409 1348 592.
2449 1291 2833 1344 Valentinianus
2881 1289 2944 1342 Α.
2985 1288 3196 1360 Vienna:
3236 1289 3450 1343 occisus.
3481 1289 3792 1360 Arbogastes

2222 1367 2499 1431 Eugenium
2529 1362 2595 1412 ad
2623 1362 2888 1424 imperium
2909 1359 3090 1412 evehit.

2292 1428 2420 1487 Dum
2448 1433 2655 1485 diversa
2686 1432 2736 1484 in
2766 1431 2983 1484 Oriente
3011 1445 3100 1498 per
3143 1428 3379 1484 Thracas
3403 1439 3688 1498 geruntur,
3736 1433 3789 1484 in

2221 1505 2389 1558 Gallia
2434 1513 2600 1556 status
2649 1503 2888 1572 publicus
2934 1500 3291 1572 perturbatur,
3342 1509 3394 1554 et
3418 1501 3606 1556 clauso
3645 1503 3787 1572 apud

2223 1577 2476 1628 Viennam
2507 1573 2684 1640 palatii
2730 1571 2932 1624 aedibus
2965 1571 3202 1640 principe
3234 1569 3627 1640 Valentiniano.
3676 1569 3786 1627 etc.

2223 1646 2478 1709 Sulpitius
2504 1638 2788 1696 Alexander
2807 1643 2957 1712 apud
2980 1638 3195 1712 Gregog
3227 1642 3264 1692 l.
3306 1657 3338 1694 ιι
3369 1639 3536 1708 Hist.,
3565 1642 3670 1696 col.
3703 1645 3791 1698 59.

2293 1717 2613 1784 Arbogastes
2632 1711 2877 1784 oriundus
2907 1727 2938 1766 e
2966 1711 3122 1784 gente
3150 1711 3688 1784 Fttsaoonuu,iquent
3710 1728 3796 1768 se-

2227 1781 2462 1840 cundum
2487 1800 2516 1836 a
2551 1785 2796 1836 Baudone
2825 1781 2959 1836 duce
2987 1783 3157 1836 locum
3189 1783 3472 1836 Gratianus
3500 1783 3794 1851 imperator

2227 1858 2470 1911 obtinere
2492 1855 2744 1923 iusserat,
2779 1854 2870 1906 illo
2900 1852 3058 1906 rebus
3099 1854 3344 1923 humanis
3372 1864 3644 1920 exempto,
3691 1853 3797 1910 fre-

2231 1937 2314 1982 tus
2345 1922 2599 1980 industria
2645 1938 2762 1993 sua,
2793 1923 2924 1976 citra
2970 1922 3224 1992 principis
3261 1923 3628 1977 auctoritatem
3683 1941 3798 1980 ma-

2229 1997 2502 2068 gisterium
2538 1994 2950 2068 milituinuinuse
3003 1995 3368 2068 transtulerat,
3421 2003 3524 2068 etc.
3555 1994 3794 2068 Tandem

2237 2064 2698 2124 Valentinianus...
2750 2064 2986 2134 libellum
3019 2065 3257 2133 porrigit,
3305 2078 3412 2134 quo
3437 2065 3486 2119 ei
3516 2067 3797 2134 magistra-

2227 2147 2336 2192 tnm
2366 2139 2672 2206 abrogabat.
2711 2135 2818 2189 Hoc
2865 2133 2956 2206 ille
3004 2135 3279 2201 perlecto:
3320 2133 3431 2206 Nec
3471 2133 3797 2206 poteétatem

2223 2213 2350 2263 mihi
2381 2203 2594 2270 dedisti,
2627 2207 2720 2267 ait,
2756 2220 2851 2258 nec
2880 2203 3089 2271 eripere
3137 2205 3356 2273 poteris.
3383 2204 3589 2272 Quibus
3621 2208 3798 2273 prola-

2227 2283 2316 2344 tis,
2348 2279 2721 2346 discerptoque
2749 2276 2956 2346 libello,
2986 2284 3041 2329 et
3065 2277 3114 2328 in
3147 2284 3342 2329 terram
3371 2277 3580 2344 abjecto
3621 2276 3801 2334 disce-

2227 2353 2325 2417 dit,
2359 2365 2464 2403 etc.
2495 2344 3228 2418 Quapmpter(Aruogastes)
3271 2347 3672 2414 imperatorem,
3707 2349 3798 2418 qui

2225 2415 2364 2488 apud
2411 2418 2661 2487 oppiduni
2716 2415 2910 2471 Gallia:
2970 2415 3225 2470 Viennam
3287 2415 3796 2488 commorabatur...

2223 2486 2441 2544 adortus
2475 2486 2736 2542 lethaliter
2763 2489 3009 2540 vulnerat
3035 2497 3088 2539 et
3134 2486 3405 2541 interﬁcit.
3437 2487 3571 2542 Cum
3609 2503 3801 2545 omnes

2226 2561 2372 2614 taciti
2398 2559 2598 2612 [acinus
2642 2558 2930 2611 admissum
2965 2557 3184 2621 lerrent,
3215 2557 3285 2610 ob
3313 2557 3407 2612 viri
3455 2557 3798 2628 dignitatem,

2224 2643 2276 2684 et
2308 2629 2671 2685 fortitudinem
2703 2629 2968 2695 bellicam,
3012 2641 3075 2699 ac
3113 2639 3390 2695 praeterea,
3439 2629 3580 2699 quod
3624 2630 3800 2684 homi-

2223 2716 2346 2755 nem
2371 2715 2558 2770 magna
2587 2699 2951 2754 benevolentia
2972 2698 3174 2771 milites
3203 2698 3684 2771 prosequerentur,
3706 2704 3800 2771 qui

2228 2769 2504 2838 pecuniam
2533 2779 2898 2825 contemneret
2922 2784 2937 2820 :
2968 2769 3264 2837 Eugenium
3293 2770 3671 2838 imperatorem
3697 2769 3797 2826 de—

2223 2843 2409 2904 clarat,
2441 2855 2544 2896 etc.
2577 2839 2808 2894 Zosimus
2837 2841 2876 2894 l.
2913 2855 2962 2892 tv
2993 2838 3200 2892 Hister.

2295 2915 2596 2981 Arbogastes
2621 2913 2806 2966 bellum
2837 2912 2991 2979 infert
3033 2906 3252 2964 Francis
3277 2919 3322 2963 et
3354 2921 3532 2981 postea
3569 2929 3688 2967 cum
3727 2916 3802 2970 eis

2224 3000 2399 3055 pacem
2430 2984 2574 3050 iacit.

2297 3056 2492 3109 Eodem
2520 3068 2661 3107 anno
2698 3054 3019 3123 Arltogastes
3059 3050 3365 3106 Sunnonem
3398 3063 3455 3108 et
3505 3054 3803 3111 Marcome-

2227 3141 2339 3180 rem
2393 3126 2704 3194 subregulus
2766 3124 3085 3177 Fameonuu
3135 3123 3618 3194 gentilibusiodiis
3655 3127 3800 3182 inse-

2231 3206 2417 3262 ctans,
2461 3193 2572 3250 etc.
2609 3194 2862 3265 Sulpitius
2901 3194 3197 3255 Alexander,
3223 3197 3362 3265 apud
3417 3193 3636 3266 Gregor.
3680 3198 3720 3253 ι.
3765 3214 3805 3254 tl

2233 3265 2399 3320 Ηὶθι..
2435 3266 2534 3320 col.
2579 3266 2666 3320 60.

2289 3269 2372 3320 ist.
2385 3306 2399 3328 ,
2435 3267 2534 3320 col.
2579 3267 2666 3320 60.

2302 3337 2404 3392 Per
2429 3337 2568 3390 idem
2599 3347 2804 3405 tempus
2823 3336 3359 3407 ‘Arbogastescomes
3403 3336 3657 3392 adversus
3678 3352 3804 3407 gen-

2232 3419 2336 3463 tem
2369 3422 2542 3469 suam,
2576 3407 2674 3461 hoc
2689 3419 2772 3460 e~t
2799 3405 3137 3468 Fasscdnuu,
3161 3405 3356 3479 bellum
3381 3411 3605 3475 paravit,
3638 3405 3805 3479 atque

2231 3480 2512 3548 pugnando
2560 3492 2666 3531 non
2715 3493 2931 3544 parvam
2983 3477 3582 3548 multitudinem‘manu
3623 3477 3801 3546 ludit;

2230 3545 2352 3602 cuin
2383 3549 2609 3602 residuis
2639 3563 2764 3603 vero
2795 3563 2976 3615 pacem
3011 3550 3262 3601 lirmavit.
3313 3545 3416 3601 Sed
3440 3563 3560 3602 cum
3595 3552 3646 3602 ιιι
3673 3545 3805 3604 con;

2229 3621 2368 3673 vivio
2397 3633 2427 3672 a
2457 3620 2669 3687 regibus
2695 3619 2869 3689 gentis
2887 3631 2999 3672 sure
3027 3619 3460 3687 interrogaretur,
3490 3628 3667 3672 utrum
3693 3626 3805 3674 sci-

2233 3703 2311 3743 ret
2342 3689 2702 3754 Ambrosium,
2733 3698 2787 3742 et
2819 3691 3195 3757 respondisset
3235 3703 3392 3742 nosse
3419 3703 3478 3744 se
3509 3691 3703 3752 virum.
3749 3703 3806 3747 et

2230 3759 2376 3830 diligi
2402 3763 2469 3815 ab
2496 3774 2581 3825 eo,
2605 3772 2764 3827 atque
2803 3756 3110 3827 frequenter
3130 3774 3248 3812 cum
3281 3761 3372 3812 illo
3413 3761 3686 3816 conviVari
3714 3779 3805 3817 so-

2229 3834 2401 3895 litum,
2425 3831 2623 3884 audivit
2665 3847 2680 3884 :
2713 3830 2836 3884 Ideo
2867 3833 3032 3884 vincis
3062 3843 3269 3895 omnes,
3293 3831 3414 3895 quia
3457 3832 3526 3885 ab
3564 3832 3656 3886 illo
3685 3834 3805 3890 viro

2232 3903 2496 3971 diligeris,
2523 3902 2611 3968 qui
2641 3901 2774 3956 dicit
2798 3900 2921 3966 soli,
2949 3911 3030 3955 sta
3057 3911 3108 3955 et
3139 3909 3266 3955 stat.
3311 3900 3564 3956 Paulinus
3595 3903 3650 3957 in
3680 3903 3805 3959 Vita

2231 3976 2269 4029 S
2281 4015 2292 4027 .
2318 3973 2588 4026 Ambrosii.

2301 4043 2422 4098 595.
2455 4042 2647 4097 Franci
2669 4043 2722 4096 in
2744 4042 2965 4096 exercitu
2994 4040 3237 4113 Eugenii.

2306 4115 2511 4168 Dehinc
2555 4113 2820 4184 Eugenius
2852 4125 3129 4182 tyrannus.
3153 4122 3400 4184 suscepto
3423 4114 3802 4182 expeditionali

2231 4185 2979 4257 procinctthhenilimitem
3026 4185 3175 4252 petit,
3219 4194 3277 4257 ut
3307 4201 3427 4239 cum
3473 4188 3801 4242 Alamanno-

2233 4253 2349 4310 i-um
2365 4265 2419 4310 et
2440 4254 2762 4309 Fusaconuu
2785 4257 2997 4324 regibus
3020 4253 3544 4310 vetustislmderibus
3563 4271 3628 4310 ex
3651 4273 3806 4314 mora

2234 4329 2401 4392 initis,
2442 4326 2762 4379 immensum
2792 4341 2853 4379 ea
2885 4335 3201 4394 tempestate
3232 4328 3523 4381 exercitum
3551 4328 3806 4396 gentibus

2231 4398 2357 4453 feris
2387 4405 2714 4469 ostentaret.
2745 4395 2999 4469 Salpitius
3020 4397 3310 4451 Alexander
3337 4397 3477 4467 apud
3509 4395 3661 4469 (ὗες.
3697 4399 3807 4454 Tu-

2229 4485 2345 4522 ron.
2377 4468 2415 4521 ι.
2447 4481 2485 4519 ιι
2511 4465 2678 4531 Hist.,
2706 4469 2805 4520 col.
2835 4467 2923 4521 60.

2300 4538 2424 4596 594.
2466 4537 2780 4591 Theodosius
2809 4537 2893 4610 A._
2917 4536 3198 4610 Eugenium
3224 4540 3378 4593 vincit
3403 4548 3451 4594 et
3469 4540 3675 4595 occidit.
3709 4543 3808 4594 Ar-

2228 4609 2456 4677 bogastes
2483 4613 2705 4677 seipsum
2727 4608 2983 4676 interﬁcit.

2342 4680 2542 4735 otentia
2574 4679 2688 4743 Dei,
2721 4695 2824 4732 non
2871 4679 3059 4732 tiducia
3091 4678 3345 4745 hominis,
3375 4682 3631 4737 victorem
3655 4696 3804 4738 sem-

2229 4767 2326 4822 per
2343 4751 2584 4824 extitisse
2603 4750 2975 4815 Theodosium,
3001 4751 3322 4818 Arbogastes
3347 4751 3448 4806 iste
3479 4756 3806 4824 praecipuum

2229 4821 2282 4876 in
2307 4830 2528 4890 utroque
2555 4821 2933 4873 documentum
2955 4830 3062 4873 est:
3091 4824 3506 4890 qui...collectis
3529 4821 3806 4879 Gallorum

2232 4891 2890 4964 Fnsaconuuqueviribus
2915 4892 3226 4958 exundavit,
3270 4895 3424 4947 nixus
3462 4899 3622 4949 etiam
3667 4911 3808 4964 pra:-

2230 4966 2385 5033 cipuo
2411 4963 2556 5016 cultu
2587 4961 2870 5033 idolorum,
2901 4977 3092 5031 magna
3121 4970 3298 5016 tamen
3341 4965 3593 5021 facilitate
3615 4961 3808 5020 succu-

2235 5032 2368 5090 buit.
2414 5032 2681 5102 Eugenius
2739 5043 2898 5101 atque
2940 5037 3261 5102 Arbogastes
3315 5035 3599 5090 instructas
3656 5039 3805 5093 acies

2232 5104 2434 5172 Campis
2458 5101 2821 5168 expedierant,
2846 5113 2952 5158 etc.
2975 5107 3045 5158 At
3068 5101 3193 5158 vero
3221 5105 3557 5161 Theodosius
3579 5109 3630 5161 in
3655 5123 3808 5162 sum-

2231 5178 2335 5231 mis
2363 5174 2589 5243 Alpibus
2615 5178 2954 5239 constitutus,
3004 5188 3198 5243 expers
3252 5175 3358 5228 cibi
3413 5191 3476 5230 ac
3527 5181 3802 5235 somni....

2232 5261 2459 5316 corpore
2481 5245 2628 5300 humi
2660 5243 2831 5310 lusus,
2862 5255 3038 5299 mente
3065 5246 3203 5298 ctelo
3244 5246 3400 5310 ﬁsus,
3440 5248 3651 5303 orabat.
3700 5249 3808 5306 De-

2231 5317 2356 5372 hinc
2382 5329 2660 5386 postquam
2704 5316 2998 5370 insomnem
3042 5326 3251 5370 noctem
3277 5330 3492 5384 precum
3518 5320 3807 5374 continua-

2234 5389 2376 5442 tione
2405 5388 2678 5456 transegit,
2707 5395 2837 5450 etc.,
2869 5400 3014 5439 arma
3044 5388 3298 5454 corripuit
3324 5389 3472 5442 solus
3499 5406 3512 5441 :
3541 5392 3720 5445 sciens
3743 5408 3806 5448 se

2226 5474 2346 5513 esse
2370 5475 2475 5512 non
2503 5461 2672 5512 solum
2701 5460 2852 5526 signo
2891 5457 3064 5510 crucis
3095 5459 3372 5523 tuendum,
3420 5459 3516 5513 sed
3559 5471 3614 5516 et
3645 5473 3806 5517 victo-

2227 5530 2361 5600 riam
2393 5539 2728 5598 adepturum,
2760 5530 2912 5596 signo
2947 5527 3122 5582 crucis
3165 5541 3225 5600 se
3274 5528 3540 5594 muniens,
3583 5531 3800 5600 signum

2231 5599 2472 5674 victoriae
2500 5597 2656 5674 dedit
2686 5603 2772 5667 (ac
2804 5601 2956 5665 signo
2977 5600 3149 5674 crucis
3171 5597 3380 5668 signum
3402 5603 3584 5666 praelia
3604 5597 3802 5674 dedit),

2225 5685 2288 5723 ac
2331 5685 2390 5722 se
2438 5671 2488 5722 in
2535 5669 2753 5732 bellum,
2804 5669 3013 5723 etiamsi
3060 5682 3215 5722 nemo
3253 5682 3593 5738 sequeretur,
3626 5669 3804 5729 victor

2226 5739 2434 5792 futurus
2456 5739 2694 5805 immisit,
2716 5749 2822 5794 etc.
2853 5737 3120 5807 Eugenius
3143 5749 3328 5804 captus
3349 5746 3511 5806 atque
3541 5742 3802 5800 interfec-

2226 5821 2309 5864 tus
2329 5819 2429 5865 est.
2479 5812 2799 5880 Arbogastcs
2829 5823 2922 5864 sua
2945 5824 3004 5864 se
3045 5823 3202 5864 manu
3235 5811 3483 5878 perculit.
3512 5812 3586 5867 lta
3628 5825 3682 5867 et
3708 5814 3794 5870 Ine
