4024 6192
208 168 3446 212 ῤ-ΨΨ-ᾉῌμ-Ξ-έ-ᾟ*

391 384 532 610 s.
640 377 1336 615 ttttttttttt
1427 370 2329 610 illiillill’l‘ll
2434 267 3258 605 utuntur

691 761 1617 919 EPISCOPI
1709 763 2958 916 TURONENSIS

507 1061 1150 1174 HISTOBIZE
1227 1060 2257 1172 ECCLESIASTICAZ
2330 1057 3127 1166 FRANCOBUM

1188 1307 1698 1422 LIBRI
1799 1305 2461 1420 DECEM-

1066 1542 2573 1597 ψ

1205 1698 1691 1813 LIBER
1761 1694 2184 1808 PRIM
2203 1697 2425 1821 US.

1582 2070 2041 2184 protegas.

255 2317 305 2389 5
331 2317 640 2386 Scripturus
672 2314 823 2371 bella
867 2329 1048 2383 regum
1072 2327 1194 2367 eum
1221 2313 1470 2383 gentibus
1513 2309 1774 2379 adversis,
1803 2315 1856 2375 Α
1880 2311 1982 2367 dus
2010 2311 2319 2381 redemptus
2369 2317 2481 2376 est;
2523 2318 2576 2365 et
2632 2309 3039 2378 humanitatem,
3072 2326 3174 2366 non
3199 2312 3450 2368 deitatem

202 2419 466 2481 martyrum
495 2424 622 2464 cum
655 2407 914 2478 paganis,
944 2406 1306 2460 Ecclesiarum
1331 2419 1452 2459 cum
1483 2402 1774 2471 haereticis,

213 2502 338 2567 prius
361 2501 512 2556 fidem
541 2513 726 2555 meam
758 2497 1001 2566 proferre
1031 2495 1222 2564 cupio,
1251 2503 1311 2550 ut
1338 2494 1429 2565 qui
1454 2493 1662 2562 legerit,
1691 2507 1779 2548 me

219 2609 305 2646 non
324 2593 520 2649 dubitet
543 2607 672 2648 esse
701 2589 1052 2647 catholicum.
1082 2588 1216 2643 Illud
1243 2588 1402 2642 etiam
1429 2585 1626 2656 placuit
1656 2599 1781 2655 pro-

222 2693 320 2750 pter
343 2699 428 2739 eos
447 2729 463 2752 ,
491 2684 585 2753 qui
617 2682 1084 2753 appropinquante
1113 2679 1297 2734 mundi
1324 2679 1428 2734 fine
1467 2678 1774 2746 desperant,

223 2785 269 2826 ut
292 2775 497 2828 collecta
527 2790 625 2844 per
651 2773 939 2828 cbronicas
967 2780 994 2808 ει
1036 2770 1118 2824 vel
1152 2785 1245 2838 per
1274 2768 1522 2824 historias
1546 2771 1779 2824 anterio-

225 2879 321 2917 rum
349 2881 604 2920 annorum
635 2863 666 2903 ιδ
691 2878 905 2918 summa
929 2901 947 2928 ,
988 2862 1300 2929 explanetur
1340 2870 1522 2931 aperte
1558 2869 1688 2930 quot
1712 2859 1780 2914 ab

224 2958 418 3011 exordio
445 2956 628 3010 mundi
659 2958 768 3010 sint
782 2956 932 3009 anui.
955 2953 1058 3008 Sed
1086 2954 1232 3021 prius
1264 2953 1472 3008 veniam
1500 2967 1530 3006 a
1560 2954 1782 3023 legenti-

223 3047 306 3099 bus
329 3062 531 3115 precor,
561 3048 608 3102 si
634 3057 726 3100 aut
756 3048 806 3098 in
831 3045 1045 3110 litteris,
1077 3054 1167 3097 aut
1200 3046 1250 3097 itt
1275 3043 1494 3113 syllabis
1520 3057 1780 3113 gramma-

223 3137 362 3193 ticam
389 3149 555 3194 artem
598 3151 904 3202 excessero,
951 3135 1019 3189 de
1072 3150 1173 3204 qua
1222 3134 1448 3202 adpleue
1477 3144 1499 3172 ο
1525 3148 1628 3187 non
1661 3147 1780 3189 sum

222 3229 452 3284 imbutus.
480 3230 614 3283 illud
648 3237 854 3282 tantum
885 3225 1126 3290 studens,
1179 3233 1238 3278 ιιι
1276 3225 1415 3294 quod
1454 3226 1504 3277 in
1539 3223 1780 3278 Ecclesia

219 3322 344 3376 credi
377 3320 718 3388 praedicatur,
753 3319 872 3372 sine
898 3317 1076 3383 aliquo
1103 3314 1225 3369 fuco
1266 3324 1356 3367 aut
1393 3313 1572 3368 cordis
1622 3311 1780 3367 bassi.

221 3415 400 3467 latione
428 3415 689 3468 retineam
717 3429 732 3464 :
762 3410 884 3478 quia
916 3409 1030 3464 scio
1070 3409 1314 3476 peccatis
1346 3406 1656 3470 obnoxium,
1689 3420 1782 3473 per

219 3506 569 3560 credulitatem
617 3519 804 3573 puram
860 3502 1105 3558 obtinere
1165 3514 1322 3572 posse
1379 3499 1588 3555 veniam
1642 3497 1782 3568 apud

220 3611 439 3653 nostrum
471 3600 615 3668 pium
650 3595 934 3650 Dominum
964 3591 1014 3647 ἀ.

1881 2401 2210 2470 subjacuisse
2234 2401 2464 2470 passioui
2492 2402 2674 2456 credo.
2702 2402 2876 2455 Credo
2902 2418 3022 2456 eum
3066 2402 3154 2458 die
3193 2403 3344 2457 tertia
3372 2417 3454 2457 re-

1879 2493 2200 2556 surrexisse,
2226 2491 2494 2547 hominem
2523 2492 2783 2559 perditum
2811 2494 3070 2549 liberasse
3088 2534 3104 2559 ,
3152 2494 3456 2549 ascendisse

1880 2585 1936 2640 in
1962 2585 2148 2650 ctelos,
2174 2584 2363 2639 sedere
2389 2584 2458 2638 ad
2502 2584 2774 2638 dexteram
2825 2585 3016 2652 Patris,
3061 2593 3341 2640 venturum
3391 2601 3456 2641 ac

1876 2681 2236 2750 iudicaturum
2268 2681 2416 2734 vivos
2453 2688 2508 2734 et
2536 2691 2794 2734 mortuos.
2843 2679 3020 2735 Credo
3063 2690 3306 2735 sanctum
3335 2681 3454 2750 Spi-

1882 2772 2041 2826 ritum
2089 2786 2119 2824 a
2167 2769 2326 2825 Patre
2367 2779 2422 2824 et
2450 2769 2585 2824 Filio
2620 2767 2638 2807 ί
2675 2771 3022 2840 processisse,
3077 2786 3180 2825 non
3213 2772 3262 2841 7
3289 2771 3457 2825 mino-

1880 2877 2020 2927 rem,
2051 2872 2105 2915 et
2127 2861 2276 2929 quasi
2305 2871 2428 2915 ante
2452 2876 2555 2915 non
2586 2870 2752 2928 esset,
2778 2861 2871 2915 sed
2900 2861 3178 2929 aequalem,
3220 2872 3274 2917 et
3315 2877 3457 2916 sem-

1882 2966 1979 3021 per
2016 2967 2136 3006 cum
2168 2952 2326 3007 Patre
2356 2961 2410 3006 et
2460 2951 2596 3006 Filio
2639 2962 2959 3008 coaeternum
3004 2953 3194 3019 Deum,
3226 2955 3457 3009 consub-

1884 3044 2185 3098 SIatttialem
2221 3052 2433 3109 natura,
2463 3044 2718 3113 aequalem
2762 3047 3172 3114 omnipotentis,
3205 3062 3455 3102 consem-

1885 3135 2151 3203 piteruutn
2180 3133 2435 3200 essentia,
2460 3143 2517 3187 ut
2539 3150 2804 3205 nunquam
2834 3135 2950 3189 siue
2997 3136 3154 3192 Patre
3177 3137 3340 3193 fuisse
3372 3142 3459 3194 vel

1882 3225 2041 3291 Filio,
2086 3239 2256 3295 neque
2295 3226 2556 3280 minorem
2613 3225 2769 3281 Patre
2816 3228 2897 3281 vel
2944 3225 3099 3283 Filio.
3123 3229 3296 3283 Credo
3324 3229 3460 3285 hanc

1883 3316 2198 3373 Trinitatem
2221 3327 2461 3372 sanctam
2492 3319 2544 3374 in
2573 3317 2914 3374 distinctione
2958 3319 3249 3376 subsistere
3276 3337 3461 3389 persto-

1883 3425 2104 3476 narum;
2129 3420 2184 3466 ct
2209 3411 2366 3465 aliam
2397 3411 2610 3480 quidem
2641 3426 2919 3476 personam
2952 3411 3161 3480 Patris,
3190 3415 3348 3466 aliam
3376 3414 3462 3467 Fi-

1885 3502 1963 3566 lii,
1991 3501 2150 3557 aliatu
2175 3501 2404 3571 Spiritus
2431 3501 2618 3555 sancti.
2642 3499 2700 3555 lu
2728 3519 2829 3571 qua
2859 3502 3118 3558 Trinitate
3162 3518 3318 3557 unam
3349 3505 3462 3559 dei-

1887 3601 2072 3662 tatem,
2106 3609 2265 3647 unam
2298 3595 2608 3660 potentiam,
2637 3608 2796 3647 unam
2847 3597 3131 3650 essentiam
3179 3610 3300 3650 esse
3336 3610 3463 3650 con-

277 3688 516 3760 6Credo
562 3702 694 3757 ergo
739 3689 792 3741 in
849 3686 1016 3740 Deum
1073 3684 1286 3740 Patrem
1334 3684 1777 3752 omnipotentem.
1810 3685 1857 3745 Β
1885 3686 2066 3741 fiteor.
2115 3685 2288 3741 Credo
2316 3695 2342 3734 κ
2371 3687 2576 3742 beatam
2625 3687 2864 3753 Mariam,
2921 3698 2978 3743 ut
3023 3689 3283 3758 virginem
3335 3700 3464 3744 ante

217 3779 371 3836 Credo
397 3783 451 3836 in
481 3780 661 3835 Jesum
684 3778 952 3832 Christum
985 3776 1148 3830 filium
1183 3775 1300 3844 ejus
1327 3775 1561 3839 unicum,
1593 3775 1779 3830 Domi—

219 3890 329 3927 num
378 3874 545 3928 Deum
606 3879 866 3936 nostrum,
917 3877 1098 3922 natum
1134 3883 1162 3920 a
1195 3868 1371 3932 Patre,
1404 3883 1508 3922 non
1551 3868 1776 3935 factum;

219 3985 311 4022 non
339 3978 457 4036 post
487 3975 760 4034 tempora,
799 3963 893 4018 sed
933 3971 1056 4019 ante
1087 3971 1338 4016 cunctum
1385 3971 1614 4030 tempus,
1640 3976 1783 4016 sem-

216 4075 300 4128 per
327 4059 488 4112 fuisse
514 4072 636 4110 cum
669 4055 846 4109 Patre.
867 4051 980 4108 Nec
1020 4053 1164 4107 enim
1202 4051 1360 4108 Pater
1386 4051 1492 4107 dici
1517 4063 1779 4121 potuerat,

214 4153 305 4206 nisi
335 4151 554 4205 haberet
593 4148 816 4212 Filium;
863 4162 1037 4216 neque
1082 4145 1246 4200 Filius
1292 4153 1458 4211 esset,
1496 4147 1541 4199 si
1569 4146 1779 4201 Patrem

216 4244 385 4310 utique
426 4257 534 4294 non
591 4239 831 4293 haberet.
886 4237 1006 4291 lllos
1051 4250 1181 4290 vero
1221 4236 1312 4305 qui
1362 4237 1564 4302 dicunt,
1601 4247 1624 4274 ο
1656 4237 1783 4291 Erat

217 4336 416 4401 quando
452 4349 556 4385 non
586 4341 724 4394 erat,
758 4329 1163 4384 exsecrabiliter
1185 4343 1374 4395 renuo,
1401 4337 1459 4384 et
1501 4330 1570 4385 ab
1599 4328 1782 4384 Eccle-

219 4425 287 4477 sia
315 4422 579 4493 segregari
621 4429 914 4474 contestor.
955 4419 1132 4474 Credo
1181 4418 1449 4474 Christum
1481 4419 1620 4474 hunc
1653 4419 1785 4474 Ver-

221 4516 329 4570 bum
359 4531 479 4571 esse
507 4514 699 4578 Patris,
733 4528 827 4580 per
865 4527 1022 4580 quem
1071 4511 1208 4568 facta
1253 4521 1378 4567 sunt
1400 4513 1597 4567 omnia.
1633 4515 1784 4569 liuuc

223 4605 434 4662 Verbum
463 4619 678 4661 carnem
706 4601 904 4659 factum
943 4601 1126 4670 credo,
1166 4603 1322 4674 cujus
1361 4605 1608 4674 passione
1629 4621 1782 4659 mun-

1886 3787 2116 3847 partum,
2150 3780 2219 3832 ita
2248 3779 2502 3846 virginem
2525 3789 2580 3836 et
2619 3791 2736 3849 post
2771 3789 2996 3848 partum.
3032 3781 3206 3836 Credo
3231 3783 3461 3836 animam

1887 3869 2264 3936 immortalem,
2309 3885 2407 3924 nec
2437 3881 2612 3924 tamen
2642 3883 2844 3938 partem
2879 3871 3072 3926 habere
3119 3871 3354 3925 deitatis.
3392 3873 3462 3927 Et

1886 3961 2064 4014 omnia
2087 3975 2204 4028 qua:
2226 3976 2254 4014 a
2278 3962 2528 4017 trecentis
2553 3962 2738 4016 decem
2760 3971 2815 4016 et
2836 3973 2957 4016 octo
2987 3964 3251 4031 episcopis
3268 3963 3462 4019 Nicaeae

1886 4052 2172 4108 constituta
2213 4063 2356 4114 sunt.
2388 4053 2549 4108 credo
2595 4053 2848 4109 fideliter.
2879 4054 2958 4109 De
2988 4056 3091 4109 line
3119 4069 3249 4109 vero
3280 4055 3462 4108 mundi

1888 4158 1952 4199 ea
1978 4146 2152 4199 sentio
2181 4161 2298 4215 quae
2331 4162 2360 4199 a
2385 4146 2646 4214 prioribus
2673 4146 2856 4200 didici.
2900 4147 3258 4201 Anticltristus
3277 4145 3307 4184 ἰ
3333 4162 3463 4202 vero

1886 4235 2114 4305 primum
2144 4238 2605 4294 circutncisionem
2661 4239 2898 4305 iuducet,
2953 4255 3010 4295 se
3047 4254 3290 4295 asserens
3308 4240 3463 4294 Chri-

1884 4341 2024 4386 stum
2056 4349 2070 4385 :
2097 4333 2291 4389 deinde
2321 4335 2372 4388 in
2405 4335 2602 4404 templo
2631 4335 3013 4407 Hierosolymis
3041 4347 3271 4391 statuam
3312 4353 3462 4392 suam

1886 4423 2170 4478 col-locabit
2193 4426 2540 4491 adorandam,
2571 4427 2709 4482 sicut
2739 4427 2755 4465 ί
2791 4428 3072 4483 Dominum
3096 4428 3298 4484 dixisse
3327 4429 3464 4499 legi-

1887 4534 2008 4574 mus
2031 4538 2043 4572 :
2088 4520 2329 4575 Videbitis
2352 4521 2776 4576 abominationem
2810 4525 3142 4577 desolationis
3165 4533 3382 4577 stantem
3409 4526 3463 4577 in

1887 4609 1998 4665 loco
2025 4623 2198 4667 sancto
2233 4611 2443 4684 (Matth.
2477 4629 2625 4680 utv,
2652 4613 2761 4683 15).
2792 4615 2896 4670 Sed
2922 4615 3062 4672 diem
3102 4616 3244 4670 illam
3300 4617 3464 4670 omni-

286 4783 306 4805 ἰ
327 4771 410 4824 Sic
437 4770 560 4824 Bec.
590 4777 645 4823 et
683 4767 840 4835 Beg.;
866 4763 1276 4838 alii,rchronica.
1304 4761 1463 4819 Certe
1499 4763 1632 4820 infra
1663 4779 1781 4820 om-
1810 4769 1855 4830 C
1889 4776 2046 4833 runt,
2096 4783 2215 4822 cum
2258 4768 2482 4834 primum
2537 4769 2780 4838 symbolo
2849 4767 3458 4835 Constantinopolitano,

226 4856 306 4894 nes
329 4842 540 4903 habent,
567 4839 818 4892 chronica:
850 4837 1072 4889 Eusebii.

284 4911 308 4948 ⁵
338 4912 388 4964 1η
417 4910 536 4963 cod.
565 4910 722 4963 Corb.
747 4909 893 4961 deeSt
926 4921 1198 4959 annorum.

287 4991 306 5018 ε
329 4982 457 5034 Cod.
484 4982 641 5052 Reg.,
675 4980 738 5032 de
757 4995 858 5045 qua
881 4978 1045 5044 plene.
1069 4976 1270 5039 Casin.,
1293 4977 1524 5046 adprime
1552 4993 1653 5032 non
1669 4994 1783 5033 sum

225 5053 494 5105 instructus.

284 5121 307 5160 ά
334 5123 457 5176 Mss.
485 5133 539 5176 et
564 5122 768 5189 aliquot
789 5117 939 5181 editi,
964 5117 1104 5182 apud
1123 5116 1308 5171 Deum.

292 5203 311 5232 ⁸
341 5193 450 5248 Hoc
477 5188 737 5246 advenins
785 5189 1014 5244 Ariauos
1061 5189 1306 5258 symbolo
1335 5204 1433 5243 suo
1459 5188 1783 5245 addiderunt

229 5263 390 5318 Patres
417 5262 613 5316 Nicaeui
642 5279 656 5314 :
687 5260 850 5325 unde,
880 5262 932 5314 tti
962 5258 1135 5320 fallor,
1167 5271 1284 5328 post
1309 5261 1422 5314 haec
1445 5261 1624 5326 verba,
1651 5260 1781 5314 Erat

226 5337 404 5400 quando
427 5351 528 5388 non
551 5342 676 5391 erat.
708 5331 1008 5400 addendum
1034 5339 1139 5393 est,
1170 5341 1263 5384 etc.

289 5405 306 5444 ί
340 5407 480 5459 lianc
512 5403 830 5471 particulam
863 5399 1103 5468 Filioque
1131 5402 1326 5455 habent
1349 5415 1539 5456 omnes
1567 5402 1695 5456 editi
1726 5412 1784 5455 et

232 5492 338 5530 mss.
367 5492 484 5531 cum
517 5475 703 5529 codice
725 5472 1057 5527 Corbeiensi.
1091 5472 1153 5525 Et
1181 5473 1392 5537 quidem
1413 5473 1520 5538 jam
1562 5490 1590 5523 a
1613 5487 1782 5526 δείξου-

232 5545 275 5597 lo
299 5563 322 5600 ν
347 5557 398 5601 et
418 5563 493 5612 vt,
527 5549 579 5600 in
611 5545 737 5599 fidei
767 5542 1189 5613 professionibus
1213 5543 1402 5608 legitur
1430 5543 1480 5595 in
1517 5542 1782 5611 llispanizn

232 5629 434 5682 synoats.
477 5623 795 5688 Quanquam
840 5613 1036 5670 sacculo
1080 5629 1131 5668 ix
1181 5622 1349 5670 turba:
1395 5613 1636 5669 excitata:
1668 5614 1755 5669 l'ue

1887 4840 2026 4918 quod
2072 4839 2211 4893 inter
2256 4839 2532 4893 Missurum
2583 4839 2840 4894 solemnia
2889 4842 3232 4903 eautabatur,
3280 4841 3455 4893 addita

1885 4908 2136 5048 [ungulae
2165 4994 2332 5048 usque
2353 4979 2418 5034 ad
2449 4994 2570 5046 cap.
2601 4981 2624 5033 f
2657 4980 2847 5035 desunt
2882 4979 2934 5033 in
2964 4980 3086 5034 cod.
3117 4977 3304 5045 llegio.

1962 5046 1988 5086 h
2022 5049 2152 5103 Cod.
2176 5046 2379 5112 Casiu.,
2419 5052 2574 5103 didici
2599 5051 2957 5104 anticltristum
2979 5052 3119 5116 prius
3159 5064 3266 5099 esse
3293 5059 3465 5102 ventu-

1889 5135 2025 5183 rum,
2055 5121 2142 5188 qui
2167 5135 2217 5172 se
2245 5137 2491 5186 asserens,
2519 5134 2624 5176 etc.
2650 5121 2704 5173 lu
2745 5121 2906 5176 Corb.
2943 5128 3058 5186 post
3087 5126 3348 5171 venturum
3379 5137 3464 5170 su-
3565 5115 3586 5135 '“

1892 5193 2099 5244 milinea
2130 5190 2320 5244 detrita
2340 5201 2443 5256 est,
2462 5203 2740 5261 postquam
2767 5190 2856 5243 sed
2876 5191 3093 5260 primum
3125 5191 3465 5244 circumcisio-

1887 5278 2017 5314 nem.

1968 5333 1982 5369 ί
2023 5332 2171 5385 llunc
2197 5332 2368 5384 locum
2400 5329 2467 5383 de
2493 5330 2803 5385 antichristo
2845 5331 2982 5383 inter
3021 5329 3155 5384 alios
3187 5330 3464 5386 intellexe-

1889 5413 2012 5456 runt
2059 5405 2166 5454 duo
2213 5401 2502 5454 Gallicana:
2552 5402 2806 5456 Ecclesiae
2857 5401 3200 5455 illustrissimi
3263 5414 3463 5472 patres,

1889 5473 2117 5527 lreuzeus
2145 5472 2244 5525 sub
2276 5473 2431 5524 linem
2453 5473 2570 5527 libri
2603 5488 2653 5539 v,
2706 5483 2759 5530 et
2790 5472 3018 5529 Hilarius
3046 5473 3098 5528 iu
3126 5475 3464 5532 Commenta-

1890 5545 1981 5600 riis
2013 5546 2064 5596 in
2093 5542 2277 5598 Matth.
2306 5557 2423 5613 cap.
2455 5543 2541 5599 Ξῖ».
