4024 6192
612 192 713 248 1(ἴό

1535 266 1555 286 .
1600 200 1657 255 S.
1697 199 2019 255 GllEGORll
2056 196 2359 253 EPISCOPI
2396 195 2813 253 TUBONENSIS

3730 195 3750 245 1
3760 196 3825 248 64

607 304 704 357 bus
743 303 1045 361 hominibus
1110 306 1367 374 ignorari,
1400 309 1515 380 ipse
1561 310 1813 368 Dominus
1857 309 2326 370 manifestatAab
2372 310 2605 378 angelica
2669 309 2833 374 sede,
2896 306 3078 361 mundi
3132 304 3401 361 laboribus
3477 313 3821 375 ocpulantttr.

605 395 789 450 dicens
812 411 828 449 :
859 392 936 450 De
962 397 1045 451 die
1067 410 1233 452 autem
1251 399 1343 453 illa
1369 410 1415 454 et
1442 401 1569 455 hora
1594 420 1737 457 nemo
1761 404 1873 469 scit,
1898 419 2055 472 neque
2075 419 2167 455 an-

609 488 704 559 geli
724 484 981 551 calorum,
1006 504 1161 559 neque
1180 488 1228 541 F
1230 490 1367 555 ilius,
1391 492 1489 545 nisi
1509 491 1664 547 Pater
1680 496 1819 548 solus
1839 494 2024 551 (Marc.
2049 508 2161 559 xui,

606 575 719 647 32).
766 578 871 633 Sed
902 588 954 633 et
983 578 1071 636 hic
1118 583 1554 651 respondebimus
1602 586 1887 651 harreticis,
1930 585 2021 655 qui
2070 599 2168 639 nos

608 669 951 739 impugnant,
992 683 1292 729 asserentes
1326 675 1583 731 minorem
1612 692 1732 733 esse
1762 678 1951 733 Filium
1983 679 2161 744 Patre,

606 760 692 825 qui
718 758 853 813 hanc
874 760 1014 815 diem
1045 763 1273 833 ignoret.
1296 765 1627 835 Cognoscant
1655 783 1782 837 ergo
1808 770 1948 823 hunc
1975 761 2165 823 Fili-um

606 847 967 904 Christianum
1028 856 1275 921 populum
1326 867 1703 926 nuncupatum,
1748 859 1815 913 de
1858 876 1962 925 quo
1995 875 2026 914 a
2058 860 2167 915 Deo

606 939 907 1005 pradicitur
935 956 951 995 :
982 940 1094 1012 Ego
1115 959 1203 998 ero
1226 946 1327 998 illis
1357 946 1409 999 in
1434 956 1650 1017 patrem,
1680 959 1727 1002 et
1752 949 1851 1015 ipsi
1873 959 2021 1001 erant
2041 949 2168 1001 mihi

604 1030 656 1084 in
694 1033 827 1099 ﬁlios
856 1033 939 1099 (Il
965 1034 1083 1090 Cor.
1118 1054 1187 1105 vl,
1219 1038 1329 1106 15).
1358 1040 1416 1094 Si
1459 1042 1599 1096 enim
1632 1043 1744 1098 haec
1787 1043 1855 1097 de
1898 1044 2167 1109 unigenito

606 1120 739 1176 Filio
767 1125 1117 1192 praedixisset,
1140 1146 1422 1199 numquam
1455 1134 1502 1187 ei
1524 1134 1741 1204 angelos
1770 1138 2164 1204 prmposuisset.

604 1212 692 1267 Sic
720 1215 859 1269 enim
891 1219 965 1271 ait
997 1237 1011 1270 :
1048 1220 1226 1289 Neque
1258 1224 1428 1294 angeli
1463 1226 1704 1279 cwlorum
1729 1265 1746 1292 ,
1775 1243 1933 1296 neque
1963 1225 2166 1291 Filius;

606 1309 892 1363 ostendens
922 1324 1025 1363 nou
1056 1310 1122 1364 de
1154 1312 1455 1382 Unigeuito,
1484 1314 1577 1369 sed
1600 1315 1667 1371 de
1693 1316 1942 1385 ad«»ptivo
1970 1317 2167 1385 popqu

606 1393 719 1450 haec
739 1396 939 1453 dixisse
966 1408 1014 1455 ⁸.
1046 1401 1237 1457 Noster
1284 1419 1412 1459 vero
1451 1406 1590 1473 ﬁnis,
1639 1407 1751 1477 ipse
1800 1406 2038 1462 Christus
2064 1420 2164 1472 est,

605 1489 692 1557 qui
723 1491 873 1545 nobis
898 1496 1057 1546 vitam
1080 1505 1357 1563 aeternam,
1390 1497 1437 1551 si
1466 1498 1533 1552 ad
1571 1514 1690 1554 eum
1719 1500 1966 1556 conversi
2006 1499 2167 1555 fueri-

606 1598 745 1646 mus,
777 1582 920 1653 larga
948 1585 1268 1657 benignitate
1296 1591 1582 1657 praestabit.

2334 400 2395 455 ll.
2424 399 2640 470 Cognita
2682 408 2856 454 autem
2902 412 2932 452 a
2980 398 3206 452 satellite
3250 395 3277 434 ιι
3316 397 3509 451 mulier
3552 411 3822 465 concepit,

2264 492 2575 561 peperitque
2604 490 2737 544 duos
2767 490 2920 544 ﬁlios.
2954 488 3055 545 Sed
3088 488 3213 543 dum
3246 488 3384 542 Deus
3418 490 3575 542 unius
3624 492 3825 543 sacrili.

2264 584 2402 637 cium
2429 581 2708 653 dignanter
2737 581 2977 647 suscipit,
3030 580 3162 633 alter
3214 579 3412 633 invidia
3462 580 3828 635 inflammante

2267 674 2530 737 tumescit,
2577 682 2630 726 et
2675 673 2727 726 in
2774 671 2987 725 fraterni
3020 670 3288 738 sanguinis
3317 671 3629 725 effusionem
3662 687 3828 726 novus

2267 764 2529 833 parricida
2555 764 2610 835 9
2636 777 2958 832 consurgens
2992 770 3039 829 ⁸,
3070 762 3283 817 fratrem
3328 763 3599 832 opprimit,
3646 764 3826 829 vincit,

2264 854 2535 908 interimit.

2338 945 2420 999 lll.
2463 945 2529 999 Et
2570 944 2758 999 exhinc
2786 952 3029 998 cunctum
3061 957 3225 1011 genus
3263 942 3313 996 iu
3347 942 3550 997 facinus
3582 960 3831 998 exsecra-

2268 1035 2373 1089 bile
2402 1038 2525 1100 ruit,
2550 1046 2741 1104 praeter
2770 1035 2949 1088 Enocb
2972 1034 3194 1104 justum,
3223 1035 3312 1102 qui
3341 1034 3620 1088 ambulans
3652 1036 3705 1088 in
3734 1037 3833 1088 viis

2268 1124 2382 1187 Dei,
2424 1125 2489 1178 ab
2520 1126 2632 1192 ipso
2664 1124 2887 1177 Domino
2910 1134 3123 1191 propter
3145 1124 3406 1189 justitiam
3435 1135 3743 1193 assumptus
3767 1127 3835 1180 de

2268 1213 2444 1268 medio
2470 1212 2737 1282 peccantis
2767 1213 2947 1282 pepuli
2979 1213 3255 1267 liberatur.
3285 1212 3374 1267 Sic
3395 1214 3534 1266 enim
3568 1215 3829 1282 legimus:

2268 1304 2549 1359 Ambulavit
2597 1303 2919 1358 Enoch'cum
2950 1303 3087 1367 Deo,
3135 1313 3181 1357 et
3218 1321 3319 1359 non
3350 1309 3669 1377 comparuit,
3717 1310 3833 1377 quia

2267 1395 2407 1449 Deus
2436 1397 2551 1448 tulit
2581 1412 2691 1448 eum
2730 1395 2877 1465 (Gen.
2911 1411 2962 1460 v,
2994 1394 3106 1465 24).

2336 1486 2421 1540 IV.
2459 1486 2711 1539 Dominus
2737 1501 2863 1554 ergo
2888 1494 3186 1540 commotus
3206 1496 3387 1540 contra
3410 1487 3721 1556 iniquitates
3746 1504 3836 1558 po-

2268 1577 2374 1646 puli
2406 1591 2510 1631 non
2542 1577 2593 1629 in
2624 1580 2733 1630 suis
2758 1577 2959 1630 semitis
3000 1575 3291 1645 gradientis
3315 1618 3332 1645 ,
3378 1578 3638 1633 diluvium
3664 1583 3837 1633 imtni-

675 1671 749 1726 De
774 1678 1145 1749 supputatione
1175 1694 1299 1733 vero
1328 1678 1485 1749 hujus
1505 1682 1974 1739 mundievidenter
1992 1682 2161 1737 Chro-

2271 1668 2368 1736 sit,
2418 1677 2768 1736 cunctamque
2826 1668 3055 1721 animam
3112 1668 3373 1723 viventem
3424 1670 3492 1725 de
3551 1672 3837 1739 superﬁcie

604 1763 737 1817 nica:
768 1748 979 1821 Eusebii
1004 1767 1347 1825 Caesariensis
1490 1774 1722 1841 episcopi
1768 1788 1831 1829 ac
1858 1774 2166 1845 Hieronymi

604 1855 900 1925 presbyteri
950 1860 1350 1929 proloquuntur,
1404 1873 1459 1917 et
1512 1865 1768 1918 rationem
1822 1866 1889 1921 de
1927 1867 2165 1921 omnium

603 1959 859 2001 annorum
913 1951 1051 2003 serie
1093 1954 1343 2020 pandunt.
1380 1954 1508 2008 Nam
1543 1966 1594 2011 et
1621 1956 1842 2011 Orosius
1871 1956 2167 2026 diligentis-

602 2037 739 2091 sime
769 2037 881 2093 haec
905 2040 1192 2109 inquirens,
1222 2060 1435 2099 omnem
1469 2062 1744 2101 numerum
1789 2064 2049 2103 annorum
2100 2050 2167 2104 ab

604 2124 756 2180 initio
783 2131 964 2185 mundi
993 2148 1158 2202 usque
1183 2134 1248 2189 ad
1278 2151 1431 2190 suum
1462 2145 1668 2206 tempus
1698 2138 1749 2193 in
1802 2154 1963 2194 unum
2012 2141 2171 2196 colle-

608 2218 703 2284 git.
733 2219 841 2275 lloc
866 2222 1024 2292 etiam
1049 2236 1099 2277 et
1125 2225 1405 2292 Victorius,
1454 2242 1572 2282 cum
1625 2228 1864 2284 ordinem
1894 2230 2166 2285 Paschalis

604 2310 956 2368 solemnitatis
1004 2316 1313 2386 inquireret,
1367 2320 1509 2374 fecit.
1568 2321 1703 2389 Ergo
1732 2332 1784 2377 et
1813 2337 1910 2377 nos
1938 2325 2166 2393 scripto—

603 2415 719 2456 rum
748 2417 903 2473 supra
934 2416 1344 2463 memoratorum
1372 2412 1696 2479 exemplaria
1741 2427 2044 2483 sequentes,
2075 2429 2169 2468 Cll-

604 2496 779 2560 pimus
809 2512 836 2548 a
869 2497 1022 2565 primi
1053 2498 1283 2555 hominis
1335 2502 1659 2569 conditione,
1719 2504 1761 2558 si
1794 2505 2045 2559 Dominus
2081 2505 2166 2582 di-

604 2584 853 2652 gnabitur
925 2603 1077 2643 suum
1143 2593 1481 2647 commodare
1549 2595 1831 2662 auxilium,
1889 2612 2052 2667 usque
2101 2599 2167 2653 ad

607 2689 849 2735 nostrum
882 2692 1087 2752 tempus
1113 2696 1357 2741 cunctam
1386 2703 1645 2743 annorum
1685 2691 1984 2761 congeriem
2023 2707 2170 2746 com-

606 2780 812 2838 putare.
843 2772 992 2839 Quod
1023 2774 1229 2831 facilius
1258 2778 1679 2847 adimolebimus,
1712 2782 1753 2835 si
1780 2781 1846 2836 ab
1872 2783 1985 2852 ipso
1998 2784 2166 2839 Adam

606 2875 878 2917 sumamus
905 2867 1203 2922 exordium.

674 2951 714 3006 l.
750 2952 811 3009 ln
862 2957 1121 3026 principio
1170 2959 1422 3017 Domluus
1475 2964 1668 3018 caelum
1716 2972 2018 3021 terramoue
2048 3009 2062 3033 ,
2111 2964 2165 3019 in

2268 1769 2424 1813 terrae
2460 1760 2662 1814 diluvio
2703 1759 2992 1815 inundante
3019 1761 3252 1820 delevit;
3297 1770 3604 1829 tantumque
3634 1762 3750 1817 Noe
3781 1768 3837 1816 li-

2266 1850 2596 1904 delissimum
2627 1864 2689 1905 ac
2718 1844 3037 1919 peculiarem
3068 1853 3189 1916 sibi,
3218 1852 3406 1920 suique
3447 1854 3557 1922 typi
3599 1856 3836 1921 Speciem

2267 1941 2660 2011 prteferentem,
2690 1956 2807 1995 cum
2839 1956 2930 1996 sua
2958 1953 3011 1997 et
3036 1945 3193 1997 trium
3225 1952 3468 1997 natorum
3495 1945 3835 2015 coniugibus,

2268 2033 2587 2103 posteritatis
2619 2034 2925 2101 reparanda:
2957 2036 3147 2101 gratia,
3180 2035 3230 2088 in
3261 2049 3381 2089 arca
3411 2036 3729 2092 reservavit.
3759 2040 3838 2091 lu-

2267 2135 2485 2182 crepant
2514 2140 2611 2179 nos
2642 2124 2725 2179 hic
2755 2124 3006 2189 haeretici,
3037 2140 3131 2179 cur
3161 2125 3431 2195 Scriptura
3474 2142 3625 2181 sacra
3660 2128 3838 2184 Domi-

2269 2234 2391 2272 num
2431 2217 2651 2273 dixisset
2683 2218 2892 2271 iratum.
2924 2215 3262 2287 Coguoscaut
3290 2233 3449 2287 ergo,
3491 2222 3615 2289 quia
3661 2220 3837 2274 Domi-

2269 2325 2368 2364 nus
2414 2320 2628 2375 noster,
2678 2324 2782 2362 non
2834 2318 2890 2363 ut
2938 2310 3096 2361 homo
3145 2310 3389 2363 irascitur
3422 2327 3434 2362 :
3468 2324 3838 2368 commovetur

2268 2398 2443 2463 enim,
2491 2407 2549 2452 ut
2589 2406 2817 2463 terreat;
2857 2399 3029 2466 pellit,
3076 2408 3130 2453 ut
3167 2410 3413 2465 revocet;
3457 2400 3740 2471 irascitur,
3784 2416 3839 2457 ut

2268 2490 2533 2543 emendet.
2589 2488 2694 2543 Sed
2726 2502 2823 2541 nec
2871 2488 2971 2543 hoc
3015 2490 3262 2558 ambigo,
3311 2490 3448 2560 quod
3493 2494 3702 2560 Species
3749 2494 3841 2546 illa

2269 2597 2407 2636 arca;
2439 2594 2617 2650 typum
2644 2582 2831 2636 matris
2858 2584 3079 2651 gesserit
3110 2582 3368 2638 Ecclesiae
3398 2600 3411 2635 :
3443 2598 3557 2653 ipsa
3587 2586 3733 2639 enim
3760 2587 3841 2641 in-

2271 2684 2351 2729 ter
2378 2675 2570 2727 fluctus
2616 2684 2669 2729 et
2697 2675 2946 2742 scopulos
2991 2674 3148 2743 hujus
3175 2676 3357 2729 saeculi
3400 2676 3703 2743 transiens,
3745 2693 3840 2731 nos

2268 2767 2336 2820 ab
2386 2765 2783 2821 imminentibus
2833 2766 2985 2820 malis
3026 2776 3265 2819 materno
3291 2770 3586 2834 gestamine
3615 2769 3837 2834 fovens,

2270 2862 2357 2932 pio
2381 2861 2624 2929 amplexu
2653 2874 2713 2913 ac
2743 2858 3068 2928 protectione
3106 2859 3361 2912 defendit.

2340 2951 2421 3005 Ab
2444 2952 2607 3004 Adam
2634 2964 2760 3019 ergo
2786 2964 2951 3018 usque
2972 2950 3039 3003 ad
3068 2950 3177 3006 Noe
3203 2962 3326 3006 sunt
3352 2955 3726 3020 generationes
3753 2958 3842 3012 de-

606 3040 818 3098 Christo
846 3060 965 3110 suo,
996 3049 1085 3117 qui
1126 3059 1209 3105 εει
1254 3054 1484 3107 omnium
1536 3057 1873 3126 principium,
1920 3059 1973 3113 id
2006 3068 2087 3112 εει
2117 3060 2168 3112 in
2197 3046 2243 3109 C
2274 3060 2388 3099 cem
2422 3061 2435 3097 :
2467 3043 2517 3097 id
2546 3051 2628 3098 est
2655 3043 2818 3097 Adam
2838 3083 2851 3105 ,
2901 3042 3077 3108 Setb,l
3101 3042 3245 3098 Euos
3265 3082 3280 3107 ,
3311 3045 3534 3110 Caiuau,
3580 3047 3838 3111 Malaleel.

608 3132 741 3187 Filio
766 3151 863 3190 suo
888 3136 1155 3202 formavit,
1187 3144 1274 3211 qui
1303 3154 1423 3210 post
1467 3158 1646 3201 creata
1675 3149 1855 3202 mundi
1884 3149 2166 3217 elementa,

606 3226 812 3293 glebam
839 3244 1115 3286 assumens
1145 3234 1345 3303 fragilis
1387 3236 1494 3291 limi
1518 3236 1567 3305 δ,
1603 3239 1868 3295 hominem
1906 3241 1973 3296 ad
2020 3257 2166 3296 suam

608 3314 889 3383 imaginem
937 3321 1442 3394 similitudinemque
1469 3328 1747 3395 plasmavit
1765 3374 1779 3397 ,
1804 3339 1854 3384 et
1883 3331 2171 3387 insufflavit

610 3406 663 3460 in
685 3406 875 3464 faciem
902 3412 1015 3475 ejus
1043 3414 1364 3483 spiraculum
1395 3422 1537 3487 vita,
1566 3431 1620 3477 et
1659 3420 1829 3477 factus
1866 3432 1950 3478 est
1974 3425 2024 3477 in
2054 3427 2170 3478 ani-

610 3514 747 3552 mam
777 3500 1039 3559 viventem
1067 3522 1080 3559 :
1120 3507 1204 3561 cui
1255 3507 1536 3565 dormienti
1584 3512 1756 3567 ablata
1786 3522 1951 3580 costa,
1981 3514 2173 3570 mulier

611 3590 719 3646 Eva
747 3603 924 3648 creata
954 3605 1055 3650 est.
1088 3596 1194 3653 Nec
1238 3600 1451 3654 dubium
1482 3604 1621 3657 enim
1654 3614 1752 3670 est,
1786 3606 1925 3675 quod
1958 3606 2040 3659 hic
2064 3609 2169 3675 pri-

611 3699 730 3739 mus
784 3684 947 3741 homo
998 3688 1188 3754 Adam,
1236 3700 1515 3762 antequam
1563 3706 1823 3765 peccaret,
1861 3706 2036 3766 typum
2067 3698 2173 3751 Do-

610 3775 742 3830 mini
792 3778 964 3832 nostri
1024 3779 1393 3850 Redemptoris
1422 3786 1759 3853 praatulisset.
1805 3788 1919 3855 Ipse
1947 3790 2086 3855 enim
2118 3790 2170 3843 in

612 3880 807 3936 sopore
853 3871 1110 3937 passionis
1164 3872 1526 3940 obdormiens,
1571 3880 1637 3931 de
1686 3877 1849 3932 lati-re
1902 3893 1997 3931 suo
2046 3878 2171 3933 dum

611 3973 799 4027 aquam
851 3975 1203 4033 crnoremque
1278 3968 1550 4034 produxit,
1610 3968 1865 4039 virginem
1919 3970 2173 4023 immacu-

614 4051 882 4124 latamque
910 4055 1201 4112 Ecclesiam
1232 4059 1334 4113 sibi
1384 4060 1644 4127 exhibuit,
1700 4064 2023 4132 redemptam
2053 4079 2174 4117 san-

610 4144 789 4213 guine,
836 4147 993 4201 latice
1030 4151 1391 4216 emundatam,
1442 4166 1548 4205 non
1602 4153 1882 4206 habentem
1916 4156 2171 4209 maculam

610 4243 702 4289 aut
721 4250 903 4303 rugam
924 4254 938 4302 ;
963 4239 1013 4293 id
1036 4250 1119 4294 est
1143 4241 1375 4311 lymphis
1402 4242 1633 4296 ablutam
1658 4250 1872 4312 propter
1890 4245 2169 4312 maculam,

611 4325 664 4381 in
688 4344 847 4384 cruce
866 4340 1137 4385 extensani
1165 4344 1379 4403 propter
1409 4352 1613 4406 rugam.
1655 4336 1716 4389 lli
1746 4351 1873 4402 ergo
1900 4336 2053 4404 primi
2082 4338 2171 4389 ho-

2270 3136 2449 3205 Jared,
2477 3135 2682 3201 Enoch,
2714 3135 3045 3200 Matusalam,
3076 3134 3327 3201 Lamech,
3361 3136 3491 3190 Noe.
3518 3137 3575 3191 In
3602 3138 3687 3193 his
3711 3156 3839 3209 ergo

2269 3230 2454 3283 decem
2503 3228 2962 3296 generationibus,
3010 3228 3354 3281 inveniuntur
3391 3229 3516 3281 anni
3548 3230 3696 3284 mille
3739 3233 3841 3285 du-

2270 3323 2408 3375 centi
2437 3320 2785 3391 quadraginta
2816 3320 2941 3374 duo.
2974 3318 3141 3373 Adam
3170 3335 3294 3374 vero
3323 3320 3375 3373 in
3413 3331 3552 3375 terra
3585 3322 3838 3379 Euachim

2268 3413 2528 3480 sepultum
2553 3453 2569 3476 ,
2618 3427 2735 3480 qua;
2764 3412 2911 3480 prius
2938 3411 3117 3465 Ebron
3167 3411 3484 3476 vocabatur,
3537 3414 3673 3467 liber
3715 3415 3838 3471 Jesu

2268 3504 2412 3561 Nave
2442 3503 2716 3557 evidenter
2740 3502 2991 3571 explanat
3023 3500 3157 3571 (los.
3191 3518 3307 3565 xiv,
3347 3502 3451 3572 ιῖξ).

2344 3597 2405 3651 V.
2433 3596 2668 3651 Habebat
2690 3610 2816 3665 ergo
2838 3595 2947 3649 Noe
2970 3604 3085 3664 post
3104 3595 3355 3649 diluvium
3380 3607 3488 3651 tres
3511 3597 3677 3652 filios!
3693 3601 3840 3668 Sem,

2268 3688 2456 3751 Cham,
2486 3698 2540 3743 et
2567 3686 2763 3741 Jafeth.
2800 3687 2871 3741 De
2898 3686 3070 3740 .lafeth
3099 3702 3325 3753 egressa:
3352 3701 3469 3739 sunt
3500 3701 3725 3758 gentes,
3777 3693 3840 3744 si-

2270 3782 2463 3835 militer
2488 3788 2543 3834 et
2569 3780 2634 3833 de
2660 3778 2856 3844 Cbam,
2901 3788 2955 3833 et
2993 3779 3059 3833 de
3099 3779 3244 3834 Sem.
3280 3781 3362 3844 Et,
3395 3784 3535 3836 sicut
3586 3784 3659 3835 ait
3689 3796 3839 3839 vetus

2274 3872 2528 3937 historia,
2560 3870 2628 3925 ab
2673 3869 2757 3923 his
2782 3870 3181 3924 disseminatum
3210 3880 3291 3923 est
3337 3886 3501 3940 genus
3550 3874 3839 3928 humanum

2271 3965 2367 4018 sub
2398 3963 2643 4017 universo
2683 3962 2839 4016 caelo.
2874 3961 3264 4031 Primogenitus
3297 3978 3422 4015 vero
3451 3962 3641 4027 Cham,
3672 3964 3836 4021 Clius.

2274 4054 2368 4108 Hic
2397 4054 2492 4107 fuit
2535 4053 2697 4107 totius
2740 4054 2872 4107 artis
2902 4054 3149 4121 magicis,
3196 4054 3463 4108 imbueute
3494 4055 3705 4110 diabolo
3728 4098 3744 4121 ,
3790 4069 3841 4111 et

2272 4147 2474 4214 primus
2520 4144 2833 4198 idololatriae
2863 4144 3192 4198 adinventor.
3229 4145 3325 4199 Hic
3364 4147 3563 4212 primus
3598 4159 3843 4202 statuun-

2273 4238 2445 4292 culam
2478 4235 2499 4275 ί
2533 4235 2855 4290 adorandam
2911 4236 3104 4289 diaboli
3150 4237 3484 4305 instigatione
3528 4242 3843 4293 constitutz

2274 4332 2361 4399 qui
2393 4339 2445 4384 et
2471 4330 2685 4396 stellas,
2726 4338 2778 4382 et
2808 4329 2981 4398 ignem
3017 4330 3119 4400 ιο
3144 4329 3210 4383 de
3247 4330 3384 4384 coelo
3432 4332 3657 4397 cadere,
3714 4332 3844 4392 falsa

613 4417 782 4473 mines
809 4420 946 4474 inter
975 4436 1183 4476 amteua
1216 4426 1443 4491 paradisi
1475 4436 1497 4464 ο
1530 4429 1679 4480 beate
1705 4427 1958 4487 viventes,
1988 4429 2173 4496 anguis
2200 4407 2251 4466 D
2278 4424 2489 4484 virtute,
2513 4421 2816 4477 hominibus
2837 4422 3167 4475 ostendebat.
3195 4422 3288 4475 Hic
3310 4423 3373 4473 ad
3401 4422 3590 4476 Persas
3614 4429 3843 4478 transiit.

614 4518 732 4564 astu
786 4511 982 4580 illecti,
1041 4514 1219 4569 divina
1267 4527 1530 4587 prmeepta
1559 4519 1877 4573 transiliunt.
1903 4517 2173 4589 Ejectique

690 4700 715 4728 ι
743 4688 988 4764 Diversus
1011 4692 1142 4747 alias
1190 4694 1347 4762 hujus
1389 4697 1487 4750 ioci
1534 4698 1997 4764 interpretationes
2042 4698 2171 4755 affe-

616 4769 733 4837 runt
763 4762 939 4837 sancti
960 4774 1152 4837 patres.
1179 4765 1315 4818 inter
1331 4783 1460 4834 quas
1476 4783 1535 4819 ea
1561 4779 1640 4819 est
1660 4762 2008 4828 communior,
2034 4771 2173 4837 quod

615 4832 762 4886 illum
815 4830 1028 4901 quidem
1077 4834 1217 4887 diem
1266 4830 1359 4888 δι’
1389 4849 1571 4890 natura
1615 4838 1954 4890 humanitatis
2010 4830 2173 4896 Filius

617 4904 847 4955 hominis
904 4902 1170 4973 nescierit,
1225 4921 1378 4971 quem
1438 4917 1615 4961 tamen
1671 4910 1831 4973 probe
1860 4908 1997 4962 Deus
2022 4913 2175 4963 homo

619 4984 856 5045 noverat.
910 4972 1009 5045 Vel
1026 4974 1298 5045 nesciebat
1351 4976 1449 5029 sub
1478 4972 1681 5031 ratione
1705 4993 1805 5045 qua
1839 4983 2039 5045 legatus
2064 4991 2178 5034 erat

616 5046 681 5096 ad
712 5044 978 5118 homines.
997 5043 1109 5098 Non
1130 5046 1271 5099 enim
1300 5058 1415 5100 erat
1444 5062 1506 5100 ex
1539 5048 1639 5100 illis
1689 5043 1995 5101 veritatibus
2048 5067 2175 5118 quas

620 5130 736 5186 τμη]
762 5114 1063 5169 hominibus
1090 5126 1206 5169 erat
1233 5119 1735 5181 communicaturus,
1788 5132 1842 5172 et
1897 5132 1961 5171 ue
1988 5114 2177 5186 quibus

616 5184 749 5238 alias
775 5186 943 5257 dixit:
976 5188 1161 5240 Uti-nia
1196 5198 1317 5242 nota
1347 5188 1443 5241 feci
1473 5190 1622 5242 vobis
1643 5204 1755 5257 qua:
1775 5190 1943 5240 audivi
1973 5184 2178 5245 a'Patre

624 5269 763 5328 uicti1
787 5256 833 5305 id
866 5266 947 5309 est
974 5258 1148 5328 omnia
1177 5274 1293 5322 qua:
1322 5274 1385 5312 ex
1415 5258 1529 5328 ejus
1564 5256 1709 5319 parte
1743 5261 1889 5311 vobis
1921 5260 2173 5315 habebam

622 5324 955 5395 tiotifieaiiila.
981 5325 1104 5380 Iliec
1133 5324 1457 5395 Augustinus
1482 5340 1533 5381 et
1556 5330 1838 5393 Gregorius
1872 5329 1940 5382 Μ.

692 5388 719 5427 δ
744 5392 828 5469 Sic
855 5395 974 5469 cod.
997 5396 1175 5449 Casm.
1195 5388 1346 5461 .Valii,
1379 5388 1725 5469 fragillt'ntain.

697 5470 721 5537 ξ
753 5462 934 5537 ξεξᾲιίιί,
956 5465 1008 5515 in
1031 5483 1225 5519 ammte
1246 5462 1501 5537 paradiso.

694 5525 722 5564 ά
757 5532 846 5583 Sic
872 5547 999 5587 mss.
1032 5546 1169 5589 sicut
1195 5525 1256 5591 et.
1279 5540 1415 5592 inl'ra
1458 5558 1559 5593 non
1588 5542 1773 5595 semel.
1827 5542 1963 5595 Editi
2009 5551 2183 5596 tamen

2275 4514 2425 4568 llunc
2451 4513 2627 4568 Persae
2655 4513 2952 4567 vocitavere
2995 4512 3328 4568 Zoroastrem
3360 4521 3420 4578 ε,
3462 4512 3514 4566 id
3538 4522 3621 4567 est
3662 4516 3845 4569 viven-

2276 4708 2421 4763 smpe
2446 4695 2726 4749 accusandi
2762 4709 2887 4749 casu
2913 4705 3063 4750 utens
3086 4709 3184 4765 pro
3212 4705 3381 4761 sexto,
3412 4697 3741 4764 cognitum...
3771 4715 3845 4751 sa-

2279 4767 2515 4819 tellitem.

2352 4847 2373 4872 ι’
2418 4836 2554 4888 Editi
2574 4878 2587 4901 ,
2619 4835 2673 4887 in
2698 4839 2907 4905 fratrem
2931 4836 3309 4905 sanguinis.....
3335 4837 3604 4904 fratricida
3643 4855 3847 4892 camuri

2314 4923 2416 4958 ens.

2280 4924 2549 5038 ge'is'Alii,
2600 4975 2985 5029 stralunculam.
3020 4975 3143 5029 Mss.
3180 4976 3322 5037 πιθα,
3357 4976 3485 5044 Reg.
3532 4987 3588 5032 et
3639 4978 3847 5045 κι-εηι..

2278 5048 2620 5101 statunculum
2665 5047 2996 5099 adorandum.
3029 5047 3213 5107 Corh.,
3263 5048 3564 5099 sta/iculum.
3598 5048 3847 5105 Morellul

2279 5132 2514 5185 quoque,
2549 5133 2613 5170 ex
2656 5117 2840 5168 eodem
2874 5130 2973 5167 llis.
3006 5116 3060 5169 S.
3088 5116 3290 5167 Mill‘lllli
3340 5116 3691 5183 Turonen~is,
3728 5123 3849 5183 legit

2282 5188 2644 5247 statuncu/um,
2675 5202 2827 5253 quam
2860 5200 3040 5256 vocem
3070 5188 3146 5237 sic
3178 5197 3361 5237 neutro
3399 5200 3595 5251 genere
3624 5190 3677 5241 in
3712 5188 3851 5256 fmg-

2284 5268 2464 5311 meuto
2493 5257 2725 5311 Petronii
2756 5270 2923 5320 nuper
2952 5255 3094 5307 edito
3126 5263 3428 5319 usurpatam
3464 5257 3627 5310 luisse
3671 5255 3851 5311 nam

2284 5330 2425 5381 vavit
2474 5331 2734 5379 Altcserra
2758 5365 2771 5386 .
2820 5328 2911 5393 qui
2960 5326 3073 5392 ejus
3105 5331 3261 5376 verba
3305 5323 3470 5376 refert
3502 5343 3514 5378 :
3545 5324 3632 5378 Ita
3662 5345 3726 5379 ex
3767 5332 3850 5380 hut

2292 5415 2459 5451 massa
2488 5398 2617 5467 fabri
2643 5396 2973 5461 sustulerunt,
3006 5406 3050 5448 et
3074 5399 3296 5465 fecerunt
3333 5396 3509 5447 catilla
3550 5406 3597 5450 et
3627 5402 3849 5466 pampsi.

2291 5469 2396 5530 des,
2427 5481 2790 5526 s'rnuscuu,
2821 5476 2925 5519 etc.

2364 5548 2388 5584 s
2434 5540 2507 5590 De
2534 5537 2832 5591 Zoroastre.
2867 5550 3025 5600 quem
3073 5533 3298 5601 primum
3331 5534 3737 5591 Bactrianorum
3784 5553 3839 5592 te

624 5600 839 5666 habent,
870 5605 1072 5669 cognita
1100 5616 1264 5659 autem
1286 5626 1316 5660 a
1344 5623 1592 5665 consorte.
1618 5614 1771 5666 Corb.
1816 5624 1949 5665 sicut
1976 5628 2025 5666 ct
2060 5616 2189 5666 alios
2290 5624 2407 5677 gem
2441 5608 2602 5661 fuisse
2628 5608 2822 5661 volunt.
2852 5611 2997 5673 plura
3028 5600 3184 5657 habet
3214 5605 3431 5659 l'linius.
