4024 6192
191 160 295 224 165

1214 154 1531 214 HISTORIA
1571 151 2017 210 FRANCORUM.
2061 150 2262 208 LIBER
2306 152 2580 211 PRIMUS.

3411 165 3514 225 £66

198 289 306 334 tem
334 274 590 332 stellam.
628 275 723 333 Ab
766 275 876 331 hoc
901 273 1058 330 etiam
1091 272 1265 342 ignem
1303 273 1532 324 adorare
1561 265 1824 328 consueti,
1853 270 1907 328 Α
1931 280 2031 333 que
2061 266 2112 320 itt
2147 268 2256 335 ipsa
2300 269 2789 340 Hierosolymorum
2819 271 2950 328 urbe
2974 275 3188 333 celebre
3218 279 3407 338 fertur.
3454 287 3510 342 ln

211 373 386 444 ipsum
431 367 723 422 divinitus
770 367 898 438 igne
927 372 1298 434 consumptum
1342 374 1397 417 ut
1425 361 1581 416 deum
1624 359 1824 412 colunt.

289 461 377 517 Vl.
417 461 682 530 Cumque
721 459 1063 527 multiplicati
1105 457 1348 511 homines
1396 453 1832 522 diSpergerentur

227 572 325 628 per
376 557 672 611 universas
705 564 910 619 terras,
959 550 1158 623 egressi
1201 550 1270 604 ab
1295 547 1548 613 Oriente,
1592 546 1832 602 Sennaar

228 649 576 720 gramineum
617 647 902 718 reperiunt
938 659 1208 715 campum.
1258 641 1315 696 In
1360 657 1465 711 quo
1507 640 1830 695 mdilicantes

218 747 543 806 civitatem,
575 751 784 796 turrem
839 755 958 809 qua:
1002 738 1169 793 caelos
1217 736 1542 804 attingeret,
1592 733 1831 785 nituntur

216 847 461 892 struere.
512 834 758 902 Quorum
790 846 980 886 vanam
1012 828 1390 896 cogitationem
1441 824 1598 880 simul
1627 832 1680 876 et
1725 822 1828 875 lin-

217 943 385 997 guam
410 967 426 990 ,
477 927 740 996 ipsosque
787 923 1071 978 confutatis
1099 921 1261 983 Deus,
1292 933 1388 988 per
1419 915 1676 970 mundum
1726 912 1832 966 late

215 1031 507 1094 patentem
560 1021 613 1073 in
660 1018 908 1071 universa
956 1022 1097 1068 terra
1149 1010 1445 1079 dispersit:
1481 1015 1832 1073 vocatumque

215 1125 548 1170 estnomen
601 1108 868 1172 civitatis,
905 1106 1091 1170 Babel,
1139 1105 1240 1157 hoc
1289 1109 1402 1166 est,
1433 1099 1721 1160 Conlusio,
1767 1111 1830 1150 eo

216 1207 376 1277 quod
433 1205 511 1259 ibi
555 1202 891 1258 confudisset
918 1199 1058 1254 Deus
1104 1197 1309 1266 linguas
1339 1209 1545 1270 eorum.
1582 1193 1706 1248 llaec
1749 1199 1832 1244 est

213 1298 537 1369 Babylnnia
562 1310 591 1348 a
635 1292 930 1347 Nembroth
952 1299 978 1326 ι
1006 1289 1217 1360 gigante
1245 1286 1499 1340 aediﬁcata
1530 1283 1638 1336 [ilio
1664 1280 1829 1336 Cltus.

219 1392 316 1452 Et,
351 1391 501 1441 sicut
527 1384 706 1441 Ornsii
732 1389 916 1437 narrat
942 1379 1185 1445 historia,
1235 1378 1366 1432 mira
1396 1375 1571 1444 campi
1616 1374 1734 1442 plan
1761 1375 1828 1426 tie

212 1484 276 1536 in
310 1480 590 1551 quadrum
637 1475 897 1546 disposita
928 1483 1046 1529 est:
1081 1486 1264 1526 murus
1293 1469 1410 1538 ejus
1438 1484 1504 1523 ex
1539 1466 1712 1521 coctili
1758 1467 1831 1517 la-

219 1583 354 1627 tere
399 1574 575 1626 infuso
614 1567 907 1630 bitumine,
941 1566 993 1619 in
1026 1567 1188 1618 latum
1231 1563 1390 1616 habet
1418 1562 1624 1616 cubitos
1673 1561 1824 1627 quin-

219 1669 531 1736 quaginta,
581 1660 880 1717 altltudinis
928 1661 1135 1716 cubitos
1165 1659 1457 1723 ducentos,
1508 1658 1559 1708 in
1603 1654 1828 1707 circuitu
1865 1634 1908 1693 Β

221 1762 415 1814 stadia
459 1757 848 1829 quadringenta
896 1752 1250 1822 septuaginta.
1302 1749 1472 1804 Unum
1520 1745 1750 1800 stadium
1801 1743 1828 1781 δ

225 1853 405 1907 habet
450 1850 740 1918 aripennes
777 1845 1029 1916 quinque.
1076 1842 1286 1896 Vicetia:
1328 1839 1504 1908 quina:
1537 1841 1701 1902 porta:
1737 1847 1831 1903 per

224 1941 666 2010 unumquodque
712 1939 851 1992 latus
881 1935 994 1992 sitze
1024 1944 1178 2000 sunt,
1219 1947 1338 2000 qua
1368 1929 1568 1983 faciunt
1593 1935 1828 1982 centum.

232 2033 446 2088 Harum
486 2039 767 2100 portarum
813 2026 949 2080 ostia
981 2025 1127 2079 mine
1171 2019 1582 2092 magnitudinis,
1613 2033 1679 2072 ex
1725 2032 1831 2070 tere

235 2127 388 2180 fusili
414 2135 541 2179 sunt
561 2122 813 2177 formata.
842 2118 1000 2172 Multa
1024 2126 1078 2173 et
1099 2117 1202 2170 alia
1234 2115 1300 2168 de
1326 2117 1424 2166 hac
1450 2112 1662 2166 civitate
1689 2108 1830 2162 idem

237 2215 710 2286 historiograpbus
759 2220 942 2266 narrat
991 2222 1051 2276 ε,
1103 2207 1304 2262 addens
1343 2223 1356 2258 :
1403 2204 1468 2258 Et
1512 2218 1633 2257 cum
1687 2211 1831 2256 tanta

238 2307 430 2364 fuisset
483 2308 744 2362 honestas
773 2302 1011 2370 aedilicii,
1064 2311 1296 2355 attamen
1339 2299 1476 2351 victa
1504 2306 1664 2366 atque
1701 2291 1829 2348 sub-

244 2417 394 2457 versa
423 2409 524 2457 est.

321 2494 428 2548 \‘ll.
472 2493 688 2548 Primus
717 2498 896 2544 autem
928 2488 1068 2542 filius
1094 2484 1231 2547 Noe,
1263 2483 1411 2548 Sem,
1438 2481 1504 2536 de
1528 2494 1633 2550 quo
1671 2492 1822 2548 gene

248 2587 451 2640 ratione
495 2583 742 2649 decima,
776 2591 931 2636 natus
961 2589 1042 2634 est
1085 2577 1351 2632 Abraham
1388 2592 1399 2627 :
1433 2574 1487 2628 id
1534 2583 1646 2638 est,
1697 2569 1828 2633 Noe,

249 2679 408 2743 Sem,
437 2675 758 2748 Arphaxad,
789 2673 946 2738 Sale,
980 2671 1182 2733 lleber,
1215 2668 1466 2732 Phalech,
1510 2665 1624 2718 Reu
1652 2663 1703 2729 ά,
1738 2661 1832 2717 Sa-

252 2770 406 2836 ruch,
432 2769 632 2836 Thare,
671 2766 761 2836 qui
793 2764 974 2835 genuit
1005 2759 1290 2815 Abraham.
1324 2759 1376 2810 In
1407 2756 1503 2826 .his
1530 2755 1713 2809 decem
1743 2766 1831 2820 ge-

251 2859 640 2924 nerationibus,
677 2857 782 2912 hoc
808 2866 888 2910 est
917 2869 946 2908 a
973 2853 1082 2908 Noe
1113 2866 1281 2920 usque
1311 2849 1374 2902 ad
1423 2845 1720 2905 Abraham,
1754 2843 1833 2894 itt-

253 2956 530 3008 veniuntur
558 2952 688 3005 anni
737 2948 844 3004 942
876 2957 923 3005 ⁸.
973 2948 1048 3001 Eo
1075 2955 1315 3013 tempore
1358 2940 1613 3011 regnabat
1643 2939 1828 3000 Ninus,

252 3049 339 3115 qui
368 3044 653 3101 aediﬁcavit
681 3042 974 3104 civitatem,
1007 3054 1164 3109 quam
1191 3012 1438 3090 Ninivem
1467 3031 1675 3086 vocavit
1701 3047 1712 3082 :
1741 3044 1830 3084 cu-
1858 3012 1905 3077 C

253 3135 339 3207 jus
387 3138 438 3190 in
471 3136 642 3191 tribus
672 3131 1037 3188 mansionibus
1080 3127 1306 3196 Spatium
1356 3121 1716 3194 amplitudinis
1744 3119 1834 3175 Jo-

255 3251 350 3289 nas
377 3235 639 3304 prOpheta
663 3231 1004 3286 determinat.
1036 3224 1204 3293 Hujus
1229 3221 1637 3292 quadragesimo
1678 3215 1835 3270 tertio

254 3331 400 3397 regni
427 3340 574 3381 anno
604 3332 763 3377 natus
813 3329 897 3375 est
923 3318 1221 3374 Abraham.
1272 3313 1365 3366 llic
1408 3319 1490 3366 est
1527 3307 1831 3371 Abraham,

253 3419 465 3474 initium
517 3415 642 3470 fidei
688 3420 931 3468 nostrae:
965 3410 1050 3462 hic
1095 3406 1304 3473 accepit
1351 3401 1833 3474 reprotnissiones,

254 3513 377 3567 huic
401 3526 460 3566 se
487 3508 740 3564 Christus
775 3504 1030 3559 Dominus
1061 3511 1245 3556 noster
1275 3498 1620 3560 nasciturum,
1651 3509 1714 3548 ac
1741 3509 1835 3562 pro

253 3603 404 3660 nobis
432 3615 717 3672 passurum
766 3599 820 3651 in
850 3596 1081 3651 victimae
1120 3588 1537 3647 commutatione
1569 3592 1836 3639 monstra-

252 3698 357 3762 vit,
401 3697 520 3765 ipso
563 3694 619 3748 in
663 3687 962 3758 Evangeliis
1011 3687 1090 3740 sic
1130 3683 1340 3738 dicente
1383 3697 1393 3732 :
1434 3681 1532 3750 ιι
1581 3676 1836 3730 Abraham

253 3786 519 3842 exsultavit
550 3792 610 3838 ut
651 3781 844 3835 videret
875 3779 1008 3832 diem
1055 3789 1224 3830 meum
1250 3789 1269 3828 :
1295 3781 1342 3826 et
1367 3772 1488 3824 vidit
1512 3811 1527 3834 ,
1570 3779 1616 3824 et
1639 3768 1841 3839 gavisus

252 3891 323 3935 eu
359 3880 545 3952 (Joan.
577 3890 694 3939 vnt,
736 3872 849 3942 56).
883 3870 995 3927 Hoc
1022 3883 1149 3924 vero
1177 3866 1545 3921 holocaustum
1573 3864 1629 3918 in
1659 3874 1840 3916 monte

253 3970 517 4026 Calui-ia:
551 3967 605 4034 τ,
655 3980 764 4036 quo
819 3965 1073 4019 Dominus
1117 3960 1403 4016 cruciﬁxus
1449 3966 1565 4023 est,
1607 3955 1840 4011 oblatum

255 4066 422 4121 fuisse
449 4064 688 4120 Severus
717 4067 898 4114 narrat
926 4061 976 4111 itt
1007 4055 1274 4111 Chronica
1307 4063 1364 4119 8;
1393 4053 1531 4106 sicut
1568 4059 1623 4104 et
1660 4048 1846 4104 hodie-

324 4216 350 4242 ι
391 4202 533 4255 Cod.
565 4197 729 4253 Corb.
759 4194 921 4247 habet
957 4195 1018 4245 ab
1052 4190 1277 4244 Hebron.

322 4275 352 4314 δ
394 4254 579 4329 Εάιιὶο
611 4267 755 4321 liztdii
785 4266 941 4318 habet
974 4282 984 4314 :
1021 4262 1188 4316 Unum
1219 4259 1456 4329 stadium)
1481 4254 1626 4309 habet
1665 4271 1846 4329 passus

254 4323 468 4403 centu;
484 4323 668 4412 uiginti
691 4338 930 4412 quinque.
962 4335 1048 4412 Sic
1070 4342 1125 4412 et
1153 4330 1379 4412 Plinius,
1410 4327 1498 4381 lib.
1529 4343 1568 4387 1,
1594 4323 1840 4412 captas:

257 4397 742 4480 ξι-ἇάἱαωξῖηᾳυὶὶ,
771 4397 972 4480 centum
1001 4406 1174 4474 viginti
1203 4402 1420 4480 quinque
1439 4409 1648 4480 nostros
1681 4397 1842 4480 af/i'c‘it

465 4529 479 4547 ’
515 4467 759 4540 ,Ιιοε”εδί,
795 4478 956 4557 pedes
987 4467 1245 4557 sescentos
1273 4467 1725 4557 ttigittltilqut'nque.
1771 4467 1845 4546 De

261 4537 575 4620 habilohize
627 4537 757 4604 vero
795 4537 1147 4620 amplitudine
1194 4537 1361 4620 plura
1391 4539 1590 4619 habent
1648 4537 1842 4604 passim

259 4607 456 4684 EtL'si'i
499 4607 786 4684 auctores,
826 4607 915 4687 qui
961 4632 1078 4670 eam
1129 4607 1426 4687 provinciae
1463 4607 1845 4687 potiusuquam

260 4677 665 4756 urbis-nomine
703 4677 1000 4744 donaitdam
1029 4677 1377 4756 scripserunt.
1401 4679 1465 4756 _ln
1496 4677 1848 4756 describendo

263 4747 685 4840 ipsius—ambitu
723 4760 881 4840 variae
922 4747 1257 4840 sunt.0ruo.~i‘i
1287 4752 1580 4840 editiones,
1631 4747 1722 4800 lib.
1768 4762 1804 4800 ll
1829 4792 1843 4815 ,

263 4821 462 4912 aptis,
488 4836 610 4890 aliis
633 4834 664 4887 7
690 4831 965 4900 :quaadam
991 4827 1130 4882 enim
1152 4824 1352 4912 ⁸ηεξ-ξῃξξιᾉι
1349 4821 1533 4912 stadia.
1545 4833 1843 4912 906511.313.

265 4889 379 4966 iis;
411 4889 545 4964 sero
578 4889 828 4965 ccccmtx,
865 4914 1027 4968 quam
1053 4893 1398 4968 posteriorem
1435 4892 1719 4968 lectionem
1748 4889 1844 4968 .al-

415 4959 982 5048 prml'erendam'esse
1038 4959 1278 5048 Gregorii
1333 4962 1500 5015 nostri
1559 4959 1846 5048 auctoritas

270 5030 576 5122 per-suadet.
611 5040 913 5122 Babyloniae
953 5030 1208 5122 ambitu'tn
1242 5046 1465 5122 occasui
1509 5030 1694 5122 gadiis
1721 5043 1849 5122 con-

271 5098 702 5186 ;hidii—Ouintus
721 5098 946 5186 turnus
978 5109 1068 5186 li_b.
1096 5123 1161 5172 v,
1207 5120 1355 5158 nnm.
1385 5106 1438 5170 1,
1472 5101 1560 5156 ubi
1601 5101 1751 5169 p'ura
1782 5098 1850 5153 de

276 5199 363 5249 hac
402 5179 536 5247 urbe
566 5188 702 5242 scitu
741 5184 898 5251 digna
930 5179 1110 5251 habet.

340 5240 362 5304 ἶ
403 5240 533 5318 ῘΙέἑέ
573 5240 759 5315 omnia
797 5240 1030 5308 Drosius
1071 5245 1329 5304 describit
1372 5243 1465 5299 lib.
1506 5256 1578 5306 tt,
1621 5240 1844 5307 Histor.,

279 5338 490 5462 ne.
519 5401 652 5458 Mss.
686 5400 837 5463 Bec.,
882 5395 1014 5466 Reg.
1048 5401 1102 5449 et
1129 5391 1352 5461 Regm.;
1385 5383 1473 5440 alii
1519 5382 1716 5438 habent
1742 5377 1852 5432 Fa—

281 5481 343 5533 lce
355 5522 369 5545 ,
399 5479 603 5549 Ragnar.

343 5525 369 5589 ί
397 5525 730 5604 δδῧίῗέοτῠ.
764 5539 926 5592 habet
954 5535 1087 5600 900;
1122 5533 1270 5604 Βεείξ.3
1301 5525 1428 5604 945.

341 5619 359 5662 ί
565 5593 701 5673 dicit
718 5593 922 5669 auctor
950 5593 1214 5664 sermonis
1240 5600 1272 5655 6
1303 5596 1624 5669 Appendicis
1651 5593 1711 5650 S.
1745 5594 1851 5646 Au-

1937 358 2035 411 hoc
2067 370 2249 413 monte-
2291 375 2419 414 crux
2452 375 2657 425 sancta,
2713 364 2763 416 in
2794 380 2899 433 qua
2944 367 3272 437 Redemptor
3319 374 3513 432 affixus

1935 463 2037 517 est,
2070 453 2245 518 stetit,
2277 451 2342 508 de
2387 469 2489 523 qua
2521 465 2574 508 et
2627 457 2809 511 beatus
2840 460 2927 513 ille
2957 476 3115 516 cruor
3139 463 3364 521 effluxit.
3417 472 3515 526 llic

1934 557 2062 610 ergo
2094 544 2356 596 Abi'alt‘dtll
2387 547 2596 612 accepit
2622 547 2830 616 signutn
2859 551 3300 623 citcutncisionis,
3333 569 3514 613 osten-

1932 632 2066 688 dens
2098 644 2156 688 ut
2182 635 2321 701 quod
2352 634 2442 689 ille
2470 638 2632 701 gessit
2664 636 2718 691 in
2750 652 2997 708 corpore,
3032 658 3128 697 nos
3160 657 3428 713 portemus
3461 652 3511 704 in

1931 725 2126 790 corde,
2176 726 2386 781 dicente
2416 726 2681 796 Propheta
2713 747 2724 780 :
2760 729 3118 789 Circumcidite
3145 753 3229 792 vos
3276 740 3382 794 Deo
3409 760 3517 797 ves-

1932 827 2032 882 tro,
2064 829 2109 870 et
2137 819 2482 874 circumcidite
2512 823 2814 889 prwptttinm
2856 828 3022 880 cordis
3065 832 3213 883 vestri
3242 831 3418 900 (Deut.
3452 851 3511 898 κ,

1934 911 2044 979 1h),
2070 922 2115 964 et
2138 913 2291 964 nolite
2309 913 2451 980 sequi
2487 915 2607 966 deos
2645 917 2837 970 alienos
2863 917 3073 984 (.Ierem.
3103 940 3272 986 xxxv,
3297 906 3416 997 l5).
3449 929 3516 982 Et

1935 1003 2123 1056 iterum
2151 1023 2163 1056 :
2194 1003 2374 1058 Omnis
2397 1007 2776 1062 incircumcisus
2797 1013 2946 1063 corde
2975 1030 3072 1066 non
3095 1017 3243 1068 intret
3262 1019 3311 1069 iu
3335 1031 3512 1074 sancta

1932 1112 2042 1147 mea
2068 1094 2278 1163 (Ezech.
2303 1111 2446 1163 κων,
2471 1097 2546 1167 9).
2569 1099 2715 1153 Hunc
2738 1103 3002 1156 Abraham
3027 1106 3184 1171 Dens,
3207 1111 3514 1180 postadjec-

1934 1199 2037 1241 tam
2083 1189 2285 1242 nomini
2323 1191 2580 1261 syllabam
2614 1189 2669 1257 ιι,
2703 1204 2908 1262 patrem
2942 1200 3223 1254 multarunt
3266 1207 3503 1271 gentium

1934 1283 2278 1347 nuncupavit.

2006 1371 2134 1426 Vill.
2179 1375 2225 1427 ls
2255 1390 2373 1428 cum
2406 1385 2620 1428 centum
2649 1387 2792 1432 esset
2821 1393 3100 1447 annorum,
3131 1387 3311 1452 genuit
3339 1386 3508 1442 Isaac.

1933 1465 2100 1519 Porro
2145 1465 2289 1519 Isaac
2335 1470 2669 1537 sexagesimo
2707 1473 2880 1525 anatis
2925 1487 3064 1528 anno
3096 1477 3200 1528 nati
3245 1488 3370 1531 sunt
3414 1479 3510 1532 filii

1932 1559 2126 1627 gemini
2161 1561 2226 1614 de
2256 1547 2516 1615 Rebecca.
2552 1561 2761 1617 Primus
2794 1564 2963 1630 Esau,
3011 1567 3099 1634 qui
3129 1576 3183 1622 et
3228 1569 3425 1638 Edam,
3458 1571 3509 1625 id

1935 1660 2017 1704 est
2064 1660 2348 1730 terrenus:
2382 1654 2470 1722 qui
2503 1663 2718 1722 propter
2763 1655 2937 1722 gulam
2976 1659 3215 1713 Vendidit
3247 1663 3510 1732 primoge-

1936 1743 2044 1796 nita
2087 1759 2202 1799 sua.
2238 1743 2355 1811 Ipse
2403 1755 2486 1798 est
2516 1756 2666 1816 pater
2707 1747 3089 1817 ltluma'orum,
3139 1752 3206 1807 de
3242 1754 3393 1824 cujus
3421 1771 3514 1826 ge-

1934 1834 2209 1888 neratione
2256 1845 2446 1904 quarta
2494 1847 2650 1890 natus
2699 1849 2780 1891 est
2808 1839 2977 1895 Jobab
3010 1858 3025 1894 :
3059 1842 3158 1896 hoc
3185 1852 3296 1908 est,
3333 1845 3508 1911 Esau,

1935 1921 2158 1993 Raguel,
2192 1925 2349 1990 Zara,
2381 1928 2581 1993 Jobab,
2615 1929 2704 1998 qui
2731 1941 2784 1984 et
2812 1931 2934 1986 Job.
2968 1932 3015 1988 ls
3056 1935 3185 1988 vixit
3210 1951 3379 1992 annos
3409 1938 3511 1992 du-
3537 1989 3549 2001 ,

1933 2028 2120 2096 centos
2169 2020 2514 2089 quadraginta
2562 2037 2752 2078 novem
2788 2041 2801 2077 :
2842 2028 3172 2092 octogesimo
3207 2026 3223 2065 ί
3255 2044 3396 2083 anno
3443 2032 3511 2084 ab

1934 2107 2242 2164 infirmitate
2290 2112 2545 2166 liberatus
2588 2124 2697 2178 est;
2751 2127 2869 2183 post
2899 2088 3259 2173 infirmitatem
3289 2088 3508 2187 autem,

1935 2210 2146 2255 centum
2212 2203 2539 2270 septuaginta
2589 2224 2602 2254 ι
2661 2205 2850 2273 annis,
2901 2207 3140 2261 restituta
3191 2208 3241 2260 itt
3291 2210 3511 2276 duplum

1934 2292 2079 2347 omni
2113 2293 2384 2358 facultate,
2415 2309 2535 2348 cum
2568 2304 2645 2350 tot
2674 2305 2802 2364 quot
2833 2297 3134 2365 perdiderat
3165 2299 3288 2354 (iliis
3315 2301 3513 2369 jocun-

1940 2383 2091 2438 datus
2128 2390 2229 2436 est.

2007 2476 2097 2530 lX.
2140 2476 2419 2530 Secundus
2450 2487 2624 2530 autem
2679 2478 2818 2532 filius
2858 2479 3031 2545 lsaac,
3063 2479 3258 2546 Jacob,
3290 2483 3513 2538 dilectus

1937 2569 2064 2636 Dei,
2120 2569 2261 2622 sicut
2301 2571 2376 2622 ait
2408 2585 2499 2637 per
2530 2570 2847 2636 PrOphetam
2889 2570 3095 2624 :Jacob
3130 2575 3322 2640 diiexi,
3375 2573 3514 2627 Esau

1935 2669 2103 2713 autent
2133 2660 2252 2713 odio
2293 2659 2446 2713 habui
2478 2660 2732 2730 (Mulaclt.
2763 2678 2802 2724 t,
2834 2662 2910 2732 5).
2945 2663 3039 2716 llic
3077 2671 3197 2732 post
3225 2665 3515 2733 angelicam

1935 2751 2126 2807 luctatn
2158 2761 2373 2806 vocatus
2401 2763 2481 2805 est
2512 2752 2695 2819 Israel,
2721 2766 2751 2806 a
2780 2768 2884 2822 quo
2913 2753 3187 2808 Israelita‘.
3219 2755 3313 2808 Hic
3335 2758 3514 2824 genuit

1935 2846 2215 2902 duodecim
2265 2846 2626 2913 patriarchas,
2678 2861 2903 2914 quorum
2945 2847 3059 2900 haec
3101 2860 3224 2901 sunt
3255 2849 3512 2901 nomina:

1935 2938 2152 3002 Ruben,
2201 2937 2449 3004 Simeon,
2497 2935 2651 3001 Levi,
2699 2934 2898 2998 Judas,
2931 2935 3202 3001 lssachar,
3246 2936 3508 3005 Zabulon,

1939 3031 2046 3083 Dan
2066 3069 2080 3092 ,
2111 3027 2430 3098 Nephtnlim,
2460 3027 2570 3081 Gad
2591 3070 2606 3093 ,
2634 3035 2687 3080 et
2720 3029 2870 3080 Aser.
2916 3026 3041 3080 Post
3072 3027 3166 3080 hos
3205 3027 3388 3096 genuit
3415 3027 3507 3080 ,Ιο-

1938 3119 2072 3188 seph
2125 3118 2192 3172 de
2240 3116 2469 3184 Rachel,
2520 3117 2862 3186 nonagesimo
2908 3115 3143 3171 secundo
3190 3117 3360 3170 aetatis
3401 3134 3512 3171 sure

1937 3227 2100 3265 anno.
2132 3212 2282 3266 lluuc
2308 3211 2518 3265 cteteris
2551 3210 2673 3264 filiis
2705 3212 2803 3280 12
2834 3209 2952 3278 plus
2981 3209 3189 3262 dilexit.
3219 3209 3416 3264 Habuit
3446 3225 3514 3265 ex

1937 3319 1998 3358 ea
2041 3313 2094 3357 et
2137 3303 2416 3371 llenjamin
2467 3302 2710 3355 ultimum
2755 3302 3014 3355 omnium.
3063 3299 3260 3368 Joseph
3304 3312 3516 3367 autem,

1938 3395 2206 3450 decimum
2237 3405 2447 3458 sextum
2479 3394 2651 3448 mtatis
2681 3408 2880 3446 annum
2909 3393 3138 3456 habens,
3176 3404 3354 3462 typum
3387 3408 3497 3462 prae

1938 3487 2116 3542 ferens
2153 3487 2528 3555 Redemptoris
2550 3527 2564 3552 ,
2597 3485 2730 3539 vidit
2771 3485 2978 3540 somnia
3003 3501 3122 3556 qua:
3153 3484 3408 3540 fratribus
3439 3502 3522 3538 re.

1940 3581 2100 3634 tulit:
2129 3579 2288 3647 Quasi
2335 3578 2638 3648 manipulos
2683 3578 2866 3646 legens
2895 3575 2945 3642 ιι,
2975 3591 3106 3646 quos
3151 3592 3369 3632 suorum
3416 3576 3514 3630 fra-

1939 3681 2082 3726 trum
2129 3670 2383 3738 manipuli
2432 3669 2738 3724 adorarent.
2783 3667 2845 3721 Et
2888 3668 3080 3722 iterum
3111 3685 3122 3719 :
3155 3667 3317 3733 Quasi
3346 3665 3426 3720 sol
3469 3675 3522 3720 et

1941 3764 2065 3819 luna
2094 3777 2211 3817 cum
2236 3761 2482 3816 undecim
2513 3760 2680 3814 stellis
2710 3758 3050 3827 prociderent
3076 3767 3200 3812 ante
3222 3773 3365 3812 eum.
3393 3757 3522 3822 Quae

1942 3875 2028 3915 res
2057 3872 2304 3926 magnum
2333 3856 2380 3910 ei
2411 3869 2531 3908 cum
2557 3853 2812 3906 fratribus
2839 3852 3017 3906 odium
3049 3849 3338 3918 generavit.
3373 3849 3524 3903 Unde

1943 3960 1999 4006 et
2025 3949 2336 4004 inﬂammati
2366 3944 2588 4009 invidia,
2622 3943 2804 4012 viginti
2835 3940 2852 3979 ι
2885 3957 3007 3997 eum
3037 3941 3301 4008 argenteis
3330 3939 3525 3992 lsutae-

1944 4045 2055 4101 litis
2083 4045 2138 4098 in
2179 4041 2473 4111 AEgyptum
2510 4036 2910 4091 transeuntibus
2940 4032 3311 4088 vendiderunt.
3349 4031 3526 4085 Immi-

1949 4176 2142 4249 guStini
2167 4221 2181 4242 ,
2221 4170 2474 4249 antea”
2518 4170 2879 4249 detempore,
2910 4166 2994 4249 qui
3026 4173 3080 4218 et
3124 4163 3304 4216 laudat
3332 4164 3523 4244 lliero-

1948 4238 2188 4319 nymutn.
2217 4243 2393 4319 Sed_id
2419 4240 2682 4319 reperitur
2708 4243 2756 4290 iu
2779 4253 2897 4303 cap.
2928 4239 2993 4291 l5
3016 4238 3518 4319 cotnmentariorttm

1950 4307 2003 4374 ni
2034 4320 2289 4380 Marcum,
2325 4314 2382 4368 S.
2418 4312 2740 4378 Hieronymo
2771 4307 3495 4380 perperamrattt’ibttturtttn.

2027 4399 2050 4437 8
2093 4377 2396 4441 Gennadius
2426 4384 2474 4434 in
2507 4377 2760 4448 Catalogo
2792 4380 3026 4431 virorum
3061 4377 3341 4432 illustrium
3389 4377 3526 4426 inter

1951 4460 2133 4516 Severi
2178 4455 2396 4523 Sulpicii
2427 4467 2584 4521 opera
2631 4458 2876 4523 recenset
2905 4448 3250 4523 AChronicam,
3284 4463 3388 4513 quo
3428 4462 3526 4523 nu-

1953 4513 2096 4585 mine
2126 4513 2408 4581 Historiam
2439 4513 2644 4576 sacram
2672 4521 2740 4573 ab
2767 4535 2831 4574 eo
2852 4520 3046 4571 editam
3081 4526 3205 4584 puto
3231 4513 3516 4586 designari.

1953 4602 2009 4656 ln
2041 4616 2103 4654 ea
2130 4608 2302 4652 tamen
2328 4596 2473 4648 Isaac
2503 4606 2661 4654 supra
2693 4591 2947 4643 Calvarite
2978 4599 3211 4642 montem
3245 4587 3527 4640 immolan-

1952 4675 2076 4726 dum
2104 4686 2130 4721 a
2165 4678 2310 4733 patre
2350 4667 2563 4718 ductum
2595 4661 2755 4714 fuisse
2784 4676 2888 4713 non
2932 4661 3066 4733 lego.

2029 4739 2056 4777 ιι
2095 4726 2288 4792 Cenes.
2318 4752 2435 4802 cap.
2471 4735 2528 4786 Π
2555 4749 2616 4785 ex
2648 4734 2837 4783 Abram
2867 4730 3158 4797 appellatur
3186 4726 3456 4802 Abraham.

2033 4812 2047 4848 ί
2095 4811 2182 4864 Sic
2224 4808 2346 4861 cuti.
2389 4793 2558 4872 'Reg.;
2605 4803 2692 4853 alii
2723 4793 3325 4872 atlduttt'nonozatn89
3370 4793 3528 4850 simul

1955 4897 2078 4937 cum
2108 4880 2206 4933 l7U
2236 4866 2507 4932 efﬁcerem
2537 4873 2661 4926 2⁸49.
2697 4873 2841 4935 Bec.,
2871 4871 2994 4922 vixit
3039 4886 3123 4921 an.
3154 4866 3280 4920 248.

2031 4953 2045 5000 1
2101 4952 2165 5002 Et
2195 4961 2368 5001 tamen
2400 4945 2491 4999 lib.
2525 4943 2642 5005 Job,
2672 4958 2791 5010 cap.
2815 4933 2868 4994 et
2890 4955 3031 4993 vers.
3062 4940 3178 5010 ιιΙῐ.Ρ
3209 4933 3529 5010 ,1η1)·(ἰὶ(ξίιιιι·

1954 5021 2151 5075 vixisse
2194 5017 2428 5085 posthmc
2460 5015 2560 5067 HO
2605 5006 2780 5085 annis.
2823 5010 3010 5064 Versio
3051 5006 3274 5085 Syriaca.
3307 5014 3359 5085 e_t
3397 5007 3529 5085 Ara-

1958 5072 2085 5146 bica.
2117 5072 2254 5152 Mt};
2297 5086 2373 5141 sic
2398 5093 2449 5138 et
2480 5084 2656 5136 versio
2686 5083 2893 5152 Graeca2
2923 5092 3041 5152 quae
3069 5072 3229 5152 etiam
3261 5072 3418 5152 habet
3451 5085 3529 5124 Iu-

1958 5143 2064 5216 iam
2088 5159 2188 5214 Joh
2211 5143 2369 5210 vitam
2399 5155 2562 5209 fuisse
2587 5165 2847 5206 annorum
2871 5149 2978 5201 240
3001 5163 3014 5198 ;
3038 5144 3179 5214 quod
3203 5157 3305 5197 non
3333 5143 3530 5199 habent

1957 5232 2075 5286 alias
2105 5227 2395 5282 versioues.

2032 5283 2069 5338 ί
2099 5299 2230 5353 Cod.
2263 5298 2480 5365 Regm.,
2528 5292 2728 5365 l_egens_,
2769 5303 3019 5365 suumque
3060 5283 3383 5350 manipulum
3426 5283 3532 5353 fra-

1965 5381 2129 5434 trum,
2175 5376 2274 5422 etc.
2305 5382 2318 5427 ;
2345 5359 2477 5418 'cod.
2530 5363 2664 5429 Reg.
2699 5359 2866 5434 habet
2886 5359 3048 5434 ligans
3077 5369 3320 5424 suumque
3341 5398 3356 5422 ,
3387 5368 3491 5409 etc.
3514 5393 3530 5418 ,

1968 5429 2405 5512 qtiod:est_textui
2436 5434 2707 5512 Getteseos
2726 5429 3082 5512 ρυρίὶηιιιῇυς.

2043 5511 2059 5548 ι
2108 5509 2197 5565 Sic
2227 5509 2436 5578 Regm.,
2464 5502 2598 5560 sicut
2625 5511 2679 5558 et
2724 5503 2775 5556 in
2804 5499 3052 5565 GenesL;
3101 5499 3188 5554 alii
3218 5497 3406 5552 habent
3446 5495 3513 5547 tri

1966 5583 2129 5652 ginta.
