4024 6192
566 198 663 254 167

1579 187 1637 242 S.
1676 181 2004 241 CREGORII
2040 179 2344 234 EPISCOPI
2383 179 2812 234 TURONENSIS

3708 182 3804 233 iliS

559 321 716 365 nente
763 315 940 361 autem
971 304 1138 367 fame,
1182 315 1303 356 cum
1332 298 1729 354 descendissent
1766 297 1817 350 hi
1846 297 1896 350 in
1929 295 2127 363 Egyp—
2161 294 2205 348 A
2235 304 2338 358 quo
2369 292 2591 343 transitu
2616 292 2796 354 multa,
2829 300 2886 342 ut
2912 290 3041 354 dixi,
3075 299 3394 343 narrantur:
3425 290 3521 345 sed
3547 303 3646 344 nos
3669 293 3812 359 quod

559 417 700 465 tum,
733 399 929 466 cogniti
979 406 1099 450 sunt
1142 410 1172 448 a
1198 393 1424 461 Joseplt,
1458 407 1554 443 nec
1584 401 1758 443 tamen
1792 389 1890 454 ipsi
1934 385 2131 451 .loseph

557 498 938 559 cognoverunt.
974 487 1091 556 Ipse
1125 495 1300 539 tamen
1341 497 1398 536 se
1428 484 1508 536 his
1559 491 1679 551 post
1712 481 1907 534 multas
1947 493 2132 532 eorum

558 584 923 651 iatigationes,
969 588 1020 632 et
1066 576 1296 630 adducto
1347 573 1652 642 Benjamin,
1694 569 1984 624 declaravit
2021 585 2033 620 :
2069 568 2134 619 de

562 673 755 728 Rachel
784 673 921 724 enim
954 678 1119 721 matre
1146 679 1240 719 sua
1271 672 1428 719 natus
1456 673 1510 717 et
1535 661 1619 715 hic
1648 662 1837 714 fuerat.
1869 659 1994 713 Post
2022 657 2134 709 hac

564 763 884 818 descendunt
912 759 1092 813 cuncti
1123 756 1375 811 Israelita:
1405 755 1459 808 in
1507 753 1814 822 (Egyptum,
1846 762 1899 805 et
1930 765 2022 820 per
2045 750 2135 804 Jo-

559 857 689 922 seph
745 853 1034 906 Pharionis
1073 849 1238 919 gratia
1284 856 1523 901 utuntur.
1576 845 1739 900 Jacob
1789 853 1964 898 autem
2013 852 2135 911 post

563 945 871 1001 benedictos
921 943 1057 996 filios
1084 956 1211 995 suos
1239 942 1290 994 in
1319 939 1553 1009 :Egypto
1582 937 1842 1024 moritur,
1868 944 1920 989 et
1967 933 2019 988 in
2050 949 2134 988 se-

559 1035 743 1102 pulcro
774 1043 798 1070 ⁸
832 1034 998 1103 patris
1024 1034 1102 1085 sui
1138 1031 1281 1084 lsaac
1310 1029 1565 1098 sepelitur
1593 1029 1642 1081 in
1676 1037 1815 1080 terra
1857 1026 2131 1081 Chanaan.

564 1127 767 1179 Mortuo
815 1137 988 1178 autem
1020 1123 1215 1190 Joscph
1248 1131 1407 1190 atque
1439 1121 1714 1176 Pharaone
1740 1119 1770 1157 ι’
1793 1160 1808 1183 ,
1854 1119 2134 1187 subjicitur

559 1225 750 1269 cuncta
775 1215 1048 1284 generatio
1079 1215 1342 1278 servituti,
1373 1228 1490 1281 qua:
1523 1227 1614 1280 per
1641 1211 1856 1280 Moysen
1887 1221 2002 1277 post
2043 1210 2134 1265 de-

559 1323 676 1362 cem
708 1307 888 1376 plagas
917 1304 1132 1374 Egypti
1168 1303 1442 1368 liberatur,
1476 1301 1725 1356 demerso
1753 1300 2030 1355 Pharaone
2080 1300 2134 1354 in

561 1399 694 1454 mari
738 1398 938 1452 Rubro.

634 1489 705 1542 X.
741 1489 806 1542 Et
831 1487 1080 1558 quoniam
1105 1485 1170 1540 de
1199 1485 1300 1540 hoc
1326 1485 1490 1539 maris
1515 1484 1739 1537 transitu
1769 1483 1948 1552 plures
1974 1482 2133 1536 multa

561 1582 830 1647 dixerunt,
861 1579 1031 1633 visum
1060 1587 1162 1644 est,
1195 1587 1254 1631 ut
1280 1578 1348 1632 de
1377 1577 1482 1630 situ
1513 1577 1612 1630 loci
1644 1575 1811 1640 illius,
1856 1575 1939 1628 vel
1973 1575 2134 1643 ipsius

2236 397 2262 432 a
2291 382 2636 449 sapientibus,
2668 391 2726 436 et
2750 391 2897 437 certe
2926 382 3029 437 illis
3060 381 3384 446 hominibus,
3410 383 3500 443 qui
3531 382 3584 436 in
3615 383 3814 436 eodem

2236 475 2353 528 loco
2379 484 2748 540 accesserant,
2799 491 2978 530 verum
3021 476 3366 544 cognovimus
3394 516 3410 541 ,
3459 489 3521 529 ea
3573 475 3820 529 inserere

2243 563 2541 619 studuimus
2598 569 2820 633 paginae.
2853 566 3016 620 Aiunt
3063 567 3205 618 enim
3237 565 3447 629 sulcos,
3498 579 3636 634 quos
3682 574 3814 618 roti-

2233 670 2485 708 curruum
2515 656 2746 709 fecerant
2767 700 2780 721 ,
2814 669 2982 724 usque
3014 656 3170 709 hodie
3202 670 3535 724 permanere,
3564 665 3618 709 et
3647 669 3816 723 quan-

2234 756 2342 800 tum
2371 748 2512 800 acies
2541 746 2814 800 oculorum
2837 746 3017 802 videre
3045 755 3238 815 potest,
3271 747 3322 800 in
3359 747 3619 814 profundo
3641 748 3811 801 cerni.

2233 836 2376 904 Quos
2423 838 2469 890 si
2523 838 2789 891 modicum
2836 840 3123 892 commotio
3169 840 3331 891 maris
3377 839 3673 902 obtexerit,
3724 838 3817 890 illo

2233 930 2566 996 quiescente,
2598 945 2807 982 rursum
2839 929 3093 984 divinitus
3122 938 3446 983 renovantur
3475 937 3533 983 ut
3578 923 3838 983 fuerant.‘

2238 1021 2422 1076 Dicunt
2472 1021 2584 1088 alii,
2617 1026 2757 1090 quod
2802 1022 2867 1076 ad
2895 1023 3060 1092 ipsam
3091 1024 3282 1091 ripam,
3316 1023 3453 1078 facto
3481 1023 3694 1077 modico
3723 1037 3816 1091 per

2235 1127 2379 1165 mare
2409 1111 2633 1166 circuitu
2660 1155 2674 1177 ,
2731 1113 2872 1168 unde
2921 1113 3144 1183 ingressi
3177 1114 3385 1167 fuerant
3406 1155 3420 1175 ,
3451 1115 3558 1168 sint
3587 1115 3812 1168 reversi.

2235 1201 2337 1256 Alii
2364 1216 2492 1256 vero
2521 1213 2802 1267 asserunt,
2857 1219 3016 1256 unum
3050 1205 3254 1256 cunctis
3301 1205 3598 1272 ingressum
3633 1220 3648 1256 :
3685 1218 3814 1258 non-

2235 1293 2387 1357 nulli,
2419 1294 2698 1363 unicuique
2729 1294 2883 1346 tribui
2909 1309 3057 1347 suam
3090 1297 3324 1358 patuisse
3351 1296 3523 1366 viain,
3558 1295 3690 1350 illttd
3737 1305 3815 1348 te-

2236 1389 2539 1441 stimonium
2565 1389 2804 1440 Psalterii
2822 1389 3143 1442 adducentes
3161 1399 3219 1441 εξ
3245 1389 3345 1456 Qui
3367 1389 3532 1442 divisit
3556 1405 3696 1441 mare
3716 1389 3816 1439 Ru-

2237 1483 2380 1534 brum
2426 1483 2476 1534 in
2517 1483 2784 1536 divisiones
2827 1481 2997 1550 (Psal.
3037 1499 3238 1547 csuv,
3280 1483 3386 1552 l3),
3421 1482 3521 1554 14
3540 1499 3675 1552 quas
3719 1498 3816 1538 nos

2236 1573 2522 1627 divisiones
2549 1573 2880 1641 spiritaliter,
2911 1582 2965 1627 et
3013 1589 3117 1628 non
3143 1575 3433 1628 secundum
3465 1575 3696 1629 litteram
3732 1577 3815 1628 in-

561 1673 815 1737 transitu,
863 1670 1038 1740 aliqua
1091 1671 1211 1724 huic
1266 1670 1496 1723 inseram
1545 1668 1781 1722 lectioni.
1835 1667 1982 1720 Nilus
2035 1681 2131 1734 per
2167 1653 2208 1709 Β
2238 1669 2475 1733 telligere
2499 1674 2732 1735 oportet.
2764 1666 2898 1721 Sunt
2927 1669 3064 1721 enim
3096 1676 3150 1720 et
3195 1669 3247 1721 in
3296 1667 3396 1721 hoc
3421 1669 3638 1731 saeculo,
3673 1667 3815 1736 quod

562 1769 874 1838 Egyptum,
902 1767 1040 1820 sicut
1065 1765 1261 1833 optime
1293 1764 1482 1831 nostis,
1511 1762 1767 1826 decurrit,
1794 1773 1847 1814 et
1879 1764 1992 1825 ipse
2017 1774 2134 1813 eam

563 1864 763 1929 impetu
805 1875 902 1913 suo
930 1860 1149 1928 irrigat:
1180 1856 1320 1911 unde
1340 1866 1393 1911 et
1429 1854 1664 1924 Atgyptii
1696 1853 1930 1907 Nilieoke
1958 1852 2139 1920 appel-

562 1953 756 2005 lantur.
785 1949 948 2018 Cujus
977 1963 1113 2000 nunc
1161 1947 1335 1999 littora
1379 1946 1528 1998 multi
1563 1945 1800 1996 locorum
1846 1942 2138 2009 perlustra-

562 2053 724 2102 tores,
758 2042 950 2096 referta
983 2040 1148 2093 sacris
1191 2035 1534 2090 monasteriis
1577 2035 1765 2087 dicunt
1792 2047 1934 2087 esse.
1966 2031 2140 2100 Super

564 2140 730 2203 ripam
762 2147 890 2187 vero
918 2133 1036 2198 ejus
1081 2145 1187 2183 non
1235 2128 1554 2198 Babylonia,
1604 2127 1672 2181 de
1703 2140 1806 2195 qua
1837 2138 1997 2192 supra
2029 2137 2140 2176 me-

563 2228 846 2288 tninirnus,
897 2223 988 2276 sed
1036 2221 1124 2274 Bal
1147 2221 1322 2292 ylonia
1354 2221 1522 2272 altera
1550 2219 1743 2271 civitas
1774 2226 1794 2253 ε
1829 2216 2138 2279 collocatur,

571 2321 623 2372 in
653 2333 753 2387 qua
799 2315 994 2383 Joseph
1025 2316 1212 2366 horrea
1242 2312 1379 2366 miro
1407 2327 1567 2379 opere
1611 2311 1677 2365 de
1707 2309 1970 2377 lapidibus
2012 2322 2142 2378 qua-

565 2411 679 2464 dris
708 2419 762 2462 et
789 2414 1052 2460 cremento
1079 2404 1364 2457 aedificavit
1392 2419 1406 2455 τ
1441 2405 1510 2456 ita
1542 2411 1599 2456 ut
1627 2401 1692 2455 ad
1736 2400 1954 2454 fundum
1984 2415 2142 2468 capa-

564 2501 707 2553 ciora
729 2537 744 2562 ,
775 2497 838 2551 ad
869 2511 1130 2549 summum
1161 2508 1286 2549 vero
1313 2494 1595 2547 constricta
1632 2493 1730 2563 13
1765 2493 1909 2557 sint',
1953 2501 2008 2546 ut
2051 2507 2143 2560 per

567 2591 841 2656 parvulum
885 2588 1124 2646 foramen
1169 2585 1364 2640 ibidem
1397 2586 1626 2638 triticum
1671 2585 1940 2651 iaceretur
1965 2622 1982 2648 ,
2023 2597 2143 2651 qua:

565 2681 753 2735 horrea
786 2693 952 2748 usque
1001 2677 1161 2732 hodie
1202 2686 1515 2731 cernuntur.
1550 2676 1624 2730 De
1664 2674 1764 2730 hac
1807 2675 2020 2728 civitate
2050 2688 2144 2728 res

565 2774 629 2826 ad
681 2771 1105 2840 persequendum
1159 2769 1452 2833 Hebraeos,
1499 2782 1620 2821 cum
1652 2766 1973 2821 exercitibus
2021 2781 2144 2820 cur-

566 2879 742 2926 ruum,
773 2877 836 2916 ac
866 2862 1027 2914 multa
1053 2859 1284 2930 pedestri
1314 2873 1473 2913 manu
1501 2857 1735 2912 directus
1764 2866 1863 2910 est.
1898 2858 2037 2911 Ante
2065 2856 2145 2911 di-

569 2968 687 3008 ctus
715 2971 841 3008 vero
872 2953 1063 3007 ﬂuvius
1092 2955 1160 3006 ab
1191 2952 1410 3006 Uriente
1455 2951 1701 3015 veniens,
1736 2950 1800 3004 ad
1837 2950 2142 3004 occidenta-

2242 1757 2526 1824 fignraliter
2553 1773 2698 1810 mare
2736 1758 2950 1823 dicitur,
2981 1758 3159 1812 multa:
3184 1759 3473 1813 divisiones
3497 1775 3511 1812 :
3543 1773 3645 1811 non
3670 1760 3814 1812 enim

2239 1851 2512 1916 aequaliter
2557 1859 2816 1918 possunt,
2868 1861 2960 1904 aut
3014 1867 3106 1918 per
3155 1867 3311 1905 unam
3347 1851 3484 1904 viam
3535 1851 3600 1905 ad
3651 1853 3816 1905 vitam

2237 1942 2412 1995 Cuncti
2455 1941 2704 1994 transire.
2749 1943 2848 1995 Alii
2880 1951 3054 1997 autem
3087 1951 3362 1996 transeunt
3399 1943 3448 1997 in
3483 1943 3666 1999 horam
3710 1944 3817 2012 pri-

2239 2049 2379 2087 mam
2405 2049 2419 2087 :
2449 2033 2498 2086 id
2532 2044 2612 2087 est
2640 2036 2726 2100 qui
2759 2037 2929 2089 renati
2971 2051 3064 2104 per
3102 2035 3438 2104 baptismum,
3489 2037 3817 2090 immaculati

2239 2125 2308 2178 ab
2349 2126 2492 2179 omni
2545 2127 2948 2194 inquinamento
2991 2130 3168 2184 carnis
3200 2129 3488 2198 perdurare
3538 2144 3711 2198 usque
3753 2130 3817 2181 ad

2241 2215 2363 2268 vita:
2408 2219 2685 2285 praesentis
2724 2220 2920 2273 exitum
2961 2231 3202 2288 possunt.
3250 2221 3352 2274 Alii
3384 2220 3448 2273 ad
3483 2220 3667 2274 horam
3715 2230 3819 2274 ter-

2244 2305 2404 2370 tiam,
2441 2305 2687 2361 videlicet
2713 2308 2800 2376 qui
2851 2309 3038 2376 majori
3090 2315 3248 2362 actate
3275 2319 3681 2363 convertuntur.
3717 2311 3818 2364 Alii

2245 2398 2311 2452 ad
2355 2411 2584 2464 sextam,
2627 2400 2716 2469 qui
2745 2400 2966 2455 luxuria:
2996 2401 3261 2456 fervorem
3312 2410 3603 2457 coercent:
3633 2411 3687 2455 et
3729 2417 3823 2469 per

2243 2490 2342 2545 has
2385 2506 2620 2561 quasque
2665 2492 2863 2560 horas,
2911 2494 3046 2547 sicut
3097 2493 3434 2564 Evangelista
3473 2493 3688 2565 (Matth.
3723 2498 3822 2561 xx)

2243 2592 2646 2647 commemorat,
2676 2583 2741 2637 ad
2765 2599 2983 2651 Operam
3013 2585 3295 2640 dominica:
3322 2587 3495 2639 viuere
3524 2586 3822 2640 secundum

2245 2674 2402 2729 ﬁdem
2445 2677 2714 2743 pr0priam
2762 2677 3152 2730 conducuntur.
3206 2677 3298 2731 Ha:
3341 2687 3464 2732 sunt
3491 2677 3824 2746 divisiones,

2244 2767 2434 2836 quibus
2483 2783 2578 2836 per
2619 2767 2720 2821 hoc
2753 2783 2900 2823 mare
2943 2771 3218 2822 transitur.
3251 2768 3380 2822 Illud
3422 2784 3548 2822 vero
3572 2771 3712 2838 quod
3758 2771 3826 2825 ad

2246 2873 2392 2912 mare
2423 2873 2588 2928 usque
2631 2860 2908 2914 venientes
2928 2899 2944 2924 ,
2989 2857 3134 2913 littus
3164 2861 3332 2929 stagni
3362 2869 3604 2916 tenentes
3644 2877 3826 2917 rever-

2249 2957 2459 3014 tuntur,
2512 2950 2640 3003 illud
2685 2961 2766 3004 est
2805 2951 2947 3019 quod
2990 2951 3242 3006 Dominus
3273 2953 3336 3005 ad
3382 2953 3601 3024 Moysen
3647 2953 3824 3009 dixit:

566 3051 667 3101 lem
697 3047 899 3116 plagam
924 3059 1106 3100 versus
1131 3044 1365 3097 Rubrum
1390 3058 1535 3097 mare
1559 3041 1700 3096 vadit
1732 3057 1748 3096 :
1773 3042 1840 3096 ab
1861 3042 2148 3098 Occidente
2172 3021 2219 3085 (ἶ
2255 3041 2460 3096 Reversi
2489 3052 2655 3096 castra
2680 3052 2933 3096 metemur
2957 3059 2983 3096 e
3013 3044 3216 3112 regione
3255 3021 3584 3109 Phiahiroth,
3615 3061 3732 3111 qmc
3755 3055 3826 3099 est

568 3153 693 3190 vero
724 3148 968 3206 stagnum
1012 3135 1124 3189 sive
1154 3135 1429 3188 brachium
1459 3132 1529 3187 de
1559 3133 1691 3186 mari
1720 3132 1899 3187 Rubro
1929 3148 2148 3203 progre-

567 3228 744 3292 ditur,
789 3235 845 3282 et
891 3226 1035 3280 vadit
1081 3235 1267 3280 contra
1293 3225 1602 3291 Orientem,
1659 3225 1860 3280 habens
1903 3225 1955 3279 in
1987 3225 2149 3296 longo

568 3321 733 3376 millia
762 3319 973 3373 circiter
1000 3317 1409 3386 quinquaginta;
1438 3316 1487 3369 in
1516 3315 1620 3369 lato
1645 3326 1850 3382 autem,
1879 3316 2064 3370 decem
2096 3317 2152 3370 el

573 3423 715 3466 octo.
752 3413 804 3465 ltt
835 3412 991 3480 hujus
1028 3411 1202 3476 stagni
1241 3411 1415 3474 capite
1455 3409 1668 3480 Clysma
1708 3410 1902 3463 civitas
1925 3406 1953 3446 ἀ
1983 3409 2148 3462 aedifi-

573 3513 689 3556 cata
717 3511 820 3565 est,
855 3516 959 3554 non
991 3509 1210 3567 propter
1238 3498 1564 3552 fertilitatem
1614 3498 1734 3563 loci,
1772 3513 1889 3552 cum
1922 3499 2052 3552 nihil
2081 3499 2150 3553 sit

575 3596 696 3663 plus
725 3594 936 3656 sterile,
966 3592 1059 3647 sed
1088 3601 1305 3660 propter
1334 3602 1543 3660 portum
1579 3609 1591 3643 :
1621 3593 1743 3660 quia
1771 3606 1933 3646 naves
1963 3594 2029 3645 ab
2061 3592 2147 3645 lti-

569 3688 669 3742 diis
694 3689 989 3750 venientes,
1016 3684 1210 3739 ibidem
1234 3684 1302 3737 ob
1326 3693 1510 3752 portus
1531 3684 1978 3752 opportunitatem
2001 3684 2151 3752 quie-

566 3788 755 3842 scunt;
800 3778 870 3831 ibi
918 3784 1242 3843 comparata:
1287 3787 1493 3828 merces
1541 3789 1636 3843 per
1664 3783 1826 3829 totam
1859 3775 2148 3846 Egyptqu

565 3873 934 3937 deportantur.
968 3867 1047 3921 Ad
1081 3867 1180 3919 hoc
1207 3875 1452 3935 stagnum
1484 3880 1582 3933 per
1610 3864 1883 3919 desertum
1934 3866 2149 3920 llehrazi

566 3962 862 4024 tendentes,
909 3973 1075 4027 u5que
1124 3957 1188 4010 ad
1224 3957 1395 4023 ipsum
1429 3969 1572 4010 mare
1609 3965 1902 4022 venerunt,
1955 3956 2148 4011 inven-

565 4055 737 4121 tisque
765 4051 1008 4105 dulcibus
1039 4053 1190 4118 aquis
1219 4059 1392 4102 castra
1427 4048 1610 4102 metati
1638 4057 1780 4101 sunt.
1813 4049 1866 4102 In
1901 4049 2000 4104 hoc
2021 4065 2149 4120 ergo

567 4154 720 4196 arcto
747 4143 900 4206 loco,
949 4152 1054 4194 tam
1082 4141 1148 4194 ab
1177 4155 1362 4194 eremo
1392 4155 1548 4207 quam
1577 4139 1644 4192 ab
1675 4140 1790 4206 ipso
1818 4141 1947 4193 mari
1967 4183 1980 4205 ,
2021 4155 2152 4194 con-

567 4239 844 4298 sederunt,
876 4235 1013 4288 sicut
1054 4235 1310 4301 scriptum
1341 4242 1425 4287 est
1451 4250 1466 4286 :
1491 4234 1714 4286 Audiens
1754 4231 1983 4296 Pharao,
2011 4234 2148 4301 quod

565 4329 889 4380 conclusisset
919 4342 1002 4378 eos
1031 4341 1172 4377 mare
1200 4335 1353 4394 atque
1400 4325 1670 4387 desertum,
1701 4341 1790 4377 nec
1819 4334 1945 4376 esset
1971 4325 2044 4377 eis
2071 4325 2150 4376 via

2254 3134 2385 3185 inter
2413 3131 2709 3203 Magdalum
2731 3144 2778 3185 et
2800 3148 2939 3186 mare
2957 3145 3134 3186 contra
3160 3133 3464 3202 Beelsephon
3489 3133 3685 3203 (Exod.
3712 3152 3824 3200 ειν,

2251 3223 2329 3292 2).
2359 3223 2465 3277 Nec
2490 3225 2630 3278 enim
2660 3223 2878 3277 dubium
2905 3236 3007 3287 est,
3040 3224 3181 3293 quod
3224 3226 3480 3279 transitus
3507 3226 3600 3281 ille
3637 3229 3823 3294 maris,

2250 3314 2332 3367 vel
2383 3315 2625 3368 columna
2676 3317 2830 3369 nubis
2871 3325 3051 3385 typum
3094 3317 3360 3386 gesserint
3405 3317 3573 3372 nostri
3625 3319 3827 3385 baptis-

2252 3406 2429 3471 matis,
2459 3406 2670 3461 dicente
2698 3409 2852 3460 beato
2895 3407 3060 3460 Paulo
3087 3407 3327 3476 apostolo
3353 3424 3365 3459 :
3394 3407 3534 3462 Nolo
3561 3423 3647 3461 vos
3675 3409 3828 3478 igno-

2250 3515 2385 3561 rare,
2433 3503 2650 3568 fratres,
2691 3501 2810 3569 quia
2840 3510 3011 3568 patres
3041 3500 3200 3553 nostri
3224 3516 3396 3553 omnes
3439 3502 3532 3552 sub
3556 3500 3688 3554 nube
3715 3501 3825 3569 [tte-

2249 3601 2390 3655 runt,
2417 3602 2462 3644 et
2489 3607 2658 3646 omnes
2701 3592 2756 3645 in
2786 3591 2998 3662 Moysen
3029 3591 3271 3658 baptizari
3297 3599 3414 3646 sunt
3438 3592 3491 3644 in
3521 3592 3654 3644 nube
3693 3602 3744 3644 et
3773 3592 3826 3644 its

2251 3686 2380 3738 mari
2412 3683 2464 3755 (f
2494 3684 2612 3738 Cor.
2662 3700 2724 3750 χ,
2769 3685 2820 3748 1,
2852 3685 2930 3750 2).
2971 3682 3225 3738 Columna
3280 3697 3410 3738 vero
3460 3682 3596 3753 ignis
3640 3693 3826 3753 typum

2252 3778 2420 3832 sancti
2461 3777 2694 3845 Spiritus
2724 3777 2973 3844 pra-tulit.

2325 3873 2369 3924 A
2393 3873 2664 3924 nativitate
2691 3884 2817 3938 ergo
2849 3868 3076 3922 Abi-aha:
3104 3881 3271 3937 usque
3299 3867 3364 3921 ad
3386 3881 3658 3938 egressum
3694 3867 3828 3922 filio-

2252 3975 2367 4014 rum
2403 3961 2556 4014 lsrael
2589 3976 2656 4014 ex
2685 3960 2949 4028 'Arlgypto,
3005 3958 3086 4014 vel
3119 3958 3397 4013 transitum
3429 3957 3590 4011 maris
3621 3959 3783 4012 Ruhri
3808 4000 3824 4022 ,

2251 4052 2342 4122 qui
2372 4053 2469 4107 fuit
2510 4053 2676 4122 Moysi
2715 4053 3071 4120 octogesimus
3101 4067 3292 4117 annos,
3321 4060 3674 4120 supputatitur
3702 4053 3827 4106 anui

2254 4159 2477 4198 numero
2506 4141 2630 4195 462.

2323 4234 2415 4288 XI.
2448 4234 2648 4287 Exinde
2690 4248 2784 4302 per
2820 4233 3160 4301 quadraginta
3183 4247 3353 4286 annos
3378 4231 3624 4286 Israelita:
3643 4246 3828 4286 eremo

2254 4338 2494 4392 utuntur,
2526 4328 2832 4380 imbuuntur
2877 4326 3117 4395 legibus;
3153 4326 3462 4393 probantur,
3494 4323 3830 4393 victibusqne

565 4434 668 4482 qua
719 4425 919 4482 possent
971 4431 1217 4485 pergere,
1267 4416 1333 4467 ad
1381 4416 1784 4485 persequendum
1835 4430 1919 4467 eos
1967 4415 2150 4467 direxit
2179 4403 2546 4486 Dpascuntur
2573 4417 2843 4484 angelicis.
2897 4416 3156 4485 Deinceps
3198 4417 3338 4469 enim
3390 4425 3509 4485 post
3553 4424 3829 4484 acceptam

567 4507 766 4573 (Exod.
801 4521 908 4571 xrv,
936 4507 1013 4574 5).
1045 4509 1281 4574 Cumque
1307 4506 1722 4560 imminentibus
1756 4505 1837 4559 Itis
1865 4505 2031 4575 Moysi
2063 4521 2154 4572 po-

578 4601 731 4667 pulus
759 4599 1128 4662 acclamasset,
1157 4598 1448 4652 secundum
1474 4603 1678 4664 jussum
1710 4599 2010 4652 Divinitatis
2034 4614 2154 4668 pro-

565 4694 700 4761 jecta
749 4690 894 4756 virga
947 4703 1107 4756 super
1157 4703 1337 4752 mare,
1369 4687 1597 4742 divisum
1643 4697 1757 4753 est;
1807 4688 2018 4757 illisque
2058 4704 2150 4758 per

567 4785 707 4837 sicca
735 4779 1120 4849 gradientibus,
1151 4791 1226 4840 et,
1263 4789 1320 4831 ut
1349 4781 1621 4846 Scriptura
1650 4782 1720 4833 ait
1750 4798 1764 4834 :
1793 4780 1945 4833 Maro
1985 4799 2145 4850 aqua-

563 4893 679 4930 rum
711 4875 933 4942 undique
986 4874 1160 4924 vallati
1195 4870 1390 4940 (Exod.
1426 4889 1533 4938 srv,
1564 4873 1656 4940 ‘22)
1679 4916 1692 4937 ,
1740 4875 1791 4927 itt
1821 4875 1965 4928 littus
1993 4875 2145 4937 illud,

567 4968 704 5039 quod
751 4975 835 5021 est
878 4974 1064 5018 contra
1096 4974 1326 5017 montem
1358 4964 1498 5033 Syria
1525 5005 1541 5029 ,
1581 4965 1732 5018 illmsi
1761 4980 2001 5033 prorsus,
2050 4967 2146 5020 de-

568 5062 762 5117 mersis
805 5058 1101 5130 .tEgyptiis,
1134 5056 1316 5127 Moyse
1360 5057 1498 5110 duce
1547 5058 2027 5128 transgrediuntur.
2072 5059 2148 5114 De

642 5207 683 5268 ι-
707 5195 840 5249 Cod.
870 5194 1078 5268 Regm_.,
1110 5195 1163 5246 in
1185 5193 1426 5268 sepulcro
1467 5210 1562 5248 suo
1589 5211 1623 5249 a
1651 5194 1865 5263 Ioseph.
1915 5195 2146 5268 Utraque

563 5266 722 5319 lectio
750 5281 872 5319 vera
903 5282 970 5318 ex
1004 5265 1222 5318 Genesi.

642 5335 690 5408 δ-
711 5337 842 5389 Cod.
876 5335 1086 5402 Regum,
1118 5352 1148 5386 a
1175 5334 1451 5388 Pharaone
1493 5335 1792 5408 subjicitur,
1841 5353 1959 5408 qua:
1983 5339 2144 5394 etiam

569 5404 728 5459 lectio
762 5419 887 5456 vera
921 5417 1022 5456 est.

645 5484 670 5510 ο
711 5475 834 5548 Hac
857 5472 1014 5548 hodie
1040 5475 1254 5548 Csirtim
1275 5477 1590 5548 appellatur;
1622 5478 1749 5532 urbs
1772 5477 1984 5548 IEgypti
2012 5495 2148 5546 prte-

570 5543 725 5620 cipna
757 5543 820 5620 ad
867 5541 1040 5620 Nnilu'rnn
1085 5541 1494 5620 tlitviurn',:olirn
1545 5541 2144 5620 sultatiorutii"rf3gypti

574 5614 752 5677 sedes,
797 5611 957 5666 hodie
981 5611 1167 5668 Turcis
1205 5614 1431 5668 subdita.

2257 4507 2474 4576 Legem,
2509 4516 2948 4576 transgressoque
2969 4523 3089 4562 cum
3118 4508 3242 4562 Jesu
3275 4508 3419 4563 Nave
3445 4508 3698 4575 Jordane,
3724 4518 3830 4564 ter-

2256 4617 2370 4658 ram
2411 4601 2838 4669 repromissionis
2869 4603 3154 4670 accipiunt.

2329 4692 2438 4746 Xll.
2480 4693 2606 4746 Post
2644 4696 2794 4760 cujus
2833 4695 3136 4758 transitum,
3169 4693 3294 4747 dum
3346 4704 3609 4764 praecepta
3651 4695 3830 4751 divina

2258 4793 2603 4854 postponunt,
2646 4800 2788 4852 saepe
2831 4785 2882 4837 in
2927 4783 3339 4856 alienigenarum
3385 4769 3600 4841 servitio
3640 4789 3830 4857 subju-

2254 4890 2466 4947 gantur.
2517 4880 2618 4932 Sed
2671 4893 2792 4931 cum
2823 4880 3069 4932 conversi
3122 4880 3510 4949 ingemiscant,
3565 4881 3831 4934 tribuente

2253 4974 2501 5038 Domino,
2538 4987 2633 5042 per
2676 4971 2910 5025 virorum
2956 4971 3170 5025 fortium
3201 4972 3473 5026 brachium
3513 4972 3828 5028 liberantur.

2253 5063 2493 5119 Posthme
2539 5078 2632 5133 per
2659 5061 2981 5130 Samuelem,
3012 5076 3214 5133 regem,
3236 5063 3374 5138 sicut
3403 5062 3624 5133 reliqua:
3644 5075 3833 5134 gentes

2329 5198 2355 5236 ά
2396 5198 2548 5265 Apud
2592 5197 2934 5252 Ptolemaeum
2974 5198 3273 5266 prtesidium
3315 5205 3397 5253 est
3440 5199 3491 5251 in
3533 5215 3655 5255 sinu
3703 5202 3833 5255 Ara-

2255 5270 2374 5324 bico
2419 5270 2598 5322 situm.
2651 5269 2882 5322 Lisinuin
2914 5283 3032 5324 esse
3076 5267 3328 5322 Antonini
3372 5278 3519 5338 putat
3565 5272 3834 5327 Simleius

2254 5341 2392 5410 apud
2421 5340 2700 5410 Ortelium.

2327 5421 2350 5447 °
2393 5411 2571 5464 Codex
2596 5409 2797 5463 Turon.
2825 5408 2960 5476 apud
2991 5409 3266 5462 Ilorelium
3295 5409 3453 5464 habet
3480 5411 3828 5462 testimonium

2252 5481 2478 5550 psalterii
2507 5481 2788 5544 abutentes,
2817 5489 3076 5550 quartum
3096 5479 3322 5533 fortasse
3345 5496 3525 5534 casum
3553 5497 3648 5550 pro
3677 5493 3828 5536 sexto

2252 5549 2531 5603 adhibens.
2575 5551 2793 5603 Videtur
2820 5550 3013 5616 quippe
3041 5549 3331 5619 Gregorius
3373 5549 3565 5606 eorum
3602 5562 3826 5608 sentcn-

2257 5620 2378 5673 tiatn
2403 5623 2468 5674 dc
2500 5635 2600 5688 qua
2633 5620 2716 5673 hic
2763 5621 3008 5687 loquitur,
3043 5634 3146 5675 non
3191 5621 3503 5680 approbare.
