4024 6192
195 262 280 323 ιω

1166 277 1479 335 HISTORIA
1522 278 1970 341 FRANCORUM.
2015 287 2215 341 LIBER
2256 287 2525 346 PRIMUS.

3364 309 3470 363 I79

210 384 404 447 halant,
438 399 473 435 τι
530 384 778 441 Domino
827 387 1157 457 postulantes
1184 432 1198 456 ,
1249 393 1511 462 accipiunt
1559 396 1786 462 primum
1818 403 1865 458 Α
1895 400 2133 467 rohahel,
2166 403 2217 456 id
2249 412 2331 458 est
2353 401 2598 461 Christus
2619 450 2634 473 ,
2666 409 2995 479 liberaverit,
3026 415 3348 477 ltorribiliter
3371 442 3467 482 ex-

210 476 344 543 Saul,
372 476 561 530 deinde
593 478 793 533 David.

271 571 349 623 Ab
372 569 643 623 Abraham
685 587 821 642 ergo
874 585 1041 643 usque
1087 576 1151 629 ad
1208 577 1370 631 David
1416 581 1787 647 generationes

200 662 616 727 qttatuordecim,
650 664 702 715 id
732 674 837 729 est,
864 666 1155 733 Abraham,
1188 668 1353 731 Isaac,
1380 670 1567 735 Jacoh,
1599 672 1783 740 .Indas,

200 754 407 815 Phares,
438 755 545 826 15
572 756 784 819 Esrom,
820 763 1003 823 Aram,
1048 760 1365 823 Antinadab,
1401 761 1632 827 Naason,
1665 763 1785 819 Sal-

192 860 331 910 tnon,
366 846 533 904 Boos.
565 847 764 915 Obeth,
789 848 962 917 Iesse,
984 852 1176 905 David.
1205 854 1364 907 David
1398 864 1574 909 autem
1604 859 1786 923 genuit

188 936 540 992 Salomonetn
586 939 654 995 de
680 941 960 997 Betsabee.
992 942 1041 998 Is
1069 960 1162 1011 per
1192 945 1416 999 Natham
1471 948 1782 1016 pr0phetatn

186 1028 401 1082 fratrem
434 1044 619 1095 suum,
652 1040 708 1086 et
738 1046 960 1087 matrem
993 1036 1046 1087 in
1078 1051 1242 1106 regno
1273 1047 1491 1092 evectus
1519 1051 1621 1094 est.

252 1118 396 1172 XIII.
443 1121 711 1175 Defuncto
753 1135 929 1178 autem
964 1127 1151 1193 David,
1181 1144 1302 1183 cum
1333 1144 1557 1199 regnare
1588 1133 1783 1200 crepis-

179 1221 265 1263 set
294 1212 554 1267 Salomon
583 1254 599 1276 ,
631 1219 878 1284 apparuit
904 1219 951 1272 ei
986 1220 1270 1284 Dominus,
1300 1232 1353 1274 et
1381 1223 1523 1291 quod
1554 1232 1778 1292 peteret,

178 1316 240 1356 ut
273 1305 551 1376 indulgeat
581 1308 883 1376 pollicetur.
915 1312 981 1365 At
1013 1314 1101 1366 ille
1130 1322 1374 1367 terrenas
1403 1316 1614 1368 divitias
1634 1326 1783 1386 post-

180 1409 416 1462 ponens,
446 1399 765 1466 sapientiam
800 1401 965 1470 magis
986 1417 1048 1458 es
1059 1405 1233 1472 petiit.
1257 1405 1406 1472 Quod
1438 1416 1653 1462 ratum'1
1687 1409 1783 1463 Do-

180 1488 335 1540 mino
361 1489 494 1553 luit,
533 1492 606 1544 ita
637 1502 697 1546 ut
740 1493 809 1548 ab
841 1494 1028 1548 eodem
1057 1496 1266 1552 audiret
1295 1515 1309 1550 :
1344 1500 1478 1565 Quia
1514 1516 1616 1553 non
1644 1517 1780 1570 qua:-

178 1578 301 1631 aisti
357 1598 514 1650 regna
561 1586 765 1650 mundi,
817 1603 906 1641 nec
950 1589 1155 1644 divitias
1204 1591 1334 1661 ejus,
1387 1595 1477 1646 sed
1515 1596 1783 1665 postulasti

179 1672 531 1740 sapientiam,
558 1676 678 1731 ideo
714 1680 938 1749 accipies
975 1697 1105 1736 eam.
1160 1687 1285 1737 Ante
1323 1694 1369 1740 te
1400 1702 1501 1740 non
1550 1688 1649 1755 fuit
1676 1697 1780 1742 tam

1891 493 2103 546 sulabit.
2153 493 2271 560 Ipse
2298 496 2443 549 enim
2484 497 2741 555 Dominus
2778 505 2830 556 in
2876 505 3161 577 Evangelia
3205 510 3377 568 dicit:
3407 515 3471 571 Si

1889 598 1977 635 vos
2004 580 2053 633 F
2056 585 2173 637 ilius
2200 584 2504 652 liberaverit,
2534 605 2649 644 vere
2668 591 2813 647 liberi
2838 595 2976 649 eritis
3005 597 3181 670 (Joan.
3209 618 3324 669 VIII,
3347 604 3465 678 56),

1888 675 2007 741 Ipse
2036 692 2130 730 oro
2160 678 2261 731 sibi
2294 679 2344 731 in
2379 679 2532 735 nobis
2564 685 2843 752 templum,
2890 688 2941 742 in
2971 705 3075 759 quo
3099 692 3347 762 dignetur
3374 675 3469 752 Ita-

1888 762 2076 828 hitare,
2109 768 2430 833 constituat;
2460 771 2515 825 in
2546 788 2652 841 quo
2682 775 2835 844 lides,
2870 787 2929 831 ut
2958 796 3141 835 nurum
3173 783 3376 853 luceat;
3412 788 3465 843 in

1887 868 1992 920 quo
2017 856 2284 925 eloquium
2316 861 2730 931 praedicationis,
2763 878 2818 921 ut
2847 882 3123 939 argentum
3153 876 3460 947 splendeat;

1886 947 1939 999 in
1966 962 2070 1014 quo
2098 951 2274 1004 omnia
2308 953 2531 1009 visibilis
2559 958 2739 1026 templi
2763 960 2906 1015 illius
2947 976 3256 1021 ornamenta
3285 969 3337 1024 in
3368 986 3463 1025 no.

1885 1046 2117 1094 strorum
2161 1057 2412 1099 sensuum
2462 1048 2741 1103 honestate
2772 1052 3083 1109 clarescant.
3119 1057 3277 1114 Bona:
3301 1064 3462 1120 etiam

1887 1132 2140 1188 voluntati
2173 1146 2369 1193 nostra}
2411 1142 2522 1206 ipse
2567 1143 2836 1201 salubrem
2884 1149 3128 1206 cll'ectum
3173 1153 3460 1225 indulgeat.

1884 1223 2015 1289 Quia
2043 1228 2142 1279 nisi
2179 1228 2286 1298 ipse
2310 1230 2639 1299 wdiﬁcaverit
2669 1238 2894 1297 domum,
2927 1242 2979 1293 in
3014 1258 3199 1297 vanum
3227 1248 3457 1305 laborant

1883 1319 1970 1384 qui
1998 1320 2255 1389 wdiﬁcant
2294 1340 2405 1377 eam
2432 1323 2604 1395 (Psal.
2660 1344 2839 1393 cxxvr,
2875 1332 2950 1399 l).
2982 1334 3103 1391 Hec
3134 1353 3259 1393 vero
3289 1342 3457 1412 ραι)ιὶ-

1886 1414 2019 1466 vitas
2044 1417 2197 1469 annis
2226 1414 2330 1470 "i6d
2360 1418 2524 1475 luisse
2555 1421 2769 1477 dicitur.

1956 1506 2071 1561 XV.
2103 1509 2321 1565 Reversi
2346 1521 2523 1568 autem
2555 1530 2649 1584 per
2677 1518 2992 1585 Zorohabel,
3026 1524 3165 1579 sicut
3190 1526 3416 1583 diximus
3441 1572 3455 1593 ,

1884 1613 2024 1651 nunc
2060 1610 2244 1655 contra
2294 1602 2463 1657 Deum
2508 1620 2923 1675 murmurantes,
2956 1628 3095 1668 nunc
3148 1626 3267 1684 post
3316 1618 3455 1675 idola

1884 1702 2216 1759 curruenles,
2251 1695 2335 1749 vel
2364 1697 2785 1753 abominationes
2818 1701 3088 1771 facientes,
3114 1718 3170 1762 et
3197 1723 3314 1779 qua:
3334 1726 3453 1780 gen-

184 1764 437 1831 sapiens,
467 1768 539 1820 sic
559 1778 609 1821 et
640 1780 756 1835 post
784 1780 833 1824 te
863 1788 963 1826 non
1015 1776 1109 1827 erit
1138 1776 1159 1845 (
1186 1776 1310 1849 Reg.
1342 1793 1428 1844 ιιι,
1462 1779 1529 1833 12
1554 1780 1613 1850 ).,λ
1634 1780 1782 1849 Quod
1813 1779 1861 1842 B
1890 1786 1967 1832 tes
1994 1792 2244 1836 exercent
2285 1784 2572 1852 imitantes,
2607 1788 2732 1843 dum
2768 1790 2860 1845 Dei
2906 1795 3190 1864 prephetas
3214 1764 3455 1854 content-

183 1864 377 1918 postea
413 1855 671 1922 judicium
714 1860 845 1913 illud
871 1902 885 1923 ,
931 1864 1073 1931 quod
1103 1864 1242 1919 inter
1278 1867 1410 1921 duas
1434 1869 1687 1924 mulieres
1710 1873 1777 1927 de

187 1958 296 1995 uno
324 1943 531 2000 infante
568 1948 838 2016 litigantes
880 1953 1080 2022 intulit,
1122 1958 1484 2025 comprobavit
1512 1959 1673 2030 (Ibid.
1712 1963 1775 2015 l6

188 2046 237 2087 et
260 2039 414 2106 αφ).
449 2038 544 2096 llic
575 2041 829 2098 Salomon
863 2046 1413 2119 :edilicavittemplum
1443 2054 1640 2108 nomini
1668 2056 1773 2108 Do-

191 2128 333 2180 mini
358 2130 491 2183 miro
532 2146 723 2201 opere,
759 2136 986 2192 multum
1034 2138 1108 2193 ibi
1141 2141 1253 2195 auri
1293 2144 1621 2214 argentique,
1651 2147 1774 2202 teris

192 2229 255 2270 ac
283 2218 407 2273 ferri
437 2222 711 2293 ingerens,
740 2226 810 2280 ita
845 2238 898 2282 ut
925 2227 1241 2286 diceretura
1271 2234 1609 2303 quibusdam,
1636 2254 1772 2293 nun-

195 2324 346 2377 quam
376 2313 546 2369 simile
580 2316 632 2370 in
672 2320 873 2374 mundo
893 2320 1058 2377 fuisse
1083 2324 1366 2380 aedilicium
1396 2325 1729 2385 fabricatum.

264 2402 343 2457 Ab
363 2418 578 2473 egressu
607 2424 740 2481 ergo
779 2410 1005 2468 ﬁliorum
1039 2415 1198 2471 Israel
1240 2432 1307 2473 ex
1338 2418 1570 2491 Egypto
1600 2439 1769 2493 usque

195 2495 259 2549 ad
310 2498 713 2557 a‘dilicationem
764 2507 985 2575 templi,
1036 2510 1124 2578 qui
1168 2509 1268 2564 fuit
1311 2527 1481 2569 annus
1510 2518 1768 2586 septimus

197 2587 337 2654 regni
352 2588 675 2658 Salomonis,
701 2595 1042 2653 inveniuntur
1062 2602 1188 2655 anni
1209 2602 1314 2658 480
1326 2602 1375 2672 ι’,
1401 2606 1540 2661 sicut
1563 2607 1763 2678 Regum

196 2684 407 2733 testatur
436 2682 683 2738 historia.

260 2768 395 2826 XIV.
433 2774 562 2830 Post
602 2788 829 2834 mortem
854 2791 1029 2837 autem
1053 2783 1383 2851 Salomonis,
1423 2788 1649 2845 divisum
1680 2802 1763 2847 est

193 2874 283 2929 per
304 2864 547 2922 duritiam
576 2869 780 2926 Roboa:
807 2887 1028 2943 regnum
1062 2876 1115 2929 in
1145 2877 1277 2931 duas
1305 2889 1500 2948 partes.
1528 2882 1761 2938 Restite-

195 2964 309 3008 runt
336 2956 451 3013 dua:
494 2961 665 3017 tribus
693 2965 761 3017 ad
803 2964 1061 3031 Roboam,
1092 2970 1230 3037 quod
1253 2970 1389 3026 Juda
1417 2975 1711 3042 appellatur
1743 2991 1758 3030 :

192 3044 254 3131 ad
281 3045 559 3106 Jeroboam
588 3066 770 3110 autem
804 3056 990 3112 decem
1031 3060 1219 3127 tribus,
1244 3064 1385 3131 quod
1419 3065 1575 3119 Israel
1606 3069 1761 3122 voca-

1882 1879 2034 1937 ttttttt,
2063 1873 2307 1940 gentibus
2339 1876 2642 1943 traduntur,
2677 1879 3048 1951 subjugantur,
3082 1887 3405 1945 intercidunt
3438 1910 3451 1944 :

1878 1960 2050 2015 donec
2073 1961 2187 2033 ipse
2214 1964 2489 2033 Dominus,
2526 1968 2943 2035 patriarcharum
2970 1978 3453 2050 praphetarumqne

1879 2057 2095 2111 vocibus
2120 2060 2491 2125 repromissus,
2528 2060 2757 2131 Virginis
2786 2063 2963 2118 Maria:
2992 2078 3142 2121 utero
3165 2085 3258 2137 per
3283 2071 3451 2141 Spiri-

1877 2159 1985 2201 tum
2014 2160 2253 2203 sanctutn
2305 2150 2520 2221 illapsus
2558 2152 2624 2206 ad
2665 2154 3087 2225 redemptionem
3117 2163 3295 2231 nasci,
3340 2172 3448 2218 tant

1874 2237 2012 2293 illius
2041 2241 2236 2309 gentis,
2268 2256 2423 2311 quam
2454 2244 2692 2297 omnium
2715 2248 2950 2315 gentium
2975 2248 3303 2320 dignaretur.

1945 2335 1984 2387 A
2020 2335 2479 2403 transmigratione
2508 2352 2636 2407 ergo
2661 2352 2827 2406 usque
2854 2340 2921 2394 ad
2946 2343 3270 2399 nativitatem
3295 2345 3448 2402 Chri-

1870 2423 1937 2477 sti
1987 2425 2355 2492 generationes
2403 2427 2799 2495 quattuordecim
2833 2445 2848 2483 :
2883 2430 2933 2484 id
2966 2442 3080 2499 est,
3127 2432 3445 2505 Jechonias,

1870 2515 2146 2581 Salatltiel,
2181 2514 2502 2583 Zorohabel,
2528 2519 2723 2585 Αι›ἰυ(1,
2751 2519 3033 2590 Eliachim,
3062 2525 3224 2594 Azor,
3250 2528 3442 2596 Sadoc,

1869 2606 2307 2677 Acltittt°,_Eliud
2331 2648 2344 2671 ,
2380 2608 2618 2675 Eleazar,
2650 2608 2859 2665 Mathan
2882 2655 2896 2679 ,
2923 2611 3109 2682 Jacob,
3139 2616 3334 2689 Joseph
3366 2620 3445 2675 vir

1868 2696 2068 2762 Mariae,
2095 2697 2161 2751 de
2189 2714 2289 2768 qua
2325 2698 2576 2753 Dominus
2606 2710 2787 2755 noster
2812 2702 2967 2758 Jesus
2994 2704 3238 2761 Christus
3270 2710 3442 2766 nasci-

1869 2796 1951 2842 tur
1984 2806 1996 2840 :
2030 2789 2117 2858 qui
2145 2788 2365 2859 Ioseph,
2398 2799 2618 2860 quartus
2645 2792 2883 2848 decimus
2903 2797 3299 2865 computatur'.

1936 2878 2073 2934 XVI.
2106 2882 2245 2951 Ergo
2271 2900 2335 2936 ne
2360 2883 2630 2937 videamur
2654 2886 2807 2939 unius
2827 2896 3029 2941 tantum
3051 2888 3286 2945 Hebrtcat
3309 2908 3440 2962 gen-
3474 2952 3477 2955 ,

1865 2973 1931 3025 tis
1952 2975 2143 3028 habere
2159 2975 2421 3040 notitiam,
2444 2975 2642 3044 reliqua
2666 2992 3002 3048 regtta,qum,
3027 2980 3105 3033 vel
3126 2982 3438 3050 qualilsrae-

1866 3065 2074 3119 litnrunt
2104 3064 2301 3120 fuerint
2332 3076 2588 3135 tempore,
2632 3083 3008 3126 memoramus.
3048 3072 3147 3144 17
3177 3074 3440 3143 Tempore

193 3129 361 3190 batur.
407 3139 653 3198 Posthac
701 3143 863 3215 igitur
890 3149 956 3201 ad
1004 3129 1355 3207 idololatriam
1396 3154 1759 3225 declinantes,
1790 3160 1835 3222 C
1868 3161 2093 3215 Abrahae
2136 3160 2305 3215 Ninus
2336 3162 2589 3230 regnabat
2628 3178 2786 3232 super
2818 3129 3100 3235 Assyrios:
3145 3166 3437 3237 Sicyoniis,

190 3241 285 3282 nec
312 3234 687 3302 prophetarum
717 3242 989 3309 vaticinia,
1024 3260 1124 3301 nec
1156 3262 1339 3303 eorum
1366 3250 1630 3317 interitus,
1662 3270 1761 3311 nec

188 3322 364 3379 clades
390 3330 591 3396 patria),
626 3348 726 3387 nec
756 3335 989 3404 ipsorum
1019 3339 1179 3394 etiam
1213 3354 1394 3410 regum
1423 3359 1515 3398 eos
1543 3347 1758 3404 excidia

190 3416 531 3486 dnmtterunt;
560 3424 733 3479 donec
762 3428 927 3483 iratus
956 3441 1139 3487 contra
1166 3447 1259 3487 eos
1292 3433 1542 3490 Dominus
1569 3437 1761 3493 excita-

192 3509 259 3563 vit
302 3511 815 3584 Nabuchodonosor,
866 3523 953 3590 qui
1001 3537 1095 3577 eos
1144 3524 1198 3581 in
1248 3524 1591 3597 Babyloniam
1639 3544 1758 3586 cum

191 3601 645 3675 omnibustempli
685 3613 1013 3667 ornamentis
1041 3616 1279 3684 captivos
1305 3617 1554 3672 abduxit:
1580 3621 1632 3675 in
1657 3638 1757 3692 qna

188 3696 483 3761 captivitate
513 3711 568 3752 et
601 3699 783 3754 Daniel
815 3704 1075 3772 propheta
1100 3708 1328 3763 eximius
1352 3709 1493 3764 inter
1522 3714 1761 3768 esurien-

189 3793 262 3838 tes
292 3789 468 3843 lennes
498 3790 727 3859 illzesus,
761 3804 813 3846 et
844 3804 949 3849 tres
981 3798 1128 3863 pueri
1159 3798 1209 3853 in
1239 3801 1416 3855 medio
1444 3802 1637 3869 ignium
1668 3820 1757 3859 ro-

189 3878 392 3944 rulenti,
422 3882 607 3939 abiere
635 3884 851 3951 captivi.
890 3886 942 3940 In
969 3887 1070 3942 hac
1089 3891 1395 3958 captivitate
1425 3904 1481 3947 et
1513 3894 1760 3950 Ezechiel

190 3975 532 4041 prophetavit,
564 3987 623 4032 et
654 3977 850 4033 Esdras
879 3981 1133 4049 prapheta
1165 3993 1317 4038 natus
1347 3994 1449 4040 est.

256 4066 296 4116 Δ
342 4066 499 4121 David
548 4078 729 4122 autem
775 4084 941 4139 usque
977 4072 1042 4125 ad
1070 4073 1453 4130 desolationem
1480 4077 1681 4146 templi,
1709 4090 1773 4149 et‘

193 4160 696 4228 transmigrationem
730 4162 781 4213 in
825 4162 1166 4230 Babyloniam
1213 4167 1580 4234 generationes
1624 4184 1759 4236 qna-

190 4250 465 4303 tuordecim
499 4269 511 4302 :
552 4252 655 4321 ιθ
682 4251 730 4305 id
765 4261 877 4316 est,
914 4253 1110 4321 David,
1165 4255 1416 4311 Salomon
1437 4299 1452 4322 ,
1484 4256 1720 4313 Roboam
1743 4301 1758 4322 ,

196 4341 331 4406 Ahia,
363 4345 489 4405 Asa,
518 4342 797 4411 Josaphat,
820 4344 1023 4411 .Ioram,
1056 4346 1233 4409 Ozias,
1262 4347 1529 4414 Joatham,
1558 4350 1757 4417 Achaz,

197 4429 449 4497 Ezechias,
482 4433 784 4500 Manasses,
816 4435 1015 4502 Amon,
1041 4436 1233 4492 Josias.
1267 4438 1322 4492 ltt
1355 4439 1440 4493 his
1465 4455 1594 4510 ergo
1620 4456 1761 4509 qua-

1863 3252 2101 3320 Europs;
2156 3252 2293 3320 apud
2337 3250 2617 3322 Egyptios
2661 3262 2839 3307 autem
2870 3265 3024 3308 sexta
3073 3254 3278 3311 decima
3324 3272 3440 3315 erat

1862 3350 2114 3410 potestas,
2146 3356 2302 3409 quam
2334 3355 2427 3395 sua
2453 3340 2634 3411 lingua
2663 3343 2945 3413 dynastian
2971 3345 3249 3401 vocabant.
3275 3346 3439 3403 Tent-

1863 3447 1989 3499 pore
2008 3431 2196 3502 Moysi,
2212 3430 2350 3501 apud
2375 3432 2596 3499 Argivos
2615 3433 2870 3501 regnabat
2889 3434 3146 3503 septimus
3163 3435 3364 3505 Tropas
3378 3447 3437 3496 t5;

1862 3523 1915 3576 itt
1947 3524 2121 3579 Attica
2149 3522 2380 3592 Cecrops
2406 3523 2639 3592 primus;
2671 3527 2807 3593 apud
2849 3523 3150 3594 IEgyptios,
3182 3525 3437 3585 Cenchris

1861 3614 2228 3679 duodecitnus,
2259 3620 2345 3682 qui
2376 3625 2429 3668 et
2460 3615 2510 3668 in
2538 3616 2674 3668 mari
2703 3615 2928 3670 obrutus
2947 3628 3028 3670 est
3050 3614 3267 3683 Rubro;
3294 3619 3436 3689 apud

1863 3707 2142 3775 Assyrios,
2175 3716 2355 3759 sextus
2385 3706 2624 3759 decimus
2662 3707 2947 3776 Agatadis:
2977 3708 3116 3776 apud
3156 3706 3439 3780 Sicyonios

1864 3795 2099 3849 Marat‘ts.
2126 3796 2389 3865 Tempore
2419 3811 2548 3850 vero
2577 3796 2901 3865 Salomonis,
2936 3797 3149 3867 quando
3179 3800 3437 3869 regnabat

1861 3901 2021 3955 super
2045 3887 2227 3953 Israel,
2258 3887 2399 3956 apud
2429 3886 2648 3942 Latinos
2677 3888 2890 3957 quintus
2914 3890 3169 3957 regnabat
3194 3889 3393 3946 Silvius
3417 3908 3455 3959 ;-

1864 3976 2299 4045 Lacedaemoniis,
2325 3977 2514 4032 Festus
2533 3975 2590 4043 ll;
2614 3976 2922 4042 Corinthiis,
2940 3978 3206 4034 secundus
3232 3982 3436 4050 Oxion;

1863 4070 2265 4139 A'Lgyptiorutn,
2295 4068 2595 4137 Thepheil.
2637 4068 2942 4124 Centesimo
2989 4070 3242 4127 vicesimo
3285 4085 3439 4130 sexto

1862 4162 2031 4217 annoi
2070 4178 2230 4230 super
2252 4162 2521 4232 Assyrios,
2548 4162 2843 4231 Eutropes;
2878 4162 3315 4231 Atheniensibus,
3344 4182 3440 4223 se-

1862 4254 2069 4308 cundus
2097 4254 2404 4323 Agasastus.
2438 4252 2701 4323 Tempore
2724 4267 2829 4322 quo
2860 4259 3027 4308 Amon
3067 4258 3321 4324 regnabat
3342 4272 3436 4312 su-

1865 4359 1959 4413 per
1987 4345 2244 4408 Iudaeam,
2270 4344 2485 4414 quando
2511 4342 2792 4412 captivitas
2821 4345 2874 4398 in
2908 4345 3253 4417 Babyloniam
3277 4348 3436 4417 abiit,

1865 4435 2186 4490 Macedoniis
2211 4446 2435 4503 pra-erat
2456 4435 2690 4505 Argeus;
2719 4436 3012 4505 Lydorum,
3035 4436 3244 4508 Gyges;
3271 4438 3439 4513 Egy.

198 4521 468 4576 tuordecim
495 4522 959 4593 generationibus,
992 4527 1115 4580 anni
1164 4527 1504 4584 inveniuntur
1533 4546 1755 4585 numero
1785 4543 1833 4602 ι)
1864 4529 2110 4597 ptiorutn.
2146 4528 2362 4595 Vult-es;
2405 4533 2543 4598 apud
2582 4530 2955 4600 Babyloniam,
3006 4530 3438 4589 Nabuchodono-

200 4609 347 4664 5431⁸.
380 4612 450 4665 De
478 4616 578 4667 hac
598 4629 726 4667 vero
750 4615 1059 4684 captivitate
1086 4633 1179 4685 per
1200 4619 1496 4676 Zorohabel
1528 4622 1759 4677 liberan-

205 4711 308 4755 tur:
331 4704 416 4772 qui
434 4715 621 4773 postea
652 4714 705 4758 et
734 4705 987 4773 templum
1008 4716 1063 4762 et
1091 4709 1358 4764 civitatem
1382 4713 1632 4765 restituit.
1654 4712 1759 4768 Sed

204 4788 299 4845 lmc
323 4795 599 4863 captivitas
630 4804 813 4865 typum
845 4796 987 4852 illius
1025 4799 1367 4867 captivitatis,
1400 4811 1458 4856 ut
1489 4812 1634 4869 puto,
1664 4818 1757 4872 ge-

205 4884 277 4948 rit,
304 4887 351 4941 in
374 4904 474 4958 qua
504 4889 685 4943 anima
714 4888 983 4957 peccatrix
1014 4892 1316 4960 abducitur,
1344 4910 1502 4964 quam
1529 4896 1627 4950 nisi
1651 4896 1753 4951 Zo-

260 5074 283 5140 _'
316 5069 550 5140 Latinius
573 5068 771 5140 mavult
801 5068 977 5137 legere
996 5080 1214 5140 gratum.

263 5136 285 5174 δ
474 5140 665 5206 Corb.,
692 5138 818 5226 2.59.
850 5136 947 5194 sed
978 5136 1250 5205 mendose.
1286 5156 1339 5196 ut
1388 5155 1527 5211 patet
1555 5159 1618 5199 ex
1651 5144 1758 5199 Re-

206 5225 303 5276 gum
336 5212 467 5265 libro
491 5227 571 5274 ttt,
608 5226 725 5279 cap.
758 5210 811 5263 6.
1390 5210 1399 5211 ί
1533 5286 1541 5293 ⁸

209 5348 219 5350 _
265 5289 284 5317 ε
316 5281 398 5336 Sic
444 5281 606 5338 codd.
659 5295 789 5335 mss.
834 5295 954 5335 cum
988 5281 1118 5336 edit.
1166 5282 1431 5350 Badiana;
1479 5284 1596 5339 alia:
1634 5301 1755 5340 cum

208 5348 302 5421 Bec.
334 5354 528 5407 habent
557 5353 685 5407 540.
716 5352 846 5405 Cod.
882 5352 1066 5421 Corb.,
1099 5351 1223 5409 590.

260 5420 281 5456 ά
312 5424 395 5477 Sic
416 5425 541 5478 cod.
573 5424 758 5485 Corn,
791 5423 878 5475 alii
910 5423 1001 5476 70.

260 5500 281 5528 ⁸
314 5494 449 5550 Idem
474 5495 655 5557 habet,
681 5495 935 5547 JoaJum.

264 5560 404 5619 l'llic
433 5568 771 5619 solummodo
798 5567 1040 5619 decimus
1072 5567 1257 5623 tertius
1280 5575 1610 5627 recenselur,
1645 5568 1749 5622 nisi

207 5632 361 5699 duplca
390 5637 674 5691 .lecltonias
700 5638 1030 5699 admittatur,
1072 5650 1221 5706 pater
1250 5643 1451 5695 scilicet
1493 5652 1545 5692 et
1574 5639 1747 5701 lilius,

209 5707 274 5772 qui
306 5708 454 5761 etiam
488 5706 726 5762 Joncltim
768 5708 892 5761 dicti
924 5717 1081 5775 sunt,
1112 5720 1168 5763 ut
1209 5714 1495 5769 observant
1526 5711 1751 5765 Ambro-

573 5824 837 5886 PnnoL.
893 5825 1120 5884 LXXI.

1865 4633 1974 4683 sor,
2007 4622 2095 4690 qui
2128 4635 2221 4673 eos
2260 4620 2502 4687 captivos
2529 4621 2786 4687 abduxit;
2827 4621 3184 4675 ltontanorum
3205 4664 3221 4690 ,
3258 4634 3440 4680 sextus

1864 4707 2085 4769 Servius
2114 4710 2361 4766 Tullus".

1940 4804 2093 4858 XVII.
2136 4803 2263 4856 Post
2290 4804 2405 4869 hos,
2431 4802 2809 4871 imperatores:
2845 4802 3081 4869 primus,
3112 4801 3285 4857 Julius
3313 4805 3435 4858 Cte-

1863 4914 1952 4953 sar
1974 4898 2089 4965 fuit,
2114 4896 2207 4966 qui
2230 4897 2390 4949 totius
2419 4895 2626 4964 imperii
2654 4894 2889 4949 obtinuit
2909 4895 3274 4949 monarchiam
3301 4912 3316 4959 ;
3348 4909 3438 4950 se-

1864 5081 1995 5141 sius,
2027 5077 2767 5146 AugustinuSLHieronymus
2794 5085 2843 5129 et
2873 5076 2959 5128 alii
2984 5084 3182 5143 patres.

1939 5160 1963 5223 ξς
1998 5150 2127 5223 god.
2154 5147 2345 5223 _(_Jorb.,
2371 5145 2627 5223 Trnpltas.’
2919 5214 2948 5223 __
3057 5211 3116 5223 ,η

1940 5217 1964 5255 ¹³
2005 5218 2133 5274 Cod.
2154 5210 2364 5287 Begu,
2396 5210 2597 5279 Sislus;
2620 5216 2707 5270 alii
2725 5228 2845 5269 cum
2866 5214 3019 5277 edit.,
3047 5211 3244 5267 Fistua.
3268 5210 3432 5273 Corh.

1866 5289 2148 5344 lectionem
2177 5290 2385 5365 casteria
2412 5288 2825 5365 P_':‘m_““"”'s'_..
2873 5354 2939 5365 ...
2989 5355 3000 5365 .
3047 5354 3059 5365 .

1943 5361 1959 5398 ί
2003 5362 2090 5414 Sic
2118 5360 2258 5412 idem
2286 5354 2629 5419 cod.’Corb.;
2660 5367 2713 5408 at
2739 5356 2845 5419 alii,
2872 5354 3078 5409 Thebes'.

1938 5432 1952 5480 l
2000 5431 2161 5485 Corh.
2187 5430 2375 5492 habet,
2406 5429 2675 5481 centesimo
2707 5427 2946 5497 vigesimo
2965 5442 3119 5480 anno.
3144 5425 3244 5481 Ed.
3274 5428 3431 5496 Bad.,

1829 5503 2226 5571 _septuagesimo
2255 5511 2396 5554 sexto
2431 5516 2587 5554 anno.

1932 5574 1956 5611 κ
1995 5567 2141 5627 Codd
2202 5588 2353 5634 inss.,
2408 5572 2592 5636 C0rb.,
2635 5569 2789 5640 Reg,
2825 5569 2944 5625 Bec.
2974 5578 3026 5624 et
3053 5567 3243 5641 Regni.
3271 5571 3435 5624 omit-

1862 5656 1977 5701 tunt
2007 5646 2141 5700 hanc
2162 5660 2345 5699 vocent
2378 5642 2579 5712 Tullus.

3067 5817 3107 5875 6
