4024 6192
555 284 647 341 ITI

1484 335 1489 340 ι
1580 269 1638 324 S.
1683 264 2008 323 CREGORII
2052 260 2352 317 EI‘ISCOPI
2392 257 2815 315 TURONENSIS

3698 246 3807 304 £72

550 397 779 457 cundus.
804 392 1149 452 Octavianus.
1171 387 1292 443 Juiii
1315 384 1540 441 Ca‘saiis
1559 398 1743 452 nepos,
1766 394 1923 449 quem
1946 378 2124 439 Augu-
2158 381 2202 437 Λ
2236 372 2519 436 militibus,
2580 370 2665 424 hic
2708 371 2774 421 ab
2830 368 2958 436 ipsis
3008 362 3372 420 sacerdotibus
3424 357 3807 416 custodiretur.

551 500 693 543 stum
724 496 935 553 vocant,
960 500 989 538 a
1010 498 1114 551 quo
1140 491 1194 535 et
1219 479 1418 534 mensis
1436 479 1707 548 Augustus
1733 486 1816 528 est
1844 471 2125 526 vocitatus.

552 579 715 648 Cujus
745 592 887 631 nono
916 573 1122 627 decimo
1147 567 1356 637 intperii
1387 582 1552 630 anno,
1578 563 1894 634 Lugdunum
1925 560 2129 615 Gallia-

554 688 671 726 rum
704 670 883 723 urbem
929 664 1195 719 conditam
1240 658 1678 713 manifestissime
1725 655 2020 722 reperimus
2064 660 2126 702 ηε

557 778 676 831 qua:
700 758 1151 830 posteaillustrata
1178 761 1473 823 martyrum
1498 748 1779 817 sanguine,
1797 745 2132 800 Nobilissima

558 862 910 918 nuncupatur.

630 964 814 1021 XVIII.
857 965 1013 1018 Anno
1062 955 1469 1028 quadragesimo
1521 953 1683 1008 tertio
1714 950 1742 990 ιι
1772 949 1979 1019 imperii
2026 948 2137 1001 Au-

556 1059 716 1129 gusti.
749 1054 1007 1109 Domitius
1035 1059 1218 1103 noster
1238 1047 1391 1102 Jesus
1410 1046 1679 1108 Christus,
1712 1052 1770 1097 ut
1794 1042 2047 1104 diximus,
2074 1054 2138 1093 ex

561 1155 770 1221 virgine
802 1148 962 1200 Mat-ia
997 1145 1048 1197 in
1082 1142 1352 1195 Bethleem
1387 1138 1552 1192 David
1583 1135 1809 1206 oppido,
1849 1132 2140 1189 secundum

563 1259 779 1298 carnem
833 1250 993 1292 natus
1032 1252 1144 1291 eSt:
1179 1236 1330 1303 cujus
1360 1234 1678 1286 iunnensum
1710 1229 1855 1283 sidus
1889 1227 2026 1296 magi
2075 1226 2143 1279 ab

563 1336 784 1391 Oriente
813 1337 1130 1394 cernentes,
1163 1341 1285 1381 cum
1309 1326 1624 1379 muneribus
1657 1320 1910 1384 veniunt,
1938 1330 1992 1374 et
2017 1334 2147 1389 pue-

565 1448 682 1484 rum
715 1430 983 1495 supplices
1024 1421 1219 1477 oblatis
1268 1419 1424 1474 donis
1455 1419 1702 1471 adorant.
1751 1413 1989 1470 Herodes
2018 1426 2145 1464 vero

567 1525 636 1575 tib
679 1522 847 1575 zelum
881 1515 1029 1587 regni
1058 1516 1163 1575 sui.
1212 1513 1338 1566 dum
1372 1510 1539 1564 Deum
1568 1506 1843 1563 Christum
1898 1504 2146 1574 persequi

569 1615 777 1677 nititur,
804 1609 1050 1679 parvulos
1072 1606 1303 1659 infantes
1327 1600 1603 1656 interimit.
1633 1598 1751 1665 Ipse
1768 1611 1978 1667 quoque
2002 1605 2148 1664 post-

572 1705 786 1759 modum
826 1703 929 1772 18
952 1697 1155 1768 judicio
1184 1695 1365 1750 divino
1391 1705 1673 1759 percussus
1689 1700 1791 1745 est.

650 1835 794 1891 XIX.
836 1832 1064 1887 Domino
1086 1837 1267 1883 autem
1302 1827 1413 1880 Deo
1442 1835 1624 1879 nostro
1644 1823 1769 1877 Jesu
1796 1819 2010 1875 Christo
2041 1834 2149 1887 pte-

576 1927 853 1984 nitentiatn
889 1923 1249 1993 praedicante,
1284 1917 1529 1985 baptismi
1573 1920 1795 1985 gratiam
1848 1912 2115 1967 tribuente
2137 1952 2149 1975 ,

575 2025 658 2076 vel
703 2022 924 2076 cmleste
973 2031 1193 2086 regnum
1239 2016 1447 2069 cunctis
1490 2010 1736 2081 gentibus
1766 2007 2151 2079 promittente,

579 2125 737 2184 atque
785 2112 1021 2182 prodigia
1051 2117 1105 2164 et
1153 2107 1304 2178 signa
1332 2121 1425 2175 per
1458 2104 1679 2173 p0pulos
1731 2112 2021 2169 operante;
2058 2098 2158 2152 hoc

579 2219 682 2267 est,
710 2207 833 2259 dum
860 2204 927 2258 de
953 2202 1104 2271 aquis
1152 2199 1273 2253 vina
1324 2198 1546 2267 profert,
1575 2196 1699 2248 dum
1751 2192 1925 2246 febres
1953 2190 2157 2244 exstin-

581 2301 713 2367 guit,
747 2298 871 2350 dtun
904 2296 1062 2348 caecis
1106 2294 1283 2346 lumen
1316 2289 1521 2349 tribuit.
1554 2289 1676 2341 dum
1710 2284 1938 2352 sepultis
1996 2285 2157 2337 vitam

583 2387 835 2446 restituit,
871 2385 995 2437 dum
1027 2384 1277 2435 obsessos
1316 2378 1383 2431 ab
1411 2376 1699 2430 immundis
1725 2374 2000 2444 spiritibus
2032 2374 2161 2428 Iibe-

590 2487 695 2542 rat,
726 2478 849 2529 dum
875 2476 1115 2543 leprosos
1138 2470 1423 2525 miserabili
1448 2479 1723 2538 turpentes
1743 2479 1864 2523 cute
1885 2467 2157 2522 reformat:

590 2571 706 2624 haec
731 2568 854 2621 dum
879 2575 933 2619 et
967 2564 1071 2617 alia
1109 2562 1259 2630 signa
1289 2561 1453 2615 multa
1483 2559 1704 2624 faciens,
1730 2558 2164 2613 manifesussime

591 2678 649 2717 se
679 2661 839 2713 Deum
874 2657 1082 2727 pupulis
1104 2668 1224 2709 esse
1244 2653 1497 2709 declarat.
1526 2653 1581 2706 Iit
1608 2652 1805 2709 Judazis
1834 2652 1911 2705 ira
1943 2665 2164 2706 succen-

592 2757 757 2818 ditur,
782 2753 977 2807 invidia
1008 2749 1324 2820 exagitatur,
1351 2761 1412 2801 ac
1439 2761 1588 2800 mens
1628 2744 1695 2798 de
1740 2744 1996 2813 sanguine
2037 2756 2164 2810 pro-

597 2849 873 2915 phetarum
925 2853 1070 2912 pasta
1094 2882 1108 2905 ,
1140 2851 1195 2894 ut
1233 2838 1440 2894 .Iustum
1489 2838 1756 2891 interimat
1786 2834 1980 2902 injuste
2011 2831 2164 2884 moli-

596 2954 704 2996 tur.
740 2939 878 3006 Ergo
904 2947 958 2988 ut
981 2944 1219 2988 veterum
1247 2940 1423 2984 vatum
1455 2931 1849 2998 complerentur
1878 2924 2112 2989 oraettla,
2139 2939 2167 2978 τι

597 3028 857 3099 discipqu
886 3026 1142 3090 traditur,
1176 3037 1206 3075 a
1237 3021 1572 3090 pontificibus
1621 3019 1794 3087 inique
1839 3016 2167 3070 condemna-

2236 464 2339 519 Sed
2368 472 2678 532 resurgente
2708 460 2953 522 Domino,
2983 456 3294 512 custodibus
3316 455 3523 509 visione
3551 453 3801 523 angelica

2234 556 2455 623 territis,
2500 570 2622 610 cum
2652 568 2756 607 non
2799 551 3131 607 inveniretur
3160 548 3213 602 in
3246 546 3477 608 tumulo.
3519 554 3681 600 nocte
3714 559 3809 615 pa-

2235 651 2394 704 rietes
2426 648 2495 702 de
2522 645 2730 708 cellula,
2784 644 2838 699 in
2866 658 2967 713 qua
3004 639 3205 710 Joseph
3246 638 3552 700 tenebatur,
3584 650 3814 706 suspen-

2236 743 2429 798 duntur
2454 741 2506 795 in
2523 739 2735 794 sublimi
2762 756 2775 803 ;
2800 738 2915 807 ipse
2937 751 3063 791 vero
3091 735 3161 790 de
3183 733 3426 789 custodia
3450 772 3466 795 .
3495 731 3814 785 absolvente

2239 834 2445 903 angelo,
2465 833 2740 894 liberatur,
2764 829 3054 900 parietibus
3075 825 3334 881 restitutis
3357 824 3409 877 in
3435 823 3607 878 locum
3632 837 3814 876 suum.

2239 928 2479 995 Cumque
2526 924 2804 992 pontifices
2833 919 3145 976 custodibus
3172 916 3581 985 exprobrarent,
3612 921 3669 967 et
3695 926 3820 967 san-

2240 1029 2384 1074 ctum
2415 1033 2610 1087 corpus
2641 1016 2708 1071 ab
2729 1015 2928 1071 eisdem
2957 1012 3216 1066 instanter
3248 1009 3599 1078 requirerent,
3632 1006 3822 1059 dicunt

2243 1113 2321 1167 eis
2350 1112 2576 1165 milites:
2637 1106 2863 1162 Reddite
2911 1106 3014 1177 19
3043 1118 3134 1159 \os
3160 1103 3356 1170 .Ioseph
3379 1146 3395 1169 ,
3426 1111 3480 1155 et
3507 1113 3605 1154 nos
3633 1099 3820 1153 reddi-

2247 1220 2365 1258 mus
2390 1204 2695 1258 Cbristum:
2728 1200 2823 1255 sed
2846 1209 2904 1253 ut
2941 1214 3122 1252 verum
3145 1196 3502 1265 agnoscimus,
3528 1207 3705 1261 neque
3730 1205 3823 1243 vos

2249 1294 2641 1351 benefactorem
2674 1292 2792 1357 Dei,
2831 1306 3003 1360 neque
3058 1303 3156 1342 nos
3195 1286 3387 1341 Filium
3448 1284 3543 1339 Dei
3597 1282 3823 1337 reddere

2251 1405 2392 1443 nunc
2423 1388 2684 1442 valemus.
2713 1385 2865 1440 Tunc
2915 1382 3021 1437 illis
3056 1380 3322 1444 contusis,
3356 1376 3553 1432 milites
3591 1374 3694 1429 sub
3726 1373 3825 1429 bac

2250 1478 2593 1534 excusatione
2624 1475 2938 1530 liberantur.

2321 1568 2464 1624 XXI.
2505 1566 2695 1622 Fertur
2743 1564 2976 1620 Jacobus
3023 1561 3315 1631 apostolus.
3366 1574 3489 1615 cum
3538 1557 3827 1614 Dominum

2251 1659 2361 1728 jam
2405 1671 2671 1713 mortuum
2718 1655 2945 1710 vidisset
2983 1655 3033 1708 iu
3064 1667 3242 1715 cruce,
3291 1649 3588 1707 detestasse
3615 1657 3640 1686 ⁸
3669 1657 3831 1716 atque

2186 1758 2232 1819 Β
2253 1750 2482 1820 jurasse,
2531 1760 2796 1815 nunquam
2850 1759 2909 1798 se
2936 1751 3294 1798 comesturum
3328 1754 3542 1809 panem,
3585 1736 3692 1792 nisi
3721 1736 3831 1790 Do-

2260 1842 2461 1896 minum
2492 1846 2736 1894 cerneret
2766 1844 3153 1904 resurgentem.
3177 1832 3358 1887 Tertia
3384 1830 3599 1885 demum
3628 1828 3721 1883 die
3747 1844 3835 1883 re-

2253 1933 2407 1989 diens
2432 1930 2711 1993 Dominus,
2757 1926 2983 1999 spoliato
3012 1936 3210 1979 tartaro
3246 1939 3367 1979 cum
3397 1920 3668 1990 triumpho
3691 1960 3708 1986 ,
3741 1920 3833 1975 Ja-

2255 2026 2391 2081 cobo
2415 2039 2473 2078 se
2497 2020 2784 2077 ostendens
2804 2060 2821 2085 ,
2852 2021 2962 2073 ait:
2996 2020 3163 2088 Surge
3189 2014 3412 2079 Jacobe,
3438 2011 3685 2077 comede,
3706 2017 3834 2080 quia

2254 2117 2362 2187 jam
2390 2131 2419 2170 a
2441 2114 2663 2168 mortuis
2683 2109 2972 2167 resurrexi.
2995 2108 3092 2163 Ilic
3118 2116 3202 2163 est
3221 2104 3452 2161 Jacobus
3470 2102 3652 2157 Justus
3674 2116 3836 2170 quem

2261 2211 2477 2267 fratrem
2508 2205 2716 2262 Domini
2759 2212 3068 2272 nuncupant
3097 2197 3117 2239 ί
3141 2239 3158 2265 ,
3208 2211 3396 2269 proco
3443 2195 3583 2265 quod
3632 2193 3837 2265 Ioseph

2260 2301 2422 2357 fuerit
2452 2300 2590 2354 filius
2622 2313 2687 2352 ex
2711 2296 2808 2350 alia
2838 2309 3006 2349 uxore
3033 2291 3367 2363 progenitus.

2334 2391 2500 2447 XXII.
2543 2389 2875 2443 Dominicam
2923 2399 3049 2441 vero
3079 2385 3520 2439 resurrectionem
3550 2424 3566 2450 ,
3599 2380 3688 2436 die
3736 2380 3845 2449 pri-

2265 2499 2348 2537 ma
2378 2480 2568 2536 factam
2617 2480 2909 2542 credimus,
2948 2492 3056 2531 non
3110 2475 3332 2545 septima
3388 2473 3529 2529 sicut
3559 2471 3715 2527 multi
3745 2487 3845 2540 pu-

2265 2582 2400 2629 tant.
2433 2556 2530 2626 Hic
2557 2581 2641 2625 cst
2666 2569 2783 2624 dies
2814 2568 3224 2623 resurrectionis
3272 2564 3482 2621 Domini
3514 2562 3683 2619 nostri
3714 2560 3847 2616 .Iesu

2266 2662 2487 2727 Christi,
2519 2675 2675 2730 quem
2708 2674 2806 2712 nos
2851 2658 3065 2726 proprie
3111 2655 3477 2722 Dominicam,
3524 2668 3624 2722 pro
3653 2660 3851 2708 sancta

2269 2758 2389 2825 ejus
2418 2751 2813 2808 resurrectione
2842 2765 3114 2805 vocamus.
3145 2749 3239 2803 llic
3267 2747 3471 2817 primus
3515 2748 3687 2802 lucem
3716 2745 3853 2799 vidit

2273 2851 2324 2901 in
2355 2847 2636 2918 principio,
2668 2853 2718 2899 et
2753 2845 2837 2897 hic
2880 2843 3083 2913 primus
3133 2842 3418 2897 Dominum
3469 2847 3848 2909 resurgentem

2271 2941 2622 3007 conteruplari
2652 2938 2845 2991 meruit
2872 2937 2937 2989 de
2968 2934 3233 3001 sepulcro.

2344 3038 2386 3089 A
2443 3032 2749 3101 captivitate
2801 3045 2928 3083 vero
2983 3029 3367 3098 lliermolymzc
3412 3034 3467 3081 et
3515 3022 3854 3080 desolatione

606 3134 713 3182 tur.
757 3136 786 3173 a
828 3118 1025 3173 Judaeis
1065 3115 1332 3177 illuditttr,
1364 3127 1482 3166 cum
1516 3110 1709 3179 iniquis
1738 3108 2094 3176 crucifigitur,
2140 3122 2167 3161 a

2281 3125 2485 3195 templi,
2506 3138 2672 3193 usque
2696 3125 2762 3176 ad
2786 3122 3088 3191 passionem
3111 3118 3318 3175 Domini
3349 3118 3515 3173 nostri
3542 3118 3671 3172 .Iesu
3695 3117 3853 3172 Chri-

604 3213 860 3269 militihus
885 3211 1083 3263 emisso
1113 3207 1302 3274 spiritu
1331 3204 1647 3259 cuStoditur.
1680 3202 1771 3255 His
1801 3201 1960 3272 igitur
2006 3200 2172 3261 actis,

607 3304 838 3359 tenebrae
887 3316 1044 3369 super
1092 3298 1399 3352 universum
1451 3294 1702 3347 mundum
1750 3290 1905 3345 factm;
1927 3300 2081 3358 sunt,
2126 3301 2179 3343 el

609 3394 758 3449 multi
813 3388 1057 3445 conversi
1103 3386 1535 3456 ingemiscentes,
1593 3382 1773 3438 Jesum
1832 3380 2026 3435 Filium
2084 3380 2176 3432 Dei

608 3484 839 3540 confessi
871 3490 1011 3534 sunt.

684 3599 802 3653 XX.
844 3597 1220 3665 Apprehcnsus
1248 3600 1423 3645 autem
1454 3588 1720 3657 etJosepIt
1744 3629 1761 3654 ,
1807 3589 2040 3657 quicum
2063 3600 2181 3639 aro—

613 3691 846 3746 matibus
876 3687 1150 3741 conditum
1183 3684 1236 3737 in
1269 3697 1367 3736 suo
1397 3689 1743 3734 monumento
1783 3676 2096 3741 recondidit,
2130 3678 2181 3729 in

612 3782 861 3838 cellulam
887 3779 1178 3835 recluditur
1204 3787 1251 3838 ο.
1288 3784 1343 3829 et
1371 3778 1437 3829 ab
1468 3776 1596 3843 ipsis
1625 3773 1959 3827 sacerdotum
1992 3771 2186 3841 princi-

616 3876 774 3946 pibus
821 3872 1120 3928 custoditur
1146 3912 1161 3938 ,
1195 3868 1451 3937 majorem
1482 3868 1534 3921 in
1566 3883 1684 3921 eum
1737 3867 1996 3921 habentes
2026 3865 2183 3919 saevi-

618 3970 767 4030 tiam.
787 3978 840 4021 ttt
870 3966 1029 4022 Gesta
1055 3965 1205 4019 Pilati
1236 3962 1301 4015 ad
1333 3962 1603 4016 Tiberium
1628 3961 2002 4027 imperatorem
2029 3960 2185 4013 miSsa

619 4062 855 4116 referunt
878 4057 927 4127 (ί,
978 4072 1132 4127 quam
1169 4055 1223 4109 in
1251 4053 1423 4123 ipsum
1456 4054 1758 4116 Dominum,
1791 4062 2010 4107 ut.cum
2041 4051 2130 4105 ille
2160 4067 2187 4103 a

697 4242 722 4270 ⁸
769 4232 1066 4297 Vtrumque
1115 4228 1255 4296 quod
1308 4226 1392 4281 hic
1420 4243 1447 4279 a
1475 4227 1731 4297 Gregorio
1762 4226 1954 4297 dicitur
2004 4223 2189 4275 falsum

620 4319 745 4358 esse
775 4312 922 4369 putat
952 4295 1194 4355 Valesius
1225 4301 1275 4352 itt
1307 4299 1500 4369 Notitia
1532 4295 1839 4369 Galli-inim.
1874 4296 2193 4369 Nam,_te.~te

627 4363 815 4437 Dione,
845 4385 899 4424 ttt
954 4372 1035 4423 hic
1086 4381 1271 4423 auctor
1298 4368 1578 4429 obsermt,
1630 4366 1940 4437 Lugdunum
1974 4380 2000 4415 a
2033 4363 2197 4437 [inciti

626 4432 824 4497 Planco
839 4442 1108 4509 conditum
1131 4452 1212 4491 est
1231 4441 1376 4502 jussu
1401 4451 1636 4493 senatus.
1658 4435 1940 4509 metuentis
1959 4450 2025 4487 ne
2047 4432 2195 4486 Plau-

2279 3225 2369 3289 sti,
2403 3222 2453 3276 id
2484 3230 2566 3275 est
2588 3234 2755 3289 usque
2783 3218 2848 3271 ad
2891 3216 3090 3270 Tiberii
3134 3215 3417 3285 septimum
3463 3213 3734 3267 decimum
3760 3227 3859 3265 an-

2281 3328 2430 3371 num.
2448 3318 2802 3380 supputantur
2824 3307 2950 3361 anni
2983 3304 3087 3360 668
3110 3314 3157 3369 ε,

2353 3401 2540 3457 XXIII.
2573 3400 2877 3467 Resurgens
2908 3407 3084 3451 autem
3138 3395 3427 3459 Dominus,
3482 3409 3581 3463 per
3628 3392 3861 3463 quadra-

2282 3497 2421 3562 ginta
2444 3495 2558 3547 dies
2579 3507 2699 3546 cum
2723 3489 2994 3559 discipulis
3015 3488 3082 3543 de
3106 3502 3272 3559 regno
3305 3487 3397 3541 Dei
3427 3486 3710 3555 disputans
3730 3527 3747 3551 ,
3782 3485 3860 3540 vi-

2285 3584 2532 3639 dentibus
2579 3584 2684 3637 illis
2707 3584 2757 3636 in
2792 3581 2932 3636 nube
2955 3588 3237 3649 susceptus
3258 3621 3274 3642 .
3306 3587 3634 3648 evectusque
3661 3580 3714 3632 in
3750 3593 3864 3634 cm-

2287 3678 2390 3741 los,
2419 3676 2483 3729 ad
2515 3675 2687 3728 Patris
2732 3674 3009 3727 dexteram
3063 3670 3269 3726 residet
3322 3670 3607 3740 gloriosus.
3658 3669 3864 3725 Pilatus

2287 3778 2463 3823 autem
2496 3768 2655 3822 Gesta
2685 3765 2750 3819 ad
2780 3765 3050 3819 Tiberium
3072 3764 3333 3817 Caesarem
3362 3762 3545 3824 mittit,
3576 3770 3633 3816 et
3669 3764 3720 3816 ei
3757 3774 3863 3816 tam

2289 3862 2355 3914 de
2385 3859 2666 3914 virtutibus
2693 3856 2914 3918 Christi,
2937 3869 3094 3923 quam
3125 3854 3191 3909 de
3215 3856 3461 3921 passione
3482 3853 3564 3906 vel
3591 3867 3868 3906 resurreo

2293 3955 2438 4009 tione
2454 3953 2569 4022 ejus
2596 3952 2846 4005 insinuat.
2875 3950 3005 4015 Quae
3027 3945 3185 4001 Gesta
3212 3942 3241 3981 ιι
3269 3945 3409 4015 apud
3465 3960 3561 3999 nos
3590 3946 3750 3999 hodie
3780 3960 3866 3997 re-

2293 4047 2527 4099 tinentur
2555 4042 2772 4110 scripta.
2815 4038 3057 4092 Tiberius
3080 4046 3257 4091 autem
3305 4037 3406 4089 hoc
3446 4035 3510 4088 ad
3540 4046 3788 4089 senatum
3840 4032 3858 4071 ⁸

2296 4222 2513 4279 Christi,
2546 4220 2614 4273 de
2645 4217 2759 4287 ejus
2785 4214 3068 4287 virtutibus
3098 4222 3154 4267 et
3204 4215 3266 4265 iis
3294 4228 3409 4282 qua:
3437 4226 3531 4282 per
3561 4209 3730 4280 ipsius
3761 4210 3871 4264 dis-

2296 4292 2574 4361 cipitlnsin
2602 4286 2946 4361 ejusuontine
2977 4286 3191 4349 fiebant,
3225 4294 3329 4361 etc_.

2371 4371 2393 4398 ο
2438 4360 2575 4414 Editi
2600 4353 2794 4412 habent
2822 4358 3126 4409 detestatum
3147 4370 3272 4407 esse.
3305 4354 3449 4407 lianc
3493 4364 3669 4411 autem
3704 4353 3877 4405 histo-

2302 4434 2431 4485 riam
2462 4447 2523 4483 ex
2566 4429 2906 4483 Hebraeorum
2963 4426 3252 4483 Evangelia
3282 4425 3458 4477 laudat
3513 4425 3875 4493 Hieronymus

624 4494 981 4567 eusnarmatus
1014 4494 1246 4565 Antonio
1264 4510 1400 4561 busti
1426 4509 1731 4573 reipublicm
1761 4504 2038 4556 declarato
2070 4520 2191 4557 sese
2222 4506 2271 4565 D
2298 4504 2348 4557 iu
2371 4502 2623 4567 Catalogo
2653 4500 2893 4553 virorum
2922 4496 3227 4550 illustrium.
3285 4494 3361 4549 De
3406 4508 3467 4548 ea
3521 4502 3579 4551 et
3619 4495 3875 4562 vulgatus

624 4582 992 4651 etinjungeret.
1026 4581 1296 4639 Secundo,
1333 4578 1657 4651 ΙλιιδκιιίινιῃιιιηΔ
1684 4574 2188 4651 nobilissimunndi-

624 4644 768 4706 etum
795 4644 895 4704 non
921 4661 1001 4705 est
1021 4668 1047 4702 a
1073 4661 1363 4719 martyrum
1396 4644 1769 4719 multitudine,
1797 4644 1891 4698 sed
1913 4646 1983 4696 ob
2009 4644 2191 4713 splen-

624 4726 806 4777 dorem
836 4733 887 4775 ει
916 4718 1221 4789 ροιειιιίειιιϊ
1254 4718 1509 4780 colonia),
1539 4732 1657 4782 qua:
1703 4718 1861 4768 etiam
1912 4726 2190 4789 senatores

621 4797 784 4848 curiae
808 4787 1130 4846 conferebat.
1165 4790 1217 4841 In
1242 4790 1429 4842 eadem
1472 4791 1600 4841 urbe
1643 4797 1798 4839 natus
1828 4795 1910 4839 est
1939 4787 2191 4839 Claudius

623 4873 913 4931 Augustue.

698 4928 735 4973 5
762 4934 895 4988 Cod.
947 4932 1129 4992 Corb.,
1177 4946 1308 4983 anno
1357 4928 1747 4998 quadragetimo
1803 4940 1982 4995 quarto
2028 4928 2196 4997 impe-

623 5008 709 5069 rii,
740 5015 842 5059 etc.
876 5005 1065 5058 Gtt-teri
1098 5000 1277 5069 scripti
1333 5001 1529 5054 habent
1576 5000 1968 5070 quadragesimo
2016 5000 2194 5065 tertio,

624 5092 684 5130 ut
708 5079 851 5133 editi.

703 5161 723 5186 ε
765 5149 875 5201 Iloc
913 5161 977 5201 ex
1005 5141 1307 5210 apocrypho
1336 5140 1380 5196 N
1404 5140 1609 5196 codemi
1657 5140 1968 5208 Evangelio,
1998 5150 2087 5192 aut
2128 5156 2193 5193 ex

628 5217 803 5284 aliquo
826 5218 1066 5285 ejusdem
1100 5215 1280 5267 farina:
1300 5222 1518 5268 auctore
1538 5211 2149 5285 ;descripsit_Gregoritts
2174 5250 2187 5273 ,

628 5280 729 5339 nec
757 5280 1008 5351 majorem
1040 5287 1195 5339 Iidem
1224 5293 1496 5338 merentur
1525 5284 1682 5337 Gesta
1715 5282 1886 5346 Pilati,
1912 5280 2191 5349 quaeinter

629 5359 929 5423 apocrypha
954 5359 1225 5421 deputavit
1248 5352 1489 5409 Gelasius
1513 5369 1641 5424 papa
1668 5355 1718 5407 in
1745 5354 1995 5422 Catalogo
2026 5352 2187 5406 libro-

627 5440 745 5480 rum
762 5428 1183 5492 apocrypltorutn

702 5492 729 5529 ιι
769 5496 1125 5547 Tertulliauus
1150 5497 1198 5546 in
1233 5496 1577 5565 Apol-:igelico
1609 5495 1745 5549 idem
1778 5503 2021 5553 testator.
2053 5503 2104 5545 el
2133 5508 2198 5546 ex

629 5582 695 5618 eo
725 5565 910 5616 Euseb.
950 5566 1047 5618 lib.
1083 5580 1118 5616 ll
1153 5565 1421 5629 Ilistnrim,
1454 5582 1572 5629 cap.
1598 5568 1651 5617 ‘2.
1687 5568 1843 5617 Plura
1876 5565 2034 5617 habet
2060 5567 2185 5618 Uro-

632 5651 744 5713 sius
775 5633 904 5713 Iihru
933 5635 1022 5699 vit,
1078 5649 1194 5698 cap.
1225 5634 1291 5699 ‘2,
1324 5638 1409 5713 ubi
1466 5636 1541 5687 ait
1570 5636 1791 5688 Pilatum
1842 5638 2087 5688 retulisse
2130 5632 2194 5686 ad

634 5705 900 5760 Tiberium
932 5712 981 5761 ei.
1034 5712 1274 5767 Ngnatum
1328 5705 1394 5757 de
1422 5707 1665 5773 passione
1715 5714 1767 5757 et
1809 5706 2197 5758 resurrectione

2298 4574 2497 4629 Abdias
2520 4573 2654 4624 libro
2685 4585 2760 4623 vt.

2372 4644 2388 4681 ί
2433 4647 2559 4708 Qtne
2589 4650 2880 4709 sequuntur
2904 4637 2967 4709 ad
2995 4649 3152 4704 criput
3202 4634 3273 4688 2‘2
3298 4636 3488 4709 desunt
3516 4635 3565 4688 in
3604 4636 3737 4709 _cod.
3774 4635 3880 4689 Re-

2295 4716 2403 4783 gio.
2438 4705 2692 4768 Iacobum
2727 4708 3043 4783 .Iosephiex
3077 4710 3376 4783 aliauxore
3404 4708 3566 4760 filiuni
3598 4705 3765 4760 fuisse
3789 4710 3877 4760 tli-

2300 4779 2427 4838 cnnt
2451 4785 2687 4852 plerique
2715 4796 2889 4851 patres
2917 4779 3091 4852 μνωαῇ
3108 4789 3163 4833 et
3186 4779 3355 4852 Latini
3382 4815 3400 4839 ,
3443 4791 3577 4845 quos
3602 4780 3882 4852 impugnat

2305 4847 2681 4926 llierunytuus.
2715 4847 2779 4905 Et
2807 4849 3018 4917 quidem
3060 4850 3242 4926 Jacobi
3277 4858 3447 4926 mater
3473 4862 3590 4926 quae
3630 4847 3883 4901 laudatur

2305 4930 2356 4979 in
2406 4918 2714 4993 Eva'ngvlio,
2770 4934 3009 4993 tempore
3058 4920 3325 4989 passionis
3377 4918 3575 4993 Christi
3628 4919 3879 4993 nondum

2303 4988 2753 5062 obieratfsicque
2781 4990 2979 5055 Joseph
3008 4988 3099 5043 aut
3125 5005 3243 5062 eam
3272 4988 3587 5057 repudiasse
3609 4988 3880 5062 dicendus

2303 5080 2403 5129 est,
2437 5077 2490 5118 ut
2532 5059 2748 5118 Mariam
2794 5063 3033 5127 duceret,
3069 5072 3160 5113 aut
3203 5060 3339 5113 duas
3368 5073 3563 5114 uxores
3594 5061 3757 5113 simul
3789 5059 3860 5112 ba

2305 5138 2503 5191 buisse.
2535 5136 2685 5202 Quod
2732 5143 3017 5200 utrumque
3048 5131 3394 5185 falsissimum
3425 5143 3545 5184 esse
3574 5146 3737 5185 nemo
3771 5146 3881 5185 non

2304 5208 2467 5261 videt.

2298 5349 2334 5403 b
2371 5288 2395 5324 ις
2440 5279 2562 5331 Ilaec
2586 5290 2847 5330 annorum
2877 5272 3210 5328 enumeratio
3233 5272 3287 5324 in
3308 5270 3430 5325 cod.
3460 5269 3622 5325 Corb.
3650 5287 3761 5327 non
3789 5271 3883 5326 ba-

2337 5359 2473 5403 etur.

2337 5359 2473 5403 etur.

2378 5419 2403 5456 δ
2444 5419 2601 5474 Gesta
2636 5416 2786 5471 Pilati
2821 5417 2997 5472 laudat
3019 5413 3261 5471 Justinus
3284 5420 3505 5482 martyr,
3544 5411 3779 5481 Apolog.
3811 5414 3887 5478 2,

2303 5506 2421 5559 qua?
2457 5506 2554 5543 suo
2586 5499 2820 5554 tempore
2848 5488 2898 5541 in
2942 5488 3183 5542 omnium
3227 5483 3471 5559 manibus
3503 5482 3883 5539 habebantur:

2304 5554 2424 5631 qua:
2458 5576 2582 5615 vero
2613 5561 2676 5613 ad
2710 5573 2804 5612 nos
2833 5570 3150 5631 pervenere,
3187 5554 3453 5621 vulgoque
3484 5568 3630 5631 nunc
3656 5555 3891 5609 circum-

2303 5625 2565 5695 feruntur,
2600 5632 2741 5683 Inter
2778 5625 2962 5698 spuria
3013 5637 3357 5680 monumenta
3391 5625 3632 5692 reputari
3670 5626 3888 5683 debent.

2377 5704 2389 5739 ⁵
2439 5703 2567 5757 Coi.
2601 5701 2780 5761 Corb.,
2824 5710 3079 5757 scitatores
