  <div class='ocr_page' id='page_1' title='image "/cluster/home/n/w/nwhite01/storage/ocr_20150623/71/uva.x000827083/095.png"; bbox 0 0 3994 6194; ppageno 0'>
   <div class='ocr_carea' id='block_1_1' title="bbox 528 262 628 319">
    <p class='ocr_par' dir='ltr' id='par_1_1' title="bbox 528 262 628 319">
     <span class='ocr_line' id='line_1_1' title="bbox 528 262 628 319; baseline -0.04 0"><span class='ocrx_word' id='word_1_1' title='bbox 528 262 628 319; x_wconf 74' lang='grc'><strong>175</strong></span> 
     </span>
    </p>
   </div>
   <div class='ocr_carea' id='block_1_2' title="bbox 1550 224 2775 297">
    <p class='ocr_par' dir='ltr' id='par_1_2' title="bbox 1550 224 2775 297">
     <span class='ocr_line' id='line_1_2' title="bbox 1550 224 2775 297; baseline -0.015 -1"><span class='ocrx_word' id='word_1_2' title='bbox 1550 242 1606 297; x_wconf 92' lang='lat' dir='ltr'><strong>S.</strong></span> <span class='ocrx_word' id='word_1_3' title='bbox 1646 238 1967 295; x_wconf 71' lang='lat' dir='ltr'><strong>CRiLGORll</strong></span> <span class='ocrx_word' id='word_1_4' title='bbox 2011 235 2309 295; x_wconf 75' lang='lat' dir='ltr'><strong>Ei’lSCOPi</strong></span> <span class='ocrx_word' id='word_1_5' title='bbox 2347 224 2775 288; x_wconf 76' lang='lat' dir='ltr'><strong>TURONENSIS</strong></span> 
     </span>
    </p>
   </div>
   <div class='ocr_carea' id='block_1_3' title="bbox 3668 215 3769 270">
    <p class='ocr_par' dir='ltr' id='par_1_3' title="bbox 3668 215 3769 270">
     <span class='ocr_line' id='line_1_3' title="bbox 3668 215 3769 270; baseline 0 -1"><span class='ocrx_word' id='word_1_6' title='bbox 3668 215 3769 270; x_wconf 66' lang='lat'><strong>176</strong></span> 
     </span>
    </p>
   </div>
   <div class='ocr_carea' id='block_1_4' title="bbox 526 336 3772 449">
    <p class='ocr_par' dir='ltr' id='par_1_4' title="bbox 526 336 3772 449">
     <span class='ocr_line' id='line_1_4' title="bbox 526 336 3772 449; baseline -0.013 -15"><span class='ocrx_word' id='word_1_7' title='bbox 526 380 725 449; x_wconf 85' lang='lat' dir='ltr'><strong>plateas</strong></span> <span class='ocrx_word' id='word_1_8' title='bbox 754 371 965 428; x_wconf 79' lang='lat' dir='ltr'><strong>ﬂumina</strong></span> <span class='ocrx_word' id='word_1_9' title='bbox 1009 370 1287 421; x_wconf 89' lang='lat' dir='ltr'><strong>currerent</strong></span> <span class='ocrx_word' id='word_1_10' title='bbox 1328 361 1390 413; x_wconf 77' lang='lat' dir='ltr'><strong>de</strong></span> <span class='ocrx_word' id='word_1_11' title='bbox 1435 358 1690 426; x_wconf 81' lang='lat' dir='ltr'><strong>sanguine</strong></span> <span class='ocrx_word' id='word_1_12' title='bbox 1737 354 2036 410; x_wconf 86' lang='lat' dir='ltr'><strong>Christiano</strong></span> <span class='ocrx_word' id='word_1_13' title='bbox 2071 371 2082 406; x_wconf 92' lang='lat'>:</span> <span class='ocrx_word' id='word_1_14' title='bbox 2115 362 2160 416; x_wconf 83' lang='grc' dir='ltr'>Α</span> <span class='ocrx_word' id='word_1_15' title='bbox 2189 367 2372 407; x_wconf 84' lang='lat' dir='ltr'><strong>orasse</strong></span> <span class='ocrx_word' id='word_1_16' title='bbox 2421 350 2624 403; x_wconf 82' lang='lat' dir='ltr'><strong>fertur:</strong></span> <span class='ocrx_word' id='word_1_17' title='bbox 2679 346 2901 397; x_wconf 81' lang='lat' dir='ltr'><strong>Domme</strong></span> <span class='ocrx_word' id='word_1_18' title='bbox 2940 340 3065 395; x_wconf 80' lang='lat' dir='ltr'><strong>Jesu</strong></span> <span class='ocrx_word' id='word_1_19' title='bbox 3096 339 3323 404; x_wconf 75' lang='lat' dir='ltr'><strong>Christo,</strong></span> <span class='ocrx_word' id='word_1_20' title='bbox 3353 336 3548 393; x_wconf 78' lang='lat' dir='ltr'><strong>exaudi</strong></span> <span class='ocrx_word' id='word_1_21' title='bbox 3570 351 3659 392; x_wconf 88' lang='lat' dir='ltr'><strong>me</strong></span> <span class='ocrx_word' id='word_1_22' title='bbox 3705 339 3772 393; x_wconf 81' lang='lat' dir='ltr'><strong>de</strong></span> 
     </span>
    </p>
   </div>
   <div class='ocr_carea' id='block_1_5' title="bbox 526 447 2097 537">
    <p class='ocr_par' dir='ltr' id='par_1_5' title="bbox 526 447 2097 537">
     <span class='ocr_line' id='line_1_5' title="bbox 526 447 2097 537; baseline -0.015 -17"><span class='ocrx_word' id='word_1_23' title='bbox 526 447 747 537; x_wconf 84' lang='lat' dir='ltr'><strong>quorum</strong></span> <span class='ocrx_word' id='word_1_24' title='bbox 776 478 873 519; x_wconf 92' lang='lat' dir='ltr'><strong>nec</strong></span> <span class='ocrx_word' id='word_1_25' title='bbox 903 472 1199 520; x_wconf 86' lang='lat' dir='ltr'><strong>numerum,</strong></span> <span class='ocrx_word' id='word_1_26' title='bbox 1232 468 1330 508; x_wconf 82' lang='lat' dir='ltr'><strong>nec</strong></span> <span class='ocrx_word' id='word_1_27' title='bbox 1376 450 1591 504; x_wconf 85' lang='lat' dir='ltr'><strong>nomina</strong></span> <span class='ocrx_word' id='word_1_28' title='bbox 1633 447 1885 516; x_wconf 84' lang='lat' dir='ltr'><strong>colligere</strong></span> <span class='ocrx_word' id='word_1_29' title='bbox 1920 447 2097 514; x_wconf 89' lang='lat' dir='ltr'><strong>potui-</strong></span> 
     </span>
    </p>
   </div>
   <div class='ocr_carea' id='block_1_6' title="bbox 525 537 2092 619">
    <p class='ocr_par' dir='ltr' id='par_1_6' title="bbox 525 537 2092 619">
     <span class='ocr_line' id='line_1_6' title="bbox 525 537 2092 619; baseline -0.019 -3"><span class='ocrx_word' id='word_1_30' title='bbox 525 575 664 619; x_wconf 85' lang='lat' dir='ltr'><strong>mus.</strong></span> <span class='ocrx_word' id='word_1_31' title='bbox 698 556 949 611; x_wconf 81' lang='lat' dir='ltr'><strong>Dominus</strong></span> <span class='ocrx_word' id='word_1_32' title='bbox 981 551 1124 605; x_wconf 90' lang='lat' dir='ltr'><strong>enim</strong></span> <span class='ocrx_word' id='word_1_33' title='bbox 1166 561 1259 602; x_wconf 92' lang='lat' dir='ltr'><strong>eos</strong></span> <span class='ocrx_word' id='word_1_34' title='bbox 1298 547 1351 598; x_wconf 91' lang='lat' dir='ltr'><strong>in</strong></span> <span class='ocrx_word' id='word_1_35' title='bbox 1403 544 1536 596; x_wconf 90' lang='lat' dir='ltr'><strong>libro</strong></span> <span class='ocrx_word' id='word_1_36' title='bbox 1598 540 1719 593; x_wconf 77' lang='lat' dir='ltr'><strong>vita:</strong></span> <span class='ocrx_word' id='word_1_37' title='bbox 1758 537 2092 604; x_wconf 68' lang='lat' dir='ltr'><strong>conscripsit.</strong></span> 
     </span>
    </p>
   </div>
   <div class='ocr_carea' id='block_1_7' title="bbox 533 625 2096 707">
    <p class='ocr_par' dir='ltr' id='par_1_7' title="bbox 533 625 2096 707">
     <span class='ocr_line' id='line_1_7' title="bbox 533 625 2096 707; baseline -0.019 0"><span class='ocrx_word' id='word_1_38' title='bbox 533 655 750 707; x_wconf 80' lang='lat' dir='ltr'><strong>Beatum</strong></span> <span class='ocrx_word' id='word_1_39' title='bbox 796 648 1050 700; x_wconf 65' lang='lat' dir='ltr'><strong>Irenaeum</strong></span> <span class='ocrx_word' id='word_1_40' title='bbox 1081 636 1306 694; x_wconf 82' lang='lat' dir='ltr'><strong>diversis</strong></span> <span class='ocrx_word' id='word_1_41' title='bbox 1347 636 1400 688; x_wconf 92' lang='lat' dir='ltr'><strong>in</strong></span> <span class='ocrx_word' id='word_1_42' title='bbox 1431 648 1525 687; x_wconf 91' lang='lat' dir='ltr'><strong>sua</strong></span> <span class='ocrx_word' id='word_1_43' title='bbox 1556 627 1791 686; x_wconf 79' lang='lat' dir='ltr'><strong>carnifex</strong></span> <span class='ocrx_word' id='word_1_44' title='bbox 1819 625 2096 697; x_wconf 71' lang='lat' dir='ltr'><strong>prmsentia</strong></span> 
     </span>
    </p>
   </div>
   <div class='ocr_carea' id='block_1_8' title="bbox 522 719 2099 815">
    <p class='ocr_par' dir='ltr' id='par_1_8' title="bbox 522 719 2099 815">
     <span class='ocr_line' id='line_1_8' title="bbox 522 719 2099 815; baseline -0.017 -17"><span class='ocrx_word' id='word_1_45' title='bbox 522 745 694 815; x_wconf 70' lang='grc' dir='ltr'><strong>ρωηίε</strong></span> <span class='ocrx_word' id='word_1_46' title='bbox 718 740 983 795; x_wconf 81' lang='lat' dir='ltr'><strong>affectum.</strong></span> <span class='ocrx_word' id='word_1_47' title='bbox 1008 733 1219 788; x_wconf 78' lang='lat' dir='ltr'><strong>Christo</strong></span> <span class='ocrx_word' id='word_1_48' title='bbox 1244 729 1465 783; x_wconf 87' lang='lat' dir='ltr'><strong>Domino</strong></span> <span class='ocrx_word' id='word_1_49' title='bbox 1489 740 1583 794; x_wconf 87' lang='lat' dir='ltr'><strong>per</strong></span> <span class='ocrx_word' id='word_1_50' title='bbox 1606 721 1914 793; x_wconf 78' lang='lat' dir='ltr'><strong>martyrium</strong></span> <span class='ocrx_word' id='word_1_51' title='bbox 1945 719 2099 773; x_wconf 85' lang='lat' dir='ltr'><strong>dedi-</strong></span> 
     </span>
    </p>
   </div>
   <div class='ocr_carea' id='block_1_9' title="bbox 525 811 2097 891">
    <p class='ocr_par' dir='ltr' id='par_1_9' title="bbox 525 811 2097 891">
     <span class='ocr_line' id='line_1_9' title="bbox 525 811 2097 891; baseline -0.02 -2"><span class='ocrx_word' id='word_1_52' title='bbox 525 811 666 891; x_wconf 63' lang='lat' dir='ltr'><strong>cavit</strong></span> <span class='ocrx_word' id='word_1_53' title='bbox 698 843 745 885; x_wconf 77' lang='grc' dir='ltr'><strong>η.</strong></span> <span class='ocrx_word' id='word_1_54' title='bbox 778 830 906 884; x_wconf 86' lang='lat' dir='ltr'><strong>Post</strong></span> <span class='ocrx_word' id='word_1_55' title='bbox 953 827 1091 878; x_wconf 90' lang='lat' dir='ltr'><strong>hunc</strong></span> <span class='ocrx_word' id='word_1_56' title='bbox 1130 831 1183 875; x_wconf 90' lang='lat' dir='ltr'><strong>et</strong></span> <span class='ocrx_word' id='word_1_57' title='bbox 1229 817 1573 888; x_wconf 82' lang='lat' dir='ltr'><strong>quadraginta</strong></span> <span class='ocrx_word' id='word_1_58' title='bbox 1617 826 1737 867; x_wconf 87' lang='lat' dir='ltr'><strong>octo</strong></span> <span class='ocrx_word' id='word_1_59' title='bbox 1762 811 1788 849; x_wconf 71' lang='grc' dir='ltr'><strong>ιι</strong></span> <span class='ocrx_word' id='word_1_60' title='bbox 1839 819 2097 874; x_wconf 84' lang='lat' dir='ltr'><strong>martyres</strong></span> 
     </span>
    </p>
   </div>
   <div class='ocr_carea' id='block_1_10' title="bbox 524 900 2096 996">
    <p class='ocr_par' dir='ltr' id='par_1_10' title="bbox 524 900 2096 996">
     <span class='ocr_line' id='line_1_10' title="bbox 524 900 2096 996; baseline -0.02 -14"><span class='ocrx_word' id='word_1_61' title='bbox 524 925 661 996; x_wconf 81' lang='lat' dir='ltr'><strong>passi</strong></span> <span class='ocrx_word' id='word_1_62' title='bbox 685 931 828 983; x_wconf 88' lang='lat' dir='ltr'><strong>sunt,</strong></span> <span class='ocrx_word' id='word_1_63' title='bbox 859 935 923 972; x_wconf 75' lang='lat' dir='ltr'><strong>ex</strong></span> <span class='ocrx_word' id='word_1_64' title='bbox 954 915 1142 985; x_wconf 87' lang='lat' dir='ltr'><strong>quibus</strong></span> <span class='ocrx_word' id='word_1_65' title='bbox 1168 911 1394 980; x_wconf 89' lang='lat' dir='ltr'><strong>primum</strong></span> <span class='ocrx_word' id='word_1_66' title='bbox 1423 906 1588 963; x_wconf 88' lang='lat' dir='ltr'><strong>fuisse</strong></span> <span class='ocrx_word' id='word_1_67' title='bbox 1615 904 1841 975; x_wconf 77' lang='lat' dir='ltr'><strong>legimus</strong></span> <span class='ocrx_word' id='word_1_68' title='bbox 1862 900 2096 955; x_wconf 79' lang='lat' dir='ltr'><strong>Vettium</strong></span> 
     </span>
    </p>
   </div>
   <div class='ocr_carea' id='block_1_11' title="bbox 523 1019 833 1086">
    <p class='ocr_par' dir='ltr' id='par_1_11' title="bbox 523 1019 833 1086">
     <span class='ocr_line' id='line_1_11' title="bbox 523 1019 833 1086; baseline -0.019 -17"><span class='ocrx_word' id='word_1_69' title='bbox 523 1019 833 1086; x_wconf 69' lang='lat' dir='ltr'><strong>Epagatnm.</strong></span> 
     </span>
    </p>
   </div>
   <div class='ocr_carea' id='block_1_12' title="bbox 600 1081 2096 1163">
    <p class='ocr_par' dir='ltr' id='par_1_12' title="bbox 600 1081 2096 1163">
     <span class='ocr_line' id='line_1_12' title="bbox 600 1081 2096 1163; baseline -0.018 -2"><span class='ocrx_word' id='word_1_70' title='bbox 600 1104 823 1163; x_wconf 74' lang='lat' dir='ltr'><strong>XXVIII.</strong></span> <span class='ocrx_word' id='word_1_71' title='bbox 863 1100 972 1155; x_wconf 85' lang='lat' dir='ltr'><strong>Sub</strong></span> <span class='ocrx_word' id='word_1_72' title='bbox 1011 1096 1165 1152; x_wconf 87' lang='lat' dir='ltr'><strong>Decio</strong></span> <span class='ocrx_word' id='word_1_73' title='bbox 1196 1107 1322 1148; x_wconf 83' lang='lat' dir='ltr'><strong>vero</strong></span> <span class='ocrx_word' id='word_1_74' title='bbox 1358 1092 1681 1160; x_wconf 83' lang='lat' dir='ltr'><strong>imperatore</strong></span> <span class='ocrx_word' id='word_1_75' title='bbox 1734 1084 1898 1139; x_wconf 90' lang='lat' dir='ltr'><strong>multa</strong></span> <span class='ocrx_word' id='word_1_76' title='bbox 1957 1081 2096 1137; x_wconf 85' lang='lat' dir='ltr'><strong>bella</strong></span> 
     </span>
    </p>
   </div>
   <div class='ocr_carea' id='block_1_13' title="bbox 525 1180 2098 1252">
    <p class='ocr_par' dir='ltr' id='par_1_13' title="bbox 525 1180 2098 1252">
     <span class='ocr_line' id='line_1_13' title="bbox 525 1180 2098 1252; baseline -0.013 -1"><span class='ocrx_word' id='word_1_77' title='bbox 525 1200 804 1252; x_wconf 86' lang='lat' dir='ltr'><strong>adversum</strong></span> <span class='ocrx_word' id='word_1_78' title='bbox 852 1205 1043 1246; x_wconf 88' lang='lat' dir='ltr'><strong>nomen</strong></span> <span class='ocrx_word' id='word_1_79' title='bbox 1072 1186 1430 1242; x_wconf 88' lang='lat' dir='ltr'><strong>Christianum</strong></span> <span class='ocrx_word' id='word_1_80' title='bbox 1471 1180 1808 1240; x_wconf 80' lang='lat' dir='ltr'><strong>exoriuntur,</strong></span> <span class='ocrx_word' id='word_1_81' title='bbox 1854 1186 1908 1231; x_wconf 90' lang='lat' dir='ltr'><strong>et</strong></span> <span class='ocrx_word' id='word_1_82' title='bbox 1957 1184 2098 1231; x_wconf 84' lang='lat' dir='ltr'><strong>tanta</strong></span> 
     </span>
    </p>
   </div>
   <div class='ocr_carea' id='block_1_14' title="bbox 524 1267 2091 1356">
    <p class='ocr_par' dir='ltr' id='par_1_14' title="bbox 524 1267 2091 1356">
     <span class='ocr_line' id='line_1_14' title="bbox 524 1267 2091 1356; baseline -0.019 -12"><span class='ocrx_word' id='word_1_83' title='bbox 524 1302 725 1356; x_wconf 62' lang='lat' dir='ltr'><strong>strages</strong></span> <span class='ocrx_word' id='word_1_84' title='bbox 757 1288 822 1339; x_wconf 91' lang='lat' dir='ltr'><strong>de</strong></span> <span class='ocrx_word' id='word_1_85' title='bbox 846 1279 1182 1339; x_wconf 74' lang='lat' dir='ltr'><strong>credentibus</strong></span> <span class='ocrx_word' id='word_1_86' title='bbox 1215 1276 1330 1338; x_wconf 92' lang='lat' dir='ltr'><strong>fuit,</strong></span> <span class='ocrx_word' id='word_1_87' title='bbox 1365 1282 1419 1326; x_wconf 92' lang='lat' dir='ltr'><strong>ut</strong></span> <span class='ocrx_word' id='word_1_88' title='bbox 1451 1286 1546 1325; x_wconf 90' lang='lat' dir='ltr'><strong>nec</strong></span> <span class='ocrx_word' id='word_1_89' title='bbox 1576 1267 1841 1325; x_wconf 85' lang='lat' dir='ltr'><strong>numerari</strong></span> <span class='ocrx_word' id='word_1_90' title='bbox 1874 1272 2091 1350; x_wconf 69' lang='lat' dir='ltr'><strong>queant.</strong></span> 
     </span>
    </p>
   </div>
   <div class='ocr_carea' id='block_1_15' title="bbox 526 1355 2101 1450">
    <p class='ocr_par' dir='ltr' id='par_1_15' title="bbox 526 1355 2101 1450">
     <span class='ocr_line' id='line_1_15' title="bbox 526 1355 2101 1450; baseline -0.021 -16"><span class='ocrx_word' id='word_1_91' title='bbox 526 1381 772 1450; x_wconf 74' lang='lat' dir='ltr'><strong>Iiabyllas</strong></span> <span class='ocrx_word' id='word_1_92' title='bbox 812 1375 1096 1445; x_wconf 88' lang='lat' dir='ltr'><strong>episcopus</strong></span> <span class='ocrx_word' id='word_1_93' title='bbox 1137 1366 1517 1426; x_wconf 81' lang='lat' dir='ltr'><strong>Antiochenus,</strong></span> <span class='ocrx_word' id='word_1_94' title='bbox 1566 1375 1686 1413; x_wconf 87' lang='lat' dir='ltr'><strong>cum</strong></span> <span class='ocrx_word' id='word_1_95' title='bbox 1727 1355 1947 1423; x_wconf 67' lang='grc' dir='ltr'><strong>1111111εό</strong></span> <span class='ocrx_word' id='word_1_96' title='bbox 1978 1369 2101 1423; x_wconf 75' lang='lat' dir='ltr'><strong>par-</strong></span> 
     </span>
    </p>
   </div>
   <div class='ocr_carea' id='block_1_16' title="bbox 523 1446 2098 1533">
    <p class='ocr_par' dir='ltr' id='par_1_16' title="bbox 523 1446 2098 1533">
     <span class='ocr_line' id='line_1_16' title="bbox 523 1446 2098 1533; baseline -0.016 -10"><span class='ocrx_word' id='word_1_97' title='bbox 523 1446 685 1533; x_wconf 72' lang='lat' dir='ltr'><strong>vulis,</strong></span> <span class='ocrx_word' id='word_1_98' title='bbox 717 1468 768 1521; x_wconf 90' lang='lat' dir='ltr'><strong>id</strong></span> <span class='ocrx_word' id='word_1_99' title='bbox 796 1477 900 1529; x_wconf 86' lang='lat' dir='ltr'><strong>est,</strong></span> <span class='ocrx_word' id='word_1_100' title='bbox 937 1462 1171 1521; x_wconf 73' lang='lat' dir='ltr'><strong>Urbano,</strong></span> <span class='ocrx_word' id='word_1_101' title='bbox 1206 1455 1475 1510; x_wconf 84' lang='lat' dir='ltr'><strong>Prilidauo</strong></span> <span class='ocrx_word' id='word_1_102' title='bbox 1503 1463 1557 1506; x_wconf 89' lang='lat' dir='ltr'><strong>et</strong></span> <span class='ocrx_word' id='word_1_103' title='bbox 1588 1450 1860 1523; x_wconf 82' lang='lat' dir='ltr'><strong>Epulono;</strong></span> <span class='ocrx_word' id='word_1_104' title='bbox 1894 1457 1947 1501; x_wconf 90' lang='lat' dir='ltr'><strong>et</strong></span> <span class='ocrx_word' id='word_1_105' title='bbox 1971 1446 2098 1500; x_wconf 84' lang='lat' dir='ltr'><strong>Six-</strong></span> 
     </span>
    </p>
   </div>
   <div class='ocr_carea' id='block_1_17' title="bbox 523 1541 2100 1618">
    <p class='ocr_par' dir='ltr' id='par_1_17' title="bbox 523 1541 2100 1618">
     <span class='ocr_line' id='line_1_17' title="bbox 523 1541 2100 1618; baseline -0.016 -1"><span class='ocrx_word' id='word_1_106' title='bbox 523 1574 610 1617; x_wconf 83' lang='lat' dir='ltr'><strong>tus</strong></span> <span class='ocrx_word' id='word_1_107' title='bbox 644 1564 896 1615; x_wconf 72' lang='lat' dir='ltr'><strong>Romanae</strong></span> <span class='ocrx_word' id='word_1_108' title='bbox 925 1554 1177 1609; x_wconf 72' lang='lat' dir='ltr'><strong>Ecclesia:</strong></span> <span class='ocrx_word' id='word_1_109' title='bbox 1218 1550 1522 1618; x_wconf 81' lang='lat' dir='ltr'><strong>episcopus,</strong></span> <span class='ocrx_word' id='word_1_110' title='bbox 1564 1555 1618 1598; x_wconf 86' lang='lat' dir='ltr'><strong>et</strong></span> <span class='ocrx_word' id='word_1_111' title='bbox 1648 1544 1752 1617; x_wconf 76' lang='grc'><strong>23</strong></span> <span class='ocrx_word' id='word_1_112' title='bbox 1784 1541 2100 1597; x_wconf 85' lang='lat' dir='ltr'><strong>Laurentius</strong></span> 
     </span>
    </p>
   </div>
   <div class='ocr_carea' id='block_1_18' title="bbox 527 1630 2099 1714">
    <p class='ocr_par' dir='ltr' id='par_1_18' title="bbox 527 1630 2099 1714">
     <span class='ocr_line' id='line_1_18' title="bbox 527 1630 2099 1714; baseline -0.016 -4"><span class='ocrx_word' id='word_1_113' title='bbox 527 1653 963 1714; x_wconf 57' lang='lat' dir='ltr'><strong>archidiachntts&#39;,</strong></span> <span class='ocrx_word' id='word_1_114' title='bbox 1002 1654 1059 1700; x_wconf 91' lang='lat' dir='ltr'><strong>et</strong></span> <span class='ocrx_word' id='word_1_115' title='bbox 1093 1642 1427 1712; x_wconf 80' lang='lat' dir='ltr'><strong>Hippolytus,</strong></span> <span class='ocrx_word' id='word_1_116' title='bbox 1468 1637 1538 1690; x_wconf 92' lang='lat' dir='ltr'><strong>ob</strong></span> <span class='ocrx_word' id='word_1_117' title='bbox 1568 1632 1828 1689; x_wconf 88' lang='lat' dir='ltr'><strong>Dominici</strong></span> <span class='ocrx_word' id='word_1_118' title='bbox 1869 1630 2099 1685; x_wconf 90' lang='lat' dir='ltr'><strong>nominis</strong></span> 
     </span>
    </p>
   </div>
   <div class='ocr_carea' id='block_1_19' title="bbox 2200 435 3773 506">
    <p class='ocr_par' dir='ltr' id='par_1_19' title="bbox 2200 435 3773 506">
     <span class='ocr_line' id='line_1_19' title="bbox 2200 435 3773 506; baseline -0.006 -6"><span class='ocrx_word' id='word_1_119' title='bbox 2200 448 2337 501; x_wconf 67' lang='lat' dir='ltr'><strong>caelo</strong></span> <span class='ocrx_word' id='word_1_120' title='bbox 2358 451 2542 499; x_wconf 84' lang='lat' dir='ltr'><strong>sancto</strong></span> <span class='ocrx_word' id='word_1_121' title='bbox 2586 452 2693 506; x_wconf 85' lang='lat' dir='ltr'><strong>tuo,</strong></span> <span class='ocrx_word' id='word_1_122' title='bbox 2728 450 2783 491; x_wconf 92' lang='lat' dir='ltr'><strong>ut</strong></span> <span class='ocrx_word' id='word_1_123' title='bbox 2822 452 3088 505; x_wconf 90' lang='lat' dir='ltr'><strong>nunquam</strong></span> <span class='ocrx_word' id='word_1_124' title='bbox 3138 437 3254 490; x_wconf 62' lang='lat' dir='ltr'><strong>hinc</strong></span> <span class='ocrx_word' id='word_1_125' title='bbox 3300 436 3540 490; x_wconf 82' lang='lat' dir='ltr'><strong>Ecclesia</strong></span> <span class='ocrx_word' id='word_1_126' title='bbox 3568 437 3637 490; x_wconf 85' lang='lat' dir='ltr'><strong>de</strong></span> <span class='ocrx_word' id='word_1_127' title='bbox 3692 435 3773 490; x_wconf 82' lang='lat' dir='ltr'><strong>bis</strong></span> 
     </span>
    </p>
   </div>
   <div class='ocr_carea' id='block_1_20' title="bbox 2200 528 3771 596">
    <p class='ocr_par' dir='ltr' id='par_1_20' title="bbox 2200 528 3771 596">
     <span class='ocr_line' id='line_1_20' title="bbox 2200 528 3771 596; baseline -0.006 -7"><span class='ocrx_word' id='word_1_128' title='bbox 2200 537 2402 590; x_wconf 80' lang='lat' dir='ltr'><strong>civibus</strong></span> <span class='ocrx_word' id='word_1_129' title='bbox 2431 542 2695 588; x_wconf 86' lang='lat' dir='ltr'><strong>mereatur</strong></span> <span class='ocrx_word' id='word_1_130' title='bbox 2724 529 2921 583; x_wconf 89' lang='lat' dir='ltr'><strong>habere</strong></span> <span class='ocrx_word' id='word_1_131' title='bbox 2953 528 3254 596; x_wconf 74' lang='lat' dir='ltr'><strong>pontificem</strong></span> <span class='ocrx_word' id='word_1_132' title='bbox 3285 528 3771 595; x_wconf 86' lang='lat' dir='ltr'><strong>insempiterunm.</strong></span> 
     </span>
    </p>
   </div>
   <div class='ocr_carea' id='block_1_21' title="bbox 2200 619 3776 695">
    <p class='ocr_par' dir='ltr' id='par_1_21' title="bbox 2200 619 3776 695">
     <span class='ocr_line' id='line_1_21' title="bbox 2200 619 3776 695; baseline -0.006 -16"><span class='ocrx_word' id='word_1_133' title='bbox 2200 628 2350 695; x_wconf 86' lang='lat' dir='ltr'><strong>Quod</strong></span> <span class='ocrx_word' id='word_1_134' title='bbox 2384 640 2552 691; x_wconf 87' lang='lat' dir='ltr'><strong>usque</strong></span> <span class='ocrx_word' id='word_1_135' title='bbox 2574 637 2714 679; x_wconf 89' lang='lat' dir='ltr'><strong>nunc</strong></span> <span class='ocrx_word' id='word_1_136' title='bbox 2758 624 2809 676; x_wconf 91' lang='lat' dir='ltr'><strong>in</strong></span> <span class='ocrx_word' id='word_1_137' title='bbox 2839 623 2948 689; x_wconf 81' lang='lat' dir='ltr'><strong>ipsa</strong></span> <span class='ocrx_word' id='word_1_138' title='bbox 2975 622 3189 673; x_wconf 80' lang='lat' dir='ltr'><strong>civitate</strong></span> <span class='ocrx_word' id='word_1_139' title='bbox 3210 619 3277 673; x_wconf 88' lang='lat' dir='ltr'><strong>ita</strong></span> <span class='ocrx_word' id='word_1_140' title='bbox 3308 620 3553 674; x_wconf 83' lang='lat' dir='ltr'><strong>evenisse</strong></span> <span class='ocrx_word' id='word_1_141' title='bbox 3575 634 3776 689; x_wconf 74' lang='lat' dir='ltr'><strong>cogno-</strong></span> 
     </span>
    </p>
   </div>
   <div class='ocr_carea' id='block_1_22' title="bbox 2204 711 3778 781">
    <p class='ocr_par' dir='ltr' id='par_1_22' title="bbox 2204 711 3778 781">
     <span class='ocr_line' id='line_1_22' title="bbox 2204 711 3778 781; baseline -0.003 -11"><span class='ocrx_word' id='word_1_142' title='bbox 2204 720 2394 772; x_wconf 85' lang='lat' dir='ltr'><strong>vimus.</strong></span> <span class='ocrx_word' id='word_1_143' title='bbox 2429 715 2522 770; x_wconf 91' lang='lat' dir='ltr'><strong>llic</strong></span> <span class='ocrx_word' id='word_1_144' title='bbox 2552 730 2678 770; x_wconf 91' lang='lat' dir='ltr'><strong>vero</strong></span> <span class='ocrx_word' id='word_1_145' title='bbox 2705 713 2838 767; x_wconf 89' lang='lat' dir='ltr'><strong>tauri</strong></span> <span class='ocrx_word' id='word_1_146' title='bbox 2880 712 3113 765; x_wconf 79' lang='lat' dir='ltr'><strong>furentis</strong></span> <span class='ocrx_word' id='word_1_147' title='bbox 3153 712 3388 781; x_wconf 80' lang='lat' dir='ltr'><strong>vestigiis</strong></span> <span class='ocrx_word' id='word_1_148' title='bbox 3415 711 3685 780; x_wconf 82' lang='lat' dir='ltr'><strong>alligatus,</strong></span> <span class='ocrx_word' id='word_1_149' title='bbox 3717 726 3778 766; x_wconf 85' lang='lat' dir='ltr'><strong>ac</strong></span> 
     </span>
    </p>
   </div>
   <div class='ocr_carea' id='block_1_23' title="bbox 2200 802 3770 877">
    <p class='ocr_par' dir='ltr' id='par_1_23' title="bbox 2200 802 3770 877">
     <span class='ocr_line' id='line_1_23' title="bbox 2200 802 3770 877; baseline -0.007 -12"><span class='ocrx_word' id='word_1_150' title='bbox 2200 812 2267 865; x_wconf 90' lang='lat' dir='ltr'><strong>de</strong></span> <span class='ocrx_word' id='word_1_151' title='bbox 2310 808 2564 877; x_wconf 87' lang='lat' dir='ltr'><strong>Capitolio</strong></span> <span class='ocrx_word' id='word_1_152' title='bbox 2617 806 2992 875; x_wconf 65' lang='lat' dir='ltr'><strong>praecipitatus,</strong></span> <span class='ocrx_word' id='word_1_153' title='bbox 3040 806 3201 855; x_wconf 86' lang='lat' dir='ltr'><strong>vitam</strong></span> <span class='ocrx_word' id='word_1_154' title='bbox 3259 803 3451 857; x_wconf 82' lang='lat' dir='ltr'><strong>ﬁnivit.</strong></span> <span class='ocrx_word' id='word_1_155' title='bbox 3507 802 3770 857; x_wconf 85' lang='lat' dir='ltr'><strong>Gatianus</strong></span> 
     </span>
    </p>
   </div>
   <div class='ocr_carea' id='block_1_24' title="bbox 2200 895 3778 970">
    <p class='ocr_par' dir='ltr' id='par_1_24' title="bbox 2200 895 3778 970">
     <span class='ocr_line' id='line_1_24' title="bbox 2200 895 3778 970; baseline -0.003 -15"><span class='ocrx_word' id='word_1_156' title='bbox 2200 919 2347 965; x_wconf 86' lang='lat' dir='ltr'><strong>vero,</strong></span> <span class='ocrx_word' id='word_1_157' title='bbox 2381 901 2717 970; x_wconf 81' lang='lat' dir='ltr'><strong>Trophimus,</strong></span> <span class='ocrx_word' id='word_1_158' title='bbox 2750 897 3211 963; x_wconf 65' lang='lat' dir='ltr'><strong>Stretuoniusque,</strong></span> <span class='ocrx_word' id='word_1_159' title='bbox 3255 905 3309 949; x_wconf 91' lang='lat' dir='ltr'><strong>et</strong></span> <span class='ocrx_word' id='word_1_160' title='bbox 3352 895 3571 962; x_wconf 83' lang='lat' dir='ltr'><strong>Paulus,</strong></span> <span class='ocrx_word' id='word_1_161' title='bbox 3618 904 3778 964; x_wconf 84' lang='lat' dir='ltr'><strong>atque</strong></span> 
     </span>
    </p>
   </div>
   <div class='ocr_carea' id='block_1_25' title="bbox 2204 982 3779 1055">
    <p class='ocr_par' dir='ltr' id='par_1_25' title="bbox 2204 982 3779 1055">
     <span class='ocr_line' id='line_1_25' title="bbox 2204 982 3779 1055; baseline -0.007 -8"><span class='ocrx_word' id='word_1_162' title='bbox 2204 992 2476 1055; x_wconf 82' lang='lat' dir='ltr'><strong>Martialis,</strong></span> <span class='ocrx_word' id='word_1_163' title='bbox 2522 990 2572 1043; x_wconf 93' lang='lat' dir='ltr'><strong>in</strong></span> <span class='ocrx_word' id='word_1_164' title='bbox 2613 1003 2816 1045; x_wconf 90' lang='lat' dir='ltr'><strong>summa</strong></span> <span class='ocrx_word' id='word_1_165' title='bbox 2863 986 3144 1041; x_wconf 83' lang='lat' dir='ltr'><strong>sanctitate</strong></span> <span class='ocrx_word' id='word_1_166' title='bbox 3188 982 3213 1021; x_wconf 69' lang='grc' dir='ltr'>δ</span> <span class='ocrx_word' id='word_1_167' title='bbox 3244 986 3500 1049; x_wconf 81' lang='lat' dir='ltr'><strong>viventes,</strong></span> <span class='ocrx_word' id='word_1_168' title='bbox 3534 994 3659 1051; x_wconf 87' lang='lat' dir='ltr'><strong>post</strong></span> <span class='ocrx_word' id='word_1_169' title='bbox 3688 999 3779 1037; x_wconf 73' lang='lat' dir='ltr'><strong>ac-</strong></span> 
     </span>
    </p>
   </div>
   <div class='ocr_carea' id='block_1_26' title="bbox 2201 1075 3783 1156">
    <p class='ocr_par' dir='ltr' id='par_1_26' title="bbox 2201 1075 3783 1156">
     <span class='ocr_line' id='line_1_26' title="bbox 2201 1075 3783 1156; baseline -0.006 -17"><span class='ocrx_word' id='word_1_170' title='bbox 2201 1085 2423 1156; x_wconf 89' lang='lat' dir='ltr'><strong>quisitos</strong></span> <span class='ocrx_word' id='word_1_171' title='bbox 2451 1081 2558 1155; x_wconf 69' lang='grc'>24</span> <span class='ocrx_word' id='word_1_172' title='bbox 2601 1081 2848 1135; x_wconf 67' lang='lat' dir='ltr'><strong>Ecclesiae</strong></span> <span class='ocrx_word' id='word_1_173' title='bbox 2880 1079 3121 1148; x_wconf 83' lang='lat' dir='ltr'><strong>pepulos.</strong></span> <span class='ocrx_word' id='word_1_174' title='bbox 3152 1092 3215 1132; x_wconf 87' lang='lat' dir='ltr'><strong>ac</strong></span> <span class='ocrx_word' id='word_1_175' title='bbox 3260 1077 3415 1131; x_wconf 87' lang='lat' dir='ltr'><strong>[idem</strong></span> <span class='ocrx_word' id='word_1_176' title='bbox 3458 1075 3657 1131; x_wconf 82' lang='lat' dir='ltr'><strong>Christi</strong></span> <span class='ocrx_word' id='word_1_177' title='bbox 3692 1092 3783 1144; x_wconf 87' lang='lat' dir='ltr'><strong>per</strong></span> 
     </span>
    </p>
   </div>
   <div class='ocr_carea' id='block_1_27' title="bbox 2201 1169 3783 1237">
    <p class='ocr_par' dir='ltr' id='par_1_27' title="bbox 2201 1169 3783 1237">
     <span class='ocr_line' id='line_1_27' title="bbox 2201 1169 3783 1237; baseline -0.006 -5"><span class='ocrx_word' id='word_1_178' title='bbox 2201 1180 2375 1235; x_wconf 83' lang='lat' dir='ltr'><strong>omnia</strong></span> <span class='ocrx_word' id='word_1_179' title='bbox 2399 1176 2690 1237; x_wconf 72' lang='lat' dir='ltr'><strong>dilatatam,</strong></span> <span class='ocrx_word' id='word_1_180' title='bbox 2722 1172 2858 1227; x_wconf 77' lang='lat' dir='ltr'><strong>felici</strong></span> <span class='ocrx_word' id='word_1_181' title='bbox 2891 1172 3225 1226; x_wconf 79' lang='lat' dir='ltr'><strong>confessione</strong></span> <span class='ocrx_word' id='word_1_182' title='bbox 3264 1169 3579 1236; x_wconf 80' lang='lat' dir='ltr'><strong>migrarunt.</strong></span> <span class='ocrx_word' id='word_1_183' title='bbox 3616 1169 3681 1222; x_wconf 83' lang='lat' dir='ltr'><strong>Et</strong></span> <span class='ocrx_word' id='word_1_184' title='bbox 3707 1169 3783 1223; x_wconf 88' lang='lat' dir='ltr'><strong>sic</strong></span> 
     </span>
    </p>
   </div>
   <div class='ocr_carea' id='block_1_28' title="bbox 2203 1260 3780 1337">
    <p class='ocr_par' dir='ltr' id='par_1_28' title="bbox 2203 1260 3780 1337">
     <span class='ocr_line' id='line_1_28' title="bbox 2203 1260 3780 1337; baseline -0.008 -12"><span class='ocrx_word' id='word_1_185' title='bbox 2203 1286 2308 1325; x_wconf 89' lang='lat' dir='ltr'><strong>tam</strong></span> <span class='ocrx_word' id='word_1_186' title='bbox 2341 1269 2427 1324; x_wconf 88' lang='lat' dir='ltr'><strong>isti</strong></span> <span class='ocrx_word' id='word_1_187' title='bbox 2454 1282 2547 1337; x_wconf 89' lang='lat' dir='ltr'><strong>per</strong></span> <span class='ocrx_word' id='word_1_188' title='bbox 2574 1266 2907 1336; x_wconf 85' lang='lat' dir='ltr'><strong>martyrium,</strong></span> <span class='ocrx_word' id='word_1_189' title='bbox 2935 1277 3091 1332; x_wconf 88' lang='lat' dir='ltr'><strong>quam</strong></span> <span class='ocrx_word' id='word_1_190' title='bbox 3142 1262 3190 1314; x_wconf 92' lang='lat' dir='ltr'><strong>hi</strong></span> <span class='ocrx_word' id='word_1_191' title='bbox 3239 1275 3333 1329; x_wconf 88' lang='lat' dir='ltr'><strong>per</strong></span> <span class='ocrx_word' id='word_1_192' title='bbox 3363 1260 3780 1321; x_wconf 80' lang='lat' dir='ltr'><strong>confessionem,</strong></span> 
     </span>
    </p>
   </div>
   <div class='ocr_carea' id='block_1_29' title="bbox 2202 1350 3784 1427">
    <p class='ocr_par' dir='ltr' id='par_1_29' title="bbox 2202 1350 3784 1427">
     <span class='ocr_line' id='line_1_29' title="bbox 2202 1350 3784 1427; baseline -0.009 -11"><span class='ocrx_word' id='word_1_193' title='bbox 2202 1362 2559 1427; x_wconf 81' lang='lat' dir='ltr'><strong>relinquentes</strong></span> <span class='ocrx_word' id='word_1_194' title='bbox 2592 1368 2783 1421; x_wconf 79' lang='lat' dir='ltr'><strong>terras,</strong></span> <span class='ocrx_word' id='word_1_195' title='bbox 2828 1356 2880 1406; x_wconf 92' lang='lat' dir='ltr'><strong>in</strong></span> <span class='ocrx_word' id='word_1_196' title='bbox 2902 1350 3222 1406; x_wconf 66' lang='lat' dir='ltr'><strong>cmlestibus</strong></span> <span class='ocrx_word' id='word_1_197' title='bbox 3264 1350 3460 1419; x_wconf 85' lang='lat' dir='ltr'><strong>pariter</strong></span> <span class='ocrx_word' id='word_1_198' title='bbox 3496 1359 3619 1404; x_wconf 88' lang='lat' dir='ltr'><strong>sunt</strong></span> <span class='ocrx_word' id='word_1_199' title='bbox 3650 1363 3784 1403; x_wconf 85' lang='lat' dir='ltr'><strong>con-</strong></span> 
     </span>
    </p>
   </div>
   <div class='ocr_carea' id='block_1_30' title="bbox 2196 1454 2477 1523">
    <p class='ocr_par' dir='ltr' id='par_1_30' title="bbox 2196 1454 2477 1523">
     <span class='ocr_line' id='line_1_30' title="bbox 2196 1454 2477 1523; baseline -0.014 -16"><span class='ocrx_word' id='word_1_200' title='bbox 2196 1454 2388 1523; x_wconf 81' lang='lat' dir='ltr'><strong>juncti.</strong></span> 
     </span>
    </p>
   </div>
   <div class='ocr_carea' id='block_1_31' title="bbox 2277 1516 3781 1601">
    <p class='ocr_par' dir='ltr' id='par_1_31' title="bbox 2277 1516 3781 1601">
     <span class='ocr_line' id='line_1_31' title="bbox 2277 1516 3781 1601; baseline -0.008 -4"><span class='ocrx_word' id='word_1_201' title='bbox 2277 1516 2479 1597; x_wconf 37' lang='lat' dir='ltr'><strong>XXIX‘:</strong></span> <span class='ocrx_word' id='word_1_202' title='bbox 2507 1540 2579 1594; x_wconf 85' lang='lat' dir='ltr'><strong>De</strong></span> <span class='ocrx_word' id='word_1_203' title='bbox 2609 1538 2622 1576; x_wconf 77' lang='grc' dir='ltr'><strong>ί</strong></span> <span class='ocrx_word' id='word_1_204' title='bbox 2659 1538 2845 1591; x_wconf 86' lang='lat' dir='ltr'><strong>horum</strong></span> <span class='ocrx_word' id='word_1_205' title='bbox 2872 1550 2997 1590; x_wconf 87' lang='lat' dir='ltr'><strong>vero</strong></span> <span class='ocrx_word' id='word_1_206' title='bbox 3027 1531 3298 1601; x_wconf 75' lang='lat' dir='ltr'><strong>discipulis</strong></span> <span class='ocrx_word' id='word_1_207' title='bbox 3331 1532 3545 1600; x_wconf 88' lang='lat' dir='ltr'><strong>quidam</strong></span> <span class='ocrx_word' id='word_1_208' title='bbox 3583 1531 3781 1585; x_wconf 61' lang='lat' dir='ltr'><strong>Biturio</strong></span> 
     </span>
    </p>
   </div>
   <div class='ocr_carea' id='block_1_32' title="bbox 2203 1624 3789 1705">
    <p class='ocr_par' dir='ltr' id='par_1_32' title="bbox 2203 1624 3789 1705">
     <span class='ocr_line' id='line_1_32' title="bbox 2203 1624 3789 1705; baseline -0.005 -16"><span class='ocrx_word' id='word_1_209' title='bbox 2203 1651 2296 1705; x_wconf 80' lang='lat' dir='ltr'><strong>gas</strong></span> <span class='ocrx_word' id='word_1_210' title='bbox 2327 1636 2593 1689; x_wconf 76' lang='lat' dir='ltr'><strong>civitatem</strong></span> <span class='ocrx_word' id='word_1_211' title='bbox 2624 1643 2926 1702; x_wconf 79' lang='lat' dir='ltr'><strong>aggressus,</strong></span> <span class='ocrx_word' id='word_1_212' title='bbox 2960 1627 3206 1681; x_wconf 75' lang='lat' dir='ltr'><strong>Salutare</strong></span> <span class='ocrx_word' id='word_1_213' title='bbox 3228 1624 3489 1687; x_wconf 87' lang='lat' dir='ltr'><strong>omnium,</strong></span> <span class='ocrx_word' id='word_1_214' title='bbox 3513 1625 3789 1681; x_wconf 72' lang='lat' dir='ltr'><strong>Christum</strong></span> 
     </span>
    </p>
   </div>
   <div class='ocr_carea' id='block_1_33' title="bbox 526 1716 3789 1807">
    <p class='ocr_par' dir='ltr' id='par_1_33' title="bbox 526 1716 3789 1807">
     <span class='ocr_line' id='line_1_33' title="bbox 526 1716 3789 1807; baseline -0.022 -4"><span class='ocrx_word' id='word_1_215' title='bbox 526 1745 916 1803; x_wconf 82' lang='lat' dir='ltr'><strong>confessionem</strong></span> <span class='ocrx_word' id='word_1_216' title='bbox 962 1752 1052 1807; x_wconf 81' lang='lat' dir='ltr'><strong>per</strong></span> <span class='ocrx_word' id='word_1_217' title='bbox 1081 1733 1391 1803; x_wconf 80' lang='lat' dir='ltr'><strong>martyrium</strong></span> <span class='ocrx_word' id='word_1_218' title='bbox 1440 1724 1795 1782; x_wconf 84' lang='lat' dir='ltr'><strong>consummati</strong></span> <span class='ocrx_word' id='word_1_219' title='bbox 1827 1734 1974 1777; x_wconf 87' lang='lat' dir='ltr'><strong>sunt.</strong></span> <span class='ocrx_word' id='word_1_220' title='bbox 2006 1720 2101 1773; x_wconf 71' lang='lat' dir='ltr'><strong>Va.</strong></span> <span class='ocrx_word' id='word_1_221' title='bbox 2139 1722 2182 1780; x_wconf 81' lang='grc' dir='ltr'>Β</span> <span class='ocrx_word' id='word_1_222' title='bbox 2214 1726 2491 1781; x_wconf 65' lang='lat' dir='ltr'><strong>hominum</strong></span> <span class='ocrx_word' id='word_1_223' title='bbox 2534 1722 2743 1793; x_wconf 65' lang='lat' dir='ltr'><strong>populis</strong></span> <span class='ocrx_word' id='word_1_224' title='bbox 2771 1718 3051 1773; x_wconf 48' lang='lat' dir='ltr'><strong>nuntiavit.</strong></span> <span class='ocrx_word' id='word_1_225' title='bbox 3104 1718 3177 1770; x_wconf 60' lang='lat' dir='ltr'><strong>Ex</strong></span> <span class='ocrx_word' id='word_1_226' title='bbox 3206 1716 3295 1770; x_wconf 62' lang='lat' dir='ltr'><strong>his</strong></span> <span class='ocrx_word' id='word_1_227' title='bbox 3336 1732 3462 1785; x_wconf 57' lang='lat' dir='ltr'><strong>ergo</strong></span> <span class='ocrx_word' id='word_1_228' title='bbox 3504 1718 3653 1783; x_wconf 55' lang='lat' dir='ltr'><strong>pauci</strong></span> <span class='ocrx_word' id='word_1_229' title='bbox 3696 1719 3789 1769; x_wconf 51' lang='grc' dir='ltr'><strong>δή.</strong></span> 
     </span>
    </p>
   </div>
   <div class='ocr_carea' id='block_1_34' title="bbox 530 1815 2105 1894">
    <p class='ocr_par' dir='ltr' id='par_1_34' title="bbox 530 1815 2105 1894">
     <span class='ocr_line' id='line_1_34' title="bbox 530 1815 2105 1894; baseline -0.019 0"><span class='ocrx_word' id='word_1_230' title='bbox 530 1840 848 1894; x_wconf 89' lang='lat' dir='ltr'><strong>lentinianus</strong></span> <span class='ocrx_word' id='word_1_231' title='bbox 900 1843 954 1887; x_wconf 89' lang='lat' dir='ltr'><strong>et</strong></span> <span class='ocrx_word' id='word_1_232' title='bbox 990 1827 1311 1885; x_wconf 83' lang='lat' dir='ltr'><strong>Novatianus</strong></span> <span class='ocrx_word' id='word_1_233' title='bbox 1364 1821 1579 1877; x_wconf 79' lang='lat' dir='ltr'><strong>maximi</strong></span> <span class='ocrx_word' id='word_1_234' title='bbox 1643 1829 1769 1872; x_wconf 88' lang='lat' dir='ltr'><strong>tunc</strong></span> <span class='ocrx_word' id='word_1_235' title='bbox 1825 1815 2105 1870; x_wconf 69' lang='lat' dir='ltr'><strong>ltazretico-</strong></span> 
     </span>
    </p>
   </div>
   <div class='ocr_carea' id='block_1_35' title="bbox 527 1909 2103 1998">
    <p class='ocr_par' dir='ltr' id='par_1_35' title="bbox 527 1909 2103 1998">
     <span class='ocr_line' id='line_1_35' title="bbox 527 1909 2103 1998; baseline -0.018 -11"><span class='ocrx_word' id='word_1_236' title='bbox 527 1948 645 1987; x_wconf 86' lang='lat' dir='ltr'><strong>rum</strong></span> <span class='ocrx_word' id='word_1_237' title='bbox 678 1928 704 1965; x_wconf 71' lang='grc' dir='ltr'>ἀ</span> <span class='ocrx_word' id='word_1_238' title='bbox 739 1925 1024 1998; x_wconf 74' lang='lat' dir='ltr'><strong>principes,</strong></span> <span class='ocrx_word' id='word_1_239' title='bbox 1056 1929 1238 1975; x_wconf 89' lang='lat' dir='ltr'><strong>contra</strong></span> <span class='ocrx_word' id='word_1_240' title='bbox 1273 1916 1431 1970; x_wconf 82' lang='lat' dir='ltr'><strong>fidem</strong></span> <span class='ocrx_word' id='word_1_241' title='bbox 1477 1921 1711 1968; x_wconf 88' lang='lat' dir='ltr'><strong>nostram</strong></span> <span class='ocrx_word' id='word_1_242' title='bbox 1742 1909 1957 1963; x_wconf 81' lang='lat' dir='ltr'><strong>inimico</strong></span> <span class='ocrx_word' id='word_1_243' title='bbox 1998 1909 2103 1960; x_wconf 90' lang='lat' dir='ltr'><strong>im-</strong></span> 
     </span>
    </p>
   </div>
   <div class='ocr_carea' id='block_1_36' title="bbox 528 1999 2106 2095">
    <p class='ocr_par' dir='ltr' id='par_1_36' title="bbox 528 1999 2106 2095">
     <span class='ocr_line' id='line_1_36' title="bbox 528 1999 2106 2095; baseline -0.018 -17"><span class='ocrx_word' id='word_1_244' title='bbox 528 2022 1110 2095; x_wconf 75' lang='lat' dir='ltr'><strong>pellentegrassantur.</strong></span> <span class='ocrx_word' id='word_1_245' title='bbox 1149 2009 1316 2078; x_wconf 83' lang='lat' dir='ltr'><strong>llujns</strong></span> <span class='ocrx_word' id='word_1_246' title='bbox 1358 2016 1599 2074; x_wconf 88' lang='lat' dir='ltr'><strong>tempore</strong></span> <span class='ocrx_word' id='word_1_247' title='bbox 1638 2012 1841 2070; x_wconf 86' lang='lat' dir='ltr'><strong>septem</strong></span> <span class='ocrx_word' id='word_1_248' title='bbox 1875 1999 1972 2053; x_wconf 84' lang='lat' dir='ltr'><strong>viri</strong></span> <span class='ocrx_word' id='word_1_249' title='bbox 1996 1999 2106 2067; x_wconf 89' lang='lat' dir='ltr'><strong>epi-</strong></span> 
     </span>
    </p>
   </div>
   <div class='ocr_carea' id='block_1_37' title="bbox 529 2092 2106 2181">
    <p class='ocr_par' dir='ltr' id='par_1_37' title="bbox 529 2092 2106 2181">
     <span class='ocr_line' id='line_1_37' title="bbox 529 2092 2106 2181; baseline -0.015 -17"><span class='ocrx_word' id='word_1_250' title='bbox 529 2092 677 2181; x_wconf 80' lang='lat' dir='ltr'><strong>scopi</strong></span> <span class='ocrx_word' id='word_1_251' title='bbox 700 2106 928 2165; x_wconf 89' lang='lat' dir='ltr'><strong>ordinati</strong></span> <span class='ocrx_word' id='word_1_252' title='bbox 950 2105 1014 2159; x_wconf 89' lang='lat' dir='ltr'><strong>ad</strong></span> <span class='ocrx_word' id='word_1_253' title='bbox 1040 2099 1441 2173; x_wconf 67' lang='lat' dir='ltr'><strong>prmdicandum</strong></span> <span class='ocrx_word' id='word_1_254' title='bbox 1484 2097 1537 2149; x_wconf 93' lang='lat' dir='ltr'><strong>in</strong></span> <span class='ocrx_word' id='word_1_255' title='bbox 1562 2096 1761 2153; x_wconf 84' lang='lat' dir='ltr'><strong>Gallias</strong></span> <span class='ocrx_word' id='word_1_256' title='bbox 1790 2092 1934 2146; x_wconf 90' lang='lat' dir='ltr'><strong>missi</strong></span> <span class='ocrx_word' id='word_1_257' title='bbox 1960 2098 2106 2157; x_wconf 74' lang='lat' dir='ltr'><strong>sunt,</strong></span> 
     </span>
    </p>
   </div>
   <div class='ocr_carea' id='block_1_38' title="bbox 529 2179 2103 2266">
    <p class='ocr_par' dir='ltr' id='par_1_38' title="bbox 529 2179 2103 2266">
     <span class='ocr_line' id='line_1_38' title="bbox 529 2179 2103 2266; baseline -0.015 -9"><span class='ocrx_word' id='word_1_258' title='bbox 529 2179 665 2257; x_wconf 76' lang='lat' dir='ltr'><strong>sicut</strong></span> <span class='ocrx_word' id='word_1_259' title='bbox 695 2201 911 2258; x_wconf 80' lang='lat' dir='ltr'><strong>historia</strong></span> <span class='ocrx_word' id='word_1_260' title='bbox 938 2193 1199 2266; x_wconf 71' lang='lat' dir='ltr'><strong>passionis</strong></span> <span class='ocrx_word' id='word_1_261' title='bbox 1228 2189 1395 2244; x_wconf 74' lang='lat' dir='ltr'><strong>sanczi</strong></span> <span class='ocrx_word' id='word_1_262' title='bbox 1429 2186 1677 2256; x_wconf 84' lang='lat' dir='ltr'><strong>martyris</strong></span> <span class='ocrx_word' id='word_1_263' title='bbox 1700 2181 1977 2239; x_wconf 84' lang='lat' dir='ltr'><strong>Saturnini</strong></span> <span class='ocrx_word' id='word_1_264' title='bbox 2006 2179 2103 2235; x_wconf 85' lang='lat' dir='ltr'><strong>de-</strong></span> 
     </span>
    </p>
   </div>
   <div class='ocr_carea' id='block_1_39' title="bbox 533 2272 2101 2347">
    <p class='ocr_par' dir='ltr' id='par_1_39' title="bbox 533 2272 2101 2347">
     <span class='ocr_line' id='line_1_39' title="bbox 533 2272 2101 2347; baseline -0.016 0"><span class='ocrx_word' id='word_1_265' title='bbox 533 2303 710 2347; x_wconf 81' lang='lat' dir='ltr'><strong>narrat</strong></span> <span class='ocrx_word' id='word_1_266' title='bbox 733 2302 780 2344; x_wconf 77' lang='grc' dir='ltr'><strong>ο.</strong></span> <span class='ocrx_word' id='word_1_267' title='bbox 806 2290 891 2342; x_wconf 79' lang='lat' dir='ltr'><strong>Ait</strong></span> <span class='ocrx_word' id='word_1_268' title='bbox 918 2287 1058 2341; x_wconf 81' lang='lat' dir='ltr'><strong>enim</strong></span> <span class='ocrx_word' id='word_1_269' title='bbox 1096 2301 1109 2337; x_wconf 89' lang='lat'>:</span> <span class='ocrx_word' id='word_1_270' title='bbox 1154 2281 1265 2336; x_wconf 89' lang='lat' dir='ltr'><strong>Sub</strong></span> <span class='ocrx_word' id='word_1_271' title='bbox 1297 2278 1457 2332; x_wconf 73' lang='lat' dir='ltr'><strong>Decio</strong></span> <span class='ocrx_word' id='word_1_272' title='bbox 1486 2288 1538 2330; x_wconf 91' lang='lat' dir='ltr'><strong>et</strong></span> <span class='ocrx_word' id='word_1_273' title='bbox 1570 2276 1736 2330; x_wconf 81' lang='lat' dir='ltr'><strong>Grato</strong></span> <span class='ocrx_word' id='word_1_274' title='bbox 1765 2272 2101 2333; x_wconf 85' lang='lat' dir='ltr'><strong>consulibus,</strong></span> 
     </span>
    </p>
   </div>
   <div class='ocr_carea' id='block_1_40' title="bbox 532 2367 2108 2440">
    <p class='ocr_par' dir='ltr' id='par_1_40' title="bbox 532 2367 2108 2440">
     <span class='ocr_line' id='line_1_40' title="bbox 532 2367 2108 2440; baseline -0.015 -3"><span class='ocrx_word' id='word_1_275' title='bbox 532 2386 671 2440; x_wconf 82' lang='lat' dir='ltr'><strong>sient</strong></span> <span class='ocrx_word' id='word_1_276' title='bbox 700 2382 841 2436; x_wconf 83' lang='lat' dir='ltr'><strong>fideli</strong></span> <span class='ocrx_word' id='word_1_277' title='bbox 872 2376 1242 2432; x_wconf 85' lang='lat' dir='ltr'><strong>recordatione</strong></span> <span class='ocrx_word' id='word_1_278' title='bbox 1288 2372 1566 2431; x_wconf 89' lang='lat' dir='ltr'><strong>retinetur,</strong></span> <span class='ocrx_word' id='word_1_279' title='bbox 1611 2367 1836 2436; x_wconf 90' lang='lat' dir='ltr'><strong>ptimum</strong></span> <span class='ocrx_word' id='word_1_280' title='bbox 1868 2380 1930 2419; x_wconf 89' lang='lat' dir='ltr'><strong>ac</strong></span> <span class='ocrx_word' id='word_1_281' title='bbox 1959 2378 2108 2427; x_wconf 87' lang='lat' dir='ltr'><strong>sum-</strong></span> 
     </span>
    </p>
   </div>
   <div class='ocr_carea' id='block_1_41' title="bbox 538 2455 2112 2528">
    <p class='ocr_par' dir='ltr' id='par_1_41' title="bbox 538 2455 2112 2528">
     <span class='ocr_line' id='line_1_41' title="bbox 538 2455 2112 2528; baseline -0.014 0"><span class='ocrx_word' id='word_1_282' title='bbox 538 2492 680 2528; x_wconf 85' lang='lat' dir='ltr'><strong>mum</strong></span> <span class='ocrx_word' id='word_1_283' title='bbox 713 2472 973 2526; x_wconf 83' lang='lat' dir='ltr'><strong>Tolosana</strong></span> <span class='ocrx_word' id='word_1_284' title='bbox 1021 2464 1207 2519; x_wconf 78' lang='lat' dir='ltr'><strong>civitas</strong></span> <span class='ocrx_word' id='word_1_285' title='bbox 1238 2476 1347 2515; x_wconf 54' lang='lat' dir='ltr'><strong>sani</strong></span> <span class='ocrx_word' id='word_1_286' title='bbox 1371 2473 1479 2516; x_wconf 90' lang='lat' dir='ltr'><strong>tum</strong></span> <span class='ocrx_word' id='word_1_287' title='bbox 1527 2458 1871 2513; x_wconf 85' lang='lat' dir='ltr'><strong>Saturninum</strong></span> <span class='ocrx_word' id='word_1_288' title='bbox 1916 2455 2112 2508; x_wconf 77' lang='lat' dir='ltr'><strong>habere</strong></span> 
     </span>
    </p>
   </div>
   <div class='ocr_carea' id='block_1_42' title="bbox 522 2544 2110 2635">
    <p class='ocr_par' dir='ltr' id='par_1_42' title="bbox 522 2544 2110 2635">
     <span class='ocr_line' id='line_1_42' title="bbox 522 2544 2110 2635; baseline -0.016 -13"><span class='ocrx_word' id='word_1_289' title='bbox 522 2573 766 2635; x_wconf 72' lang='lat' dir='ltr'><strong>cmperat</strong></span> <span class='ocrx_word' id='word_1_290' title='bbox 788 2557 1138 2615; x_wconf 64' lang='lat' dir='ltr'><strong>Succidotem.</strong></span> <span class='ocrx_word' id='word_1_291' title='bbox 1184 2553 1243 2607; x_wconf 92' lang='lat' dir='ltr'><strong>Ili</strong></span> <span class='ocrx_word' id='word_1_292' title='bbox 1275 2568 1404 2621; x_wconf 78' lang='lat' dir='ltr'><strong>ergo</strong></span> <span class='ocrx_word' id='word_1_293' title='bbox 1436 2550 1584 2605; x_wconf 63' lang='lat' dir='ltr'><strong>llliSal</strong></span> <span class='ocrx_word' id='word_1_294' title='bbox 1613 2558 1737 2605; x_wconf 91' lang='lat' dir='ltr'><strong>sunt</strong></span> <span class='ocrx_word' id='word_1_295' title='bbox 1763 2568 1775 2602; x_wconf 89' lang='lat'><strong>:</strong></span> <span class='ocrx_word' id='word_1_296' title='bbox 1806 2544 2110 2609; x_wconf 87' lang='lat' dir='ltr'><strong>Turonicis,</strong></span> 
     </span>
    </p>
   </div>
   <div class='ocr_carea' id='block_1_43' title="bbox 535 2637 2113 2716">
    <p class='ocr_par' dir='ltr' id='par_1_43' title="bbox 535 2637 2113 2716">
     <span class='ocr_line' id='line_1_43' title="bbox 535 2637 2113 2716; baseline -0.014 -4"><span class='ocrx_word' id='word_1_297' title='bbox 535 2658 789 2712; x_wconf 88' lang='lat' dir='ltr'><strong>Gatiauus</strong></span> <span class='ocrx_word' id='word_1_298' title='bbox 848 2647 866 2687; x_wconf 70' lang='grc' dir='ltr'><strong>ί</strong></span> <span class='ocrx_word' id='word_1_299' title='bbox 925 2648 1235 2716; x_wconf 85' lang='lat' dir='ltr'><strong>episc0pus;</strong></span> <span class='ocrx_word' id='word_1_300' title='bbox 1304 2640 1728 2704; x_wconf 82' lang='lat' dir='ltr'><strong>Arelatensibus,</strong></span> <span class='ocrx_word' id='word_1_301' title='bbox 1791 2637 2113 2707; x_wconf 84' lang='lat' dir='ltr'><strong>Trephimus</strong></span> 
     </span>
    </p>
   </div>
   <div class='ocr_carea' id='block_1_44' title="bbox 536 2728 2115 2818">
    <p class='ocr_par' dir='ltr' id='par_1_44' title="bbox 536 2728 2115 2818">
     <span class='ocr_line' id='line_1_44' title="bbox 536 2728 2115 2818; baseline -0.014 -15"><span class='ocrx_word' id='word_1_302' title='bbox 536 2749 847 2818; x_wconf 79' lang='lat' dir='ltr'><strong>episcopos;</strong></span> <span class='ocrx_word' id='word_1_303' title='bbox 876 2739 1155 2803; x_wconf 64' lang='lat' dir='ltr'><strong>Narbonm,</strong></span> <span class='ocrx_word' id='word_1_304' title='bbox 1201 2735 1396 2788; x_wconf 87' lang='lat' dir='ltr'><strong>Paulus</strong></span> <span class='ocrx_word' id='word_1_305' title='bbox 1418 2734 1730 2803; x_wconf 85' lang='lat' dir='ltr'><strong>episcopus;</strong></span> <span class='ocrx_word' id='word_1_306' title='bbox 1759 2731 1988 2792; x_wconf 65' lang='lat' dir='ltr'><strong>Tolosae,</strong></span> <span class='ocrx_word' id='word_1_307' title='bbox 2016 2728 2115 2784; x_wconf 81' lang='lat' dir='ltr'><strong>Sa-</strong></span> 
     </span>
    </p>
   </div>
   <div class='ocr_carea' id='block_1_45' title="bbox 538 2819 2110 2901">
    <p class='ocr_par' dir='ltr' id='par_1_45' title="bbox 538 2819 2110 2901">
     <span class='ocr_line' id='line_1_45' title="bbox 538 2819 2110 2901; baseline -0.014 -9"><span class='ocrx_word' id='word_1_308' title='bbox 538 2839 791 2893; x_wconf 80' lang='lat' dir='ltr'><strong>turninus</strong></span> <span class='ocrx_word' id='word_1_309' title='bbox 820 2833 1128 2901; x_wconf 73' lang='lat' dir='ltr'><strong>episCOpUs;</strong></span> <span class='ocrx_word' id='word_1_310' title='bbox 1155 2824 1454 2892; x_wconf 80' lang='lat' dir='ltr'><strong>Parisiacis,</strong></span> <span class='ocrx_word' id='word_1_311' title='bbox 1481 2822 1763 2892; x_wconf 85' lang='lat' dir='ltr'><strong>Dionysius</strong></span> <span class='ocrx_word' id='word_1_312' title='bbox 1792 2819 2110 2889; x_wconf 68' lang='lat' dir='ltr'><strong>episcoiius;</strong></span> 
     </span>
    </p>
   </div>
   <div class='ocr_carea' id='block_1_46' title="bbox 544 2907 2117 2987">
    <p class='ocr_par' dir='ltr' id='par_1_46' title="bbox 544 2907 2117 2987">
     <span class='ocr_line' id='line_1_46' title="bbox 544 2907 2117 2987; baseline -0.015 -5"><span class='ocrx_word' id='word_1_313' title='bbox 544 2925 814 2987; x_wconf 67' lang='lat' dir='ltr'><strong>Arvernis,</strong></span> <span class='ocrx_word' id='word_1_314' title='bbox 844 2916 1177 2974; x_wconf 79' lang='lat' dir='ltr'><strong>Sirenioiiius</strong></span> <span class='ocrx_word' id='word_1_315' title='bbox 1206 2915 1522 2983; x_wconf 88' lang='lat' dir='ltr'><strong>episcopos;</strong></span> <span class='ocrx_word' id='word_1_316' title='bbox 1566 2909 1949 2973; x_wconf 87' lang='lat' dir='ltr'><strong>Lemovicinis,</strong></span> <span class='ocrx_word' id='word_1_317' title='bbox 1980 2907 2117 2963; x_wconf 83' lang='lat' dir='ltr'><strong>Mar-</strong></span> 
     </span>
    </p>
   </div>
   <div class='ocr_carea' id='block_1_47' title="bbox 550 3003 2114 3076">
    <p class='ocr_par' dir='ltr' id='par_1_47' title="bbox 550 3003 2114 3076">
     <span class='ocr_line' id='line_1_47' title="bbox 550 3003 2114 3076; baseline -0.012 -5"><span class='ocrx_word' id='word_1_318' title='bbox 550 3022 685 3075; x_wconf 66' lang='lat' dir='ltr'><strong>ti.il.s</strong></span> <span class='ocrx_word' id='word_1_319' title='bbox 724 3028 804 3071; x_wconf 88' lang='lat' dir='ltr'><strong>est</strong></span> <span class='ocrx_word' id='word_1_320' title='bbox 834 3016 1126 3068; x_wconf 86' lang='lat' dir='ltr'><strong>destinatus</strong></span> <span class='ocrx_word' id='word_1_321' title='bbox 1154 3008 1452 3076; x_wconf 89' lang='lat' dir='ltr'><strong>cpiscopus.</strong></span> <span class='ocrx_word' id='word_1_322' title='bbox 1492 3007 1565 3060; x_wconf 89' lang='lat' dir='ltr'><strong>De</strong></span> <span class='ocrx_word' id='word_1_323' title='bbox 1617 3006 1699 3058; x_wconf 90' lang='lat' dir='ltr'><strong>bis</strong></span> <span class='ocrx_word' id='word_1_324' title='bbox 1735 3018 1883 3069; x_wconf 72' lang='lat' dir='ltr'><strong>Vero,</strong></span> <span class='ocrx_word' id='word_1_325' title='bbox 1928 3003 2114 3056; x_wconf 89' lang='lat' dir='ltr'><strong>beatus</strong></span> 
     </span>
    </p>
   </div>
   <div class='ocr_carea' id='block_1_48' title="bbox 2207 1807 3790 1876">
    <p class='ocr_par' dir='ltr' id='par_1_48' title="bbox 2207 1807 3790 1876">
     <span class='ocr_line' id='line_1_48' title="bbox 2207 1807 3790 1876; baseline -0.006 -5"><span class='ocrx_word' id='word_1_326' title='bbox 2207 1816 2422 1871; x_wconf 87' lang='lat' dir='ltr'><strong>modum</strong></span> <span class='ocrx_word' id='word_1_327' title='bbox 2465 1815 2768 1874; x_wconf 89' lang='lat' dir='ltr'><strong>credentes,</strong></span> <span class='ocrx_word' id='word_1_328' title='bbox 2809 1810 2989 1863; x_wconf 77' lang='lat' dir='ltr'><strong>clerici</strong></span> <span class='ocrx_word' id='word_1_329' title='bbox 3037 1807 3288 1872; x_wconf 84' lang='lat' dir='ltr'><strong>ordinati,</strong></span> <span class='ocrx_word' id='word_1_330' title='bbox 3338 1810 3493 1861; x_wconf 91' lang='lat' dir='ltr'><strong>ritum</strong></span> <span class='ocrx_word' id='word_1_331' title='bbox 3526 1808 3790 1876; x_wconf 85' lang='lat' dir='ltr'><strong>psallendi</strong></span> 
     </span>
    </p>
   </div>
   <div class='ocr_carea' id='block_1_49' title="bbox 2204 1902 3789 1977">
    <p class='ocr_par' dir='ltr' id='par_1_49' title="bbox 2204 1902 3789 1977">
     <span class='ocr_line' id='line_1_49' title="bbox 2204 1902 3789 1977; baseline -0.004 -14"><span class='ocrx_word' id='word_1_332' title='bbox 2204 1908 2536 1977; x_wconf 89' lang='lat' dir='ltr'><strong>suscipiunt:</strong></span> <span class='ocrx_word' id='word_1_333' title='bbox 2593 1917 2645 1959; x_wconf 92' lang='lat' dir='ltr'><strong>et</strong></span> <span class='ocrx_word' id='word_1_334' title='bbox 2701 1903 2929 1973; x_wconf 86' lang='lat' dir='ltr'><strong>qualiter</strong></span> <span class='ocrx_word' id='word_1_335' title='bbox 2975 1902 3255 1955; x_wconf 84' lang='lat' dir='ltr'><strong>ecclesiam</strong></span> <span class='ocrx_word' id='word_1_336' title='bbox 3313 1910 3646 1967; x_wconf 83' lang='lat' dir='ltr'><strong>construant,</strong></span> <span class='ocrx_word' id='word_1_337' title='bbox 3704 1902 3789 1958; x_wconf 83' lang='lat' dir='ltr'><strong>vel</strong></span> 
     </span>
    </p>
   </div>
   <div class='ocr_carea' id='block_1_50' title="bbox 2205 1991 3790 2068">
    <p class='ocr_par' dir='ltr' id='par_1_50' title="bbox 2205 1991 3790 2068">
     <span class='ocr_line' id='line_1_50' title="bbox 2205 1991 3790 2068; baseline -0.008 -13"><span class='ocrx_word' id='word_1_338' title='bbox 2205 1998 2556 2068; x_wconf 79' lang='lat' dir='ltr'><strong>omnipotenti</strong></span> <span class='ocrx_word' id='word_1_339' title='bbox 2612 1997 2719 2049; x_wconf 88' lang='lat' dir='ltr'><strong>Deo</strong></span> <span class='ocrx_word' id='word_1_340' title='bbox 2766 1993 3026 2048; x_wconf 88' lang='lat' dir='ltr'><strong>solemnia</strong></span> <span class='ocrx_word' id='word_1_341' title='bbox 3057 1991 3333 2046; x_wconf 86' lang='lat' dir='ltr'><strong>celebrare</strong></span> <span class='ocrx_word' id='word_1_342' title='bbox 3384 1992 3637 2054; x_wconf 83' lang='lat' dir='ltr'><strong>debeant,</strong></span> <span class='ocrx_word' id='word_1_343' title='bbox 3685 1993 3790 2045; x_wconf 85' lang='lat' dir='ltr'><strong>itu-</strong></span> 
     </span>
    </p>
   </div>
   <div class='ocr_carea' id='block_1_51' title="bbox 2208 2079 3792 2154">
    <p class='ocr_par' dir='ltr' id='par_1_51' title="bbox 2208 2079 3792 2154">
     <span class='ocr_line' id='line_1_51' title="bbox 2208 2079 3792 2154; baseline -0.006 -6"><span class='ocrx_word' id='word_1_344' title='bbox 2208 2094 2454 2148; x_wconf 88' lang='lat' dir='ltr'><strong>buuntnr.</strong></span> <span class='ocrx_word' id='word_1_345' title='bbox 2479 2089 2583 2146; x_wconf 90' lang='lat' dir='ltr'><strong>Sed</strong></span> <span class='ocrx_word' id='word_1_346' title='bbox 2607 2088 2949 2154; x_wconf 89' lang='lat' dir='ltr'><strong>illis.parvam</strong></span> <span class='ocrx_word' id='word_1_347' title='bbox 2977 2082 3457 2138; x_wconf 71' lang='lat' dir='ltr'><strong>adhucrcdilicandi</strong></span> <span class='ocrx_word' id='word_1_348' title='bbox 3483 2079 3792 2138; x_wconf 87' lang='lat' dir='ltr'><strong>facultatem</strong></span> 
     </span>
    </p>
   </div>
   <div class='ocr_carea' id='block_1_52' title="bbox 2207 2174 3793 2248">
    <p class='ocr_par' dir='ltr' id='par_1_52' title="bbox 2207 2174 3793 2248">
     <span class='ocr_line' id='line_1_52' title="bbox 2207 2174 3793 2248; baseline -0.006 -9"><span class='ocrx_word' id='word_1_349' title='bbox 2207 2184 2547 2248; x_wconf 86' lang='lat' dir='ltr'><strong>habentibus,</strong></span> <span class='ocrx_word' id='word_1_350' title='bbox 2577 2181 2710 2235; x_wconf 82' lang='lat' dir='ltr'><strong>civis</strong></span> <span class='ocrx_word' id='word_1_351' title='bbox 2729 2178 3002 2248; x_wconf 82' lang='lat' dir='ltr'><strong>cujusdam</strong></span> <span class='ocrx_word' id='word_1_352' title='bbox 3026 2176 3265 2238; x_wconf 90' lang='lat' dir='ltr'><strong>domum,</strong></span> <span class='ocrx_word' id='word_1_353' title='bbox 3295 2174 3361 2230; x_wconf 91' lang='lat' dir='ltr'><strong>de</strong></span> <span class='ocrx_word' id='word_1_354' title='bbox 3383 2191 3482 2245; x_wconf 90' lang='lat' dir='ltr'><strong>qna</strong></span> <span class='ocrx_word' id='word_1_355' title='bbox 3506 2175 3793 2229; x_wconf 85' lang='lat' dir='ltr'><strong>ecclesiam</strong></span> 
     </span>
    </p>
   </div>
   <div class='ocr_carea' id='block_1_53' title="bbox 2210 2268 3790 2343">
    <p class='ocr_par' dir='ltr' id='par_1_53' title="bbox 2210 2268 3790 2343">
     <span class='ocr_line' id='line_1_53' title="bbox 2210 2268 3790 2343; baseline -0.006 -13"><span class='ocrx_word' id='word_1_356' title='bbox 2210 2278 2425 2339; x_wconf 74' lang='lat' dir='ltr'><strong>faciant,</strong></span> <span class='ocrx_word' id='word_1_357' title='bbox 2454 2285 2730 2343; x_wconf 82' lang='lat' dir='ltr'><strong>expetunt.</strong></span> <span class='ocrx_word' id='word_1_358' title='bbox 2764 2271 3049 2327; x_wconf 79' lang='lat' dir='ltr'><strong>Senatores</strong></span> <span class='ocrx_word' id='word_1_359' title='bbox 3078 2284 3227 2335; x_wconf 86' lang='lat' dir='ltr'><strong>vero,</strong></span> <span class='ocrx_word' id='word_1_360' title='bbox 3259 2270 3338 2323; x_wconf 84' lang='lat' dir='ltr'><strong>vel</strong></span> <span class='ocrx_word' id='word_1_361' title='bbox 3372 2268 3559 2336; x_wconf 77' lang='lat' dir='ltr'><strong>reliqui</strong></span> <span class='ocrx_word' id='word_1_362' title='bbox 3588 2269 3790 2322; x_wconf 86' lang='lat' dir='ltr'><strong>melio-</strong></span> 
     </span>
    </p>
   </div>
   <div class='ocr_carea' id='block_1_54' title="bbox 2211 2358 3793 2431">
    <p class='ocr_par' dir='ltr' id='par_1_54' title="bbox 2211 2358 3793 2431">
     <span class='ocr_line' id='line_1_54' title="bbox 2211 2358 3793 2431; baseline -0.006 -9"><span class='ocrx_word' id='word_1_363' title='bbox 2211 2385 2297 2425; x_wconf 88' lang='lat' dir='ltr'><strong>res</strong></span> <span class='ocrx_word' id='word_1_364' title='bbox 2323 2370 2450 2431; x_wconf 89' lang='lat' dir='ltr'><strong>loci,</strong></span> <span class='ocrx_word' id='word_1_365' title='bbox 2484 2367 2727 2421; x_wconf 87' lang='lat' dir='ltr'><strong>fauaticis</strong></span> <span class='ocrx_word' id='word_1_366' title='bbox 2772 2371 2925 2418; x_wconf 79' lang='lat' dir='ltr'><strong>erant</strong></span> <span class='ocrx_word' id='word_1_367' title='bbox 2967 2371 3093 2417; x_wconf 91' lang='lat' dir='ltr'><strong>tunc</strong></span> <span class='ocrx_word' id='word_1_368' title='bbox 3138 2359 3371 2413; x_wconf 89' lang='lat' dir='ltr'><strong>cultibus</strong></span> <span class='ocrx_word' id='word_1_369' title='bbox 3414 2358 3668 2426; x_wconf 73' lang='lat' dir='ltr'><strong>obligati;</strong></span> <span class='ocrx_word' id='word_1_370' title='bbox 3701 2359 3793 2427; x_wconf 86' lang='lat' dir='ltr'><strong>qui</strong></span> 
     </span>
    </p>
   </div>
   <div class='ocr_carea' id='block_1_55' title="bbox 2210 2450 3794 2527">
    <p class='ocr_par' dir='ltr' id='par_1_55' title="bbox 2210 2450 3794 2527">
     <span class='ocr_line' id='line_1_55' title="bbox 2210 2450 3794 2527; baseline -0.004 -12"><span class='ocrx_word' id='word_1_371' title='bbox 2210 2477 2339 2516; x_wconf 86' lang='lat' dir='ltr'><strong>vero</strong></span> <span class='ocrx_word' id='word_1_372' title='bbox 2364 2458 2721 2522; x_wconf 83' lang='lat' dir='ltr'><strong>crediderant,</strong></span> <span class='ocrx_word' id='word_1_373' title='bbox 2766 2470 2834 2510; x_wconf 81' lang='lat' dir='ltr'><strong>ex</strong></span> <span class='ocrx_word' id='word_1_374' title='bbox 2869 2453 3188 2527; x_wconf 85' lang='lat' dir='ltr'><strong>pauperibus</strong></span> <span class='ocrx_word' id='word_1_375' title='bbox 3239 2460 3412 2517; x_wconf 90' lang='lat' dir='ltr'><strong>erant,</strong></span> <span class='ocrx_word' id='word_1_376' title='bbox 3466 2450 3614 2521; x_wconf 79' lang='lat' dir='ltr'><strong>juxta</strong></span> <span class='ocrx_word' id='word_1_377' title='bbox 3666 2452 3794 2508; x_wconf 87' lang='lat' dir='ltr'><strong>illud</strong></span> 
     </span>
    </p>
   </div>
   <div class='ocr_carea' id='block_1_56' title="bbox 2215 2542 3789 2621">
    <p class='ocr_par' dir='ltr' id='par_1_56' title="bbox 2215 2542 3789 2621">
     <span class='ocr_line' id='line_1_56' title="bbox 2215 2542 3789 2621; baseline -0.008 -13"><span class='ocrx_word' id='word_1_378' title='bbox 2215 2553 2443 2618; x_wconf 88' lang='lat' dir='ltr'><strong>Domini,</strong></span> <span class='ocrx_word' id='word_1_379' title='bbox 2470 2550 2609 2621; x_wconf 80' lang='lat' dir='ltr'><strong>quod</strong></span> <span class='ocrx_word' id='word_1_380' title='bbox 2638 2548 2837 2604; x_wconf 79' lang='lat' dir='ltr'><strong>Judaeis</strong></span> <span class='ocrx_word' id='word_1_381' title='bbox 2883 2546 3187 2615; x_wconf 84' lang='lat' dir='ltr'><strong>exprobrat,</strong></span> <span class='ocrx_word' id='word_1_382' title='bbox 3235 2543 3457 2598; x_wconf 86' lang='lat' dir='ltr'><strong>dicens:</strong></span> <span class='ocrx_word' id='word_1_383' title='bbox 3505 2542 3641 2609; x_wconf 84' lang='lat' dir='ltr'><strong>Quia</strong></span> <span class='ocrx_word' id='word_1_384' title='bbox 3682 2560 3789 2595; x_wconf 83' lang='lat' dir='ltr'><strong>me-</strong></span> 
     </span>
    </p>
   </div>
   <div class='ocr_carea' id='block_1_57' title="bbox 2211 2633 3797 2712">
    <p class='ocr_par' dir='ltr' id='par_1_57' title="bbox 2211 2633 3797 2712">
     <span class='ocr_line' id='line_1_57' title="bbox 2211 2633 3797 2712; baseline -0.009 -12"><span class='ocrx_word' id='word_1_385' title='bbox 2211 2646 2415 2700; x_wconf 76' lang='lat' dir='ltr'><strong>retrices</strong></span> <span class='ocrx_word' id='word_1_386' title='bbox 2427 2652 2473 2696; x_wconf 82' lang='lat' dir='ltr'><strong>et</strong></span> <span class='ocrx_word' id='word_1_387' title='bbox 2499 2641 2755 2712; x_wconf 77' lang='lat' dir='ltr'><strong>publicani</strong></span> <span class='ocrx_word' id='word_1_388' title='bbox 2782 2638 3165 2708; x_wconf 61' lang='lat' dir='ltr'><strong>praecedentem</strong></span> <span class='ocrx_word' id='word_1_389' title='bbox 3194 2636 3246 2689; x_wconf 81' lang='lat' dir='ltr'><strong>in</strong></span> <span class='ocrx_word' id='word_1_390' title='bbox 3273 2650 3425 2706; x_wconf 84' lang='lat' dir='ltr'><strong>regno</strong></span> <span class='ocrx_word' id='word_1_391' title='bbox 3456 2633 3552 2687; x_wconf 85' lang='lat' dir='ltr'><strong>Dei</strong></span> <span class='ocrx_word' id='word_1_392' title='bbox 3577 2633 3797 2704; x_wconf 70' lang='lat' dir='ltr'><strong>(Matth.</strong></span> 
     </span>
    </p>
   </div>
   <div class='ocr_carea' id='block_1_58' title="bbox 2216 2726 3793 2803">
    <p class='ocr_par' dir='ltr' id='par_1_58' title="bbox 2216 2726 3793 2803">
     <span class='ocr_line' id='line_1_58' title="bbox 2216 2726 3793 2803; baseline -0.009 -10"><span class='ocrx_word' id='word_1_393' title='bbox 2216 2751 2307 2793; x_wconf 71' lang='grc' dir='ltr'>ιιι</span> <span class='ocrx_word' id='word_1_394' title='bbox 2327 2776 2343 2800; x_wconf 87' lang='grc'><em>,</em></span> <span class='ocrx_word' id='word_1_395' title='bbox 2374 2735 2487 2803; x_wconf 78' lang='grc'><strong>51).</strong></span> <span class='ocrx_word' id='word_1_396' title='bbox 2516 2732 2578 2787; x_wconf 87' lang='grc'><strong>111</strong></span> <span class='ocrx_word' id='word_1_397' title='bbox 2603 2746 2730 2786; x_wconf 88' lang='lat' dir='ltr'><strong>vero</strong></span> <span class='ocrx_word' id='word_1_398' title='bbox 2758 2746 2863 2785; x_wconf 85' lang='lat' dir='ltr'><strong>nou</strong></span> <span class='ocrx_word' id='word_1_399' title='bbox 2885 2730 3101 2785; x_wconf 78' lang='lat' dir='ltr'><strong>obtenta</strong></span> <span class='ocrx_word' id='word_1_400' title='bbox 3131 2742 3158 2779; x_wconf 90' lang='lat' dir='ltr'><strong>a</strong></span> <span class='ocrx_word' id='word_1_401' title='bbox 3182 2743 3285 2796; x_wconf 88' lang='lat' dir='ltr'><strong>quo</strong></span> <span class='ocrx_word' id='word_1_402' title='bbox 3315 2727 3575 2796; x_wconf 90' lang='lat' dir='ltr'><strong>petierant</strong></span> <span class='ocrx_word' id='word_1_403' title='bbox 3605 2726 3793 2793; x_wconf 89' lang='lat' dir='ltr'><strong>domo,</strong></span> 
     </span>
    </p>
   </div>
   <div class='ocr_carea' id='block_1_59' title="bbox 2212 2817 3798 2893">
    <p class='ocr_par' dir='ltr' id='par_1_59' title="bbox 2212 2817 3798 2893">
     <span class='ocr_line' id='line_1_59' title="bbox 2212 2817 3798 2893; baseline -0.007 -10"><span class='ocrx_word' id='word_1_404' title='bbox 2212 2826 2536 2883; x_wconf 86' lang='lat' dir='ltr'><strong>Leocadium</strong></span> <span class='ocrx_word' id='word_1_405' title='bbox 2565 2822 2844 2893; x_wconf 86' lang='lat' dir='ltr'><strong>quemdam</strong></span> <span class='ocrx_word' id='word_1_406' title='bbox 2877 2821 3101 2888; x_wconf 85' lang='lat' dir='ltr'><strong>primum</strong></span> <span class='ocrx_word' id='word_1_407' title='bbox 3146 2817 3436 2874; x_wconf 81' lang='lat' dir='ltr'><strong>Galliarum</strong></span> <span class='ocrx_word' id='word_1_408' title='bbox 3466 2829 3798 2885; x_wconf 63' lang='lat' dir='ltr'><strong>se-natorem,</strong></span> 
     </span>
    </p>
   </div>
   <div class='ocr_carea' id='block_1_60' title="bbox 2213 2911 3801 2990">
    <p class='ocr_par' dir='ltr' id='par_1_60' title="bbox 2213 2911 3801 2990">
     <span class='ocr_line' id='line_1_60' title="bbox 2213 2911 3801 2990; baseline -0.004 -18"><span class='ocrx_word' id='word_1_409' title='bbox 2213 2918 2303 2990; x_wconf 90' lang='lat' dir='ltr'><strong>qui</strong></span> <span class='ocrx_word' id='word_1_410' title='bbox 2332 2918 2398 2972; x_wconf 90' lang='lat' dir='ltr'><strong>de</strong></span> <span class='ocrx_word' id='word_1_411' title='bbox 2425 2916 2590 2984; x_wconf 82' lang='lat' dir='ltr'><strong>Slll‘pe</strong></span> <span class='ocrx_word' id='word_1_412' title='bbox 2614 2914 2771 2969; x_wconf 85' lang='lat' dir='ltr'><strong>Vettii</strong></span> <span class='ocrx_word' id='word_1_413' title='bbox 2807 2912 3027 2981; x_wconf 76' lang='lat' dir='ltr'><strong>Epagati</strong></span> <span class='ocrx_word' id='word_1_414' title='bbox 3051 2913 3172 2975; x_wconf 84' lang='lat' dir='ltr'><strong>fuit,</strong></span> <span class='ocrx_word' id='word_1_415' title='bbox 3200 2926 3356 2981; x_wconf 89' lang='lat' dir='ltr'><strong>quem</strong></span> <span class='ocrx_word' id='word_1_416' title='bbox 3389 2911 3646 2979; x_wconf 81' lang='lat' dir='ltr'><strong>Lttgdnno</strong></span> <span class='ocrx_word' id='word_1_417' title='bbox 3680 2927 3801 2980; x_wconf 55' lang='lat' dir='ltr'><strong>pas.</strong></span> 
     </span>
    </p>
   </div>
   <div class='ocr_carea' id='block_1_61' title="bbox 2222 3004 3803 3081">
    <p class='ocr_par' dir='ltr' id='par_1_61' title="bbox 2222 3004 3803 3081">
     <span class='ocr_line' id='line_1_61' title="bbox 2222 3004 3803 3081; baseline -0.006 -17"><span class='ocrx_word' id='word_1_418' title='bbox 2222 3027 2340 3064; x_wconf 76' lang='lat' dir='ltr'><strong>sum</strong></span> <span class='ocrx_word' id='word_1_419' title='bbox 2374 3025 2472 3081; x_wconf 89' lang='lat' dir='ltr'><strong>pro</strong></span> <span class='ocrx_word' id='word_1_420' title='bbox 2516 3006 2709 3060; x_wconf 77' lang='lat' dir='ltr'><strong>ChriSIi</strong></span> <span class='ocrx_word' id='word_1_421' title='bbox 2760 3005 2973 3059; x_wconf 89' lang='lat' dir='ltr'><strong>nomine</strong></span> <span class='ocrx_word' id='word_1_422' title='bbox 2999 3004 3245 3074; x_wconf 89' lang='lat' dir='ltr'><strong>superius</strong></span> <span class='ocrx_word' id='word_1_423' title='bbox 3290 3005 3701 3057; x_wconf 82' lang='lat' dir='ltr'><strong>memoravimus</strong></span> <span class='ocrx_word' id='word_1_424' title='bbox 3742 3004 3803 3068; x_wconf 82' lang='lat' dir='ltr'><strong>i,</strong></span> 
     </span>
    </p>
   </div>
   <div class='ocr_carea' id='block_1_62' title="bbox 535 3090 3801 3180">
    <p class='ocr_par' dir='ltr' id='par_1_62' title="bbox 535 3090 3801 3180">
     <span class='ocr_line' id='line_1_62' title="bbox 535 3090 3801 3180; baseline -0.007 -21"><span class='ocrx_word' id='word_1_425' title='bbox 535 3109 825 3180; x_wconf 72' lang='lat' dir='ltr'><strong>Dionysius</strong></span> <span class='ocrx_word' id='word_1_426' title='bbox 852 3103 1169 3160; x_wconf 77' lang='lat' dir='ltr'><strong>Parisiorum</strong></span> <span class='ocrx_word' id='word_1_427' title='bbox 1195 3102 1498 3168; x_wconf 89' lang='lat' dir='ltr'><strong>episcopus,</strong></span> <span class='ocrx_word' id='word_1_428' title='bbox 1540 3096 1765 3151; x_wconf 76' lang='lat' dir='ltr'><strong>diversis</strong></span> <span class='ocrx_word' id='word_1_429' title='bbox 1796 3112 1892 3165; x_wconf 88' lang='lat' dir='ltr'><strong>pro</strong></span> <span class='ocrx_word' id='word_1_430' title='bbox 1918 3094 2111 3148; x_wconf 89' lang='lat' dir='ltr'><strong>Christi</strong></span> <span class='ocrx_word' id='word_1_431' title='bbox 2139 3090 2183 3149; x_wconf 61' lang='grc' dir='ltr'><strong>(ἶ</strong></span> <span class='ocrx_word' id='word_1_432' title='bbox 2218 3108 2553 3171; x_wconf 71' lang='lat' dir='ltr'><strong>repererunt,</strong></span> <span class='ocrx_word' id='word_1_433' title='bbox 2578 3098 2675 3153; x_wconf 87' lang='lat' dir='ltr'><strong>Cui</strong></span> <span class='ocrx_word' id='word_1_434' title='bbox 2699 3112 2818 3151; x_wconf 89' lang='lat' dir='ltr'><strong>cum</strong></span> <span class='ocrx_word' id='word_1_435' title='bbox 2850 3096 3158 3164; x_wconf 73' lang='lat' dir='ltr'><strong>pelitimiem</strong></span> <span class='ocrx_word' id='word_1_436' title='bbox 3184 3109 3355 3160; x_wconf 66' lang='lat' dir='ltr'><strong>suam,</strong></span> <span class='ocrx_word' id='word_1_437' title='bbox 3386 3107 3437 3149; x_wconf 77' lang='lat' dir='ltr'><strong>et</strong></span> <span class='ocrx_word' id='word_1_438' title='bbox 3466 3095 3626 3148; x_wconf 68' lang='lat' dir='ltr'><strong>ﬁdem</strong></span> <span class='ocrx_word' id='word_1_439' title='bbox 3662 3097 3801 3165; x_wconf 62' lang='lat' dir='ltr'><strong>pari.</strong></span> 
     </span>
    </p>
   </div>
   <div class='ocr_carea' id='block_1_63' title="bbox 547 3185 2119 3261">
    <p class='ocr_par' dir='ltr' id='par_1_63' title="bbox 547 3185 2119 3261">
     <span class='ocr_line' id='line_1_63' title="bbox 547 3185 2119 3261; baseline -0.013 -5"><span class='ocrx_word' id='word_1_440' title='bbox 547 3202 758 3256; x_wconf 84' lang='lat' dir='ltr'><strong>nomine</strong></span> <span class='ocrx_word' id='word_1_441' title='bbox 784 3196 1004 3250; x_wconf 82' lang='lat' dir='ltr'><strong>affectus</strong></span> <span class='ocrx_word' id='word_1_442' title='bbox 1037 3190 1228 3261; x_wconf 73' lang='lat' dir='ltr'><strong>pteuis,</strong></span> <span class='ocrx_word' id='word_1_443' title='bbox 1273 3201 1588 3258; x_wconf 67' lang='lat' dir='ltr'><strong>praesentem</strong></span> <span class='ocrx_word' id='word_1_444' title='bbox 1618 3188 1777 3243; x_wconf 88' lang='lat' dir='ltr'><strong>vitam</strong></span> <span class='ocrx_word' id='word_1_445' title='bbox 1808 3187 1984 3257; x_wconf 79' lang='lat' dir='ltr'><strong>gladio</strong></span> <span class='ocrx_word' id='word_1_446' title='bbox 2020 3185 2119 3238; x_wconf 83' lang='grc'><strong>1111-</strong></span> 
     </span>
    </p>
   </div>
   <div class='ocr_carea' id='block_1_64' title="bbox 548 3279 2119 3350">
    <p class='ocr_par' dir='ltr' id='par_1_64' title="bbox 548 3279 2119 3350">
     <span class='ocr_line' id='line_1_64' title="bbox 548 3279 2119 3350; baseline -0.008 -4"><span class='ocrx_word' id='word_1_447' title='bbox 548 3296 784 3347; x_wconf 83' lang='lat' dir='ltr'><strong>minente</strong></span> <span class='ocrx_word' id='word_1_448' title='bbox 834 3288 1035 3348; x_wconf 87' lang='lat' dir='ltr'><strong>Itnivit;</strong></span> <span class='ocrx_word' id='word_1_449' title='bbox 1088 3281 1413 3336; x_wconf 88' lang='lat' dir='ltr'><strong>Saturninus</strong></span> <span class='ocrx_word' id='word_1_450' title='bbox 1465 3295 1617 3345; x_wconf 88' lang='lat' dir='ltr'><strong>vero,</strong></span> <span class='ocrx_word' id='word_1_451' title='bbox 1667 3281 1772 3350; x_wconf 80' lang='lat' dir='ltr'><strong>jam</strong></span> <span class='ocrx_word' id='word_1_452' title='bbox 1803 3296 2024 3333; x_wconf 90' lang='lat' dir='ltr'><strong>securus</strong></span> <span class='ocrx_word' id='word_1_453' title='bbox 2052 3279 2119 3333; x_wconf 87' lang='lat' dir='ltr'><strong>de</strong></span> 
     </span>
    </p>
   </div>
   <div class='ocr_carea' id='block_1_65' title="bbox 546 3370 2120 3451">
    <p class='ocr_par' dir='ltr' id='par_1_65' title="bbox 546 3370 2120 3451">
     <span class='ocr_line' id='line_1_65' title="bbox 546 3370 2120 3451; baseline -0.008 -14"><span class='ocrx_word' id='word_1_454' title='bbox 546 3381 828 3451; x_wconf 84' lang='lat' dir='ltr'><strong>martyrio,</strong></span> <span class='ocrx_word' id='word_1_455' title='bbox 856 3376 984 3429; x_wconf 86' lang='lat' dir='ltr'><strong>dicit</strong></span> <span class='ocrx_word' id='word_1_456' title='bbox 1032 3375 1240 3427; x_wconf 90' lang='lat' dir='ltr'><strong>duobus</strong></span> <span class='ocrx_word' id='word_1_457' title='bbox 1271 3370 1597 3441; x_wconf 68' lang='lat' dir='ltr'><strong>presbyteris</strong></span> <span class='ocrx_word' id='word_1_458' title='bbox 1627 3371 1739 3425; x_wconf 86' lang='lat' dir='ltr'><strong>suis</strong></span> <span class='ocrx_word' id='word_1_459' title='bbox 1773 3389 1785 3422; x_wconf 91' lang='lat'><strong>:</strong></span> <span class='ocrx_word' id='word_1_460' title='bbox 1838 3370 1976 3425; x_wconf 87' lang='lat' dir='ltr'><strong>Ecce</strong></span> <span class='ocrx_word' id='word_1_461' title='bbox 2020 3385 2120 3440; x_wconf 81' lang='lat' dir='ltr'><strong>ego</strong></span> 
     </span>
    </p>
   </div>
   <div class='ocr_carea' id='block_1_66' title="bbox 548 3461 2120 3543">
    <p class='ocr_par' dir='ltr' id='par_1_66' title="bbox 548 3461 2120 3543">
     <span class='ocr_line' id='line_1_66' title="bbox 548 3461 2120 3543; baseline -0.006 -17"><span class='ocrx_word' id='word_1_462' title='bbox 548 3476 657 3543; x_wconf 75' lang='lat' dir='ltr'><strong>jam</strong></span> <span class='ocrx_word' id='word_1_463' title='bbox 709 3468 975 3533; x_wconf 91' lang='lat' dir='ltr'><strong>immolor,</strong></span> <span class='ocrx_word' id='word_1_464' title='bbox 1032 3474 1087 3519; x_wconf 93' lang='lat' dir='ltr'><strong>et</strong></span> <span class='ocrx_word' id='word_1_465' title='bbox 1124 3472 1330 3532; x_wconf 83' lang='lat' dir='ltr'><strong>tempus</strong></span> <span class='ocrx_word' id='word_1_466' title='bbox 1376 3478 1507 3517; x_wconf 64' lang='lat' dir='ltr'><strong>mea!</strong></span> <span class='ocrx_word' id='word_1_467' title='bbox 1557 3461 1892 3517; x_wconf 90' lang='lat' dir='ltr'><strong>resolutionis</strong></span> <span class='ocrx_word' id='word_1_468' title='bbox 1943 3463 2120 3516; x_wconf 89' lang='lat' dir='ltr'><strong>instat.</strong></span> 
     </span>
    </p>
   </div>
   <div class='ocr_carea' id='block_1_67' title="bbox 548 3557 2124 3636">
    <p class='ocr_par' dir='ltr' id='par_1_67' title="bbox 548 3557 2124 3636">
     <span class='ocr_line' id='line_1_67' title="bbox 548 3557 2124 3636; baseline -0.006 -16"><span class='ocrx_word' id='word_1_469' title='bbox 548 3568 720 3636; x_wconf 73' lang='lat' dir='ltr'><strong>liogo,</strong></span> <span class='ocrx_word' id='word_1_470' title='bbox 752 3572 808 3616; x_wconf 89' lang='lat' dir='ltr'><strong>ut</strong></span> <span class='ocrx_word' id='word_1_471' title='bbox 836 3561 1131 3630; x_wconf 75' lang='lat' dir='ltr'><strong>usquedum</strong></span> <span class='ocrx_word' id='word_1_472' title='bbox 1165 3558 1398 3612; x_wconf 78' lang='lat' dir='ltr'><strong>debitum</strong></span> <span class='ocrx_word' id='word_1_473' title='bbox 1445 3557 1603 3611; x_wconf 87' lang='lat' dir='ltr'><strong>linem</strong></span> <span class='ocrx_word' id='word_1_474' title='bbox 1655 3557 1922 3626; x_wconf 85' lang='lat' dir='ltr'><strong>impleam,</strong></span> <span class='ocrx_word' id='word_1_475' title='bbox 1954 3574 1982 3615; x_wconf 83' lang='lat' dir='ltr'><strong>a</strong></span> <span class='ocrx_word' id='word_1_476' title='bbox 2030 3573 2124 3612; x_wconf 87' lang='lat' dir='ltr'><strong>vo-</strong></span> 
     </span>
    </p>
   </div>
   <div class='ocr_carea' id='block_1_68' title="bbox 546 3649 2123 3727">
    <p class='ocr_par' dir='ltr' id='par_1_68' title="bbox 546 3649 2123 3727">
     <span class='ocr_line' id='line_1_68' title="bbox 546 3649 2123 3727; baseline -0.004 -15"><span class='ocrx_word' id='word_1_477' title='bbox 546 3659 636 3712; x_wconf 49' lang='lat' dir='ltr'><strong>xbis</strong></span> <span class='ocrx_word' id='word_1_478' title='bbox 664 3658 869 3727; x_wconf 87' lang='lat' dir='ltr'><strong>penitus</strong></span> <span class='ocrx_word' id='word_1_479' title='bbox 918 3668 1020 3707; x_wconf 90' lang='lat' dir='ltr'><strong>noo</strong></span> <span class='ocrx_word' id='word_1_480' title='bbox 1077 3653 1365 3720; x_wconf 86' lang='lat' dir='ltr'><strong>relinquar.</strong></span> <span class='ocrx_word' id='word_1_481' title='bbox 1415 3649 1657 3718; x_wconf 91' lang='lat' dir='ltr'><strong>Cumque</strong></span> <span class='ocrx_word' id='word_1_482' title='bbox 1700 3650 2123 3718; x_wconf 75' lang='lat' dir='ltr'><strong>comprehensus</strong></span> 
     </span>
    </p>
   </div>
   <div class='ocr_carea' id='block_1_69' title="bbox 559 3744 2125 3818">
    <p class='ocr_par' dir='ltr' id='par_1_69' title="bbox 559 3744 2125 3818">
     <span class='ocr_line' id='line_1_69' title="bbox 559 3744 2125 3818; baseline -0.004 -14"><span class='ocrx_word' id='word_1_483' title='bbox 559 3752 625 3806; x_wconf 91' lang='lat' dir='ltr'><strong>ad</strong></span> <span class='ocrx_word' id='word_1_484' title='bbox 652 3748 965 3818; x_wconf 77' lang='lat' dir='ltr'><strong>Capitolium</strong></span> <span class='ocrx_word' id='word_1_485' title='bbox 1004 3745 1310 3807; x_wconf 77' lang='lat' dir='ltr'><strong>duceretur,</strong></span> <span class='ocrx_word' id='word_1_486' title='bbox 1344 3745 1559 3798; x_wconf 84' lang='lat' dir='ltr'><strong>relictus</strong></span> <span class='ocrx_word' id='word_1_487' title='bbox 1587 3745 1650 3795; x_wconf 88' lang='lat' dir='ltr'><strong>ab</strong></span> <span class='ocrx_word' id='word_1_488' title='bbox 1695 3744 1775 3796; x_wconf 90' lang='lat' dir='ltr'><strong>bis</strong></span> <span class='ocrx_word' id='word_1_489' title='bbox 1796 3744 1939 3797; x_wconf 80' lang='lat' dir='ltr'><strong>Solus</strong></span> <span class='ocrx_word' id='word_1_490' title='bbox 1963 3754 2125 3798; x_wconf 89' lang='lat' dir='ltr'><strong>attra-</strong></span> 
     </span>
    </p>
   </div>
   <div class='ocr_carea' id='block_1_70' title="bbox 550 3835 2121 3913">
    <p class='ocr_par' dir='ltr' id='par_1_70' title="bbox 550 3835 2121 3913">
     <span class='ocr_line' id='line_1_70' title="bbox 550 3835 2121 3913; baseline -0.007 -13"><span class='ocrx_word' id='word_1_491' title='bbox 550 3847 725 3900; x_wconf 65' lang='lat' dir='ltr'><strong>hitur.</strong></span> <span class='ocrx_word' id='word_1_492' title='bbox 780 3842 939 3913; x_wconf 78' lang='lat' dir='ltr'><strong>Igitur</strong></span> <span class='ocrx_word' id='word_1_493' title='bbox 972 3849 995 3887; x_wconf 68' lang='grc' dir='ltr'><strong><em>Β</em></strong></span> <span class='ocrx_word' id='word_1_494' title='bbox 1027 3855 1145 3893; x_wconf 80' lang='lat' dir='ltr'><strong>cum</strong></span> <span class='ocrx_word' id='word_1_495' title='bbox 1178 3852 1237 3891; x_wconf 87' lang='lat' dir='ltr'><strong>se</strong></span> <span class='ocrx_word' id='word_1_496' title='bbox 1264 3837 1331 3891; x_wconf 88' lang='lat' dir='ltr'><strong>ab</strong></span> <span class='ocrx_word' id='word_1_497' title='bbox 1360 3836 1463 3891; x_wconf 90' lang='lat' dir='ltr'><strong>illis</strong></span> <span class='ocrx_word' id='word_1_498' title='bbox 1502 3846 1745 3891; x_wconf 89' lang='lat' dir='ltr'><strong>cerneret</strong></span> <span class='ocrx_word' id='word_1_499' title='bbox 1783 3835 2121 3905; x_wconf 83' lang='lat' dir='ltr'><strong>derelictum,</strong></span> 
     </span>
    </p>
   </div>
   <div class='ocr_carea' id='block_1_71' title="bbox 629 3988 2124 4062">
    <p class='ocr_par' dir='ltr' id='par_1_71' title="bbox 629 3988 2124 4062">
     <span class='ocr_line' id='line_1_71' title="bbox 629 3988 2124 4062; baseline -0.003 -13"><span class='ocrx_word' id='word_1_500' title='bbox 629 4007 656 4035; x_wconf 73' lang='grc' dir='ltr'>ι</span> <span class='ocrx_word' id='word_1_501' title='bbox 690 3994 1053 4062; x_wconf 76' lang='lat' dir='ltr'><strong>Conqueritur</strong></span> <span class='ocrx_word' id='word_1_502' title='bbox 1076 3991 1137 4046; x_wconf 77' lang='lat'><strong>5.</strong></span> <span class='ocrx_word' id='word_1_503' title='bbox 1165 3988 1455 4062; x_wconf 78' lang='lat' dir='ltr'><strong>Gregorius</strong></span> <span class='ocrx_word' id='word_1_504' title='bbox 1505 3989 1570 4062; x_wconf 67' lang='grc' dir='ltr'><strong>Μ.</strong></span> <span class='ocrx_word' id='word_1_505' title='bbox 1620 3989 1710 4043; x_wconf 75' lang='lat' dir='ltr'><strong>lib.</strong></span> <span class='ocrx_word' id='word_1_506' title='bbox 1764 4006 1848 4051; x_wconf 81' lang='lat' dir='ltr'><strong>ut,</strong></span> <span class='ocrx_word' id='word_1_507' title='bbox 1894 4004 1979 4058; x_wconf 89' lang='lat' dir='ltr'><strong>ep.</strong></span> <span class='ocrx_word' id='word_1_508' title='bbox 2036 3992 2124 4055; x_wconf 78' lang='lat'><strong>59,</strong></span> 
     </span>
    </p>
   </div>
   <div class='ocr_carea' id='block_1_72' title="bbox 546 4060 2128 4135">
    <p class='ocr_par' dir='ltr' id='par_1_72' title="bbox 546 4060 2128 4135">
     <span class='ocr_line' id='line_1_72' title="bbox 546 4060 2128 4135; baseline -0.003 -16"><span class='ocrx_word' id='word_1_509' title='bbox 546 4068 758 4135; x_wconf 67' lang='lat' dir='ltr'><strong>scripta</strong></span> <span class='ocrx_word' id='word_1_510' title='bbox 800 4060 953 4119; x_wconf 76' lang='lat' dir='ltr'><strong>simul</strong></span> <span class='ocrx_word' id='word_1_511' title='bbox 980 4076 1039 4123; x_wconf 85' lang='lat' dir='ltr'><strong>et</strong></span> <span class='ocrx_word' id='word_1_512' title='bbox 1085 4074 1229 4129; x_wconf 78' lang='lat' dir='ltr'><strong>gesta</strong></span> <span class='ocrx_word' id='word_1_513' title='bbox 1256 4060 1544 4135; x_wconf 73' lang='lat' dir='ltr'><strong>_S._-lrenari_</strong></span> <span class='ocrx_word' id='word_1_514' title='bbox 1589 4075 1618 4135; x_wconf 81' lang='lat' dir='ltr'><strong>a</strong></span> <span class='ocrx_word' id='word_1_515' title='bbox 1648 4075 1706 4114; x_wconf 82' lang='lat' dir='ltr'><strong>se</strong></span> <span class='ocrx_word' id='word_1_516' title='bbox 1745 4077 1848 4121; x_wconf 88' lang='lat' dir='ltr'><strong>non</strong></span> <span class='ocrx_word' id='word_1_517' title='bbox 1896 4063 2128 4135; x_wconf 79' lang='lat' dir='ltr'><strong>potuisse</strong></span> 
     </span>
    </p>
   </div>
   <div class='ocr_carea' id='block_1_73' title="bbox 550 4131 2127 4206">
    <p class='ocr_par' dir='ltr' id='par_1_73' title="bbox 550 4131 2127 4206">
     <span class='ocr_line' id='line_1_73' title="bbox 550 4131 2127 4206; baseline -0.005 -14"><span class='ocrx_word' id='word_1_518' title='bbox 550 4131 802 4206; x_wconf 78' lang='lat' dir='ltr'><strong>reperiri.</strong></span> <span class='ocrx_word' id='word_1_519' title='bbox 831 4136 1063 4199; x_wconf 71' lang='lat' dir='ltr'><strong>Si-ripta,</strong></span> <span class='ocrx_word' id='word_1_520' title='bbox 1110 4143 1167 4187; x_wconf 90' lang='lat' dir='ltr'><strong>ut</strong></span> <span class='ocrx_word' id='word_1_521' title='bbox 1220 4133 1499 4199; x_wconf 90' lang='lat' dir='ltr'><strong>pluritnnm</strong></span> <span class='ocrx_word' id='word_1_522' title='bbox 1524 4132 1809 4206; x_wconf 73' lang='lat' dir='ltr'><strong>habemus,</strong></span> <span class='ocrx_word' id='word_1_523' title='bbox 1842 4131 1933 4184; x_wconf 88' lang='lat' dir='ltr'><strong>sed</strong></span> <span class='ocrx_word' id='word_1_524' title='bbox 1978 4145 2127 4201; x_wconf 83' lang='lat' dir='ltr'><strong>gesta</strong></span> 
     </span>
    </p>
   </div>
   <div class='ocr_carea' id='block_1_74' title="bbox 555 4201 2128 4272">
    <p class='ocr_par' dir='ltr' id='par_1_74' title="bbox 555 4201 2128 4272">
     <span class='ocr_line' id='line_1_74' title="bbox 555 4201 2128 4272; baseline -0.003 -13"><span class='ocrx_word' id='word_1_525' title='bbox 555 4201 855 4261; x_wconf 75' lang='lat' dir='ltr'><strong>anibentica</strong></span> <span class='ocrx_word' id='word_1_526' title='bbox 880 4221 1045 4257; x_wconf 84' lang='lat' dir='ltr'><strong>nemo</strong></span> <span class='ocrx_word' id='word_1_527' title='bbox 1072 4207 1325 4255; x_wconf 85' lang='lat' dir='ltr'><strong>hactenus</strong></span> <span class='ocrx_word' id='word_1_528' title='bbox 1367 4201 1603 4269; x_wconf 84' lang='lat' dir='ltr'><strong>protulit.</strong></span> <span class='ocrx_word' id='word_1_529' title='bbox 1650 4201 1849 4254; x_wconf 66' lang='lat' dir='ltr'><strong>Irenaeo</strong></span> <span class='ocrx_word' id='word_1_530' title='bbox 1879 4203 2128 4272; x_wconf 87' lang='lat' dir='ltr'><strong>martyris</strong></span> 
     </span>
    </p>
   </div>
   <div class='ocr_carea' id='block_1_75' title="bbox 556 4274 1376 4341">
    <p class='ocr_par' dir='ltr' id='par_1_75' title="bbox 556 4274 1376 4341">
     <span class='ocr_line' id='line_1_75' title="bbox 556 4274 1376 4341; baseline -0.007 -10"><span class='ocrx_word' id='word_1_531' title='bbox 556 4281 764 4331; x_wconf 74' lang='lat' dir='ltr'><strong>titul-nm</strong></span> <span class='ocrx_word' id='word_1_532' title='bbox 791 4277 967 4329; x_wconf 86' lang='lat' dir='ltr'><strong>tribuit</strong></span> <span class='ocrx_word' id='word_1_533' title='bbox 1000 4274 1376 4341; x_wconf 82' lang='lat' dir='ltr'><strong>Hieronymus.</strong></span> 
     </span>
    </p>
   </div>
   <div class='ocr_carea' id='block_1_76' title="bbox 629 4341 2127 4413">
    <p class='ocr_par' dir='ltr' id='par_1_76' title="bbox 629 4341 2127 4413">
     <span class='ocr_line' id='line_1_76' title="bbox 629 4341 2127 4413; baseline -0.004 -12"><span class='ocrx_word' id='word_1_534' title='bbox 629 4348 655 4385; x_wconf 73' lang='grc' dir='ltr'>δ</span> <span class='ocrx_word' id='word_1_535' title='bbox 699 4348 773 4401; x_wconf 88' lang='grc'><strong>1111</strong></span> <span class='ocrx_word' id='word_1_536' title='bbox 804 4362 906 4400; x_wconf 90' lang='lat' dir='ltr'><strong>non</strong></span> <span class='ocrx_word' id='word_1_537' title='bbox 940 4356 1059 4413; x_wconf 88' lang='lat' dir='ltr'><strong>post</strong></span> <span class='ocrx_word' id='word_1_538' title='bbox 1102 4343 1380 4404; x_wconf 61' lang='lat' dir='ltr'><strong>Irenaeum,</strong></span> <span class='ocrx_word' id='word_1_539' title='bbox 1422 4341 1516 4395; x_wconf 81' lang='lat' dir='ltr'><strong>sed</strong></span> <span class='ocrx_word' id='word_1_540' title='bbox 1572 4353 1697 4395; x_wconf 85' lang='lat' dir='ltr'><strong>ante</strong></span> <span class='ocrx_word' id='word_1_541' title='bbox 1753 4341 1923 4410; x_wconf 87' lang='lat' dir='ltr'><strong>ipsum</strong></span> <span class='ocrx_word' id='word_1_542' title='bbox 1973 4342 2127 4396; x_wconf 87' lang='lat' dir='ltr'><strong>simul</strong></span> 
     </span>
    </p>
   </div>
   <div class='ocr_carea' id='block_1_77' title="bbox 548 4412 2117 4481">
    <p class='ocr_par' dir='ltr' id='par_1_77' title="bbox 548 4412 2117 4481">
     <span class='ocr_line' id='line_1_77' title="bbox 548 4412 2117 4481; baseline -0.005 -7"><span class='ocrx_word' id='word_1_543' title='bbox 548 4435 674 4474; x_wconf 74' lang='lat' dir='ltr'><strong>cum</strong></span> <span class='ocrx_word' id='word_1_544' title='bbox 710 4412 1211 4481; x_wconf 80' lang='lat' dir='ltr'><strong>Pothinoepiscopo</strong></span> <span class='ocrx_word' id='word_1_545' title='bbox 1252 4412 1388 4476; x_wconf 81' lang='lat' dir='ltr'><strong>passi</strong></span> <span class='ocrx_word' id='word_1_546' title='bbox 1438 4422 1579 4475; x_wconf 90' lang='lat' dir='ltr'><strong>sunt,</strong></span> <span class='ocrx_word' id='word_1_547' title='bbox 1627 4427 1853 4480; x_wconf 88' lang='lat' dir='ltr'><strong>quorum</strong></span> <span class='ocrx_word' id='word_1_548' title='bbox 1900 4416 2117 4466; x_wconf 87' lang='lat' dir='ltr'><strong>nomina</strong></span> 
     </span>
    </p>
   </div>
   <div class='ocr_carea' id='block_1_78' title="bbox 556 4470 2206 4555">
    <p class='ocr_par' dir='ltr' id='par_1_78' title="bbox 556 4470 2206 4555">
     <span class='ocr_line' id='line_1_78' title="bbox 556 4470 2206 4555; baseline -0.005 -13"><span class='ocrx_word' id='word_1_549' title='bbox 556 4470 672 4555; x_wconf 73' lang='lat' dir='ltr'><strong>ipse</strong></span> <span class='ocrx_word' id='word_1_550' title='bbox 697 4486 981 4555; x_wconf 77' lang='lat' dir='ltr'><strong>Gregorius</strong></span> <span class='ocrx_word' id='word_1_551' title='bbox 1001 4470 1173 4537; x_wconf 33' lang='lat' dir='ltr'><strong>lrel&#39;er&#39;t</strong></span> <span class='ocrx_word' id='word_1_552' title='bbox 1203 4470 1292 4537; x_wconf 84' lang='lat' dir='ltr'><strong>lib.</strong></span> <span class='ocrx_word' id='word_1_553' title='bbox 1324 4498 1339 4534; x_wconf 91' lang='lat' dir='ltr'><strong>l</strong></span> <span class='ocrx_word' id='word_1_554' title='bbox 1371 4483 1437 4536; x_wconf 91' lang='lat' dir='ltr'><strong>de</strong></span> <span class='ocrx_word' id='word_1_555' title='bbox 1464 4470 1658 4535; x_wconf 56' lang='lat' dir='ltr'><strong>Gloria&#39;</strong></span> <span class='ocrx_word' id='word_1_556' title='bbox 1671 4483 1981 4552; x_wconf 81' lang='lat' dir='ltr'><strong>Martyrum,</strong></span> <span class='ocrx_word' id='word_1_557' title='bbox 2009 4498 2125 4552; x_wconf 86' lang='lat' dir='ltr'><strong>eap.</strong></span> <span class='ocrx_word' id='word_1_558' title='bbox 2158 4470 2206 4528; x_wconf 67' lang='grc' dir='ltr'><strong>ί)</strong></span> 
     </span>
    </p>
   </div>
   <div class='ocr_carea' id='block_1_79' title="bbox 558 4558 645 4612">
    <p class='ocr_par' dir='ltr' id='par_1_79' title="bbox 558 4558 645 4612">
     <span class='ocr_line' id='line_1_79' title="bbox 558 4558 645 4612; baseline -0.023 0"><span class='ocrx_word' id='word_1_559' title='bbox 558 4558 645 4612; x_wconf 66' lang='grc'><strong>411.</strong></span> 
     </span>
    </p>
   </div>
   <div class='ocr_carea' id='block_1_80' title="bbox 634 4621 2126 4689">
    <p class='ocr_par' dir='ltr' id='par_1_80' title="bbox 634 4621 2126 4689">
     <span class='ocr_line' id='line_1_80' title="bbox 634 4621 2126 4689; baseline -0.001 -10"><span class='ocrx_word' id='word_1_560' title='bbox 634 4639 656 4666; x_wconf 73' lang='grc' dir='ltr'><strong><em>ο</em></strong></span> <span class='ocrx_word' id='word_1_561' title='bbox 699 4628 787 4681; x_wconf 87' lang='lat' dir='ltr'><strong>Sic</strong></span> <span class='ocrx_word' id='word_1_562' title='bbox 815 4640 943 4679; x_wconf 75' lang='lat' dir='ltr'><strong>mss.</strong></span> <span class='ocrx_word' id='word_1_563' title='bbox 977 4638 1162 4676; x_wconf 84' lang='lat' dir='ltr'><strong>ontncs</strong></span> <span class='ocrx_word' id='word_1_564' title='bbox 1192 4638 1311 4677; x_wconf 81' lang='lat' dir='ltr'><strong>eum</strong></span> <span class='ocrx_word' id='word_1_565' title='bbox 1338 4623 1465 4677; x_wconf 87' lang='lat' dir='ltr'><strong>edit.</strong></span> <span class='ocrx_word' id='word_1_566' title='bbox 1501 4621 1654 4687; x_wconf 83' lang='lat' dir='ltr'><strong>Bad.;</strong></span> <span class='ocrx_word' id='word_1_567' title='bbox 1686 4622 1807 4675; x_wconf 66' lang='lat' dir='ltr'><strong>aliae</strong></span> <span class='ocrx_word' id='word_1_568' title='bbox 1834 4637 1952 4675; x_wconf 78' lang='lat' dir='ltr'><strong>cum</strong></span> <span class='ocrx_word' id='word_1_569' title='bbox 1979 4623 2126 4689; x_wconf 71' lang='lat'><strong>860.,</strong></span> 
     </span>
    </p>
   </div>
   <div class='ocr_carea' id='block_1_81' title="bbox 560 4692 2127 4771">
    <p class='ocr_par' dir='ltr' id='par_1_81' title="bbox 560 4692 2127 4771">
     <span class='ocr_line' id='line_1_81' title="bbox 560 4692 2127 4771; baseline -0.003 -20"><span class='ocrx_word' id='word_1_570' title='bbox 560 4703 825 4771; x_wconf 61' lang='lat' dir='ltr'><strong>fratribus.</strong></span> <span class='ocrx_word' id='word_1_571' title='bbox 857 4696 989 4749; x_wconf 82' lang='lat' dir='ltr'><strong>Tres</strong></span> <span class='ocrx_word' id='word_1_572' title='bbox 1012 4708 1202 4761; x_wconf 91' lang='lat' dir='ltr'><strong>pueros</strong></span> <span class='ocrx_word' id='word_1_573' title='bbox 1229 4710 1347 4771; x_wconf 81' lang='lat' dir='ltr'><strong>cum</strong></span> <span class='ocrx_word' id='word_1_574' title='bbox 1382 4694 1557 4746; x_wconf 69' lang='lat' dir='ltr'><strong>liabila</strong></span> <span class='ocrx_word' id='word_1_575' title='bbox 1588 4692 1890 4747; x_wconf 85' lang='lat' dir='ltr'><strong>interfectos</strong></span> <span class='ocrx_word' id='word_1_576' title='bbox 1920 4710 2127 4748; x_wconf 89' lang='lat' dir='ltr'><strong>memo-</strong></span> 
     </span>
    </p>
   </div>
   <div class='ocr_carea' id='block_1_82' title="bbox 561 4764 1349 4837">
    <p class='ocr_par' dir='ltr' id='par_1_82' title="bbox 561 4764 1349 4837">
     <span class='ocr_line' id='line_1_82' title="bbox 561 4764 1349 4837; baseline -0.011 -13"><span class='ocrx_word' id='word_1_577' title='bbox 561 4764 678 4824; x_wconf 79' lang='lat' dir='ltr'><strong>ialtl</strong></span> <span class='ocrx_word' id='word_1_578' title='bbox 706 4769 1113 4837; x_wconf 62' lang='lat' dir='ltr'><strong>Gltrysostotnus</strong></span> <span class='ocrx_word' id='word_1_579' title='bbox 1143 4776 1198 4816; x_wconf 72' lang='grc'><strong>111</strong></span> <span class='ocrx_word' id='word_1_580' title='bbox 1243 4764 1349 4815; x_wconf 79' lang='lat' dir='ltr'><strong>alii.</strong></span> 
     </span>
    </p>
   </div>
   <div class='ocr_carea' id='block_1_83' title="bbox 630 4834 2129 4904">
    <p class='ocr_par' dir='ltr' id='par_1_83' title="bbox 630 4834 2129 4904">
     <span class='ocr_line' id='line_1_83' title="bbox 630 4834 2129 4904; baseline -0.003 -11"><span class='ocrx_word' id='word_1_581' title='bbox 630 4840 655 4877; x_wconf 73' lang='grc' dir='ltr'><strong>ιι</strong></span> <span class='ocrx_word' id='word_1_582' title='bbox 717 4834 900 4900; x_wconf 85' lang='lat' dir='ltr'><strong>Corb.,</strong></span> <span class='ocrx_word' id='word_1_583' title='bbox 948 4838 1166 4889; x_wconf 69' lang='lat' dir='ltr'><strong>ntaaitrte</strong></span> <span class='ocrx_word' id='word_1_584' title='bbox 1224 4844 1338 4886; x_wconf 84' lang='lat' dir='ltr'><strong>tunc</strong></span> <span class='ocrx_word' id='word_1_585' title='bbox 1384 4834 1637 4901; x_wconf 63' lang='lat' dir='ltr'><strong>licerelici,</strong></span> <span class='ocrx_word' id='word_1_586' title='bbox 1676 4850 1888 4904; x_wconf 84' lang='lat' dir='ltr'><strong>quorum</strong></span> <span class='ocrx_word' id='word_1_587' title='bbox 1939 4836 2129 4903; x_wconf 83' lang='lat' dir='ltr'><strong>princi-</strong></span> 
     </span>
    </p>
   </div>
   <div class='ocr_carea' id='block_1_84' title="bbox 595 4921 799 4975">
    <p class='ocr_par' dir='ltr' id='par_1_84' title="bbox 595 4921 799 4975">
     <span class='ocr_line' id='line_1_84' title="bbox 595 4921 799 4975; baseline -0.01 -11"><span class='ocrx_word' id='word_1_588' title='bbox 595 4927 669 4975; x_wconf 87' lang='lat' dir='ltr'><strong>es,</strong></span> <span class='ocrx_word' id='word_1_589' title='bbox 696 4921 799 4965; x_wconf 88' lang='lat' dir='ltr'><strong>etc.</strong></span> 
     </span>
    </p>
   </div>
   <div class='ocr_carea' id='block_1_85' title="bbox 560 4930 2127 5043">
    <p class='ocr_par' dir='ltr' id='par_1_85' title="bbox 560 4930 2127 5043">
     <span class='ocr_line' id='line_1_85' title="bbox 595 4930 799 4965; baseline -0.01 -1"><span class='ocrx_word' id='word_1_590' title='bbox 595 4930 646 4965; x_wconf 87' lang='lat' dir='ltr'><strong>es</strong></span> <span class='ocrx_word' id='word_1_591' title='bbox 696 4930 799 4965; x_wconf 86' lang='lat' dir='ltr'><strong>etc.</strong></span> 
     </span>
     <span class='ocr_line' id='line_1_86' title="bbox 560 4930 2127 5043; baseline -0.002 -9"><span class='ocrx_word' id='word_1_592' title='bbox 560 4930 593 4982; x_wconf 62' lang='grc' dir='ltr'>ρ</span> <span class='ocrx_word' id='word_1_593' title='bbox 636 4953 669 5020; x_wconf 66' lang='grc' dir='ltr'><strong>θ’</strong></span> <span class='ocrx_word' id='word_1_594' title='bbox 703 4988 831 5034; x_wconf 81' lang='lat' dir='ltr'><strong>Acta</strong></span> <span class='ocrx_word' id='word_1_595' title='bbox 849 4979 908 5034; x_wconf 89' lang='lat' dir='ltr'><strong>S.</strong></span> <span class='ocrx_word' id='word_1_596' title='bbox 926 4976 1196 5032; x_wconf 86' lang='lat' dir='ltr'><strong>Saturnini</strong></span> <span class='ocrx_word' id='word_1_597' title='bbox 1228 4974 1343 5043; x_wconf 82' lang='lat' dir='ltr'><strong>ejns</strong></span> <span class='ocrx_word' id='word_1_598' title='bbox 1386 4975 1436 5026; x_wconf 93' lang='lat' dir='ltr'><strong>in</strong></span> <span class='ocrx_word' id='word_1_599' title='bbox 1458 4974 1661 5028; x_wconf 84' lang='lat' dir='ltr'><strong>Gallias</strong></span> <span class='ocrx_word' id='word_1_600' title='bbox 1684 4976 1954 5030; x_wconf 86' lang='lat' dir='ltr'><strong>missionis</strong></span> <span class='ocrx_word' id='word_1_601' title='bbox 1993 4988 2127 5031; x_wconf 89' lang='lat' dir='ltr'><strong>tem—</strong></span> 
     </span>
    </p>
   </div>
   <div class='ocr_carea' id='block_1_86' title="bbox 556 5045 2128 5120">
    <p class='ocr_par' dir='ltr' id='par_1_86' title="bbox 556 5045 2128 5120">
     <span class='ocr_line' id='line_1_87' title="bbox 556 5045 2128 5120; baseline -0.01 -14"><span class='ocrx_word' id='word_1_602' title='bbox 556 5069 659 5120; x_wconf 82' lang='lat' dir='ltr'><strong>pus</strong></span> <span class='ocrx_word' id='word_1_603' title='bbox 678 5051 969 5107; x_wconf 76' lang='lat' dir='ltr'><strong>exhibent:</strong></span> <span class='ocrx_word' id='word_1_604' title='bbox 1002 5048 1093 5120; x_wconf 82' lang='lat' dir='ltr'><strong>sed</strong></span> <span class='ocrx_word' id='word_1_605' title='bbox 1119 5048 1245 5099; x_wconf 85' lang='lat' dir='ltr'><strong>nihil</strong></span> <span class='ocrx_word' id='word_1_606' title='bbox 1282 5048 1477 5098; x_wconf 86' lang='lat' dir='ltr'><strong>habent</strong></span> <span class='ocrx_word' id='word_1_607' title='bbox 1497 5045 1562 5098; x_wconf 86' lang='lat' dir='ltr'><strong>de</strong></span> <span class='ocrx_word' id='word_1_608' title='bbox 1589 5048 1907 5120; x_wconf 53' lang='lat' dir='ltr'><strong>caeterishic</strong></span> <span class='ocrx_word' id='word_1_609' title='bbox 1940 5065 2128 5103; x_wconf 65' lang='grc' dir='ltr'><strong>ι-ροιεη-</strong></span> 
     </span>
    </p>
   </div>
   <div class='ocr_carea' id='block_1_87' title="bbox 560 5118 2126 5191">
    <p class='ocr_par' dir='ltr' id='par_1_87' title="bbox 560 5118 2126 5191">
     <span class='ocr_line' id='line_1_88' title="bbox 560 5118 2126 5191; baseline -0.003 -14"><span class='ocrx_word' id='word_1_610' title='bbox 560 5118 702 5186; x_wconf 65' lang='lat' dir='ltr'><strong>citis,</strong></span> <span class='ocrx_word' id='word_1_611' title='bbox 729 5136 953 5191; x_wconf 84' lang='lat' dir='ltr'><strong>quorum</strong></span> <span class='ocrx_word' id='word_1_612' title='bbox 979 5120 1029 5172; x_wconf 90' lang='lat' dir='ltr'><strong>in</strong></span> <span class='ocrx_word' id='word_1_613' title='bbox 1058 5119 1255 5191; x_wconf 69' lang='lat' dir='ltr'><strong>Gallias</strong></span> <span class='ocrx_word' id='word_1_614' title='bbox 1297 5122 1579 5168; x_wconf 84' lang='lat' dir='ltr'><strong>adventtnn</strong></span> <span class='ocrx_word' id='word_1_615' title='bbox 1610 5118 1695 5191; x_wconf 81' lang='lat' dir='ltr'><strong>alii</strong></span> <span class='ocrx_word' id='word_1_616' title='bbox 1724 5118 1845 5171; x_wconf 87' lang='lat' dir='ltr'><strong>aliis</strong></span> <span class='ocrx_word' id='word_1_617' title='bbox 1871 5121 2126 5185; x_wconf 87' lang='lat' dir='ltr'><strong>tempori-</strong></span> 
     </span>
    </p>
   </div>
   <div class='ocr_carea' id='block_1_88' title="bbox 565 5189 2126 5262">
    <p class='ocr_par' dir='ltr' id='par_1_88' title="bbox 565 5189 2126 5262">
     <span class='ocr_line' id='line_1_89' title="bbox 565 5189 2126 5262; baseline -0.002 -16"><span class='ocrx_word' id='word_1_618' title='bbox 565 5201 664 5246; x_wconf 83' lang='lat' dir='ltr'><strong>bus</strong></span> <span class='ocrx_word' id='word_1_619' title='bbox 696 5189 986 5262; x_wconf 79' lang='lat' dir='ltr'><strong>assignant.</strong></span> <span class='ocrx_word' id='word_1_620' title='bbox 1015 5190 1302 5262; x_wconf 81' lang='lat' dir='ltr'><strong>Gregorius</strong></span> <span class='ocrx_word' id='word_1_621' title='bbox 1346 5196 1518 5239; x_wconf 85' lang='lat' dir='ltr'><strong>tamen</strong></span> <span class='ocrx_word' id='word_1_622' title='bbox 1549 5189 1637 5256; x_wconf 91' lang='lat' dir='ltr'><strong>qtti</strong></span> <span class='ocrx_word' id='word_1_623' title='bbox 1683 5203 1775 5262; x_wconf 68' lang='lat' dir='ltr'><strong>eos</strong></span> <span class='ocrx_word' id='word_1_624' title='bbox 1824 5192 2025 5255; x_wconf 88' lang='lat' dir='ltr'><strong>putavit</strong></span> <span class='ocrx_word' id='word_1_625' title='bbox 2053 5194 2126 5243; x_wconf 79' lang='lat' dir='ltr'><strong>si-</strong></span> 
     </span>
    </p>
   </div>
   <div class='ocr_carea' id='block_1_89' title="bbox 566 5259 2125 5328">
    <p class='ocr_par' dir='ltr' id='par_1_89' title="bbox 566 5259 2125 5328">
     <span class='ocr_line' id='line_1_90' title="bbox 566 5259 2125 5328; baseline -0.001 -13"><span class='ocrx_word' id='word_1_626' title='bbox 566 5264 672 5315; x_wconf 92' lang='lat' dir='ltr'><strong>mul</strong></span> <span class='ocrx_word' id='word_1_627' title='bbox 701 5266 750 5315; x_wconf 93' lang='lat' dir='ltr'><strong>in</strong></span> <span class='ocrx_word' id='word_1_628' title='bbox 778 5259 973 5317; x_wconf 71' lang='lat' dir='ltr'><strong>Gallias</strong></span> <span class='ocrx_word' id='word_1_629' title='bbox 1001 5260 1309 5321; x_wconf 83' lang='lat' dir='ltr'><strong>accessisse,</strong></span> <span class='ocrx_word' id='word_1_630' title='bbox 1331 5274 1395 5311; x_wconf 82' lang='lat' dir='ltr'><strong>ex</strong></span> <span class='ocrx_word' id='word_1_631' title='bbox 1422 5272 1565 5312; x_wconf 88' lang='lat' dir='ltr'><strong>certa</strong></span> <span class='ocrx_word' id='word_1_632' title='bbox 1590 5259 1790 5325; x_wconf 83' lang='lat' dir='ltr'><strong>epocba</strong></span> <span class='ocrx_word' id='word_1_633' title='bbox 1811 5276 1929 5328; x_wconf 70' lang='lat' dir='ltr'><strong>qute</strong></span> <span class='ocrx_word' id='word_1_634' title='bbox 1960 5263 2009 5313; x_wconf 89' lang='grc'><strong>111</strong></span> <span class='ocrx_word' id='word_1_635' title='bbox 2038 5277 2125 5314; x_wconf 87' lang='lat' dir='ltr'><strong>ac-</strong></span> 
     </span>
    </p>
   </div>
   <div class='ocr_carea' id='block_1_90' title="bbox 567 5332 2127 5396">
    <p class='ocr_par' dir='ltr' id='par_1_90' title="bbox 567 5332 2127 5396">
     <span class='ocr_line' id='line_1_91' title="bbox 567 5332 2127 5396; baseline -0.001 -11"><span class='ocrx_word' id='word_1_636' title='bbox 567 5334 632 5385; x_wconf 88' lang='lat' dir='ltr'><strong>tis</strong></span> <span class='ocrx_word' id='word_1_637' title='bbox 658 5334 822 5385; x_wconf 87' lang='lat' dir='ltr'><strong>sancti</strong></span> <span class='ocrx_word' id='word_1_638' title='bbox 867 5334 1136 5386; x_wconf 86' lang='lat' dir='ltr'><strong>Saturnini</strong></span> <span class='ocrx_word' id='word_1_639' title='bbox 1164 5334 1413 5396; x_wconf 74' lang='lat' dir='ltr'><strong>trahetur,</strong></span> <span class='ocrx_word' id='word_1_640' title='bbox 1447 5341 1761 5384; x_wconf 65' lang='lat' dir='ltr'><strong>cwterorum</strong></span> <span class='ocrx_word' id='word_1_641' title='bbox 1804 5332 1963 5385; x_wconf 86' lang='lat' dir='ltr'><strong>etiam</strong></span> <span class='ocrx_word' id='word_1_642' title='bbox 1997 5343 2127 5384; x_wconf 88' lang='lat' dir='ltr'><strong>tem-</strong></span> 
     </span>
    </p>
   </div>
   <div class='ocr_carea' id='block_1_91' title="bbox 569 5402 963 5470">
    <p class='ocr_par' dir='ltr' id='par_1_91' title="bbox 569 5402 963 5470">
     <span class='ocr_line' id='line_1_92' title="bbox 569 5402 963 5470; baseline 0 -16"><span class='ocrx_word' id='word_1_643' title='bbox 569 5416 698 5470; x_wconf 90' lang='lat' dir='ltr'><strong>pora</strong></span> <span class='ocrx_word' id='word_1_644' title='bbox 727 5402 963 5454; x_wconf 77' lang='lat' dir='ltr'><strong>deduxit.</strong></span> 
     </span>
    </p>
   </div>
   <div class='ocr_carea' id='block_1_92' title="bbox 650 5470 2133 5540">
    <p class='ocr_par' dir='ltr' id='par_1_92' title="bbox 650 5470 2133 5540">
     <span class='ocr_line' id='line_1_93' title="bbox 650 5470 2133 5540; baseline 0.003 -17"><span class='ocrx_word' id='word_1_645' title='bbox 650 5470 838 5523; x_wconf 71' lang='lat' dir='ltr'><strong>l-Gotl.</strong></span> <span class='ocrx_word' id='word_1_646' title='bbox 899 5472 1105 5540; x_wconf 72' lang='lat' dir='ltr'><strong>liegm.,</strong></span> <span class='ocrx_word' id='word_1_647' title='bbox 1158 5470 1453 5535; x_wconf 76' lang='lat' dir='ltr'><strong>Gaziartus;</strong></span> <span class='ocrx_word' id='word_1_648' title='bbox 1493 5481 1547 5525; x_wconf 88' lang='lat' dir='ltr'><strong>et</strong></span> <span class='ocrx_word' id='word_1_649' title='bbox 1578 5472 1657 5526; x_wconf 89' lang='lat' dir='ltr'><strong>sic</strong></span> <span class='ocrx_word' id='word_1_650' title='bbox 1704 5471 1941 5525; x_wconf 87' lang='lat' dir='ltr'><strong>inferius.</strong></span> <span class='ocrx_word' id='word_1_651' title='bbox 1993 5472 2133 5528; x_wconf 85' lang='lat' dir='ltr'><strong>Editi</strong></span> 
     </span>
    </p>
   </div>
   <div class='ocr_carea' id='block_1_93' title="bbox 562 5540 1355 5608">
    <p class='ocr_par' dir='ltr' id='par_1_93' title="bbox 562 5540 1355 5608">
     <span class='ocr_line' id='line_1_94' title="bbox 562 5540 1355 5608; baseline -0.006 -10"><span class='ocrx_word' id='word_1_652' title='bbox 562 5556 688 5598; x_wconf 83' lang='lat' dir='ltr'><strong>cum</strong></span> <span class='ocrx_word' id='word_1_653' title='bbox 720 5542 837 5594; x_wconf 88' lang='lat' dir='ltr'><strong>cod.</strong></span> <span class='ocrx_word' id='word_1_654' title='bbox 876 5542 1031 5608; x_wconf 71' lang='lat' dir='ltr'><strong>lleg.,</strong></span> <span class='ocrx_word' id='word_1_655' title='bbox 1062 5540 1355 5593; x_wconf 75' lang='lat' dir='ltr'><strong>Gratianus.</strong></span> 
     </span>
    </p>
   </div>
   <div class='ocr_carea' id='block_1_94' title="bbox 640 5612 2135 5684">
    <p class='ocr_par' dir='ltr' id='par_1_94' title="bbox 640 5612 2135 5684">
     <span class='ocr_line' id='line_1_95' title="bbox 640 5612 2135 5684; baseline 0.007 -24"><span class='ocrx_word' id='word_1_656' title='bbox 640 5622 669 5660; x_wconf 84' lang='lat' dir='ltr'><strong>tt</strong></span> <span class='ocrx_word' id='word_1_657' title='bbox 704 5615 832 5684; x_wconf 68' lang='lat' dir='ltr'><strong>Quae</strong></span> <span class='ocrx_word' id='word_1_658' title='bbox 861 5622 1151 5684; x_wconf 80' lang='lat' dir='ltr'><strong>sequuntur</strong></span> <span class='ocrx_word' id='word_1_659' title='bbox 1172 5627 1237 5684; x_wconf 66' lang='lat' dir='ltr'><strong>ex</strong></span> <span class='ocrx_word' id='word_1_660' title='bbox 1262 5612 1397 5679; x_wconf 79' lang='lat' dir='ltr'><strong>Vulgi</strong></span> <span class='ocrx_word' id='word_1_661' title='bbox 1425 5612 1707 5684; x_wconf 82' lang='lat' dir='ltr'><strong>traditione</strong></span> <span class='ocrx_word' id='word_1_662' title='bbox 1733 5612 1909 5667; x_wconf 88' lang='lat' dir='ltr'><strong>retulit</strong></span> <span class='ocrx_word' id='word_1_663' title='bbox 1936 5612 2135 5684; x_wconf 76' lang='lat' dir='ltr'><strong>Grego-</strong></span> 
     </span>
    </p>
   </div>
   <div class='ocr_carea' id='block_1_95' title="bbox 567 5679 2131 5742">
    <p class='ocr_par' dir='ltr' id='par_1_95' title="bbox 567 5679 2131 5742">
     <span class='ocr_line' id='line_1_96' title="bbox 567 5679 2131 5742; baseline 0.001 -1"><span class='ocrx_word' id='word_1_664' title='bbox 567 5688 700 5741; x_wconf 82' lang='lat' dir='ltr'><strong>rius.</strong></span> <span class='ocrx_word' id='word_1_665' title='bbox 732 5683 861 5737; x_wconf 78' lang='lat' dir='ltr'><strong>Nam</strong></span> <span class='ocrx_word' id='word_1_666' title='bbox 894 5682 1005 5735; x_wconf 63' lang='lat' dir='ltr'><strong>haec</strong></span> <span class='ocrx_word' id='word_1_667' title='bbox 1046 5679 1098 5734; x_wconf 88' lang='lat' dir='ltr'><strong>in</strong></span> <span class='ocrx_word' id='word_1_668' title='bbox 1128 5683 1273 5735; x_wconf 83' lang='lat' dir='ltr'><strong>Actis</strong></span> <span class='ocrx_word' id='word_1_669' title='bbox 1298 5681 1467 5736; x_wconf 84' lang='lat' dir='ltr'><strong>sancti</strong></span> <span class='ocrx_word' id='word_1_670' title='bbox 1498 5684 1767 5738; x_wconf 84' lang='lat' dir='ltr'><strong>Saturnini</strong></span> <span class='ocrx_word' id='word_1_671' title='bbox 1798 5698 1900 5739; x_wconf 88' lang='lat' dir='ltr'><strong>non</strong></span> <span class='ocrx_word' id='word_1_672' title='bbox 1932 5679 2131 5742; x_wconf 66' lang='lat' dir='ltr'><strong>halica-</strong></span> 
     </span>
    </p>
   </div>
   <div class='ocr_carea' id='block_1_96' title="bbox 2222 3184 3799 3254">
    <p class='ocr_par' dir='ltr' id='par_1_96' title="bbox 2222 3184 3799 3254">
     <span class='ocr_line' id='line_1_97' title="bbox 2222 3184 3799 3254; baseline -0.006 -6"><span class='ocrx_word' id='word_1_673' title='bbox 2222 3206 2298 3248; x_wconf 91' lang='lat' dir='ltr'><strong>ter</strong></span> <span class='ocrx_word' id='word_1_674' title='bbox 2323 3194 2674 3253; x_wconf 86' lang='lat' dir='ltr'><strong>intimasscnt,</strong></span> <span class='ocrx_word' id='word_1_675' title='bbox 2708 3188 2793 3242; x_wconf 91' lang='lat' dir='ltr'><strong>ille</strong></span> <span class='ocrx_word' id='word_1_676' title='bbox 2818 3188 3089 3253; x_wconf 87' lang='lat' dir='ltr'><strong>respondit</strong></span> <span class='ocrx_word' id='word_1_677' title='bbox 3121 3203 3133 3238; x_wconf 91' lang='lat'><strong>:</strong></span> <span class='ocrx_word' id='word_1_678' title='bbox 3164 3186 3217 3239; x_wconf 92' lang='lat' dir='ltr'><strong>Si</strong></span> <span class='ocrx_word' id='word_1_679' title='bbox 3246 3184 3435 3239; x_wconf 90' lang='lat' dir='ltr'><strong>domus</strong></span> <span class='ocrx_word' id='word_1_680' title='bbox 3462 3201 3602 3249; x_wconf 81' lang='lat' dir='ltr'><strong>mea,</strong></span> <span class='ocrx_word' id='word_1_681' title='bbox 3635 3202 3799 3254; x_wconf 83' lang='lat' dir='ltr'><strong>quam</strong></span> 
     </span>
    </p>
   </div>
   <div class='ocr_carea' id='block_1_97' title="bbox 2222 3282 3803 3356">
    <p class='ocr_par' dir='ltr' id='par_1_97' title="bbox 2222 3282 3803 3356">
     <span class='ocr_line' id='line_1_98' title="bbox 2222 3282 3803 3356; baseline -0.003 -15"><span class='ocrx_word' id='word_1_682' title='bbox 2222 3289 2358 3356; x_wconf 86' lang='lat' dir='ltr'><strong>apud</strong></span> <span class='ocrx_word' id='word_1_683' title='bbox 2387 3288 2672 3341; x_wconf 79' lang='lat' dir='ltr'><strong>Bituricam</strong></span> <span class='ocrx_word' id='word_1_684' title='bbox 2706 3285 2890 3339; x_wconf 86' lang='lat' dir='ltr'><strong>urbem</strong></span> <span class='ocrx_word' id='word_1_685' title='bbox 2932 3284 3124 3345; x_wconf 85' lang='lat' dir='ltr'><strong>habeo,</strong></span> <span class='ocrx_word' id='word_1_686' title='bbox 3167 3282 3289 3337; x_wconf 85' lang='lat' dir='ltr'><strong>huic</strong></span> <span class='ocrx_word' id='word_1_687' title='bbox 3327 3283 3473 3350; x_wconf 89' lang='lat' dir='ltr'><strong>operi</strong></span> <span class='ocrx_word' id='word_1_688' title='bbox 3506 3284 3664 3352; x_wconf 77' lang='lat' dir='ltr'><strong>digna</strong></span> <span class='ocrx_word' id='word_1_689' title='bbox 3714 3300 3803 3337; x_wconf 84' lang='lat' dir='ltr'><strong>cs-</strong></span> 
     </span>
    </p>
   </div>
   <div class='ocr_carea' id='block_1_98' title="bbox 2224 3373 3802 3447">
    <p class='ocr_par' dir='ltr' id='par_1_98' title="bbox 2224 3373 3802 3447">
     <span class='ocr_line' id='line_1_99' title="bbox 2224 3373 3802 3447; baseline -0.003 -14"><span class='ocrx_word' id='word_1_690' title='bbox 2224 3389 2326 3444; x_wconf 89' lang='lat' dir='ltr'><strong>sct,</strong></span> <span class='ocrx_word' id='word_1_691' title='bbox 2356 3388 2617 3447; x_wconf 69' lang='lat' dir='ltr'><strong>,prazslare</strong></span> <span class='ocrx_word' id='word_1_692' title='bbox 2650 3393 2756 3429; x_wconf 92' lang='lat' dir='ltr'><strong>non</strong></span> <span class='ocrx_word' id='word_1_693' title='bbox 2805 3376 3145 3447; x_wconf 75' lang='lat' dir='ltr'><strong>abnegarent.</strong></span> <span class='ocrx_word' id='word_1_694' title='bbox 3180 3373 3254 3429; x_wconf 94' lang='grc'><strong>1111</strong></span> <span class='ocrx_word' id='word_1_695' title='bbox 3291 3383 3467 3429; x_wconf 88' lang='lat' dir='ltr'><strong>autem</strong></span> <span class='ocrx_word' id='word_1_696' title='bbox 3498 3374 3802 3440; x_wconf 61' lang='lat' dir='ltr'><strong>audientes,</strong></span> 
     </span>
    </p>
   </div>
   <div class='ocr_carea' id='block_1_99' title="bbox 2220 3465 3802 3538">
    <p class='ocr_par' dir='ltr' id='par_1_99' title="bbox 2220 3465 3802 3538">
     <span class='ocr_line' id='line_1_100' title="bbox 2220 3465 3802 3538; baseline -0.003 -14"><span class='ocrx_word' id='word_1_697' title='bbox 2220 3471 2450 3537; x_wconf 67' lang='lat' dir='ltr'><strong>pedibus</strong></span> <span class='ocrx_word' id='word_1_698' title='bbox 2474 3468 2593 3538; x_wconf 73' lang='lat' dir='ltr'><strong>ejus</strong></span> <span class='ocrx_word' id='word_1_699' title='bbox 2640 3468 2913 3536; x_wconf 83' lang='lat' dir='ltr'><strong>prostrati,</strong></span> <span class='ocrx_word' id='word_1_700' title='bbox 2957 3466 3150 3523; x_wconf 68' lang='lat' dir='ltr'><strong>oblatis</strong></span> <span class='ocrx_word' id='word_1_701' title='bbox 3182 3468 3433 3520; x_wconf 86' lang='lat' dir='ltr'><strong>trecentis</strong></span> <span class='ocrx_word' id='word_1_702' title='bbox 3472 3465 3649 3519; x_wconf 85' lang='lat' dir='ltr'><strong>aureis</strong></span> <span class='ocrx_word' id='word_1_703' title='bbox 3678 3481 3802 3519; x_wconf 80' lang='lat' dir='ltr'><strong>cum</strong></span> 
     </span>
    </p>
   </div>
   <div class='ocr_carea' id='block_1_100' title="bbox 2225 3556 3803 3631">
    <p class='ocr_par' dir='ltr' id='par_1_100' title="bbox 2225 3556 3803 3631">
     <span class='ocr_line' id='line_1_101' title="bbox 2225 3556 3803 3631; baseline -0.006 -14"><span class='ocrx_word' id='word_1_704' title='bbox 2225 3566 2371 3617; x_wconf 74' lang='lat' dir='ltr'><strong>disco</strong></span> <span class='ocrx_word' id='word_1_705' title='bbox 2397 3571 2663 3631; x_wconf 67' lang='lat' dir='ltr'><strong>argenteo,</strong></span> <span class='ocrx_word' id='word_1_706' title='bbox 2700 3560 2882 3614; x_wconf 84' lang='lat' dir='ltr'><strong>dicunt</strong></span> <span class='ocrx_word' id='word_1_707' title='bbox 2903 3574 3021 3613; x_wconf 81' lang='lat' dir='ltr'><strong>eam</strong></span> <span class='ocrx_word' id='word_1_708' title='bbox 3053 3558 3173 3612; x_wconf 87' lang='lat' dir='ltr'><strong>huic</strong></span> <span class='ocrx_word' id='word_1_709' title='bbox 3204 3556 3499 3612; x_wconf 84' lang='lat' dir='ltr'><strong>ministerio</strong></span> <span class='ocrx_word' id='word_1_710' title='bbox 3520 3572 3642 3612; x_wconf 86' lang='lat' dir='ltr'><strong>esse</strong></span> <span class='ocrx_word' id='word_1_711' title='bbox 3671 3572 3803 3609; x_wconf 85' lang='lat' dir='ltr'><strong>con-</strong></span> 
     </span>
    </p>
   </div>
   <div class='ocr_carea' id='block_1_101' title="bbox 2226 3648 3806 3723">
    <p class='ocr_par' dir='ltr' id='par_1_101' title="bbox 2226 3648 3806 3723">
     <span class='ocr_line' id='line_1_102' title="bbox 2226 3648 3806 3723; baseline -0.004 -15"><span class='ocrx_word' id='word_1_712' title='bbox 2226 3656 2437 3723; x_wconf 80' lang='lat' dir='ltr'><strong>dignam</strong></span> <span class='ocrx_word' id='word_1_713' title='bbox 2476 3651 2520 3705; x_wconf 68' lang='grc' dir='ltr'><strong>κ.</strong></span> <span class='ocrx_word' id='word_1_714' title='bbox 2553 3651 2700 3704; x_wconf 86' lang='lat' dir='ltr'><strong>Tunc</strong></span> <span class='ocrx_word' id='word_1_715' title='bbox 2730 3651 2820 3704; x_wconf 91' lang='lat' dir='ltr'><strong>ille</strong></span> <span class='ocrx_word' id='word_1_716' title='bbox 2849 3648 3082 3716; x_wconf 86' lang='lat' dir='ltr'><strong>acceptis</strong></span> <span class='ocrx_word' id='word_1_717' title='bbox 3106 3649 3172 3705; x_wconf 86' lang='lat' dir='ltr'><strong>de</strong></span> <span class='ocrx_word' id='word_1_718' title='bbox 3201 3648 3281 3703; x_wconf 78' lang='lat' dir='ltr'><strong>liis</strong></span> <span class='ocrx_word' id='word_1_719' title='bbox 3306 3648 3475 3704; x_wconf 87' lang='lat' dir='ltr'><strong>tribus</strong></span> <span class='ocrx_word' id='word_1_720' title='bbox 3498 3650 3676 3702; x_wconf 89' lang='lat' dir='ltr'><strong>aureis</strong></span> <span class='ocrx_word' id='word_1_721' title='bbox 3709 3664 3806 3717; x_wconf 86' lang='lat' dir='ltr'><strong>pro</strong></span> 
     </span>
    </p>
   </div>
   <div class='ocr_carea' id='block_1_102' title="bbox 2227 3736 3805 3811">
    <p class='ocr_par' dir='ltr' id='par_1_102' title="bbox 2227 3736 3805 3811">
     <span class='ocr_line' id='line_1_103' title="bbox 2227 3736 3805 3811; baseline -0.007 -7"><span class='ocrx_word' id='word_1_722' title='bbox 2227 3744 2617 3811; x_wconf 81' lang='lat' dir='ltr'><strong>benedictione,</strong></span> <span class='ocrx_word' id='word_1_723' title='bbox 2646 3736 2936 3811; x_wconf 84' lang='lat' dir='ltr'><strong>clementer</strong></span> <span class='ocrx_word' id='word_1_724' title='bbox 2966 3742 3244 3805; x_wconf 65' lang='lat' dir='ltr'><strong>indulgens</strong></span> <span class='ocrx_word' id='word_1_725' title='bbox 3284 3742 3511 3808; x_wconf 59' lang='lat' dir='ltr'><strong>reliqua,</strong></span> <span class='ocrx_word' id='word_1_726' title='bbox 3540 3754 3661 3793; x_wconf 87' lang='lat' dir='ltr'><strong>Clllll</strong></span> <span class='ocrx_word' id='word_1_727' title='bbox 3710 3740 3805 3793; x_wconf 81' lang='lat' dir='ltr'><strong>ad-</strong></span> 
     </span>
    </p>
   </div>
   <div class='ocr_carea' id='block_1_103' title="bbox 2231 3832 3806 3901">
    <p class='ocr_par' dir='ltr' id='par_1_103' title="bbox 2231 3832 3806 3901">
     <span class='ocr_line' id='line_1_104' title="bbox 2231 3832 3806 3901; baseline -0.002 -11"><span class='ocrx_word' id='word_1_728' title='bbox 2231 3837 2330 3891; x_wconf 81' lang='lat' dir='ltr'><strong>huc</strong></span> <span class='ocrx_word' id='word_1_729' title='bbox 2359 3844 2501 3895; x_wconf 80' lang='lat' dir='ltr'><strong>esset</strong></span> <span class='ocrx_word' id='word_1_730' title='bbox 2539 3836 2592 3889; x_wconf 89' lang='lat' dir='ltr'><strong>in</strong></span> <span class='ocrx_word' id='word_1_731' title='bbox 2634 3849 2817 3889; x_wconf 87' lang='lat' dir='ltr'><strong>errore</strong></span> <span class='ocrx_word' id='word_1_732' title='bbox 2847 3832 3157 3889; x_wconf 70' lang='lat' dir='ltr'><strong>idololatria:</strong></span> <span class='ocrx_word' id='word_1_733' title='bbox 3198 3832 3503 3901; x_wconf 87' lang='lat' dir='ltr'><strong>implicitus,</strong></span> <span class='ocrx_word' id='word_1_734' title='bbox 3538 3832 3806 3887; x_wconf 83' lang='lat' dir='ltr'><strong>Christia-</strong></span> 
     </span>
    </p>
   </div>
   <div class='ocr_carea' id='block_1_104' title="bbox 2233 3989 3804 4061">
    <p class='ocr_par' dir='ltr' id='par_1_104' title="bbox 2233 3989 3804 4061">
     <span class='ocr_line' id='line_1_105' title="bbox 2233 3989 3804 4061; baseline -0.001 -16"><span class='ocrx_word' id='word_1_735' title='bbox 2233 4000 2335 4054; x_wconf 89' lang='lat' dir='ltr'><strong>tnr,</strong></span> <span class='ocrx_word' id='word_1_736' title='bbox 2364 4007 2479 4060; x_wconf 72' lang='lat' dir='ltr'><strong>qum</strong></span> <span class='ocrx_word' id='word_1_737' title='bbox 2502 3989 2692 4043; x_wconf 79' lang='lat' dir='ltr'><strong>videtis</strong></span> <span class='ocrx_word' id='word_1_738' title='bbox 2736 3990 2875 4042; x_wconf 82' lang='lat' dir='ltr'><strong>inter</strong></span> <span class='ocrx_word' id='word_1_739' title='bbox 2922 3992 3051 4041; x_wconf 79' lang='lat' dir='ltr'><strong>Acta</strong></span> <span class='ocrx_word' id='word_1_740' title='bbox 3098 3990 3643 4061; x_wconf 13' lang='lat' dir='ltr'><strong>martyrttmﬂsincera,</strong></span> <span class='ocrx_word' id='word_1_741' title='bbox 3678 4007 3804 4061; x_wconf 68' lang='lat' dir='ltr'><strong>pag.</strong></span> 
     </span>
    </p>
   </div>
   <div class='ocr_carea' id='block_1_105' title="bbox 2228 4060 3805 4127">
    <p class='ocr_par' dir='ltr' id='par_1_105' title="bbox 2228 4060 3805 4127">
     <span class='ocr_line' id='line_1_106' title="bbox 2228 4060 3805 4127; baseline -0.003 -10"><span class='ocrx_word' id='word_1_742' title='bbox 2228 4066 2356 4123; x_wconf 65' lang='lat'><strong>{09,</strong></span> <span class='ocrx_word' id='word_1_743' title='bbox 2384 4078 2502 4127; x_wconf 72' lang='lat' dir='ltr'><strong>qua:</strong></span> <span class='ocrx_word' id='word_1_744' title='bbox 2530 4062 2690 4114; x_wconf 76' lang='lat' dir='ltr'><strong>nimis</strong></span> <span class='ocrx_word' id='word_1_745' title='bbox 2721 4062 2931 4114; x_wconf 84' lang='lat' dir='ltr'><strong>incaute</strong></span> <span class='ocrx_word' id='word_1_746' title='bbox 2973 4061 3037 4111; x_wconf 88' lang='lat' dir='ltr'><strong>ad</strong></span> <span class='ocrx_word' id='word_1_747' title='bbox 3084 4077 3280 4112; x_wconf 79' lang='lat' dir='ltr'><strong>nonum</strong></span> <span class='ocrx_word' id='word_1_748' title='bbox 3310 4060 3416 4112; x_wconf 57' lang='lat'><strong>2‘35</strong></span> <span class='ocrx_word' id='word_1_749' title='bbox 3460 4061 3635 4123; x_wconf 61' lang='lat' dir='ltr'><strong>retuli,</strong></span> <span class='ocrx_word' id='word_1_750' title='bbox 3686 4060 3805 4127; x_wconf 70' lang='lat' dir='ltr'><strong>quo</strong></span> 
     </span>
    </p>
   </div>
   <div class='ocr_carea' id='block_1_106' title="bbox 2226 4130 3805 4190">
    <p class='ocr_par' dir='ltr' id='par_1_106' title="bbox 2226 4130 3805 4190">
     <span class='ocr_line' id='line_1_107' title="bbox 2226 4130 3805 4190; baseline 0 -3"><span class='ocrx_word' id='word_1_751' title='bbox 2226 4135 2441 4187; x_wconf 71' lang='lat' dir='ltr'><strong>circiter</strong></span> <span class='ocrx_word' id='word_1_752' title='bbox 2471 4148 2609 4185; x_wconf 88' lang='lat' dir='ltr'><strong>anno</strong></span> <span class='ocrx_word' id='word_1_753' title='bbox 2635 4130 2950 4185; x_wconf 86' lang='lat' dir='ltr'><strong>Saturninus</strong></span> <span class='ocrx_word' id='word_1_754' title='bbox 2997 4133 3046 4184; x_wconf 90' lang='lat' dir='ltr'><strong>in</strong></span> <span class='ocrx_word' id='word_1_755' title='bbox 3088 4130 3288 4185; x_wconf 83' lang='lat' dir='ltr'><strong>Gallias</strong></span> <span class='ocrx_word' id='word_1_756' title='bbox 3334 4132 3645 4190; x_wconf 64' lang='lat' dir='ltr'><strong>advenerat,</strong></span> <span class='ocrx_word' id='word_1_757' title='bbox 3681 4150 3805 4187; x_wconf 83' lang='lat' dir='ltr'><strong>cum</strong></span> 
     </span>
    </p>
   </div>
   <div class='ocr_carea' id='block_1_107' title="bbox 2233 4200 3803 4268">
    <p class='ocr_par' dir='ltr' id='par_1_107' title="bbox 2233 4200 3803 4268">
     <span class='ocr_line' id='line_1_108' title="bbox 2233 4200 3803 4268; baseline 0.002 -12"><span class='ocrx_word' id='word_1_758' title='bbox 2233 4204 2454 4256; x_wconf 83' lang='lat' dir='ltr'><strong>nonnisi</strong></span> <span class='ocrx_word' id='word_1_759' title='bbox 2486 4203 2641 4255; x_wconf 75' lang='lat' dir='ltr'><strong>Decio</strong></span> <span class='ocrx_word' id='word_1_760' title='bbox 2666 4213 2719 4253; x_wconf 88' lang='lat' dir='ltr'><strong>et</strong></span> <span class='ocrx_word' id='word_1_761' title='bbox 2751 4200 2915 4254; x_wconf 82' lang='lat' dir='ltr'><strong>Grato</strong></span> <span class='ocrx_word' id='word_1_762' title='bbox 2949 4202 3279 4268; x_wconf 86' lang='lat' dir='ltr'><strong>consulibus,</strong></span> <span class='ocrx_word' id='word_1_763' title='bbox 3311 4203 3359 4254; x_wconf 87' lang='lat' dir='ltr'><strong>id</strong></span> <span class='ocrx_word' id='word_1_764' title='bbox 3390 4213 3472 4256; x_wconf 81' lang='lat' dir='ltr'><strong>est</strong></span> <span class='ocrx_word' id='word_1_765' title='bbox 3507 4218 3650 4256; x_wconf 81' lang='lat' dir='ltr'><strong>anno</strong></span> <span class='ocrx_word' id='word_1_766' title='bbox 3696 4204 3803 4259; x_wconf 63' lang='lat'><strong>951</strong></span> 
     </span>
    </p>
   </div>
   <div class='ocr_carea' id='block_1_108' title="bbox 2230 4273 3163 4341">
    <p class='ocr_par' dir='ltr' id='par_1_108' title="bbox 2230 4273 3163 4341">
     <span class='ocr_line' id='line_1_109' title="bbox 2230 4273 3163 4341; baseline -0.005 -14"><span class='ocrx_word' id='word_1_767' title='bbox 2230 4274 2437 4327; x_wconf 54' lang='lat' dir='ltr'><strong>Tolosae</strong></span> <span class='ocrx_word' id='word_1_768' title='bbox 2468 4273 2739 4325; x_wconf 89' lang='lat' dir='ltr'><strong>institutus</strong></span> <span class='ocrx_word' id='word_1_769' title='bbox 2768 4275 2835 4324; x_wconf 92' lang='lat' dir='ltr'><strong>sit</strong></span> <span class='ocrx_word' id='word_1_770' title='bbox 2863 4275 3163 4341; x_wconf 56' lang='lat' dir='ltr'><strong>episcopus.</strong></span> 
     </span>
    </p>
   </div>
   <div class='ocr_carea' id='block_1_109' title="bbox 2304 4342 3316 4413">
    <p class='ocr_par' dir='ltr' id='par_1_109' title="bbox 2304 4342 3316 4413">
     <span class='ocr_line' id='line_1_110' title="bbox 2304 4342 3316 4413; baseline 0 -18"><span class='ocrx_word' id='word_1_771' title='bbox 2304 4342 2329 4379; x_wconf 74' lang='grc' dir='ltr'><strong>ιι</strong></span> <span class='ocrx_word' id='word_1_772' title='bbox 2366 4343 2495 4395; x_wconf 79' lang='lat' dir='ltr'><strong>God.</strong></span> <span class='ocrx_word' id='word_1_773' title='bbox 2524 4344 2730 4410; x_wconf 59' lang='lat' dir='ltr'><strong>“egon,</strong></span> <span class='ocrx_word' id='word_1_774' title='bbox 2760 4344 2813 4395; x_wconf 84' lang='lat' dir='ltr'><strong>in</strong></span> <span class='ocrx_word' id='word_1_775' title='bbox 2836 4360 3033 4395; x_wconf 77' lang='lat' dir='ltr'><strong>summa</strong></span> <span class='ocrx_word' id='word_1_776' title='bbox 3056 4344 3316 4413; x_wconf 68' lang='lat' dir='ltr'><strong>religione.</strong></span> 
     </span>
    </p>
   </div>
   <div class='ocr_carea' id='block_1_110' title="bbox 2310 4413 3809 4480">
    <p class='ocr_par' dir='ltr' id='par_1_110' title="bbox 2310 4413 3809 4480">
     <span class='ocr_line' id='line_1_111' title="bbox 2310 4413 3809 4480; baseline 0.002 -14"><span class='ocrx_word' id='word_1_777' title='bbox 2310 4413 2325 4452; x_wconf 74' lang='grc' dir='ltr'><strong>ί</strong></span> <span class='ocrx_word' id='word_1_778' title='bbox 2372 4414 2481 4466; x_wconf 89' lang='lat' dir='ltr'><strong>lloc</strong></span> <span class='ocrx_word' id='word_1_779' title='bbox 2511 4423 2669 4480; x_wconf 87' lang='lat' dir='ltr'><strong>caput</strong></span> <span class='ocrx_word' id='word_1_780' title='bbox 2696 4417 2845 4467; x_wconf 78' lang='lat' dir='ltr'><strong>deest</strong></span> <span class='ocrx_word' id='word_1_781' title='bbox 2866 4416 2920 4467; x_wconf 91' lang='grc'><strong>111</strong></span> <span class='ocrx_word' id='word_1_782' title='bbox 2947 4415 3068 4468; x_wconf 89' lang='lat' dir='ltr'><strong>cod.</strong></span> <span class='ocrx_word' id='word_1_783' title='bbox 3093 4414 3251 4467; x_wconf 82' lang='lat' dir='ltr'><strong>Corb.</strong></span> <span class='ocrx_word' id='word_1_784' title='bbox 3290 4417 3452 4471; x_wconf 75' lang='lat' dir='ltr'><strong>l’orro</strong></span> <span class='ocrx_word' id='word_1_785' title='bbox 3482 4414 3623 4470; x_wconf 88' lang='lat' dir='ltr'><strong>hunc</strong></span> <span class='ocrx_word' id='word_1_786' title='bbox 3650 4415 3809 4471; x_wconf 64' lang='lat' dir='ltr'><strong>Ursio</strong></span> 
     </span>
    </p>
   </div>
   <div class='ocr_carea' id='block_1_111' title="bbox 2234 4484 3808 4551">
    <p class='ocr_par' dir='ltr' id='par_1_111' title="bbox 2234 4484 3808 4551">
     <span class='ocr_line' id='line_1_112' title="bbox 2234 4484 3808 4551; baseline -0.002 -13"><span class='ocrx_word' id='word_1_787' title='bbox 2234 4503 2351 4539; x_wconf 80' lang='lat' dir='ltr'><strong>num</strong></span> <span class='ocrx_word' id='word_1_788' title='bbox 2380 4486 2607 4551; x_wconf 85' lang='lat' dir='ltr'><strong>appellat</strong></span> <span class='ocrx_word' id='word_1_789' title='bbox 2638 4485 2923 4551; x_wconf 74' lang='lat' dir='ltr'><strong>Gregorius</strong></span> <span class='ocrx_word' id='word_1_790' title='bbox 2955 4486 3042 4536; x_wconf 91' lang='lat' dir='ltr'><strong>lib.</strong></span> <span class='ocrx_word' id='word_1_791' title='bbox 3069 4486 3135 4538; x_wconf 90' lang='lat' dir='ltr'><strong>de</strong></span> <span class='ocrx_word' id='word_1_792' title='bbox 3159 4484 3333 4536; x_wconf 87' lang='lat' dir='ltr'><strong>Gloria</strong></span> <span class='ocrx_word' id='word_1_793' title='bbox 3374 4484 3644 4550; x_wconf 83' lang='lat' dir='ltr'><strong>Confess.,</strong></span> <span class='ocrx_word' id='word_1_794' title='bbox 3679 4503 3808 4551; x_wconf 75' lang='lat' dir='ltr'><strong>cap,</strong></span> 
     </span>
    </p>
   </div>
   <div class='ocr_carea' id='block_1_112' title="bbox 2234 4555 3809 4625">
    <p class='ocr_par' dir='ltr' id='par_1_112' title="bbox 2234 4555 3809 4625">
     <span class='ocr_line' id='line_1_113' title="bbox 2234 4555 3809 4625; baseline 0.001 -14"><span class='ocrx_word' id='word_1_795' title='bbox 2234 4560 2324 4619; x_wconf 85' lang='lat' dir='ltr'><strong>8U,</strong></span> <span class='ocrx_word' id='word_1_796' title='bbox 2347 4571 2574 4621; x_wconf 87' lang='lat' dir='ltr'><strong>eumque</strong></span> <span class='ocrx_word' id='word_1_797' title='bbox 2613 4556 2681 4607; x_wconf 90' lang='lat' dir='ltr'><strong>ibt</strong></span> <span class='ocrx_word' id='word_1_798' title='bbox 2710 4571 2737 4606; x_wconf 91' lang='lat' dir='ltr'><strong>a</strong></span> <span class='ocrx_word' id='word_1_799' title='bbox 2763 4555 3039 4621; x_wconf 80' lang='lat' dir='ltr'><strong>discipulis</strong></span> <span class='ocrx_word' id='word_1_800' title='bbox 3070 4557 3429 4621; x_wconf 76' lang='lat' dir='ltr'><strong>apostolorum</strong></span> <span class='ocrx_word' id='word_1_801' title='bbox 3471 4558 3809 4625; x_wconf 85' lang='lat' dir='ltr'><strong>ordinatum,</strong></span> 
     </span>
    </p>
   </div>
   <div class='ocr_carea' id='block_1_113' title="bbox 2232 4624 3810 4696">
    <p class='ocr_par' dir='ltr' id='par_1_113' title="bbox 2232 4624 3810 4696">
     <span class='ocr_line' id='line_1_114' title="bbox 2232 4624 3810 4696; baseline 0.001 -19"><span class='ocrx_word' id='word_1_802' title='bbox 2232 4639 2287 4681; x_wconf 87' lang='lat' dir='ltr'><strong>et</strong></span> <span class='ocrx_word' id='word_1_803' title='bbox 2331 4629 2382 4678; x_wconf 93' lang='lat' dir='ltr'><strong>in</strong></span> <span class='ocrx_word' id='word_1_804' title='bbox 2425 4625 2622 4679; x_wconf 87' lang='lat' dir='ltr'><strong>Gallias</strong></span> <span class='ocrx_word' id='word_1_805' title='bbox 2669 4627 2985 4679; x_wconf 82' lang='lat' dir='ltr'><strong>destinatum</strong></span> <span class='ocrx_word' id='word_1_806' title='bbox 3045 4624 3202 4679; x_wconf 55' lang='lat' dir='ltr'><strong>luisse</strong></span> <span class='ocrx_word' id='word_1_807' title='bbox 3246 4627 3406 4689; x_wconf 89' lang='lat' dir='ltr'><strong>dicit;</strong></span> <span class='ocrx_word' id='word_1_808' title='bbox 3456 4642 3561 4696; x_wconf 88' lang='lat' dir='ltr'><strong>quo</strong></span> <span class='ocrx_word' id='word_1_809' title='bbox 3612 4624 3810 4685; x_wconf 76' lang='lat' dir='ltr'><strong>eodeni</strong></span> 
     </span>
    </p>
   </div>
   <div class='ocr_carea' id='block_1_114' title="bbox 2236 4696 3808 4762">
    <p class='ocr_par' dir='ltr' id='par_1_114' title="bbox 2236 4696 3808 4762">
     <span class='ocr_line' id='line_1_115' title="bbox 2236 4696 3808 4762; baseline 0.003 -13"><span class='ocrx_word' id='word_1_810' title='bbox 2236 4696 2649 4762; x_wconf 84' lang='lat' dir='ltr'><strong>tnodoloquitur</strong></span> <span class='ocrx_word' id='word_1_811' title='bbox 2671 4698 2737 4749; x_wconf 86' lang='lat' dir='ltr'><strong>de</strong></span> <span class='ocrx_word' id='word_1_812' title='bbox 2768 4700 2881 4761; x_wconf 72' lang='lat' dir='ltr'><strong>ipso</strong></span> <span class='ocrx_word' id='word_1_813' title='bbox 2922 4697 3210 4749; x_wconf 80' lang='lat' dir='ltr'><strong>Saturnino</strong></span> <span class='ocrx_word' id='word_1_814' title='bbox 3258 4699 3307 4749; x_wconf 91' lang='lat' dir='ltr'><strong>itt</strong></span> <span class='ocrx_word' id='word_1_815' title='bbox 3361 4699 3453 4751; x_wconf 89' lang='lat' dir='ltr'><strong>lib.</strong></span> <span class='ocrx_word' id='word_1_816' title='bbox 3502 4698 3569 4751; x_wconf 87' lang='lat' dir='ltr'><strong>de</strong></span> <span class='ocrx_word' id='word_1_817' title='bbox 3616 4696 3808 4754; x_wconf 74' lang='lat' dir='ltr'><strong>Gloria</strong></span> 
     </span>
    </p>
   </div>
   <div class='ocr_carea' id='block_1_115' title="bbox 2236 4766 3812 4835">
    <p class='ocr_par' dir='ltr' id='par_1_115' title="bbox 2236 4766 3812 4835">
     <span class='ocr_line' id='line_1_116' title="bbox 2236 4766 3812 4835; baseline 0.002 -15"><span class='ocrx_word' id='word_1_818' title='bbox 2236 4768 2411 4826; x_wconf 82' lang='lat' dir='ltr'><strong>Mart..</strong></span> <span class='ocrx_word' id='word_1_819' title='bbox 2452 4782 2572 4831; x_wconf 83' lang='lat' dir='ltr'><strong>cap.</strong></span> <span class='ocrx_word' id='word_1_820' title='bbox 2600 4768 2687 4819; x_wconf 70' lang='grc'><strong>48.</strong></span> <span class='ocrx_word' id='word_1_821' title='bbox 2713 4768 2877 4821; x_wconf 85' lang='lat' dir='ltr'><strong>Porro</strong></span> <span class='ocrx_word' id='word_1_822' title='bbox 2919 4766 3174 4835; x_wconf 69' lang='lat' dir='ltr'><strong>Biturigas</strong></span> <span class='ocrx_word' id='word_1_823' title='bbox 3210 4768 3487 4834; x_wconf 88' lang='lat' dir='ltr'><strong>ipsiusmct</strong></span> <span class='ocrx_word' id='word_1_824' title='bbox 3518 4768 3665 4821; x_wconf 82' lang='lat' dir='ltr'><strong>urbis</strong></span> <span class='ocrx_word' id='word_1_825' title='bbox 3711 4786 3812 4823; x_wconf 85' lang='lat' dir='ltr'><strong>uo-</strong></span> 
     </span>
    </p>
   </div>
   <div class='ocr_carea' id='block_1_116' title="bbox 2233 4835 3810 4908">
    <p class='ocr_par' dir='ltr' id='par_1_116' title="bbox 2233 4835 3810 4908">
     <span class='ocr_line' id='line_1_117' title="bbox 2233 4835 3810 4908; baseline 0.003 -17"><span class='ocrx_word' id='word_1_826' title='bbox 2233 4853 2352 4892; x_wconf 89' lang='lat' dir='ltr'><strong>tnen</strong></span> <span class='ocrx_word' id='word_1_827' title='bbox 2386 4838 2567 4897; x_wconf 81' lang='lat' dir='ltr'><strong>fuisse,</strong></span> <span class='ocrx_word' id='word_1_828' title='bbox 2598 4835 2852 4908; x_wconf 78' lang='lat' dir='ltr'><strong>Bituriges</strong></span> <span class='ocrx_word' id='word_1_829' title='bbox 2883 4855 3008 4890; x_wconf 83' lang='lat' dir='ltr'><strong>veto</strong></span> <span class='ocrx_word' id='word_1_830' title='bbox 3058 4838 3280 4901; x_wconf 86' lang='lat' dir='ltr'><strong>incolas,</strong></span> <span class='ocrx_word' id='word_1_831' title='bbox 3331 4855 3424 4893; x_wconf 91' lang='lat' dir='ltr'><strong>seu</strong></span> <span class='ocrx_word' id='word_1_832' title='bbox 3465 4840 3610 4892; x_wconf 87' lang='lat' dir='ltr'><strong>cives</strong></span> <span class='ocrx_word' id='word_1_833' title='bbox 3660 4841 3810 4897; x_wconf 89' lang='lat' dir='ltr'><strong>illius</strong></span> 
     </span>
    </p>
   </div>
   <div class='ocr_carea' id='block_1_117' title="bbox 2233 4909 3812 4977">
    <p class='ocr_par' dir='ltr' id='par_1_117' title="bbox 2233 4909 3812 4977">
     <span class='ocr_line' id='line_1_118' title="bbox 2233 4909 3812 4977; baseline 0.001 -15"><span class='ocrx_word' id='word_1_834' title='bbox 2233 4909 2424 4973; x_wconf 89' lang='lat' dir='ltr'><strong>dictos,</strong></span> <span class='ocrx_word' id='word_1_835' title='bbox 2461 4916 2605 4975; x_wconf 88' lang='lat' dir='ltr'><strong>patet</strong></span> <span class='ocrx_word' id='word_1_836' title='bbox 2654 4924 2715 4960; x_wconf 75' lang='lat' dir='ltr'><strong>ex</strong></span> <span class='ocrx_word' id='word_1_837' title='bbox 2766 4918 2811 4962; x_wconf 84' lang='lat' dir='ltr'><strong>A</strong></span> <span class='ocrx_word' id='word_1_838' title='bbox 2849 4910 3089 4961; x_wconf 81' lang='lat' dir='ltr'><strong>ollinaris</strong></span> <span class='ocrx_word' id='word_1_839' title='bbox 3142 4909 3343 4961; x_wconf 90' lang='lat' dir='ltr'><strong>Sidonii</strong></span> <span class='ocrx_word' id='word_1_840' title='bbox 3390 4924 3524 4962; x_wconf 91' lang='lat' dir='ltr'><strong>conc</strong></span> <span class='ocrx_word' id='word_1_841' title='bbox 3546 4926 3650 4963; x_wconf 85' lang='lat' dir='ltr'><strong>one</strong></span> <span class='ocrx_word' id='word_1_842' title='bbox 3709 4928 3812 4977; x_wconf 82' lang='lat' dir='ltr'><strong>pro</strong></span> 
     </span>
    </p>
   </div>
   <div class='ocr_carea' id='block_1_118' title="bbox 2232 4979 3809 5048">
    <p class='ocr_par' dir='ltr' id='par_1_118' title="bbox 2232 4979 3809 5048">
     <span class='ocr_line' id='line_1_119' title="bbox 2232 4979 3809 5048; baseline 0.004 -17"><span class='ocrx_word' id='word_1_843' title='bbox 2232 4979 2494 5048; x_wconf 77' lang='lat' dir='ltr'><strong>electione</strong></span> <span class='ocrx_word' id='word_1_844' title='bbox 2520 4979 2859 5032; x_wconf 81' lang='lat' dir='ltr'><strong>Bituricensis</strong></span> <span class='ocrx_word' id='word_1_845' title='bbox 2882 4980 3113 5048; x_wconf 71' lang='lat' dir='ltr'><strong>episcoiii</strong></span> <span class='ocrx_word' id='word_1_846' title='bbox 3135 4979 3332 5037; x_wconf 85' lang='lat' dir='ltr'><strong>habita,</strong></span> <span class='ocrx_word' id='word_1_847' title='bbox 3367 4980 3497 5033; x_wconf 87' lang='lat' dir='ltr'><strong>libro</strong></span> <span class='ocrx_word' id='word_1_848' title='bbox 3520 4996 3614 5043; x_wconf 78' lang='lat' dir='ltr'><strong>VII,</strong></span> <span class='ocrx_word' id='word_1_849' title='bbox 3639 4984 3809 5047; x_wconf 87' lang='lat' dir='ltr'><strong>epist.</strong></span> 
     </span>
    </p>
   </div>
   <div class='ocr_carea' id='block_1_119' title="bbox 2234 5047 3811 5121">
    <p class='ocr_par' dir='ltr' id='par_1_119' title="bbox 2234 5047 3811 5121">
     <span class='ocr_line' id='line_1_120' title="bbox 2234 5047 3811 5121; baseline 0.004 -22"><span class='ocrx_word' id='word_1_850' title='bbox 2234 5053 2285 5115; x_wconf 72' lang='grc'><strong>11,</strong></span> <span class='ocrx_word' id='word_1_851' title='bbox 2317 5050 2401 5100; x_wconf 88' lang='lat' dir='ltr'><strong>ubi</strong></span> <span class='ocrx_word' id='word_1_852' title='bbox 2429 5047 2501 5121; x_wconf 72' lang='lat' dir='ltr'><strong>ait</strong></span> <span class='ocrx_word' id='word_1_853' title='bbox 2547 5050 2687 5121; x_wconf 76' lang='lat' dir='ltr'><strong>prius</strong></span> <span class='ocrx_word' id='word_1_854' title='bbox 2724 5047 2972 5119; x_wconf 75' lang='lat' dir='ltr'><strong>Bituriges</strong></span> <span class='ocrx_word' id='word_1_855' title='bbox 3025 5066 3277 5117; x_wconf 71' lang='lat' dir='ltr'><strong>noveram,</strong></span> <span class='ocrx_word' id='word_1_856' title='bbox 3306 5067 3456 5120; x_wconf 83' lang='lat' dir='ltr'><strong>quam</strong></span> <span class='ocrx_word' id='word_1_857' title='bbox 3499 5049 3618 5103; x_wconf 82' lang='lat' dir='ltr'><strong>Bim</strong></span> <span class='ocrx_word' id='word_1_858' title='bbox 3649 5054 3762 5121; x_wconf 67' lang='lat' dir='ltr'><strong>iga:</strong></span> <span class='ocrx_word' id='word_1_859' title='bbox 3790 5072 3811 5115; x_wconf 69' lang='lat'><strong>,-</strong></span> 
     </span>
    </p>
   </div>
   <div class='ocr_carea' id='block_1_120' title="bbox 2233 5119 3809 5189">
    <p class='ocr_par' dir='ltr' id='par_1_120' title="bbox 2233 5119 3809 5189">
     <span class='ocr_line' id='line_1_121' title="bbox 2233 5119 3809 5189; baseline 0.004 -18"><span class='ocrx_word' id='word_1_860' title='bbox 2233 5121 2371 5187; x_wconf 90' lang='lat' dir='ltr'><strong>qnod</strong></span> <span class='ocrx_word' id='word_1_861' title='bbox 2402 5119 2605 5172; x_wconf 82' lang='lat' dir='ltr'><strong>scilicet</strong></span> <span class='ocrx_word' id='word_1_862' title='bbox 2634 5120 2960 5189; x_wconf 75' lang='lat' dir='ltr'><strong>Simplicium</strong></span> <span class='ocrx_word' id='word_1_863' title='bbox 2992 5122 3181 5180; x_wconf 88' lang='lat' dir='ltr'><strong>civem,</strong></span> <span class='ocrx_word' id='word_1_864' title='bbox 3218 5119 3447 5189; x_wconf 81' lang='lat' dir='ltr'><strong>proan</strong></span> <span class='ocrx_word' id='word_1_865' title='bbox 3497 5119 3809 5189; x_wconf 52' lang='lat' dir='ltr'><strong>perorabat,</strong></span> 
     </span>
    </p>
   </div>
   <div class='ocr_carea' id='block_1_121' title="bbox 2235 5192 3652 5261">
    <p class='ocr_par' dir='ltr' id='par_1_121' title="bbox 2235 5192 3652 5261">
     <span class='ocr_line' id='line_1_122' title="bbox 2235 5192 3652 5261; baseline 0.001 -18"><span class='ocrx_word' id='word_1_866' title='bbox 2235 5199 2435 5253; x_wconf 77' lang='lat' dir='ltr'><strong>noSSet,</strong></span> <span class='ocrx_word' id='word_1_867' title='bbox 2464 5201 2740 5259; x_wconf 84' lang='lat' dir='ltr'><strong>antequam</strong></span> <span class='ocrx_word' id='word_1_868' title='bbox 2769 5192 3030 5261; x_wconf 80' lang='lat' dir='ltr'><strong>Biturigas</strong></span> <span class='ocrx_word' id='word_1_869' title='bbox 3062 5207 3287 5257; x_wconf 71' lang='lat' dir='ltr'><strong>unquam</strong></span> <span class='ocrx_word' id='word_1_870' title='bbox 3316 5197 3652 5247; x_wconf 72' lang='lat' dir='ltr'><strong>aeceSsis‘set.</strong></span> 
     </span>
    </p>
   </div>
   <div class='ocr_carea' id='block_1_122' title="bbox 2306 5262 2815 5329">
    <p class='ocr_par' dir='ltr' id='par_1_122' title="bbox 2306 5262 2815 5329">
     <span class='ocr_line' id='line_1_123' title="bbox 2306 5262 2815 5329; baseline 0.008 -19"><span class='ocrx_word' id='word_1_871' title='bbox 2306 5266 2319 5310; x_wconf 84' lang='grc'><strong>1</strong></span> <span class='ocrx_word' id='word_1_872' title='bbox 2369 5263 2533 5329; x_wconf 80' lang='lat' dir='ltr'><strong>Supra</strong></span> <span class='ocrx_word' id='word_1_873' title='bbox 2563 5278 2680 5328; x_wconf 81' lang='lat' dir='ltr'><strong>cap.</strong></span> <span class='ocrx_word' id='word_1_874' title='bbox 2726 5262 2815 5315; x_wconf 69' lang='lat'><strong>27.</strong></span> 
     </span>
    </p>
   </div>
   <div class='ocr_carea' id='block_1_123' title="bbox 2308 5332 3815 5401">
    <p class='ocr_par' dir='ltr' id='par_1_123' title="bbox 2308 5332 3815 5401">
     <span class='ocr_line' id='line_1_124' title="bbox 2308 5332 3815 5401; baseline 0.001 -15"><span class='ocrx_word' id='word_1_875' title='bbox 2308 5332 2329 5367; x_wconf 58' lang='grc' dir='ltr'><strong>ι*</strong></span> <span class='ocrx_word' id='word_1_876' title='bbox 2373 5332 2460 5387; x_wconf 88' lang='lat' dir='ltr'><strong>Sic</strong></span> <span class='ocrx_word' id='word_1_877' title='bbox 2487 5333 2640 5385; x_wconf 86' lang='lat' dir='ltr'><strong>codd.</strong></span> <span class='ocrx_word' id='word_1_878' title='bbox 2668 5334 2812 5397; x_wconf 79' lang='lat' dir='ltr'><strong>Bec.,</strong></span> <span class='ocrx_word' id='word_1_879' title='bbox 2844 5332 2970 5401; x_wconf 79' lang='lat' dir='ltr'><strong>Reg.</strong></span> <span class='ocrx_word' id='word_1_880' title='bbox 3002 5341 3056 5384; x_wconf 73' lang='lat' dir='ltr'><strong>et</strong></span> <span class='ocrx_word' id='word_1_881' title='bbox 3080 5332 3259 5399; x_wconf 71' lang='lat' dir='ltr'><strong>Regio.</strong></span> <span class='ocrx_word' id='word_1_882' title='bbox 3286 5349 3299 5395; x_wconf 91' lang='lat'>;</span> <span class='ocrx_word' id='word_1_883' title='bbox 3326 5335 3525 5396; x_wconf 57' lang='lat' dir='ltr'><strong>ueteri,</strong></span> <span class='ocrx_word' id='word_1_884' title='bbox 3558 5350 3667 5385; x_wconf 69' lang='lat' dir='ltr'><strong>rsse</strong></span> <span class='ocrx_word' id='word_1_885' title='bbox 3685 5352 3815 5388; x_wconf 76' lang='lat' dir='ltr'><strong>ron-</strong></span> 
     </span>
    </p>
   </div>
   <div class='ocr_carea' id='block_1_124' title="bbox 2239 5402 3815 5473">
    <p class='ocr_par' dir='ltr' id='par_1_124' title="bbox 2239 5402 3815 5473">
     <span class='ocr_line' id='line_1_125' title="bbox 2239 5402 3815 5473; baseline 0.002 -22"><span class='ocrx_word' id='word_1_886' title='bbox 2239 5421 2437 5472; x_wconf 81' lang='lat' dir='ltr'><strong>gruum.</strong></span> <span class='ocrx_word' id='word_1_887' title='bbox 2476 5402 2573 5466; x_wconf 82' lang='lat' dir='ltr'><strong>Qui</strong></span> <span class='ocrx_word' id='word_1_888' title='bbox 2600 5406 2833 5473; x_wconf 77' lang='lat' dir='ltr'><strong>acceptis.</strong></span> <span class='ocrx_word' id='word_1_889' title='bbox 2878 5402 3055 5456; x_wconf 78' lang='lat' dir='ltr'><strong>Codex</strong></span> <span class='ocrx_word' id='word_1_890' title='bbox 3096 5404 3423 5455; x_wconf 73' lang='lat' dir='ltr'><strong>Turonensis</strong></span> <span class='ocrx_word' id='word_1_891' title='bbox 3467 5406 3604 5465; x_wconf 82' lang='lat' dir='ltr'><strong>apud</strong></span> <span class='ocrx_word' id='word_1_892' title='bbox 3639 5405 3815 5459; x_wconf 63' lang='lat' dir='ltr'><strong>Morte-</strong></span> 
     </span>
    </p>
   </div>
   <div class='ocr_carea' id='block_1_125' title="bbox 2240 5476 3815 5541">
    <p class='ocr_par' dir='ltr' id='par_1_125' title="bbox 2240 5476 3815 5541">
     <span class='ocr_line' id='line_1_126' title="bbox 2240 5476 3815 5541; baseline 0 -15"><span class='ocrx_word' id='word_1_893' title='bbox 2240 5478 2360 5526; x_wconf 89' lang='lat' dir='ltr'><strong>lium</strong></span> <span class='ocrx_word' id='word_1_894' title='bbox 2388 5478 2463 5525; x_wconf 68' lang='lat' dir='ltr'><strong>sic</strong></span> <span class='ocrx_word' id='word_1_895' title='bbox 2490 5478 2648 5527; x_wconf 85' lang='lat' dir='ltr'><strong>habet</strong></span> <span class='ocrx_word' id='word_1_896' title='bbox 2671 5491 2684 5529; x_wconf 91' lang='lat'><strong>:</strong></span> <span class='ocrx_word' id='word_1_897' title='bbox 2711 5477 2767 5527; x_wconf 79' lang='lat' dir='ltr'><strong>Si</strong></span> <span class='ocrx_word' id='word_1_898' title='bbox 2794 5476 2928 5526; x_wconf 79' lang='lat' dir='ltr'><strong>enim</strong></span> <span class='ocrx_word' id='word_1_899' title='bbox 2953 5476 3132 5525; x_wconf 82' lang='lat' dir='ltr'><strong>domus</strong></span> <span class='ocrx_word' id='word_1_900' title='bbox 3159 5489 3409 5529; x_wconf 78' lang='lat' dir='ltr'><strong>mea......</strong></span> <span class='ocrx_word' id='word_1_901' title='bbox 3438 5486 3683 5541; x_wconf 71' lang='lat' dir='ltr'><strong>pt&#39;wslare</strong></span> <span class='ocrx_word' id='word_1_902' title='bbox 3708 5493 3815 5531; x_wconf 74' lang='lat' dir='ltr'><strong>non</strong></span> 
     </span>
    </p>
   </div>
   <div class='ocr_carea' id='block_1_126' title="bbox 2239 5545 3816 5612">
    <p class='ocr_par' dir='ltr' id='par_1_126' title="bbox 2239 5545 3816 5612">
     <span class='ocr_line' id='line_1_127' title="bbox 2239 5545 3816 5612; baseline 0.001 -15"><span class='ocrx_word' id='word_1_903' title='bbox 2239 5548 2717 5599; x_wconf 83' lang='lat' dir='ltr'><strong>abnuercm.........</strong></span> <span class='ocrx_word' id='word_1_904' title='bbox 2748 5546 2865 5597; x_wconf 80' lang='lat' dir='ltr'><strong>huic</strong></span> <span class='ocrx_word' id='word_1_905' title='bbox 2899 5545 3136 5611; x_wconf 78' lang='lat' dir='ltr'><strong>mysterio</strong></span> <span class='ocrx_word' id='word_1_906' title='bbox 3166 5560 3270 5596; x_wconf 74' lang='lat' dir='ltr'><strong>esse</strong></span> <span class='ocrx_word' id='word_1_907' title='bbox 3297 5560 3595 5612; x_wconf 79' lang='lat' dir='ltr'><strong>congruam.</strong></span> <span class='ocrx_word' id='word_1_908' title='bbox 3623 5549 3691 5598; x_wconf 67' lang='lat' dir='ltr'><strong>lit</strong></span> <span class='ocrx_word' id='word_1_909' title='bbox 3720 5550 3816 5598; x_wconf 73' lang='lat' dir='ltr'><strong>ob-</strong></span> 
     </span>
    </p>
   </div>
   <div class='ocr_carea' id='block_1_127' title="bbox 2238 5613 3817 5683">
    <p class='ocr_par' dir='ltr' id='par_1_127' title="bbox 2238 5613 3817 5683">
     <span class='ocr_line' id='line_1_128' title="bbox 2238 5613 3817 5683; baseline 0.003 -14"><span class='ocrx_word' id='word_1_910' title='bbox 2238 5630 2420 5677; x_wconf 89' lang='lat' dir='ltr'><strong>serva,</strong></span> <span class='ocrx_word' id='word_1_911' title='bbox 2452 5616 2550 5667; x_wconf 91' lang='lat' dir='ltr'><strong>hoc</strong></span> <span class='ocrx_word' id='word_1_912' title='bbox 2572 5624 2749 5683; x_wconf 84' lang='lat' dir='ltr'><strong>caput,</strong></span> <span class='ocrx_word' id='word_1_913' title='bbox 2782 5616 2921 5680; x_wconf 88' lang='lat' dir='ltr'><strong>quod</strong></span> <span class='ocrx_word' id='word_1_914' title='bbox 2951 5613 3103 5668; x_wconf 82' lang='lat' dir='ltr'><strong>deest</strong></span> <span class='ocrx_word' id='word_1_915' title='bbox 3152 5614 3201 5668; x_wconf 92' lang='lat' dir='ltr'><strong>in</strong></span> <span class='ocrx_word' id='word_1_916' title='bbox 3232 5616 3352 5668; x_wconf 89' lang='lat' dir='ltr'><strong>cod.</strong></span> <span class='ocrx_word' id='word_1_917' title='bbox 3383 5615 3736 5683; x_wconf 71' lang='lat' dir='ltr'><strong>Gurbeiensi,</strong></span> <span class='ocrx_word' id='word_1_918' title='bbox 3762 5619 3817 5673; x_wconf 87' lang='lat' dir='ltr'><strong>in</strong></span> 
     </span>
    </p>
   </div>
   <div class='ocr_carea' id='block_1_128' title="bbox 2240 5686 2890 5741">
    <p class='ocr_par' dir='ltr' id='par_1_128' title="bbox 2240 5686 2890 5741">
     <span class='ocr_line' id='line_1_129' title="bbox 2240 5686 2890 5741; baseline -0.002 -1"><span class='ocrx_word' id='word_1_919' title='bbox 2240 5701 2339 5740; x_wconf 86' lang='lat' dir='ltr'><strong>ms.</strong></span> <span class='ocrx_word' id='word_1_920' title='bbox 2371 5686 2665 5741; x_wconf 86' lang='lat' dir='ltr'><strong>Turonensi</strong></span> <span class='ocrx_word' id='word_1_921' title='bbox 2693 5686 2890 5740; x_wconf 82' lang='lat' dir='ltr'><strong>haberi.</strong></span> 
     </span>
    </p>
   </div>
  </div>
