3994 6194
560 261 658 317 179

1543 261 1601 320 S.
1644 260 1970 318 GREGOHH
2009 259 2311 316 EPISCOPI
2350 260 2779 318 TURONENSIS

3694 260 3793 314 180

554 377 645 430 sed
672 375 865 431 erectis
885 374 951 429 ad
976 375 1167 431 etclam
1199 374 1395 439 oculis,
1428 374 1539 429 ait:
1569 375 1693 430 Jesu
1726 375 1950 429 Domine
1974 415 1993 440 ,
2037 374 2123 443 qui
2153 379 2200 434 Α
2230 373 2487 441 novisque
2530 373 2829 442 lampadum
2861 372 3022 426 radiis
3048 370 3216 427 Gallia
3261 370 3616 442 perlustratur
3642 391 3655 425 :
3692 374 3794 429 hoc

555 464 819 533 gloriosus
846 465 1047 520 resides
1075 464 1141 518 ad
1170 464 1439 518 dexteram
1465 463 1662 530 Patris,
1704 480 1771 519 ne
1794 466 2008 531 patiaris
2038 480 2124 519 me

557 556 626 610 ab
675 556 777 612 hoc
821 557 995 612 stadio
1044 557 1340 619 removeri;
1402 557 1494 610 sed
1546 558 1843 626 suscipiens
1890 560 2122 612 animam

560 665 731 704 meam
761 694 775 718 ,
820 651 1143 718 conjungere
1204 665 1289 704 me
1334 651 1437 704 tuis
1477 651 1798 721 martyribus
1846 653 1895 704 in
1941 652 2124 721 requie

559 745 882 814 sempiterna
922 744 1159 811 dignare.
1222 742 1313 796 His
1356 742 1549 807 dictis,
1597 742 1824 797 reddidit
1854 743 2120 811 spiritum.

542 836 727 907 -Cujus
753 851 947 905 corpus
1001 850 1027 886 a
1059 834 1373 889 Christianis
1413 844 1715 904 susceptum
1754 835 2126 890 venerabiliter

558 928 841 997 sepulturae
868 927 1175 981 mandatum
1204 936 1305 981 est.

627 1018 870 1073 XXXIV.
906 1018 1267 1072 Romanorum
1284 1018 1584 1073 tricesimus
1606 1027 1822 1086 quartus
1845 1019 2123 1086 imperium

559 1109 787 1164 obtinuit
817 1110 1194 1165 Constantinus
1219 1150 1235 1174 ,
1295 1110 1447 1163 annis
1479 1112 1691 1178 triginta
1739 1124 1967 1179 regnans
2008 1109 2125 1163 feli-

560 1201 713 1256 citer.
758 1199 925 1270 Hujus
954 1200 1162 1267 imperii
1212 1214 1354 1253 anno
1401 1201 1701 1263 undecimo,
1742 1214 1860 1253 cum
1884 1208 2003 1267 post
2028 1214 2126 1253 ex-

560 1307 767 1348 cessum
821 1291 1133 1346 Diocletiani
1200 1307 1297 1358 pax
1356 1290 1560 1344 reddita
1616 1290 1804 1345 fuisset
1852 1288 2122 1351 Ecclesiis,

560 1384 898 1439 beatissimus
922 1383 1113 1452 prmsul
1154 1382 1411 1436 Martinus
1437 1380 1575 1451 apud
1626 1381 1899 1436 Sabariam
1932 1387 1957 1416 ι
1987 1380 2125 1433 Pan—

561 1475 735 1529 nonia:
760 1474 1030 1529 civitatem
1056 1472 1313 1539 nascitur,
1340 1472 1645 1538 parentibus
1676 1470 1982 1540 gentilibus,
2017 1483 2119 1521 non

561 1574 738 1621 tamen
768 1564 981 1618 inlimis.
1023 1562 1117 1616 Hic
1144 1563 1518 1617 Constantinus
1554 1576 1693 1616 anno
1738 1559 1990 1614 vicesimo
2020 1561 2121 1612 im-

560 1656 693 1726 perii
721 1656 826 1720 sui,
856 1653 1099 1723 Crispum
1129 1654 1294 1707 lilium
1324 1667 1549 1716 veneno,
1576 1652 1820 1708 Faustam
1845 1651 2123 1719 conjugem

2225 473 2328 525 est,
2351 479 2417 519 eo
2453 473 2693 533 tempore
2720 465 3057 519 beatissimus
3078 465 3333 520 Martinus
3362 466 3415 521 in
3444 466 3631 522 Galliis
3659 484 3795 537 pra:-

2224 554 2402 610 dicare
2448 570 2672 609 exorsus
2717 565 2835 620 est,
2874 557 2961 625 qui
3010 554 3278 611 Christum
3326 558 3417 612 Dei
3466 559 3656 614 Filium
3703 577 3795 629 per

2225 647 2389 700 multa
2438 648 2689 702 miracula
2728 662 2907 704 verum
2957 650 3122 705 Deum
3177 652 3228 704 in
3262 654 3467 720 populis
3490 654 3789 722 declarans,
3842 688 3845 689 ν

2223 740 2496 808 gentilium
2545 740 2963 797 incredulitatem
3009 742 3221 796 avertit.
3265 743 3359 797 Hic
3384 745 3522 797 enim
3553 743 3673 799 fana
3702 746 3795 800 de-

2224 829 2436 895 struxit,
2473 830 2715 885 haresim
2762 831 3062 899 oppressit,
3105 832 3357 886 ecclesias
3401 833 3711 903 aedificavit,
3743 846 3795 889 et

2226 934 2347 973 cum
2379 920 2498 974 aliis
2540 922 2717 976 multis
2760 923 3041 976 virtutibus
3092 922 3416 993 refulgeret,
3452 925 3520 979 ad
3547 941 3796 981 consum-

2227 1013 2477 1065 mandutn
2526 1013 2695 1066 laudis
2727 1029 2834 1065 sua:
2867 1015 3076 1066 titulum
3105 1057 3119 1079 ,
3154 1026 3260 1069 tres
3288 1026 3523 1071 mortuos
3554 1019 3679 1072 vita:
3708 1036 3797 1073 re-

2230 1104 2417 1156 stituit.
2442 1106 2644 1168 Quarto
2675 1103 3023 1158 Valentiniani
3056 1113 3110 1159 et
3137 1104 3373 1167 Valentis
3398 1122 3559 1171 anno,
3581 1119 3797 1163 sanctus

2228 1194 2457 1249 Hilarius
2497 1197 2635 1264 apud
2685 1197 2961 1263 Pictavos,
3010 1198 3197 1265 plenus
3244 1201 3526 1255 sanctitate
3571 1213 3626 1257 et
3674 1202 3797 1268 ﬁde,

2228 1287 2406 1342 multis
2435 1288 2666 1357 undique
2682 1289 2968 1343 virtutibus
2998 1289 3174 1356 editis,
3198 1290 3443 1360 migravit
3467 1291 3533 1345 ad
3563 1294 3731 1349 cmlos
3753 1292 3798 1350 ¹.

2227 1378 2358 1433 Nam
2386 1388 2440 1435 et
2468 1380 2583 1449 ipse
2608 1381 2800 1451 legitur
2826 1393 3063 1437 mortuos
3091 1383 3397 1439 suscitasse.

2302 1472 2528 1527 Melania
2578 1488 2709 1527 vero
2757 1483 2999 1528 matrona
3048 1474 3274 1539 nobilis,
3328 1486 3384 1531 et
3431 1476 3605 1533 incola
3651 1479 3799 1535 urbis

2233 1562 2484 1619 Romanae
2507 1606 2521 1629 ,
2551 1566 2917 1638 Hierosolyma
2945 1567 3014 1620 ob
3040 1568 3373 1623 devotionem
3404 1571 3553 1636 abiit,
3583 1571 3800 1630 Urbano

2232 1653 2341 1706 filio
2369 1654 2551 1709 Romae
2583 1656 2787 1710 relicto.
2830 1661 2957 1724 Quae
2988 1659 3059 1712 ita
3088 1675 3149 1714 se
3182 1662 3234 1713 in
3260 1670 3446 1715 cuncta
3472 1662 3710 1720 bonitate
3737 1680 3800 1718 ac

559 1749 767 1804 calente
811 1748 1001 1803 balneo
1046 1747 1310 1803 interfecit
1332 1790 1348 1814 ,
1392 1746 1596 1801 scilicet
1639 1747 1779 1815 quod
1829 1745 2124 1815 proditores
2156 1744 2200 1802 Β
2229 1748 2508 1801 sanctitate
2536 1748 2785 1802 omnibus
2817 1749 3060 1818 praebuit,
3092 1760 3148 1805 ut
3175 1751 3370 1808 Thecla
3415 1765 3703 1810 vocaretur
3730 1757 3803 1812 ab

559 1841 708 1911 regni
738 1840 854 1910 ejus
888 1855 1025 1895 esse
1054 1840 1370 1895 voluissent.
1414 1838 1581 1906 Hujus
1624 1848 1865 1907 tempore
1902 1851 2125 1890 venera-

559 1929 666 1986 bile
703 1929 880 1985 crucis
928 1930 1217 1984 Dominicae
1258 1928 1458 1999 lignum
1488 1942 1603 1996 .per
1646 1927 1876 1981 Studium
1911 1926 2124 1980 Helenae

560 2022 746 2077 matris
774 2021 891 2090 ejus
932 2029 1202 2089 repertum
1248 2029 1367 2084 est,
1403 2020 1661 2088 prodente
1699 2018 1832 2072 Juda
1875 2017 2122 2080 Hebrzco,

561 2114 653 2178 qui
684 2121 806 2183 post
844 2113 1162 2182 baptismum
1212 2111 1491 2176 Quiriacus
1519 2121 1601 2165 est
1630 2109 1911 2163 vocitatus.
1950 2108 2126 2175 Usque

563 2206 664 2260 hoc
696 2215 901 2274 tempus
927 2203 1385 2273 historiograpbus
1421 2203 1474 2256 iu
1509 2202 1785 2256 Chronicis
1813 2200 1998 2255 scribit
2025 2200 2123 2254 Eu-

562 2297 762 2350 sebius.
802 2300 846 2349 A
890 2296 1146 2350 vicesimo
1187 2296 1356 2363 primo
1383 2294 1524 2348 enim
1565 2295 1682 2361 ejus
1726 2292 2124 2359 imperii‘auno,

562 2387 914 2457 Hieronymus
956 2388 1235 2456 presbyter
1260 2384 1506 2449 addidit,
1556 2385 1797 2439 indicans
1834 2384 2125 2439 Iuvencum

564 2477 931 2547 presbyterum
972 2476 1257 2545 Evangelia
1310 2475 1551 2529 versibus
1594 2474 2008 2541 conscripsisse,
2040 2489 2127 2526 ro-

562 2577 721 2637 gante
746 2567 1049 2636 supradicto
1076 2568 1419 2637 imperatore.

634 2658 851 2713 XXXV.
890 2658 1003 2714 Sub
1042 2656 1349 2713 Constantis
1395 2667 1569 2711 autem
1613 2656 1869 2727 imperio,
1900 2656 2128 2711 Jacobus

560 2747 845 2805 Nisibenus
872 2748 900 2789 ι’
922 2748 1045 2815 fuit,
1076 2749 1141 2803 ad
1167 2750 1276 2820 23
1300 2746 1452 2814 cujus
1480 2761 1659 2816 preces
1688 2747 1951 2801 inclinatae
1973 2761 2129 2801 aures

560 2841 752 2895 divinae
777 2842 1104 2906 clementiae,
1135 2840 1297 2895 multa
1334 2838 1567 2909 pericula
1594 2854 1623 2891 a
1648 2836 1863 2892 ciiitate
1895 2837 2010 2906 ejus
2040 2853 2127 2892 re-

558 2934 828 3004 pulerunt.
892 2933 999 2989 Sed
1027 2942 1081 2987 et
1110 2932 1427 2987 Maximinus
1456 2931 1814 2986 Treverorum
1851 2932 2129 3001 episcopus

557 3036 747 3094 potens
773 3025 827 3078 iu
851 3023 995 3078 omni
1025 3024 1304 3081 sanctitate
1332 3022 1616 3092 reperitur.

2227 1836 2433 1890 incolis.

2298 1924 2559 1980 XXXVII.
2598 1926 2726 1981 Post
2750 1937 2974 1983 mortem
2992 1938 3169 1983 autem
3196 1930 3573 1998 Valentiniani,
3600 1932 3801 1989 Valens

2228 2018 2421 2088 integri
2468 2034 2748 2075 successor
2795 2023 3039 2089 imperii,
3096 2023 3386 2077 monachos
3431 2026 3496 2077 ad
3556 2028 3803 2081 militiam

2226 2111 2343 2179 cogi
2395 2109 2582 2179 jubet,
2638 2113 2879 2166 nolentes
2934 2111 3165 2166 fustibus
3216 2114 3457 2183 praecipit
3504 2119 3802 2174 verberari.

2186 2200 2502 2264 .Posthzec,
2554 2203 2749 2257 bellum
2802 2205 3152 2259 saevissimum
3203 2208 3253 2259 in
3303 2207 3523 2262 Thracia
3574 2210 3803 2267 Romani

2228 2308 2439 2364 ge~sere
2478 2303 2505 2341 Β
2532 2312 2543 2346 :
2602 2296 2707 2366 29
2736 2297 2788 2349 in
2819 2312 2924 2365 quo
2955 2306 3094 2351 tanta
3141 2308 3344 2368 strages
3374 2300 3487 2366 fuit,
3521 2309 3579 2353 ut
3599 2300 3801 2355 Roma-

2230 2386 2315 2449 ni,
2372 2387 2571 2441 amisso
2619 2402 2872 2455 equorum
2923 2389 3199 2456 praesidio,
3258 2392 3480 2459 pedibus
3531 2392 3798 2463 fugerent.

2229 2478 2467 2546 Cumque
2494 2492 2523 2530 a
2556 2478 2768 2532 Gotthis
2793 2479 3158 2535 internecione
3188 2482 3417 2535 maxima
3442 2482 3799 2550 cmderentur,

2228 2576 2283 2621 et
2312 2567 2505 2622 Valens
2532 2568 2733 2637 fugeret
2757 2570 2944 2637 sagitta
2976 2572 3261 2637 sauciatus,
3292 2587 3507 2641 parvum
3533 2576 3799 2642 tugurium

2229 2659 2498 2729 ingressus
2516 2701 2530 2725 ,
2565 2660 2964 2716 imminentibus
2992 2662 3228 2717 hostibus
3253 2707 3268 2731 ,
3311 2678 3471 2733 super
3490 2680 3549 2719 se
3578 2666 3800 2721 incensa

2230 2751 2431 2820 casula,
2459 2760 2636 2820 optata
2681 2747 2855 2806 caruit
2900 2755 3189 2823 sepultura.
3249 2755 3445 2824 Sicque
3470 2758 3598 2810 ultio
3620 2759 3801 2814 divina

2227 2842 2297 2898 ob
2326 2855 2629 2899 sanctorum
2676 2845 2901 2901 effusum
2946 2848 3293 2917 sanguinem,
3344 2850 3555 2905 tandem
3603 2854 3803 2908 emissa

2228 2938 2509 3005 processit.
2565 2940 2675 2994 Huc
2735 2955 2903 3009 usque
2950 2940 3351 3013 Hieronymus:
3395 2944 3467 2997 ab
3521 2944 3623 2998 hoc
3670 2960 3802 3000 vero

2228 3042 2486 3098 tempore,
2516 3030 2740 3086 Orosius
2771 3033 3048 3101 presbyter
3077 3035 3194 3101 plus
3222 3035 3452 3105 scripsit.

628 3117 781 3172 Nano
809 3117 1017 3171 decimo
1041 3116 1334 3171 Constantii
1366 3128 1389 3156 ο
1418 3117 1645 3185 junioris
1669 3130 1833 3183 anno,
1859 3116 2122 3171 Antonius
2149 3108 2195 3169 C
2296 3124 2582 3191 XXXVIII.
2616 3124 2781 3195 Igitur
2800 3140 2919 3179 cum
2948 3125 3231 3180 Gratianus
3254 3127 3539 3195 imperator
3567 3128 3799 3183 desum-

564 3212 854 3266 monachus
898 3212 1145 3277 transiit,
1186 3211 1482 3266 centesimo
1515 3210 1699 3279 quinto
1738 3210 1765 3245 ά
1797 3210 1970 3263 aetatis
2014 3224 2123 3263 sute

558 3318 717 3359 anno.
760 3302 1103 3357 Beatissimae
1152 3300 1387 3356 Hilarius
1428 3300 1772 3355 Pictaviensis
1819 3300 2122 3369 episcopus,

559 3411 720 3454 Suasu
753 3395 1123 3451 haereticorum
1167 3395 1356 3450 exsilio
1381 3393 1704 3461 deputatur:
1751 3392 1930 3462 ibique
1963 3392 2127 3447 libros

561 3504 661 3558 pro
689 3487 795 3543 title
837 3485 1100 3542 catholica
1130 3486 1372 3542 scribens
1396 3528 1411 3552 ,
1471 3485 1781 3539 Constantio
1826 3485 2004 3551 misit,
2036 3486 2126 3553 qui

565 3589 756 3651 quarto
783 3580 955 3635 exsilii
995 3594 1136 3634 anno
1180 3593 1299 3634 eum
1328 3577 1531 3633 absolvi
1570 3577 1785 3647 jubens,
1816 3578 1882 3631 ad
1914 3579 2125 3647 prapria

561 3676 738 3732 redire
766 3674 1023 3742 permisit.

636 3767 874 3823 XXXVI.
912 3766 1062 3821 Tunc
1090 3775 1114 3803 ο
1140 3765 1248 3835 jam
1289 3774 1343 3820 et
1380 3764 1557 3819 lumen
1602 3770 1840 3818 nostrum
1870 3761 2124 3831 exoritur,

632 3934 660 3964 ⁸
698 3924 887 3992 Hodie,
919 3933 977 3979 ut
1002 3932 1204 3989 putant,
1235 3922 1486 3992 oppidum
1515 3930 1596 3976 est
1622 3921 1929 3990 Hungariae,
1949 3918 2129 3992 Szam-

560 3996 692 4051 batel
722 3988 942 4061 dictum,
975 3988 1104 4049 alias
1134 3988 1284 4048 Staio
1305 3988 1387 4047 om
1411 3995 1635 4063 Angern,
1668 3996 1717 4045 in
1750 3988 1997 4063 comitatu
2022 3988 2127 4063 _Ca-

560 4060 933 4123 striferrensi.
990 4067 1264 4121 Cluverius
1314 4060 1508 4119 tamen'
1538 4064 1808 4118 existimat
1854 4060 2127 4131 Sabariam

561 4140 831 4207 antiquam
863 4137 991 4191 olim
1021 4137 1311 4207 exstitisse,
1339 4134 1427 4189 ubi
1460 4136 1613 4187 hodie
1637 4143 1721 4207 est
1746 4145 1977 4207 castrum
2003 4131 2130 4207 Sar-

562 4200 849 4276 warfquod
872 4207 1121 4262 Germani
1154 4205 1471 4258 Rothenturn
1497 4204 1791 4276 appellant,
1817 4203 1986 4276 tribus
2016 4200 2128 4276 leu-

564 4277 641 4330 cis
659 4271 794 4331 infra
820 4278 1131 4343 praedictum
1157 4276 1434 4346 oppidum,
1454 4276 1520 4329 ad
1537 4271 1867 4329 Conﬂuentes
1895 4271 2129 4328 Sabarire

561 4346 707 4400 ﬂuvii
732 4348 781 4399 in
810 4351 1158 4402 Arrabonem.

634 4416 661 4453 δ
703 4419 911 4479 Aliquot
949 4418 1077 4472 editi
1124 4415 1415 4479 mendose,
1462 4414 1739 4468 Niebenus.
1792 4412 1885 4465 Hic
1928 4413 2126 4479 quippe

2229 3228 2335 3270 tam
2366 3213 2391 3252 ιι
2417 3227 2665 3271 cerneret
2690 3230 2811 3271 esse
2838 3216 3217 3286 rempublicam
3241 3258 3258 3281 ,
3282 3216 3641 3273 Theodosium
3688 3222 3801 3275 col-

2229 3307 2399 3377 legam
2440 3307 2646 3375 imperii
2682 3303 2831 3360 facit.
2866 3307 2960 3361 Hic
3009 3308 3341 3363 Theodosius
3386 3324 3597 3375 omnem
3643 3324 3803 3380 spem

2227 3411 2378 3451 suam
2429 3404 2588 3466 atque
2633 3394 2883 3453 fiduciam
2930 3397 2982 3450 in
3028 3396 3580 3453 Dei.niisericordiam
3624 3406 3799 3469 ponit.

2228 3488 2329 3555 Qui
2355 3488 2546 3542 multas
2574 3497 2763 3569 gentes
2792 3503 2900 3543 non
2926 3497 3032 3543 tam
3083 3489 3282 3557 gladio,
3313 3505 3469 3559 quam
3521 3490 3715 3561 vigiliis
3744 3503 3801 3547 et

2229 3580 2471 3635 oratione
2517 3579 2887 3648 compescuit,
2934 3579 3310 3647 rempublicam
3375 3580 3709 3636 conﬁrmavit
3751 3580 3801 3637 ί,

2230 3668 2744 3738 Constantinopolim
2772 3671 2958 3724 urbem
2988 3671 3158 3724 victor
3186 3671 3455 3740 ingressus
3475 3680 3574 3725 est.

2300 3762 2557 3817 Maximus
2586 3776 2712 3817 vero
2732 3775 2851 3815 cum
2874 3776 2968 3831 per
3016 3760 3345 3831 tyrannidem
3374 3762 3645 3831 oppressis
3677 3762 3794 3817 Bri-

2230 3920 2429 3977 obiisse
2472 3920 2813 3975 verisimilius
2860 3928 2962 3974 est.
3024 3919 3286 3975 Mortuum
3337 3917 3589 3973 infantem
3631 3919 3699 3972 ab
3728 3935 3798 3975 eo

2230 3993 2539 4047 suscitatum
2570 3990 2733 4045 refert
2771 3988 3091 4045 Fortunatus
3140 3990 3191 4043 in
3238 3990 3353 4059 ejus
3402 3989 3532 4044 Vitae
3584 3990 3721 4044 libio
3756 4007 3795 4057 ι,

2231 4076 2380 4117 num.
2410 4061 2494 4114 η.
2535 4060 2611 4115 De
2654 4061 2754 4115 hoc
2778 4070 2964 4115 sancto
2989 4060 3275 4128 Gregorius
3304 4063 3427 4113 item
3469 4061 3575 4126 agit
3615 4059 3668 4112 in
3700 4062 3796 4116 lib.

2230 4134 2297 4186 de
2326 4133 2501 4187 Gloria
2546 4131 2812 4198 Confess.,
2841 4144 2957 4198 cap.
2990 4133 3045 4185 ‘1.
3104 4131 3341 4184 Melania:
3384 4130 3563 4183 laudes
3604 4142 3801 4197 praeter

2232 4204 2610 4272 Hieronymum
2658 4201 2774 4255 fuse
2818 4211 3210 4271 prosequuntur
3247 4200 3559 4272 aliiisancti
3584 4201 3795 4255 Patres.

2230 4270 2468 4327 Valentis
2493 4280 2733 4340 tempore
2763 4270 3008 4326 maxime
3038 4272 3227 4325 enituit
3269 4272 3320 4324 in
3353 4270 3595 4324 fovendis
3623 4281 3677 4323 et
3703 4272 3800 4327 ab-

2230 4344 2418 4396 dendis
2443 4340 2861 4405 confessoribus,
2890 4356 3021 4410 quos
3050 4342 3138 4394 ille
3166 4341 3595 4409 persequebatur.
3624 4340 3801 4407 Quin-

2231 4428 2335 4479 que
2365 4412 2741 4465 monachorum
2787 4413 2947 4465 millia
2998 4411 3162 4465 semel
3210 4426 3305 4473 per
3327 4413 3555 4464 triduum
3585 4414 3800 4481 tyranni

564 4496 647 4539 est
674 4487 900 4541 celebris
945 4486 1174 4541 Jacolsus
1211 4486 1489 4556 episcopus
1516 4528 1531 4551 ,
1563 4486 1651 4553 qui
1696 4482 1927 4556 Nisibam
1947 4483 2124 4556 ‘Meso-
2156 4492 2205 4549 ι)
2230 4481 2448 4556 insidias
2470 4482 2783 4556 fugientium
2814 4492 2979 4556 pavit.
3029 4480 3156 4536 Vide
3196 4481 3253 4556 S.
3283 4480 3798 4556 Pauliniepistglam

564 4557 814 4624 potamize
840 4559 1021 4611 urbem
1053 4572 1087 4608 a
1114 4553 1332 4624 Saporis
1364 4556 1643 4608 Persarum
1675 4554 1816 4623 regis
1844 4553 2123 4624 obsidione

564 4620 846 4691 liberavit,
893 4642 1032 4679 anno
1080 4620 1207 4680 55οζ
1265 4624 1524 4679 Cmterum
1567 4625 1668 4677 nisi
1696 4620 1810 4690 ipse
1838 4620 2125 4687 Gregorius

559 4700 839 4762 erraverit,
868 4697 1144 4766 ‘egendum
1167 4694 1566 4766 estConstantii,
1598 4708 1690 4762 pro
1716 4691 2017 4766 Constantis.

633 4778 656 4805 °
697 4767 787 4822 Sic
812 4763 941 4824 cod.
966 4766 1147 4836 Hegm.
1182 4765 1308 4828 Alii,
1341 4763 1679 4836 Constantini.
1709 4763 1813 4817 Sed
1836 4763 2125 4836 mendose;

559 4854 683 4891 nam
715 4848 906 4908 quarto
935 4839 1016 4908 sui
1050 4834 1271 4908 imperii
1318 4851 1458 4908 anno
1487 4835 1695 4908 occisus
1718 4844 1801 4889 est
1824 4834 2127 4908 Constanti-

559 4924 667 4963 nus
687 4904 888 4981 jtinior.
930 4906 1296 4981 Constantium
1332 4906 1415 4959 hic
1436 4905 1703 4981 juniorem
1732 4905 1961 4981 appellat
1987 4904 2122 4959 Gre-

556 4974 903 5050 goritis,t'orte
926 4989 980 5033 ut
1007 4976 1560 5050 ipsum_aC_onstautio
1588 4974 1786 5050 Chloro
1813 4974 2122 5050 distinguat.

627 5050 652 5087 ἀ
696 5050 837 5106 Editi
864 5066 987 5107 cum
1021 5045 1144 5105 cod.
1176 5048 1363 5118 Regio,
1393 5062 1527 5100 anno
1548 5047 1838 5112 centesimo,
1858 5045 1950 5099 sed
1978 5061 2128 5100 men-

558 5120 707 5176 :Iose.

632 5200 667 5271 ﬁ
700 5192 820 5246 Htec
848 5208 1013 5263 usque
1060 5191 1123 5247 ad
1172 5190 1401 5245 Melania
1438 5205 1574 5251 vero,
1622 5188 1815 5243 desunt
1863 5186 1914 5241 iu
1943 5186 2127 5243 codice

555 5275 726 5328 regio.

636 5329 655 5370 ί
699 5332 785 5384 Lis
815 5341 898 5387 est
927 5343 1066 5388 mter
1094 5342 1341 5386 auctores
1366 5332 1434 5385 de
1460 5330 1546 5384 die
1575 5338 1630 5384 et
1650 5344 1809 5393 anno,
1844 5327 2035 5394 quibus
2063 5328 2119 5381 S.

560 5400 790 5456 Hilarius
819 5405 1048 5458 excessit
1078 5420 1108 5457 e
1142 5405 1266 5458 vita.
1322 5405 1394 5455 De
1424 5404 1523 5455 hac
1552 5418 1607 5454 re
1636 5398 1807 5453 fusius
1834 5400 2119 5452 disseritur

556 5472 612 5525 in
645 5470 809 5535 ipsius
840 5472 983 5527 Vita.
1030 5488 1147 5540 quae
1190 5476 1303 5538 ejus
1351 5473 1601 5538 operibus
1642 5485 1833 5523 recens
1860 5484 1891 5540 a
1920 5468 2119 5540 nostris

556 5544 715 5595 editis
744 5538 1095 5607 prteritittitur,
1140 5560 1286 5595 nunt.
1317 5542 1418 5595 115
1447 5552 1500 5594 et
1538 5557 1651 5607 seq.
1708 5542 1833 5607 Ejus
1862 5538 2120 5593 festivitas

562 5614 736 5668 Idibus
762 5611 999 5666 Januarii
1032 5615 1083 5663 iu
1113 5614 1341 5678 antiquis
1385 5622 1437 5664 et
1468 5611 1771 5664 recentibus
1805 5612 2120 5679 ntartyrulo-

557 5686 658 5755 guis
704 5683 1021 5748 celebratur,
1064 5696 1164 5753 qua
1209 5683 1295 5737 die
1337 5689 1389 5735 ct
1418 5680 1629 5749 quidem
1674 5694 1813 5733 anno
1855 5678 1957 5731 56$
1999 5695 2117 5739 eum

2231 4554 2295 4605 ad
2321 4553 2599 4615 Severum,
2632 4553 2756 4605 olim
2806 4553 2893 4612 10,
2926 4553 2977 4605 iu
3010 4567 3141 4605 nova
3171 4552 3299 4605 edit.
3329 4550 3418 4606 23.
3459 4552 3635 4605 Monet
3657 4551 3799 4605 Ros-

2230 4624 2484 4689 weydus,
2530 4623 2581 4676 in
2630 4622 2988 4676 notationibus
3017 4623 3080 4675 ad
3112 4623 3584 4689 peregrinatiOuem
3617 4622 3800 4676 Rufini

2232 4704 2286 4747 et
2314 4693 2901 4761 Melaniae,Gregorium
2934 4692 3017 4745 hic
3038 4695 3239 4761 lapsum
3264 4707 3403 4759 esse,
3435 4692 3525 4759 qui
3553 4692 3803 4749 Melania:

2234 4764 2397 4816 filium
2425 4763 2711 4829 appellavit
2739 4761 3020 4826 Urbanum,
3052 4778 3115 4815 ex
3158 4764 3274 4815 loco
3316 4762 3564 4816 CltrOuiei
3611 4764 3804 4817 Hiero-

2232 4833 2377 4903 nymi
2403 4835 2541 4886 male
2570 4834 2860 4897 intellecto,
2891 4834 2978 4887 ubi
3008 4832 3362 4901 Hieronymus
3390 4834 3668 4903 parvulum
3702 4835 3805 4888 Me-

2230 4904 2389 4958 laniae
2418 4903 2583 4955 ﬁlium
2617 4912 2898 4970 praetorem
2947 4918 3213 4967 usumin,
3248 4903 3383 4956 idest
3429 4903 3685 4957 Romana:
3709 4920 3798 4957 ur-

2231 4974 2331 5037 bis,
2359 4972 2623 5028 exstitisse
2663 4983 2960 5038 memorat,
3011 4974 3149 5042 quod
3196 4976 3272 5027 sic
3310 4973 3689 5040 interpretatus
3717 4984 3801 5028 est

2230 5044 2520 5113 Gregorius
2545 5044 2693 5111 quasi
2721 5058 2956 5113 vannus
2984 5058 3175 5097 nomen
3202 5045 3409 5113 parvuli
3443 5044 3620 5098 fuerit.

2302 5112 2585 5182 s’Aliquot
2625 5113 2809 5176 codd.,
2855 5112 3117 5167 Thracias.
3168 5112 3415 5166 Nonnulli
3457 5128 3578 5167 cum
3637 5112 3802 5168 editis

2233 5184 2481 5238 Thracas.
2536 5183 2771 5237 Valentis
2804 5186 3230 5253 persecutio-nem
3272 5200 3334 5237 ac
3373 5183 3801 5237 orthodoxorum

2232 5256 2515 5320 prteclaras
2578 5253 2943 5309 confessiones
2984 5253 3099 5307 fuse
3165 5253 3471 5307 describunt
3508 5253 3806 5323 Gregorius

2232 5326 2521 5396 Nyssenus.
2561 5324 2912 5384 Sozomenus,
2954 5324 3308 5396 'l'lteodor‘ttus
3336 5334 3391 5378 et
3429 5324 3519 5396 alii
3553 5325 3799 5396 _passim.

2232 5393 2339 5450 Lex
2363 5407 2546 5451 contra
2570 5396 2860 5449 monachos
2889 5396 3133 5459 habetur,
3168 5395 3204 5447 ι.
3236 5394 3339 5458 ‘26,
3368 5409 3415 5448 c.
3447 5395 3511 5447 de
3543 5393 3808 5447 Det-ario-

2228 5468 2393 5520 nibus.
2426 5467 2569 5520 Obiit
2595 5466 2681 5519 die
2707 5466 2739 5519 9
2767 5465 2993 5531 Augusti
3021 5480 3159 5517 anno
3182 5467 3315 5533 578,
3339 5479 3459 5518 cum
3498 5468 3661 5534 paulo
3691 5480 3802 5519 am-

2228 5538 2366 5606 plius
2388 5552 2546 5604 quam
2569 5550 2739 5590 annos
2768 5536 2836 5589 I5
2859 5543 3155 5604 regnasset.

2297 5605 2473 5661 hCod.
2510 5607 2718 5674 Regm.,
2750 5606 3075 5658 destructam.

2303 5686 2318 5713 ι
2354 5676 2484 5731 Cod.
2511 5673 2720 5751 Regm.,
2752 5691 2952 5744 remque
2974 5674 3226 5744 publicam
3252 5673 3583 5744 conﬁrmans.
