3994 6194
159 206 243 264 κει

1159 206 1475 265 HISTORIA
1517 207 1965 264 FRANCORUM.
2012 203 2210 260 LIBER
2253 205 2528 264 PRIMUS.

3356 223 3461 278 I39.

177 328 332 384 ianuis
367 329 735 399 sumpsisset
783 328 1082 390 victoriam.
1117 343 1146 382 a
1205 329 1462 384 militibus
1488 330 1778 398 imperator
1803 333 1850 389 Α
1885 327 2015 381 mitu
2046 342 2108 382 ac
2131 327 2379 400 lacrymis
2405 343 2526 398 qua
2551 329 3150 403 eommiscratdilucns,
3181 336 3244 390 ad
3271 339 3461 394 urbem

191 432 375 479 creatus
407 432 526 478 est.
559 421 628 477 In
661 423 797 478 urbe
837 422 1119 476 Treverica
1175 421 1359 475 sedem
1418 422 1696 474 instituens
1724 427 1774 481 ιι,

199 517 492 571 Gratianum
541 516 934 584 imperatorem
975 513 1395 568 circumventum
1442 510 1583 566 dolis
1607 512 1782 565 inter—

208 611 326 665 fecit.
355 608 438 664 Ad
474 608 627 662 hunc
658 607 946 660 Maximum
975 605 1164 661 beatus
1215 605 1473 658 Martinus
1515 602 1625 672 jam
1669 604 1781 670 epi-

171 727 178 736 α
205 717 377 772 scapus
405 700 586 755 venit.
621 699 677 752 ln
707 701 827 753 loco
853 713 980 768 ergo
1009 697 1268 760 Gratiani,
1308 696 1647 752 Theodosius
1687 696 1782 752 ille

199 798 275 862 qui
307 804 477 848 totam
509 808 666 863 spem
697 791 751 846 in
792 793 958 846 Deum
1007 801 1294 859 posuerat,
1331 799 1500 844 totum
1556 788 1783 854 suscipit

193 885 500 953 imperium.
526 884 632 950 Qui
658 883 915 952 deinceps
931 882 1126 936 divinis
1144 881 1390 936 aliatibus
1402 879 1593 950 fretus,
1618 879 1783 935 Maxi-

192 997 330 1034 mum
362 980 657 1048 spoliatum
689 979 915 1049 imperio
944 977 1210 1033 interfecit
1235 975 1283 1029 δ.

257 1072 517 1128 XXXIX.
549 1073 704 1142 Apud
740 1074 1012 1125 Arvernos
1069 1085 1199 1125 vero
1243 1077 1362 1138 post
1415 1069 1780 1125 Stremonium

186 1165 508 1229 episcopum
572 1161 1105 1230 prlrdicatoremque,
1137 1158 1340 1228 primus
1378 1156 1658 1226 cpiscopus
1684 1157 1784 1213 Ur-

187 1251 350 1306 bicus
382 1251 504 1316 fuit,
517 1266 580 1306 ex
603 1249 944 1304 senatoribus
965 1263 1278 1310 conversus,
1304 1263 1524 1302 uxorem
1555 1248 1779 1312 habens,

185 1359 316 1413 qua:
337 1344 490 1414 juxta
518 1341 958 1399 consuetudinem
1005 1341 1446 1402 ecclesiasticam,
1498 1348 1700 1393 remota
1750 1355 1779 1391 a

187 1435 476 1488 consortio
499 1433 797 1488 sacerdotis
825 1433 934 1503 30
963 1432 1211 1501 religiose
1242 1430 1472 1485 vivebat.
1507 1430 1782 1484 Vacabant

191 1525 353 1577 enim
401 1525 553 1578 ambo
606 1523 861 1586 orationi,
928 1521 1304 1592 eleemosynis,
1328 1531 1487 1590 atque
1534 1521 1783 1587 operibus

202 1615 400 1670 hortis.
431 1615 662 1685 Cumque
695 1615 808 1669 ba-c
835 1623 1088 1683 agerent,
1113 1614 1493 1676 livoriuimici,
1526 1613 1614 1682 qui
1642 1629 1782 1666 sem-

1890 418 2156 493 propriam
2181 426 2266 472 est
2291 434 2586 488 reversus;
2614 423 2701 489 qui
2731 423 2951 491 impleto
2998 425 3124 480 vita:
3168 441 3328 482 cursu
3360 432 3462 482 mi-

1886 509 2106 577 gravita
2137 508 2356 562 sarculo.
2381 509 2510 562 Nata
2541 519 2626 564 est
2645 512 2786 564 enim
2819 513 2886 566 ab
2913 516 3012 566 hoc
3029 517 3312 570 concubitu
3342 529 3363 554 ι·
3397 517 3462 572 ﬁ-

1887 598 1976 664 lia,
2006 615 2126 667 quin
2149 601 2201 653 in
2225 601 2481 670 religione
2501 607 2808 670 permansit.
2842 605 2956 673 Ipse
2975 624 3188 677 quoque
3208 612 3463 666 sacerdos

1885 707 2005 747 cum
2033 692 2261 764 conjuge
2287 703 2341 748 et
2364 695 2469 748 lilia
2500 695 2551 749 in
2575 707 2757 767 crypta
2784 699 3209 755 Cantobennensi
3249 701 3292 766 ΐ,
3313 706 3461 770 juxta

1888 799 2134 853 aggerem
2160 785 2429 855 publicum
2456 796 2481 834 8
2513 798 2595 841 est
2641 791 2897 858 sepultus.
2928 791 2981 845 In
3013 794 3164 861 cujus
3213 795 3329 851 loco
3359 798 3463 851 Lc-

1885 895 2056 950 gonus
2082 877 2112 917 δ
2134 880 2419 950 episcopus
2440 882 2777 952 subrogatur.

1958 970 2070 1025 XL.
2103 972 2220 1037 Quo
2241 971 2512 1038 defuncto,
2552 986 2768 1027 sanctus
2807 974 3050 1029 l-lillidius
3078 977 3349 1040 successit,
3383 978 3461 1032 vir

1887 1063 2101 1116 eximite
2129 1063 2426 1116 sanctitatis
2453 1078 2515 1117 ac
2545 1065 2812 1130 praeclarae
2859 1067 3094 1134 virtutis,
3115 1070 3202 1136 qui
3237 1071 3286 1122 in
3318 1081 3459 1121 tanta

1885 1153 2166 1208 sanctitate
2188 1154 2426 1217 emicuit,
2453 1166 2508 1206 ut
2538 1154 2672 1208 fama
2712 1156 2830 1226 ejus
2854 1157 3014 1210 etiam
3045 1168 3328 1215 extraneos
3355 1163 3458 1232 31

1890 1242 2025 1296 lines
2049 1243 2224 1299 adiret
2255 1260 2269 1297 :
2299 1243 2438 1297 unde
2465 1241 2661 1299 factum
2692 1255 2795 1304 est,
2827 1257 2884 1298 ut
2917 1245 2935 1283 ί
2970 1247 3305 1316 imperatoris
3333 1250 3463 1303 Tre-

1885 1336 2050 1390 verici
2079 1336 2238 1390 ﬁliam
2273 1337 2543 1402 expetitus
2571 1353 2598 1388 a
2650 1339 2836 1404 spiritu
2898 1340 3170 1394 immundo
3225 1355 3460 1408 curaret,

1886 1427 2025 1494 quod
2058 1427 2109 1479 in
2141 1427 2277 1481 libro
2307 1427 2420 1490 illo,
2451 1444 2606 1496 quem
2636 1430 2703 1482 de
2731 1429 2846 1495 ejus
2880 1431 2996 1483 Vita
3019 1435 3458 1500 conscripsimus,

1887 1522 2323 1574 memoravimus.
2357 1520 2473 1575 Fuit
2507 1530 2709 1585 autem,
2741 1532 2797 1575 ut
2819 1521 2957 1576 fama
2981 1523 3162 1589 refert,
3197 1527 3347 1581 valde
3375 1542 3462 1579 se-

1889 1628 1989 1666 nex
2019 1624 2073 1667 et
2097 1613 2284 1682 plenus
2312 1612 2544 1680 dierum,
2570 1615 2863 1681 plenusque
2891 1615 3041 1669 bonis
3071 1617 3342 1685 operibus,
3369 1619 3460 1686 qui

197 1724 308 1779 per
329 1721 414 1764 est
441 1711 658 1764 aemulus
682 1709 972 1770 sanctitati,
1003 1717 1374 1762 commovetur
1399 1707 1452 1760 in
1481 1705 1734 1761 feminam
1763 1723 1778 1760 :
1816 1712 1860 1770 Β
1893 1703 2030 1757 lelici
2061 1705 2542 1766 consummatione,
2575 1705 2695 1758 vitm
2728 1705 2882 1774 hujus
2907 1708 3209 1774 perfunctus
3227 1708 3460 1776 tramite,

199 1801 930 1870 qraminconcupiscentiam
945 1802 1039 1855 viri
1053 1799 1599 1864 succendensmovam
1621 1799 1784 1852 Evam
1889 1797 2130 1866 migravit
2155 1797 2220 1850 ad
2249 1798 2542 1862 Christum,
2567 1799 2910 1866 sepultusque
2953 1801 3002 1852 in
3033 1811 3238 1869 crypta,
3269 1803 3460 1855 subur-

198 1894 396 1950 eﬂicit.
427 1895 557 1949 Nam
601 1909 857 1949 succensa
887 1894 1077 1948 mulier
1110 1908 1139 1947 a
1171 1893 1424 1958 libidine,
1446 1903 1631 1962 operta
1662 1908 1786 1961 pec-
1889 1889 2026 1942 bano
2054 1888 2070 1938 Ι
2105 1889 2506 1948 civitatisillius.
2528 1889 2717 1944 llabuit
2741 1900 2913 1944 autem
2937 1902 2988 1945 et
3010 1891 3457 1958 arcliitliaconum,

199 1985 310 2036 cati
337 1985 592 2048 tenebris,
629 1983 800 2054 pergit
826 1984 890 2036 ad
915 1983 1128 2036 domum
1148 1982 1388 2038 ecl-lesiac
1418 1998 1511 2050 per
1539 1984 1786 2038 tenebras
1889 1977 2103 2032 nomine
2133 1989 2188 2032 et
2207 1979 2399 2032 tncrito
2421 1979 2627 2033 .lu~tum
2659 1978 2704 2044 ",
2737 1983 2824 2046 qui
2849 1993 2900 2036 et
2921 1998 3132 2036 cursum
3158 1985 3278 2037 vitm
3308 1985 3458 2039 bonis

199 2075 406 2130 metis.
436 2077 675 2145 Cumque
725 2076 970 2130 obserata
1011 2077 1187 2129 omnia
1239 2073 1548 2142 reperisset,
1571 2074 1786 2143 pulsare
1887 2087 2264 2127 consummatis
2290 2073 2558 2140 operibus,
2588 2075 2821 2142 magistri
2849 2074 3048 2130 tumulo
3067 2077 3314 2130 sociatur.
3341 2078 3458 2130 Jam

197 2165 354 2222 fores
398 2167 642 2222 ecclesizc
691 2167 883 2221 domus
929 2167 1112 2235 ctepit,
1167 2180 1230 2218 ac
1282 2180 1441 2219 voces
1485 2165 1784 2232 ItlljUStllOtIi
1887 2179 2014 2218 vero
2045 2174 2161 2232 post
2182 2165 2458 2219 transitum
2493 2166 2628 2220 beati
2663 2165 3320 2234 llillidiiconlessoris,ad
3344 2170 3457 2240 glo-

194 2259 341 2315 dare
370 2280 386 2315 :
415 2262 703 2328 Quousque
750 2259 1004 2314 sacerdos
1052 2258 1299 2312 dormis?
1327 2273 1601 2327 quousque
1649 2258 1784 2311 ostia
1887 2259 2084 2312 riosum
2117 2257 2233 2326 ejus
2271 2258 2572 2322 sepulcrum
2621 2266 2782 2310 tantae
2832 2258 3052 2312 virtutes
3094 2271 3374 2328 apparent,
3401 2271 3457 2315 ut

195 2354 392 2406 clausa
412 2371 509 2408 non
535 2368 750 2409 reseras
770 2354 792 2405 ?
815 2369 909 2406 cur
936 2351 1214 2422 conjugem
1248 2361 1269 2388 ο
1295 2351 1542 2419 spernis?
1571 2365 1666 2403 cur
1691 2349 1783 2404 ob-
1885 2329 1988 2402 nec
2008 2347 2164 2403 scribi
2191 2348 2395 2417 integre
2417 2357 2634 2417 queant,
2661 2365 2758 2404 nec
2777 2352 3028 2406 memoria
3058 2353 3294 2408 retineri.
3327 2357 3456 2408 lluic

194 2445 412 2499 duratis
433 2448 649 2500 anrilms
678 2445 825 2499 Pauli
870 2455 1132 2514 prtecepta
1177 2458 1278 2496 non
1327 2442 1524 2497 audis?
1555 2441 1787 2510 Scripsit
1888 2450 2100 2495 sanctus
2128 2440 2452 2506 Nepotianus
2473 2441 2746 2496 successit.

194 2540 349 2592 cnim
386 2539 757 2593 :Revertimini
798 2540 867 2591 ad
887 2539 1208 2598 alterutrum,
1240 2553 1302 2590 ne
1331 2547 1482 2590 tentet
1507 2553 1594 2589 vos
1629 2536 1787 2590 Sata-
1930 2530 2095 2585 λιι.
2137 2531 2298 2600 Igitur
2348 2531 2484 2600 apud
2537 2537 2805 2587 Arvernos
2855 2545 3070 2589 sanctus
3123 2536 3456 2606 Nepotianus

193 2643 319 2680 ω.
351 2630 486 2682 Ecce
507 2645 606 2700 ego
630 2631 701 2683 ad
734 2641 786 2682 te
807 2639 1071 2690 revertor,
1100 2643 1198 2684 nec
1221 2628 1285 2680 ad
1314 2637 1656 2692 extraneum,
1689 2631 1783 2681 sed
1888 2628 2141 2696 quartusl
2163 2630 2456 2685 habebatur
2475 2632 2775 2700 episcopus.
2805 2632 2850 2686 A
2875 2633 3118 2687 Treveris
3149 2651 3274 2690 vero
3298 2638 3455 2706 lc'gati

193 2719 268 2769 ad
306 2719 578 2788 proprium
615 2736 708 2771 vas
732 2734 972 2774 recurro.
1000 2720 1120 2773 [late
1143 2729 1198 2774 et
1226 2719 1309 2773 his
1339 2720 1534 2773 similia
1568 2720 1656 2773 diu
1685 2719 1784 2774 tle-
1889 2722 1940 2776 in
1975 2722 2278 2791 Hispaniam
2317 2723 2664 2777 mittebantur
2689 2740 2704 2777 :
2732 2740 2794 2777 ex
2823 2725 3014 2793 quibus
3046 2727 3312 2781 Artemius
3339 2732 3455 2795 qui-

193 2809 459 2863 elarnanti
491 2808 541 2874 ἀ,
570 2812 787 2865 tandem
811 2811 1110 2865 sacerdotis
1145 2813 1366 2876 tepescit
1397 2811 1601 2880 religio.
1629 2811 1788 2865 Jubet
1888 2815 2032 2880 dam,
2063 2816 2393 2870 admirabilis
2437 2817 2712 2883 sapientia:
2758 2827 2916 2886 atque
2946 2816 3374 2888 pulchritud’nis,
3399 2831 3455 2874 et

194 2916 323 2954 eam
361 2903 608 2958 cubiculo
650 2903 954 2965 intromitti,
981 2919 1213 2974 ususque
1235 2904 1518 2958 concubitu
1539 2905 1656 2974 ejus
1680 2905 1787 2957 dis-
1890 2908 2058 2976 prima
2089 2913 2248 2960 aetate
2277 2905 2492 2968 ﬂorens,
2520 2906 2566 2958 vi
2598 2906 2820 2960 febrium
2871 2917 2952 2960 est
2979 2918 3272 2976 correptus.
3307 2909 3452 2964 Prte-

198 2995 406 3051 cedere
437 2997 610 3068 jubet.
646 2997 852 3052 Dehinc
896 2998 1097 3052 tardius
1117 2999 1179 3050 a'l
1224 3012 1283 3051 se
1327 3012 1594 3056 reversos.
1624 3006 1680 3052 et
1717 2997 1786 3051 de
1888 2998 2202 3054 cedentibus
2231 3013 2357 3053 vero
2378 2997 2522 3061 aliis,
2550 2997 2635 3052 hic
2655 2999 2791 3066 apud
2822 3000 3086 3053 Arvernos
3116 3013 3344 3070 aegrotus
3371 3018 3454 3058 re.

199 3097 514 3151 Perpetrato
540 3089 746 3143 scelere
776 3088 1092 3150 condolens,
1120 3097 1336 3142 acturus
1392 3089 1781 3155 ptenitentiam,
1815 3092 1860 3153 C
1891 3092 2166 3160 linquitur.
2190 3089 2318 3143 Nam
2341 3105 2406 3145 eo
2437 3099 2678 3159 tempore
2708 3092 2846 3160 apud
2893 3092 3155 3147 Treveros
3206 3098 3440 3164 sponSali

203 3175 459 3234 Iimcesis
477 3195 590 3234 sua:
625 3181 1006 3235 monasterium
1065 3179 1306 3248 expetit:
1335 3178 1511 3249 ibique
1536 3193 1655 3232 cum
1693 3195 1783 3248 ge-

284 3347 311 3373 ⁶
347 3339 484 3392 Idem
514 3340 665 3401 eod.,
699 3341 865 3393 sedem
890 3339 986 3391 sibi
1008 3341 1335 3393 constituens.

279 3406 310 3446 δ
348 3408 444 3465 Hic
468 3412 670 3465 desinit
702 3411 869 3464 liberi
902 3411 952 3463 in
994 3412 1114 3462 cod.
1164 3409 1350 3476 Regio.
1380 3408 1584 3463 Caetera
1617 3425 1786 3479 usque

209 3479 278 3531 ad
311 3481 506 3535 librum
531 3497 570 3534 ιι
601 3481 794 3536 desunt
822 3519 836 3542 ,
868 3489 1060 3546 praeter
1101 3481 1427 3543 clausulam;
1465 3479 1688 3549 Eaplicit
1714 3484 1784 3536 li-

211 3551 297 3602 ber
323 3567 338 3603 t
363 3568 394 3603 a
422 3552 684 3617 principio
709 3551 887 3604 mundi
915 3552 1148 3619 usquead
1161 3551 1428 3604 transitum
1449 3553 1611 3605 sancti
1643 3552 1790 3606 Mar—

213 3621 328 3681 tini.
360 3633 722 3690 computantur
746 3620 1042 3679 anni5546.
1068 3622 1121 3674 In
1145 3624 1264 3676 cod.
1290 3636 1416 3675 vero
1444 3622 1605 3676 Corb.
1633 3624 1785 3677 omit-

212 3699 396 3744 tuntur
424 3703 658 3756 quatuor
687 3691 962 3761 sequentia
999 3692 1254 3758 capitula,
1316 3691 1410 3747 sed
1463 3692 1787 3747 habeturul-

214 3762 421 3815 timum.
448 3764 506 3816 In
539 3763 796 3816 Vaticano
817 3763 1197 3817 codiceeadem
1222 3765 1783 3833 quatuorcapita,qute

214 3844 319 3885 non
345 3833 503 3887 habet
525 3834 696 3888 codex
715 3834 1066 3896 Corbeieusis,
1087 3835 1476 3888 desiderantur.
1510 3834 1602 3888 llic
1626 3849 1787 3901 porro

216 3903 474 3956 adnotare
513 3905 674 3958 liceat
719 3904 960 3972 quaedam
992 3906 1091 3958 alia
1139 3905 1311 3962 capita
1349 3917 1470 3971 quae
1506 3904 1558 3957 in
1596 3905 1783 3959 eodem

219 3973 402 4028 codice
433 3974 693 4026 Vaticano
721 3975 912 4027 desunt
959 3975 1011 4027 in
1045 3975 1314 4031 prioribus
1343 3975 1582 4041 Gregorii
1611 3975 1786 4037 libris.

219 4044 382 4111 quod,
409 4045 661 4112 catalogo
695 4059 878 4098 eorum
904 4044 1134 4098 nondum
1162 4053 1400 4112 recepto,
1429 4059 1493 4098 ea
1519 4047 1628 4098 suis
1658 4047 1788 4100 locis

221 4115 494 4184 assignare
521 4116 602 4168 l'as
632 4131 738 4169 non
785 4115 960 4168 fuerit.
987 4115 1170 4182 Itaque
1199 4125 1396 4184 praeter
1439 4124 1668 4182 quatuor
1700 4131 1788 4170 ca-

225 4186 323 4252 pita
340 4197 636 4239 memorata
662 4200 780 4254 qua:
805 4185 854 4236 in
883 4187 1018 4240 libro
1041 4189 1211 4248 primo
1241 4202 1342 4238 non
1376 4185 1663 4246 habentur.
1692 4189 1784 4240 de-

225 4257 413 4310 suntiu
441 4256 584 4310 libro
613 4272 649 4309 ll
681 4256 850 4323 capita
887 4254 976 4322 14,
1006 4255 1096 4322 15,
1123 4256 1208 4316 16.
1242 4257 1328 4322 l7,
1358 4255 1449 4322 21,
1476 4255 1568 4317 '22,
1595 4255 1688 4322 23,
1718 4257 1788 4310 ‘26

227 4327 406 4388 Q39;
451 4329 629 4393 capita
673 4328 844 4380 verni
876 4330 987 4380 etii
1029 4343 1133 4380 non
1184 4329 1395 4393 quidem
1442 4337 1652 4382 exstant
1691 4343 1790 4381 suo

229 4396 358 4463 loco,
379 4397 476 4451 sed
507 4398 558 4449 in
586 4399 693 4452 line
716 4395 832 4450 libri
858 4397 1139 4451 habentur.
1165 4397 1220 4449 In
1244 4398 1380 4451 libro
1409 4413 1458 4450 tv
1498 4397 1792 4451 desuntca-

1892 3192 2006 3238 erat
2033 3181 2244 3236 vinculo
2274 3196 2459 3236 nexus.
2492 3185 2528 3236 Α
2557 3191 2741 3236 sancto
2785 3193 2960 3238 autem
3008 3184 3299 3255 Nepotiane
3333 3187 3454 3242 visi-

1888 3338 2314 3411 Claromontensi
2347 3338 2588 3411 safculari
2621 3346 2740 3407 toga
2758 3339 2954 3394 donato
2983 3343 3218 3410 regulam
3243 3345 3454 3411 eiurare.

1887 3411 2194 3482 noluerunt.
2222 3409 2282 3482 In,
2315 3409 2501 3482 eodem
2554 3418 2729 3482 tamen
2773 3411 2973 3475 libello,
2999 3409 3116 3482 cap.
3145 3416 3197 3476 8,
3237 3409 3455 3470 sanctus

1891 3480 2110 3534 Urbicus
2139 3481 2376 3543 sepultus
2404 3480 2595 3533 dicitur
2621 3480 2670 3534 in
2702 3483 2921 3536 ecclesia
2963 3480 3132 3538 sancti
3163 3485 3318 3549 Galli,
3357 3489 3455 3543 sed

1884 3549 1991 3615 jam
2025 3551 2157 3604 forte
2180 3550 2296 3604 loco
2324 3559 2502 3605 motus
2553 3553 2738 3606 fuerat.
2775 3551 2842 3605 Et
2867 3553 3078 3621 quidem
3124 3566 3304 3615 postea
3355 3559 3449 3611 ite.-

1888 3636 2001 3674 rum
2028 3624 2312 3674 translatus
2333 3633 2413 3675 est
2445 3623 2494 3672 in
2518 3623 2794 3676 ecclesiam
2815 3624 2981 3677 sancti
3016 3624 3190 3679 lllidii.
3217 3627 3289 3681 De
3317 3627 3454 3682 Can-

1889 3691 2213 3764 t_ob_ennensi_
2233 3693 2552 3764 monasterio
2583 3693 2762 3764 agitur
2810 3694 2945 3747 infra
2974 3693 3065 3748 lib.
3100 3712 3156 3758 ti,
3192 3712 3306 3764 cap.
3358 3701 3451 3752 2t.

1890 3760 2331 3834 Iiobertusabbas
2357 3762 2767 3834 Cantiuobensis
2809 3775 3136 3818 memoratur
3161 3767 3212 3818 in
3255 3760 3454 3834 appon-

1886 3830 2012 3906 dice
2031 3832 2093 3884 ad
2118 3833 2398 3906 Historiam
2419 3833 2802 3906 “translationis
2841 3835 2898 3888 S.
2927 3837 3286 3906 Austremonii
3309 3830 3448 3906 apud

1887 3900 2053 3972 Labb.
2085 3911 2214 3972 tum.
2248 3900 2288 3954 II
2320 3902 2566 3972 Bibliotli.
2597 3917 2767 3972 novze,
2795 3919 2917 3972 pag.
2953 3905 3077 3958 506.

1960 3982 1985 4019 κ
2019 3971 2288 4046 Editiduo
2345 3971 2558 4046 habent,
2604 3971 2936 4046 Paliliauuin.
2989 3975 3204 4036 Aggeris
3256 3979 3452 4046 publici

1887 4045 2102 4110 noniine
2131 4042 2476 4109 designantur
2506 4043 2604 4093 via!
2633 4043 2857 4110 publica:
2886 4057 2978 4097 seu
3004 4042 3280 4100 militares.

1957 4109 1985 4150 ιι
2013 4117 2092 4166 Au
2125 4123 2340 4166 sanctus
2360 4109 2670 4180 Linguinus,
2699 4115 2786 4179 qui
2815 4114 2866 4166 in
2897 4118 3119 4168 ecclesia
3149 4120 3314 4172 sancti
3345 4119 3478 4173 νε·-

1889 4182 2107 4238 nerandi
2138 4183 2375 4249 sepultus
2416 4184 2609 4236 dicitur
2647 4198 2765 4252 cap.
2795 4185 2860 4238 10
2885 4185 3000 4239 libri
3042 4202 3058 4239 ι
3098 4186 3165 4240 de
3211 4191 3451 4244 ecclesiis

1891 4256 2316 4308 Claromoutens.
2353 4253 2498 4306 Hunc
2545 4254 2715 4321 potius
2745 4270 2864 4308 esse
2912 4255 3196 4312 Liminium
3248 4272 3453 4314 martv—

1890 4341 2000 4380 rem
2027 4335 2186 4397 putat
2216 4324 2444 4397 savaro,
2475 4335 2528 4397 e_t
2555 4324 2764 4397 quidem
2800 4327 2889 4378 lih.
2916 4342 2972 4388 ll,
2995 4343 3111 4391 cap.
3144 4331 3228 4397 18,
3255 4321 3454 4384 mem'o-

1892 4394 2040 4449 ratur
2079 4395 2300 4450 ecclesia
2343 4395 2511 4449 sancti
2551 4394 2863 4463 Leogontii,
2911 4399 2996 4450 ubi
3042 4401 3179 4453 idem
3217 4394 3450 4464 Sanctus,

233 4462 351 4534 pita
374 4477 631 4535 quatuor,
670 4468 875 4537 scilicet
900 4465 952 4530 5,
982 4467 1035 4528 6,
1062 4467 1115 4532 7,
1140 4467 1226 4522 η.
1276 4467 1330 4522 lu
1372 4469 1554 4534 quinto
1596 4470 1790 4522 εΙθμιιιιι
1817 4462 1865 4522 D
1889 4481 2047 4536 quem
2090 4464 2331 4534 Gregorii
2367 4464 2638 4535 Legonum
2670 4462 2794 4520 esse
2828 4477 2974 4536 putat
3017 4469 3237 4537 Savaro,
3262 4462 3454 4528 dicitur

234 4538 499 4605 tredecim,
533 4553 726 4605 netnpe
759 4536 814 4602 5,
837 4539 889 4602 7,
911 4537 963 4599 9,
994 4538 1081 4600 10,
1116 4538 1203 4604 12,
1232 4539 1321 4598 53,
1343 4537 1428 4599 57,
1461 4538 1551 4602 58,
1581 4537 1669 4601 41,
1694 4539 1784 4604 45,

238 4603 318 4670 46.
339 4610 426 4669 87,
453 4609 543 4661 49.
577 4603 780 4662 Caetera
807 4610 916 4662 suis
947 4606 1073 4660 Iocis
1095 4603 1437 4663 annotantur.

301 4689 321 4716 ⁸
351 4681 473 4734 Hec.
501 4688 556 4734 et
586 4681 794 4750 “egon,
817 4679 1182 4750 cursatcllitem
1203 4678 1462 4750 spernis...
1486 4695 1575 4732 cur
1598 4679 1793 4732 obtura-

241 4751 315 4815 tis,
340 4761 483 4814 etc.;
512 4749 811 4818 supracap.
841 4749 875 4802 9.
893 4789 910 4812 ,
940 4750 1020 4802 vir
1041 4750 1242 4803 satelles
1273 4751 1587 4818 appellatur.
1611 4751 1788 4805 Codex

242 4820 426 4874 'l'uron.
466 4821 627 4874 habet
650 4819 809 4874 etiam
848 4836 940 4872 cur
963 4820 1256 4883 satellitem,
1291 4831 1396 4874 etc.

303 4889 471 4944 dCod.
505 4889 662 4954 Reg"
689 4889 1021 4954 declamante,
1053 4891 1255 4943 tandem
1302 4891 1538 4943 sacerdos
1593 4893 1795 4955 tepescit

245 4961 525 5030 relig‘uaua;
542 4962 784 5028 iubetque
831 4976 941 5014 eam
967 4960 1256 5014 cubiculum
1285 4960 1516 5022 introire,
1546 4971 1656 5030 post
1677 4977 1796 5014 con-

246 5032 444 5084 cubitum
470 5046 589 5084 vero
612 5031 884 5084 discedere.

308 5101 446 5156 ‘Ed.
485 5112 540 5156 et
587 5101 738 5165 Bec.,
788 5109 1054 5170 conceptu,
1109 5101 1509 5156 Observandum
1559 5101 1646 5156 hic
1686 5103 1797 5154 reli-

249 5173 391 5240 gionis
414 5187 605 5228 vocem
629 5174 692 5225 ad
717 5172 1121 5240 exprimendum
1145 5172 1261 5226 vita
1289 5172 1574 5226 sanctioris
1598 5182 1792 5225 statum

248 5242 538 5313 adhibitam.
572 5242 726 5309 Quod
756 5254 810 5313 et
832 5244 1028 5310 saepius
1049 5241 1337 5313 Gregorius
1361 5243 1714 5308 facitpassim.

212 5335 226 5381 ξ
312 5310 488 5367 τουσι.
535 5315 707 5379 Begu,
739 5310 1345 5381 Calabennensifllad”
1395 5313 1786 5378 Cantobouensi,

211 5369 227 5452 ξ
251 5383 381 5452 vulgo
409 5369 794 5446 Chantoia,'ubi
821 5384 1022 5436 exstitit
1050 5369 1226 5448 postea
1252 5369 1630 5438 monasterium
1655 5369 1790 5450 poet:

184 5449 224 5510 λέ
248 5449 423 5526 larum,
442 5455 600 5526 cujus
637 5454 862 5509 ecclesia
881 5453 1053 5526 dicata
1079 5453 1174 5508 fuit
1199 5465 1384 5526 s_ant'to
1408 5456 1582 5518 Petro,
1613 5449 1669 5526 ut
1699 5453 1792 5505 ha-

249 5523 378 5595 betur
411 5525 465 5579 in
507 5523 1143 5595 catalogoecclesiarum
1195 5523 1720 5595 _Claromontensium
1760 5539 1789 5575 a

249 5591 496 5651 Sararoue
536 5591 711 5659 edito,
764 5594 858 5650 lib.
901 5609 953 5659 ι,
990 5608 1107 5662 cap.
1146 5593 1235 5648 26.
1286 5595 1396 5650 lluc
1456 5603 1792 5648 secesserunt

247 5665 464 5722 canonici
495 5666 771 5737 regulares
797 5663 1040 5722 ecclesia:
1067 5664 1403 5732 cathedralis,
1442 5667 1529 5735 qui
1559 5664 1792 5734 capitulo

1926 4551 2180 4592 “IPSCBI‘B.

1887 4553 2180 4608 quiescere.

1965 4604 1982 4644 ί
2011 4606 2104 4662 Sic
2128 4607 2250 4662 cod.
2283 4605 2468 4676 Regm.
2493 4614 2550 4661 et
2576 4605 2706 4660 edit.
2760 4607 2890 4660 Bari.
2918 4625 2932 4670 ;
2964 4611 3164 4676 cmteri,
3189 4621 3242 4664 ut
3271 4614 3332 4666 ab
3361 4615 3455 4666 im-

1889 4677 2415 4748 peratorisiTreverici
2443 4679 2553 4748 ﬁlia
2572 4679 2844 4748 expetitus,
2872 4691 2928 4732 ut
2958 4685 3162 4748 spiritu,
3191 4695 3295 4736 etc.

1967 4747 1982 4821 ξ
2146 4747 2274 4802 Bad.
2290 4748 2446 4821 habet
2468 4747 2705 4802 suburbio
2722 4767 2740 4811 ;
2760 4751 2881 4821 cod.
2899 4747 3107 4821 Regni”
3135 4755 3424 4806 suburban':
3438 4795 3450 4807 .

1971 4816 1995 4854 ιε
2026 4817 2352 4888 Memoratur
2375 4820 2514 4873 inter
2548 4828 2760 4872 sanctos
2799 4820 2885 4888 qui
2918 4816 3235 4876 in'ecclesia
3260 4823 3318 4877 S.
3350 4825 3453 4875 llli-

1897 4887 1970 4941 dii
1993 4887 2359 4956 quiescebant,
2387 4888 2479 4942 lib.
2507 4903 2526 4943 ι
2553 4890 2618 4943 de
2645 4887 2839 4944 ecclcs.
2871 4888 3221 4952 Claromont.,
3248 4909 3364 4958 cap.
3393 4911 3453 4955 η,
3523 4904 3528 4909 ‘

1897 4973 2194 5028 quanquam
2224 4958 2503 5026 episcopus
2553 4959 2806 5014 mendose
2857 4961 2908 5012 in
2952 4962 3290 5026 iltscrrpintte
3317 4963 3449 5014 dici-

1899 5027 2006 5082 tur.
2038 5027 2149 5082 Nisi
2203 5028 2337 5082 forte
2364 5029 2470 5082 duo
2492 5029 2611 5098 isint
2640 5028 2800 5094 Justi,
2842 5044 2982 5083 unus
3029 5031 3453 5098 archidiacoum,

1897 5108 1953 5152 et
1972 5099 2105 5152 alter
2129 5099 2429 5166 episcopus.
2461 5097 2590 5151 Nam
2619 5109 2674 5153 et
2713 5101 2765 5152 in
2803 5104 2992 5151 eodem
3027 5099 3183 5164 libro,
3215 5116 3330 5168 cap.
3364 5097 3451 5166 M,

1897 5169 2078 5224 Justus
2105 5170 2158 5223 in
2187 5169 2412 5222 ecclesia
2436 5168 2494 5222 S.
2523 5170 2694 5238 Cyrici
2721 5168 2996 5238 quiescere
3011 5170 3220 5223 dicitttr.
3257 5171 3317 5228 V.
3351 5175 3436 5225 Sir

1898 5243 2078 5293 moud.
2115 5239 2164 5291 in
2195 5253 2280 5305 ep.
2309 5255 2364 5298 tt.
2390 5238 2482 5293 lib.
2517 5237 2588 5291 tv.
2621 5239 2821 5292 Sidonii
2863 5237 2996 5290 Justi
3030 5240 3218 5293 festum
3251 5242 3303 5296 in
3356 5245 3460 5296 llli-

1894 5309 2066 5365 dianis
2098 5309 2287 5363 tabulis
2309 5309 2394 5361 die
2434 5308 2498 5362 12
2524 5307 2642 5360 Kal.
2672 5307 2982 5360 Novembris
3005 5324 3348 5367 memoratur.
3385 5313 3461 5370 De

1894 5382 1952 5435 S.
1987 5379 2153 5450 lllidio
2175 5380 2320 5447 plura
2343 5379 2582 5450 dicemus
2603 5377 2670 5432 ad
2705 5378 2822 5446 ejus
2847 5379 3034 5450 Vitam,
3057 5395 3180 5449 quae
3211 5393 3295 5436 est
3321 5385 3462 5439 inter

1901 5450 2046 5504 Vitas
2074 5449 2310 5514 Patrum,
2331 5464 2450 5517 cap.
2474 5448 2529 5500 2.

1973 5518 1988 5558 ι
2025 5519 2197 5595 Etiam
2224 5523 2372 5587 juxta
2395 5517 2638 5595 Gregorii
2669 5518 2927 5595 calculum
2957 5520 3280 5595 Nepotianus
3305 5541 3431 5595 quin

1889 5603 1976 5666 tus
1999 5601 2082 5666 est
2102 5593 2460 5666 antemarum
2485 5589 2894 5666 episcopus._l)e
2922 5589 3303 5666 ejussepulcro
3325 5589 3456 5649 "vide.

1889 5664 1962 5719 lib
2013 5661 2081 5721 do
2109 5661 2286 5719 Gloria
2313 5660 2582 5729 Gouless-,
2605 5675 2724 5732 cap.
2746 5661 2836 5717 57.
