3994 6194
558 230 659 284 εδδ

1545 228 1602 281 s.
1642 226 1967 282 caecouu
2010 186 2327 281 sptscom
2367 224 2794 284 ruuouensrs

3719 223 3823 281 £94

554 358 714 412 tants,
742 355 903 418 atque
933 348 1052 404 oleo
1075 355 1259 401 sancto
1279 356 1592 416 perunctus,
1617 346 1883 399 tribuente
1909 345 2130 397 Domino
2162 344 2207 402 A
2240 344 2400 397 bucrc
2423 354 2695 412 parentes,
2713 352 2769 397 et
2791 342 2853 398 ad
2876 343 3265 415 propagandam
3291 341 3689 415 generationem
3712 342 3823 414 33

554 446 793 499 redditur
816 443 1047 499 sanitati.
1086 442 1185 509 Qui
1216 457 1336 495 cum
1368 441 1437 495 ab
1466 441 1654 495 eodem
1699 452 1885 493 saucio
1911 440 2129 491 verbum

556 535 951 605 prmdicationis
980 535 1296 602 accepisset,
1323 533 1521 587 oblitus
1544 541 1650 586 tam
1675 546 1925 600 Sponsam
1958 539 2127 584 terre—

556 644 703 694 num,
760 642 916 694 quam
962 627 1239 679 facultates
1294 624 1559 692 proprias,
1596 632 1795 677 sancta:
1849 622 2133 690 copulatur

560 720 834 780 Ecclesim,
870 718 1147 786 factusque
1172 718 1399 771 clericus
1451 717 1502 770 iu
1554 725 1696 769 tanta
1745 717 1996 784 praelatus
2050 725 2133 769 est

558 812 861 877 sanctitate,
894 819 949 863 ut
972 810 1126 863 beato
1155 808 1451 876 Nepotiano
1475 820 1757 861 successor
1782 807 2039 861 existeret
2063 806 2131 860 ad

559 907 821 969 regendas
850 901 1026 970 gregis
1060 900 1317 954 Dominici
1351 903 1531 953 caulas
1562 908 1610 951 ι.

629 991 786 1047 χιιι.
822 990 925 1046 Per
948 993 1084 1045 idem
1112 1002 1321 1058 tempus
1352 992 1646 1059 lnjuriosus
1691 990 1906 1059 quidam
1937 991 2004 1044 de
2044 1008 2125 1046 se-

556 1084 833 1140 natoribus
864 1084 1139 1149 Arvernis,
1170 1098 1289 1137 cum
1323 1084 1527 1152 magnis
1554 1084 1744 1152 opibus
1767 1085 1999 1138 similem
2026 1085 2129 1139 sibi

557 1178 611 1232 in
639 1175 887 1245 coniugio
909 1175 1133 1243 puellam
1156 1174 1395 1241 expetiit,
1416 1174 1646 1245 datoque
1674 1176 1957 1240 arrabone,
1986 1175 2129 1230 diem

556 1269 830 1324 constituit
857 1270 1178 1336 nuptiarum.
1208 1268 1328 1320 Erat
1368 1277 1546 1322 autem
1571 1278 1801 1338 uterque
1824 1269 2010 1323 unicus
2040 1284 2132 1338 pa-

557 1361 644 1415 tri.
674 1362 1005 1415 Advenicnte
1035 1360 1284 1424 verodic,
1316 1360 1583 1415 celebrata
1608 1362 1911 1429 nuptiarum
1944 1362 2132 1416 solem-

556 1456 747 1518 nitate,
779 1455 967 1508 inuno
1003 1462 1172 1509 strato
1229 1469 1297 1508 ex
1358 1467 1508 1509 more
1553 1454 1813 1508 locantur.
1869 1455 1975 1525 32
2024 1454 2130 1510 Sed

554 1552 727 1623 puella
752 1551 982 1619 graviter
1002 1552 1336 1614 contristata,
1368 1565 1553 1605 aversa
1579 1549 1643 1604 ad
1678 1551 1949 1618 parietem,
1980 1567 2129 1605 ama-

555 1643 769 1698 rissime
798 1642 975 1697 ﬂebat.
1029 1643 1123 1696 Cui
1181 1642 1269 1696 illc
1294 1659 1308 1694 :
1335 1642 1495 1707 Quid,
1528 1643 1717 1712 inquit,
1748 1643 2019 1697 turbaris?
2042 1645 2127 1699 In-

2234 432 2555 503 conjungerc
2575 435 2893 500 voluerunt,
2927 451 2991 489 ne
3020 434 3397 489 recedentibus
3425 434 3501 487 eis
3527 435 3595 488 de
3616 435 3824 489 mundo

2232 526 2540 580 succederet
2573 526 2740 580 haeres
2766 537 3073 580 extraneos.
3094 526 3193 581 Cui
3228 526 3315 579 illa
3342 543 3356 580 :
3386 524 3523 579 Nihil
3555 534 3637 579 cst
3658 541 3817 579 mun-

2233 616 2352 678 dus,
2380 616 2510 669 nihil
2538 627 2662 671 sunt
2691 617 2909 681 divitiae,
2942 619 3070 671 nihil
3099 628 3181 672 est
3199 608 3399 687 pompa
3427 619 3605 671 s:ecnli
3636 618 3817 685 hujus,

2235 712 2363 766 nihil
2409 721 2492 765 est
2521 714 2626 766 vita
2670 711 2782 780 ipsa
2826 727 2926 783 qua
2959 713 3222 766 fruimur:
3254 712 3347 767 sed
3379 713 3466 765 illa
3499 715 3669 783 magis
3703 715 3817 767 vita
3857 724 3865 733 ‘

2233 803 2519 871 qumrenda
2548 814 2630 857 est
2653 844 2670 867 ,
2700 820 2815 871 «pne
2847 814 3017 858 morte
3048 804 3365 859 terminante
3393 806 3498 858 non
3525 805 3818 868 clauditur,

2234 913 2351 967 qum
2383 899 2498 953 labe
2522 900 2627 952 ulla
2653 914 2755 951 non
2780 899 3023 963 solvitur,
3047 913 3149 954 nec
3177 899 3358 968 aliquo
3379 912 3571 952 occasu
3608 897 3815 963 finitur,

2234 991 2321 1044 tibi
2364 991 2522 1043 homo
2568 991 2618 1044 in
2666 991 2997 1045 beatitudine
3039 1000 3239 1044 aeterna
3288 1003 3650 1059 permanens,
3697 989 3821 1041 luce

2236 1096 2337 1134 non
2372 1082 2651 1136 occidente
2684 1083 2833 1135 vivit.
2868 1083 2962 1147 Et,
2993 1082 3135 1150 quod
3174 1085 3344 1150 majus
3386 1090 3469 1136 est
3514 1080 3598 1134 his
3644 1081 3819 1133 omni-

2237 1175 2366 1238 bus,
2398 1175 2562 1243 ipsius
2594 1174 2805 1228 Domini
2851 1174 3134 1241 prmsentia
3158 1215 3172 1239 ,
3212 1174 3322 1244 jugi
3368 1173 3653 1242 perfruens
3686 1188 3819 1225 cun-

2235 1268 2604 1337 templatiune,
2645 1269 2696 1321 in
2727 1269 2966 1339 angelico
3018 1268 3305 1321 translatus
3336 1276 3500 1329 statu,
3523 1266 3819 1318 indissolu-

2235 1361 2325 1414 bili
2353 1361 2535 1414 lmiitia
2559 1361 2774 1430 gaudet.
2803 1361 2881 1414 Ad
2915 1360 3028 1413 haec
3058 1360 3147 1415 ille
3174 1378 3186 1412 :
3218 1359 3549 1414 DulciSsimis
3568 1401 3582 1420 ,
3617 1358 3815 1425 inquit.

2241 1459 2468 1528 eloquiis
2498 1458 2600 1511 tuis
2625 1469 2821 1512 aeterna
2855 1457 2986 1510 mihi
3017 1458 3121 1510 vita
3153 1465 3400 1524 tanquam
3446 1468 3693 1522 maguum
3730 1450 3819 1519 jn-

2238 1550 2333 1603 bar
2363 1548 2575 1609 illuxit,
2607 1559 2659 1602 et
2691 1548 2811 1602 ideo
2842 1549 2883 1601 si
2914 1549 2995 1600 vis
3026 1563 3052 1599 a
3088 1547 3289 1601 carnali
3320 1546 3592 1599 abstinere
3616 1557 3819 1597 concu-

2240 1640 2499 1709 piscentia
2522 1682 2536 1705 ,
2570 1642 2834 1709 particeps
2866 1649 2969 1693 tua!
2994 1640 3188 1693 mentis
3211 1636 3431 1693 efliciar.
3463 1636 3556 1690 Illa
3590 1650 3816 1704 reSpon-

554 1734 694 1801 dics,
718 1750 921 1805 quaeso,
956 1734 1109 1789 mihi.
1142 1734 1335 1805 Illaque
1378 1736 1593 1802 silente,
1628 1736 1825 1805 adjecit
1870 1740 1951 1791 vir
1980 1757 1991 1790 :
2016 1739 2123 1793 Ob.
2160 1740 2206 1799 B
2235 1734 2351 1788 dit:
2382 1732 2608 1787 Difficile
2632 1743 2713 1789 est
2736 1748 2922 1787 sexum
2950 1732 3152 1786 virilem
3183 1730 3493 1786 mulieribus
3530 1727 3626 1782 ista
3678 1743 3817 1797 pra:-

554 1840 712 1882 secro
742 1834 795 1881 te
824 1840 919 1895 per
948 1826 1126 1881 Jesum
1157 1825 1429 1881 Christum
1481 1827 1672 1883 Filium
1725 1828 1838 1895 Dei,
1887 1841 1943 1884 ut
1997 1831 2124 1885 mihi

552 1917 678 1987 quid
707 1917 892 1973 doleas
937 1919 1206 1986 sapienter
1233 1934 1489 1988 exponas.
1526 1920 1674 1974 Tunc
1730 1921 1817 1975 illa
1864 1937 2125 1978 conversa

558 2010 626 2064 ad
654 2025 796 2076 cum,
823 2011 895 2064 ait
928 2028 940 2064 :
975 2006 1030 2066 Si
1054 2012 1298 2066 omnibus
1327 2013 1515 2068 diebus
1547 2016 1668 2068 vitae
1691 2030 1823 2070 meae
1857 2016 2122 2086 plangam,

549 2104 785 2173 nunquid
814 2112 970 2158 tantm
987 2115 1142 2159 erunt
1165 2105 1437 2176 lacrymzc,
1465 2114 1523 2160 ut
1551 2117 1746 2176 queant
1773 2108 1988 2164 abluere
2019 2122 2124 2165 tam

549 2195 869 2250 immensum
896 2196 1132 2264 pectoris
1183 2199 1285 2250 mei
1336 2199 1599 2253 dolorem.
1629 2200 1931 2256 Statueram
1960 2205 2122 2271 enim,

550 2296 612 2341 ut
630 2287 1000 2354 corpusculum
1033 2303 1207 2341 meum
1266 2291 1665 2343 immaculatum
1686 2292 1899 2346 Christo
1918 2309 1947 2346 a
1989 2296 2123 2349 virili

552 2386 694 2431 tactu
716 2390 986 2431 servarem
1012 2395 1024 2429 :
1051 2378 1144 2431 sed
1166 2393 1243 2432 vze
1282 2378 1431 2445 mihi,
1461 2395 1579 2449 qua:
1633 2382 1807 2436 taliter
1834 2385 1902 2436 ab
1951 2399 2016 2437 eo
2048 2401 2128 2439 rc-

552 2470 674 2523 Iicta
705 2482 843 2533 sum,
873 2478 933 2522 ut
956 2470 1095 2537 quod
1126 2471 1375 2539 Optabam
1436 2474 1693 2539 perficere
1728 2491 1832 2529 non
1860 2476 2122 2541 Valerem,

552 2570 607 2616 et
626 2559 766 2629 quod
787 2558 1018 2613 abinitio
1030 2562 1202 2615 aetatis
1218 2578 1349 2616 mea:
1373 2564 1605 2630 servavi,
1634 2565 1686 2619 in
1714 2567 1811 2619 hac
1835 2569 2120 2622 novissima

552 2650 662 2715 die,
695 2664 852 2718 quam
883 2649 1066 2705 videre
1091 2666 1194 2704 non
1221 2651 1532 2717 debueram.
1558 2655 1791 2724 perdidi.
1821 2657 1956 2712 Hcce
1981 2662 2121 2713 enim

550 2739 740 2795 relicta
764 2740 831 2793 ab
877 2740 1162 2818 imm‘ortali
1199 2740 1434 2811 Christo,
1460 2746 1546 2812 qui
1598 2748 1729 2800 mihi
1772 2748 1951 2803 dotem
2004 2766 2122 2818 pro-

550 2832 800 2886 mittebat
833 2832 1157 2901 paradisum,
1208 2838 1448 2892 mortalis
1490 2838 1722 2894 hominis
1763 2858 1880 2896 sum
1935 2846 2122 2899 sortita

550 2928 898 2995 consortium,
923 2937 977 2983 et
992 2945 1084 2997 pro
1107 2931 1246 2985 rosis
1278 2931 1833 3002 immarcescihilibus,
1857 2938 2121 2993 arentium

555 3033 642 3073 me
665 3033 905 3073 rosarum
939 3036 1043 3075 non
1065 3032 1243 3087 ornat,
1275 3024 1369 3078 sed
1410 3025 1673 3081 deformat
1710 3029 1937 3094 spolium
1971 3028 2020 3083 δ.
2059 3033 2120 3086 Et

2233 1836 2394 1881 stare.
2426 1828 2625 1881 Tamen
2655 1828 2697 1881 si
2731 1826 2940 1883 feceris.
2967 1838 3021 1879 ut
3052 1825 3371 1880 immaculati
3402 1835 3815 1892 permaneamus

2234 1920 2285 1971 in
2314 1919 2533 1982 seculo,
2558 1932 2657 1987 ego
2682 1917 2773 1970 tibi
2804 1924 3003 1986 partem
3034 1917 3261 1986 tribuam
3290 1913 3463 1978 dotis,
3494 1927 3651 1980 quam
3687 1926 3815 1978 νιο-

2232 2013 2445 2067 missam
2493 2012 2663 2066 habeo
2713 2026 2742 2065 a
2774 2025 2972 2079 sponso
3006 2010 3228 2064 Domino
3254 2023 3373 2062 meo
3398 2006 3522 2061 Jesu
3549 2005 3768 2059 Christo
3793 2046 3813 2070 ,

2229 2106 2311 2159 cui
2342 2120 2427 2159 me
2468 2115 2522 2158 et
2562 2102 2814 2157 famulam
2856 2102 3046 2157 devovi
3087 2118 3208 2156 esse
3248 2112 3302 2155 et
3340 2115 3612 2170 sponsam.
3658 2099 3814 2153 'I‘unc

2231 2198 2322 2251 ille
2360 2205 2596 2249 armatus
2624 2196 2801 2250 crucis
2828 2195 3023 2250 vexillo
3044 2239 3059 2261 ,
3092 2195 3202 2249 ait:
3237 2194 3445 2249 Faciam
3477 2208 3594 2261 qum
3623 2191 3810 2245 horta-

2230 2288 2327 2343 ris.
2381 2289 2450 2342 Et
2496 2288 2634 2341 datis
2679 2289 2817 2341 inter
2856 2302 2914 2341 se
2955 2288 3192 2349 dextris,
3234 2284 3567 2355 quieverunt.
3612 2282 3812 2337 Multos

2233 2387 2415 2448 postea
2446 2380 2497 2434 in
2526 2394 2633 2433 uno
2675 2389 2844 2433 strato
2884 2380 3255 2433 recumbentcs
3294 2392 3501 2442 annos,
3545 2376 3805 2429 vixerunt

2227 2487 2346 2525 cum
2377 2473 2617 2525 castitate
2646 2472 2916 2526 laudabili.
2941 2471 3092 2538 Quod
3124 2483 3301 2539 postea
3332 2473 3381 2523 in
3411 2484 3594 2524 eorum
3622 2478 3805 2523 trans-

2228 2564 2303 2617 itu
2351 2564 2675 2618 declaratum
2724 2572 2823 2617 cst.
2870 2561 3000 2617 Nam
3041 2578 3162 2616 cum
3207 2564 3426 2631 impteto
3464 2561 3804 2623 certamine,

2229 2654 2399 2722 puella
2446 2655 2697 2725 migraret
2740 2655 2805 2707 ad
2846 2652 3115 2708 Christum
3146 2695 3159 2717 ,
3204 2662 3420 2723 peracto
3465 2654 3545 2706 vir
3587 2648 3801 2705 funeris

2226 2746 2434 2812 officio,
2467 2762 2586 2800 cum
2618 2746 2845 2815 puellam
2889 2748 2940 2800 in
2982 2748 3286 2814 sepulcrum
3317 2747 3647 2814 deponeret.
3680 2745 3795 2798 ait:

2228 2839 2435 2894 Gratias
2464 2840 2557 2895 tibi
2588 2854 2718 2910 ago,
2752 2849 2950 2895 aeterne
2984 2841 3204 2895 Domine
3238 2840 3379 2895 Deus
3422 2851 3628 2902 noster,
3669 2839 3803 2905 quia

2229 2935 2367 2989 hunc
2399 2932 2702 2987 thesaurum
2734 2933 2870 2986 sicut
2901 2943 3003 2987 ate
3033 2932 3462 2987 commendatum
3495 2932 3699 2998 accepi,
3730 2930 3802 2985 ita

2226 3023 2619 3077 immaculatum
2648 3023 2827 3092 pietati
2862 3034 2964 3076 tum
2996 3024 3242 3077 restituo.
3266 3024 3344 3076 Ad
3369 3022 3482 3077 haec
3508 3024 3593 3076 illa
3623 3022 3801 3076 subri-

552 3125 673 3164 cum
700 3110 858 3165 debui
893 3128 1055 3179 super
1076 3115 1376 3183 quadrifluo
1414 3119 1549 3186 Agni
1608 3119 1827 3176 flumine
1876 3125 2118 3191 puritatis

2228 3112 2359 3166 dens
2386 3131 2397 3165 :
2428 3111 2560 3180 Quid
2583 3152 2601 3177 ,
2632 3113 2833 3182 inquit,
2858 3114 3087 3183 loqueris
3108 3114 3246 3182 quod
3274 3129 3377 3167 non
3406 3112 3753 3181 interrogaris
3779 3113 3806 3163 ἲ

553 3202 743 3256 stolam
776 3202 1016 3269 induere,
1051 3205 1165 3260 haec
1195 3207 1328 3259 mihi
1360 3209 1523 3263 vestis
1550 3225 1687 3264 onus
1725 3212 1987 3276 exhibuit,
2014 3230 2118 3268 non

552 3291 833 3348 honorem.
860 3293 961 3348 Sed
1001 3296 1125 3365 quid
1162 3297 1391 3366 amplius
1425 3300 1586 3353 verba
1615 3303 2009 3371 protrahimus?
2038 3305 2121 3358 In-

551 3385 678 3440 felix
708 3400 827 3455 ego,
861 3401 980 3456 quae
1004 3387 1160 3443 debui
1190 3398 1335 3443 sorte
1380 3391 1575 3445 mereri
1625 3393 1797 3462 polos,
1828 3394 1985 3449 hodie
2028 3395 2122 3450 de-

552 3478 835 3547 mergorin
856 3477 1099 3549 abyssos.
1123 3479 1168 3534 0
1197 3481 1239 3534 si
1270 3481 1398 3535 mihi
1415 3481 1528 3537 bare
1554 3482 1732 3538 futura
1754 3495 1927 3549 erant,
1955 3502 2121 3556 quare

550 3584 659 3625 non
686 3569 801 3624 dies
822 3570 943 3624 vita:
972 3586 1104 3626 mea:
1127 3574 1238 3641 ipse
1268 3572 1367 3626 fuit
1395 3572 1534 3639 finis,
1566 3575 1654 3644 qui
1686 3577 1780 3630 fuit
1802 3579 2045 3633 initium!
2076 3580 2120 3635 Ο

550 3660 599 3717 si
630 3670 757 3715 ante
777 3661 1078 3716 introissem
1110 3666 1295 3717 mortis
1334 3663 1572 3733 januam,
1598 3682 1755 3735 quam
1809 3668 1961 3722 lactis
1980 3671 2121 3725 acci-

556 3768 738 3823 perem
768 3749 1053 3809 alimenta!
1075 3757 1119 3809 υ
1141 3756 1187 3808 si
1215 3756 1341 3809 mihi
1374 3757 1605 3812 dulcium
1622 3761 1889 3814 nutricum
1917 3763 2117 3830 oscula,

551 3845 608 3900 in
636 3844 819 3901 funere
846 3846 1069 3901 fuissent
1106 3849 1365 3916 expensa!
1402 3849 1631 3906 llorrent
1669 3854 1809 3907 enim
1862 3856 1990 3909 mihi
2018 3866 2121 3910 ter-

550 3946 694 3989 rente
724 3935 953 4004 species,
985 3937 1105 4005 quia
1134 3952 1227 4003 pro
1252 3940 1435 3993 mundi
1465 3941 1569 3994 vita
1623 3946 1904 4000 transfian
1934 3962 2122 4002 manus

550 4026 787 4093 suspicio
800 4025 1192 4097 Redemptoris.
1209 4028 1315 4084 Nec
1329 4044 1490 4085 cerno
1502 4032 1799 4089 diademata
1812 4040 2036 4107 gemmis
2049 4039 2123 4093 in-

556 4115 795 4184 slgnibus
811 4123 1165 4186 coruscantia,
1183 4136 1302 4176 cum
1328 4124 1468 4177 illam
1493 4127 1731 4194 Spineam
1750 4129 1917 4183 miror
1942 4141 2121 4186 mente

550 4222 825 4264 coronam.
864 4210 1075 4281 Respuo
1113 4213 1270 4284 longe
1301 4216 1511 4286 lateque
1533 4218 1722 4273 diffusa
1763 4223 1930 4290 spatia
1965 4234 2120 4278 terra:

551 4308 656 4355 tua:
674 4342 690 4367 ,
717 4300 837 4371 quia
866 4305 1228 4359 amoenitatem
1256 4308 1574 4376 concupisco
1604 4310 1852 4378 paradisi.
1895 4313 2124 4369 llorrent

552 4400 641 4445 tua
663 4393 853 4446 solaria
878 4404 926 4458 ο,
942 4410 1063 4449 cum
1080 4394 1361 4451 Dominum
1380 4400 1702 4456 residentem
1714 4404 2120 4473 suspiciosuper

2231 3205 2483 3273 lllamque
2507 3205 2762 3272 sepultam
2795 3205 2908 3273 ipse
2938 3220 3042 3259 non
3075 3215 3195 3273 post
3224 3207 3441 3258 multum
3476 3207 3800 3273 insequitur.

2222 3294 2331 3365 34
2357 3294 2522 3349 Porro
2543 3310 2662 3348 cum
2695 3297 2970 3364 utriusque
2998 3298 3297 3363 sepulcrum
3321 3312 3351 3350 e
3370 3296 3599 3350 diversis
3623 3297 3800 3365 parie-

2224 3386 2362 3440 tibus
2384 3385 2697 3440 collocatum
2725 3385 2946 3451 fuisset,
2971 3387 3206 3442 miraculi
3231 3388 3435 3442 novitas
3466 3402 3584 3457 qum
3609 3402 3803 3443 eorum

2221 3476 2519 3531 castitatem
2565 3478 2931 3531 manifestaret
2951 3518 2966 3542 ,
3009 3479 3274 3547 apparuit.
3304 3477 3437 3532 Nam
3468 3478 3607 3534 facto
3638 3495 3799 3533 mane

2222 3582 2342 3622 cum
2371 3568 2435 3621 ad
2463 3568 2637 3623 locum
2672 3570 2845 3637 populi
2885 3569 3229 3631 accederent,
3261 3570 3578 3624 invenerunt
3618 3571 3772 3641 sepul

2222 3676 2309 3714 cra
2337 3661 2554 3728 pariter,
2584 3676 2702 3729 qua:
2726 3663 2879 3732 longe
2903 3662 3041 3715 inter
3064 3678 3121 3716 se
3146 3662 3399 3716 distantia
3432 3663 3766 3731 reliquerant

2224 3752 2423 3807 scilicet
2449 3763 2507 3808 ut
2534 3769 2665 3822 quos
2695 3763 2842 3810 tenet
2869 3756 3044 3809 socios
3082 3756 3303 3823 coelum,
3334 3757 3665 3826 sepultorum
3712 3758 3803 3815 hic

2222 3860 2504 3919 corporum
2537 3862 2639 3900 non
2670 3857 2881 3915 separet
2910 3862 3332 3903 monumentum.
3369 3849 3475 3903 llos
3502 3865 3671 3919 usque
3699 3851 3801 3904 ho-

2223 3907 2369 4005 die?
2397 3938 2539 3993 Duos
2571 3941 2824 3994 Amantes
2855 3942 3091 3995 vocitare
3118 3941 3219 3996 loci
3251 3943 3440 3997 incola:
3485 3944 3793 4000 voluerunt.

2225 4028 2663 4099 Meminimusqne
2692 4031 2759 4085 de
2786 4032 2867 4084 his
2896 4032 2947 4085 in
2980 4032 3114 4087 libro
3146 4033 3520 4089 Miraculorum
3551 4033 3613 4089 ἀ.

2294 4120 2475 4177 XLIII.
2516 4121 2731 4176 Arcadii
2770 4139 2897 4177 vero
2936 4135 2988 4177 et
3028 4124 3249 4179 Honorii
3289 4128 3523 4181 secundo
3575 4128 3791 4196 imperii

2222 4226 2363 4264 anno
2410 4220 2467 4277 ο,
2518 4224 2735 4267 sanctus
2782 4214 3039 4271 Martinus
3084 4216 3419 4271 Turonorum
3466 4220 3797 4289 episcopus,

2223 4306 2409 4374 plenus
2453 4306 2737 4362 virtutibus
2782 4316 2837 4362 et
2887 4312 3213 4376 sanctitate,
3270 4312 3511 4379 pra:beus
3564 4312 3799 4366 infirmis

2225 4396 2388 4450 multa
2437 4397 2731 4463 beneficia,
2782 4400 3109 4467 octogesimo
3154 4409 3211 4455 et
3252 4402 3424 4471 primo
3469 4404 3641 4457 artatis
3684 4418 3799 4459 sua

552 4480 878 4536 astra.'l‘alia
895 4497 1014 4536 cum
1034 4500 1222 4555 magno
1236 4486 1357 4541 ﬂetu
1373 4488 1600 4557 jactanti
1615 4501 1911 4546 commotus
1928 4493 2121 4560 pietate
2150 4500 2197 4559 D
2228 4504 2401 4555 anno,
2433 4489 2771 4557 episcOpatus
2802 4503 2980 4546 autem
3012 4494 3268 4561 vigesimo
3297 4502 3449 4548 sexto
3478 4495 3615 4563 apud
3645 4496 3795 4549 Con-

549 4570 760 4644 juvenis
793 4574 895 4629 ait:
926 4574 1120 4632 Unicos
1150 4592 1249 4633 nos
1286 4579 1603 4636 nobilissimi
1630 4584 1990 4645 Arvernorum
2022 4587 2119 4642 ha-

625 4754 660 4820 ‘t
680 4745 920 4820 Ecclesia
941 4752 1109 4803 sancti
1132 4750 1353 4807 Artemii
1396 4767 1720 4813 memoratur
1762 4761 1815 4813 in
1842 4760 2027 4817 libello
2049 4764 2115 4820 de

553 4818 793 4897 ecclesiis
832 4819 1179 4897 Claromont_..
1222 4839 1346 4897 cap.
1370 4827 1462 4891 29,
1506 4844 1662 4897 quam
1709 4831 2029 4887 destructam
2061 4818 2121 4890 et

551 4890 815 4969 violatam,
849 4898 903 4944 et
927 4905 1102 4943 arcam
1134 4890 1391 4969 lapideam
1417 4890 1537 4964 qua!
1554 4900 1677 4953 olim
1702 4902 1836 4955 beati
1868 4903 1963 4956 viri
1994 4921 2112 4961 ossa

552 4962 1338 5037 ceiitjnebat,praetereuntium
1376 4962 1595 5037 pedibus
1637 4976 1997 5028 conculcatam
2033 4978 2111 5030 lu-

548 5040 638 5101 get
665 5032 862 5085 Savaro
889 5032 940 5085 in
973 5038 1108 5086 notis
1137 5034 1204 5087 ad
1232 5032 1391 5091 hunc'
1410 5040 1620 5095 librum.
1657 5043 1784 5098 Eius
1812 5046 1998 5098 festum
2019 5063 2109 5101 co-

552 5100 673 5153 litur
700 5104 785 5157 die
812 5104 884 5157 24
904 5103 1156 5158 Januarii.

623 5169 648 5207 δ
679 5172 903 5257 ῐὶεεῑηςἶ
922 5192 1031 5257 [non
1079 5187 1279 5257 ornant,
1312 5180 1400 5257 seti
1452 5181 1735 5253 deformem
1781 5186 2104 5257 sponsalia...

551 5246 1013 5323 tenetquadriﬂuo
1032 5250 1199 5323 amnis
1221 5254 1468 5323 margine.

627 5311 854 5391 solizgnq
883 5311 1025 5391 εις..
1053 5320 1265 5387 solatia;
1300 5311 1515 5389 rcctius,
1568 5324 1777 5391 salaria,
1812 5327 1862 5381 id
1901 5338 1982 5382 est
2024 5344 2106 5383 su-

554 5386 796 5455 periores
816 5386 1004 5455 avdium
1034 5401 1227 5455 partes.

626 5450 649 5485 α
690 5450 744 5529 in
786 5452 919 5507 libro
955 5450 1233 5529 de'Gloria
1272 5461 1516 5518 Confess.
1556 5480 1675 5529 cap.
1709 5467 1796 5520 52.
1843 5469 2009 5523 Porro
2047 5470 2101 5522 hi

554 5520 672 5604 Duo
706 5525 974 5604 Amantes”
996 5528 1047 5578 in
1085 5532 1311 5584 ecclesia
1349 5536 1518 5587 sancti
1561 5520 1717 5590 lllidti
1759 5520 1962 5604 sepulti
1986 5520 2102 5593 fuit:

556 5600 721 5674 1⁵11111..
752 5601 804 5643 ει
841 5594 1252 5674 puellmunumen
1276 5640 1291 5663 ,
1332 5605 1470 5668 quod
1514 5606 1596 5658 hic
1627 5624 1729 5660 non
1762 5594 2099 5674 exprimitur,

551 5662 844 5732 colligimus
895 5679 960 5748 es
1012 5665 1102 5722 lib.
1160 5668 1283 5725 Ide
1336 5662 1575 5731 ecclesiis
1612 5662 1981 5749 Claromont.,
2018 5662 2103 5737 ubi

2223 4581 2499 4638 datensem
2526 4581 2773 4639 dimcesis
2812 4598 2924 4639 suae
2953 4585 3126 4641 vicum
3164 4587 3182 4623 ί
3215 4588 3480 4643 excedens
3518 4604 3550 4643 a
3588 4589 3792 4646 seculo

2220 4776 2337 4840 cap.
2371 4763 2465 4840 ll,
2507 4766 2557 4819 in
2596 4766 2819 4821 ecclesia
2845 4768 3093 4840 rlllidiana
3122 4770 3179 4824 S.
3220 4769 3512 4840 lnjuriosns
3540 4781 3587 4827 et
3620 4772 3791 4827 Scho-

2218 4833 2397 4910 l_astica
2424 4836 2487 4910 in
2526 4853 2737 4910 corpore
2767 4839 3042 4908 quiescere
3092 4833 3363 4896 dicuntur.
3414 4843 3620 4910 Quippe
3660 4860 3786 4900 cum

2216 4905 2502 4983 Cregorins
2543 4905 2857 4973 Iniuriosum
2896 4912 3124 4983 alterum
3164 4928 3195 4967 e
3232 4905 3566 4967 dttubus'hic.‘
3602 4918 3789 4983 appel-

2213 4974 2317 5039 let,
2359 4976 2575 5055 dubium
2615 4995 2719 5055 non
2749 4990 2831 5034 est
2855 4983 2979 5050 quin
3011 4981 3342 5038 Scholastica
3370 4984 3560 5055 fuerit,
3586 4974 3707 5055 qua:
3737 4987 3790 5042 ei

2212 5047 2394 5113 nuptui
2432 5049 2625 5102 tradita
2664 5048 2852 5104 fuerat.

2284 5126 2307 5153 θ
2346 5118 2575 5173 Clarum.
2616 5121 2667 5172 in
2707 5136 2813 5187 quo
2839 5164 2852 5185 ,
2893 5130 2953 5175 ut
2988 5132 3044 5177 et
3080 5124 3132 5176 in
3172 5124 3290 5178 aliis
3337 5125 3582 5187 plurimis
3636 5127 3788 5181 codi-

2216 5187 2367 5265 cibus
2398 5188 2497 5265 hoc
2512 5201 2683 5265 caput
2712 5193 2902 5261 legitur
2931 5194 3294 5265 subsermonis
3320 5195 3553 5265 Gregorii
3588 5196 3786 5254 Turon.

2218 5260 2398 5323 titulo,
2440 5260 2629 5326 habet,
2671 5260 2890 5315 Arcadio
2918 5274 2963 5316 et
2996 5264 3229 5318 Honorio
3256 5260 3628 5332 imperantibus
3654 5286 3784 5321 san-

2216 5339 2344 5393 ctus,
2367 5338 2472 5385 etc.
2498 5333 2586 5385 Sic
2605 5341 2658 5385 et
2674 5334 2797 5386 cod.
2820 5333 2976 5387 Corh.
3002 5351 3258 5389 annorum
3283 5337 3406 5399 900.
3436 5340 3523 5392 ubi
3550 5340 3781 5394 habetur

2217 5400 2315 5453 sub
2346 5402 2497 5453 titulo
2526 5401 2769 5467 Epistolis
2798 5403 2860 5455 de
2886 5405 3101 5458 transitu
3130 5406 3189 5460 S.
3223 5406 3453 5461 Martini.

2292 5468 2312 5506 ί
2371 5472 2536 5539 Vulgo
2574 5473 2766 5526 dicitur
2794 5474 2989 5527 Gaudes
3012 5493 3030 5527 :
3060 5478 3190 5528 situs
3219 5489 3300 5531 est
3329 5481 3378 5529 in
3409 5478 3645 5532 confinio
3673 5480 3785 5533 Tu-

2220 5555 2405 5619 ronum
2445 5554 2498 5596 et
2526 5544 2925 5619 Andegavorum
2951 5546 3014 5597 a‘d
3051 5546 3298 5619 Vigeunze
3326 5559 3380 5602 et
3414 5550 3619 5619 Ligeris
3650 5566 3786 5604 con-

2222 5610 2480 5675 lluentes,
2532 5610 2906 5668 unde'nomen
2960 5610 3142 5668 traxit:
3190 5618 3408 5679 Veteres
3452 5610 3595 5672 enim
3646 5621 3787 5676 Galli

2223 5682 2513 5737 Condatum
2545 5686 2875 5754 appellabant
2898 5688 3119 5741 duorum
3148 5688 3423 5745 ﬂuminum
3448 5692 3781 5748 connexum.
