  <div class='ocr_page' id='page_1' title='image "/cluster/home/n/w/nwhite01/storage/ocr_20150623/71/uva.x000827083/100.png"; bbox 0 0 3994 6194; ppageno 0'>
   <div class='ocr_carea' id='block_1_1' title="bbox 130 248 226 307">
    <p class='ocr_par' dir='ltr' id='par_1_1' title="bbox 130 248 226 307">
     <span class='ocr_line' id='line_1_1' title="bbox 130 248 226 307; baseline -0.01 0"><span class='ocrx_word' id='word_1_1' title='bbox 130 248 226 307; x_wconf 68' lang='grc'><strong>185</strong></span> 
     </span>
    </p>
   </div>
   <div class='ocr_carea' id='block_1_2' title="bbox 1121 259 2472 329">
    <p class='ocr_par' dir='ltr' id='par_1_2' title="bbox 1121 259 2472 329">
     <span class='ocr_line' id='line_1_2' title="bbox 1121 259 2472 329; baseline 0.008 -15"><span class='ocrx_word' id='word_1_2' title='bbox 1121 259 1434 317; x_wconf 72' lang='lat' dir='ltr'><strong>illS&#39;IORiA</strong></span> <span class='ocrx_word' id='word_1_3' title='bbox 1476 263 1914 324; x_wconf 73' lang='lat' dir='ltr'><strong>FRANCORUM.</strong></span> <span class='ocrx_word' id='word_1_4' title='bbox 1957 269 2160 326; x_wconf 73' lang='lat' dir='ltr'><strong>LIBER</strong></span> <span class='ocrx_word' id='word_1_5' title='bbox 2200 271 2472 329; x_wconf 59' lang='grc' dir='ltr'><strong>Ρκιθῐυε.</strong></span> 
     </span>
    </p>
   </div>
   <div class='ocr_carea' id='block_1_3' title="bbox 3309 274 3409 331">
    <p class='ocr_par' dir='ltr' id='par_1_3' title="bbox 3309 274 3409 331">
     <span class='ocr_line' id='line_1_3' title="bbox 3309 274 3409 331; baseline -0.03 -1"><span class='ocrx_word' id='word_1_6' title='bbox 3309 274 3409 331; x_wconf 60' lang='grc'><strong>186</strong></span> 
     </span>
    </p>
   </div>
   <div class='ocr_carea' id='block_1_4' title="bbox 140 369 3407 457">
    <p class='ocr_par' dir='ltr' id='par_1_4' title="bbox 140 369 3407 457">
     <span class='ocr_line' id='line_1_4' title="bbox 140 369 3407 457; baseline 0.006 -32"><span class='ocrx_word' id='word_1_7' title='bbox 140 369 362 425; x_wconf 86' lang='lat' dir='ltr'><strong>leliciter</strong></span> <span class='ocrx_word' id='word_1_8' title='bbox 389 371 660 439; x_wconf 86' lang='lat' dir='ltr'><strong>migravit</strong></span> <span class='ocrx_word' id='word_1_9' title='bbox 685 372 754 428; x_wconf 85' lang='lat' dir='ltr'><strong>ad</strong></span> <span class='ocrx_word' id='word_1_10' title='bbox 789 370 1079 427; x_wconf 86' lang='lat' dir='ltr'><strong>Christum.</strong></span> <span class='ocrx_word' id='word_1_11' title='bbox 1104 375 1335 430; x_wconf 88' lang='lat' dir='ltr'><strong>Transiit</strong></span> <span class='ocrx_word' id='word_1_12' title='bbox 1357 390 1531 434; x_wconf 86' lang='lat' dir='ltr'><strong>autem</strong></span> <span class='ocrx_word' id='word_1_13' title='bbox 1564 382 1733 436; x_wconf 84' lang='lat' dir='ltr'><strong>media</strong></span> <span class='ocrx_word' id='word_1_14' title='bbox 1766 391 1810 447; x_wconf 79' lang='grc' dir='ltr'>Α</span> <span class='ocrx_word' id='word_1_15' title='bbox 1844 388 1893 439; x_wconf 89' lang='lat' dir='ltr'><strong>in</strong></span> <span class='ocrx_word' id='word_1_16' title='bbox 1924 388 2107 440; x_wconf 82' lang='lat' dir='ltr'><strong>medio</strong></span> <span class='ocrx_word' id='word_1_17' title='bbox 2132 388 2363 457; x_wconf 85' lang='lat' dir='ltr'><strong>positum</strong></span> <span class='ocrx_word' id='word_1_18' title='bbox 2390 430 2405 451; x_wconf 90' lang='lat'><strong>,</strong></span> <span class='ocrx_word' id='word_1_19' title='bbox 2437 387 2663 440; x_wconf 86' lang='lat' dir='ltr'><strong>firmatis</strong></span> <span class='ocrx_word' id='word_1_20' title='bbox 2694 403 2839 441; x_wconf 79' lang='lat' dir='ltr'><strong>serra</strong></span> <span class='ocrx_word' id='word_1_21' title='bbox 2870 388 3020 442; x_wconf 83' lang='lat' dir='ltr'><strong>ostiis</strong></span> <span class='ocrx_word' id='word_1_22' title='bbox 3042 432 3056 456; x_wconf 89' lang='lat'><strong>,</strong></span> <span class='ocrx_word' id='word_1_23' title='bbox 3089 387 3157 442; x_wconf 82' lang='lat' dir='ltr'><strong>ab</strong></span> <span class='ocrx_word' id='word_1_24' title='bbox 3184 400 3407 455; x_wconf 80' lang='lat' dir='ltr'><strong>utroque</strong></span> 
     </span>
    </p>
   </div>
   <div class='ocr_carea' id='block_1_5' title="bbox 151 466 1737 543">
    <p class='ocr_par' dir='ltr' id='par_1_5' title="bbox 151 466 1737 543">
     <span class='ocr_line' id='line_1_5' title="bbox 151 466 1737 543; baseline 0.005 -24"><span class='ocrx_word' id='word_1_25' title='bbox 151 474 327 527; x_wconf 84' lang='lat' dir='ltr'><strong>nocte,</strong></span> <span class='ocrx_word' id='word_1_26' title='bbox 350 480 473 535; x_wconf 73' lang='lat' dir='ltr'><strong>qua:</strong></span> <span class='ocrx_word' id='word_1_27' title='bbox 500 466 790 519; x_wconf 86' lang='lat' dir='ltr'><strong>Dominica</strong></span> <span class='ocrx_word' id='word_1_28' title='bbox 815 467 1127 533; x_wconf 83' lang='lat' dir='ltr'><strong>habebatur,</strong></span> <span class='ocrx_word' id='word_1_29' title='bbox 1157 470 1334 524; x_wconf 85' lang='lat' dir='ltr'><strong>Attico</strong></span> <span class='ocrx_word' id='word_1_30' title='bbox 1354 471 1688 543; x_wconf 72' lang='lat' dir='ltr'><strong>Caesarioque</strong></span> <span class='ocrx_word' id='word_1_31' title='bbox 1712 485 1737 513; x_wconf 80' lang='grc' dir='ltr'>ἰ</span> 
     </span>
    </p>
   </div>
   <div class='ocr_carea' id='block_1_6' title="bbox 158 555 1736 629">
    <p class='ocr_par' dir='ltr' id='par_1_6' title="bbox 158 555 1736 629">
     <span class='ocr_line' id='line_1_6' title="bbox 158 555 1736 629; baseline 0.005 -18"><span class='ocrx_word' id='word_1_32' title='bbox 158 555 486 611; x_wconf 76' lang='lat' dir='ltr'><strong>consulibus.</strong></span> <span class='ocrx_word' id='word_1_33' title='bbox 515 556 675 610; x_wconf 77' lang='lat' dir='ltr'><strong>Multi</strong></span> <span class='ocrx_word' id='word_1_34' title='bbox 699 558 844 610; x_wconf 84' lang='lat' dir='ltr'><strong>enim</strong></span> <span class='ocrx_word' id='word_1_35' title='bbox 872 556 923 610; x_wconf 90' lang='lat' dir='ltr'><strong>in</strong></span> <span class='ocrx_word' id='word_1_36' title='bbox 949 557 1062 626; x_wconf 88' lang='lat' dir='ltr'><strong>ejus</strong></span> <span class='ocrx_word' id='word_1_37' title='bbox 1087 560 1309 614; x_wconf 88' lang='lat' dir='ltr'><strong>transitu</strong></span> <span class='ocrx_word' id='word_1_38' title='bbox 1342 564 1679 629; x_wconf 78' lang='lat' dir='ltr'><strong>psallentium</strong></span> <span class='ocrx_word' id='word_1_39' title='bbox 1713 565 1736 605; x_wconf 69' lang='grc' dir='ltr'>δ</span> 
     </span>
    </p>
   </div>
   <div class='ocr_carea' id='block_1_7' title="bbox 162 649 1737 726">
    <p class='ocr_par' dir='ltr' id='par_1_7' title="bbox 162 649 1737 726">
     <span class='ocr_line' id='line_1_7' title="bbox 162 649 1737 726; baseline 0.006 -24"><span class='ocrx_word' id='word_1_40' title='bbox 162 649 442 703; x_wconf 85' lang='lat' dir='ltr'><strong>audierunt</strong></span> <span class='ocrx_word' id='word_1_41' title='bbox 471 652 525 701; x_wconf 90' lang='lat' dir='ltr'><strong>in</strong></span> <span class='ocrx_word' id='word_1_42' title='bbox 559 649 703 703; x_wconf 65' lang='lat' dir='ltr'><strong>ctu-lo</strong></span> <span class='ocrx_word' id='word_1_43' title='bbox 723 692 738 714; x_wconf 95' lang='lat'><strong>,</strong></span> <span class='ocrx_word' id='word_1_44' title='bbox 769 651 909 719; x_wconf 91' lang='lat' dir='ltr'><strong>quod</strong></span> <span class='ocrx_word' id='word_1_45' title='bbox 938 652 988 703; x_wconf 90' lang='lat' dir='ltr'><strong>in</strong></span> <span class='ocrx_word' id='word_1_46' title='bbox 1025 651 1163 704; x_wconf 90' lang='lat' dir='ltr'><strong>libro</strong></span> <span class='ocrx_word' id='word_1_47' title='bbox 1192 654 1442 708; x_wconf 86' lang='lat' dir='ltr'><strong>virtutum</strong></span> <span class='ocrx_word' id='word_1_48' title='bbox 1477 656 1592 725; x_wconf 83' lang='lat' dir='ltr'><strong>ejus</strong></span> <span class='ocrx_word' id='word_1_49' title='bbox 1633 659 1737 726; x_wconf 89' lang='lat' dir='ltr'><strong>pri-</strong></span> 
     </span>
    </p>
   </div>
   <div class='ocr_carea' id='block_1_8' title="bbox 164 738 1736 818">
    <p class='ocr_par' dir='ltr' id='par_1_8' title="bbox 164 738 1736 818">
     <span class='ocr_line' id='line_1_8' title="bbox 164 738 1736 818; baseline 0.005 -24"><span class='ocrx_word' id='word_1_50' title='bbox 164 756 252 794; x_wconf 86' lang='lat' dir='ltr'><strong>mo</strong></span> <span class='ocrx_word' id='word_1_51' title='bbox 278 740 430 810; x_wconf 82' lang='lat' dir='ltr'><strong>(qu.</strong></span> <span class='ocrx_word' id='word_1_52' title='bbox 455 738 489 792; x_wconf 66' lang='lat'>4</span> <span class='ocrx_word' id='word_1_53' title='bbox 512 751 567 794; x_wconf 91' lang='lat' dir='ltr'><strong>et</strong></span> <span class='ocrx_word' id='word_1_54' title='bbox 594 738 652 806; x_wconf 90' lang='lat'><strong>5)</strong></span> <span class='ocrx_word' id='word_1_55' title='bbox 680 741 889 807; x_wconf 85' lang='lat' dir='ltr'><strong>plenius</strong></span> <span class='ocrx_word' id='word_1_56' title='bbox 916 742 1287 809; x_wconf 78' lang='lat' dir='ltr'><strong>exposuimus.</strong></span> <span class='ocrx_word' id='word_1_57' title='bbox 1321 744 1452 798; x_wconf 88' lang='lat' dir='ltr'><strong>Nam</strong></span> <span class='ocrx_word' id='word_1_58' title='bbox 1476 762 1594 801; x_wconf 88' lang='lat' dir='ltr'><strong>cum</strong></span> <span class='ocrx_word' id='word_1_59' title='bbox 1629 751 1736 818; x_wconf 80' lang='lat' dir='ltr'><strong>pri—</strong></span> 
     </span>
    </p>
   </div>
   <div class='ocr_carea' id='block_1_9' title="bbox 169 833 1736 909">
    <p class='ocr_par' dir='ltr' id='par_1_9' title="bbox 169 833 1736 909">
     <span class='ocr_line' id='line_1_9' title="bbox 169 833 1736 909; baseline 0.006 -22"><span class='ocrx_word' id='word_1_60' title='bbox 169 834 330 887; x_wconf 81' lang='lat' dir='ltr'><strong>initus</strong></span> <span class='ocrx_word' id='word_1_61' title='bbox 362 843 576 887; x_wconf 81' lang='lat' dir='ltr'><strong>sanctus</strong></span> <span class='ocrx_word' id='word_1_62' title='bbox 607 833 702 887; x_wconf 86' lang='lat' dir='ltr'><strong>Dei</strong></span> <span class='ocrx_word' id='word_1_63' title='bbox 735 835 874 902; x_wconf 86' lang='lat' dir='ltr'><strong>apud</strong></span> <span class='ocrx_word' id='word_1_64' title='bbox 913 834 1302 891; x_wconf 86' lang='lat' dir='ltr'><strong>Condatensem</strong></span> <span class='ocrx_word' id='word_1_65' title='bbox 1324 879 1338 901; x_wconf 92' lang='lat'><strong>,</strong></span> <span class='ocrx_word' id='word_1_66' title='bbox 1383 850 1440 893; x_wconf 90' lang='lat' dir='ltr'><strong>ut</strong></span> <span class='ocrx_word' id='word_1_67' title='bbox 1476 842 1736 909; x_wconf 82' lang='lat' dir='ltr'><strong>diximus,</strong></span> 
     </span>
    </p>
   </div>
   <div class='ocr_carea' id='block_1_10' title="bbox 165 927 1738 1003">
    <p class='ocr_par' dir='ltr' id='par_1_10' title="bbox 165 927 1738 1003">
     <span class='ocr_line' id='line_1_10' title="bbox 165 927 1738 1003; baseline 0.008 -25"><span class='ocrx_word' id='word_1_68' title='bbox 165 927 339 979; x_wconf 79' lang='lat' dir='ltr'><strong>vicum</strong></span> <span class='ocrx_word' id='word_1_69' title='bbox 390 933 650 995; x_wconf 69' lang='lat' dir='ltr'><strong>mgrotare</strong></span> <span class='ocrx_word' id='word_1_70' title='bbox 698 927 990 995; x_wconf 73' lang='lat' dir='ltr'><strong>cmpisset,</strong></span> <span class='ocrx_word' id='word_1_71' title='bbox 1036 928 1233 982; x_wconf 90' lang='lat' dir='ltr'><strong>Pictavi</strong></span> <span class='ocrx_word' id='word_1_72' title='bbox 1280 931 1460 998; x_wconf 89' lang='lat' dir='ltr'><strong>populi</strong></span> <span class='ocrx_word' id='word_1_73' title='bbox 1506 933 1574 987; x_wconf 88' lang='lat' dir='ltr'><strong>ad</strong></span> <span class='ocrx_word' id='word_1_74' title='bbox 1620 936 1738 1003; x_wconf 85' lang='lat' dir='ltr'><strong>ejus</strong></span> 
     </span>
    </p>
   </div>
   <div class='ocr_carea' id='block_1_11' title="bbox 167 1016 1737 1095">
    <p class='ocr_par' dir='ltr' id='par_1_11' title="bbox 167 1016 1737 1095">
     <span class='ocr_line' id='line_1_11' title="bbox 167 1016 1737 1095; baseline 0.007 -26"><span class='ocrx_word' id='word_1_75' title='bbox 167 1017 452 1070; x_wconf 87' lang='lat' dir='ltr'><strong>transitqu</strong></span> <span class='ocrx_word' id='word_1_76' title='bbox 478 1021 616 1070; x_wconf 89' lang='lat' dir='ltr'><strong>sicut</strong></span> <span class='ocrx_word' id='word_1_77' title='bbox 646 1016 900 1071; x_wconf 85' lang='lat' dir='ltr'><strong>Turonici</strong></span> <span class='ocrx_word' id='word_1_78' title='bbox 929 1031 1315 1075; x_wconf 86' lang='lat' dir='ltr'><strong>convenerunt.</strong></span> <span class='ocrx_word' id='word_1_79' title='bbox 1356 1024 1473 1089; x_wconf 86' lang='lat' dir='ltr'><strong>Quo</strong></span> <span class='ocrx_word' id='word_1_80' title='bbox 1501 1027 1737 1095; x_wconf 85' lang='lat' dir='ltr'><strong>migran-</strong></span> 
     </span>
    </p>
   </div>
   <div class='ocr_carea' id='block_1_12' title="bbox 158 1111 1733 1187">
    <p class='ocr_par' dir='ltr' id='par_1_12' title="bbox 158 1111 1733 1187">
     <span class='ocr_line' id='line_1_12' title="bbox 158 1111 1733 1187; baseline 0.008 -25"><span class='ocrx_word' id='word_1_81' title='bbox 158 1120 219 1163; x_wconf 87' lang='lat' dir='ltr'><strong>te</strong></span> <span class='ocrx_word' id='word_1_82' title='bbox 244 1152 259 1174; x_wconf 92' lang='lat'><strong>,</strong></span> <span class='ocrx_word' id='word_1_83' title='bbox 287 1111 505 1179; x_wconf 79' lang='lat' dir='ltr'><strong>grandis</strong></span> <span class='ocrx_word' id='word_1_84' title='bbox 528 1112 806 1166; x_wconf 75' lang='lat' dir='ltr'><strong>altercatio</strong></span> <span class='ocrx_word' id='word_1_85' title='bbox 833 1112 885 1166; x_wconf 89' lang='lat' dir='ltr'><strong>in</strong></span> <span class='ocrx_word' id='word_1_86' title='bbox 911 1124 1191 1183; x_wconf 87' lang='lat' dir='ltr'><strong>utrumque</strong></span> <span class='ocrx_word' id='word_1_87' title='bbox 1214 1118 1441 1171; x_wconf 85' lang='lat' dir='ltr'><strong>surrexit</strong></span> <span class='ocrx_word' id='word_1_88' title='bbox 1464 1120 1733 1187; x_wconf 88' lang='lat' dir='ltr'><strong>populum.</strong></span> 
     </span>
    </p>
   </div>
   <div class='ocr_carea' id='block_1_13' title="bbox 160 1200 1733 1279">
    <p class='ocr_par' dir='ltr' id='par_1_13' title="bbox 160 1200 1733 1279">
     <span class='ocr_line' id='line_1_13' title="bbox 160 1200 1733 1279; baseline 0.007 -24"><span class='ocrx_word' id='word_1_89' title='bbox 160 1200 431 1256; x_wconf 87' lang='lat' dir='ltr'><strong>Dicebant</strong></span> <span class='ocrx_word' id='word_1_90' title='bbox 482 1204 621 1258; x_wconf 91' lang='lat' dir='ltr'><strong>enim</strong></span> <span class='ocrx_word' id='word_1_91' title='bbox 684 1203 931 1258; x_wconf 80' lang='lat' dir='ltr'><strong>Pictavi:</strong></span> <span class='ocrx_word' id='word_1_92' title='bbox 981 1206 1172 1261; x_wconf 86' lang='lat' dir='ltr'><strong>Noster</strong></span> <span class='ocrx_word' id='word_1_93' title='bbox 1224 1220 1305 1263; x_wconf 70' lang='lat' dir='ltr'><strong>Cal</strong></span> <span class='ocrx_word' id='word_1_94' title='bbox 1354 1213 1644 1265; x_wconf 83' lang='lat' dir='ltr'><strong>monachus</strong></span> <span class='ocrx_word' id='word_1_95' title='bbox 1677 1224 1733 1279; x_wconf 63' lang='lat' dir='ltr'><strong>t‘;</strong></span> 
     </span>
    </p>
   </div>
   <div class='ocr_carea' id='block_1_14' title="bbox 155 1295 1731 1366">
    <p class='ocr_par' dir='ltr' id='par_1_14' title="bbox 155 1295 1731 1366">
     <span class='ocr_line' id='line_1_14' title="bbox 155 1295 1731 1366; baseline 0.006 -19"><span class='ocrx_word' id='word_1_96' title='bbox 155 1295 331 1347; x_wconf 86' lang='lat' dir='ltr'><strong>nobis</strong></span> <span class='ocrx_word' id='word_1_97' title='bbox 365 1296 488 1349; x_wconf 87' lang='lat' dir='ltr'><strong>abba</strong></span> <span class='ocrx_word' id='word_1_98' title='bbox 527 1297 729 1350; x_wconf 83' lang='lat' dir='ltr'><strong>exstitit</strong></span> <span class='ocrx_word' id='word_1_99' title='bbox 756 1314 770 1361; x_wconf 91' lang='lat'><strong>;</strong></span> <span class='ocrx_word' id='word_1_100' title='bbox 803 1312 900 1351; x_wconf 90' lang='lat' dir='ltr'><strong>nos</strong></span> <span class='ocrx_word' id='word_1_101' title='bbox 928 1299 1248 1366; x_wconf 78' lang='lat' dir='ltr'><strong>requirimus</strong></span> <span class='ocrx_word' id='word_1_102' title='bbox 1284 1303 1731 1357; x_wconf 86' lang='lat' dir='ltr'><strong>commendatum.</strong></span> 
     </span>
    </p>
   </div>
   <div class='ocr_carea' id='block_1_15' title="bbox 144 1384 1738 1462">
    <p class='ocr_par' dir='ltr' id='par_1_15' title="bbox 144 1384 1738 1462">
     <span class='ocr_line' id='line_1_15' title="bbox 144 1384 1738 1462; baseline 0.001 -19"><span class='ocrx_word' id='word_1_103' title='bbox 144 1384 415 1443; x_wconf 83' lang='lat' dir='ltr'><strong>Sufficiat</strong></span> <span class='ocrx_word' id='word_1_104' title='bbox 443 1388 628 1453; x_wconf 81' lang='lat' dir='ltr'><strong>vobis,</strong></span> <span class='ocrx_word' id='word_1_105' title='bbox 662 1388 802 1457; x_wconf 89' lang='lat' dir='ltr'><strong>quod</strong></span> <span class='ocrx_word' id='word_1_106' title='bbox 844 1390 967 1442; x_wconf 89' lang='lat' dir='ltr'><strong>dum</strong></span> <span class='ocrx_word' id='word_1_107' title='bbox 1012 1400 1155 1445; x_wconf 89' lang='lat' dir='ltr'><strong>esset</strong></span> <span class='ocrx_word' id='word_1_108' title='bbox 1195 1391 1249 1444; x_wconf 89' lang='lat' dir='ltr'><strong>in</strong></span> <span class='ocrx_word' id='word_1_109' title='bbox 1290 1393 1485 1445; x_wconf 83' lang='lat' dir='ltr'><strong>mundo</strong></span> <span class='ocrx_word' id='word_1_110' title='bbox 1530 1394 1738 1462; x_wconf 84' lang='lat' dir='ltr'><strong>episco-</strong></span> 
     </span>
    </p>
   </div>
   <div class='ocr_carea' id='block_1_16' title="bbox 146 1481 1729 1553">
    <p class='ocr_par' dir='ltr' id='par_1_16' title="bbox 146 1481 1729 1553">
     <span class='ocr_line' id='line_1_16' title="bbox 146 1481 1729 1553; baseline 0.004 -20"><span class='ocrx_word' id='word_1_111' title='bbox 146 1496 298 1550; x_wconf 84' lang='lat' dir='ltr'><strong>pus,</strong></span> <span class='ocrx_word' id='word_1_112' title='bbox 335 1481 414 1535; x_wconf 90' lang='lat' dir='ltr'><strong>usi</strong></span> <span class='ocrx_word' id='word_1_113' title='bbox 440 1482 564 1535; x_wconf 86' lang='lat' dir='ltr'><strong>estis</strong></span> <span class='ocrx_word' id='word_1_114' title='bbox 595 1481 711 1551; x_wconf 88' lang='lat' dir='ltr'><strong>ejus</strong></span> <span class='ocrx_word' id='word_1_115' title='bbox 737 1482 1005 1551; x_wconf 88' lang='lat' dir='ltr'><strong>colloquio</strong></span> <span class='ocrx_word' id='word_1_116' title='bbox 1026 1524 1041 1548; x_wconf 91' lang='lat'><strong>,</strong></span> <span class='ocrx_word' id='word_1_117' title='bbox 1073 1484 1427 1553; x_wconf 84' lang='lat' dir='ltr'><strong>participastis</strong></span> <span class='ocrx_word' id='word_1_118' title='bbox 1456 1487 1729 1550; x_wconf 88' lang='lat' dir='ltr'><strong>convivio,</strong></span> 
     </span>
    </p>
   </div>
   <div class='ocr_carea' id='block_1_17' title="bbox 148 1572 1739 1643">
    <p class='ocr_par' dir='ltr' id='par_1_17' title="bbox 148 1572 1739 1643">
     <span class='ocr_line' id='line_1_17' title="bbox 148 1572 1739 1643; baseline 0.005 -20"><span class='ocrx_word' id='word_1_119' title='bbox 148 1572 375 1624; x_wconf 82' lang='lat' dir='ltr'><strong>firmati</strong></span> <span class='ocrx_word' id='word_1_120' title='bbox 420 1573 581 1625; x_wconf 83' lang='lat' dir='ltr'><strong>fuistis</strong></span> <span class='ocrx_word' id='word_1_121' title='bbox 610 1572 1069 1627; x_wconf 79' lang='lat' dir='ltr'><strong>benedictonihus</strong></span> <span class='ocrx_word' id='word_1_122' title='bbox 1095 1615 1111 1635; x_wconf 85' lang='lat'><strong>,</strong></span> <span class='ocrx_word' id='word_1_123' title='bbox 1137 1573 1355 1643; x_wconf 84' lang='lat' dir='ltr'><strong>insuper</strong></span> <span class='ocrx_word' id='word_1_124' title='bbox 1377 1584 1431 1629; x_wconf 89' lang='lat' dir='ltr'><strong>et</strong></span> <span class='ocrx_word' id='word_1_125' title='bbox 1455 1575 1739 1631; x_wconf 82' lang='lat' dir='ltr'><strong>virtutibus</strong></span> 
     </span>
    </p>
   </div>
   <div class='ocr_carea' id='block_1_18' title="bbox 144 1662 1728 1735">
    <p class='ocr_par' dir='ltr' id='par_1_18' title="bbox 144 1662 1728 1735">
     <span class='ocr_line' id='line_1_18' title="bbox 144 1662 1728 1735; baseline 0.004 -19"><span class='ocrx_word' id='word_1_126' title='bbox 144 1662 460 1732; x_wconf 80' lang='lat' dir='ltr'><strong>iocundati.</strong></span> <span class='ocrx_word' id='word_1_127' title='bbox 497 1663 773 1719; x_wconf 86' lang='lat' dir='ltr'><strong>Sufficiant</strong></span> <span class='ocrx_word' id='word_1_128' title='bbox 805 1679 932 1735; x_wconf 84' lang='lat' dir='ltr'><strong>ergo</strong></span> <span class='ocrx_word' id='word_1_129' title='bbox 974 1666 1128 1719; x_wconf 89' lang='lat' dir='ltr'><strong>vobis</strong></span> <span class='ocrx_word' id='word_1_130' title='bbox 1166 1668 1267 1720; x_wconf 89' lang='lat' dir='ltr'><strong>ista</strong></span> <span class='ocrx_word' id='word_1_131' title='bbox 1310 1669 1526 1721; x_wconf 82' lang='lat' dir='ltr'><strong>omnia:</strong></span> <span class='ocrx_word' id='word_1_132' title='bbox 1573 1670 1728 1724; x_wconf 87' lang='lat' dir='ltr'><strong>nobis</strong></span> 
     </span>
    </p>
   </div>
   <div class='ocr_carea' id='block_1_19' title="bbox 1843 478 3407 546">
    <p class='ocr_par' dir='ltr' id='par_1_19' title="bbox 1843 478 3407 546">
     <span class='ocr_line' id='line_1_19' title="bbox 1843 478 3407 546; baseline 0.005 -19"><span class='ocrx_word' id='word_1_133' title='bbox 1843 481 2035 546; x_wconf 88' lang='lat' dir='ltr'><strong>populo</strong></span> <span class='ocrx_word' id='word_1_134' title='bbox 2064 480 2387 543; x_wconf 83' lang='lat' dir='ltr'><strong>custoditur,</strong></span> <span class='ocrx_word' id='word_1_135' title='bbox 2420 478 2649 531; x_wconf 76' lang='lat' dir='ltr'><strong>fututum</strong></span> <span class='ocrx_word' id='word_1_136' title='bbox 2684 490 2743 531; x_wconf 88' lang='lat' dir='ltr'><strong>ut</strong></span> <span class='ocrx_word' id='word_1_137' title='bbox 2768 495 2919 532; x_wconf 89' lang='lat' dir='ltr'><strong>mane</strong></span> <span class='ocrx_word' id='word_1_138' title='bbox 2948 480 3085 533; x_wconf 83' lang='lat' dir='ltr'><strong>iacto</strong></span> <span class='ocrx_word' id='word_1_139' title='bbox 3114 495 3140 529; x_wconf 87' lang='lat' dir='ltr'><strong>a</strong></span> <span class='ocrx_word' id='word_1_140' title='bbox 3176 479 3407 535; x_wconf 65' lang='lat' dir='ltr'><strong>Pictavis</strong></span> 
     </span>
    </p>
   </div>
   <div class='ocr_carea' id='block_1_20' title="bbox 1838 570 3404 639">
    <p class='ocr_par' dir='ltr' id='par_1_20' title="bbox 1838 570 3404 639">
     <span class='ocr_line' id='line_1_20' title="bbox 1838 570 3404 639; baseline 0.003 -16"><span class='ocrx_word' id='word_1_141' title='bbox 1838 586 1932 639; x_wconf 90' lang='lat' dir='ltr'><strong>per</strong></span> <span class='ocrx_word' id='word_1_142' title='bbox 1974 570 2281 623; x_wconf 68' lang='lat' dir='ltr'><strong>violentiam</strong></span> <span class='ocrx_word' id='word_1_143' title='bbox 2330 570 2676 623; x_wconf 87' lang='lat' dir='ltr'><strong>auferretur:</strong></span> <span class='ocrx_word' id='word_1_144' title='bbox 2725 572 2820 623; x_wconf 90' lang='lat' dir='ltr'><strong>sed</strong></span> <span class='ocrx_word' id='word_1_145' title='bbox 2878 571 3017 624; x_wconf 90' lang='lat' dir='ltr'><strong>Deus</strong></span> <span class='ocrx_word' id='word_1_146' title='bbox 3063 571 3404 638; x_wconf 79' lang='lat' dir='ltr'><strong>omnipotens</strong></span> 
     </span>
    </p>
   </div>
   <div class='ocr_carea' id='block_1_21' title="bbox 1848 664 3407 732">
    <p class='ocr_par' dir='ltr' id='par_1_21' title="bbox 1848 664 3407 732">
     <span class='ocr_line' id='line_1_21' title="bbox 1848 664 3407 732; baseline 0.001 -17"><span class='ocrx_word' id='word_1_147' title='bbox 1848 664 2017 716; x_wconf 81' lang='lat' dir='ltr'><strong>noluit</strong></span> <span class='ocrx_word' id='word_1_148' title='bbox 2047 666 2233 717; x_wconf 88' lang='lat' dir='ltr'><strong>urbem</strong></span> <span class='ocrx_word' id='word_1_149' title='bbox 2263 664 2583 717; x_wconf 80' lang='lat' dir='ltr'><strong>TttroniCam</strong></span> <span class='ocrx_word' id='word_1_150' title='bbox 2609 678 2637 715; x_wconf 89' lang='lat' dir='ltr'><strong>a</strong></span> <span class='ocrx_word' id='word_1_151' title='bbox 2683 664 2897 731; x_wconf 86' lang='lat' dir='ltr'><strong>proprio</strong></span> <span class='ocrx_word' id='word_1_152' title='bbox 2936 665 3191 717; x_wconf 78' lang='lat' dir='ltr'><strong>frustrare</strong></span> <span class='ocrx_word' id='word_1_153' title='bbox 3231 675 3407 732; x_wconf 86' lang='lat' dir='ltr'><strong>patro-</strong></span> 
     </span>
    </p>
   </div>
   <div class='ocr_carea' id='block_1_22' title="bbox 1840 752 3413 826">
    <p class='ocr_par' dir='ltr' id='par_1_22' title="bbox 1840 752 3413 826">
     <span class='ocr_line' id='line_1_22' title="bbox 1840 752 3413 826; baseline 0 -19"><span class='ocrx_word' id='word_1_154' title='bbox 1840 771 1928 810; x_wconf 91' lang='lat' dir='ltr'><strong>no.</strong></span> <span class='ocrx_word' id='word_1_155' title='bbox 1986 757 2225 826; x_wconf 85' lang='lat' dir='ltr'><strong>Denique</strong></span> <span class='ocrx_word' id='word_1_156' title='bbox 2281 768 2435 810; x_wconf 85' lang='lat' dir='ltr'><strong>nocte</strong></span> <span class='ocrx_word' id='word_1_157' title='bbox 2488 757 2660 811; x_wconf 85' lang='lat' dir='ltr'><strong>media</strong></span> <span class='ocrx_word' id='word_1_158' title='bbox 2731 758 2905 811; x_wconf 90' lang='lat' dir='ltr'><strong>omnis</strong></span> <span class='ocrx_word' id='word_1_159' title='bbox 2956 756 3165 810; x_wconf 87' lang='lat' dir='ltr'><strong>Pictava</strong></span> <span class='ocrx_word' id='word_1_160' title='bbox 3218 752 3413 810; x_wconf 78' lang='lat' dir='ltr'><strong>somno</strong></span> 
     </span>
    </p>
   </div>
   <div class='ocr_carea' id='block_1_23' title="bbox 1840 848 3403 916">
    <p class='ocr_par' dir='ltr' id='par_1_23' title="bbox 1840 848 3403 916">
     <span class='ocr_line' id='line_1_23' title="bbox 1840 848 3403 916; baseline 0.004 -20"><span class='ocrx_word' id='word_1_161' title='bbox 1840 848 2098 915; x_wconf 75' lang='lat' dir='ltr'><strong>phalanga</strong></span> <span class='ocrx_word' id='word_1_162' title='bbox 2143 848 2535 914; x_wconf 89' lang='lat' dir='ltr'><strong>comprimitur,</strong></span> <span class='ocrx_word' id='word_1_163' title='bbox 2582 864 2681 902; x_wconf 92' lang='lat' dir='ltr'><strong>nec</strong></span> <span class='ocrx_word' id='word_1_164' title='bbox 2723 849 2864 903; x_wconf 85' lang='lat' dir='ltr'><strong>ullus</strong></span> <span class='ocrx_word' id='word_1_165' title='bbox 2910 849 3173 916; x_wconf 86' lang='lat' dir='ltr'><strong>superfuit.</strong></span> <span class='ocrx_word' id='word_1_166' title='bbox 3211 849 3299 915; x_wconf 86' lang='lat' dir='ltr'><strong>qui</strong></span> <span class='ocrx_word' id='word_1_167' title='bbox 3340 865 3403 902; x_wconf 82' lang='lat' dir='ltr'><strong>ex</strong></span> 
     </span>
    </p>
   </div>
   <div class='ocr_carea' id='block_1_24' title="bbox 1839 939 2594 1007">
    <p class='ocr_par' dir='ltr' id='par_1_24' title="bbox 1839 939 2594 1007">
     <span class='ocr_line' id='line_1_24' title="bbox 1839 939 2594 1007; baseline 0.001 -15"><span class='ocrx_word' id='word_1_168' title='bbox 1839 942 1937 993; x_wconf 89' lang='lat' dir='ltr'><strong>hac</strong></span> <span class='ocrx_word' id='word_1_169' title='bbox 1968 940 2305 994; x_wconf 88' lang='lat' dir='ltr'><strong>multitudine</strong></span> <span class='ocrx_word' id='word_1_170' title='bbox 2335 939 2594 1007; x_wconf 80' lang='lat' dir='ltr'><strong>vigilaret.</strong></span> 
     </span>
    </p>
   </div>
   <div class='ocr_carea' id='block_1_25' title="bbox 1911 1030 3408 1100">
    <p class='ocr_par' dir='ltr' id='par_1_25' title="bbox 1911 1030 3408 1100">
     <span class='ocr_line' id='line_1_25' title="bbox 1911 1030 3408 1100; baseline 0 -16"><span class='ocrx_word' id='word_1_171' title='bbox 1911 1032 2068 1100; x_wconf 91' lang='lat' dir='ltr'><strong>Igitur</strong></span> <span class='ocrx_word' id='word_1_172' title='bbox 2111 1032 2196 1085; x_wconf 92' lang='lat' dir='ltr'><strong>ubi</strong></span> <span class='ocrx_word' id='word_1_173' title='bbox 2239 1032 2487 1086; x_wconf 88' lang='lat' dir='ltr'><strong>Turonici</strong></span> <span class='ocrx_word' id='word_1_174' title='bbox 2527 1046 2620 1086; x_wconf 92' lang='lat' dir='ltr'><strong>eos</strong></span> <span class='ocrx_word' id='word_1_175' title='bbox 2658 1030 2990 1100; x_wconf 89' lang='lat' dir='ltr'><strong>conspiciunt</strong></span> <span class='ocrx_word' id='word_1_176' title='bbox 3028 1032 3360 1084; x_wconf 79' lang='lat' dir='ltr'><strong>obdormisse</strong></span> <span class='ocrx_word' id='word_1_177' title='bbox 3386 1074 3408 1096; x_wconf 80' lang='lat'><strong>,</strong></span> 
     </span>
    </p>
   </div>
   <div class='ocr_carea' id='block_1_26' title="bbox 1840 1125 3402 1195">
    <p class='ocr_par' dir='ltr' id='par_1_26' title="bbox 1840 1125 3402 1195">
     <span class='ocr_line' id='line_1_26' title="bbox 1840 1125 3402 1195; baseline -0.001 -18"><span class='ocrx_word' id='word_1_178' title='bbox 1840 1126 2229 1193; x_wconf 87' lang='lat' dir='ltr'><strong>apprehensam</strong></span> <span class='ocrx_word' id='word_1_179' title='bbox 2260 1125 2580 1179; x_wconf 87' lang='lat' dir='ltr'><strong>sanctissimi</strong></span> <span class='ocrx_word' id='word_1_180' title='bbox 2613 1127 2719 1195; x_wconf 77' lang='lat'><strong><em>36</em></strong></span> <span class='ocrx_word' id='word_1_181' title='bbox 2746 1126 2985 1194; x_wconf 90' lang='lat' dir='ltr'><strong>corporis</strong></span> <span class='ocrx_word' id='word_1_182' title='bbox 3012 1126 3216 1195; x_wconf 81' lang='lat' dir='ltr'><strong>glebam</strong></span> <span class='ocrx_word' id='word_1_183' title='bbox 3245 1166 3263 1190; x_wconf 88' lang='lat'><strong>,</strong></span> <span class='ocrx_word' id='word_1_184' title='bbox 3316 1126 3402 1177; x_wconf 86' lang='lat' dir='ltr'><strong>alii</strong></span> 
     </span>
    </p>
   </div>
   <div class='ocr_carea' id='block_1_27' title="bbox 1840 1215 3400 1287">
    <p class='ocr_par' dir='ltr' id='par_1_27' title="bbox 1840 1215 3400 1287">
     <span class='ocr_line' id='line_1_27' title="bbox 1840 1215 3400 1287; baseline -0.001 -18"><span class='ocrx_word' id='word_1_185' title='bbox 1840 1232 1935 1284; x_wconf 90' lang='lat' dir='ltr'><strong>per</strong></span> <span class='ocrx_word' id='word_1_186' title='bbox 1966 1215 2253 1270; x_wconf 80' lang='lat' dir='ltr'><strong>fenestram</strong></span> <span class='ocrx_word' id='word_1_187' title='bbox 2283 1217 2533 1287; x_wconf 83' lang='lat' dir='ltr'><strong>ejiciunt,</strong></span> <span class='ocrx_word' id='word_1_188' title='bbox 2564 1217 2652 1269; x_wconf 89' lang='lat' dir='ltr'><strong>alii</strong></span> <span class='ocrx_word' id='word_1_189' title='bbox 2683 1216 2851 1270; x_wconf 84' lang='lat' dir='ltr'><strong>afuris</strong></span> <span class='ocrx_word' id='word_1_190' title='bbox 2894 1216 3223 1282; x_wconf 81' lang='lat' dir='ltr'><strong>suscipiunt,</strong></span> <span class='ocrx_word' id='word_1_191' title='bbox 3256 1216 3400 1284; x_wconf 80' lang='lat' dir='ltr'><strong>posi—</strong></span> 
     </span>
    </p>
   </div>
   <div class='ocr_carea' id='block_1_28' title="bbox 1842 1296 3403 1377">
    <p class='ocr_par' dir='ltr' id='par_1_28' title="bbox 1842 1296 3403 1377">
     <span class='ocr_line' id='line_1_28' title="bbox 1842 1296 3403 1377; baseline -0.001 -19"><span class='ocrx_word' id='word_1_192' title='bbox 1842 1317 2059 1377; x_wconf 75' lang='lat' dir='ltr'><strong>tumque</strong></span> <span class='ocrx_word' id='word_1_193' title='bbox 2093 1307 2146 1360; x_wconf 88' lang='lat' dir='ltr'><strong>in</strong></span> <span class='ocrx_word' id='word_1_194' title='bbox 2188 1308 2306 1360; x_wconf 91' lang='lat' dir='ltr'><strong>navi</strong></span> <span class='ocrx_word' id='word_1_195' title='bbox 2347 1322 2466 1362; x_wconf 88' lang='lat' dir='ltr'><strong>cum</strong></span> <span class='ocrx_word' id='word_1_196' title='bbox 2494 1307 2637 1360; x_wconf 93' lang='lat' dir='ltr'><strong>omni</strong></span> <span class='ocrx_word' id='word_1_197' title='bbox 2666 1296 2861 1375; x_wconf 87' lang='lat' dir='ltr'><strong>populo</strong></span> <span class='ocrx_word' id='word_1_198' title='bbox 2892 1322 2988 1375; x_wconf 89' lang='lat' dir='ltr'><strong>per</strong></span> <span class='ocrx_word' id='word_1_199' title='bbox 3018 1307 3345 1373; x_wconf 75' lang='lat' dir='ltr'><strong>V&#39;ingennatn</strong></span> <span class='ocrx_word' id='word_1_200' title='bbox 3380 1302 3403 1341; x_wconf 71' lang='grc' dir='ltr'><em>τ</em></span> 
     </span>
    </p>
   </div>
   <div class='ocr_carea' id='block_1_29' title="bbox 1840 1396 3399 1468">
    <p class='ocr_par' dir='ltr' id='par_1_29' title="bbox 1840 1396 3399 1468">
     <span class='ocr_line' id='line_1_29' title="bbox 1840 1396 3399 1468; baseline -0.004 -15"><span class='ocrx_word' id='word_1_201' title='bbox 1840 1399 2056 1453; x_wconf 89' lang='lat' dir='ltr'><strong>fluvium</strong></span> <span class='ocrx_word' id='word_1_202' title='bbox 2090 1398 2443 1453; x_wconf 88' lang='lat' dir='ltr'><strong>descendunt.</strong></span> <span class='ocrx_word' id='word_1_203' title='bbox 2476 1399 2807 1468; x_wconf 81' lang='lat' dir='ltr'><strong>lngressique</strong></span> <span class='ocrx_word' id='word_1_204' title='bbox 2837 1396 3040 1465; x_wconf 82' lang='lat' dir='ltr'><strong>Ligeris</strong></span> <span class='ocrx_word' id='word_1_205' title='bbox 3067 1398 3303 1459; x_wconf 80' lang='lat' dir='ltr'><strong>alveum,</strong></span> <span class='ocrx_word' id='word_1_206' title='bbox 3335 1400 3399 1447; x_wconf 89' lang='lat' dir='ltr'><strong>ad</strong></span> 
     </span>
    </p>
   </div>
   <div class='ocr_carea' id='block_1_30' title="bbox 1837 1487 3411 1558">
    <p class='ocr_par' dir='ltr' id='par_1_30' title="bbox 1837 1487 3411 1558">
     <span class='ocr_line' id='line_1_30' title="bbox 1837 1487 3411 1558; baseline -0.001 -15"><span class='ocrx_word' id='word_1_207' title='bbox 1837 1491 2020 1543; x_wconf 87' lang='lat' dir='ltr'><strong>urbem</strong></span> <span class='ocrx_word' id='word_1_208' title='bbox 2042 1490 2358 1544; x_wconf 86' lang='lat' dir='ltr'><strong>Turonicam</strong></span> <span class='ocrx_word' id='word_1_209' title='bbox 2383 1505 2502 1544; x_wconf 88' lang='lat' dir='ltr'><strong>cum</strong></span> <span class='ocrx_word' id='word_1_210' title='bbox 2528 1489 2729 1558; x_wconf 69' lang='lat' dir='ltr'><strong>magnis</strong></span> <span class='ocrx_word' id='word_1_211' title='bbox 2751 1488 2993 1542; x_wconf 86' lang='lat' dir='ltr'><strong>laudibus</strong></span> <span class='ocrx_word' id='word_1_212' title='bbox 3018 1487 3411 1556; x_wconf 81' lang='lat' dir='ltr'><strong>psallentioque</strong></span> 
     </span>
    </p>
   </div>
   <div class='ocr_carea' id='block_1_31' title="bbox 1836 1580 3401 1651">
    <p class='ocr_par' dir='ltr' id='par_1_31' title="bbox 1836 1580 3401 1651">
     <span class='ocr_line' id='line_1_31' title="bbox 1836 1580 3401 1651; baseline -0.002 -15"><span class='ocrx_word' id='word_1_213' title='bbox 1836 1582 2067 1651; x_wconf 83' lang='lat' dir='ltr'><strong>dirigunt</strong></span> <span class='ocrx_word' id='word_1_214' title='bbox 2087 1582 2324 1650; x_wconf 88' lang='lat' dir='ltr'><strong>copioso.</strong></span> <span class='ocrx_word' id='word_1_215' title='bbox 2344 1581 2418 1636; x_wconf 86' lang='lat' dir='ltr'><strong>De</strong></span> <span class='ocrx_word' id='word_1_216' title='bbox 2439 1596 2659 1649; x_wconf 88' lang='lat' dir='ltr'><strong>quorum</strong></span> <span class='ocrx_word' id='word_1_217' title='bbox 2683 1580 2897 1634; x_wconf 84' lang='lat' dir='ltr'><strong>vocibus</strong></span> <span class='ocrx_word' id='word_1_218' title='bbox 2920 1580 3121 1634; x_wconf 86' lang='lat' dir='ltr'><strong>Pictavi</strong></span> <span class='ocrx_word' id='word_1_219' title='bbox 3145 1594 3401 1648; x_wconf 81' lang='lat' dir='ltr'><strong>experge—</strong></span> 
     </span>
    </p>
   </div>
   <div class='ocr_carea' id='block_1_32' title="bbox 1836 1671 3400 1740">
    <p class='ocr_par' dir='ltr' id='par_1_32' title="bbox 1836 1671 3400 1740">
     <span class='ocr_line' id='line_1_32' title="bbox 1836 1671 3400 1740; baseline -0.003 -13"><span class='ocrx_word' id='word_1_220' title='bbox 1836 1672 1982 1737; x_wconf 83' lang='lat' dir='ltr'><strong>facli,</strong></span> <span class='ocrx_word' id='word_1_221' title='bbox 2018 1672 2144 1725; x_wconf 88' lang='lat' dir='ltr'><strong>nihil</strong></span> <span class='ocrx_word' id='word_1_222' title='bbox 2175 1672 2242 1725; x_wconf 93' lang='lat' dir='ltr'><strong>de</strong></span> <span class='ocrx_word' id='word_1_223' title='bbox 2274 1672 2525 1725; x_wconf 87' lang='lat' dir='ltr'><strong>thesauro</strong></span> <span class='ocrx_word' id='word_1_224' title='bbox 2543 1687 2697 1740; x_wconf 88' lang='lat' dir='ltr'><strong>quem</strong></span> <span class='ocrx_word' id='word_1_225' title='bbox 2725 1671 3091 1726; x_wconf 85' lang='lat' dir='ltr'><strong>custodiebant</strong></span> <span class='ocrx_word' id='word_1_226' title='bbox 3118 1671 3400 1733; x_wconf 75' lang='lat' dir='ltr'><strong>habentes,</strong></span> 
     </span>
    </p>
   </div>
   <div class='ocr_carea' id='block_1_33' title="bbox 144 1757 3413 1835">
    <p class='ocr_par' dir='ltr' id='par_1_33' title="bbox 144 1757 3413 1835">
     <span class='ocr_line' id='line_1_33' title="bbox 144 1757 3413 1835; baseline 0.001 -21"><span class='ocrx_word' id='word_1_227' title='bbox 144 1758 327 1814; x_wconf 77' lang='lat' dir='ltr'><strong>liceat</strong></span> <span class='ocrx_word' id='word_1_228' title='bbox 372 1757 585 1835; x_wconf 34' lang='lat' dir='ltr'><strong>auferre‘</strong></span> <span class='ocrx_word' id='word_1_229' title='bbox 611 1761 693 1814; x_wconf 83' lang='lat' dir='ltr'><strong>vel</strong></span> <span class='ocrx_word' id='word_1_230' title='bbox 739 1761 967 1814; x_wconf 89' lang='lat' dir='ltr'><strong>cadaver</strong></span> <span class='ocrx_word' id='word_1_231' title='bbox 995 1760 1099 1831; x_wconf 82' lang='lat'><strong>35</strong></span> <span class='ocrx_word' id='word_1_232' title='bbox 1129 1762 1453 1816; x_wconf 81' lang='lat' dir='ltr'><strong>exanimum.</strong></span> <span class='ocrx_word' id='word_1_233' title='bbox 1500 1762 1576 1817; x_wconf 79' lang='lat' dir='ltr'><strong>Ad</strong></span> <span class='ocrx_word' id='word_1_234' title='bbox 1620 1763 1733 1818; x_wconf 76' lang='lat' dir='ltr'><strong>ha-c</strong></span> <span class='ocrx_word' id='word_1_235' title='bbox 1767 1776 1813 1835; x_wconf 76' lang='grc' dir='ltr'><strong>Β</strong></span> <span class='ocrx_word' id='word_1_236' title='bbox 1837 1779 1956 1817; x_wconf 90' lang='lat' dir='ltr'><strong>cum</strong></span> <span class='ocrx_word' id='word_1_237' title='bbox 1986 1778 2173 1831; x_wconf 84' lang='lat' dir='ltr'><strong>magna</strong></span> <span class='ocrx_word' id='word_1_238' title='bbox 2201 1763 2510 1818; x_wconf 91' lang='lat' dir='ltr'><strong>confusione</strong></span> <span class='ocrx_word' id='word_1_239' title='bbox 2534 1763 2597 1816; x_wconf 91' lang='lat' dir='ltr'><strong>ad</strong></span> <span class='ocrx_word' id='word_1_240' title='bbox 2627 1764 2837 1832; x_wconf 86' lang='lat' dir='ltr'><strong>prepria</strong></span> <span class='ocrx_word' id='word_1_241' title='bbox 2860 1773 2983 1816; x_wconf 90' lang='lat' dir='ltr'><strong>sunt</strong></span> <span class='ocrx_word' id='word_1_242' title='bbox 3005 1764 3226 1818; x_wconf 87' lang='lat' dir='ltr'><strong>reversi.</strong></span> <span class='ocrx_word' id='word_1_243' title='bbox 3250 1763 3413 1828; x_wconf 73' lang='lat' dir='ltr'><strong>Quod</strong></span> 
     </span>
    </p>
   </div>
   <div class='ocr_carea' id='block_1_34' title="bbox 149 1822 1736 1922">
    <p class='ocr_par' dir='ltr' id='par_1_34' title="bbox 149 1822 1736 1922">
     <span class='ocr_line' id='line_1_34' title="bbox 149 1822 1736 1922; baseline 0.003 -16"><span class='ocrx_word' id='word_1_244' title='bbox 149 1852 421 1907; x_wconf 80' lang='lat' dir='ltr'><strong>Turonici</strong></span> <span class='ocrx_word' id='word_1_245' title='bbox 448 1822 880 1922; x_wconf 62' lang='lat' dir='ltr'><strong>reSpanebant:</strong></span> <span class='ocrx_word' id='word_1_246' title='bbox 912 1853 965 1909; x_wconf 92' lang='lat' dir='ltr'><strong>Si</strong></span> <span class='ocrx_word' id='word_1_247' title='bbox 998 1822 1249 1908; x_wconf 57' lang='lat' dir='ltr'><strong>virtutum</strong></span> <span class='ocrx_word' id='word_1_248' title='bbox 1280 1855 1433 1910; x_wconf 88' lang='lat' dir='ltr'><strong>nobis</strong></span> <span class='ocrx_word' id='word_1_249' title='bbox 1464 1855 1598 1911; x_wconf 89' lang='lat' dir='ltr'><strong>facta</strong></span> <span class='ocrx_word' id='word_1_250' title='bbox 1626 1857 1736 1910; x_wconf 89' lang='lat' dir='ltr'><strong>suf-</strong></span> 
     </span>
    </p>
   </div>
   <div class='ocr_carea' id='block_1_35' title="bbox 155 1942 1736 2018">
    <p class='ocr_par' dir='ltr' id='par_1_35' title="bbox 155 1942 1736 2018">
     <span class='ocr_line' id='line_1_35' title="bbox 155 1942 1736 2018; baseline 0.004 -20"><span class='ocrx_word' id='word_1_251' title='bbox 155 1942 326 1998; x_wconf 76' lang='lat' dir='ltr'><strong>ﬁcere</strong></span> <span class='ocrx_word' id='word_1_252' title='bbox 354 1947 547 2017; x_wconf 84' lang='lat' dir='ltr'><strong>dicitis,</strong></span> <span class='ocrx_word' id='word_1_253' title='bbox 573 1946 769 1999; x_wconf 87' lang='lat' dir='ltr'><strong>scitote</strong></span> <span class='ocrx_word' id='word_1_254' title='bbox 794 1946 917 2015; x_wconf 87' lang='lat' dir='ltr'><strong>quia</strong></span> <span class='ocrx_word' id='word_1_255' title='bbox 948 1946 1223 2001; x_wconf 87' lang='lat' dir='ltr'><strong>vobiscum</strong></span> <span class='ocrx_word' id='word_1_256' title='bbox 1252 1949 1481 2014; x_wconf 86' lang='lat' dir='ltr'><strong>positus,</strong></span> <span class='ocrx_word' id='word_1_257' title='bbox 1506 1950 1736 2018; x_wconf 87' lang='lat' dir='ltr'><strong>amplius</strong></span> 
     </span>
    </p>
   </div>
   <div class='ocr_carea' id='block_1_36' title="bbox 158 2036 1735 2106">
    <p class='ocr_par' dir='ltr' id='par_1_36' title="bbox 158 2036 1735 2106">
     <span class='ocr_line' id='line_1_36' title="bbox 158 2036 1735 2106; baseline 0.004 -17"><span class='ocrx_word' id='word_1_258' title='bbox 158 2048 242 2089; x_wconf 87' lang='lat' dir='ltr'><strong>est</strong></span> <span class='ocrx_word' id='word_1_259' title='bbox 290 2052 451 2106; x_wconf 87' lang='lat' dir='ltr'><strong>quam</strong></span> <span class='ocrx_word' id='word_1_260' title='bbox 504 2036 591 2090; x_wconf 84' lang='lat' dir='ltr'><strong>hic</strong></span> <span class='ocrx_word' id='word_1_261' title='bbox 631 2047 906 2106; x_wconf 89' lang='lat' dir='ltr'><strong>operatus.</strong></span> <span class='ocrx_word' id='word_1_262' title='bbox 948 2037 1112 2101; x_wconf 86' lang='lat' dir='ltr'><strong>Nam,</strong></span> <span class='ocrx_word' id='word_1_263' title='bbox 1165 2049 1218 2091; x_wconf 88' lang='lat' dir='ltr'><strong>ut</strong></span> <span class='ocrx_word' id='word_1_264' title='bbox 1269 2040 1735 2106; x_wconf 66' lang='lat' dir='ltr'><strong>praetermittamus</strong></span> 
     </span>
    </p>
   </div>
   <div class='ocr_carea' id='block_1_37' title="bbox 160 2126 1735 2197">
    <p class='ocr_par' dir='ltr' id='par_1_37' title="bbox 160 2126 1735 2197">
     <span class='ocr_line' id='line_1_37' title="bbox 160 2126 1735 2197; baseline 0.003 -18"><span class='ocrx_word' id='word_1_265' title='bbox 160 2126 441 2194; x_wconf 65' lang='lat' dir='ltr'><strong>Morinis,</strong></span> <span class='ocrx_word' id='word_1_266' title='bbox 494 2127 654 2182; x_wconf 80' lang='lat' dir='ltr'><strong>vobis</strong></span> <span class='ocrx_word' id='word_1_267' title='bbox 711 2128 992 2197; x_wconf 82' lang='lat' dir='ltr'><strong>suscitavit</strong></span> <span class='ocrx_word' id='word_1_268' title='bbox 1043 2128 1178 2183; x_wconf 88' lang='lat' dir='ltr'><strong>duos</strong></span> <span class='ocrx_word' id='word_1_269' title='bbox 1237 2141 1522 2195; x_wconf 90' lang='lat' dir='ltr'><strong>mortuos,</strong></span> <span class='ocrx_word' id='word_1_270' title='bbox 1582 2132 1735 2184; x_wconf 71' lang='lat' dir='ltr'><strong>nobis</strong></span> 
     </span>
    </p>
   </div>
   <div class='ocr_carea' id='block_1_38' title="bbox 162 2215 1740 2289">
    <p class='ocr_par' dir='ltr' id='par_1_38' title="bbox 162 2215 1740 2289">
     <span class='ocr_line' id='line_1_38' title="bbox 162 2215 1740 2289; baseline 0.004 -19"><span class='ocrx_word' id='word_1_271' title='bbox 162 2232 329 2271; x_wconf 87' lang='lat' dir='ltr'><strong>unum</strong></span> <span class='ocrx_word' id='word_1_272' title='bbox 355 2235 371 2281; x_wconf 88' lang='lat'><strong>;</strong></span> <span class='ocrx_word' id='word_1_273' title='bbox 398 2228 486 2285; x_wconf 84' lang='lat' dir='ltr'><strong>et,</strong></span> <span class='ocrx_word' id='word_1_274' title='bbox 518 2228 574 2272; x_wconf 91' lang='lat' dir='ltr'><strong>ut</strong></span> <span class='ocrx_word' id='word_1_275' title='bbox 604 2218 719 2287; x_wconf 88' lang='lat' dir='ltr'><strong>ipse</strong></span> <span class='ocrx_word' id='word_1_276' title='bbox 744 2233 887 2289; x_wconf 65' lang='lat' dir='ltr'><strong>saepe</strong></span> <span class='ocrx_word' id='word_1_277' title='bbox 926 2219 1138 2274; x_wconf 88' lang='lat' dir='ltr'><strong>dicebat</strong></span> <span class='ocrx_word' id='word_1_278' title='bbox 1179 2215 1230 2285; x_wconf 74' lang='grc' dir='ltr'><strong>δ,</strong></span> <span class='ocrx_word' id='word_1_279' title='bbox 1278 2221 1450 2289; x_wconf 86' lang='lat' dir='ltr'><strong>major</strong></span> <span class='ocrx_word' id='word_1_280' title='bbox 1486 2222 1532 2275; x_wconf 91' lang='lat' dir='ltr'><strong>ei</strong></span> <span class='ocrx_word' id='word_1_281' title='bbox 1575 2222 1740 2276; x_wconf 87' lang='lat' dir='ltr'><strong>virtus</strong></span> 
     </span>
    </p>
   </div>
   <div class='ocr_carea' id='block_1_39' title="bbox 168 2313 1743 2385">
    <p class='ocr_par' dir='ltr' id='par_1_39' title="bbox 168 2313 1743 2385">
     <span class='ocr_line' id='line_1_39' title="bbox 168 2313 1743 2385; baseline 0.003 -21"><span class='ocrx_word' id='word_1_282' title='bbox 168 2323 290 2366; x_wconf 82' lang='lat' dir='ltr'><strong>ante</strong></span> <span class='ocrx_word' id='word_1_283' title='bbox 316 2315 683 2383; x_wconf 84' lang='lat' dir='ltr'><strong>episcopatum</strong></span> <span class='ocrx_word' id='word_1_284' title='bbox 714 2313 835 2380; x_wconf 91' lang='lat' dir='ltr'><strong>fuit,</strong></span> <span class='ocrx_word' id='word_1_285' title='bbox 858 2330 1014 2383; x_wconf 92' lang='lat' dir='ltr'><strong>quam</strong></span> <span class='ocrx_word' id='word_1_286' title='bbox 1040 2323 1161 2385; x_wconf 87' lang='lat' dir='ltr'><strong>post</strong></span> <span class='ocrx_word' id='word_1_287' title='bbox 1187 2315 1574 2383; x_wconf 84' lang='lat' dir='ltr'><strong>episcopatum.</strong></span> <span class='ocrx_word' id='word_1_288' title='bbox 1601 2315 1743 2384; x_wconf 85' lang='lat' dir='ltr'><strong>Ergo</strong></span> 
     </span>
    </p>
   </div>
   <div class='ocr_carea' id='block_1_40' title="bbox 173 2406 1734 2475">
    <p class='ocr_par' dir='ltr' id='par_1_40' title="bbox 173 2406 1734 2475">
     <span class='ocr_line' id='line_1_40' title="bbox 173 2406 1734 2475; baseline -0.001 -17"><span class='ocrx_word' id='word_1_289' title='bbox 173 2418 397 2460; x_wconf 76' lang='lat' dir='ltr'><strong>necesse</strong></span> <span class='ocrx_word' id='word_1_290' title='bbox 420 2418 535 2469; x_wconf 87' lang='lat' dir='ltr'><strong>est,</strong></span> <span class='ocrx_word' id='word_1_291' title='bbox 574 2416 631 2458; x_wconf 88' lang='lat' dir='ltr'><strong>ut</strong></span> <span class='ocrx_word' id='word_1_292' title='bbox 660 2407 801 2475; x_wconf 92' lang='lat' dir='ltr'><strong>quod</strong></span> <span class='ocrx_word' id='word_1_293' title='bbox 833 2406 1105 2460; x_wconf 90' lang='lat' dir='ltr'><strong>nobiscum</strong></span> <span class='ocrx_word' id='word_1_294' title='bbox 1136 2406 1508 2474; x_wconf 75' lang='lat' dir='ltr'><strong>non&#39;implevit</strong></span> <span class='ocrx_word' id='word_1_295' title='bbox 1534 2406 1734 2468; x_wconf 86' lang='lat' dir='ltr'><strong>vivens,</strong></span> 
     </span>
    </p>
   </div>
   <div class='ocr_carea' id='block_1_41' title="bbox 175 2497 1739 2567">
    <p class='ocr_par' dir='ltr' id='par_1_41' title="bbox 175 2497 1739 2567">
     <span class='ocr_line' id='line_1_41' title="bbox 175 2497 1739 2567; baseline -0.001 -15"><span class='ocrx_word' id='word_1_296' title='bbox 175 2498 388 2566; x_wconf 70' lang='lat' dir='ltr'><strong>expleat</strong></span> <span class='ocrx_word' id='word_1_297' title='bbox 410 2498 491 2551; x_wconf 84' lang='lat' dir='ltr'><strong>vel</strong></span> <span class='ocrx_word' id='word_1_298' title='bbox 518 2497 826 2553; x_wconf 86' lang='lat' dir='ltr'><strong>defunctus.</strong></span> <span class='ocrx_word' id='word_1_299' title='bbox 866 2498 1033 2552; x_wconf 79' lang='lat' dir='ltr'><strong>Vobis</strong></span> <span class='ocrx_word' id='word_1_300' title='bbox 1062 2505 1143 2552; x_wconf 88' lang='lat' dir='ltr'><strong>est</strong></span> <span class='ocrx_word' id='word_1_301' title='bbox 1170 2498 1311 2552; x_wconf 91' lang='lat' dir='ltr'><strong>enim</strong></span> <span class='ocrx_word' id='word_1_302' title='bbox 1347 2497 1559 2567; x_wconf 84' lang='lat' dir='ltr'><strong>ablatus</strong></span> <span class='ocrx_word' id='word_1_303' title='bbox 1582 2540 1596 2562; x_wconf 93' lang='lat'><strong>,</strong></span> <span class='ocrx_word' id='word_1_304' title='bbox 1642 2512 1739 2551; x_wconf 88' lang='lat' dir='ltr'><strong>no-</strong></span> 
     </span>
    </p>
   </div>
   <div class='ocr_carea' id='block_1_42' title="bbox 178 2586 1740 2659">
    <p class='ocr_par' dir='ltr' id='par_1_42' title="bbox 178 2586 1740 2659">
     <span class='ocr_line' id='line_1_42' title="bbox 178 2586 1740 2659; baseline -0.001 -16"><span class='ocrx_word' id='word_1_305' title='bbox 178 2586 259 2643; x_wconf 73' lang='lat' dir='ltr'><strong>bis</strong></span> <span class='ocrx_word' id='word_1_306' title='bbox 283 2605 313 2641; x_wconf 86' lang='lat' dir='ltr'><strong>a</strong></span> <span class='ocrx_word' id='word_1_307' title='bbox 350 2590 455 2645; x_wconf 90' lang='lat' dir='ltr'><strong>Deo</strong></span> <span class='ocrx_word' id='word_1_308' title='bbox 483 2589 738 2646; x_wconf 81' lang='lat' dir='ltr'><strong>donatus.</strong></span> <span class='ocrx_word' id='word_1_309' title='bbox 771 2589 968 2644; x_wconf 81' lang='lat' dir='ltr'><strong>Verum</strong></span> <span class='ocrx_word' id='word_1_310' title='bbox 1012 2590 1056 2643; x_wconf 87' lang='lat' dir='ltr'><strong>si</strong></span> <span class='ocrx_word' id='word_1_311' title='bbox 1104 2605 1219 2643; x_wconf 87' lang='lat' dir='ltr'><strong>mos</strong></span> <span class='ocrx_word' id='word_1_312' title='bbox 1260 2589 1553 2659; x_wconf 89' lang='lat' dir='ltr'><strong>antiquitus</strong></span> <span class='ocrx_word' id='word_1_313' title='bbox 1588 2590 1740 2643; x_wconf 85' lang='lat' dir='ltr'><strong>insti-</strong></span> 
     </span>
    </p>
   </div>
   <div class='ocr_carea' id='block_1_43' title="bbox 183 2680 1741 2750">
    <p class='ocr_par' dir='ltr' id='par_1_43' title="bbox 183 2680 1741 2750">
     <span class='ocr_line' id='line_1_43' title="bbox 183 2680 1741 2750; baseline -0.001 -15"><span class='ocrx_word' id='word_1_314' title='bbox 183 2689 323 2735; x_wconf 74' lang='lat' dir='ltr'><strong>tutus</strong></span> <span class='ocrx_word' id='word_1_315' title='bbox 349 2693 610 2749; x_wconf 80' lang='lat' dir='ltr'><strong>servatur,</strong></span> <span class='ocrx_word' id='word_1_316' title='bbox 644 2684 696 2735; x_wconf 91' lang='lat' dir='ltr'><strong>in</strong></span> <span class='ocrx_word' id='word_1_317' title='bbox 729 2682 862 2735; x_wconf 91' lang='lat' dir='ltr'><strong>urbe</strong></span> <span class='ocrx_word' id='word_1_318' title='bbox 886 2697 987 2750; x_wconf 89' lang='lat' dir='ltr'><strong>qua</strong></span> <span class='ocrx_word' id='word_1_319' title='bbox 1029 2681 1313 2735; x_wconf 90' lang='lat' dir='ltr'><strong>ordinatus</strong></span> <span class='ocrx_word' id='word_1_320' title='bbox 1353 2690 1437 2735; x_wconf 88' lang='lat' dir='ltr'><strong>est</strong></span> <span class='ocrx_word' id='word_1_321' title='bbox 1462 2720 1478 2744; x_wconf 83' lang='lat'><strong>.</strong></span> <span class='ocrx_word' id='word_1_322' title='bbox 1525 2680 1741 2735; x_wconf 86' lang='lat' dir='ltr'><strong>habebit</strong></span> 
     </span>
    </p>
   </div>
   <div class='ocr_carea' id='block_1_44' title="bbox 185 2773 1739 2843">
    <p class='ocr_par' dir='ltr' id='par_1_44' title="bbox 185 2773 1739 2843">
     <span class='ocr_line' id='line_1_44' title="bbox 185 2773 1739 2843; baseline -0.001 -16"><span class='ocrx_word' id='word_1_323' title='bbox 185 2774 285 2827; x_wconf 85' lang='lat' dir='ltr'><strong>Deo</strong></span> <span class='ocrx_word' id='word_1_324' title='bbox 306 2776 523 2842; x_wconf 75' lang='lat' dir='ltr'><strong>iubente</strong></span> <span class='ocrx_word' id='word_1_325' title='bbox 550 2777 885 2843; x_wconf 85' lang='lat' dir='ltr'><strong>sepulcrum.</strong></span> <span class='ocrx_word' id='word_1_326' title='bbox 916 2774 1068 2828; x_wconf 83' lang='lat' dir='ltr'><strong>Certe</strong></span> <span class='ocrx_word' id='word_1_327' title='bbox 1095 2774 1138 2827; x_wconf 91' lang='lat' dir='ltr'><strong>si</strong></span> <span class='ocrx_word' id='word_1_328' title='bbox 1169 2790 1266 2842; x_wconf 90' lang='lat' dir='ltr'><strong>pro</strong></span> <span class='ocrx_word' id='word_1_329' title='bbox 1297 2774 1603 2827; x_wconf 88' lang='lat' dir='ltr'><strong>monasterii</strong></span> <span class='ocrx_word' id='word_1_330' title='bbox 1634 2773 1739 2843; x_wconf 83' lang='lat' dir='ltr'><strong>pri-</strong></span> 
     </span>
    </p>
   </div>
   <div class='ocr_carea' id='block_1_45' title="bbox 182 2864 1738 2936">
    <p class='ocr_par' dir='ltr' id='par_1_45' title="bbox 182 2864 1738 2936">
     <span class='ocr_line' id='line_1_45' title="bbox 182 2864 1738 2936; baseline -0.001 -18"><span class='ocrx_word' id='word_1_331' title='bbox 182 2866 362 2935; x_wconf 82' lang='lat' dir='ltr'><strong>vilegio</strong></span> <span class='ocrx_word' id='word_1_332' title='bbox 409 2880 429 2903; x_wconf 77' lang='grc' dir='ltr'>ε</span> <span class='ocrx_word' id='word_1_333' title='bbox 462 2869 661 2936; x_wconf 85' lang='lat' dir='ltr'><strong>cupitis</strong></span> <span class='ocrx_word' id='word_1_334' title='bbox 696 2866 994 2931; x_wconf 83' lang='lat' dir='ltr'><strong>vindicare,</strong></span> <span class='ocrx_word' id='word_1_335' title='bbox 1027 2868 1219 2921; x_wconf 84' lang='lat' dir='ltr'><strong>scitote</strong></span> <span class='ocrx_word' id='word_1_336' title='bbox 1258 2866 1377 2933; x_wconf 87' lang='lat' dir='ltr'><strong>quia</strong></span> <span class='ocrx_word' id='word_1_337' title='bbox 1425 2864 1649 2934; x_wconf 90' lang='lat' dir='ltr'><strong>primum</strong></span> <span class='ocrx_word' id='word_1_338' title='bbox 1690 2865 1738 2920; x_wconf 92' lang='lat' dir='ltr'><strong>ei</strong></span> 
     </span>
    </p>
   </div>
   <div class='ocr_carea' id='block_1_46' title="bbox 181 2958 1736 3027">
    <p class='ocr_par' dir='ltr' id='par_1_46' title="bbox 181 2958 1736 3027">
     <span class='ocr_line' id='line_1_46' title="bbox 181 2958 1736 3027; baseline 0.001 -16"><span class='ocrx_word' id='word_1_339' title='bbox 181 2962 550 3015; x_wconf 70' lang='lat' dir='ltr'><strong>minuasterium</strong></span> <span class='ocrx_word' id='word_1_340' title='bbox 600 2976 721 3015; x_wconf 85' lang='lat' dir='ltr'><strong>cum</strong></span> <span class='ocrx_word' id='word_1_341' title='bbox 772 2959 1253 3015; x_wconf 83' lang='lat' dir='ltr'><strong>Mediolanensihus</strong></span> <span class='ocrx_word' id='word_1_342' title='bbox 1303 2958 1423 3012; x_wconf 85' lang='lat' dir='ltr'><strong>fuit.</strong></span> <span class='ocrx_word' id='word_1_343' title='bbox 1472 2959 1564 3012; x_wconf 85' lang='lat' dir='ltr'><strong>His</strong></span> <span class='ocrx_word' id='word_1_344' title='bbox 1610 2973 1736 3027; x_wconf 83' lang='lat' dir='ltr'><strong>ergo</strong></span> 
     </span>
    </p>
   </div>
   <div class='ocr_carea' id='block_1_47' title="bbox 1840 1856 3397 1926">
    <p class='ocr_par' dir='ltr' id='par_1_47' title="bbox 1840 1856 3397 1926">
     <span class='ocr_line' id='line_1_47' title="bbox 1840 1856 3397 1926; baseline -0.004 -13"><span class='ocrx_word' id='word_1_345' title='bbox 1840 1860 1884 1913; x_wconf 88' lang='lat' dir='ltr'><strong>si</strong></span> <span class='ocrx_word' id='word_1_346' title='bbox 1912 1858 2030 1926; x_wconf 91' lang='lat' dir='ltr'><strong>quis</strong></span> <span class='ocrx_word' id='word_1_347' title='bbox 2059 1858 2308 1926; x_wconf 88' lang='lat' dir='ltr'><strong>requiret,</strong></span> <span class='ocrx_word' id='word_1_348' title='bbox 2336 1872 2430 1911; x_wconf 91' lang='lat' dir='ltr'><strong>cur</strong></span> <span class='ocrx_word' id='word_1_349' title='bbox 2454 1867 2566 1924; x_wconf 90' lang='lat' dir='ltr'><strong>post</strong></span> <span class='ocrx_word' id='word_1_350' title='bbox 2598 1858 2875 1911; x_wconf 87' lang='lat' dir='ltr'><strong>transitum</strong></span> <span class='ocrx_word' id='word_1_351' title='bbox 2906 1856 3114 1910; x_wconf 86' lang='lat' dir='ltr'><strong>Galiani</strong></span> <span class='ocrx_word' id='word_1_352' title='bbox 3140 1856 3397 1924; x_wconf 79' lang='lat' dir='ltr'><strong>episconi,</strong></span> 
     </span>
    </p>
   </div>
   <div class='ocr_carea' id='block_1_48' title="bbox 1841 1945 3414 2014">
    <p class='ocr_par' dir='ltr' id='par_1_48' title="bbox 1841 1945 3414 2014">
     <span class='ocr_line' id='line_1_48' title="bbox 1841 1945 3414 2014; baseline -0.002 -12"><span class='ocrx_word' id='word_1_353' title='bbox 1841 1964 1977 2002; x_wconf 86' lang='lat' dir='ltr'><strong>unus</strong></span> <span class='ocrx_word' id='word_1_354' title='bbox 2005 1956 2245 2009; x_wconf 82' lang='lat' dir='ltr'><strong>tantum.</strong></span> <span class='ocrx_word' id='word_1_355' title='bbox 2276 1947 2326 2001; x_wconf 91' lang='lat' dir='ltr'><strong>id</strong></span> <span class='ocrx_word' id='word_1_356' title='bbox 2369 1956 2450 2001; x_wconf 88' lang='lat' dir='ltr'><strong>est</strong></span> <span class='ocrx_word' id='word_1_357' title='bbox 2490 1946 2718 2005; x_wconf 82' lang='lat' dir='ltr'><strong>Litorius</strong></span> <span class='ocrx_word' id='word_1_358' title='bbox 2745 1955 2808 2011; x_wconf 76' lang='grc' dir='ltr'><em>ε,</em></span> <span class='ocrx_word' id='word_1_359' title='bbox 2852 1961 3017 2014; x_wconf 88' lang='lat' dir='ltr'><strong>usque</strong></span> <span class='ocrx_word' id='word_1_360' title='bbox 3057 1945 3122 1999; x_wconf 86' lang='lat' dir='ltr'><strong>ad</strong></span> <span class='ocrx_word' id='word_1_361' title='bbox 3163 1954 3414 1999; x_wconf 88' lang='lat' dir='ltr'><strong>sanctum</strong></span> 
     </span>
    </p>
   </div>
   <div class='ocr_carea' id='block_1_49' title="bbox 1844 2038 3403 2108">
    <p class='ocr_par' dir='ltr' id='par_1_49' title="bbox 1844 2038 3403 2108">
     <span class='ocr_line' id='line_1_49' title="bbox 1844 2038 3403 2108; baseline -0.003 -14"><span class='ocrx_word' id='word_1_362' title='bbox 1844 2042 2124 2095; x_wconf 80' lang='lat' dir='ltr'><strong>Martinum</strong></span> <span class='ocrx_word' id='word_1_363' title='bbox 2168 2039 2353 2094; x_wconf 88' lang='lat' dir='ltr'><strong>fuisset</strong></span> <span class='ocrx_word' id='word_1_364' title='bbox 2394 2041 2699 2108; x_wconf 85' lang='lat' dir='ltr'><strong>episcopus,</strong></span> <span class='ocrx_word' id='word_1_365' title='bbox 2745 2040 2951 2093; x_wconf 87' lang='lat' dir='ltr'><strong>noverit</strong></span> <span class='ocrx_word' id='word_1_366' title='bbox 2980 2039 3102 2107; x_wconf 86' lang='lat' dir='ltr'><strong>quia</strong></span> <span class='ocrx_word' id='word_1_367' title='bbox 3131 2038 3403 2092; x_wconf 82' lang='lat' dir='ltr'><strong>obsisten-</strong></span> 
     </span>
    </p>
   </div>
   <div class='ocr_carea' id='block_1_50' title="bbox 1842 2131 3417 2201">
    <p class='ocr_par' dir='ltr' id='par_1_50' title="bbox 1842 2131 3417 2201">
     <span class='ocr_line' id='line_1_50' title="bbox 1842 2131 3417 2201; baseline -0.003 -12"><span class='ocrx_word' id='word_1_368' title='bbox 1842 2135 1986 2189; x_wconf 88' lang='lat' dir='ltr'><strong>tibus</strong></span> <span class='ocrx_word' id='word_1_369' title='bbox 2011 2134 2254 2201; x_wconf 79' lang='lat' dir='ltr'><strong>paganis,</strong></span> <span class='ocrx_word' id='word_1_370' title='bbox 2286 2132 2376 2185; x_wconf 88' lang='lat' dir='ltr'><strong>diu</strong></span> <span class='ocrx_word' id='word_1_371' title='bbox 2402 2133 2590 2186; x_wconf 82' lang='lat' dir='ltr'><strong>civitas</strong></span> <span class='ocrx_word' id='word_1_372' title='bbox 2612 2131 2873 2185; x_wconf 79' lang='lat' dir='ltr'><strong>Turonica</strong></span> <span class='ocrx_word' id='word_1_373' title='bbox 2900 2131 3019 2185; x_wconf 89' lang='lat' dir='ltr'><strong>sine</strong></span> <span class='ocrx_word' id='word_1_374' title='bbox 3044 2132 3417 2186; x_wconf 77' lang='lat' dir='ltr'><strong>benedictione</strong></span> 
     </span>
    </p>
   </div>
   <div class='ocr_carea' id='block_1_51' title="bbox 1847 2222 3413 2292">
    <p class='ocr_par' dir='ltr' id='par_1_51' title="bbox 1847 2222 3413 2292">
     <span class='ocr_line' id='line_1_51' title="bbox 1847 2222 3413 2292; baseline -0.001 -13"><span class='ocrx_word' id='word_1_375' title='bbox 1847 2224 2165 2279; x_wconf 88' lang='lat' dir='ltr'><strong>sacerdotali</strong></span> <span class='ocrx_word' id='word_1_376' title='bbox 2209 2224 2327 2279; x_wconf 85' lang='lat' dir='ltr'><strong>fuit.</strong></span> <span class='ocrx_word' id='word_1_377' title='bbox 2366 2224 2495 2278; x_wconf 83' lang='lat' dir='ltr'><strong>Nam</strong></span> <span class='ocrx_word' id='word_1_378' title='bbox 2527 2222 2617 2291; x_wconf 88' lang='lat' dir='ltr'><strong>qui</strong></span> <span class='ocrx_word' id='word_1_379' title='bbox 2648 2222 2937 2277; x_wconf 79' lang='lat' dir='ltr'><strong>Christiani</strong></span> <span class='ocrx_word' id='word_1_380' title='bbox 2969 2239 3034 2278; x_wconf 82' lang='lat' dir='ltr'><strong>eo</strong></span> <span class='ocrx_word' id='word_1_381' title='bbox 3064 2232 3301 2292; x_wconf 83' lang='lat' dir='ltr'><strong>tempore</strong></span> <span class='ocrx_word' id='word_1_382' title='bbox 3328 2226 3413 2278; x_wconf 89' lang='lat' dir='ltr'><strong>vi-</strong></span> 
     </span>
    </p>
   </div>
   <div class='ocr_carea' id='block_1_52' title="bbox 1846 2316 3415 2387">
    <p class='ocr_par' dir='ltr' id='par_1_52' title="bbox 1846 2316 3415 2387">
     <span class='ocr_line' id='line_1_52' title="bbox 1846 2316 3415 2387; baseline -0.001 -15"><span class='ocrx_word' id='word_1_383' title='bbox 1846 2318 2130 2384; x_wconf 83' lang='lat' dir='ltr'><strong>debantur,</strong></span> <span class='ocrx_word' id='word_1_384' title='bbox 2164 2318 2370 2372; x_wconf 86' lang='lat' dir='ltr'><strong>occulte</strong></span> <span class='ocrx_word' id='word_1_385' title='bbox 2397 2325 2451 2371; x_wconf 87' lang='lat' dir='ltr'><strong>ct</strong></span> <span class='ocrx_word' id='word_1_386' title='bbox 2490 2332 2586 2387; x_wconf 90' lang='lat' dir='ltr'><strong>per</strong></span> <span class='ocrx_word' id='word_1_387' title='bbox 2624 2317 2859 2371; x_wconf 84' lang='lat' dir='ltr'><strong>latebras</strong></span> <span class='ocrx_word' id='word_1_388' title='bbox 2899 2316 3132 2371; x_wconf 87' lang='lat' dir='ltr'><strong>divinum</strong></span> <span class='ocrx_word' id='word_1_389' title='bbox 3173 2316 3415 2371; x_wconf 72' lang='lat' dir='ltr'><strong>ofﬁciunt</strong></span> 
     </span>
    </p>
   </div>
   <div class='ocr_carea' id='block_1_53' title="bbox 1846 2408 3417 2478">
    <p class='ocr_par' dir='ltr' id='par_1_53' title="bbox 1846 2408 3417 2478">
     <span class='ocr_line' id='line_1_53' title="bbox 1846 2408 3417 2478; baseline 0 -13"><span class='ocrx_word' id='word_1_390' title='bbox 1846 2410 2208 2465; x_wconf 85' lang='lat' dir='ltr'><strong>celebrabant.</strong></span> <span class='ocrx_word' id='word_1_391' title='bbox 2240 2408 2371 2464; x_wconf 87' lang='lat' dir='ltr'><strong>Nam</strong></span> <span class='ocrx_word' id='word_1_392' title='bbox 2403 2410 2565 2474; x_wconf 88' lang='lat' dir='ltr'><strong>siqui</strong></span> <span class='ocrx_word' id='word_1_393' title='bbox 2608 2424 2637 2462; x_wconf 91' lang='lat' dir='ltr'><strong>a</strong></span> <span class='ocrx_word' id='word_1_394' title='bbox 2683 2410 2902 2478; x_wconf 79' lang='lat' dir='ltr'><strong>paganis</strong></span> <span class='ocrx_word' id='word_1_395' title='bbox 2947 2411 3140 2476; x_wconf 85' lang='lat' dir='ltr'><strong>reperti</strong></span> <span class='ocrx_word' id='word_1_396' title='bbox 3190 2409 3417 2465; x_wconf 86' lang='lat' dir='ltr'><strong>fuissent-</strong></span> 
     </span>
    </p>
   </div>
   <div class='ocr_carea' id='block_1_54' title="bbox 1842 2501 3411 2567">
    <p class='ocr_par' dir='ltr' id='par_1_54' title="bbox 1842 2501 3411 2567">
     <span class='ocr_line' id='line_1_54' title="bbox 1842 2501 3411 2567; baseline -0.001 -10"><span class='ocrx_word' id='word_1_397' title='bbox 1842 2502 2129 2557; x_wconf 73' lang='lat' dir='ltr'><strong>Chrisriani</strong></span> <span class='ocrx_word' id='word_1_398' title='bbox 2149 2544 2163 2566; x_wconf 89' lang='lat'><strong>,</strong></span> <span class='ocrx_word' id='word_1_399' title='bbox 2195 2513 2286 2556; x_wconf 88' lang='lat' dir='ltr'><strong>aut</strong></span> <span class='ocrx_word' id='word_1_400' title='bbox 2315 2501 2683 2557; x_wconf 70' lang='lat' dir='ltr'><strong>efficiebantur</strong></span> <span class='ocrx_word' id='word_1_401' title='bbox 2713 2501 3023 2556; x_wconf 81' lang='lat' dir='ltr'><strong>verberibus</strong></span> <span class='ocrx_word' id='word_1_402' title='bbox 3047 2542 3063 2566; x_wconf 90' lang='lat'><strong>,</strong></span> <span class='ocrx_word' id='word_1_403' title='bbox 3103 2514 3191 2555; x_wconf 88' lang='lat' dir='ltr'><strong>aut</strong></span> <span class='ocrx_word' id='word_1_404' title='bbox 3232 2502 3411 2567; x_wconf 78' lang='lat' dir='ltr'><strong>gladio</strong></span> 
     </span>
    </p>
   </div>
   <div class='ocr_carea' id='block_1_55' title="bbox 1846 2596 2525 2647">
    <p class='ocr_par' dir='ltr' id='par_1_55' title="bbox 1846 2596 2525 2647">
     <span class='ocr_line' id='line_1_55' title="bbox 1846 2596 2525 2647; baseline -0.003 0"><span class='ocrx_word' id='word_1_405' title='bbox 1846 2604 2029 2647; x_wconf 89' lang='lat' dir='ltr'><strong>trunca</strong></span> <span class='ocrx_word' id='word_1_406' title='bbox 2039 2596 2247 2647; x_wconf 88' lang='lat' dir='ltr'><strong>bantur.</strong></span> <span class='ocrx_word' id='word_1_407' title='bbox 2524 2638 2525 2645; x_wconf 48' lang='grc' dir='ltr'><strong>η</strong></span> 
     </span>
    </p>
   </div>
   <div class='ocr_carea' id='block_1_56' title="bbox 1919 2682 3415 2752">
    <p class='ocr_par' dir='ltr' id='par_1_56' title="bbox 1919 2682 3415 2752">
     <span class='ocr_line' id='line_1_56' title="bbox 1919 2682 3415 2752; baseline 0 -12"><span class='ocrx_word' id='word_1_408' title='bbox 1919 2692 1959 2740; x_wconf 70' lang='grc' dir='ltr'><strong>Α</strong></span> <span class='ocrx_word' id='word_1_409' title='bbox 2007 2686 2267 2741; x_wconf 85' lang='lat' dir='ltr'><strong>Passione</strong></span> <span class='ocrx_word' id='word_1_410' title='bbox 2298 2699 2427 2750; x_wconf 74' lang='lat' dir='ltr'><strong>ergo</strong></span> <span class='ocrx_word' id='word_1_411' title='bbox 2458 2685 2707 2750; x_wconf 90' lang='lat' dir='ltr'><strong>Domini,</strong></span> <span class='ocrx_word' id='word_1_412' title='bbox 2742 2698 2909 2752; x_wconf 87' lang='lat' dir='ltr'><strong>usque</strong></span> <span class='ocrx_word' id='word_1_413' title='bbox 2937 2684 3212 2737; x_wconf 87' lang='lat' dir='ltr'><strong>transitum</strong></span> <span class='ocrx_word' id='word_1_414' title='bbox 3246 2682 3415 2740; x_wconf 85' lang='lat' dir='ltr'><strong>sancti</strong></span> 
     </span>
    </p>
   </div>
   <div class='ocr_carea' id='block_1_57' title="bbox 1852 2771 2873 2839">
    <p class='ocr_par' dir='ltr' id='par_1_57' title="bbox 1852 2771 2873 2839">
     <span class='ocr_line' id='line_1_57' title="bbox 1852 2771 2873 2839; baseline -0.003 -9"><span class='ocrx_word' id='word_1_415' title='bbox 1852 2774 2063 2830; x_wconf 78' lang='lat' dir='ltr'><strong>Martini</strong></span> <span class='ocrx_word' id='word_1_416' title='bbox 2090 2817 2104 2838; x_wconf 85' lang='lat'><strong>,</strong></span> <span class='ocrx_word' id='word_1_417' title='bbox 2140 2775 2264 2828; x_wconf 91' lang='lat' dir='ltr'><strong>anni</strong></span> <span class='ocrx_word' id='word_1_418' title='bbox 2291 2773 2394 2827; x_wconf 75' lang='lat' dir='ltr'><strong>M2</strong></span> <span class='ocrx_word' id='word_1_419' title='bbox 2426 2771 2452 2810; x_wconf 71' lang='grc' dir='ltr'><strong>ιι</strong></span> <span class='ocrx_word' id='word_1_420' title='bbox 2482 2782 2873 2839; x_wconf 89' lang='lat' dir='ltr'><strong>computantur.</strong></span> 
     </span>
    </p>
   </div>
   <div class='ocr_carea' id='block_1_58' title="bbox 1918 2862 3413 2934">
    <p class='ocr_par' dir='ltr' id='par_1_58' title="bbox 1918 2862 3413 2934">
     <span class='ocr_line' id='line_1_58' title="bbox 1918 2862 3413 2934; baseline -0.003 -14"><span class='ocrx_word' id='word_1_421' title='bbox 1918 2866 2215 2934; x_wconf 81' lang='lat' dir='ltr'><strong>Explicitus</strong></span> <span class='ocrx_word' id='word_1_422' title='bbox 2241 2874 2325 2919; x_wconf 87' lang='lat' dir='ltr'><strong>est</strong></span> <span class='ocrx_word' id='word_1_423' title='bbox 2345 2864 2480 2918; x_wconf 87' lang='lat' dir='ltr'><strong>liber</strong></span> <span class='ocrx_word' id='word_1_424' title='bbox 2509 2868 2730 2932; x_wconf 89' lang='lat' dir='ltr'><strong>primus,</strong></span> <span class='ocrx_word' id='word_1_425' title='bbox 2751 2864 3030 2917; x_wconf 88' lang='lat' dir='ltr'><strong>continens</strong></span> <span class='ocrx_word' id='word_1_426' title='bbox 3054 2876 3220 2916; x_wconf 90' lang='lat' dir='ltr'><strong>annos</strong></span> <span class='ocrx_word' id='word_1_427' title='bbox 3247 2862 3413 2928; x_wconf 73' lang='grc'><strong>5566,</strong></span> 
     </span>
    </p>
   </div>
   <div class='ocr_carea' id='block_1_59' title="bbox 1844 2954 3413 3029">
    <p class='ocr_par' dir='ltr' id='par_1_59' title="bbox 1844 2954 3413 3029">
     <span class='ocr_line' id='line_1_59' title="bbox 1844 2954 3413 3029; baseline -0.001 -18"><span class='ocrx_word' id='word_1_428' title='bbox 1844 2959 1936 3029; x_wconf 84' lang='lat' dir='ltr'><strong>qui</strong></span> <span class='ocrx_word' id='word_1_429' title='bbox 1966 2965 2349 3026; x_wconf 88' lang='lat' dir='ltr'><strong>computantur</strong></span> <span class='ocrx_word' id='word_1_430' title='bbox 2379 2973 2406 3009; x_wconf 90' lang='lat' dir='ltr'><strong>a</strong></span> <span class='ocrx_word' id='word_1_431' title='bbox 2441 2958 2701 3026; x_wconf 85' lang='lat' dir='ltr'><strong>principio</strong></span> <span class='ocrx_word' id='word_1_432' title='bbox 2728 2956 2907 3010; x_wconf 90' lang='lat' dir='ltr'><strong>mundi</strong></span> <span class='ocrx_word' id='word_1_433' title='bbox 2938 2970 3103 3025; x_wconf 81' lang='lat' dir='ltr'><strong>usque</strong></span> <span class='ocrx_word' id='word_1_434' title='bbox 3130 2954 3196 3008; x_wconf 85' lang='lat' dir='ltr'><strong>ad</strong></span> <span class='ocrx_word' id='word_1_435' title='bbox 3224 2955 3413 3009; x_wconf 89' lang='lat' dir='ltr'><strong>transi-</strong></span> 
     </span>
    </p>
   </div>
   <div class='ocr_carea' id='block_1_60' title="bbox 180 3016 2655 3120">
    <p class='ocr_par' dir='ltr' id='par_1_60' title="bbox 180 3016 2655 3120">
     <span class='ocr_line' id='line_1_60' title="bbox 180 3016 2655 3120; baseline 0.001 -20"><span class='ocrx_word' id='word_1_436' title='bbox 180 3046 490 3120; x_wconf 75' lang='lat' dir='ltr'><strong>litigantibus</strong></span> <span class='ocrx_word' id='word_1_437' title='bbox 510 3092 526 3115; x_wconf 89' lang='lat'><strong>,</strong></span> <span class='ocrx_word' id='word_1_438' title='bbox 570 3051 686 3104; x_wconf 90' lang='lat' dir='ltr'><strong>sole</strong></span> <span class='ocrx_word' id='word_1_439' title='bbox 724 3060 911 3102; x_wconf 87' lang='lat' dir='ltr'><strong>ruente</strong></span> <span class='ocrx_word' id='word_1_440' title='bbox 952 3065 1055 3104; x_wconf 76' lang='lat' dir='ltr'><strong>nos</strong></span> <span class='ocrx_word' id='word_1_441' title='bbox 1100 3049 1387 3113; x_wconf 90' lang='lat' dir='ltr'><strong>clauditur,</strong></span> <span class='ocrx_word' id='word_1_442' title='bbox 1434 3063 1736 3117; x_wconf 85' lang='lat' dir='ltr'><strong>corpusque</strong></span> <span class='ocrx_word' id='word_1_443' title='bbox 1764 3016 1812 3079; x_wconf 66' lang='grc' dir='ltr'>Ο</span> <span class='ocrx_word' id='word_1_444' title='bbox 1844 3060 1953 3105; x_wconf 79' lang='lat' dir='ltr'><strong>tum</strong></span> <span class='ocrx_word' id='word_1_445' title='bbox 1983 3054 2151 3106; x_wconf 87' lang='lat' dir='ltr'><strong>sancti</strong></span> <span class='ocrx_word' id='word_1_446' title='bbox 2179 3050 2389 3104; x_wconf 81' lang='lat' dir='ltr'><strong>Martini</strong></span> <span class='ocrx_word' id='word_1_447' title='bbox 2418 3048 2655 3118; x_wconf 83' lang='lat' dir='ltr'><strong>episcopi</strong></span> 
     </span>
    </p>
   </div>
   <div class='ocr_carea' id='block_1_61' title="bbox 305 3160 1733 3225">
    <p class='ocr_par' dir='ltr' id='par_1_61' title="bbox 305 3160 1733 3225">
     <span class='ocr_line' id='line_1_61' title="bbox 305 3160 1733 3225; baseline -0.002 -7"><span class='ocrx_word' id='word_1_448' title='bbox 305 3164 389 3218; x_wconf 88' lang='lat' dir='ltr'><strong>Sic</strong></span> <span class='ocrx_word' id='word_1_449' title='bbox 427 3164 551 3217; x_wconf 82' lang='lat' dir='ltr'><strong>cod.</strong></span> <span class='ocrx_word' id='word_1_450' title='bbox 593 3162 755 3217; x_wconf 86' lang='lat' dir='ltr'><strong>COrb.</strong></span> <span class='ocrx_word' id='word_1_451' title='bbox 789 3173 842 3216; x_wconf 90' lang='lat' dir='ltr'><strong>ct</strong></span> <span class='ocrx_word' id='word_1_452' title='bbox 868 3160 1089 3223; x_wconf 86' lang='lat' dir='ltr'><strong>Germ.;</strong></span> <span class='ocrx_word' id='word_1_453' title='bbox 1122 3162 1246 3224; x_wconf 88' lang='lat' dir='ltr'><strong>alii,</strong></span> <span class='ocrx_word' id='word_1_454' title='bbox 1276 3162 1569 3225; x_wconf 74' lang='lat' dir='ltr'><strong>Ctesarico;</strong></span> <span class='ocrx_word' id='word_1_455' title='bbox 1600 3174 1733 3216; x_wconf 87' lang='lat' dir='ltr'><strong>non-</strong></span> 
     </span>
    </p>
   </div>
   <div class='ocr_carea' id='block_1_62' title="bbox 180 3233 3406 3373">
    <p class='ocr_par' dir='ltr' id='par_1_62' title="bbox 180 3233 3406 3373">
     <span class='ocr_line' id='line_1_62' title="bbox 180 3233 2994 3305; baseline -0.001 -18"><span class='ocrx_word' id='word_1_456' title='bbox 180 3234 299 3288; x_wconf 75' lang='lat' dir='ltr'><strong>anili</strong></span> <span class='ocrx_word' id='word_1_457' title='bbox 319 3275 334 3296; x_wconf 85' lang='lat'><strong>.</strong></span> <span class='ocrx_word' id='word_1_458' title='bbox 373 3234 632 3288; x_wconf 73' lang='lat' dir='ltr'><strong>Cwsareo.</strong></span> <span class='ocrx_word' id='word_1_459' title='bbox 673 3235 877 3300; x_wconf 79' lang='lat' dir='ltr'><strong>Quibus</strong></span> <span class='ocrx_word' id='word_1_460' title='bbox 903 3233 1209 3287; x_wconf 89' lang='lat' dir='ltr'><strong>consulibus</strong></span> <span class='ocrx_word' id='word_1_461' title='bbox 1236 3234 1467 3300; x_wconf 84' lang='lat' dir='ltr'><strong>vulgaris</strong></span> <span class='ocrx_word' id='word_1_462' title='bbox 1493 3248 1614 3286; x_wconf 69' lang='lat' dir='ltr'><strong>aii-te</strong></span> <span class='ocrx_word' id='word_1_463' title='bbox 1643 3248 1739 3286; x_wconf 88' lang='lat' dir='ltr'><strong>an-</strong></span> <span class='ocrx_word' id='word_1_464' title='bbox 1780 3290 1783 3295; x_wconf 89' lang='lat'><strong><em>_</em></strong></span> <span class='ocrx_word' id='word_1_465' title='bbox 1840 3234 2053 3288; x_wconf 87' lang='lat' dir='ltr'><strong>tandem</strong></span> <span class='ocrx_word' id='word_1_466' title='bbox 2086 3233 2323 3305; x_wconf 88' lang='lat' dir='ltr'><strong>patribus</strong></span> <span class='ocrx_word' id='word_1_467' title='bbox 2352 3233 2637 3287; x_wconf 88' lang='lat' dir='ltr'><strong>Societatis</strong></span> <span class='ocrx_word' id='word_1_468' title='bbox 2660 3233 2784 3286; x_wconf 88' lang='lat' dir='ltr'><strong>.lesu</strong></span> <span class='ocrx_word' id='word_1_469' title='bbox 2813 3233 2994 3285; x_wconf 84' lang='lat' dir='ltr'><strong>cessit.</strong></span> 
     </span>
     <span class='ocr_line' id='line_1_63' title="bbox 182 3301 3406 3373; baseline 0 -17"><span class='ocrx_word' id='word_1_470' title='bbox 182 3320 269 3358; x_wconf 77' lang='lat' dir='ltr'><strong>nos</strong></span> <span class='ocrx_word' id='word_1_471' title='bbox 295 3303 390 3358; x_wconf 80' lang='lat'><strong>597</strong></span> <span class='ocrx_word' id='word_1_472' title='bbox 418 3305 766 3373; x_wconf 82' lang='lat' dir='ltr'><strong>designatur,</strong></span> <span class='ocrx_word' id='word_1_473' title='bbox 796 3320 953 3372; x_wconf 87' lang='lat' dir='ltr'><strong>quem</strong></span> <span class='ocrx_word' id='word_1_474' title='bbox 994 3304 1220 3358; x_wconf 83' lang='lat' dir='ltr'><strong>Martino</strong></span> <span class='ocrx_word' id='word_1_475' title='bbox 1247 3312 1545 3358; x_wconf 75' lang='lat' dir='ltr'><strong>extremum</strong></span> <span class='ocrx_word' id='word_1_476' title='bbox 1575 3302 1738 3359; x_wconf 88' lang='lat' dir='ltr'><strong>fuisse</strong></span> <span class='ocrx_word' id='word_1_477' title='bbox 1766 3336 1817 3373; x_wconf 67' lang='grc' dir='ltr'>η</span> <span class='ocrx_word' id='word_1_478' title='bbox 1913 3305 1940 3341; x_wconf 77' lang='grc' dir='ltr'>ά</span> <span class='ocrx_word' id='word_1_479' title='bbox 1983 3305 2035 3359; x_wconf 91' lang='lat' dir='ltr'><strong>Id</strong></span> <span class='ocrx_word' id='word_1_480' title='bbox 2069 3305 2239 3371; x_wconf 91' lang='lat' dir='ltr'><strong>ipsum</strong></span> <span class='ocrx_word' id='word_1_481' title='bbox 2269 3311 2497 3358; x_wconf 89' lang='lat' dir='ltr'><strong>testatur</strong></span> <span class='ocrx_word' id='word_1_482' title='bbox 2522 3304 2751 3358; x_wconf 82' lang='lat' dir='ltr'><strong>Severus</strong></span> <span class='ocrx_word' id='word_1_483' title='bbox 2775 3302 3034 3371; x_wconf 88' lang='lat' dir='ltr'><strong>Sulpicius</strong></span> <span class='ocrx_word' id='word_1_484' title='bbox 3062 3301 3115 3357; x_wconf 93' lang='lat' dir='ltr'><strong>in</strong></span> <span class='ocrx_word' id='word_1_485' title='bbox 3138 3301 3349 3373; x_wconf 81' lang='lat' dir='ltr'><strong>dialogo</strong></span> <span class='ocrx_word' id='word_1_486' title='bbox 3368 3302 3406 3355; x_wconf 65' lang='lat'><strong>“2</strong></span> 
     </span>
    </p>
   </div>
   <div class='ocr_carea' id='block_1_63' title="bbox 1766 3336 1909 3429">
    <p class='ocr_par' dir='ltr' id='par_1_63' title="bbox 1766 3336 1909 3429">
     <span class='ocr_line' id='line_1_64' title="bbox 1766 3336 1909 3429; baseline 0.014 -2"><span class='ocrx_word' id='word_1_487' title='bbox 1766 3336 1909 3429; x_wconf 71' lang='lat' dir='ltr'><strong>0de</strong></span> 
     </span>
    </p>
   </div>
   <div class='ocr_carea' id='block_1_64' title="bbox 182 3302 1738 3373">
    <p class='ocr_par' dir='ltr' id='par_1_64' title="bbox 182 3302 1738 3373">
     <span class='ocr_line' id='line_1_65' title="bbox 182 3302 1738 3373; baseline 0.002 -17"><span class='ocrx_word' id='word_1_488' title='bbox 182 3320 269 3358; x_wconf 82' lang='lat' dir='ltr'><strong>nus</strong></span> <span class='ocrx_word' id='word_1_489' title='bbox 295 3303 390 3358; x_wconf 79' lang='lat'><strong>597</strong></span> <span class='ocrx_word' id='word_1_490' title='bbox 418 3305 766 3373; x_wconf 81' lang='lat' dir='ltr'><strong>designatur,</strong></span> <span class='ocrx_word' id='word_1_491' title='bbox 796 3320 953 3372; x_wconf 86' lang='lat' dir='ltr'><strong>quem</strong></span> <span class='ocrx_word' id='word_1_492' title='bbox 994 3304 1220 3358; x_wconf 82' lang='lat' dir='ltr'><strong>Martino</strong></span> <span class='ocrx_word' id='word_1_493' title='bbox 1247 3312 1545 3358; x_wconf 72' lang='lat' dir='ltr'><strong>extremum</strong></span> <span class='ocrx_word' id='word_1_494' title='bbox 1575 3302 1738 3359; x_wconf 89' lang='lat' dir='ltr'><strong>fuisse</strong></span> 
     </span>
    </p>
   </div>
   <div class='ocr_carea' id='block_1_65' title="bbox 180 3373 1732 3444">
    <p class='ocr_par' dir='ltr' id='par_1_65' title="bbox 180 3373 1732 3444">
     <span class='ocr_line' id='line_1_66' title="bbox 180 3373 1732 3444; baseline -0.001 -15"><span class='ocrx_word' id='word_1_495' title='bbox 180 3385 314 3442; x_wconf 79' lang='lat' dir='ltr'><strong>potat</strong></span> <span class='ocrx_word' id='word_1_496' title='bbox 334 3387 385 3430; x_wconf 90' lang='lat' dir='ltr'><strong>et</strong></span> <span class='ocrx_word' id='word_1_497' title='bbox 407 3377 599 3444; x_wconf 84' lang='lat' dir='ltr'><strong>prohat</strong></span> <span class='ocrx_word' id='word_1_498' title='bbox 622 3375 864 3429; x_wconf 86' lang='lat' dir='ltr'><strong>Cointius</strong></span> <span class='ocrx_word' id='word_1_499' title='bbox 886 3385 1028 3429; x_wconf 78' lang='lat' dir='ltr'><strong>torno</strong></span> <span class='ocrx_word' id='word_1_500' title='bbox 1055 3376 1069 3428; x_wconf 90' lang='grc' dir='ltr'><strong>Ι</strong></span> <span class='ocrx_word' id='word_1_501' title='bbox 1101 3374 1293 3427; x_wconf 77' lang='lat' dir='ltr'><strong>Annal.</strong></span> <span class='ocrx_word' id='word_1_502' title='bbox 1320 3375 1511 3428; x_wconf 89' lang='lat' dir='ltr'><strong>eccles.</strong></span> <span class='ocrx_word' id='word_1_503' title='bbox 1542 3373 1732 3428; x_wconf 86' lang='lat' dir='ltr'><strong>Franc.</strong></span> 
     </span>
    </p>
   </div>
   <div class='ocr_carea' id='block_1_66' title="bbox 181 3444 1735 3514">
    <p class='ocr_par' dir='ltr' id='par_1_66' title="bbox 181 3444 1735 3514">
     <span class='ocr_line' id='line_1_67' title="bbox 181 3444 1735 3514; baseline -0.001 -16"><span class='ocrx_word' id='word_1_504' title='bbox 181 3447 238 3498; x_wconf 84' lang='lat' dir='ltr'><strong>ad</strong></span> <span class='ocrx_word' id='word_1_505' title='bbox 260 3462 451 3501; x_wconf 80' lang='lat' dir='ltr'><strong>annum</strong></span> <span class='ocrx_word' id='word_1_506' title='bbox 481 3444 611 3500; x_wconf 66' lang='lat'><strong>498.</strong></span> <span class='ocrx_word' id='word_1_507' title='bbox 639 3446 878 3514; x_wconf 80' lang='lat' dir='ltr'><strong>Scaliger</strong></span> <span class='ocrx_word' id='word_1_508' title='bbox 905 3445 997 3500; x_wconf 88' lang='lat' dir='ltr'><strong>lib.</strong></span> <span class='ocrx_word' id='word_1_509' title='bbox 1025 3461 1075 3497; x_wconf 83' lang='lat' dir='ltr'><strong>vi</strong></span> <span class='ocrx_word' id='word_1_510' title='bbox 1098 3446 1165 3498; x_wconf 88' lang='lat' dir='ltr'><strong>de</strong></span> <span class='ocrx_word' id='word_1_511' title='bbox 1192 3445 1577 3499; x_wconf 74' lang='lat' dir='ltr'><strong>Emendatione</strong></span> <span class='ocrx_word' id='word_1_512' title='bbox 1602 3453 1735 3497; x_wconf 75' lang='lat' dir='ltr'><strong>tem-</strong></span> 
     </span>
    </p>
   </div>
   <div class='ocr_carea' id='block_1_67' title="bbox 182 3514 1733 3585">
    <p class='ocr_par' dir='ltr' id='par_1_67' title="bbox 182 3514 1733 3585">
     <span class='ocr_line' id='line_1_68' title="bbox 182 3514 1733 3585; baseline -0.001 -15"><span class='ocrx_word' id='word_1_513' title='bbox 182 3531 348 3585; x_wconf 77' lang='lat' dir='ltr'><strong>porum</strong></span> <span class='ocrx_word' id='word_1_514' title='bbox 375 3517 658 3571; x_wconf 84' lang='lat' dir='ltr'><strong>contendit</strong></span> <span class='ocrx_word' id='word_1_515' title='bbox 686 3531 808 3569; x_wconf 88' lang='lat' dir='ltr'><strong>eum</strong></span> <span class='ocrx_word' id='word_1_516' title='bbox 847 3530 988 3570; x_wconf 90' lang='lat' dir='ltr'><strong>anno</strong></span> <span class='ocrx_word' id='word_1_517' title='bbox 1022 3516 1129 3571; x_wconf 74' lang='lat'><strong>395</strong></span> <span class='ocrx_word' id='word_1_518' title='bbox 1165 3515 1385 3570; x_wconf 90' lang='lat' dir='ltr'><strong>obiisse.</strong></span> <span class='ocrx_word' id='word_1_519' title='bbox 1429 3516 1531 3569; x_wconf 86' lang='lat' dir='ltr'><strong>Alii</strong></span> <span class='ocrx_word' id='word_1_520' title='bbox 1572 3514 1733 3569; x_wconf 90' lang='lat' dir='ltr'><strong>alium</strong></span> 
     </span>
    </p>
   </div>
   <div class='ocr_carea' id='block_1_68' title="bbox 181 3584 1730 3653">
    <p class='ocr_par' dir='ltr' id='par_1_68' title="bbox 181 3584 1730 3653">
     <span class='ocr_line' id='line_1_69' title="bbox 181 3584 1730 3653; baseline -0.001 -15"><span class='ocrx_word' id='word_1_521' title='bbox 181 3584 353 3640; x_wconf 75' lang='lat' dir='ltr'><strong>annum</strong></span> <span class='ocrx_word' id='word_1_522' title='bbox 394 3588 709 3651; x_wconf 71' lang='lat' dir='ltr'><strong>assignant,</strong></span> <span class='ocrx_word' id='word_1_523' title='bbox 751 3596 810 3640; x_wconf 90' lang='lat' dir='ltr'><strong>ut</strong></span> <span class='ocrx_word' id='word_1_524' title='bbox 854 3585 1034 3641; x_wconf 89' lang='lat' dir='ltr'><strong>videre</strong></span> <span class='ocrx_word' id='word_1_525' title='bbox 1080 3596 1166 3641; x_wconf 89' lang='lat' dir='ltr'><strong>est</strong></span> <span class='ocrx_word' id='word_1_526' title='bbox 1211 3587 1347 3653; x_wconf 85' lang='lat' dir='ltr'><strong>apud</strong></span> <span class='ocrx_word' id='word_1_527' title='bbox 1390 3585 1451 3639; x_wconf 79' lang='grc' dir='ltr'><strong>ν.</strong></span> <span class='ocrx_word' id='word_1_528' title='bbox 1491 3584 1573 3640; x_wconf 84' lang='lat' dir='ltr'><strong>Cl.</strong></span> <span class='ocrx_word' id='word_1_529' title='bbox 1615 3585 1730 3639; x_wconf 82' lang='lat' dir='ltr'><strong>Jos.</strong></span> 
     </span>
    </p>
   </div>
   <div class='ocr_carea' id='block_1_69' title="bbox 180 3656 1735 3724">
    <p class='ocr_par' dir='ltr' id='par_1_69' title="bbox 180 3656 1735 3724">
     <span class='ocr_line' id='line_1_70' title="bbox 180 3656 1735 3724; baseline -0.001 -14"><span class='ocrx_word' id='word_1_530' title='bbox 180 3658 487 3712; x_wconf 80' lang='lat' dir='ltr'><strong>Antelrnium</strong></span> <span class='ocrx_word' id='word_1_531' title='bbox 517 3658 572 3711; x_wconf 90' lang='lat' dir='ltr'><strong>in</strong></span> <span class='ocrx_word' id='word_1_532' title='bbox 602 3656 859 3724; x_wconf 84' lang='lat' dir='ltr'><strong>singulari</strong></span> <span class='ocrx_word' id='word_1_533' title='bbox 898 3660 965 3711; x_wconf 92' lang='lat' dir='ltr'><strong>de</strong></span> <span class='ocrx_word' id='word_1_534' title='bbox 1006 3659 1102 3709; x_wconf 90' lang='lat' dir='ltr'><strong>hac</strong></span> <span class='ocrx_word' id='word_1_535' title='bbox 1140 3672 1198 3708; x_wconf 92' lang='lat' dir='ltr'><strong>re</strong></span> <span class='ocrx_word' id='word_1_536' title='bbox 1236 3658 1625 3710; x_wconf 76' lang='lat' dir='ltr'><strong>dissertatione.</strong></span> <span class='ocrx_word' id='word_1_537' title='bbox 1668 3656 1735 3709; x_wconf 86' lang='lat' dir='ltr'><strong>Et</strong></span> 
     </span>
    </p>
   </div>
   <div class='ocr_carea' id='block_1_70' title="bbox 181 3727 1736 3797">
    <p class='ocr_par' dir='ltr' id='par_1_70' title="bbox 181 3727 1736 3797">
     <span class='ocr_line' id='line_1_71' title="bbox 181 3727 1736 3797; baseline -0.002 -16"><span class='ocrx_word' id='word_1_538' title='bbox 181 3731 371 3797; x_wconf 72' lang='lat' dir='ltr'><strong>quidem</strong></span> <span class='ocrx_word' id='word_1_539' title='bbox 409 3744 533 3781; x_wconf 89' lang='lat' dir='ltr'><strong>cum</strong></span> <span class='ocrx_word' id='word_1_540' title='bbox 578 3742 676 3782; x_wconf 86' lang='lat' dir='ltr'><strong>nec</strong></span> <span class='ocrx_word' id='word_1_541' title='bbox 717 3728 947 3782; x_wconf 84' lang='lat' dir='ltr'><strong>Severus</strong></span> <span class='ocrx_word' id='word_1_542' title='bbox 976 3728 1242 3793; x_wconf 88' lang='lat' dir='ltr'><strong>Sulpicius</strong></span> <span class='ocrx_word' id='word_1_543' title='bbox 1265 3768 1278 3789; x_wconf 92' lang='lat'><strong>,</strong></span> <span class='ocrx_word' id='word_1_544' title='bbox 1314 3743 1410 3782; x_wconf 90' lang='lat' dir='ltr'><strong>nec</strong></span> <span class='ocrx_word' id='word_1_545' title='bbox 1440 3727 1736 3797; x_wconf 85' lang='lat' dir='ltr'><strong>Gregorius</strong></span> 
     </span>
    </p>
   </div>
   <div class='ocr_carea' id='block_1_71' title="bbox 181 3796 1729 3867">
    <p class='ocr_par' dir='ltr' id='par_1_71' title="bbox 181 3796 1729 3867">
     <span class='ocr_line' id='line_1_72' title="bbox 181 3796 1729 3867; baseline -0.002 -16"><span class='ocrx_word' id='word_1_546' title='bbox 181 3796 299 3865; x_wconf 73' lang='lat' dir='ltr'><strong>ipse,</strong></span> <span class='ocrx_word' id='word_1_547' title='bbox 324 3805 374 3853; x_wconf 84' lang='lat' dir='ltr'><strong>in</strong></span> <span class='ocrx_word' id='word_1_548' title='bbox 398 3799 751 3867; x_wconf 66' lang='lat' dir='ltr'><strong>designandis</strong></span> <span class='ocrx_word' id='word_1_549' title='bbox 780 3799 1175 3852; x_wconf 88' lang='lat' dir='ltr'><strong>characteribus</strong></span> <span class='ocrx_word' id='word_1_550' title='bbox 1204 3798 1597 3864; x_wconf 78' lang='lat' dir='ltr'><strong>elironologicis</strong></span> <span class='ocrx_word' id='word_1_551' title='bbox 1629 3796 1729 3851; x_wconf 82' lang='lat' dir='ltr'><strong>sibi</strong></span> 
     </span>
    </p>
   </div>
   <div class='ocr_carea' id='block_1_72' title="bbox 180 3868 1731 3937">
    <p class='ocr_par' dir='ltr' id='par_1_72' title="bbox 180 3868 1731 3937">
     <span class='ocr_line' id='line_1_73' title="bbox 180 3868 1731 3937; baseline 0.001 -18"><span class='ocrx_word' id='word_1_552' title='bbox 180 3881 400 3923; x_wconf 78' lang='lat' dir='ltr'><strong>constent</strong></span> <span class='ocrx_word' id='word_1_553' title='bbox 431 3910 448 3924; x_wconf 92' lang='lat'><strong>.</strong></span> <span class='ocrx_word' id='word_1_554' title='bbox 490 3884 654 3923; x_wconf 82' lang='lat' dir='ltr'><strong>suum</strong></span> <span class='ocrx_word' id='word_1_555' title='bbox 690 3868 913 3937; x_wconf 86' lang='lat' dir='ltr'><strong>quisque</strong></span> <span class='ocrx_word' id='word_1_556' title='bbox 950 3869 1209 3922; x_wconf 89' lang='lat' dir='ltr'><strong>calculum</strong></span> <span class='ocrx_word' id='word_1_557' title='bbox 1248 3868 1595 3936; x_wconf 64' lang='lat' dir='ltr'><strong>praeferentes</strong></span> <span class='ocrx_word' id='word_1_558' title='bbox 1620 3909 1634 3926; x_wconf 87' lang='lat'><strong>.</strong></span> <span class='ocrx_word' id='word_1_559' title='bbox 1680 3870 1731 3921; x_wconf 94' lang='lat' dir='ltr'><strong>in</strong></span> 
     </span>
    </p>
   </div>
   <div class='ocr_carea' id='block_1_73' title="bbox 184 3938 1731 4009">
    <p class='ocr_par' dir='ltr' id='par_1_73' title="bbox 184 3938 1731 4009">
     <span class='ocr_line' id='line_1_74' title="bbox 184 3938 1731 4009; baseline -0.001 -18"><span class='ocrx_word' id='word_1_560' title='bbox 184 3938 404 3995; x_wconf 72' lang='lat' dir='ltr'><strong>divcms</strong></span> <span class='ocrx_word' id='word_1_561' title='bbox 453 3940 736 4009; x_wconf 82' lang='lat' dir='ltr'><strong>opiniones</strong></span> <span class='ocrx_word' id='word_1_562' title='bbox 778 3939 976 4009; x_wconf 86' lang='lat' dir='ltr'><strong>abiere.</strong></span> <span class='ocrx_word' id='word_1_563' title='bbox 1019 3939 1183 3992; x_wconf 88' lang='lat' dir='ltr'><strong>Nobis</strong></span> <span class='ocrx_word' id='word_1_564' title='bbox 1221 3941 1347 3993; x_wconf 88' lang='lat' dir='ltr'><strong>satis</strong></span> <span class='ocrx_word' id='word_1_565' title='bbox 1386 3939 1456 3991; x_wconf 87' lang='lat' dir='ltr'><strong>sit</strong></span> <span class='ocrx_word' id='word_1_566' title='bbox 1490 3940 1731 4006; x_wconf 83' lang='lat' dir='ltr'><strong>Gregorii</strong></span> 
     </span>
    </p>
   </div>
   <div class='ocr_carea' id='block_1_74' title="bbox 186 4008 1731 4075">
    <p class='ocr_par' dir='ltr' id='par_1_74' title="bbox 186 4008 1731 4075">
     <span class='ocr_line' id='line_1_75' title="bbox 186 4008 1731 4075; baseline 0 -13"><span class='ocrx_word' id='word_1_567' title='bbox 186 4019 364 4064; x_wconf 72' lang='lat' dir='ltr'><strong>Irttum</strong></span> <span class='ocrx_word' id='word_1_568' title='bbox 390 4055 405 4075; x_wconf 89' lang='lat'><strong>,</strong></span> <span class='ocrx_word' id='word_1_569' title='bbox 434 4008 499 4063; x_wconf 82' lang='lat' dir='ltr'><strong>ut</strong></span> <span class='ocrx_word' id='word_1_570' title='bbox 525 4012 577 4062; x_wconf 91' lang='lat' dir='ltr'><strong>in</strong></span> <span class='ocrx_word' id='word_1_571' title='bbox 609 4024 741 4063; x_wconf 91' lang='lat' dir='ltr'><strong>mss.</strong></span> <span class='ocrx_word' id='word_1_572' title='bbox 772 4019 825 4063; x_wconf 92' lang='lat' dir='ltr'><strong>et</strong></span> <span class='ocrx_word' id='word_1_573' title='bbox 856 4008 1009 4063; x_wconf 89' lang='lat' dir='ltr'><strong>editis</strong></span> <span class='ocrx_word' id='word_1_574' title='bbox 1040 4009 1285 4075; x_wconf 89' lang='lat' dir='ltr'><strong>habetur,</strong></span> <span class='ocrx_word' id='word_1_575' title='bbox 1319 4019 1731 4074; x_wconf 71' lang='lat' dir='ltr'><strong>repraesentare,</strong></span> 
     </span>
    </p>
   </div>
   <div class='ocr_carea' id='block_1_75' title="bbox 186 4078 1695 4149">
    <p class='ocr_par' dir='ltr' id='par_1_75' title="bbox 186 4078 1695 4149">
     <span class='ocr_line' id='line_1_76' title="bbox 186 4078 1695 4149; baseline -0.001 -18"><span class='ocrx_word' id='word_1_576' title='bbox 186 4078 384 4136; x_wconf 85' lang='lat' dir='ltr'><strong>liberam</strong></span> <span class='ocrx_word' id='word_1_577' title='bbox 414 4081 647 4149; x_wconf 87' lang='lat' dir='ltr'><strong>eligendi</strong></span> <span class='ocrx_word' id='word_1_578' title='bbox 682 4080 962 4147; x_wconf 87' lang='lat' dir='ltr'><strong>unicuique</strong></span> <span class='ocrx_word' id='word_1_579' title='bbox 994 4080 1343 4149; x_wconf 81' lang='lat' dir='ltr'><strong>relinquendo</strong></span> <span class='ocrx_word' id='word_1_580' title='bbox 1370 4078 1695 4133; x_wconf 82' lang='lat' dir='ltr'><strong>facultatem.</strong></span> 
     </span>
    </p>
   </div>
   <div class='ocr_carea' id='block_1_76' title="bbox 242 4149 1731 4219">
    <p class='ocr_par' dir='ltr' id='par_1_76' title="bbox 242 4149 1731 4219">
     <span class='ocr_line' id='line_1_77' title="bbox 242 4149 1731 4219; baseline -0.002 -14"><span class='ocrx_word' id='word_1_581' title='bbox 242 4149 267 4189; x_wconf 68' lang='grc' dir='ltr'>δ</span> <span class='ocrx_word' id='word_1_582' title='bbox 300 4153 388 4205; x_wconf 84' lang='lat' dir='ltr'><strong>Sic</strong></span> <span class='ocrx_word' id='word_1_583' title='bbox 412 4150 577 4203; x_wconf 88' lang='lat' dir='ltr'><strong>Corb.</strong></span> <span class='ocrx_word' id='word_1_584' title='bbox 601 4167 614 4211; x_wconf 84' lang='lat'><strong>;</strong></span> <span class='ocrx_word' id='word_1_585' title='bbox 643 4150 733 4203; x_wconf 88' lang='lat' dir='ltr'><strong>alii</strong></span> <span class='ocrx_word' id='word_1_586' title='bbox 762 4150 960 4203; x_wconf 87' lang='lat' dir='ltr'><strong>addunt</strong></span> <span class='ocrx_word' id='word_1_587' title='bbox 980 4166 1143 4202; x_wconf 84' lang='lat' dir='ltr'><strong>voces.</strong></span> <span class='ocrx_word' id='word_1_588' title='bbox 1168 4157 1235 4204; x_wconf 88' lang='lat' dir='ltr'><strong>At</strong></span> <span class='ocrx_word' id='word_1_589' title='bbox 1258 4150 1548 4219; x_wconf 70' lang='lat' dir='ltr'><strong>GregOrius</strong></span> <span class='ocrx_word' id='word_1_590' title='bbox 1570 4161 1623 4204; x_wconf 89' lang='lat' dir='ltr'><strong>et</strong></span> <span class='ocrx_word' id='word_1_591' title='bbox 1644 4149 1731 4202; x_wconf 87' lang='lat' dir='ltr'><strong>alii</strong></span> 
     </span>
    </p>
   </div>
   <div class='ocr_carea' id='block_1_77' title="bbox 189 4220 1695 4289">
    <p class='ocr_par' dir='ltr' id='par_1_77' title="bbox 189 4220 1695 4289">
     <span class='ocr_line' id='line_1_78' title="bbox 189 4220 1695 4289; baseline -0.001 -16"><span class='ocrx_word' id='word_1_592' title='bbox 189 4220 286 4289; x_wconf 82' lang='lat' dir='ltr'><strong>ejus</strong></span> <span class='ocrx_word' id='word_1_593' title='bbox 309 4224 403 4275; x_wconf 80' lang='lat' dir='ltr'><strong>:cvi</strong></span> <span class='ocrx_word' id='word_1_594' title='bbox 435 4230 687 4274; x_wconf 88' lang='lat' dir='ltr'><strong>auctores</strong></span> <span class='ocrx_word' id='word_1_595' title='bbox 714 4221 1033 4289; x_wconf 80' lang='lat' dir='ltr'><strong>psaltentium</strong></span> <span class='ocrx_word' id='word_1_596' title='bbox 1060 4221 1391 4275; x_wconf 87' lang='lat' dir='ltr'><strong>substantive</strong></span> <span class='ocrx_word' id='word_1_597' title='bbox 1421 4230 1695 4288; x_wconf 76' lang='lat' dir='ltr'><strong>usurpant.</strong></span> 
     </span>
    </p>
   </div>
   <div class='ocr_carea' id='block_1_78' title="bbox 248 4291 1732 4360">
    <p class='ocr_par' dir='ltr' id='par_1_78' title="bbox 248 4291 1732 4360">
     <span class='ocr_line' id='line_1_79' title="bbox 248 4291 1732 4360; baseline -0.002 -15"><span class='ocrx_word' id='word_1_598' title='bbox 248 4303 268 4329; x_wconf 73' lang='grc' dir='ltr'><em>ε</em></span> <span class='ocrx_word' id='word_1_599' title='bbox 306 4294 588 4345; x_wconf 69' lang='lat' dir='ltr'><strong>Martinuni</strong></span> <span class='ocrx_word' id='word_1_600' title='bbox 630 4291 682 4343; x_wconf 89' lang='lat' dir='ltr'><strong>in</strong></span> <span class='ocrx_word' id='word_1_601' title='bbox 724 4293 1048 4343; x_wconf 76' lang='lat' dir='ltr'><strong>monaSIerio</strong></span> <span class='ocrx_word' id='word_1_602' title='bbox 1088 4306 1256 4360; x_wconf 88' lang='lat' dir='ltr'><strong>prope</strong></span> <span class='ocrx_word' id='word_1_603' title='bbox 1294 4292 1537 4345; x_wconf 88' lang='lat' dir='ltr'><strong>Pictavos</strong></span> <span class='ocrx_word' id='word_1_604' title='bbox 1568 4293 1732 4343; x_wconf 80' lang='lat' dir='ltr'><strong>vitam</strong></span> 
     </span>
    </p>
   </div>
   <div class='ocr_carea' id='block_1_79' title="bbox 191 4361 1733 4430">
    <p class='ocr_par' dir='ltr' id='par_1_79' title="bbox 191 4361 1733 4430">
     <span class='ocr_line' id='line_1_80' title="bbox 191 4361 1733 4430; baseline 0.001 -17"><span class='ocrx_word' id='word_1_605' title='bbox 191 4364 406 4416; x_wconf 80' lang='lat' dir='ltr'><strong>monachi</strong></span> <span class='ocrx_word' id='word_1_606' title='bbox 445 4362 667 4416; x_wconf 80' lang='lat' dir='ltr'><strong>duxisse</strong></span> <span class='ocrx_word' id='word_1_607' title='bbox 713 4364 877 4415; x_wconf 90' lang='lat' dir='ltr'><strong>refert</strong></span> <span class='ocrx_word' id='word_1_608' title='bbox 916 4361 1147 4416; x_wconf 86' lang='lat' dir='ltr'><strong>Severus</strong></span> <span class='ocrx_word' id='word_1_609' title='bbox 1188 4363 1450 4430; x_wconf 81' lang='lat' dir='ltr'><strong>Sulpicius</strong></span> <span class='ocrx_word' id='word_1_610' title='bbox 1486 4363 1537 4415; x_wconf 90' lang='lat' dir='ltr'><strong>in</strong></span> <span class='ocrx_word' id='word_1_611' title='bbox 1566 4363 1733 4428; x_wconf 80' lang='lat' dir='ltr'><strong>ipsius</strong></span> 
     </span>
    </p>
   </div>
   <div class='ocr_carea' id='block_1_80' title="bbox 194 4432 1735 4503">
    <p class='ocr_par' dir='ltr' id='par_1_80' title="bbox 194 4432 1735 4503">
     <span class='ocr_line' id='line_1_81' title="bbox 194 4432 1735 4503; baseline -0.001 -20"><span class='ocrx_word' id='word_1_612' title='bbox 194 4432 307 4487; x_wconf 71' lang='lat' dir='ltr'><strong>Vita.</strong></span> <span class='ocrx_word' id='word_1_613' title='bbox 349 4434 499 4487; x_wconf 82' lang='lat' dir='ltr'><strong>Hunc</strong></span> <span class='ocrx_word' id='word_1_614' title='bbox 529 4434 705 4486; x_wconf 90' lang='lat' dir='ltr'><strong>locum</strong></span> <span class='ocrx_word' id='word_1_615' title='bbox 739 4432 1089 4486; x_wconf 69' lang='lat' dir='ltr'><strong>Locociacun‘.</strong></span> <span class='ocrx_word' id='word_1_616' title='bbox 1117 4433 1313 4486; x_wconf 73' lang='lat' dir='ltr'><strong>dit-tum</strong></span> <span class='ocrx_word' id='word_1_617' title='bbox 1340 4475 1352 4493; x_wconf 84' lang='lat'><strong>,</strong></span> <span class='ocrx_word' id='word_1_618' title='bbox 1388 4434 1544 4499; x_wconf 83' lang='lat' dir='ltr'><strong>vulgo</strong></span> <span class='ocrx_word' id='word_1_619' title='bbox 1577 4432 1735 4503; x_wconf 86' lang='lat' dir='ltr'><strong>Ligu-</strong></span> 
     </span>
    </p>
   </div>
   <div class='ocr_carea' id='block_1_81' title="bbox 199 4502 1733 4573">
    <p class='ocr_par' dir='ltr' id='par_1_81' title="bbox 199 4502 1733 4573">
     <span class='ocr_line' id='line_1_82' title="bbox 199 4502 1733 4573; baseline -0.001 -17"><span class='ocrx_word' id='word_1_620' title='bbox 199 4508 278 4571; x_wconf 70' lang='grc' dir='ltr'><strong>οι,</strong></span> <span class='ocrx_word' id='word_1_621' title='bbox 311 4504 583 4558; x_wconf 77' lang='lat' dir='ltr'><strong>miraculis</strong></span> <span class='ocrx_word' id='word_1_622' title='bbox 620 4504 886 4557; x_wconf 87' lang='lat' dir='ltr'><strong>celebrem</strong></span> <span class='ocrx_word' id='word_1_623' title='bbox 930 4503 1110 4557; x_wconf 87' lang='lat' dir='ltr'><strong>invisit</strong></span> <span class='ocrx_word' id='word_1_624' title='bbox 1148 4502 1435 4573; x_wconf 88' lang='lat' dir='ltr'><strong>Gregorius</strong></span> <span class='ocrx_word' id='word_1_625' title='bbox 1467 4545 1481 4565; x_wconf 88' lang='lat'><strong>,</strong></span> <span class='ocrx_word' id='word_1_626' title='bbox 1524 4512 1581 4555; x_wconf 84' lang='lat' dir='ltr'><strong>ut</strong></span> <span class='ocrx_word' id='word_1_627' title='bbox 1620 4502 1733 4563; x_wconf 71' lang='lat' dir='ltr'><strong>ipse</strong></span> 
     </span>
    </p>
   </div>
   <div class='ocr_carea' id='block_1_82' title="bbox 199 4573 1736 4641">
    <p class='ocr_par' dir='ltr' id='par_1_82' title="bbox 199 4573 1736 4641">
     <span class='ocr_line' id='line_1_83' title="bbox 199 4573 1736 4641; baseline 0.001 -16"><span class='ocrx_word' id='word_1_628' title='bbox 199 4573 330 4626; x_wconf 70' lang='lat' dir='ltr'><strong>refert</strong></span> <span class='ocrx_word' id='word_1_629' title='bbox 366 4575 458 4628; x_wconf 90' lang='lat' dir='ltr'><strong>lib.</strong></span> <span class='ocrx_word' id='word_1_630' title='bbox 501 4589 557 4627; x_wconf 86' lang='lat' dir='ltr'><strong>tv</strong></span> <span class='ocrx_word' id='word_1_631' title='bbox 596 4574 664 4627; x_wconf 86' lang='lat' dir='ltr'><strong>de</strong></span> <span class='ocrx_word' id='word_1_632' title='bbox 701 4574 885 4627; x_wconf 81' lang='lat' dir='ltr'><strong>Mirac.</strong></span> <span class='ocrx_word' id='word_1_633' title='bbox 928 4573 987 4628; x_wconf 89' lang='lat' dir='ltr'><strong>S.</strong></span> <span class='ocrx_word' id='word_1_634' title='bbox 1031 4576 1205 4637; x_wconf 80' lang='lat' dir='ltr'><strong>Mart.,</strong></span> <span class='ocrx_word' id='word_1_635' title='bbox 1246 4588 1363 4641; x_wconf 87' lang='lat' dir='ltr'><strong>cap.</strong></span> <span class='ocrx_word' id='word_1_636' title='bbox 1405 4574 1513 4638; x_wconf 82' lang='lat'><strong>50;</strong></span> <span class='ocrx_word' id='word_1_637' title='bbox 1557 4573 1736 4641; x_wconf 88' lang='lat' dir='ltr'><strong>ibique</strong></span> 
     </span>
    </p>
   </div>
   <div class='ocr_carea' id='block_1_83' title="bbox 206 4644 1729 4714">
    <p class='ocr_par' dir='ltr' id='par_1_83' title="bbox 206 4644 1729 4714">
     <span class='ocr_line' id='line_1_84' title="bbox 206 4644 1729 4714; baseline 0 -19"><span class='ocrx_word' id='word_1_638' title='bbox 206 4654 307 4697; x_wconf 85' lang='lat' dir='ltr'><strong>tunc</strong></span> <span class='ocrx_word' id='word_1_639' title='bbox 329 4646 541 4714; x_wconf 79' lang='lat' dir='ltr'><strong>vigebat</strong></span> <span class='ocrx_word' id='word_1_640' title='bbox 568 4644 743 4698; x_wconf 90' lang='lat' dir='ltr'><strong>adhuc</strong></span> <span class='ocrx_word' id='word_1_641' title='bbox 771 4646 1097 4698; x_wconf 83' lang='lat' dir='ltr'><strong>monasticus</strong></span> <span class='ocrx_word' id='word_1_642' title='bbox 1123 4645 1256 4697; x_wconf 84' lang='lat' dir='ltr'><strong>Ordo</strong></span> <span class='ocrx_word' id='word_1_643' title='bbox 1284 4644 1383 4697; x_wconf 92' lang='lat' dir='ltr'><strong>sub</strong></span> <span class='ocrx_word' id='word_1_644' title='bbox 1409 4644 1615 4697; x_wconf 87' lang='lat' dir='ltr'><strong>abbatis</strong></span> <span class='ocrx_word' id='word_1_645' title='bbox 1648 4659 1729 4695; x_wconf 91' lang='lat' dir='ltr'><strong>re-</strong></span> 
     </span>
    </p>
   </div>
   <div class='ocr_carea' id='block_1_84' title="bbox 209 4758 1641 4788">
    <p class='ocr_par' dir='ltr' id='par_1_84' title="bbox 209 4758 1641 4788">
     <span class='ocr_line' id='line_1_85' title="bbox 209 4758 1641 4788; baseline 0.001 -1"><span class='ocrx_word' id='word_1_646' title='bbox 209 4758 1641 4788; x_wconf 41' lang='grc' dir='ltr'>ΞΜ</span> 
     </span>
    </p>
   </div>
   <div class='ocr_carea' id='block_1_85' title="bbox 210 4777 323 4787">
    <p class='ocr_par' dir='ltr' id='par_1_85' title="bbox 210 4777 323 4787">
     <span class='ocr_line' id='line_1_86' title="bbox 210 4777 323 4787; baseline 0.009 -1"><span class='ocrx_word' id='word_1_647' title='bbox 210 4777 323 4787; x_wconf 59' lang='grc' dir='ltr'>ρ..-</span> 
     </span>
    </p>
   </div>
   <div class='ocr_carea' id='block_1_86' title="bbox 1837 3160 3401 3232">
    <p class='ocr_par' dir='ltr' id='par_1_86' title="bbox 1837 3160 3401 3232">
     <span class='ocr_line' id='line_1_87' title="bbox 1837 3160 3401 3232; baseline 0 -17"><span class='ocrx_word' id='word_1_648' title='bbox 1837 3162 2082 3232; x_wconf 88' lang='lat' dir='ltr'><strong>gimine;</strong></span> <span class='ocrx_word' id='word_1_649' title='bbox 2123 3163 2215 3217; x_wconf 89' lang='lat' dir='ltr'><strong>sed</strong></span> <span class='ocrx_word' id='word_1_650' title='bbox 2257 3169 2439 3230; x_wconf 83' lang='lat' dir='ltr'><strong>postea</strong></span> <span class='ocrx_word' id='word_1_651' title='bbox 2485 3162 2631 3216; x_wconf 89' lang='lat' dir='ltr'><strong>locus</strong></span> <span class='ocrx_word' id='word_1_652' title='bbox 2671 3162 2721 3232; x_wconf 90' lang='lat' dir='ltr'><strong>in</strong></span> <span class='ocrx_word' id='word_1_653' title='bbox 2764 3163 3054 3229; x_wconf 85' lang='lat' dir='ltr'><strong>prioratnm</strong></span> <span class='ocrx_word' id='word_1_654' title='bbox 3108 3160 3355 3215; x_wconf 89' lang='lat' dir='ltr'><strong>redactus</strong></span> <span class='ocrx_word' id='word_1_655' title='bbox 3382 3201 3401 3229; x_wconf 89' lang='lat'><strong>,</strong></span> 
     </span>
    </p>
   </div>
   <div class='ocr_carea' id='block_1_87' title="bbox 1840 3231 2994 3305">
    <p class='ocr_par' dir='ltr' id='par_1_87' title="bbox 1840 3231 2994 3305">
     <span class='ocr_line' id='line_1_88' title="bbox 1840 3231 2994 3305; baseline -0.003 -19"><span class='ocrx_word' id='word_1_656' title='bbox 1840 3234 2053 3288; x_wconf 88' lang='lat' dir='ltr'><strong>tandem</strong></span> <span class='ocrx_word' id='word_1_657' title='bbox 2086 3233 2323 3305; x_wconf 86' lang='lat' dir='ltr'><strong>patribus</strong></span> <span class='ocrx_word' id='word_1_658' title='bbox 2352 3232 2637 3305; x_wconf 82' lang='lat' dir='ltr'><strong>Societatis</strong></span> <span class='ocrx_word' id='word_1_659' title='bbox 2660 3231 2994 3305; x_wconf 18' lang='lat' dir='ltr'><strong>JeSllictBSSii.</strong></span> 
     </span>
    </p>
   </div>
   <div class='ocr_carea' id='block_1_88' title="bbox 1933 3374 2704 3444">
    <p class='ocr_par' dir='ltr' id='par_1_88' title="bbox 1933 3374 2704 3444">
     <span class='ocr_line' id='line_1_89' title="bbox 1933 3374 2704 3444; baseline 0 -17"><span class='ocrx_word' id='word_1_660' title='bbox 1933 3374 2175 3444; x_wconf 89' lang='lat' dir='ltr'><strong>ejusdem</strong></span> <span class='ocrx_word' id='word_1_661' title='bbox 2205 3374 2380 3428; x_wconf 89' lang='lat' dir='ltr'><strong>sancti</strong></span> <span class='ocrx_word' id='word_1_662' title='bbox 2404 3375 2704 3444; x_wconf 67' lang='lat' dir='ltr'><strong>virtutibus.</strong></span> 
     </span>
    </p>
   </div>
   <div class='ocr_carea' id='block_1_89' title="bbox 1914 3441 3411 3509">
    <p class='ocr_par' dir='ltr' id='par_1_89' title="bbox 1914 3441 3411 3509">
     <span class='ocr_line' id='line_1_90' title="bbox 1914 3441 3411 3509; baseline -0.002 -9"><span class='ocrx_word' id='word_1_663' title='bbox 1914 3454 1937 3483; x_wconf 75' lang='grc' dir='ltr'><strong>ο</strong></span> <span class='ocrx_word' id='word_1_664' title='bbox 1964 3441 2068 3501; x_wconf 69' lang='grc' dir='ltr'><strong>’δίε</strong></span> <span class='ocrx_word' id='word_1_665' title='bbox 2096 3445 2359 3506; x_wconf 85' lang='lat' dir='ltr'><strong>Clarom.,</strong></span> <span class='ocrx_word' id='word_1_666' title='bbox 2400 3441 2565 3499; x_wconf 90' lang='lat' dir='ltr'><strong>Corb.</strong></span> <span class='ocrx_word' id='word_1_667' title='bbox 2604 3443 2751 3509; x_wconf 90' lang='lat' dir='ltr'><strong>duo,</strong></span> <span class='ocrx_word' id='word_1_668' title='bbox 2790 3442 2967 3497; x_wconf 81' lang='lat' dir='ltr'><strong>Germ.</strong></span> <span class='ocrx_word' id='word_1_669' title='bbox 3013 3452 3067 3497; x_wconf 91' lang='lat' dir='ltr'><strong>et</strong></span> <span class='ocrx_word' id='word_1_670' title='bbox 3108 3441 3259 3498; x_wconf 78' lang='lat' dir='ltr'><strong>Vinc.</strong></span> <span class='ocrx_word' id='word_1_671' title='bbox 3301 3443 3411 3497; x_wconf 85' lang='lat' dir='ltr'><strong>Alii</strong></span> 
     </span>
    </p>
   </div>
   <div class='ocr_carea' id='block_1_90' title="bbox 1841 3515 2714 3585">
    <p class='ocr_par' dir='ltr' id='par_1_90' title="bbox 1841 3515 2714 3585">
     <span class='ocr_line' id='line_1_91' title="bbox 1841 3515 2714 3585; baseline -0.001 -17"><span class='ocrx_word' id='word_1_672' title='bbox 1841 3530 2000 3581; x_wconf 89' lang='lat' dir='ltr'><strong>vero,</strong></span> <span class='ocrx_word' id='word_1_673' title='bbox 2033 3515 2348 3569; x_wconf 84' lang='lat' dir='ltr'><strong>monasterio</strong></span> <span class='ocrx_word' id='word_1_674' title='bbox 2376 3515 2714 3585; x_wconf 81' lang='lat' dir='ltr'><strong>privilegium.</strong></span> 
     </span>
    </p>
   </div>
   <div class='ocr_carea' id='block_1_91' title="bbox 1915 3576 3411 3656">
    <p class='ocr_par' dir='ltr' id='par_1_91' title="bbox 1915 3576 3411 3656">
     <span class='ocr_line' id='line_1_92' title="bbox 1915 3576 3411 3656; baseline -0.005 -15"><span class='ocrx_word' id='word_1_675' title='bbox 1915 3585 1934 3624; x_wconf 72' lang='grc' dir='ltr'>ί</span> <span class='ocrx_word' id='word_1_676' title='bbox 1979 3576 2158 3650; x_wconf 82' lang='lat' dir='ltr'><strong>Alias,</strong></span> <span class='ocrx_word' id='word_1_677' title='bbox 2197 3576 2460 3656; x_wconf 76' lang='lat' dir='ltr'><strong>Vigenna;</strong></span> <span class='ocrx_word' id='word_1_678' title='bbox 2491 3576 2756 3656; x_wconf 69' lang='lat' dir='ltr'><strong>nonnulli,</strong></span> <span class='ocrx_word' id='word_1_679' title='bbox 2814 3582 3104 3647; x_wconf 76' lang='lat' dir='ltr'><strong>Vincentio,</strong></span> <span class='ocrx_word' id='word_1_680' title='bbox 3145 3576 3411 3656; x_wconf 74' lang='lat' dir='ltr'><strong>tn_Viane,</strong></span> 
     </span>
    </p>
   </div>
   <div class='ocr_carea' id='block_1_92' title="bbox 1838 3653 3412 3729">
    <p class='ocr_par' dir='ltr' id='par_1_92' title="bbox 1838 3653 3412 3729">
     <span class='ocr_line' id='line_1_93' title="bbox 1838 3653 3412 3729; baseline -0.003 -18"><span class='ocrx_word' id='word_1_681' title='bbox 1838 3657 1923 3729; x_wconf 76' lang='lat' dir='ltr'><strong>vel</strong></span> <span class='ocrx_word' id='word_1_682' title='bbox 1950 3658 2001 3711; x_wconf 90' lang='lat' dir='ltr'><strong>la</strong></span> <span class='ocrx_word' id='word_1_683' title='bbox 2034 3653 2341 3729; x_wconf 72' lang='lat' dir='ltr'><strong>Yignamie,</strong></span> <span class='ocrx_word' id='word_1_684' title='bbox 2373 3658 2532 3722; x_wconf 86' lang='lat' dir='ltr'><strong>vulgo</strong></span> <span class='ocrx_word' id='word_1_685' title='bbox 2564 3656 2615 3729; x_wconf 74' lang='lat' dir='ltr'><strong>la_</strong></span> <span class='ocrx_word' id='word_1_686' title='bbox 2650 3654 3095 3729; x_wconf 79' lang='lat' dir='ltr'><strong>Vicnne_dicitur.</strong></span> <span class='ocrx_word' id='word_1_687' title='bbox 3135 3653 3316 3729; x_wconf 80' lang='lat' dir='ltr'><strong>Oritur</strong></span> <span class='ocrx_word' id='word_1_688' title='bbox 3360 3656 3412 3707; x_wconf 90' lang='lat' dir='ltr'><strong>in</strong></span> 
     </span>
    </p>
   </div>
   <div class='ocr_carea' id='block_1_93' title="bbox 1840 3724 3411 3796">
    <p class='ocr_par' dir='ltr' id='par_1_93' title="bbox 1840 3724 3411 3796">
     <span class='ocr_line' id='line_1_94' title="bbox 1840 3724 3411 3796; baseline -0.004 -14"><span class='ocrx_word' id='word_1_689' title='bbox 1840 3724 2212 3782; x_wconf 82' lang='lat' dir='ltr'><strong>Lemovicibus</strong></span> <span class='ocrx_word' id='word_1_690' title='bbox 2234 3768 2249 3791; x_wconf 87' lang='lat'><strong>,</strong></span> <span class='ocrx_word' id='word_1_691' title='bbox 2281 3741 2506 3796; x_wconf 89' lang='lat' dir='ltr'><strong>quorum</strong></span> <span class='ocrx_word' id='word_1_692' title='bbox 2529 3768 2544 3789; x_wconf 93' lang='lat'><strong>,</strong></span> <span class='ocrx_word' id='word_1_693' title='bbox 2574 3727 2713 3779; x_wconf 90' lang='lat' dir='ltr'><strong>sicut</strong></span> <span class='ocrx_word' id='word_1_694' title='bbox 2751 3735 2807 3796; x_wconf 88' lang='lat' dir='ltr'><strong>et</strong></span> <span class='ocrx_word' id='word_1_695' title='bbox 2845 3725 3122 3796; x_wconf 87' lang='lat' dir='ltr'><strong>Pictonum</strong></span> <span class='ocrx_word' id='word_1_696' title='bbox 3148 3768 3162 3791; x_wconf 89' lang='lat'><strong>,</strong></span> <span class='ocrx_word' id='word_1_697' title='bbox 3205 3724 3411 3796; x_wconf 75' lang='lat' dir='ltr'><strong>aliquot</strong></span> 
     </span>
    </p>
   </div>
   <div class='ocr_carea' id='block_1_94' title="bbox 1840 3794 3410 3868">
    <p class='ocr_par' dir='ltr' id='par_1_94' title="bbox 1840 3794 3410 3868">
     <span class='ocr_line' id='line_1_95' title="bbox 1840 3794 3410 3868; baseline -0.002 -18"><span class='ocrx_word' id='word_1_698' title='bbox 1840 3798 2036 3868; x_wconf 89' lang='lat' dir='ltr'><strong>oppida</strong></span> <span class='ocrx_word' id='word_1_699' title='bbox 2075 3799 2267 3862; x_wconf 91' lang='lat' dir='ltr'><strong>alluit;</strong></span> <span class='ocrx_word' id='word_1_700' title='bbox 2300 3794 2540 3868; x_wconf 73' lang='lat' dir='ltr'><strong>denique</strong></span> <span class='ocrx_word' id='word_1_701' title='bbox 2577 3810 2745 3865; x_wconf 87' lang='lat' dir='ltr'><strong>prope</strong></span> <span class='ocrx_word' id='word_1_702' title='bbox 2798 3795 2969 3863; x_wconf 87' lang='lat' dir='ltr'><strong>ipsum</strong></span> <span class='ocrx_word' id='word_1_703' title='bbox 3007 3795 3307 3848; x_wconf 68' lang='lat' dir='ltr'><strong>(laudatum</strong></span> <span class='ocrx_word' id='word_1_704' title='bbox 3356 3794 3410 3847; x_wconf 91' lang='lat' dir='ltr'><strong>in</strong></span> 
     </span>
    </p>
   </div>
   <div class='ocr_carea' id='block_1_95' title="bbox 1839 3867 2428 3937">
    <p class='ocr_par' dir='ltr' id='par_1_95' title="bbox 1839 3867 2428 3937">
     <span class='ocr_line' id='line_1_96' title="bbox 1839 3867 2428 3937; baseline -0.008 -13"><span class='ocrx_word' id='word_1_705' title='bbox 1839 3867 2071 3937; x_wconf 84' lang='lat' dir='ltr'><strong>Ligerim</strong></span> <span class='ocrx_word' id='word_1_706' title='bbox 2103 3867 2428 3923; x_wconf 85' lang='lat' dir='ltr'><strong>devolvitur.</strong></span> 
     </span>
    </p>
   </div>
   <div class='ocr_carea' id='block_1_96' title="bbox 1912 3931 3406 4006">
    <p class='ocr_par' dir='ltr' id='par_1_96' title="bbox 1912 3931 3406 4006">
     <span class='ocr_line' id='line_1_97' title="bbox 1912 3931 3406 4006; baseline -0.005 -13"><span class='ocrx_word' id='word_1_707' title='bbox 1912 3931 1937 3986; x_wconf 75' lang='grc' dir='ltr'><strong>ῖς</strong></span> <span class='ocrx_word' id='word_1_708' title='bbox 1979 3938 2193 4006; x_wconf 89' lang='lat' dir='ltr'><strong>Aliquot</strong></span> <span class='ocrx_word' id='word_1_709' title='bbox 2232 3952 2360 3990; x_wconf 92' lang='lat' dir='ltr'><strong>mss.</strong></span> <span class='ocrx_word' id='word_1_710' title='bbox 2399 3946 2454 3991; x_wconf 90' lang='lat' dir='ltr'><strong>et</strong></span> <span class='ocrx_word' id='word_1_711' title='bbox 2492 3936 2654 4004; x_wconf 89' lang='lat' dir='ltr'><strong>editi,</strong></span> <span class='ocrx_word' id='word_1_712' title='bbox 2696 3935 2955 4006; x_wconf 82' lang='lat' dir='ltr'><strong>Lidorius.</strong></span> <span class='ocrx_word' id='word_1_713' title='bbox 2997 3931 3406 4006; x_wconf 77' lang='lat' dir='ltr'><strong>PluresGatia-</strong></span> 
     </span>
    </p>
   </div>
   <div class='ocr_carea' id='block_1_97' title="bbox 1840 4004 3419 4071">
    <p class='ocr_par' dir='ltr' id='par_1_97' title="bbox 1840 4004 3419 4071">
     <span class='ocr_line' id='line_1_98' title="bbox 1840 4004 3419 4071; baseline -0.004 -9"><span class='ocrx_word' id='word_1_714' title='bbox 1840 4025 1965 4062; x_wconf 91' lang='lat' dir='ltr'><strong>nnm</strong></span> <span class='ocrx_word' id='word_1_715' title='bbox 2008 4004 2147 4062; x_wconf 82' lang='lat' dir='ltr'><strong>inter</strong></span> <span class='ocrx_word' id='word_1_716' title='bbox 2183 4022 2248 4061; x_wconf 86' lang='lat' dir='ltr'><strong>ac</strong></span> <span class='ocrx_word' id='word_1_717' title='bbox 2278 4006 2559 4061; x_wconf 84' lang='lat' dir='ltr'><strong>Martinum</strong></span> <span class='ocrx_word' id='word_1_718' title='bbox 2592 4005 2948 4061; x_wconf 87' lang='lat' dir='ltr'><strong>admittendos</strong></span> <span class='ocrx_word' id='word_1_719' title='bbox 2976 4018 3096 4057; x_wconf 88' lang='lat' dir='ltr'><strong>esse</strong></span> <span class='ocrx_word' id='word_1_720' title='bbox 3128 4004 3419 4071; x_wconf 83' lang='lat' dir='ltr'><strong>episcopos</strong></span> 
     </span>
    </p>
   </div>
   <div class='ocr_carea' id='block_1_98' title="bbox 1841 4074 3414 4144">
    <p class='ocr_par' dir='ltr' id='par_1_98' title="bbox 1841 4074 3414 4144">
     <span class='ocr_line' id='line_1_99' title="bbox 1841 4074 3414 4144; baseline -0.004 -12"><span class='ocrx_word' id='word_1_721' title='bbox 1841 4080 2013 4135; x_wconf 87' lang='lat' dir='ltr'><strong>innuit</strong></span> <span class='ocrx_word' id='word_1_722' title='bbox 2039 4079 2307 4144; x_wconf 85' lang='lat' dir='ltr'><strong>Sulpicius</strong></span> <span class='ocrx_word' id='word_1_723' title='bbox 2335 4078 2567 4132; x_wconf 89' lang='lat' dir='ltr'><strong>Severus</strong></span> <span class='ocrx_word' id='word_1_724' title='bbox 2598 4076 2649 4129; x_wconf 92' lang='lat' dir='ltr'><strong>in</strong></span> <span class='ocrx_word' id='word_1_725' title='bbox 2680 4077 2814 4129; x_wconf 89' lang='lat' dir='ltr'><strong>libro</strong></span> <span class='ocrx_word' id='word_1_726' title='bbox 2845 4075 2912 4127; x_wconf 90' lang='lat' dir='ltr'><strong>de</strong></span> <span class='ocrx_word' id='word_1_727' title='bbox 2943 4075 3059 4128; x_wconf 78' lang='lat' dir='ltr'><strong>Vita</strong></span> <span class='ocrx_word' id='word_1_728' title='bbox 3095 4074 3153 4127; x_wconf 93' lang='lat' dir='ltr'><strong>S.</strong></span> <span class='ocrx_word' id='word_1_729' title='bbox 3186 4074 3414 4139; x_wconf 81' lang='lat' dir='ltr'><strong>Martini,</strong></span> 
     </span>
    </p>
   </div>
   <div class='ocr_carea' id='block_1_99' title="bbox 1840 4143 3419 4218">
    <p class='ocr_par' dir='ltr' id='par_1_99' title="bbox 1840 4143 3419 4218">
     <span class='ocr_line' id='line_1_100' title="bbox 1840 4143 3419 4218; baseline -0.007 -14"><span class='ocrx_word' id='word_1_730' title='bbox 1840 4166 1957 4218; x_wconf 88' lang='lat' dir='ltr'><strong>cap.</strong></span> <span class='ocrx_word' id='word_1_731' title='bbox 1992 4148 2055 4215; x_wconf 92' lang='lat'><strong>8,</strong></span> <span class='ocrx_word' id='word_1_732' title='bbox 2106 4143 2196 4204; x_wconf 90' lang='lat' dir='ltr'><strong>ubi</strong></span> <span class='ocrx_word' id='word_1_733' title='bbox 2243 4163 2406 4213; x_wconf 81' lang='lat' dir='ltr'><strong>agens</strong></span> <span class='ocrx_word' id='word_1_734' title='bbox 2452 4148 2521 4203; x_wconf 90' lang='lat' dir='ltr'><strong>de</strong></span> <span class='ocrx_word' id='word_1_735' title='bbox 2569 4146 2726 4201; x_wconf 87' lang='lat' dir='ltr'><strong>altari</strong></span> <span class='ocrx_word' id='word_1_736' title='bbox 2754 4144 3047 4218; x_wconf 77' lang='lat' dir='ltr'><strong>cujusdam</strong></span> <span class='ocrx_word' id='word_1_737' title='bbox 3080 4143 3419 4218; x_wconf 76' lang='lat' dir='ltr'><strong>pseudnmar-</strong></span> 
     </span>
    </p>
   </div>
   <div class='ocr_carea' id='block_1_100' title="bbox 1840 4214 3420 4293">
    <p class='ocr_par' dir='ltr' id='par_1_100' title="bbox 1840 4214 3420 4293">
     <span class='ocr_line' id='line_1_101' title="bbox 1840 4214 3420 4293; baseline -0.004 -19"><span class='ocrx_word' id='word_1_738' title='bbox 1840 4214 2008 4293; x_wconf 81' lang='lat' dir='ltr'><strong>tyris,</strong></span> <span class='ocrx_word' id='word_1_739' title='bbox 2044 4214 2201 4289; x_wconf 87' lang='lat' dir='ltr'><strong>quod</strong></span> <span class='ocrx_word' id='word_1_740' title='bbox 2253 4220 2511 4293; x_wconf 75' lang='lat' dir='ltr'><strong>Martinus</strong></span> <span class='ocrx_word' id='word_1_741' title='bbox 2551 4218 2744 4293; x_wconf 82' lang='lat' dir='ltr'><strong>evertit</strong></span> <span class='ocrx_word' id='word_1_742' title='bbox 2763 4259 2791 4293; x_wconf 85' lang='lat'><strong>,_</strong></span> <span class='ocrx_word' id='word_1_743' title='bbox 2827 4214 2963 4293; x_wconf 72' lang='lat' dir='ltr'><strong>illud</strong></span> <span class='ocrx_word' id='word_1_744' title='bbox 3005 4232 3037 4293; x_wconf 67' lang='grc' dir='ltr'>ᾳ</span> <span class='ocrx_word' id='word_1_745' title='bbox 3072 4216 3420 4281; x_wconf 76' lang='lat' dir='ltr'><strong>superioribus</strong></span> 
     </span>
    </p>
   </div>
   <div class='ocr_carea' id='block_1_101' title="bbox 1838 4286 3423 4359">
    <p class='ocr_par' dir='ltr' id='par_1_101' title="bbox 1838 4286 3423 4359">
     <span class='ocr_line' id='line_1_102' title="bbox 1838 4286 3423 4359; baseline -0.005 -14"><span class='ocrx_word' id='word_1_746' title='bbox 1838 4286 2092 4359; x_wconf 74' lang='lat' dir='ltr'><strong>episcopis</strong></span> <span class='ocrx_word' id='word_1_747' title='bbox 2120 4292 2452 4344; x_wconf 80' lang='lat' dir='ltr'><strong>constitutum</strong></span> <span class='ocrx_word' id='word_1_748' title='bbox 2492 4288 2661 4343; x_wconf 84' lang='lat' dir='ltr'><strong>fuisse</strong></span> <span class='ocrx_word' id='word_1_749' title='bbox 2690 4288 2837 4341; x_wconf 91' lang='lat' dir='ltr'><strong>dicit.</strong></span> <span class='ocrx_word' id='word_1_750' title='bbox 2881 4286 3036 4359; x_wconf 81' lang='lat' dir='ltr'><strong>Quod</strong></span> <span class='ocrx_word' id='word_1_751' title='bbox 3074 4298 3423 4359; x_wconf 61' lang='lat' dir='ltr'><strong>ccursant-tn</strong></span> 
     </span>
    </p>
   </div>
   <div class='ocr_carea' id='block_1_102' title="bbox 1893 4355 3421 4429">
    <p class='ocr_par' dir='ltr' id='par_1_102' title="bbox 1893 4355 3421 4429">
     <span class='ocr_line' id='line_1_103' title="bbox 1893 4355 3421 4429; baseline -0.003 -15"><span class='ocrx_word' id='word_1_752' title='bbox 1893 4355 2070 4415; x_wconf 85' lang='lat' dir='ltr'><strong>atiano</strong></span> <span class='ocrx_word' id='word_1_753' title='bbox 2102 4364 2275 4427; x_wconf 90' lang='lat' dir='ltr'><strong>primo</strong></span> <span class='ocrx_word' id='word_1_754' title='bbox 2299 4364 2549 4429; x_wconf 91' lang='lat' dir='ltr'><strong>episcopo</strong></span> <span class='ocrx_word' id='word_1_755' title='bbox 2577 4361 2838 4427; x_wconf 89' lang='lat' dir='ltr'><strong>imputare</strong></span> <span class='ocrx_word' id='word_1_756' title='bbox 2868 4356 3017 4429; x_wconf 81' lang='lat' dir='ltr'><strong>nefas</strong></span> <span class='ocrx_word' id='word_1_757' title='bbox 3041 4358 3141 4418; x_wconf 86' lang='lat' dir='ltr'><strong>sit,</strong></span> <span class='ocrx_word' id='word_1_758' title='bbox 3168 4355 3257 4429; x_wconf 79' lang='lat' dir='ltr'><strong>alii</strong></span> <span class='ocrx_word' id='word_1_759' title='bbox 3283 4372 3421 4423; x_wconf 77' lang='lat' dir='ltr'><strong>pra:-</strong></span> 
     </span>
    </p>
   </div>
   <div class='ocr_carea' id='block_1_103' title="bbox 1847 4426 3286 4488">
    <p class='ocr_par' dir='ltr' id='par_1_103' title="bbox 1847 4426 3286 4488">
     <span class='ocr_line' id='line_1_104' title="bbox 1847 4426 3286 4488; baseline -0.006 -1"><span class='ocrx_word' id='word_1_760' title='bbox 1847 4433 2015 4488; x_wconf 77' lang='lat' dir='ltr'><strong>ter‘S.</strong></span> <span class='ocrx_word' id='word_1_761' title='bbox 2050 4426 2303 4487; x_wconf 86' lang='lat' dir='ltr'><strong>Litorium</strong></span> <span class='ocrx_word' id='word_1_762' title='bbox 2335 4426 2920 4487; x_wconf 36' lang='lat' dir='ltr'><strong>interi—nedii&#39;videutur</strong></span> <span class='ocrx_word' id='word_1_763' title='bbox 2950 4426 3286 4479; x_wconf 86' lang='lat' dir='ltr'><strong>admittendi.</strong></span> 
     </span>
    </p>
   </div>
   <div class='ocr_carea' id='block_1_104' title="bbox 1920 4497 3419 4573">
    <p class='ocr_par' dir='ltr' id='par_1_104' title="bbox 1920 4497 3419 4573">
     <span class='ocr_line' id='line_1_105' title="bbox 1920 4497 3419 4573; baseline -0.005 -16"><span class='ocrx_word' id='word_1_764' title='bbox 1920 4502 1947 4539; x_wconf 65' lang='grc' dir='ltr'><strong>ιι</strong></span> <span class='ocrx_word' id='word_1_765' title='bbox 1983 4504 2224 4573; x_wconf 82' lang='lat' dir='ltr'><strong>Scaliger</strong></span> <span class='ocrx_word' id='word_1_766' title='bbox 2262 4503 2354 4555; x_wconf 91' lang='lat' dir='ltr'><strong>lib.</strong></span> <span class='ocrx_word' id='word_1_767' title='bbox 2387 4519 2438 4556; x_wconf 83' lang='lat' dir='ltr'><strong>vi</strong></span> <span class='ocrx_word' id='word_1_768' title='bbox 2469 4504 2534 4556; x_wconf 90' lang='lat' dir='ltr'><strong>de</strong></span> <span class='ocrx_word' id='word_1_769' title='bbox 2574 4500 2790 4554; x_wconf 90' lang='lat' dir='ltr'><strong>emend.</strong></span> <span class='ocrx_word' id='word_1_770' title='bbox 2822 4510 3132 4573; x_wconf 71' lang='lat' dir='ltr'><strong>temporum</strong></span> <span class='ocrx_word' id='word_1_771' title='bbox 3169 4497 3254 4549; x_wconf 89' lang='lat' dir='ltr'><strong>hic</strong></span> <span class='ocrx_word' id='word_1_772' title='bbox 3283 4497 3419 4550; x_wconf 87' lang='lat' dir='ltr'><strong>etin</strong></span> 
     </span>
    </p>
   </div>
   <div class='ocr_carea' id='block_1_105' title="bbox 1849 4567 3419 4644">
    <p class='ocr_par' dir='ltr' id='par_1_105' title="bbox 1849 4567 3419 4644">
     <span class='ocr_line' id='line_1_106' title="bbox 1849 4567 3419 4644; baseline -0.005 -17"><span class='ocrx_word' id='word_1_773' title='bbox 1849 4574 1954 4627; x_wconf 85' lang='lat' dir='ltr'><strong>ﬁne</strong></span> <span class='ocrx_word' id='word_1_774' title='bbox 1984 4574 2079 4629; x_wconf 88' lang='lat' dir='ltr'><strong>lib.</strong></span> <span class='ocrx_word' id='word_1_775' title='bbox 2114 4567 2165 4626; x_wconf 71' lang='lat' dir='ltr'><strong>1v</strong></span> <span class='ocrx_word' id='word_1_776' title='bbox 2188 4584 2241 4626; x_wconf 92' lang='lat' dir='ltr'><strong>et</strong></span> <span class='ocrx_word' id='word_1_777' title='bbox 2264 4589 2336 4637; x_wconf 83' lang='lat' dir='ltr'><strong>vr,</strong></span> <span class='ocrx_word' id='word_1_778' title='bbox 2362 4573 2648 4644; x_wconf 87' lang='lat' dir='ltr'><strong>legendum</strong></span> <span class='ocrx_word' id='word_1_779' title='bbox 2677 4585 2796 4644; x_wconf 85' lang='lat' dir='ltr'><strong>esse</strong></span> <span class='ocrx_word' id='word_1_780' title='bbox 2826 4580 3012 4644; x_wconf 71' lang='lat' dir='ltr'><strong>censet</strong></span> <span class='ocrx_word' id='word_1_781' title='bbox 3036 4567 3160 4631; x_wconf 73' lang='lat'><strong>562;</strong></span> <span class='ocrx_word' id='word_1_782' title='bbox 3187 4583 3419 4644; x_wconf 78' lang='lat' dir='ltr'><strong>quo_nn_-</strong></span> 
     </span>
    </p>
   </div>
   <div class='ocr_carea' id='block_1_106' title="bbox 1848 4637 3419 4706">
    <p class='ocr_par' dir='ltr' id='par_1_106' title="bbox 1848 4637 3419 4706">
     <span class='ocr_line' id='line_1_107' title="bbox 1848 4637 3419 4706; baseline -0.004 -9"><span class='ocrx_word' id='word_1_783' title='bbox 1848 4659 1996 4698; x_wconf 90' lang='lat' dir='ltr'><strong>mero</strong></span> <span class='ocrx_word' id='word_1_784' title='bbox 2017 4645 2181 4699; x_wconf 87' lang='lat' dir='ltr'><strong>additi</strong></span> <span class='ocrx_word' id='word_1_785' title='bbox 2210 4645 2331 4697; x_wconf 91' lang='lat' dir='ltr'><strong>anni</strong></span> <span class='ocrx_word' id='word_1_786' title='bbox 2355 4637 2641 4699; x_wconf 58' lang='lat' dir='ltr'><strong>33&#39;Christi</strong></span> <span class='ocrx_word' id='word_1_787' title='bbox 2665 4643 2810 4706; x_wconf 65' lang='lat' dir='ltr'><strong>vitai,</strong></span> <span class='ocrx_word' id='word_1_788' title='bbox 2835 4640 3069 4695; x_wconf 80' lang='lat' dir='ltr'><strong>efllcitur</strong></span> <span class='ocrx_word' id='word_1_789' title='bbox 3091 4655 3262 4692; x_wconf 89' lang='lat' dir='ltr'><strong>annus</strong></span> <span class='ocrx_word' id='word_1_790' title='bbox 3290 4637 3419 4693; x_wconf 75' lang='lat'><strong>595.</strong></span> 
     </span>
    </p>
   </div>
   <div class='ocr_carea' id='block_1_107' title="bbox 630 4828 2964 4946">
    <p class='ocr_par' dir='ltr' id='par_1_107' title="bbox 630 4828 2964 4946">
     <span class='ocr_line' id='line_1_108' title="bbox 630 4828 2964 4946; baseline -0.002 -15"><span class='ocrx_word' id='word_1_791' title='bbox 630 4875 880 4946; x_wconf 74' lang='lat'><strong>37-33</strong></span> <span class='ocrx_word' id='word_1_792' title='bbox 935 4855 1483 4929; x_wconf 81' lang='lat' dir='ltr'><strong>INCIPIUNT</strong></span> <span class='ocrx_word' id='word_1_793' title='bbox 1543 4858 2077 4931; x_wconf 85' lang='lat' dir='ltr'><strong>CAPITULA</strong></span> <span class='ocrx_word' id='word_1_794' title='bbox 2137 4858 2425 4927; x_wconf 80' lang='lat' dir='ltr'><strong>LIBRI</strong></span> <span class='ocrx_word' id='word_1_795' title='bbox 2481 4828 2964 4929; x_wconf 77' lang='lat' dir='ltr'><strong>SECUNni.</strong></span> 
     </span>
    </p>
   </div>
   <div class='ocr_carea' id='block_1_108' title="bbox 212 4961 906 5036">
    <p class='ocr_par' dir='ltr' id='par_1_108' title="bbox 212 4961 906 5036">
     <span class='ocr_line' id='line_1_109' title="bbox 212 4961 906 5036; baseline 0.007 -22"><span class='ocrx_word' id='word_1_796' title='bbox 282 4965 343 5021; x_wconf 79' lang='lat' dir='ltr'><strong>De</strong></span> <span class='ocrx_word' id='word_1_797' title='bbox 369 4970 665 5036; x_wconf 77' lang='lat' dir='ltr'><strong>episCOpatu</strong></span> <span class='ocrx_word' id='word_1_798' title='bbox 693 4966 906 5020; x_wconf 73' lang='lat' dir='ltr'><strong>Briccii.</strong></span> 
     </span>
    </p>
   </div>
   <div class='ocr_carea' id='block_1_109' title="bbox 211 5032 1740 5120">
    <p class='ocr_par' dir='ltr' id='par_1_109' title="bbox 211 5032 1740 5120">
     <span class='ocr_line' id='line_1_110' title="bbox 211 5032 1740 5120; baseline -0.003 -27"><span class='ocrx_word' id='word_1_799' title='bbox 211 5032 274 5117; x_wconf 67' lang='grc' dir='ltr'><strong>ΙΙἶ</strong></span> <span class='ocrx_word' id='word_1_800' title='bbox 304 5032 653 5120; x_wconf 62' lang='grc' dir='ltr'><strong>ρι’νοηᾶαιίε</strong></span> <span class='ocrx_word' id='word_1_801' title='bbox 704 5047 751 5090; x_wconf 86' lang='lat' dir='ltr'><strong>et</strong></span> <span class='ocrx_word' id='word_1_802' title='bbox 796 5037 1139 5105; x_wconf 78' lang='lat' dir='ltr'><strong>persecutione</strong></span> <span class='ocrx_word' id='word_1_803' title='bbox 1186 5036 1597 5091; x_wconf 81' lang='lat' dir='ltr'><strong>Christianorum</strong></span> <span class='ocrx_word' id='word_1_804' title='bbox 1646 5036 1740 5090; x_wconf 85' lang='lat' dir='ltr'><strong>sub</strong></span> 
     </span>
    </p>
   </div>
   <div class='ocr_carea' id='block_1_110' title="bbox 215 5125 1743 5263">
    <p class='ocr_par' dir='ltr' id='par_1_110' title="bbox 215 5125 1743 5263">
     <span class='ocr_line' id='line_1_111' title="bbox 215 5125 1743 5263; baseline 0.003 -36"><span class='ocrx_word' id='word_1_805' title='bbox 215 5125 405 5263; x_wconf 49' lang='lat' dir='ltr'><strong>“&#39;1:ch</strong></span> <span class='ocrx_word' id='word_1_806' title='bbox 431 5182 619 5263; x_wconf 61' lang='grc' dir='ltr'><strong>(ξεν-σία</strong></span> <span class='ocrx_word' id='word_1_807' title='bbox 648 5178 1002 5235; x_wconf 66' lang='lat' dir='ltr'><strong>hereticorum</strong></span> <span class='ocrx_word' id='word_1_808' title='bbox 1052 5178 1307 5247; x_wconf 80' lang='lat' dir='ltr'><strong>episwpo,</strong></span> <span class='ocrx_word' id='word_1_809' title='bbox 1358 5190 1403 5234; x_wconf 84' lang='lat' dir='ltr'><strong>et</strong></span> <span class='ocrx_word' id='word_1_810' title='bbox 1441 5178 1504 5233; x_wconf 87' lang='lat' dir='ltr'><strong>de</strong></span> <span class='ocrx_word' id='word_1_811' title='bbox 1551 5177 1743 5233; x_wconf 87' lang='lat' dir='ltr'><strong>sanctis</strong></span> 
     </span>
    </p>
   </div>
   <div class='ocr_carea' id='block_1_111' title="bbox 217 5248 1459 5391">
    <p class='ocr_par' dir='ltr' id='par_1_111' title="bbox 217 5248 1459 5391">
     <span class='ocr_line' id='line_1_112' title="bbox 263 5248 565 5322; baseline 0.02 -22"><span class='ocrx_word' id='word_1_812' title='bbox 263 5248 565 5322; x_wconf 61' lang='lat' dir='ltr'><strong>Hartyritius.</strong></span> 
     </span>
     <span class='ocr_line' id='line_1_113' title="bbox 217 5314 1459 5391; baseline 0.002 -21"><span class='ocrx_word' id='word_1_813' title='bbox 308 5321 388 5391; x_wconf 82' lang='lat' dir='ltr'><strong>De</strong></span> <span class='ocrx_word' id='word_1_814' title='bbox 412 5322 758 5391; x_wconf 75' lang='lat' dir='ltr'><strong>persecutione</strong></span> <span class='ocrx_word' id='word_1_815' title='bbox 784 5321 879 5375; x_wconf 85' lang='lat' dir='ltr'><strong>sub</strong></span> <span class='ocrx_word' id='word_1_816' title='bbox 909 5320 1218 5373; x_wconf 72' lang='lat' dir='ltr'><strong>Athanarico</strong></span> <span class='ocrx_word' id='word_1_817' title='bbox 1247 5322 1459 5390; x_wconf 82' lang='lat' dir='ltr'><strong>agitata.</strong></span> 
     </span>
    </p>
   </div>
   <div class='ocr_carea' id='block_1_112' title="bbox 222 5386 1203 5463">
    <p class='ocr_par' dir='ltr' id='par_1_112' title="bbox 222 5386 1203 5463">
     <span class='ocr_line' id='line_1_114' title="bbox 222 5386 1203 5463; baseline 0.007 -23"><span class='ocrx_word' id='word_1_818' title='bbox 298 5390 359 5463; x_wconf 67' lang='lat' dir='ltr'><strong>De</strong></span> <span class='ocrx_word' id='word_1_819' title='bbox 386 5386 622 5448; x_wconf 71' lang='lat' dir='ltr'><strong>Aracatio</strong></span> <span class='ocrx_word' id='word_1_820' title='bbox 651 5394 891 5463; x_wconf 79' lang='lat' dir='ltr'><strong>episcopo</strong></span> <span class='ocrx_word' id='word_1_821' title='bbox 920 5403 964 5463; x_wconf 84' lang='lat' dir='ltr'><strong>et</strong></span> <span class='ocrx_word' id='word_1_822' title='bbox 993 5391 1203 5447; x_wconf 75' lang='lat' dir='ltr'><strong>Chunis.</strong></span> 
     </span>
    </p>
   </div>
   <div class='ocr_carea' id='block_1_113' title="bbox 223 5456 1738 5533">
    <p class='ocr_par' dir='ltr' id='par_1_113' title="bbox 223 5456 1738 5533">
     <span class='ocr_line' id='line_1_115' title="bbox 223 5456 1738 5533; baseline -0.002 -18"><span class='ocrx_word' id='word_1_823' title='bbox 386 5468 590 5520; x_wconf 84' lang='lat' dir='ltr'><strong>basilica</strong></span> <span class='ocrx_word' id='word_1_824' title='bbox 615 5456 781 5519; x_wconf 76' lang='lat' dir='ltr'><strong>sancti</strong></span> <span class='ocrx_word' id='word_1_825' title='bbox 810 5456 1059 5529; x_wconf 77' lang='lat' dir='ltr'><strong>Stephani</strong></span> <span class='ocrx_word' id='word_1_826' title='bbox 1086 5464 1225 5533; x_wconf 82' lang='lat' dir='ltr'><strong>apud</strong></span> <span class='ocrx_word' id='word_1_827' title='bbox 1239 5462 1535 5517; x_wconf 76' lang='lat' dir='ltr'><strong>Mettensem</strong></span> <span class='ocrx_word' id='word_1_828' title='bbox 1546 5462 1738 5516; x_wconf 74' lang='lat' dir='ltr'><strong>urbem.</strong></span> 
     </span>
    </p>
   </div>
   <div class='ocr_carea' id='block_1_114' title="bbox 226 5527 1111 5592">
    <p class='ocr_par' dir='ltr' id='par_1_114' title="bbox 226 5527 1111 5592">
     <span class='ocr_line' id='line_1_116' title="bbox 226 5527 1111 5592; baseline 0.006 -10"><span class='ocrx_word' id='word_1_829' title='bbox 226 5527 316 5586; x_wconf 78' lang='lat' dir='ltr'><strong>HI.</strong></span> <span class='ocrx_word' id='word_1_830' title='bbox 352 5535 421 5587; x_wconf 85' lang='lat' dir='ltr'><strong>De</strong></span> <span class='ocrx_word' id='word_1_831' title='bbox 447 5554 604 5592; x_wconf 72' lang='lat' dir='ltr'><strong>uxore</strong></span> <span class='ocrx_word' id='word_1_832' title='bbox 630 5537 786 5591; x_wconf 77' lang='lat' dir='ltr'><strong>Aetii.</strong></span> <span class='ocrx_word' id='word_1_833' title='bbox 828 5527 911 5586; x_wconf 75' lang='lat' dir='ltr'><strong>De</strong></span> <span class='ocrx_word' id='word_1_834' title='bbox 931 5535 1111 5587; x_wconf 73' lang='lat' dir='ltr'><strong>Attila.</strong></span> 
     </span>
    </p>
   </div>
   <div class='ocr_carea' id='block_1_115' title="bbox 224 5595 1562 5677">
    <p class='ocr_par' dir='ltr' id='par_1_115' title="bbox 224 5595 1562 5677">
     <span class='ocr_line' id='line_1_117' title="bbox 224 5595 1562 5677; baseline 0.002 -22"><span class='ocrx_word' id='word_1_835' title='bbox 224 5595 343 5677; x_wconf 56' lang='lat' dir='ltr'><strong>ﬂ”.</strong></span> <span class='ocrx_word' id='word_1_836' title='bbox 381 5608 510 5671; x_wconf 76' lang='lat' dir='ltr'><strong>Quid</strong></span> <span class='ocrx_word' id='word_1_837' title='bbox 530 5611 592 5662; x_wconf 84' lang='lat' dir='ltr'><strong>de</strong></span> <span class='ocrx_word' id='word_1_838' title='bbox 621 5609 770 5661; x_wconf 81' lang='lat' dir='ltr'><strong>Aetio</strong></span> <span class='ocrx_word' id='word_1_839' title='bbox 802 5606 1203 5675; x_wconf 77' lang='lat' dir='ltr'><strong>liistoriOgraphi</strong></span> <span class='ocrx_word' id='word_1_840' title='bbox 1231 5607 1562 5677; x_wconf 72' lang='lat' dir='ltr'><strong>scripserunt.</strong></span> 
     </span>
    </p>
   </div>
   <div class='ocr_carea' id='block_1_116' title="bbox 224 5665 1190 5743">
    <p class='ocr_par' dir='ltr' id='par_1_116' title="bbox 224 5665 1190 5743">
     <span class='ocr_line' id='line_1_118' title="bbox 224 5665 1190 5743; baseline 0.005 -17"><span class='ocrx_word' id='word_1_841' title='bbox 224 5665 290 5731; x_wconf 73' lang='grc' dir='ltr'><strong>ΙΧ.</strong></span> <span class='ocrx_word' id='word_1_842' title='bbox 322 5665 445 5743; x_wconf 73' lang='lat' dir='ltr'><strong>Quid</strong></span> <span class='ocrx_word' id='word_1_843' title='bbox 468 5681 531 5734; x_wconf 81' lang='lat' dir='ltr'><strong>de</strong></span> <span class='ocrx_word' id='word_1_844' title='bbox 567 5677 788 5733; x_wconf 79' lang='lat' dir='ltr'><strong>Francis</strong></span> <span class='ocrx_word' id='word_1_845' title='bbox 819 5678 973 5731; x_wconf 81' lang='lat' dir='ltr'><strong>iidem</strong></span> <span class='ocrx_word' id='word_1_846' title='bbox 1004 5665 1190 5731; x_wconf 72' lang='lat' dir='ltr'><strong>dicunt.</strong></span> 
     </span>
    </p>
   </div>
   <div class='ocr_carea' id='block_1_117' title="bbox 1848 4960 3421 5088">
    <p class='ocr_par' dir='ltr' id='par_1_117' title="bbox 1848 4960 3421 5088">
     <span class='ocr_line' id='line_1_119' title="bbox 1848 4960 3421 5088; baseline -0.005 -67"><span class='ocrx_word' id='word_1_847' title='bbox 1848 4966 1918 5021; x_wconf 81' lang='grc' dir='ltr'><strong>Χ.</strong></span> <span class='ocrx_word' id='word_1_848' title='bbox 1974 4967 2109 5088; x_wconf 62' lang='lat' dir='ltr'><strong>ind</strong></span> <span class='ocrx_word' id='word_1_849' title='bbox 2171 4969 2234 5019; x_wconf 84' lang='lat' dir='ltr'><strong>de</strong></span> <span class='ocrx_word' id='word_1_850' title='bbox 2279 4966 2568 5019; x_wconf 79' lang='lat' dir='ltr'><strong>simulacris</strong></span> <span class='ocrx_word' id='word_1_851' title='bbox 2623 4966 2848 5035; x_wconf 82' lang='lat' dir='ltr'><strong>gentium</strong></span> <span class='ocrx_word' id='word_1_852' title='bbox 2901 4962 3163 5034; x_wconf 65' lang='lat' dir='ltr'><strong>prop/toti:</strong></span> <span class='ocrx_word' id='word_1_853' title='bbox 3216 4960 3421 5014; x_wconf 62' lang='lat' dir='ltr'><strong>Domini</strong></span> 
     </span>
     <span class='ocr_line' id='line_1_120' title="bbox 1920 5044 3151 5088; baseline 0 0"><span class='ocrx_word' id='word_1_854' title='bbox 1920 5055 2018 5088; x_wconf 70' lang='lat' dir='ltr'><strong>scr:</strong></span> <span class='ocrx_word' id='word_1_855' title='bbox 2054 5046 2165 5088; x_wconf 88' lang='lat' dir='ltr'><strong>ant.</strong></span> <span class='ocrx_word' id='word_1_856' title='bbox 3148 5044 3151 5051; x_wconf 70' lang='lat'>‘</span> 
     </span>
    </p>
   </div>
   <div class='ocr_carea' id='block_1_118' title="bbox 1920 5044 3151 5090">
    <p class='ocr_par' dir='ltr' id='par_1_118' title="bbox 1920 5044 3151 5090">
     <span class='ocr_line' id='line_1_121' title="bbox 1920 5044 3151 5090; baseline -0.002 -1"><span class='ocrx_word' id='word_1_857' title='bbox 1920 5044 2165 5090; x_wconf 83' lang='lat' dir='ltr'><strong>scribant.</strong></span> <span class='ocrx_word' id='word_1_858' title='bbox 3148 5044 3151 5051; x_wconf 80' lang='lat'>‘</span> 
     </span>
    </p>
   </div>
   <div class='ocr_carea' id='block_1_119' title="bbox 1850 5115 2595 5183">
    <p class='ocr_par' dir='ltr' id='par_1_119' title="bbox 1850 5115 2595 5183">
     <span class='ocr_line' id='line_1_122' title="bbox 1850 5115 2595 5183; baseline -0.001 -14"><span class='ocrx_word' id='word_1_859' title='bbox 1850 5115 1955 5169; x_wconf 82' lang='lat' dir='ltr'><strong>XI.</strong></span> <span class='ocrx_word' id='word_1_860' title='bbox 1998 5116 2073 5169; x_wconf 84' lang='lat' dir='ltr'><strong>De</strong></span> <span class='ocrx_word' id='word_1_861' title='bbox 2101 5118 2243 5168; x_wconf 77' lang='lat' dir='ltr'><strong>Avito</strong></span> <span class='ocrx_word' id='word_1_862' title='bbox 2273 5115 2595 5183; x_wconf 82' lang='lat' dir='ltr'><strong>imperatore.</strong></span> 
     </span>
    </p>
   </div>
   <div class='ocr_carea' id='block_1_120' title="bbox 1848 5190 2879 5265">
    <p class='ocr_par' dir='ltr' id='par_1_120' title="bbox 1848 5190 2879 5265">
     <span class='ocr_line' id='line_1_123' title="bbox 1848 5190 2879 5265; baseline -0.006 -16"><span class='ocrx_word' id='word_1_863' title='bbox 1848 5194 1988 5249; x_wconf 82' lang='lat' dir='ltr'><strong>XII.</strong></span> <span class='ocrx_word' id='word_1_864' title='bbox 2016 5194 2090 5248; x_wconf 84' lang='lat' dir='ltr'><strong>De</strong></span> <span class='ocrx_word' id='word_1_865' title='bbox 2114 5193 2402 5248; x_wconf 81' lang='lat' dir='ltr'><strong>Chitderico</strong></span> <span class='ocrx_word' id='word_1_866' title='bbox 2428 5210 2545 5265; x_wconf 83' lang='lat' dir='ltr'><strong>rege</strong></span> <span class='ocrx_word' id='word_1_867' title='bbox 2567 5203 2614 5245; x_wconf 91' lang='lat' dir='ltr'><strong>et</strong></span> <span class='ocrx_word' id='word_1_868' title='bbox 2641 5190 2879 5261; x_wconf 70' lang='grc' dir='ltr'><strong>Αῖᾳὶάὶο.</strong></span> 
     </span>
    </p>
   </div>
   <div class='ocr_carea' id='block_1_121' title="bbox 1848 5269 3417 5342">
    <p class='ocr_par' dir='ltr' id='par_1_121' title="bbox 1848 5269 3417 5342">
     <span class='ocr_line' id='line_1_124' title="bbox 1848 5269 3417 5342; baseline -0.002 -12"><span class='ocrx_word' id='word_1_869' title='bbox 1848 5276 1896 5330; x_wconf 81' lang='grc' dir='ltr'><em>Χ</em></span> <span class='ocrx_word' id='word_1_870' title='bbox 1906 5275 2022 5328; x_wconf 86' lang='grc'><strong>111.</strong></span> <span class='ocrx_word' id='word_1_871' title='bbox 2067 5276 2141 5328; x_wconf 83' lang='lat' dir='ltr'><strong>De</strong></span> <span class='ocrx_word' id='word_1_872' title='bbox 2174 5276 2469 5342; x_wconf 83' lang='lat' dir='ltr'><strong>episcopatu</strong></span> <span class='ocrx_word' id='word_1_873' title='bbox 2517 5271 2802 5328; x_wconf 83' lang='lat' dir='ltr'><strong>Venerandi</strong></span> <span class='ocrx_word' id='word_1_874' title='bbox 2833 5287 2892 5322; x_wconf 89' lang='lat' dir='ltr'><strong>ac</strong></span> <span class='ocrx_word' id='word_1_875' title='bbox 2929 5269 3129 5323; x_wconf 85' lang='lat' dir='ltr'><strong>Rustici</strong></span> <span class='ocrx_word' id='word_1_876' title='bbox 3162 5270 3417 5327; x_wconf 71' lang='lat' dir='ltr'><strong>Arvernis.</strong></span> 
     </span>
    </p>
   </div>
   <div class='ocr_carea' id='block_1_122' title="bbox 1850 5350 3422 5424">
    <p class='ocr_par' dir='ltr' id='par_1_122' title="bbox 1850 5350 3422 5424">
     <span class='ocr_line' id='line_1_125' title="bbox 1850 5350 3422 5424; baseline -0.001 -15"><span class='ocrx_word' id='word_1_877' title='bbox 1850 5355 2009 5410; x_wconf 83' lang='lat' dir='ltr'><strong>XIV.</strong></span> <span class='ocrx_word' id='word_1_878' title='bbox 2054 5355 2129 5407; x_wconf 89' lang='lat' dir='ltr'><strong>De</strong></span> <span class='ocrx_word' id='word_1_879' title='bbox 2158 5354 2445 5424; x_wconf 80' lang='lat' dir='ltr'><strong>episcopatu</strong></span> <span class='ocrx_word' id='word_1_880' title='bbox 2477 5352 2742 5424; x_wconf 58' lang='lat' dir='ltr'><strong>Eustachii</strong></span> <span class='ocrx_word' id='word_1_881' title='bbox 2782 5350 3022 5404; x_wconf 84' lang='lat' dir='ltr'><strong>Turonici</strong></span> <span class='ocrx_word' id='word_1_882' title='bbox 3055 5360 3207 5423; x_wconf 85' lang='lat' dir='ltr'><strong>atque</strong></span> <span class='ocrx_word' id='word_1_883' title='bbox 3232 5353 3422 5419; x_wconf 76' lang='lat' dir='ltr'><strong>Pcrpc~</strong></span> 
     </span>
    </p>
   </div>
   <div class='ocr_carea' id='block_1_123' title="bbox 1919 5422 2883 5491">
    <p class='ocr_par' dir='ltr' id='par_1_123' title="bbox 1919 5422 2883 5491">
     <span class='ocr_line' id='line_1_126' title="bbox 1919 5422 2883 5491; baseline -0.003 -12"><span class='ocrx_word' id='word_1_884' title='bbox 1919 5428 1993 5479; x_wconf 87' lang='lat' dir='ltr'><strong>tui</strong></span> <span class='ocrx_word' id='word_1_885' title='bbox 2019 5442 2039 5491; x_wconf 88' lang='lat'><strong><em>;</em></strong></span> <span class='ocrx_word' id='word_1_886' title='bbox 2066 5435 2113 5479; x_wconf 89' lang='lat' dir='ltr'><strong>et</strong></span> <span class='ocrx_word' id='word_1_887' title='bbox 2144 5422 2206 5479; x_wconf 86' lang='lat' dir='ltr'><strong>de</strong></span> <span class='ocrx_word' id='word_1_888' title='bbox 2232 5425 2439 5478; x_wconf 79' lang='lat' dir='ltr'><strong>basilica</strong></span> <span class='ocrx_word' id='word_1_889' title='bbox 2465 5425 2625 5477; x_wconf 86' lang='lat' dir='ltr'><strong>sancti</strong></span> <span class='ocrx_word' id='word_1_890' title='bbox 2652 5422 2883 5476; x_wconf 78' lang='lat' dir='ltr'><strong>Martini.</strong></span> 
     </span>
    </p>
   </div>
   <div class='ocr_carea' id='block_1_124' title="bbox 1848 5504 2932 5575">
    <p class='ocr_par' dir='ltr' id='par_1_124' title="bbox 1848 5504 2932 5575">
     <span class='ocr_line' id='line_1_127' title="bbox 1848 5504 2932 5575; baseline -0.003 -15"><span class='ocrx_word' id='word_1_891' title='bbox 1848 5506 1900 5560; x_wconf 82' lang='grc' dir='ltr'><em>Χ</em></span> <span class='ocrx_word' id='word_1_892' title='bbox 1913 5506 1976 5560; x_wconf 84' lang='grc' dir='ltr'><strong>γ.</strong></span> <span class='ocrx_word' id='word_1_893' title='bbox 2021 5507 2094 5559; x_wconf 91' lang='lat' dir='ltr'><strong>De</strong></span> <span class='ocrx_word' id='word_1_894' title='bbox 2121 5504 2331 5559; x_wconf 80' lang='lat' dir='ltr'><strong>basilica</strong></span> <span class='ocrx_word' id='word_1_895' title='bbox 2358 5505 2519 5559; x_wconf 84' lang='lat' dir='ltr'><strong>sancti</strong></span> <span class='ocrx_word' id='word_1_896' title='bbox 2547 5504 2932 5575; x_wconf 81' lang='lat' dir='ltr'><strong>Symphoriani.</strong></span> 
     </span>
    </p>
   </div>
   <div class='ocr_carea' id='block_1_125' title="bbox 1852 5584 3270 5654">
    <p class='ocr_par' dir='ltr' id='par_1_125' title="bbox 1852 5584 3270 5654">
     <span class='ocr_line' id='line_1_128' title="bbox 1852 5584 3270 5654; baseline -0.004 -13"><span class='ocrx_word' id='word_1_897' title='bbox 1852 5588 1895 5641; x_wconf 72' lang='grc' dir='ltr'><em>Χ</em></span> <span class='ocrx_word' id='word_1_898' title='bbox 1912 5584 2009 5641; x_wconf 80' lang='grc' dir='ltr'><strong>γι.</strong></span> <span class='ocrx_word' id='word_1_899' title='bbox 2054 5587 2128 5642; x_wconf 88' lang='lat' dir='ltr'><strong>De</strong></span> <span class='ocrx_word' id='word_1_900' title='bbox 2160 5586 2397 5641; x_wconf 80' lang='lat' dir='ltr'><strong>Namatio</strong></span> <span class='ocrx_word' id='word_1_901' title='bbox 2422 5588 2683 5654; x_wconf 71' lang='lat' dir='ltr'><strong>episcetpo,</strong></span> <span class='ocrx_word' id='word_1_902' title='bbox 2714 5594 2760 5638; x_wconf 87' lang='lat' dir='ltr'><strong>et</strong></span> <span class='ocrx_word' id='word_1_903' title='bbox 2786 5585 2991 5638; x_wconf 68' lang='lat' dir='ltr'><strong>ecclesia</strong></span> <span class='ocrx_word' id='word_1_904' title='bbox 3023 5585 3270 5637; x_wconf 76' lang='lat' dir='ltr'><strong>Arverna.</strong></span> 
     </span>
    </p>
   </div>
   <div class='ocr_carea' id='block_1_126' title="bbox 1852 5664 3341 5737">
    <p class='ocr_par' dir='ltr' id='par_1_126' title="bbox 1852 5664 3341 5737">
     <span class='ocr_line' id='line_1_129' title="bbox 1852 5664 3341 5737; baseline -0.005 -17"><span class='ocrx_word' id='word_1_905' title='bbox 1852 5666 1894 5720; x_wconf 72' lang='grc' dir='ltr'><em>Χ</em></span> <span class='ocrx_word' id='word_1_906' title='bbox 1914 5666 2043 5723; x_wconf 84' lang='lat' dir='ltr'><strong>VH.</strong></span> <span class='ocrx_word' id='word_1_907' title='bbox 2087 5666 2159 5720; x_wconf 66' lang='lat' dir='ltr'><strong>De</strong></span> <span class='ocrx_word' id='word_1_908' title='bbox 2188 5669 2403 5737; x_wconf 84' lang='lat' dir='ltr'><strong>conjuge</strong></span> <span class='ocrx_word' id='word_1_909' title='bbox 2423 5669 2555 5736; x_wconf 82' lang='lat' dir='ltr'><strong>ejus,</strong></span> <span class='ocrx_word' id='word_1_910' title='bbox 2581 5676 2626 5717; x_wconf 87' lang='lat' dir='ltr'><strong>et</strong></span> <span class='ocrx_word' id='word_1_911' title='bbox 2652 5665 2859 5718; x_wconf 78' lang='lat' dir='ltr'><strong>basilica</strong></span> <span class='ocrx_word' id='word_1_912' title='bbox 2878 5666 3040 5718; x_wconf 80' lang='lat' dir='ltr'><strong>sancti</strong></span> <span class='ocrx_word' id='word_1_913' title='bbox 3074 5664 3341 5731; x_wconf 69' lang='lat' dir='ltr'><strong>Stephani.</strong></span> 
     </span>
    </p>
   </div>
  </div>
