3994 6194
574 272 671 326 187

574 377 796 437 XVIII.
839 380 990 446 Quod
1033 380 1349 435 Childericus
1392 380 1681 435 Aureliani:
1708 421 1723 443 ,
1781 385 1826 432 ct
1860 377 2144 449 Andegavis

552 500 555 505 ,
644 453 776 504 venit
805 453 1138 507 Adouacrius.

574 520 734 575 XIX.
778 520 974 574 Bellum
1000 524 1129 574 inter
1160 521 1390 577 Saxones
1425 539 1484 575 ac
1513 522 1785 576 Romanos.

578 591 696 648 XX.
740 591 815 643 De
852 590 1076 644 Victoria
1100 593 1247 645 duce.

577 660 746 733 XXI._
774 659 851 733 De
889 660 1145 733 βραγεήἱο
1172 663 1426 733 episcopo.

576 729 766 788 XXII.
810 730 885 784 De
911 731 1125 786 Sidonio
1154 729 1410 799 episcopo.

574 800 799 856 XXIII.
847 802 918 855 De
947 804 1211 856 sanctitate
1243 802 1447 857 Sidonii
1475 803 1699 869 episcopi
1717 842 1733 866 ,
1773 811 1820 855 et
1850 802 1912 856 de
1940 802 2145 873 injuriis

645 873 833 925 ultione
854 874 1027 925 dicina
1056 876 1340 925 moderatis.

571 942 618 1013 ιζ
631 940 788 1013 XIV.
812 942 1061 1013 _Dei[ame
1089 942 1419 1013 Burgunditr,
1446 951 1492 996 et
1523 941 1744 997 Ecditio.

570 1011 755 1064 XXV.
800 1011 875 1066 De
909 1011 1166 1079 Euvarege
1194 1011 1526 1079 persecutore.

572 1081 788 1136 XXVI.
828 1081 905 1134 De
934 1083 1073 1135 obitu
1099 1086 1259 1137 sancti
1284 1082 1543 1152 Perpetui,
1574 1094 1619 1137 et
1644 1085 1936 1152 episcopatu
1974 1083 2137 1137 Volu-

650 1154 779 1204 siani
809 1169 870 1205 ac
902 1152 1043 1205 Veri.

578 1221 683 1294 XX
694 1221 839 1294 ._
861 1224 1006 1288 Quod
1034 1222 1407 1294 Clitodovechus
1434 1240 1645 1294 regnum
1668 1226 1878 1294 accepit.

578 1292 685 1345 XX
699 1292 862 1345 VIII.
896 1294 1044 1359 Quod
1070 1292 1446 1346 Chlodovechus
1471 1292 1911 1348 Chrothechildem
1931 1296 2144 1358 accepit.

580 1361 792 1418 XXIX.
836 1362 914 1416 De
941 1365 1105 1431 primo
1135 1380 1308 1416 eorum
1336 1364 1445 1431 ﬁlio
1474 1367 1727 1427 baptizata
1752 1376 1798 1419 et
1820 1367 1871 1418 in
1908 1367 2034 1419 albis
2059 1367 2147 1416 de-

1552 267 1611 323 S.
1651 264 1973 322 GREGORII
2015 265 2316 324 EPISCOPI
2355 263 2782 323 TURONENSIS

3720 257 3865 319 I88

2312 382 2674 525 ίῖξςειίιρηι
2706 446 3230 525 contrahdlainannos.

2249 515 2469 587 XXXI.
2493 517 2567 570 De
2597 519 2845 587 baptismo
2875 515 3229 573 Cltlod'oveclti.

2248 586 2495 641 XXXII.
2524 586 2722 641 Bellum
2753 600 2923 641 contra
2954 589 3335 644 Gundebadum.

2246 657 2530 712 XXXIII.
2577 659 2650 711 lle
2679 660 2883 712 interitu
2911 658 3218 728 Godegiseli.

2248 728 2518 783 XXXIV.
2563 730 2710 793 Quod
2741 730 3087 783 Gundebadus
3126 732 3345 783 converti
3373 731 3587 784 voluerit

2250 798 2482 853 XXXV.
2516 800 2663 865 Quod
2693 798 3074 852 Cltladovecltus
3097 812 3141 853 et
3174 802 3406 855 Alaricus
3431 818 3483 854 se
3508 801 3781 854 viderunt.

2252 868 2518 939 XXXVI.
2564 870 2639 923 De
2678 870 2957 935 Quintiano
3003 871 3256 939 episcopo.

2252 938 2553 992 XXXVII.
2597 939 2801 993 Bellum
2841 950 3018 992 contra
3049 943 3329 995 Alaricum.

2250 1009 2405 1081 X
2420 1009 2585 1081 VIII.
2734 1012 3013 1063 Patriciatu
3038 1010 3376 1065 Chlodoveclti
3404 1012 3559 1081 regis.

2252 1079 2517 1134 XXXIX.
2553 1081 2625 1132 De
2650 1080 2843 1133 Licinio
2866 1084 3121 1149 episcopo.

2250 1150 2381 1221 ΧΙΑ.Δ
2411 1152 2485 1203 De
2514 1153 2716 1203 interitu
2743 1151 2980 1221 Sigiberti
3009 1154 3222 1205 senioris
3248 1164 3292 1207 et
3323 1153 3419 1218 lilii
3443 1154 3573 1221 ejus.

2448 1223 2522 1295 De
2543 1223 2745 1295 interitu
2770 1220 3037 1295 Clinmrici
3057 1234 3101 1275 et
3124 1224 3218 1291 [iiii
3240 1226 3370 1295 ejus.

2250 1291 2300 1363 ιζ
2312 1291 2451 1363 l.l_I._
2482 1293 2556 1363 De
2584 1294 2791 1345 interitu
2806 1292 3167 1363 Aliagnat'mrii
3191 1304 3235 1347 et
3258 1291 3476 1363 fratrum
3498 1296 3631 1359 eius.

2255 1361 2475 1415 XLIII.
2522 1362 2595 1414 De
2624 1364 2761 1414 obitu
2788 1361 3143 1418 Clilodovechi.

1557 1602 2017 1743 LIBER
2091 1597 2932 1706 SECUNDUS.

1988 1777 2447 1885 protegas.

653 1945 1179 2018 39rProsequentes
1207 1942 1451 1997 ordinem
1481 1952 1806 2013 temporum,
1838 1940 1994 1996 miste
2024 1956 2153 1995 con-
2184 1947 2230 2002 Α
2259 1939 2360 1992 sub
2394 1938 2632 1993 Ezechiae
2675 1950 2930 2007 tempore,
2960 1940 3043 1995 cui
3078 1940 3213 1995 Deus
3238 1942 3304 1995 ad
3340 1943 3502 1995 vitam
3530 1942 3855 2010 quindecim

585 2036 802 2107 fusoque
832 2046 937 2091 tam
982 2037 1202 2091 virtutes
1232 2043 1533 2088 sanctorum
1556 2074 1570 2098 ,
1609 2049 1765 2102 quam
1796 2043 2000 2101 strages
2030 2048 2158 2102 gen-

585 2129 714 2184 tium
762 2144 1136 2184 memoramus.
1169 2127 1282 2181 Non
1324 2126 1464 2180 enim
1518 2125 1947 2180 irrationabiliter
1991 2125 2156 2194 accipi

588 2230 717 2290 puto
747 2262 764 2288 ,
808 2222 853 2275 si
896 2221 1096 2275 felicem
1147 2220 1422 2274 beatorum
1460 2219 1622 2273 vitam
1664 2220 1800 2273 inter
1841 2220 2157 2273 miserorum

589 2326 945 2365 memoremus
983 2310 1213 2373 excidia,
1239 2324 1359 2363 cum
1393 2309 1442 2363 id
1474 2325 1576 2363 non
1619 2308 1842 2363 facilitas
1861 2308 2157 2377 scriptoris,

589 2402 681 2458 sed
715 2413 1010 2469 temporum
1038 2403 1207 2456 series
1235 2409 1468 2470 przestet.
1502 2401 1632 2454 Nam
1664 2401 1921 2455 sollicitus
1949 2402 2115 2455 lector
2138 2442 2155 2465 ,

590 2492 635 2545 si
667 2491 903 2561 inquirat
930 2502 1147 2546 strenue
1166 2532 1181 2555 ,
1214 2491 1450 2545 inveniet
1477 2491 1614 2545 inter
1642 2490 1755 2544 illas
1783 2505 1964 2559 regum
1990 2491 2159 2545 lsrae-

591 2583 852 2638 liticorum
881 2583 1148 2649 historias,
1175 2583 1275 2636 sub
1299 2583 1511 2637 Samuel
1536 2582 1682 2652 justo
1711 2583 1961 2637 Phineem
1989 2581 2158 2637 inter-

590 2671 695 2728 isse
725 2674 1145 2743 sacrilegnmzac
1164 2673 1262 2727 sub
1282 2673 1467 2739 David,
1497 2688 1654 2743 quem
1686 2673 1897 2728 Fortem
1944 2688 2156 2727 manum

592 2771 619 2801 ⁸
664 2762 887 2826 dicunt,
933 2762 1137 2818 Goliam
1168 2763 1491 2832 allophylum
1519 2763 1803 2818 corruisse.
1860 2763 2160 2818 Meminerit

590 2855 748 2908 etiam
775 2854 873 2908 sub
901 2853 1065 2910 llelite
1093 2855 1278 2909 eximii
1312 2856 1444 2908 vatis
1488 2865 1724 2924 tempore
1749 2896 1763 2919 ,
1820 2855 1911 2924 qui
1959 2855 2159 2924 pluvias

592 2960 708 3000 cum
734 2945 903 2999 voluit
928 2946 1164 3013 abstulit,
1218 2957 1271 3001 et
1316 2962 1437 3001 cum
1491 2947 1641 3001 libttit
1695 2946 1967 3002 arentibus
2006 2948 2159 3003 terris

591 3038 807 3103 :nfudit;
834 3038 919 3108 qui
942 3040 1117 3094 viduae
1143 3049 1506 3107 paupertatem
1528 3040 1770 3095 oratione
1796 3040 2156 3108 locupletavit;

597 3142 811 3200 quantae
842 3133 1152 3200 populorum
1182 3145 1385 3201 Strages
1411 3132 1519 3203 [ιο
1541 3132 1712 3197 fuere,
1736 3142 1949 3201 quanta:
1970 3132 2156 3197 fames,

595 3222 681 3277 vel
708 3237 826 3293 quae
869 3223 1079 3277 siccitas
1122 3224 1371 3279 miseram
1417 3225 1741 3294 oppresserit
1768 3224 2006 3279 humum.
2031 3224 2159 3290 Quae

668 3363 695 3391 ³·
719 3352 806 3407 Sic
830 3352 1011 3414 Corb.;
1038 3355 1150 3419 alii,
1184 3352 1390 3409 Fortem
1426 3371 1602 3409 manu.

664 3422 694 3462 δ
721 3423 809 3497 Sic
830 3424 950 3497 cod.
980 3424 1181 3491 Casiu.;
1207 3426 1319 3497 alii,
1339 3426 1569 3497 jubente.

671 3504 694 3564 ἐ
729 3494 884 3547 Deest
913 3495 1012 3549 hoc
1034 3506 1192 3563 caput
1212 3496 1261 3549 in
1284 3493 1443 3551 Corb.
1469 3508 1520 3551 et
1548 3496 1678 3564 Reg.
1708 3493 1875 3550 Porro
1920 3496 2157 3549 nonnulli

599 3563 755 3633 hujus
786 3564 1037 3635 temporis
1063 3567 1251 3619 eruditi
1297 3568 1392 3618 viri
1423 3607 1437 3629 ,
1475 3563 1665 3633 quibus
1708 3582 1811 3619 non
1846 3570 2015 3635 placet
2047 3567 2161 3621 haec

602 3634 837 3702 Gregorii
861 3636 1114 3699 narratio,
1142 3652 1261 3691 eum
1292 3637 1344 3688 in
1376 3636 1475 3689 hoc
1505 3638 1692 3690 falsum
1736 3634 1899 3690 fuisse
1929 3648 2112 3702 putant
2143 3678 2157 3697 .

602 3705 740 3775 quod
792 3706 1134 3771 Brictionem,
1160 3708 1227 3761 de
1252 3722 1356 3774 quo
1381 3707 1648 3774 Sulpicius
1676 3706 1726 3759 in
1753 3709 1855 3760 line
1890 3707 2094 3775 Dialog.
2128 3710 2162 3762 '5

602 3775 831 3843 scripsit,
862 3791 979 3829 cum
1006 3777 1208 3831 Briccio
1237 3778 1401 3830 sancti
1432 3778 1634 3831 Martini
1662 3778 1959 3831 confuderit
1984 3818 1998 3843 ,
2028 3794 2163 3846 quos

604 3856 779 3901 tamen
825 3846 1065 3901 diversos
1111 3849 1326 3901 Omnino
1356 3847 1518 3903 fuisse
1547 3852 1766 3903 volunt:
1801 3849 1990 3913 primo,
2021 3848 2163 3916 quod

604 3929 776 3983 neque
824 3917 1100 3987 Sulpicius,
1136 3933 1305 3983 neque
1335 3918 1657 3972 Fortunatus
1686 3962 1702 3982 ,
1748 3920 1833 3984 qui
1883 3920 2165 3973 Brictiouis

605 3988 761 4044 etiam
802 3988 1078 4052 meminit,
1124 4004 1244 4043 eum
1288 3989 1512 4043 Martino
1534 3991 1859 4044 successisse
1886 3990 2117 4044 dixerint
2146 4007 2161 4057 ;

605 4057 664 4111 2"
684 4057 821 4125 quod
851 4058 1143 4114 verisimile
1187 4075 1293 4113 non
1341 4061 1411 4113 sit
1437 4060 1704 4115 hominem
1736 4060 1869 4114 adeo
1898 4059 2161 4115 facinoro-

606 4142 746 4190 sum,
777 4130 947 4197 qualis
992 4128 1187 4184 Bl'iCliO
1228 4131 1296 4184 ab
1343 4130 1448 4184 illis
1474 4132 1777 4184 auctoribus
1808 4131 2123 4185 describitur
2146 4176 2161 4198 ,

609 4206 758 4251 tanto
778 4199 896 4269 viro
920 4200 971 4253 in
1000 4202 1307 4267 episcOpatu
1338 4204 1689 4263 successisse;
1721 4201 1777 4254 δ’
1802 4202 1959 4269 quod.
1986 4202 2032 4255 si
2061 4201 2166 4255 Bri-

608 4270 717 4340 ctio
742 4268 961 4323 Martino
989 4273 1370 4335 successisset,
1415 4272 1675 4337 Sulpicius
1705 4268 1897 4340 quieo
1935 4270 2164 4326 Turonis

610 4339 829 4411 sedente
880 4341 1126 4411 Dialogus
1149 4343 1403 4409 scripsit,
1443 4351 1584 4394 tanta
1621 4339 1739 4409 ejus
1789 4339 2047 4405 facinora,
2078 4351 2168 4394 aut

609 4410 798 4479 saltent
825 4426 1015 4464 nomen
1039 4410 1353 4466 reticuisset.
1388 4411 1624 4478 Denique
1657 4411 1796 4479 quod
1824 4412 2087 4476 Sulpicius
2113 4422 2167 4465 et

614 4478 927 4533 Fortunatus
956 4481 1271 4535 Brictionem
1316 4483 1701 4534 nominaverint
1730 4522 1746 4545 ,
1796 4480 2000 4533 Martini
2036 4496 2166 4535 vero

612 4562 889 4621 successor
908 4551 1143 4621 Briccius
1170 4552 1327 4605 etiam
1359 4552 1424 4605 ab
1453 4553 1567 4620 ipso
1590 4551 1847 4621 Gregorio
1867 4551 2164 4619 appellatus

612 4620 790 4690 fuerit.
820 4620 957 4684 Quin
982 4633 1035 4674 et
1062 4622 1149 4673 alii
1179 4622 1361 4674 volunt
1390 4631 1552 4674 totum
1584 4622 1684 4674 boc
1708 4620 1876 4686 caput
1922 4622 2161 4690 Gregorii

616 4688 860 4769 Historiae
900 4692 981 4784 Aab
1019 4692 1198 4784 aliqua
1238 4691 1615 4784 interpolato”;
1662 4688 2160 4784 fuisse.adjectultln':
2194 4722 2239 4784 ρ

613 4774 733 4812 cuni
759 4760 808 4812 in
833 4760 986 4814 codd.
1012 4762 1402 4823 vetustissimis,
1423 4761 1726 4815 Gorbeiensi
1752 4762 1949 4816 scilicet
1973 4772 2027 4816 et
2050 4763 2164 4816 Bel-

615 4830 900 4894 lovacensi,
927 4846 1031 4884 non
1063 4833 1338 4895 habeatur,
1368 4842 1420 4885 et
1450 4832 1502 4884 in
1528 4847 1592 4885 eo
1623 4833 1953 4900 proferantur
1977 4834 2162 4895 multa,

616 4916 733 4970 qua:
778 4916 880 4954 non
913 4902 1040 4955 satis
1088 4900 1184 4954 sibi
1229 4912 1472 4955 constant
1504 4943 1517 4966 ,
1552 4914 1607 4954 ut
1634 4918 1661 4954 a
1691 4902 1946 4967 Gregorio
1971 4906 2167 4971 scripta

616 4971 717 5025 dici
750 4972 981 5039 possint,
1009 4971 1250 5026 videlicet
1285 4972 1547 5026 hominem
1576 4988 1766 5026 vanum
1800 4974 2025 5027 Martino
2050 4989 2170 5027 suc-

615 5042 860 5109 cessisse,
891 5058 1118 5112 eumque
1163 5058 1331 5096 annos
1378 5044 1565 5095 saltem
1612 5046 1941 5113 septuaginta
1986 5054 2166 5099 natum

616 5113 856 5168 adulterii
881 5115 1100 5169 crimine
1122 5114 1446 5183 impetitum;
1478 5114 1676 5175 Romae,
1702 5124 1757 5167 ut
1785 5130 1934 5169 suam
1957 5130 2168 5168 causam

618 5192 873 5246 tueretur,
923 5200 1090 5239 annos
1130 5196 1331 5254 septem
1381 5196 1782 5238 commoratum.
1835 5186 1926 5239 His
1971 5186 2171 5239 addunt

618 5254 881 5319 pontificis
909 5254 1159 5319 Romani,
1191 5260 1275 5322 qui
1310 5266 1480 5309 tamen
1511 5257 1764 5325 Gregorio
1804 5258 1965 5320 probe
2008 5270 2167 5311 notus

618 5333 759 5395 erat,
806 5341 994 5377 nomen
1043 5341 1416 5394 suppressum;
1468 5328 1661 5380 nullam
1711 5326 1937 5395 denique
1982 5328 2170 5380 horum

621 5390 877 5465 factorum,
904 5396 1030 5465 alias
1058 5390 1364 5450 memoriam
1398 5390 1611 5461 haberi,
1642 5390 1864 5465 aliaque-
1882 5396 1933 5450 id
1980 5412 2167 5465 genus,

620 5475 738 5526 qua:
766 5477 794 5533 a
825 5462 904 5533 Cl.
934 5464 996 5516 V.
1026 5465 1256 5533 Josepho
1282 5470 1546 5521 Antelmio
1578 5471 1627 5520 in
1655 5462 1873 5533 epistola
1906 5462 2073 5522 ad'R.
2108 5469 2170 5522 ι).

621 5534 746 5606 An_t_.
772 5531 984 5606 Pagium
1014 5531 1225 5590 Parisiis
1248 5542 1384 5590 edita
1415 5552 1554 5589 anno
1578 5531 1715 5590 1693
1741 5536 2095 5606 proferuntur.

693 5600 887 5676 Veru_tn
918 5602 1266 5676 hisomnihus
1292 5608 1483 5674 opponi
1532 5618 1703 5673 potest
1730 5600 1940 5676 antiqua
1969 5619 2022 5660 et
2049 5624 2177 5661 con-

622 5680 771 5727 stans
811 5672 1059 5743 Ecclesia:
1100 5672 1424 5728 Turonensis
1474 5672 1707 5739 traditio,
1750 5672 1872 5743 quoi
1914 5677 2174 5731 Bucciqu

624 5757 810 5812 suum,
843 5742 1016 5814 qualis
1046 5759 1075 5799 a
1105 5744 1367 5813 Gregorio
1392 5756 1819 5818 reprmsentatur,
1853 5761 2060 5818 semper
2088 5762 2197 5828 ve-g

2261 2043 2429 2083 annos
2456 2031 2619 2096 auxit,
2658 2030 3016 2099 Hierosolyma
3038 2031 3175 2084 mala
3200 2033 3494 2097 pertulerit.
3528 2032 3633 2087 Sed
3656 2043 3711 2085 et
3734 2033 3863 2085 sub

2268 2121 2463 2175 Elisazo
2490 2122 2747 2189 piopheta
2776 2163 2788 2184 ,
2826 2123 2911 2191 qui
2948 2134 3187 2176 mortuos
3218 2124 3337 2177 vita:
3369 2126 3616 2188 restituit,
3650 2134 3707 2177 et
3732 2128 3850 2179 alia

2264 2214 2317 2265 in
2350 2216 2556 2282 p0pulis
2593 2214 2842 2267 miracula
2892 2217 3055 2268 multa
3106 2216 3248 2279 fecit,
3279 2227 3487 2285 quanta:
3518 2218 3855 2272 internecio.

2260 2320 2375 2368 nes,
2418 2320 2537 2373 quae
2581 2306 2810 2359 miseriae
2858 2306 3028 2373 ipsum
3085 2305 3429 2361 lsraeliticutn
3459 2308 3716 2376 pepulum
3746 2324 3853 2377 op-

2264 2407 2590 2463 presserunt.
2652 2394 2742 2448 Sic
2788 2404 2840 2449 et
2893 2397 3184 2460 Eusebius,
3239 2399 3511 2463 Severus,
3574 2399 3852 2469 Hierony-

2261 2503 2484 2556 musque
2516 2487 2566 2539 in
2596 2487 2871 2542 Clu-onicis
2893 2529 2907 2551 ,
2935 2497 3091 2555 atque
3111 2489 3357 2554 Orosius,
3385 2500 3439 2543 et
3460 2489 3595 2543 bella
3628 2506 3851 2559 regum,

2260 2588 2313 2631 et
2363 2580 2586 2632 virtutes
2633 2588 2923 2647 martyrum
2984 2579 3177 2648 pariter
3227 2590 3527 2634 texuerunt.
3557 2581 3633 2634 Ita
3660 2590 3720 2634 et
3749 2596 3855 2636 nos

2263 2670 2455 2725 idcirco
2487 2672 2563 2723 sic
2588 2671 2896 2739 scripsimus
2915 2713 2929 2736 ,
2963 2688 3068 2741 quo
3098 2673 3303 2727 facilius
3331 2676 3649 2727 szeculorum
3681 2674 3849 2744 ordo,

2263 2760 2349 2814 vel
2382 2775 2643 2814 annorum
2675 2761 2812 2815 ratio
2840 2777 3007 2831 usque
3031 2762 3094 2816 ad
3126 2774 3303 2817 nostra
3340 2777 3577 2833 tempora
3606 2775 3722 2818 tota
3755 2781 3850 2820 re-

2262 2851 2515 2920 periutur.
2547 2851 2834 2906 Venientes
2856 2868 2982 2923 ergo
3004 2869 3099 2923 per
3126 2864 3249 2909 ante
3268 2856 3530 2909 dictorum
3558 2864 3853 2911 auctorum

2268 2941 2545 3005 Historias,
2595 2956 2655 2996 ea
2706 2958 2824 3008 qua:
2873 2945 2923 2995 in
2965 2954 3233 3012 posterum
3262 2960 3377 3000 acta
3408 2956 3530 3001 sunt
3560 2986 3576 3011 ,
3611 2946 3850 3001 Domino

2261 3031 2541 3101 adjuvante
2569 3030 2618 3097 δ,
2649 3032 2992 3088 disseremus.

2334 3124 2624 3194 l..lgitur0
2657 3137 2773 3193 post
2814 3142 3091 3182 excessum
3138 3129 3273 3184 beati
3316 3129 3420 3200 [ιι
3467 3130 3679 3186 Martini
3724 3132 3844 3187 Tu-

2261 3218 2457 3273 ronicze
2482 3218 2712 3273 civitatis
2752 3219 3013 3289 episcopi,
3060 3223 3251 3275 summi
3296 3235 3349 3276 et
3398 3223 3845 3291 incomparabilis

2192 3360 2235 3419 Β
2265 3361 2443 3407 nerata
2470 3360 2584 3426 est,
2614 3361 2669 3426 et
2708 3354 2866 3409 etiam
2916 3371 3053 3411 nunc
3084 3359 3224 3411 cultu
3268 3357 3479 3425 publico
3521 3358 3676 3411 colit.
3711 3358 3845 3426 Quae

2262 3434 2438 3478 autem
2476 3422 2797 3491 objiciuntur
2824 3426 3080 3481 adversus
3128 3422 3281 3481 banc'
3308 3429 3687 3492 traditionem,
3725 3422 3843 3483 Giton

2265 3493 2488 3568 fortasse
2521 3496 2657 3568 tanti
2695 3495 3035 3568 videbuntur,
3063 3513 3183 3566 qua:
3212 3501 3347 3551 hanc
3375 3500 3590 3552 omnino
3629 3503 3845 3568 possint

2261 3564 2493 3619 elevare.
2524 3564 2659 3628 Quid
2697 3567 2838 3619 enim
2870 3568 3061 3622 mirum
3083 3564 3135 3621 si
3184 3569 3441 3632 Briccius,
3478 3571 3561 3622 vir
3584 3564 3719 3624 alias
3744 3571 3843 3622 do-

2264 3635 2402 3687 tibus
2448 3636 2602 3689 honis
2646 3650 2748 3690 non
2776 3638 2928 3705 plane
2971 3638 3272 3701 destitutus,
3307 3644 3457 3706 cujus
3482 3641 3708 3693 crimina
3747 3657 3841 3693 or-

2263 3705 2555 3779 cultaverat
2596 3718 2809 3779 sanctus
2838 3709 3114 3773 Martinus,
3151 3724 3308 3779 quem
3340 3705 3394 3764 et
3436 3710 3551 3779 ipse
3580 3726 3608 3763 a
3640 3712 3845 3766 teneris

2265 3775 2315 3850 in
2348 3776 2670 3850 monasterio
2690 3792 2786 3831 suo
2806 3780 3086 3850 educatum
3105 3822 3117 3839 ,
3148 3775 3514 3850 presbyterum
3538 3794 3840 3844 creaverat,

2267 3846 2367 3915 ipsi
2408 3846 2465 3919 _in
2513 3860 2875 3903 successorem
2906 3846 3158 3904 suffectus
3188 3846 3379 3903 fuerit?
3409 3851 3676 3919 Sulpicius
3710 3868 3839 3903 vero

2264 3922 2378 3983 ejus
2408 3916 2458 3971 itt
2504 3926 2744 3971 sanctum
2775 3920 2941 3972 virum
2973 3922 3209 3973 convicia
3240 3922 3450 3984 retulit,
3489 3916 3581 3975 sed
3626 3936 3693 3975 eo
3720 3922 3841 3986 ipso

2268 3997 2524 4055 tempore,
2552 4004 2657 4053 quo
2681 4004 2744 4043 ea
2772 3990 3003 4044 Driccius
3029 4007 3059 4043 a
3083 3994 3194 4044 suis
3222 4007 3441 4045 vexaius
3471 3997 3641 4058 palam
3671 3995 3842 4045 conli-

2266 4060 2493 4120 tehatur,
2521 4058 2685 4130 iuste,
2719 4067 2776 4112 ut
2804 4061 2969 4115 refert
3004 4064 3115 4130 ipse
3146 4064 3450 4130 Gregoiius,
3483 4064 3581 4116 subi
3613 4065 3841 4117 calami-

2268 4138 2398 4182 tates
2425 4128 2708 4201 contigisse
2734 4130 2936 4194 dicens,
2966 4128 3102 4196 quod
3134 4133 3241 4199 ipse
3258 4128 3465 4201 “saepius
3490 4143 3733 4187 sanctum
3764 4137 3841 4186 vi-

2268 4214 2381 4252 rum
2408 4198 2685 4252 calumniis
2707 4203 3039 4265 itnpetiisset.
3064 4202 3201 4256 Nihil
3227 4198 3385 4270 porro
3406 4208 3557 4259 obest
3584 4205 3719 4258 levis
3742 4204 3833 4257 illa

2267 4272 2536 4345 nominum
2582 4270 2880 4345 diversitas,
2911 4287 3029 4345 cum
3080 4276 3485 4345 martyrologia,
3530 4285 3583 4328 et
3603 4289 3693 4328 am
3744 4290 3837 4329 ve-

2269 4338 2585 4415 tustissima,
2610 4349 2681 4415 _ut
2721 4342 2771 4392 in
2803 4342 3066 4415 plerisque
3094 4338 3511 4407 observavimus,
3544 4347 3841 4415 aliquando

2266 4406 2519 4460 Brircium
2539 4448 2553 4471 ,
2574 4406 2858 4477 aliquando
2882 4406 3223 4474 Briccionem.
3259 4416 3397 4470 hunc
3424 4406 3650 4469 beatutu'
3666 4418 3839 4469 viru.n

2266 4479 2551 4546 appellent.
2596 4480 2725 4545 Qua:
2766 4494 2942 4537 autem
2982 4485 3048 4537 de
3091 4484 3378 4538 Fortunato
3408 4484 3678 4548 dicuntur,
3709 4488 3841 4540 nihil

2272 4549 2621 4618 objectionem
2649 4554 2931 4617 roborant,
2955 4570 3073 4607 cum
3100 4562 3303 4609 certqu
3328 4557 3474 4610 sitea
3502 4557 3842 4610 solummodo

2268 4621 2334 4672 ab
2362 4634 2426 4694 eo
2454 4620 2693 4694 versibus
2720 4638 2974 4686 expressa
3008 4626 3191 4691 fuisse,
3216 4640 3333 4694 qua:
3370 4626 3630 4694 Sulpicius
3663 4628 3743 4681 sul
3753 4639 3841 4681 uta

2269 4691 2509 4743 oratione
2535 4691 2759 4747 dixerat.
2789 4693 2918 4759 Quae
2961 4710 3085 4749 vero
3113 4695 3179 4749 ad
3227 4691 3498 4749 historiam
3535 4692 3672 4752 hanc
3701 4696 3841 4753 Cre-

2270 4762 2419 4828 gorio
2449 4759 2850 4829 abjudicandam
2882 4766 3239 4833 proferuntur,
3272 4770 3437 4820 multo
3462 4771 3685 4821 minoris
3714 4780 3840 4822 sunt

2275 4833 2549 4904 momenti.
2573 4833 2704 4904 ﬁam
2727 4835 2875 4888 abest
2896 4838 3107 4904 quidem
3132 4852 3160 4889 a
3187 4837 3367 4892 codice
3388 4838 3722 4902 Gorbeiensi,
3742 4841 3837 4894 sed

2274 4901 2326 4978 Ψ
2358 4903 2458 4953 isto
2480 4902 2670 4978 codice
2701 4906 2860 4958 multa
2901 4901 3001 4960 alia
3031 4906 3414 4973 desiderantur,
3444 4924 3564 4978 quae
3595 4901 3776 4963 tamen
3810 4925 3839 4963 a

2273 4970 2753 5043 Gregoriorscripta
2800 4978 2957 5031 fuisse
3004 4980 3212 5032 aliunde
3258 4970 3475 5033 certum'
3509 4990 3620 5043 est,
3655 4990 3711 5032 ut
3739 4997 3839 5034 suo

2277 5043 2394 5095 loco
2438 5042 2739 5110 probamus.
2774 5046 2852 5099 Ex
2882 5048 3065 5101 Codice
3094 5057 3266 5102 autem
3299 5050 3664 5104 Bellovaceusi
3706 5050 3839 5103 nihil

2275 5112 2393 5189 erui
2419 5120 2623 5189 potest,
2650 5130 2771 5189 cum
2796 5116 2991 5189 avulsis
3010 5120 3078 5173 ab
3098 5134 3165 5189 eo,
3182 5121 3379 5188 aliquot
3408 5120 3566 5185 foliis,
3596 5136 3625 5173 a
3648 5124 3839 5189 capitis

2277 5185 2414 5269 tertii
2444 5184 2547 5269 fine
2574 5185 2753 5269 folium
2785 5188 3172 5269 primumquod
3195 5184 3437 5269 superest
3466 5184 3843 5269 incipiat.'t;te-

2277 5264 2445 5307 terum
2479 5257 2591 5308 hate
2640 5256 2859 5312 historia
2907 5259 2957 5310 in
2988 5256 3123 5320 aliis,
3151 5262 3310 5313 etiam
3342 5256 3648 5315 vetustiset
3688 5264 3839 5315 bona:

2278 5335 2436 5399 noue,
2468 5328 2740 5381 codicibus
2788 5330 3027 5393 habetur,
3060 5341 3163 5383 tam
3208 5333 3257 5383 in
3288 5333 3398 5399 ipsa
3442 5332 3674 5385 llistoria
3704 5335 3841 5385 Gre-

2273 5397 2435 5467 gorii,
2462 5410 2616 5463 quam
2649 5400 2701 5451 in
2722 5400 2840 5452 aliis
2861 5400 3017 5454 codd.
3044 5402 3143 5467 sub
3170 5397 3319 5454 titulo
3344 5403 3470 5455 Vita:
3497 5406 3665 5457 sancti
3698 5406 3841 5455 Brtc~

2276 5465 2375 5539 cii,
2398 5476 2451 5518 et
2470 5468 2681 5532 quidem
2704 5473 2799 5522 sub
2823 5469 2987 5537 ipsius
3008 5465 3245 5534 Gregorii
3272 5475 3504 5525 nomine.
3528 5474 3684 5539 Quod
3708 5490 3842 5528 vero

2278 5538 2435 5593 homo
2463 5551 2626 5611 vanus
2655 5542 2705 5591 in
2734 5542 3090 5607 episcOpatum
3118 5554 3351 5605 evectus,
3378 5546 3457 5595 vel
3488 5538 3842 5611 septuagena—

2279 5622 2387 5658 rtus
2415 5606 2657 5662 adulterii
2700 5606 2927 5664 crimine
2977 5612 3249 5680 impetitus
3294 5616 3482 5676 fuerit,
3524 5606 3617 5666 a'ut
3660 5606 3843 5669 Romae

2281 5691 2374 5737 pro
2402 5690 2562 5731 causa
2594 5680 2811 5746 tuenda,
2847 5695 2939 5734 seu
2990 5698 3082 5747 pro
3110 5685 3294 5748 quavis
3336 5685 3432 5737 alia
3483 5686 3692 5739 ratione
3730 5697 3842 5737 tuto

2280 5751 2556 5817 septennia
2605 5750 2759 5805 fuerit
2805 5746 3070 5816 moratus;
3111 5746 3343 5823 denique
3386 5756 3523 5824 quod
3573 5756 3838 5825 pontiﬁcis
