3994 6194
159 284 244 341 189

1039 281 1353 341 HISTORIA
1391 279 1823 337 FRANCORUM.
1869 279 2069 335 LIBER
2115 279 2489 339 SECUNDUS.

3276 282 3299 335 1
3310 281 3378 335 9η

166 401 251 456 viri
270 440 285 463 ,
309 398 377 453 de
404 397 563 468 cujus
592 398 899 461 virtutibus,
929 412 1115 467 magna
1160 397 1295 466 apud
1328 410 1424 449 nos
1453 393 1718 447 volumina
1744 397 1797 455 Α
1822 392 2060 447 volentes
2086 407 2205 447 eum
2241 394 2557 449 unanimiter
2586 394 2842 463 lapidare.
2890 392 3142 449 Dicebant
3184 394 3325 450 enim
3356 411 3375 450 :

165 494 478 555 retinentur,
534 490 773 544 Briccius
827 489 893 542 ad
937 488 1295 558 episcopatum
1347 486 1602 540 succedit.
1650 488 1719 538 At

167 600 279 637 vero
303 582 538 636 Briecius
560 583 685 647 iste,
709 595 825 634 cum
848 591 988 634 esset
1007 562 1274 647 primaeva:
1301 579 1470 632 aetatis
1487 576 1716 645 juvenis,

165 684 335 727 sancto
364 672 539 724 adhuc
570 670 798 724 Martino
826 670 1020 724 viventi
1050 669 1102 722 in
1131 684 1354 736 corpore
1384 670 1576 723 multas
1600 679 1716 723 ten-

165 764 310 817 debat
333 760 581 822 insidias.
610 774 710 828 pro
734 775 798 812 eo
822 760 959 828 quod
981 761 1047 812 ab
1066 760 1252 813 eodem
1280 760 1603 828 plerumque,
1626 774 1719 812 cur

158 854 322 907 faciles
353 861 379 888 ⁸
404 866 490 905 res
534 860 868 918 sequeretur,
910 849 1248 919 arguebatur.
1278 850 1509 915 Quadam
1541 858 1715 903 autem

157 944 256 1005 die,
286 943 411 997 dum
442 940 659 1010 quidam
691 941 929 995 inﬁrmus
977 941 1290 995 medicinam
1330 958 1359 994 a
1399 942 1553 995 beato
1582 942 1720 994 Mar-

156 1036 257 1087 tino
284 1044 597 1101 expeteret,
632 1033 893 1086 Briccium
931 1032 1104 1087 adhuc
1132 1032 1411 1086 diaconum
1444 1033 1497 1085 in
1545 1033 1715 1100 platea

148 1126 423 1187 convenit;
453 1125 536 1176 cui
587 1122 900 1190 simpliciter
943 1123 1063 1175 ait:
1118 1123 1253 1176 Ecce
1296 1136 1393 1190 ego
1442 1122 1718 1188 praestoler

147 1214 364 1269 beatum
404 1215 612 1277 virum,
659 1221 715 1266 et
762 1212 940 1266 nescio
980 1211 1068 1265 ubi
1112 1211 1215 1275 sit,
1256 1212 1339 1265 vel
1377 1212 1500 1280 quid
1543 1211 1717 1279 operis

144 1305 297 1374 agat?
328 1304 420 1359 Cui
470 1302 705 1357 Briccius
737 1320 752 1356 :
782 1302 868 1366 Si,
902 1302 1101 1370 inquit,
1133 1301 1361 1356 delirum
1394 1302 1541 1355 illum
1573 1317 1717 1370 qua:-

144 1394 241 1456 ris.
266 1394 507 1462 prospice
523 1393 768 1447 eminus:
791 1406 917 1446 ecce
935 1393 1128 1447 caelum
1150 1391 1308 1445 solito
1329 1391 1355 1429 δ
1378 1392 1514 1446 sicut
1533 1407 1716 1446 amens

144 1485 385 1552 reSpicit.
407 1481 643 1551 Cumque
670 1497 871 1551 pauper
895 1481 1004 1547 ille,
1028 1496 1251 1536 occursu
1278 1491 1299 1519 ο
1324 1481 1552 1546 reddito,
1575 1484 1713 1550 quod

140 1580 379 1645 petierat
405 1577 769 1643 impetrasset,
802 1574 1060 1628 Briccium
1102 1574 1380 1628 diaconum
1412 1574 1492 1628 vir
1529 1575 1715 1629 beatus

141 1668 486 1737 alloquitur:
528 1667 606 1721 En
655 1680 787 1734 ego,
843 1666 1049 1727 Bricci,
1098 1665 1294 1719 delirus
1350 1665 1442 1719 tibi
1494 1665 1716 1719 videor?

1823 484 1915 537 Diu
1946 486 2109 553 pietas
2135 486 2302 538 sancti
2335 497 2477 539 tuam
2505 486 2693 539 celavit
2721 486 2982 539 luxuriam
3009 503 3021 537 :
3053 499 3153 539 nec
3184 482 3204 521 ί
3238 485 3377 539 Deus

1821 592 1917 630 nos
1942 579 2137 631 diutius
2166 578 2292 631 sinit
2319 592 2503 631 manus
2530 568 2649 631 tuas
2678 577 2916 648 indignas
2944 576 3232 632 osculando
3262 577 3376 644 pol-

1820 669 1913 721 lui.
1961 668 2052 721 Illo
2097 684 2305 738 quoque
2348 672 2646 722 econtrario
2688 669 2905 722 viriliter
2952 668 3065 722 ha’c
3111 676 3375 736 negante:

1817 756 2036 823 Aﬁerte,
2081 756 2282 825 inquit,
2332 757 2580 811 infantem
2625 758 2688 811 ad
2735 773 2838 812 me.
2884 759 3122 825 Cumque
3169 759 3378 812 oblatus

1818 846 2006 901 fuisset
2052 848 2241 913 infans,
2276 850 2486 917 triginta
2535 850 2648 903 dies
2684 850 2750 903 ab
2779 858 2896 903 ortu
2942 850 3158 912 habens,
3194 851 3268 902 ait
3310 850 3375 902 ad

1816 940 1921 1011 43
1961 956 2081 995 eum
2132 941 2365 995 Briccius
2393 941 2671 1009 episcopus
2697 957 2712 994 :
2744 942 2945 1009 Adjurn
2975 953 3026 993 te
3055 957 3148 1011 per
3193 941 3376 994 Jesum

1817 1033 2083 1086 Christum
2115 1031 2299 1085 Filium
2349 1030 2441 1084 Dei
2478 1031 2875 1097 omnipotentis,
2906 1040 2964 1084 ut
3000 1031 3043 1083 si
3082 1046 3180 1099 ego
3209 1041 3259 1085 te
3288 1045 3379 1099 ge-

1819 1123 1997 1177 neravi
2017 1164 2032 1189 ,
2078 1137 2257 1177 coram
2307 1122 2513 1176 cunctis
2542 1121 2740 1175 edicas.
2770 1120 2839 1175 Et
2884 1120 2971 1174 ille
3001 1139 3013 1174 :
3050 1122 3159 1174 Non
3189 1137 3267 1186 es,
3298 1123 3378 1173 in-

1819 1218 1959 1287 quit,
1994 1227 2045 1270 tu
2076 1227 2226 1285 pater
2267 1232 2434 1271 meus.
2488 1216 2700 1284 POpulis
2741 1225 2915 1270 autem
2966 1215 3290 1285 rogantibus,
3321 1224 3377 1267 ut

1819 1309 1937 1379 quis
1967 1317 2113 1363 esset
2138 1318 2285 1377 pater
2313 1309 2689 1376 interrogaret,
2717 1306 3122 1362 ait'sacerdos:
3152 1305 3266 1360 Non
3297 1314 3377 1358 est

1824 1402 1922 1454 hoc
1966 1415 2161 1455 meum.
2194 1400 2345 1465 Quod
2387 1399 2453 1453 ad
2495 1414 2583 1453 me
2630 1399 2913 1468 pertinuit,
2960 1397 3215 1452 sollicitus
3265 1398 3375 1450 fui:

1822 1490 1972 1545 vobis
2002 1491 2045 1544 si
2074 1490 2269 1560 aliquid
2299 1491 2565 1557 suppetit,
2598 1504 2693 1558 per
2721 1504 2816 1542 vos
2844 1488 3084 1557 quaerite.
3118 1488 3263 1541 Tunc
3299 1487 3375 1541 illi

1818 1582 2032 1652 magicis
2075 1583 2187 1636 hzec
2248 1583 2446 1636 artibus
2494 1582 2626 1636 facta
2665 1590 3050 1647 asseverantes,
3098 1580 3376 1649 insurgunt

1815 1686 1997 1729 COllll‘a
2028 1690 2146 1728 eum
2192 1674 2244 1728 in
2274 1690 2373 1727 una
2420 1675 2833 1742 conspiratione.
2866 1673 2931 1727 Et
2961 1672 3229 1727 trahentes
3253 1686 3374 1726 eum

143 1762 391 1831 Cumque
420 1761 507 1815 ille
546 1759 804 1814 confusus
850 1758 964 1812 hac
1007 1758 1246 1823 audiens,
1280 1756 1479 1810 diXiSSe
1517 1769 1577 1809 se
1619 1754 1710 1808 de-
1743 1756 1787 1811 Β
1816 1765 2058 1820 dicebant
2091 1785 2104 1819 :
2140 1765 2251 1818 Non
2297 1765 2489 1818 diutius
2533 1764 2684 1818 nobis
2730 1764 2864 1818 falso
2890 1763 3116 1832 pastoris
3159 1764 3376 1819 nomine

149 1861 397 1921 negaret,
422 1852 493 1905 ait
535 1851 618 1903 vir
663 1858 917 1904 sanctus:
952 1849 1135 1902 Nonne
1177 1862 1331 1902 aures
1368 1862 1502 1901 meae
1547 1846 1615 1900 ad
1649 1862 1708 1899 os

152 1953 291 1995 tuum
316 1952 459 1997 erant
476 1983 493 2007 ,
516 1956 636 1995 cum
668 1940 783 1995 haec
808 1940 1016 1994 eminus
1041 1938 1375 2008 loquebaris?
1399 1939 1565 1990 Amen
1589 1935 1709 1989 dico

154 2032 276 2097 tibi,
308 2034 425 2100 quia
466 2032 670 2086 obtinui
697 2030 835 2101 apud
870 2030 1032 2085 Deum
1052 2070 1069 2096 ,
1099 2041 1155 2083 ut
1185 2037 1304 2098 post
1332 2044 1506 2082 meum
1535 2038 1708 2081 trans-

154 2124 275 2175 itum
324 2123 387 2176 ad
418 2123 758 2190 pontiﬁcatus
782 2121 889 2192 42
916 2122 1170 2174 honorem
1200 2119 1424 2175 accedas
1453 2136 1467 2171 :
1492 2118 1584 2173 sed
1616 2136 1710 2172 no-

154 2216 288 2266 veris
312 2223 363 2267 te
389 2215 438 2267 in
464 2214 774 2281 episcopatu
803 2213 964 2265 multa
991 2211 1212 2266 adversa
1242 2225 1540 2278 passurum.
1572 2211 1711 2265 Bric-

155 2305 261 2357 cius
291 2305 400 2357 haec
435 2305 660 2357 audiens
710 2303 1001 2366 irridebat,
1034 2302 1215 2356 dicens
1240 2317 1256 2356 :
1284 2301 1475 2356 Nonne
1522 2316 1708 2355 verum

154 2394 283 2459 disi,
310 2394 461 2446 istum
490 2394 661 2447 delira
688 2392 847 2446 verba
879 2391 1150 2458 proferre?
1173 2390 1279 2447 Sed
1308 2399 1363 2445 et
1392 2390 1710 2460 presbyterii

160 2487 349 2540 honore
396 2485 679 2551 praeditus,
727 2484 921 2550 saepius
965 2483 1177 2537 beatum
1229 2482 1401 2535 virum
1452 2480 1709 2535 conviciis

158 2576 433 2632 lacessivit.
484 2578 724 2647 Adcptus
770 2592 931 2646 ergo,
978 2575 1431 2631 consentientibus
1476 2575 1705 2639 civibus,

156 2669 479 2735 pontiﬁcatus
517 2667 786 2732 ofﬁcium,
832 2666 1055 2720 orationi
1098 2669 1336 2720 vacabat.
1367 2666 1500 2733 Quia
1539 2681 1707 2735 quau-

153 2773 297 2826 quam
326 2769 469 2814 esSet
512 2760 774 2829 superbus
812 2768 866 2811 et
903 2773 1090 2822 vanus,
1119 2768 1298 2811 eastus
1330 2765 1504 2810 tamen
1549 2756 1707 2810 habe-

157 2848 301 2905 batur
339 2865 585 2919 corpore.
626 2849 920 2903 Tricesimo
969 2848 1123 2903 tertio
1147 2845 1172 2884 ἀ
1206 2863 1332 2902 vero
1361 2848 1709 2902 ordinationis

155 2941 262 3012 ejus
291 2959 453 3008 anno,
479 2944 651 2997 oritur
678 2950 864 2996 contra
894 2957 1015 2996 eum
1044 2941 1397 2996 lamentabilis
1427 2956 1581 2997 causa
1611 2956 1709 3009 pro

151 3032 383 3087 crimine.
412 3034 547 3087 Nam
580 3033 792 3095 mulier,
824 3032 888 3084 ad
917 3047 1074 3102 quam
1099 3016 1410 3086 cubicularii
1441 3033 1555 3101 ejus
1586 3046 1707 3085 ves-

1813 1858 2193 1912 dominaberis.
2248 1857 2340 1911 Ille
2386 1867 2562 1911 autem
2610 1857 2679 1910 ad
2727 1856 3153 1910 satisfaciendum
3203 1855 3377 1908 adhuc

1814 1952 2027 2021 populo,
2051 1966 2247 2020 prunas
2271 1950 2515 2004 ardentes
2541 1948 2592 2002 in
2618 1949 2831 2019 byrrum
2860 1957 2885 1994 8
2908 1963 3061 2001 suum
3088 1947 3260 2013 posuit
3284 1964 3296 1997 :
3321 1955 3375 1998 et

1812 2042 1878 2096 ad
1924 2056 1982 2095 se
2019 2040 2305 2109 stringens,
2339 2054 2506 2108 usque
2549 2038 2615 2092 ad
2655 2037 2951 2107 sepulcrum
2985 2037 3125 2091 beati
3167 2035 3375 2090 Martini

1812 2147 1911 2186 una
1933 2147 2052 2187 cum
2078 2131 2389 2200 populorum
2414 2129 2580 2183 turbis
2601 2128 2806 2183 accedit
2830 2146 2844 2182 :
2872 2126 3225 2195 projectisque
3249 2134 3375 2179 ante

1811 2225 2108 2294 sepulcrum
2131 2224 2329 2291 prunis,
2345 2222 2717 2275 vestimentum
2736 2220 2852 2289 ejus
2865 2221 3092 2274 inustum
3110 2219 3372 2287 apparuit.

1813 2315 1905 2367 Illo
1932 2329 2143 2384 quoque
2184 2315 2260 2367 sic
2290 2319 2638 2381 prosequente
2669 2326 2684 2363 :
2717 2309 2864 2365 Sicut
2909 2308 3047 2364 istud
3086 2307 3374 2362 vestimen-

1813 2415 1920 2460 tum
1951 2407 2016 2459 ab
2057 2407 2138 2458 his
2181 2404 2391 2475 ignibus
2430 2402 2621 2456 videtis
2668 2402 2929 2465 illaesum,
2969 2401 3038 2454 ita
3082 2409 3138 2455 et
3183 2414 3374 2467 corpus

1813 2513 1986 2553 meum
2013 2513 2040 2550 a
2070 2505 2211 2551 tactu
2240 2495 2579 2565 mulierisque
2604 2495 2744 2548 coitu
2770 2503 2853 2548 est
2878 2492 3235 2560 impollutum.
3266 2491 3375 2545 Illis

1811 2605 1936 2644 vero
1959 2604 2064 2643 non
2088 2587 2444 2649 credentibus,
2471 2586 2566 2641 sed
2590 2585 3095 2647 contradicentibus,
3127 2584 3374 2646 trahitur,

1812 2683 2181 2746 calumniatur,
2204 2679 2413 2750 ejicitur
2432 2676 2484 2743 ιι,
2510 2687 2565 2732 ut
2587 2694 2763 2733 sermo
2782 2678 2949 2732 saneti
2971 2676 3347 2741 adimpleretur

1811 2774 2034 2828 Noveris
2077 2773 2208 2826 tein
2255 2774 2561 2840 episcopatu
2608 2771 2771 2823 multa
2802 2770 3022 2822 adversa
3069 2781 3370 2836 passurum.

1813 2867 1925 2921 Hoc
1955 2865 2094 2919 enim
2141 2865 2335 2934 ejecto,
2366 2862 2719 2917 Iustinianum
2765 2861 2816 2913 in
2844 2860 3150 2928 episc0patu
3178 2858 3373 2911 consti-

1811 2967 1985 3012 tuunt.
2018 2958 2250 3025 Denique
2282 2955 2515 3009 Briccius
2540 2953 2793 3006 Romana:
2824 2951 2969 3005 urbis
2999 2965 3184 3019 papam
3215 2963 3372 3015 expe-

1812 3054 1925 3119 tiit,
1958 3050 2089 3105 ﬂens
2128 3059 2183 3103 et
2220 3048 2445 3116 ejulans,
2474 3056 2630 3114 atque
2666 3044 2890 3098 dicens:
2924 3042 3105 3096 Merito
3135 3042 3245 3093 haec
3278 3055 3372 3107 pa-

149 3122 353 3178 timenta
392 3123 608 3178 deferre
660 3122 901 3176 solebant
944 3122 1010 3175 ad
1052 3122 1401 3187 abluendum,
1442 3138 1560 3191 qua:
1604 3121 1704 3176 sub

1810 3145 1932 3209 tior,
1962 3143 2083 3212 quia
2127 3141 2339 3209 peccavi
2371 3140 2423 3194 iu
2471 3147 2714 3193 sanctqu
2764 3136 2889 3201 Dei,
2917 3146 2970 3189 et
2999 3148 3119 3189 eum
3149 3133 3370 3187 delirum

150 3218 315 3281 specie
340 3215 607 3284 religionis
638 3222 755 3269 erat
780 3225 927 3269 veste
955 3224 1151 3267 mutata
1182 3223 1228 3277 ο,
1260 3216 1504 3283 concepit
1530 3222 1585 3268 et
1613 3228 1704 3282 pe-

155 3304 298 3369 perit.
323 3304 432 3370 Qua
461 3304 529 3357 de
569 3318 630 3357 re
658 3306 887 3357 surrexit
915 3303 1087 3357 omnis
1120 3304 1342 3373 populus
1367 3303 1700 3358 Turonorum

154 3393 200 3447 in
224 3395 380 3459 iram,
407 3404 463 3449 et
483 3404 652 3447 totum
682 3393 885 3447 crimen
913 3407 1072 3463 super
1097 3394 1401 3462 episcopum
1431 3394 1701 3461 referunt,

159 3537 340 3577 nomen
381 3538 411 3576 a
444 3522 706 3592 Gregorio
749 3536 1085 3590 suppressum
1120 3522 1304 3589 luerit,
1334 3523 1539 3593 aliaque
1565 3527 1706 3594 ejus-

152 3594 281 3645 modi
306 3605 650 3659 argumeuta,
684 3607 787 3645 non
819 3594 952 3647 adeo
990 3604 1114 3646 sunt
1140 3596 1342 3657 valida,
1378 3607 1433 3648 ut
1460 3596 1698 3650 traditio-

151 3678 259 3716 nem
304 3665 562 3717 hactenus
610 3665 975 3716 inc0ncussam
1024 3665 1250 3720 evellere
1298 3667 1535 3732 possint;
1582 3682 1703 3721 cum

150 3748 237 3802 nec
273 3734 487 3795 desint,
521 3734 684 3786 etiam
728 3733 842 3785 istis
874 3735 1217 3800 temporibus,
1249 3740 1523 3802 exempla,
1554 3740 1703 3802 queis

150 3801 375 3872 Gregorii
422 3801 658 3856 narratio
686 3804 965 3870 approbari
999 3806 1180 3871 possit.
1210 3806 1274 3859 Et
1302 3801 1512 3872 quidem
1554 3807 1702 3861 Zozi-

151 3888 259 3925 tum
306 3888 439 3945 pap_a
471 3874 648 3945 epist.
689 3874 730 3945 αξ
774 3872 1190 3945 Aurelio,_etc.,
1232 3876 1371 3930 Afris
1416 3878 1700 3945 episcopis,

151 3952 360 3995 testatur
389 3941 647 4013 Briccium
689 3941 958 4013 Turonicte
1001 3943 1211 4013 civitatis
1241 3941 1531 4013 episcopum
1571 3941 1704 4000 falso

152 4022 442 4066 acatsatum
475 4012 642 4065 fuisse
679 4027 708 4065 a
759 4012 973 4065 Lazaro.
1006 4012 1104 4079 Qui
1146 4012 1415 4077 Lazarus,
1442 4015 1515 4069 uti
1562 4019 1699 4070 idem

153 4098 275 4151 papa
315 4085 476 4138 refert
519 4084 680 4147 epist.
706 4080 761 4146 6,
786 4081 1063 4136 damnatus
1092 4082 1185 4138 fuit
1232 4086 1282 4138 in
1325 4100 1477 4138 conc.
1519 4087 1705 4141 Tauri-

152 4154 319 4226 nertsi,
366 4152 508 4226 quod
555 4151 745 4226 Briccii
792 4153 1070 4207 innocentis
1099 4156 1323 4224 episcoui
1366 4156 1516 4209 vitam
1559 4158 1702 4226 falsis

153 4223 501 4294 objectionibus
532 4224 820 4291 appetisset.

216 4303 241 4329 ι
268 4292 505 4346 Latinius
532 4294 806 4364 legendum
832 4300 977 4364 putat
1001 4292 1188 4362 futiles.
1216 4294 1425 4364 Regm.,
1449 4294 1625 4352 Germ.
1649 4309 1702 4353 et

153 4360 304 4424 Clam,
329 4380 417 4416 cor
453 4360 622 4430 facile.
663 4361 765 4417 Sed
798 4360 1071 4416 retinenda
1102 4366 1265 4432 prima
1296 4360 1471 4421 lectio.
1500 4369 1700 4423 Eodem

152 4434 338 4507 quippe
350 4447 519 4507 sensu
540 4432 683 4507 hanc
727 4447 910 4507 vocem
956 4434 1129 4501 faciles
1168 4447 1389 4505 usurpat
1416 4437 1701 4507 Gregorius

154 4503 235 4574 lib.
256 4517 299 4574 tt
320 4503 507 4574 Mirac.
535 4501 594 4556 S.
625 4502 869 4574 Martini,
899 4517 1019 4574 cap.
1044 4520 1088 4572 ι,
1117 4516 1168 4559 et
1196 4501 1315 4559 alibi
1345 4501 1558 4574 passiuf.

215 4572 241 4611 δ
270 4573 355 4627 Sic
381 4572 568 4642 Regm.
590 4587 709 4625 cum
727 4572 1094 4637 editisﬁpalii.
1113 4575 1277 4641 solite,
1305 4572 1441 4633 unde
1467 4577 1702 4635 Latinius

154 4644 350 4697 sollicite
377 4643 741 4711 reponendum
766 4642 1001 4712 conjicit.

223 4723 245 4782 ε
273 4713 479 4782 Begm..
513 4729 686 4766 cursu.

214 4780 239 4820 δ
265 4780 429 4845 Clar.,
457 4782 636 4836 Germ.
663 4791 719 4837 et
744 4782 954 4850 Regm.,
982 4784 1253 4841 Tricesimo
1274 4804 1408 4841 vero.

219 4863 240 4890 ο
265 4852 396 4906 Nota
426 4857 653 4929 vestium
685 4854 1026 4929 mutationem
1067 4856 1134 4908 ab
1175 4859 1237 4911 iis
1281 4861 1366 4926 qui
1399 4859 1693 4929 religiosam

159 4925 296 4977 vitam
328 4924 583 4990 agebant,
612 4924 752 4989 quod
780 4934 833 4978 et
859 4922 1160 4993 frequenter
1186 4922 1325 4992 apud
1354 4922 1574 4993 (ἴε-θεῶν.
1602 4948 1693 4987 uc—

159 5002 348 5058 cnrret;
393 4994 489 5047 sed
536 4996 701 5049 semel
743 5002 1028 5049 anuotasse
1073 4995 1319 5052 sufﬁciat.
1353 4999 1480 5055 Vide
1531 4999 1693 5057 Cone.

160 5070 334 5117 Arelat.
361 5061 437 5126 ll,
467 5078 583 5118 can.
610 5063 701 5117 25.

222 5133 238 5171 ί
269 5135 478 5211 βρεμι,
506 5134 626 5211 lVon
658 5134 793 5211 Deus
820 5136 954 5211 sinat
995 5152 1086 5189 nos
1113 5142 1697 5211 manusituasiindignas

162 5208 415 5257 osculando
441 5206 603 5274 pollui
646 5206 855 5259 diutius.
892 5205 1051 5260 Vetus
1080 5221 1160 5261 est
1186 5219 1240 5262 et
1266 5210 1416 5276 plane
1444 5205 1595 5265 laude
1623 5215 1703 5265 ili-

161 5290 243 5341 gna
267 5277 592 5349 consuetudo
616 5291 802 5349 manus
828 5276 1207 5345 Episcoporum
1233 5279 1525 5343 osculandi,
1558 5283 1697 5349 quod

162 5360 239 5417 p_rr
262 5358 436 5417 earum
482 5346 873 5417 impositionem
911 5349 1145 5401 tradatur
1187 5350 1416 5417 Spiritus
1458 5346 1691 5407 sanctus.

165 5414 284 5487 lianc
306 5416 482 5487 videre
504 5425 586 5469 est
609 5418 661 5468 in
686 5414 882 5487 VitagS.
908 5419 1172 5472 Ambrosii
1200 5414 1290 5485 per
1318 5420 1588 5474 Paulinum
1606 5464 1620 5487 ,
1647 5424 1697 5476 in

166 5484 259 5559 lita
282 5488 335 5559 ξ.
363 5485 626 5559 ξὐιεθηιὶἱ
656 5501 753 5556 per
782 5485 1106 5540 Ferrandum
1124 5529 1138 5552 ,
1161 5484 1267 5543 etc.
1290 5489 1345 5543 ld
1368 5494 1526 5545 etiam
1551 5484 1700 5559 reges

164 5556 324 5630 bunuri
352 5556 645 5630 ducebant,
680 5563 739 5609 ut
783 5566 1000 5630 testatur
1029 5559 1337 5630 Gerbertus,
1385 5575 1481 5615 seu
1528 5556 1698 5630 quivis

162 5626 273 5695 alius
296 5627 539 5694 antiquus
561 5638 753 5681 auctor
776 5628 876 5681 sub
899 5628 1065 5681 sancti
1094 5632 1359 5685 Ambrosii
1389 5626 1619 5695 nomine,
1644 5635 1695 5688 iu

163 5692 346 5751 li‘srode
371 5692 634 5755 Dianitatc
654 5698 1006 5756 sacerdotum.
1037 5713 1153 5770 cap.
1180 5700 1235 5755 2.
1268 5701 1396 5757 Cum
1422 5704 1589 5759 videas
1608 5692 1697 5757 rre-

1810 3243 1865 3288 et
1890 3242 2154 3287 amentem
2184 3246 2326 3299 saepe
2355 3228 2575 3295 vocavi;
2605 3227 2757 3297 cujus
2786 3226 2972 3281 videns
2999 3226 3237 3287 virtutes,
3268 3237 3372 3279 non

1805 3327 2027 3382 credidi.
2062 3326 2189 3380 Post
2210 3324 2360 3393 cujus
2382 3323 2683 3377 abscessum
2702 3360 2718 3386 ,
2743 3319 2892 3374 aiunt
2913 3318 3164 3372 Turonici
3195 3330 3372 3370 sacer-

1804 3419 1914 3474 doti
1964 3432 2110 3473 suo:
2156 3416 2300 3470 Vade
2349 3424 2467 3485 post
2512 3428 2632 3470 eum
2673 3411 2720 3480 ί,
2762 3420 2817 3467 et
2862 3425 3049 3465 exerce
3104 3407 3371 3477 negotium

1803 3549 1922 3603 gum
1958 3534 2089 3587 colla
2127 3540 2171 3584 et
2200 3531 2487 3603 principum
2513 3528 2973 3603 submittigenibus
3015 3530 3371 3596 sacerdotum,

1802 3598 1850 3657 et
1878 3605 2165 3657 exosculata
2191 3598 2374 3654 eorum
2389 3601 2600 3655 dextera
2624 3598 2934 3653 orationibus
2975 3615 3146 3653 eorum
3174 3617 3226 3654 se
3262 3617 3372 3656 cre-

1806 3675 1929 3726 dant
1960 3672 2261 3726 communiri
2274 3713 2288 3735 ,
2319 3683 2422 3725 elc.

1875 3753 1900 3790 ε
1934 3744 2083 3813 Byrri
2110 3743 2319 3795 nomine
2360 3742 2516 3797 vestis
2545 3741 2850 3813 designatur
2888 3740 2940 3813 in
2987 3740 3132 3813 Actis
3173 3740 3226 3794 S.
3259 3739 3367 3810 Cy-

1806 3811 2004 3883 priani,
2046 3814 2109 3865 ad
2140 3827 2257 3881 quae
2287 3813 2430 3883 plura
2459 3812 2857 3883 observavimus
2905 3812 2956 3863 in
2985 3811 3129 3883 Actis
3159 3820 3360 3883 marty-

1803 3880 1916 3939 rum
1944 3880 2181 3943 sinceris,
2215 3898 2267 3950 p.
2291 3881 2417 3934 9.18.
2456 3884 2546 3935 llis
2574 3882 2709 3935 adde
2741 3882 2911 3933 locum
2941 3896 3004 3934 ex
3031 3882 3122 3935 lib.
3158 3895 3195 3932 ll
3230 3880 3362 3934 Vita:

1802 3955 1860 4010 S.
1904 3953 2103 4009 Odonis
2145 3949 2278 4007 Szec.
2313 3968 2345 4004 v
2383 3952 2603 4016 Bened.,
2643 3952 2729 4005 ubi
2779 3965 2924 4003 num.
2966 3950 3000 4002 5
3045 3951 3232 4003 dicitur
3277 3949 3369 4005 ille

1803 4035 2015 4079 sanctus
2046 4039 2136 4090 per
2168 4023 2319 4087 birri,
2360 4037 2466 4088 quo
2508 4036 2653 4075 more
2692 4035 2873 4088 cappte
2915 4024 3204 4088 tegebatur.
3246 4020 3365 4076 ﬁm-

1803 4095 1969 4149 briam
1995 4094 2355 4160 apprehensus

1872 4162 1900 4200 ³³
1933 4163 2137 4227 Germ.,
2169 4162 2504 4215 calumniatus
2533 4164 2749 4233 ejicitur.

1880 4233 1895 4271 ί
1940 4236 2065 4289 Cod.
2116 4236 2437 4288 Turonensis
2487 4232 2624 4301 apud
2675 4235 2947 4289 Morelium
2995 4235 3182 4299 habet,
3226 4232 3366 4290 Vade

1803 4319 1912 4373 post
1942 4322 2086 4368 eum,
2114 4316 2162 4375 et
2195 4320 2337 4357 exere
2366 4306 2621 4373 negotium
2641 4315 2815 4368 tuum;
2837 4308 2956 4375 quia
2983 4308 3025 4359 si
3052 4322 3167 4359 eum
3196 4322 3366 4372 perse-

1803 4387 1946 4428 cutus
1967 4392 2065 4446 non
2096 4374 2275 4442 fueris,
2298 4391 2329 4426 a
2357 4387 2526 4426 nostro
2558 4378 2779 4429 omnium
2813 4374 3096 4446 contemptu
3124 4377 3361 4429 humilia-

1807 4447 1954 4499 beris.
1984 4444 2117 4499 Hinc
2165 4460 2320 4513 porro
2345 4446 2595 4512 colligere
2638 4448 2758 4501 licet
2805 4448 2903 4501 hoc
2951 4444 3017 4501 de
3059 4449 3116 4502 S.
3160 4448 3358 4501 Briccio

1806 4525 1961 4584 caput
1991 4518 2042 4568 in
2072 4531 2172 4569 ms.
2203 4515 2495 4569 Turonensi
2541 4518 2831 4573 exstitisse.
2862 4518 2917 4574 Si
2951 4533 3074 4571 vero
3102 4517 3215 4583 ejus
3247 4518 3362 4571 llis-

1808 4588 1941 4639 turia
1970 4586 2226 4654 exemplis
2255 4587 2534 4654 approbari
2564 4590 2630 4641 sit
2660 4604 2896 4651 necesse,
2925 4590 3063 4655 quod
3107 4603 3204 4642 suo
3246 4589 3362 4643 loco

1806 4654 1982 4710 facere
2018 4672 2122 4710 non
2152 4657 2325 4717 licuit,
2352 4657 2542 4723 quippe
2567 4675 2683 4712 cum
2708 4658 2814 4725 jam
2849 4654 2986 4714 uota:
3016 4660 3232 4713 nimium
3265 4675 3363 4713 ex-

1805 4726 2134 4797 crevisseut,
2167 4725 2482 4792 proferimus
2520 4729 2688 4794 primo
2729 4729 2951 4786 Victoris
2992 4730 3033 4785 11
3081 4741 3225 4797 pont.
3259 4731 3363 4783 llo-

1805 4796 1945 4867 mani
1988 4799 2325 4864 exemplum,
2381 4812 2443 4850 ex
2492 4798 2683 4867 Papirii
2736 4802 2961 4856 Massoni
3010 4796 3146 4855 libro
3193 4817 3244 4854 tv
3294 4802 3364 4853 de

1805 4866 2266 4941 Vitis_pontilic_um
2286 4867 2417 4941 ,_ubi
2449 4879 2627 4941 narrat
2656 4871 2914 4927 Victorem
2937 4915 2951 4937 ,
2981 4876 3065 4941 qui
3100 4871 3262 4925 Le0ui
3289 4872 3359 4923 IX

1803 4950 1899 4988 suo
1925 4936 2189 4990 decessori
2217 4939 2482 4991 molestias
2510 4940 2786 5005 intulerat,
2818 4936 3025 4997 solitum
3055 4944 3215 4994 fuisse
3236 4955 3355 4992 cum

1803 5006 1849 5083 ei
1880 5006 2072 5083 aliquid
2100 5006 2304 5083 adversi
2330 5008 2655 5083 contingeret
2682 5011 2878 5083 dicere,
2906 5014 3039 5083 quod
3071 5014 3187 5083 fecit
3216 5009 3360 5064 Sau-

1805 5076 1883 5151 lus
1923 5076 2017 5151 hoc
2044 5077 2234 5151 patitur
2260 5075 2477 5151 Paulus.
2509 5075 2751 5134 lnfantuli
2780 5075 2928 5145 vero,
2954 5083 3038 5151 qui
3067 5075 3133 5135 ad
3160 5083 3360 5134 calum-

1807 5146 1921 5198 nias
1949 5148 2015 5199 ab
2058 5146 2424 5201 innocentibus
2468 5152 2778 5204 avertendas
2817 5146 2995 5207 divini»
3035 5162 3161 5205 nutu
3194 5152 3356 5207 locuti

1803 5226 1958 5277 sunt,
1990 5217 2179 5282 passim
2207 5228 2489 5271 occurrunt
2518 5220 2569 5271 in
2613 5220 2841 5275 Historia
2871 5223 3256 5289 ecclesastica,
3286 5238 3354 5278 ex

1800 5302 2285 5361 quorum_nume[o
2310 5302 2473 5361 unum
2503 5298 2594 5361 aut
2635 5290 2864 5345 alterum
2897 5293 3200 5359 exemplum
3233 5309 3356 5361 pro-

1802 5356 1938 5433 lerre
1957 5354 2198 5433 sufﬁciat.
2309 5357 2477 5433 Broon
2507 5360 2806 5433 episcopus,
2838 5365 2975 5416 beati
3001 5354 3209 5416 Patricii
3233 5354 3359 5419 ’ἀιδ-

1802 5426 2287 5503 cip_ulu_s._a_simi_li
2336 5428 2595 5481 calumnia
2638 5426 2929 5487 vindicatus
2974 5445 3090 5496 est,
3132 5433 3354 5503 jubente

1813 5495 2311 5571 yrigidaiiifantula,
2334 5508 2391 5571 ut
2413 5511 2611 5571 patrem
2634 5518 2784 5555 suum
2809 5505 3101 5561 declararet
3116 5495 3213 5571 ,vin
3241 5507 3356 5559 Vita

1807 5566 1865 5643 S.
1896 5566 2114 5643 Brigidg‘
2161 5569 2301 5643 apud
2344 5568 2553 5623 Surium
2593 5581 2647 5643 et
2693 5574 3038 5643 Bollandum,
3068 5566 3154 5632 die
3199 5580 3223 5632 1
3261 5579 3361 5633 Fe-

1808 5636 2023 5716 bruarii.
2070 5638 2126 5716 S_.
2157 5638 2369 5716 Sergius
2411 5654 2541 5716 papa
2590 5642 2854 5702 Romanus
2893 5636 3049 5703 simili
3100 5652 3360 5705 miraculo

1809 5709 2061 5765 innocens
2090 5709 2383 5765 declaratus
2425 5710 2512 5766 fuit
2535 5754 2548 5779 ,
2592 5724 2776 5787 agente
2807 5729 2989 5775 sancto
3018 5721 3355 5787 Ailbelelmo,
