3994 6194
629 261 725 316 491

1610 255 1669 313 S.
1713 253 2039 311 GREGORII
2083 250 2385 308 EPISCOPI
2427 250 2852 309 TURONENSIS

3774 256 3901 311 10?.

621 388 770 436 tuum
788 422 804 445 ,
824 392 947 449 quia
974 377 1017 431 si
1038 390 1158 431 eum
1188 385 1495 443 prosecutus
1520 387 1622 425 non
1646 372 1833 439 fueris,
1856 372 1919 425 ad
1944 377 2177 423 nostrum
2208 370 2257 426 A
2282 368 2582 435 spepondit,
2616 379 2672 422 ut
2697 369 2917 433 scilicet,
2948 370 3252 438 prteparatis
3283 354 3492 425 itineris
3517 372 3894 437 necessariis,

622 472 863 528 omnium
891 477 1246 535 contemptim
1280 466 1663 520 humiliaberis.
1704 465 2031 519 Justinianus
2058 478 2186 516 vero

622 577 869 634 egressus
908 576 938 614 a
967 559 1213 623 Turonis,
1262 557 1527 611 Vercellas
1576 556 1738 609 Italia:
1781 555 2049 609 civitatem
2093 569 2187 623 ag-

624 669 862 727 gressus,
886 652 1085 723 judicio
1115 651 1207 705 Dei
1238 664 1539 719 percussus,
1569 650 1700 701 obiit
1728 646 2060 715 peregrinus.
2085 646 2190 699 Τυ-

626 747 791 801 ronici
840 745 958 813 ejus
987 743 1189 796 obitum
1233 742 1508 795 audientes
1537 752 1592 795 et
1622 741 1673 794 in
1705 756 1797 794 sua
1841 740 2038 793 malitia
2074 754 2192 807 per-

624 839 899 899 durantes,
947 836 1280 889 Armentium
1325 834 1376 885 in
1425 832 1540 901 ejus
1582 831 1698 885 loco
1743 831 2090 884 constituunt.
2123 830 2190 881 Al

624 929 859 984 Brit-cius
885 929 1163 996 episcopus
1191 926 1409 978 Romam
1440 924 1680 984 veniens.
1708 932 1896 976 cuncta
1923 937 2039 990 quae
2070 936 2192 990 per-

622 1019 816 1073 tulerat
842 1032 990 1086 papa:
1018 1017 1201 1071 refert.
1232 1017 1331 1081 Qui
1359 1014 1423 1068 ad
1455 1015 1637 1068 sedem
1668 1011 2010 1081 apostolicam
2053 1010 2186 1065 rebit-

622 1114 775 1177 dens,
812 1112 1124 1179 plerumque
1148 1109 1426 1163 Missarum
1457 1108 1712 1160 solemnia
1738 1106 2036 1168 celebrans,
2063 1103 2189 1156 inibi

621 1205 876 1275 quidquid
922 1205 975 1257 in
1021 1212 1261 1257 sanctum
1308 1203 1399 1256 Dei
1443 1202 1764 1269 deliquerat,
1795 1200 1905 1270 44.
1948 1200 2191 1253 deﬂendo

621 1297 792 1351 diluit.
822 1296 1057 1361 Septimo
1098 1296 1256 1363 igitur
1297 1308 1568 1363 regressus
1613 1308 1754 1346 anno
1782 1309 1807 1342 a
1843 1293 2040 1357 l‘loma,
2068 1306 2187 1345 cum

622 1387 939 1440 auctoritate
981 1399 1129 1453 papae
1163 1384 1323 1447 illius,
1356 1382 1596 1435 Turonos
1629 1381 1802 1435 redire
1830 1380 2061 1447 disponit
2092 1397 2104 1433 :
2137 1392 2192 1435 et

622 1479 840 1534 veniens
880 1478 945 1531 ad
984 1478 1185 1539 vicum,
1216 1475 1363 1543 cujus
1410 1489 1598 1528 nomen
1643 1483 1725 1527 est
1764 1473 2082 1527 Landiacum
2118 1479 2167 1535 ⁸.

623 1578 773 1622 sexto
796 1569 863 1623 ab
896 1569 1025 1622 urbe
1056 1566 1322 1633 milliaria,
1354 1566 1682 1619 mansionem
1711 1566 1934 1631 accepit.
1964 1566 2189 1617 Armeno

624 1660 727 1714 tius
766 1674 894 1714 vero
925 1658 1070 1713 febre
1112 1657 1414 1723 corripitur,
1444 1666 1495 1708 et
1537 1655 1705 1708 media
1761 1664 1915 1707 nocte
1943 1653 2185 1721 spiritum

2289 473 2347 512 se
2376 475 2402 511 a
2438 459 2629 515 ﬁnibus
2661 461 2928 530 Hispanias
2958 472 3272 516 removeret.

2360 552 2462 606 Per
2490 554 2628 607 idem
2659 569 2785 607 vero
2812 562 3019 623 tempus
3051 556 3473 622 persecutionem
3518 558 3570 611 in
3597 556 3894 613 Cl:rist-a-

2290 658 2387 697 nos
2427 646 2821 699 'l‘rasamundus
2849 649 3113 713 exercuit,
3160 664 3221 702 ac
3252 657 3412 703 totam
3446 651 3785 719 Hispaniam,
3820 660 3896 707 ut

2290 735 2361 787 ad
2386 736 2658 803 perﬁdiam
2680 736 2785 808 55
2803 735 3010 791 Ariame
3036 749 3194 793 sectm
3217 741 3559 805 consentiret,
3584 745 3894 797 tormentis

2290 840 2352 879 ac
2378 826 2598 881 diversis
2627 827 2885 882 mortibus
2914 830 3238 896 impeﬂe’oat.
3277 830 3424 885 Unde
3450 830 3643 884 factum
3672 843 3789 895 est,
3820 843 3893 885 ut.

2293 919 2463 984 puella
2492 919 2734 988 quzedam
2766 919 3030 988 religiosa,
3055 920 3316 985 prmdives
3342 921 3550 990 opibus,
3580 936 3643 977 ac
3673 937 3892 976 secun-

2291 1007 2414 1061 dum
2452 1009 2631 1061 saeculi
2667 1009 2975 1078 dignitatem
3019 1008 3292 1065 nobilitate
3329 1013 3596 1065 senatoria
3643 1012 3889 1078 ﬂorens,

2290 1108 2363 1162 et,
2412 1099 2552 1166 quod
2604 1098 2689 1152 bis
2732 1102 2980 1153 omnibus
3029 1109 3109 1153 est
3156 1101 3406 1167 nobilius,
3450 1103 3551 1155 lide
3599 1103 3885 1155 catholica

2294 1190 2521 1257 pollens,
2553 1190 2766 1253 Deoqne
2794 1190 3139 1259 omnipotenti
3187 1191 3730 1260 irreprehensibiliter
3757 1207 3887 1245 ser-

2292 1281 2468 1344 viens,
2519 1282 2585 1335 ad
2629 1282 2766 1335 hanc
2806 1283 3151 1350 quaestionem
3195 1283 3562 1337 adduceretur.
3623 1281 3888 1351 Cumque

2290 1373 2429 1441 regis
2459 1375 2643 1429 fuisset
2672 1375 2847 1428 oblata
2877 1376 3265 1444 conspectibus,
3290 1377 3450 1444 carpit
3477 1392 3594 1430 eam
3634 1379 3881 1444 primum

2293 1463 2363 1516 ad‘
2388 1464 2812 1533 rebaptizandum
2845 1467 3054 1520 blandis
3098 1467 3431 1520 sermonibus
3468 1467 3697 1520 illicere.
3740 1470 3885 1531 Qua:

2290 1569 2410 1610 cum
2435 1572 2756 1611 venenosum
2780 1557 2893 1626 ejus
2914 1560 3144 1626 jaculuut
3171 1560 3287 1612 lidei
3316 1574 3492 1627 pirma
3523 1560 3879 1626 propelleret,

2293 1648 2543 1715 praecepit
2572 1662 2659 1703 rex
2690 1648 2967 1703 facultates
3005 1650 3119 1716 ejus
3149 1649 3369 1715 auferri,
3407 1664 3524 1717 qum
3548 1649 3659 1718 jam
3695 1664 3881 1703 mente

623 1751 902 1805 exhalauit.
934 1749 1082 1817 Quod
1114 1752 1353 1817 protinus
1386 1747 1586 1801 Bricciu
1608 1746 1866 1813 episcopo
1898 1760 1991 1811 per
2015 1745 2185 1798 visum
2221 1731 2267 1791 Β
2294 1740 2596 1808 possidebat
2625 1754 2784 1810 regna
2818 1742 2976 1805 parad
3002 1744 3066 1804 si;
3101 1741 3293 1795 deinde
3320 1740 3594 1809 suppliciis
3625 1741 3867 1808 applica-

622 1841 911 1895 revelaturn
948 1850 1059 1907 est,
1091 1842 1179 1909 qui
1207 1842 1279 1893 ait
1321 1841 1467 1894 suis:
1500 1839 1708 1907 Surgite
1738 1837 1989 1904 velocius,
2022 1844 2079 1890 ut
2119 1837 2185 1890 ad

623 1934 985 1986 tumulaodnm
1018 1934 1233 1987 fratrem
1260 1940 1498 1986 nostrum
1528 1929 1851 1984 Turonicum
1882 1929 2186 1998 pontiﬁcem

619 2040 977 2081 occurramus.
1010 2025 1248 2095 Cumque
1292 2025 1367 2078 illi
1396 2024 1678 2078 venientes
1708 2034 1914 2091 portam
1959 2022 2187 2076 civitatis

619 2119 1043 2191 ingrederentur,
1086 2134 1212 2174 ecce
1258 2120 1417 2173 istum
1466 2136 1559 2189 per
1587 2120 1743 2173 aliam
1796 2128 2000 2184 portam
2044 2133 2188 2172 mor-

618 2220 764 2265 tuum
794 2211 1104 2265 ell'erebant.
1136 2211 1254 2276 Quo
1278 2211 1504 2276 sepulto,
1534 2209 1772 2265 Briccius
1798 2210 1850 2262 in
1876 2209 2186 2264 cathedram

619 2316 766 2353 suam
799 2315 1074 2370 regressus
1116 2310 1226 2364 est,
1269 2314 1472 2369 septem
1520 2310 1700 2369 postea
1750 2300 1974 2355 feliciter
2004 2300 2188 2355 vivens

619 2407 809 2446 annos.
849 2391 946 2445 Cui
983 2402 1100 2459 post
1136 2391 1599 2461 quadragesimum
1647 2393 1930 2459 septimum
1979 2394 2189 2460 episco-

619 2491 771 2547 patus
803 2496 1000 2535 annum
1031 2482 1280 2536 defuncto
1305 2491 1520 2536 sanctus
1552 2482 1869 2537 Eustocliius
1900 2483 2186 2549 successit,

623 2574 918 2641 magniﬁcae
943 2573 1236 2628 sanctitatis
1258 2575 1337 2627 vir
1358 2572 1407 2625 ι).
1449 2598 1459 2609 ι

692 2665 750 2721 'l.
792 2666 1032 2720 Posthaee
1063 2677 1087 2705 ι
1130 2665 1348 2718 Vandali
1399 2678 1426 2717 a
1476 2663 1595 2719 loco
1637 2676 1735 2717 suo
1781 2664 2026 2732 digressi,
2067 2680 2185 2718 cum

619 2759 920 2814 Gunderico
949 2771 1074 2829 rege
1102 2757 1153 2811 in
1176 2756 1375 2813 Gallias
1400 2764 1578 2809 ruunt.
1607 2755 1807 2820 Quibus
1834 2756 1986 2811 valde
2015 2766 2190 2810 vasta-

620 2851 712 2916 tis,
747 2851 1026 2918 Hispanias
1072 2858 1348 2919 appetunt.
1398 2850 1505 2903 Hos
1548 2849 1712 2904 secuti
1750 2848 1933 2915 Suevi,
1984 2849 2037 2902 id
2084 2858 2184 2915 est,

621 2941 924 3004 Alamanni,
960 2941 1243 2996 Galliciam
1283 2941 1703 3009 apprehendunt.
1734 2940 1842 2993 Nec
1875 2940 2042 2994 multo
2073 2948 2190 3007 post

621 3036 926 3091 scandalum
953 3037 1090 3090 inter
1122 3045 1404 3104 utrumque
1431 3035 1600 3090 oritur
1628 3036 1909 3105 populum,
1938 3036 2184 3104 quoniam

622 3130 899 3197 propinqui
930 3127 1030 3181 sibi
1056 3139 1228 3182 erant.
1259 3129 1498 3194 Cumque
1525 3129 1588 3180 ad
1623 3104 1816 3181 bellum
1847 3128 2037 3181 armati
2070 3142 2190 3194 pro—
2215 3104 2264 3170 ο

620 3216 902 3282 cederent,
944 3230 1007 3270 ac
1042 3216 1363 3285 jamjamque
1403 3216 1455 3269 in
1496 3217 1741 3270 conﬂictu
1781 3218 1946 3284 parati
1985 3225 2185 3283 essent,

619 3305 693 3361 ait
713 3308 1124 3362 Alamannorum
1154 3324 1245 3363 rex
1280 3326 1293 3361 :
1327 3310 1611 3379 Quousque
1638 3310 1832 3365 bellum
1860 3325 2021 3375 super
2052 3326 2187 3367 cun-

621 3406 759 3451 ctum
787 3399 1035 3467 populum
1065 3402 1466 3455 commovetur?
1494 3401 1569 3455 Ne
1597 3411 1834 3470 pereant,
1863 3418 2063 3471 quaeso,
2098 3419 2189 3473 po-

622 3488 729 3555 puli
758 3488 1031 3559 utriusque
1060 3490 1337 3561 phalanga:
1369 3509 1382 3543 :
1413 3491 1504 3545 sed
1539 3491 1824 3559 procedant
1850 3494 1955 3547 duo
1981 3493 2049 3549 de
2095 3511 2191 3548 no-

619 3580 748 3636 stris
777 3580 827 3633 in
869 3596 1113 3650 campum
1143 3596 1263 3635 cum
1302 3583 1463 3636 armis
1491 3582 1719 3649 bellicis,
1752 3592 1809 3637 et
1837 3583 1932 3652 ipsi
1961 3585 2102 3640 inter
2130 3601 2189 3641 se

622 3670 929 3740 conligant.
975 3672 1125 3726 Tunc
1172 3672 1281 3737 ille,
1318 3672 1468 3741 cujus
1504 3687 1633 3742 puer
1672 3674 1879 3741 vicerit,
1918 3677 2186 3743 regionem

620 3762 737 3816 sine
776 3764 1064 3818 certamine
1106 3764 1384 3819 obtinebit.
1417 3764 1497 3818 Ad
1524 3765 1637 3820 haac
1663 3776 1883 3820 cunctus
1920 3768 2191 3824 consensit

619 3852 865 3921 populus,
902 3868 966 3908 ne
992 3854 1237 3909 universa
1268 3856 1547 3911 multitudo
1578 3857 1631 3911 in
1666 3871 1760 3912 ore
1798 3858 1958 3929 gladii
1989 3868 2184 3915 rueret.

622 3943 714 3998 His
736 3945 875 4000 enim
900 3945 1085 4000 diebus
1108 3946 1438 4002 Gundericus
1459 3965 1549 4003 rex
1573 3951 1796 4014 obierat,
1822 3951 1873 4005 in
1898 3952 2050 4022 cujus
2073 3953 2189 4008 loco

620 4034 1013 4091 Trasamundus
1058 4037 1083 4072 ά
1131 4038 1432 4093 obtinuerat
1480 4056 1722 4110 regnum.
1772 4042 2190 4113 Conﬂigentibus

620 4140 747 4179 vero
769 4129 964 4195 pueris,
991 4144 1112 4196 pars
1139 4129 1493 4185 Vandalorum
1527 4134 1661 4186 victa
1688 4135 1994 4200 succubuit;
2029 4138 2191 4191 inter-

621 4219 864 4288 iectuque
907 4234 1099 4289 puero,
1147 4224 1396 4292 placitum
1443 4226 1749 4292 egredieudi
1793 4226 2187 4282 Trasamundus

620 4386 801 4442 postea
831 4375 1269 4432 Schireburnensi
1297 4377 1567 4446 episcopo,
1598 4388 1654 4432 ut
1683 4380 1735 4433 in
1766 4379 1881 4442 ejus
1911 4379 2026 4433 Vita
2055 4396 2181 4433 nar-

622 4456 788 4507 ratur,
820 4446 955 4514 apud
1001 4449 1213 4501 eosdem
1258 4459 1503 4502 auctores
1545 4448 1632 4504 die
1672 4450 1740 4501 23’)
1781 4450 1930 4514 Maii,
1962 4460 2015 4505 et
2054 4453 2190 4505 inter

622 4514 751 4567 Acta
782 4514 879 4568 SS.
911 4516 1040 4587 0rd.
1072 4518 1391 4571 Benedictini
1434 4519 1574 4572 Stec.
1608 4536 1683 4572 ιιι.
1714 4520 1953 4587 Denique
2002 4520 2182 4575 Daniel

623 4598 787 4638 senex
815 4585 1103 4638 monachus
1134 4588 1335 4653 publica
1368 4588 1582 4641 infantis
1612 4590 1682 4642 9.5
1708 4585 1913 4644 diernin
1944 4590 2181 4645 declara.

622 4655 789 4726 tione,
821 4668 849 4706 a
880 4656 1179 4722 suspicione
1219 4658 1463 4711 adulterii
1513 4658 1759 4713 liberatus
1803 4671 1911 4726 est,
1945 4661 1994 4713 in
2030 4661 2184 4716 Prato

623 4723 892 4799 Spirituali
911 4766 927 4790 ,
958 4740 1074 4787 cap.
1103 4727 1222 4799 ill.
1241 4728 1444 4799 Eorum
1471 4744 1599 4782 vero
1625 4732 1710 4798 qui
1744 4723 1914 4799 ignem
1941 4730 2007 4784 ad
2032 4744 2182 4786 suam

623 4795 917 4849 castitatem
949 4796 1346 4862 approbandum
1374 4798 1523 4852 illaesi
1553 4795 2046 4866 couitreciaverunt,
2081 4801 2184 4856 fre-

622 4866 1053 4942 quentiorasunt
1082 4867 1216 4942 apud
1247 4877 1489 4942 auctores
1518 4870 1759 4939 exempla
1778 4910 1792 4935 ,
1824 4886 1981 4942 quam
2008 4881 2064 4927 ut
2093 4872 2181 4928 hic

620 4935 809 4991 adduci
836 4935 1065 4991 debeant
1091 4935 1142 4990 in
1170 4938 1526 4992 testimonium

694 5016 720 5043 ει
750 5006 796 5061 Is
837 5009 952 5076 ipse
996 5008 1141 5063 locus
1181 5007 1435 5079 infralib.
1469 5024 1531 5075 xu,
1579 5024 1695 5077 cap.
1729 5012 1821 5075 3i,
1862 5011 2178 5079 appellatur,

622 5076 1087 5153 Μοηεῖιαιιᾴίαεηε,
1120 5078 1275 5149 vulgo
1308 5077 1500 5133 dicitur
1527 5076 1832 5153 Mon’t-loys.
1862 5076 2050 5153 Regni.
2082 5076 2179 5138 ba;

621 5149 709 5201 bet
737 5148 1089 5203 Claudiacum.

692 5216 718 5254 δ
750 5219 821 5289 De
846 5230 1066 5289 utquue
1092 5220 1280 5273 iterum
1308 5221 1399 5277 lib.
1424 5239 1453 5275 ι
1479 5264 1492 5286 ,
1520 5235 1637 5289 cap.
1666 5221 1754 5276 5i.

692 5250 714 5254 -
751 5250 821 5271 uc
846 5250 1066 5289 uuurluc
1094 5250 1280 5273 ncttuu
1309 5250 1399 5277 ιιυ.
1428 5250 1453 5275 λ
1479 5264 1492 5286 ,
1520 5250 1637 5289 (δι’.

595 5250 608 5351 ί
694 5296 718 5359 °_
751 5287 880 5359 Heg.
908 5291 1089 5359 incipit
1118 5292 1378 5355 absolute,
1417 5293 1656 5346 Vandali.

678 5352 719 5437 fl
748 5352 1071 5437 Sic'semper
1091 5361 1247 5437 Cprb.
1273 5352 1400 5437 Heg.
1424 5379 1572 5431 vero,
1597 5364 1720 5437 Bec.
1742 5362 2034 5437 et_Begm.,
2056 5379 2174 5437 cum

620 5425 825 5499 aliquot
878 5425 1069 5494 editis,
1119 5425 1570 5498 Transiin‘undusf
1614 5432 1735 5499 alii,
1783 5425 2173 5489 Trasimundus.

621 5495 786 5575 Porro
814 5495 925 5549 litec
969 5513 1071 5553 non
1094 5501 1198 5575 sub
1219 5495 1605 5575 Trasamundo.
1633 5495 1732 5556 sed
1751 5504 1849 5557 sub
1887 5506 2175 5559 Censerico

619 5570 983 5646 contigerunt.
1008 5571 1105 5646 _t_iti
1148 5570 1377 5646 disimus
1421 5576 1478 5646 in,
1522 5574 1749 5646 Historia
1792 5576 2172 5646 persecutionis

622 5634 945 5717 yaiidalicre.
970 5636 1060 5717 ubi
1089 5642 1258 5717 gentis
1286 5644 1441 5717 hujus
1469 5644 1521 5717 in
1546 5642 1741 5717 Callias
1772 5634 1994 5717 primum
2013 5685 2028 5708 ,
2062 5653 2170 5699 tum

620 5706 672 5762 in
700 5705 975 5774 Hispanias
1000 5715 1053 5764 et
1082 5708 1311 5765 Africam
1339 5705 1657 5783 irruptiones
1683 5705 2079 5783 descripsimus.

2292 1839 2418 1892 tam,
2437 1831 2555 1884 sine
2571 1846 2663 1899 spe
2681 1834 2953 1898 prtesentis
2970 1830 3087 1883 vita:
3106 1840 3136 1883 ι’⁴
3149 1830 3356 1898 ιτιμιειεί.
3375 1832 3509 1897 Quid
3536 1833 3682 1897 plura
3708 1835 3733 1882 ἰν
3747 1831 3853 1884 Pus

2292 1924 2482 1978 multas
2499 1925 2833 1993 qtitest‘iOnes,
2857 1934 2971 1993 post
2993 1924 3197 1979 ablatos
3216 1934 3540 1978 terrenarum
3561 1923 3873 1978 divitiarum

2292 2017 2593 2078 theSauros,
2624 2031 2743 2070 cum
2777 2018 2841 2069 ad
2877 2016 2978 2069 hoc
3007 2016 3170 2084 frangi
3204 2031 3307 2069 non
3339 2026 3535 2084 posset,
3569 2026 3624 2068 ut
3654 2017 3877 2070 beatam

2290 2108 2559 2161 scinderet
2580 2106 3012 2172 Trinitatem,rad
3046 2106 3481 2174 rebaptizandum
3514 2106 3675 2159 invita
3701 2106 3875 2159 dedu-

2290 2200 2447 2253 citur.
2494 2198 2730 2269 Cumque
2772 2201 2821 2252 in
2855 2200 2979 2253 illud
3013 2214 3287 2253 cccnosum
3323 2200 3587 2252 lavacrum
3622 2201 3670 2249 vi
3702 2212 3871 2267 coge-

2292 2301 2439 2346 retur
2484 2290 2747 2360 immergi,
2779 2305 2841 2344 ac
2873 2291 3223 2358 proclamaret
3262 2308 3275 2342 :
3318 2290 3527 2343 Patrem
3556 2304 3676 2342 cum
3710 2287 3867 2346 Filio.

2291 2395 2352 2435 ac
2374 2380 2626 2447 Spiritum
2649 2389 2891 2434 sanctum
2923 2381 3079 2435 unius
3105 2380 3264 2435 credo
3294 2394 3412 2435 esse
3438 2380 3750 2433 substantiae
3782 2395 3866 2431 es~

2290 2472 2609 2540 sentiatque;
2655 2472 2814 2541 digno
2850 2486 3013 2541 aquas
3053 2474 3282 2541 unguine
3315 2481 3533 2526 cunctas
3574 2469 3781 2533 infecit,
3815 2471 3867 2523 id

2291 2571 2372 2615 est
2395 2562 2534 2615 ﬂuxu
2565 2562 2763 2615 ventris
2791 2562 3045 2632 aspergit.
3091 2562 3296 2616 Exhinc
3332 2564 3397 2615 ad
3435 2561 3723 2630 legitimam
3768 2563 3865 2615 de-

2290 2656 2443 2709 ducta
2488 2657 2872 2725 quaestionem,
2919 2665 3039 2724 post
3084 2657 3363 2723 equuleus,
3400 2665 3518 2724 post
3542 2655 3787 2709 ﬂammas
3814 2665 3865 2708 et

2290 2749 2533 2818 ungulas,
2563 2749 2777 2804 Christo
2808 2750 3031 2804 Domino
3057 2750 3243 2820 capitis
3272 2750 3539 2803 decisiOne
3568 2750 3775 2803 dicatur
3811 2758 3860 2801 ⁸.

2290 2838 2533 2894 Postltmc
2564 2840 3003 2909 prosequentibus
3034 2841 3338 2894 Alamannis
3368 2855 3532 2909 usque
3552 2841 3619 2893 ad
3647 2839 3865 2894 Tradu-

2293 2940 2431 2985 ctam
2468 2928 2513 2996 ί,
2541 2932 2761 2985 transito
2786 2932 2920 2985 mari
2950 2930 3165 2984 Vandali
3214 2946 3308 3000 per
3338 2940 3497 2983 totam
3522 2929 3757 2986 Africam
3803 2944 3863 2984 ac

2292 3021 2658 3076 Mauritaniam
2689 3030 2816 3075 sunt
2839 3022 3084 3091 dispersi.

2364 3112 2451 3168 lll.
2492 3112 2598 3168 Sed
2640 3111 2890 3181 quoniam
2942 3126 3126 3165 eorum
3176 3120 3412 3180 tempore
3459 3111 3761 3180 persecutio
3810 3112 3867 3166 in

2289 3202 2624 3257 Christianos
2659 3203 2899 3269 invaluit,
2928 3203 3064 3256 sicut
3092 3202 3338 3270 superius
3370 3201 3567 3255 mentio
3591 3201 3728 3256 facta
3756 3212 3856 3267 est,

2288 3295 2497 3349 videtur
2525 3305 2578 3349 et
2608 3295 2785 3364 aliqua
2813 3310 2879 3348 ex
2905 3294 2987 3347 his
3014 3308 3131 3360 quae
3176 3294 3313 3346 circa
3346 3292 3435 3346 Dei
3483 3291 3751 3348 Ecclesias
3781 3294 3859 3349 in-

2288 3387 2542 3451 tulerunt,
2587 3387 2671 3442 vel
2717 3385 3164 3455 quemadmodum
3196 3386 3261 3439 de
3308 3400 3470 3454 regno
3497 3385 3701 3453 expulsi
3730 3387 3855 3453 sint,

2289 3493 2607 3533 memorare.
2640 3477 2900 3533 Defuncto
2932 3478 3093 3547 igitur
3110 3476 3491 3539 Trasamund‘o,
3521 3488 3640 3546 post
3660 3479 3863 3533 scelera

2287 3585 2405 3639 quae
2433 3570 2489 3624 in
2516 3570 2715 3624 sanctis
2737 3570 2830 3624 Dei
2857 3570 3121 3631 exercuit,
3153 3567 3449 3622 Hunericus
3481 3578 3505 3615 α
3537 3581 3713 3624 mente
3741 3584 3859 3623 cru.

2287 3661 2456 3716 d'elior
2477 3661 2781 3716 Africanum
2808 3670 3033 3731 occupat
3058 3675 3301 3730 regnum,
3326 3670 3489 3730 atque
3510 3677 3573 3715 ex
3600 3663 3858 3718 electione

2288 3754 2647 3808 Vandalorum
2697 3753 2826 3819 ipsis
2880 3752 3227 3822 prteponitur.
3274 3750 3440 3820 Cujus
3482 3753 3591 3805 sub-
3624 3762 3859 3822 tempore

2288 3847 2471 3916 quanti
2501 3844 2923 3901 Christianorum
2954 3845 3133 3914 populi
3174 3857 3272 3913 pro
3301 3845 3419 3913 ipso
3449 3842 3645 3897 Christi
3682 3859 3853 3898 sacra.

2290 3945 2494 3999 tissimo
2522 3946 2735 3999 nomine
2770 3944 2894 3998 (ξωεί
2937 3945 3067 4008 sint,
3095 3942 3161 3997 ab
3189 3941 3496 3996 hominibus
3541 3957 3645 3997 non
3686 3952 3857 4010 potest

2289 4035 2689 4104 comprehendi.
2756 4034 2929 4089 Testis
2953 4042 3035 4089 est
3065 4040 3240 4088 tamen
3269 4032 3444 4087 Alrica
3474 4048 3592 4102 qua?
3617 4032 3776 4093 misit,
3805 4044 3857 4088 et

2289 4124 2482 4180 Christi
2549 4127 2799 4188 dextera,
2866 4141 2983 4196 qua:
3045 4126 3271 4195 gemmis
3330 4126 3855 4181 immarceseibilibus

2288 4214 2397 4285 46
2425 4216 2717 4270 coronavit.
2759 4216 3007 4286 Legimus
3034 4224 3208 4271 tamen
3240 4217 3593 4271 quorumdam
3622 4216 3853 4285 ipsorum

2367 4382 2388 4409 ο
2422 4371 2566 4425 Hanc
2592 4369 2805 4440 Hispani
2836 4381 3103 4439 appertant
3132 4371 3502 4437 Vincentiam,
3533 4371 3850 4440 Qttathau-

2268 4443 2385 4496 'riaa
2412 4443 2465 4496 in
2494 4442 2759 4495 Lusitania
2783 4456 2988 4510 passam
3013 4445 3196 4495 volunt
3219 4459 3230 4495 :
3260 4443 3327 4495 de
3354 4442 3453 4497 hac
3478 4444 3681 4510 egimus
3705 4443 3763 4498 in
3789 4444 3852 4500 li-

2289 4514 2386 4567 bro
2413 4512 2623 4566 laudato
2651 4512 2718 4567 de
2748 4513 3113 4581 persecutione
3140 4511 3457 4577 Vandalica,
3485 4528 3609 4582 cap.
3634 4514 3689 4567 2.

2362 4605 2379 4643 ί
2415 4606 2609 4661 Plinius
2654 4605 2789 4660 libro
2817 4621 2848 4659 v
2890 4606 3122 4660 historiae
3161 4608 3579 4674 naturalis,cap.
3612 4607 3663 4668 i‘,
3694 4607 3834 4663 inter

2286 4678 2385 4731 alia
2418 4678 2657 4741 nomina,
2687 4691 2805 4741 quae
2843 4678 2967 4730 olim
2998 4677 3313 4743 Tingitanae,
3345 4676 3503 4732 etiam
3534 4681 3843 4733 nunc-cele-

2288 4748 2363 4801 bri
2393 4747 2586 4801 Airicte
2628 4748 2773 4812 urbi,
2804 4747 2961 4814 vulgo
2990 4744 3212 4815 Tanger,
3241 4748 3365 4800 data
3413 4748 3574 4801 fuisse
3614 4762 3846 4803 comme-

2284 4827 2481 4879 morat,
2515 4820 2589 4871 ait
2614 4833 2729 4871 eam
2756 4834 2787 4869 a
2817 4815 3031 4870 Claudio
3057 4818 3274 4881 (ἐπει-τινε,
3300 4834 3411 4871 cum
3434 4819 3685 4872 coloniam
3712 4823 3844 4886 face-

2284 4900 2389 4953 ret,
2411 4889 2725 4957 appellatam
2749 4888 2913 4941 fuisse
2928 4886 3126 4940 Iuliam
3145 4886 3477 4941 Traductam.
3513 4888 3701 4941 Juliain
3722 4890 3843 4943 Tra-

2288 4959 2499 5013 ductam
2526 4959 2579 5012 in
2607 4958 2771 5012 altera
2803 4959 2913 5026 ripa
2933 4999 2949 5025 ,
2982 4958 3034 5011 id
3065 4968 3149 5013 est
3177 4960 3231 5011 in
3258 4958 3543 5024 Hispanico
3573 4960 3729 5013 man's
3756 4960 3841 5013 lit-

2286 5037 2423 5089 tore.
2449 5033 2602 5082 sitam
2633 5028 2791 5082 fuisse
2816 5028 2905 5082 alii
2929 5030 3284 5091 contendunt,
3312 5038 3365 5082 et
3393 5041 3666 5085 auctorum
3699 5030 3827 5084 testi.

2287 5100 2479 5152 tnoniis
2526 5100 2784 5164 probant:
2817 5108 2872 5153 et
2914 5099 3126 5167 quidem
3171 5100 3458 5165 Gregorius
3508 5110 3687 5154 noster
3714 5099 3839 5153 Tra-

2284 5172 2490 5223 ductam
2538 5171 2589 5222 in
2641 5170 2885 5237 Hispania
2928 5170 3134 5222 videtur
3185 5170 3378 5225 locare.
3427 5171 3739 5225 Traductam
3784 5171 3834 5224 in

2284 5249 2504 5307 utraque
2530 5239 2641 5306 ripa
2671 5255 2827 5292 unam
2854 5240 3123 5293 exstitisse
3164 5249 3347 5293 censet
3376 5242 3671 5295 Harduinus
3696 5257 3708 5291 :
3734 5255 3836 5309 quo

2321 5321 2438 5363 acto
2464 5312 2577 5364 lucc
2603 5321 2875 5363 aucturum
2917 5311 3263 5365 contrarietas
3310 5310 3470 5367 facile
3508 5310 3828 5365 conciliatur.

2329 5380 2414 5434 ide
2438 5397 2555 5449 qua:
2582 5381 2647 5434 de
2680 5382 2775 5434 hac
2806 5397 2861 5433 re
2891 5380 3005 5449 ipse
3030 5381 3163 5435 dixit
3191 5383 3245 5435 in
3286 5382 3427 5435 notis
3465 5391 3518 5437 et
3560 5381 3831 5437 emendata

2279 5451 2345 5504 ad
2364 5452 2502 5505 hunc
2522 5451 2670 5504 Plinii
2702 5451 2894 5504 locum.

2348 5556 2374 5594 ε
2406 5546 2576 5611 Editi,
2614 5546 2920 5600 Honoricus.
2967 5545 3014 5599 ls
3061 5545 3349 5601 Genserico
3386 5546 3521 5613 patri
3569 5561 3669 5601 suo
3712 5561 3829 5602 suc-

2275 5618 2480 5741 cessu:
2526 5618 2647 5674 huic
2691 5615 3095 5686 Guntabundus,
3139 5624 3193 5673 et
3238 5615 3595 5673 Guntabundo
3643 5616 3827 5674 Trasu-

2274 5703 2398 5744 mun
2441 5702 2517 5743 us.
