3994 6194
103 222 173 278 195
957 216 1274 275 HISTORIA
1312 212 1753 270 FRANCORUM.
1796 212 1999 269 LIBER
2039 212 2411 270 SECUNDUS.

3212 206 3309 261 1M

108 347 329 411 martyrum
366 336 707 406 passiones,
734 348 796 387 ex
831 331 1022 401 quibus
1053 325 1293 398 qttmdam
1337 323 1639 394 replicanda
1673 369 1679 387 ι

1784 361 1851 400 on
1875 361 2121 400 reversus
2149 347 2320 412 fuero,
2344 342 2534 399 videbo
2565 356 2658 397 vos
2687 343 2739 395 in
2768 340 2963 396 futura.
2986 340 3114 394 Dico
3142 350 3315 395 tamen

119 437 295 495 suumn
326 428 393 481 ad
440 443 511 481 ea
555 440 683 494 quae
729 420 1110 492 spoponditnus
1145 417 1440 470 veniamus.
1485 414 1646 483 Igitur

93 523 259 609 .Cirola
292 520 427 575 falso
476 526 711 571 vocatus
755 515 1054 584 episcopus,
1104 510 1478 564 haireticorum
1526 516 1649 561 tunc

133 616 324 671 maximus
344 611 657 666 habebatur
679 615 929 661 assertor.
955 604 1197 672 Cumque
1225 600 1289 654 ad
1321 614 1650 669 persequen-

132 707 221 765 duai
239 705 558 762 Christianos
589 717 692 755 rex
722 714 814 769 per
843 698 1047 752 diversa
1082 694 1494 756 transmitteret,
1523 706 1650 744 san-

130 812 233 851 ctum
273 796 567 864 Eugenium
615 792 946 861 episcOpum,
971 787 1146 839 virum
1170 782 1654 838 inenarrabilisan-

124 892 280 953 ctitate,
300 889 386 956 qui
416 898 547 940 tunc
576 882 844 939 ferebatur
874 893 1078 947 magna:
1110 874 1403 945 prudentia:
1434 888 1574 939 esse,
1600 873 1651 926 in

122 983 381 1038 suburbano
406 978 638 1034 civitatis
663 989 775 1031 sua:
801 972 999 1041 reperit
1028 978 1333 1039 persecutor
1358 985 1370 1019 :
1399 982 1553 1036 quem
1584 968 1653 1019 ita

118 1076 338 1130 violenter
364 1072 564 1141 rapuit,
599 1079 655 1123 ut
691 1083 789 1123 nec
818 1067 883 1122 ad
915 1063 1233 1120 hortandum
1264 1075 1477 1131 gregem
1504 1058 1651 1113 Chri-

118 1172 332 1224 sticolum
358 1177 382 1203 ιι
410 1167 560 1220 abire
584 1163 934 1234 permitteret.
962 1160 1053 1213 Ille
1075 1172 1200 1211 vero
1224 1171 1343 1209 cum
1368 1170 1427 1208 se
1454 1154 1660 1207 videret

112 1264 297 1328 abduci,
340 1259 617 1328 epistulam
668 1256 870 1311 civibus
914 1267 1014 1323 pro
1060 1247 1402 1306 custodienda
1438 1246 1541 1300 ﬁde
1566 1260 1658 1298 ca-

112 1356 280 1410 tholica
306 1356 403 1407 hoc
433 1350 592 1405 modo
618 1346 911 1401 transmisit
932 1343 993 1395 δε

166 1463 184 1494 ι
229 1441 581 1496 Dilectissimis
610 1448 655 1491 et
688 1441 741 1490 in
772 1434 957 1489 Christi
991 1447 1164 1486 amore
1194 1428 1503 1484 dulcissimis
1540 1427 1663 1495 ﬁliis

103 1544 137 1587 tt
161 1534 361 1600 ﬁliabus
390 1530 631 1583 Ecclesia:
670 1526 796 1579 mihi
826 1544 856 1578 a
879 1524 986 1578 Deo
1014 1522 1293 1576 commissa:
1326 1531 1372 1585 ο,
1402 1518 1662 1591 Eugenius

97 1624 373 1689 rpisCOpus.

1748 439 1919 507 vobis,
1951 437 2154 491 Valete.
2178 444 2327 491 orate
2350 450 2445 505 pro
2468 435 2644 498 nobis,
2670 444 2723 487 et
2740 433 3013 502 jejunate:
3038 430 3158 499 quia
3180 430 3316 500 jeju-

1749 529 1895 582 nium
1927 538 1980 582 et
2011 529 2347 599 eleemosyna
2378 541 2591 596 semper
2616 526 2893 579 Dominum
2925 523 2993 577 ad
3015 522 3319 579 misericor-

1750 619 1890 673 diam
1914 620 2264 674 deﬁexerunt.
2294 619 2613 676 Mementme
2637 631 2758 671 esse
2783 617 3037 685 scriptum
3068 615 3121 668 in
3148 615 3322 668 Evan—

1748 714 1888 782 gelio
1915 731 1928 766 :
1962 712 2138 767 Nolite
2158 713 2347 768 'tintere
2375 728 2457 766 eos
2486 712 2573 781 qui
2603 710 2837 764 occidunt
2866 725 3075 777 corpus,
3096 709 3322 762 animam

1752 817 1918 860 autem
1958 823 2059 859 non
2100 814 2310 874 possum
2352 803 2580 858 occidere
2606 819 2625 856 :
2651 804 2819 856 timete
2858 810 3032 854 autem.
3073 816 3208 864 eum,
3240 801 3328 869 qui

1750 908 2019 968 postquam
2044 897 2285 951 occiderit
2311 911 2521 963 corpus,
2553 895 2695 948 habet
2719 902 3009 963 potestatem
3037 900 3081 944 et
3104 891 3330 944 animum

1757 1000 1803 1042 et
1844 1005 2029 1058 corpus
2075 989 2283 1060 perdere
2338 998 2385 1043 et
2430 988 2627 1040 mittere
2680 986 2737 1038 in
2776 983 3057 1056 gehennam
3102 979 3332 1061 (Matth.

1759 1095 1813 1144 x,
1848 1077 1926 1147 ‘2).
1968 1098 1987 1130 ι

1830 1171 2025 1225 Ductus
2053 1170 2230 1237 itaque
2255 1176 2469 1223 sanctus
2482 1165 2754 1236 Eugenius
2781 1163 2847 1218 ad
2870 1178 3071 1233 regem,
3095 1178 3214 1216 cum
3243 1162 3335 1216 illo

1760 1263 2077 1316 Arianorum
2117 1263 2369 1331 episcopo
2414 1274 2512 1329 pro
2559 1258 2665 1313 ﬁde
2709 1255 2971 1313 catholica
3011 1255 3328 1311 decertavit.

1762 1352 2001 1423 Cumque
2040 1370 2161 1408 eutn
2201 1353 2269 1409 de
2317 1362 2515 1407 sancta;
2550 1350 2824 1406 Trinitatis
2864 1349 3118 1421 mysterio
3154 1356 3337 1415 poten-

1762 1445 1968 1500 ‘tissime
1988 1445 2293 1509 devicisset,
2334 1453 2387 1498 et
2411 1444 2628 1512 insuper
2648 1440 2840 1496 multas
2862 1455 2957 1507 per
2975 1454 3096 1494 eum
3119 1438 3338 1491 virtutes

1764 1538 2008 1594 Christus
2033 1538 2359 1601 ostenderet,
2388 1536 2442 1589 in
2474 1534 2731 1604 majorem
2756 1534 3015 1587 insaniam
3046 1531 3183 1585 idem
3219 1529 3341 1598 epi-

1767 1643 1982 1699 scopus,
2004 1628 2200 1682 invidia
2224 1626 2605 1687 inﬂammante,
2626 1624 2991 1679 succenditur.
3015 1622 3181 1675 Erant
3199 1619 3342 1673 enim

166 1732 183 1763 ι
233 1712 441 1780 Regalis
486 1706 757 1764 emanavit
799 1704 1109 1769 auctoritas,
1150 1712 1203 1757 et
1241 1717 1340 1773 pro
1368 1698 1663 1755 exercenda

1784 1737 1895 1776 .uac
1927 1698 2180 1788 temporis
2207 1735 2324 1772 cum
2352 1726 2534 1772 sancto
2560 1716 2794 1784 Eugenio
2822 1715 2923 1768 viri
2946 1712 3346 1783 prudentissimi

97 1808 191 1859 nde
216 1806 499 1865 catholica,
524 1801 703 1855 edicto
732 1812 829 1852 nos
871 1813 899 1851 a
928 1796 1248 1865 Carthagine
1270 1793 1295 1832 ά
1322 1796 1501 1850 venire
1532 1807 1663 1861 prae-

96 1899 245 1965 cepit.
287 1896 351 1950 Et
388 1895 514 1948 ideo
553 1907 620 1947 ne
660 1891 848 1945 abiens
890 1905 918 1943 a
957 1889 1104 1942 vobis
1139 1887 1434 1942 Ecclesium
1477 1886 1567 1940 Dei
1612 1885 1666 1938 in

98 1990 358 2060 ambiguo,
402 1987 505 2040 hoc
536 1994 620 2040 est
663 1985 715 2037 in
745 1997 1025 2047 suspenso,
1055 1981 1398 2047 dimitterem,
1424 1987 1516 2032 aut
1542 1993 1669 2033 oves

101 2081 285 2133 Christi
328 2094 435 2132 nun
477 2091 635 2157 verus
680 2085 859 2144 paStor
902 2072 1116 2126 silentio
1161 2070 1541 2141 relinquerem,
1577 2086 1672 2124 ne-

100 2174 380 2225 cessarium
420 2170 549 2224 duxi
590 2169 687 2221 has
712 2180 809 2235 pro
847 2181 931 2219 me
966 2162 1190 2219 vicarias
1220 2174 1413 2217 vestrae
1442 2163 1673 2231 dirigere

102 2264 355 2319 sanctitati
382 2281 395 2317 :
420 2264 476 2316 in
505 2263 697 2327 quibus
727 2275 830 2312 non
864 2259 977 2313 sine
1004 2258 1254 2326 Iacrymis
1298 2267 1442 2325 peto,
1470 2257 1671 2321 hortor,

106 2373 305 2422 moneo,
345 2366 399 2411 et
437 2356 572 2410 satis
614 2352 932 2420 abundeque
978 2354 1215 2405 obtestor
1254 2364 1350 2418 per
1387 2347 1479 2401 Dei
1512 2340 1677 2416 maje-

103 2459 315 2515 statem,
358 2457 413 2503 et
458 2463 555 2515 per
601 2445 931 2500 tremendum
970 2443 1156 2512 judicii
1189 2443 1351 2507 diem,
1396 2450 1553 2510 atque
1580 2440 1675 2494 ad-

106 2553 282 2595 ventus
298 2539 503 2595 Christi
534 2538 825 2593 terribilem
850 2538 1170 2601 claritatem,
1194 2544 1250 2589 ttt
1274 2536 1428 2588 ﬁxius
1455 2532 1677 2588 teneatis

102 2634 409 2687 catholicam
434 2630 618 2693 ﬁdem,
645 2640 950 2685 asserentes
974 2628 1160 2681 Filium
1186 2626 1327 2681 Patri
1357 2641 1476 2680 esse
1500 2639 1678 2694 aequa-

105 2727 221 2789 lem,
251 2736 303 2779 et
324 2724 582 2792 Spiritum
613 2731 853 2776 sanctum
883 2720 1123 2775 eamdem
1156 2720 1351 2774 habere
1379 2734 1496 2772 cum
1521 2718 1680 2771 Patre

126 2830 173 2870 et
192 2818 330 2872 Filio
356 2818 610 2871 deitatem
643 2825 692 2869 ε.
726 2815 944 2870 Servate
972 2816 1146 2884 itaque
1175 2812 1316 2867 unici
1356 2811 1683 2879 baptismatis

102 2912 343 2977 gratiam,
378 2909 742 2963 custodientes
771 2906 1075 2960 chrismatis
1101 2904 1404 2958 unctionem
1443 2901 1460 2939 ί
1476 2942 1488 2954 .
1519 2901 1684 2954 Nemo

104 3011 214 3067 post
243 3016 437 3070 aquam
483 3005 781 3051 revertatur
822 2996 888 3050 ad
916 3009 1129 3067 aquam,
1168 3003 1386 3048 renatus
1415 3008 1478 3046 ex
1518 3008 1673 3061 aqua.

1769 1822 1926 1880 atque
1947 1810 2288 1874 sanctissimi,
2310 1808 2653 1863 Vindemialis
2673 1804 2702 1843 ¹ι
2722 1817 2771 1862 et
2792 1806 3063 1876 Longinus
3084 1803 3345 1873 episcopi,

1770 1917 1925 1973 pares
1958 1901 2144 1971 gradu,
2177 1908 2231 1954 et
2271 1901 2466 1955 virtute
2497 1914 2601 1953 nou
2650 1899 2899 1966 impares.
2953 1896 3086 1951 Nam
3126 1904 3348 1950 sanctus

1778 1992 2124 2069 Vindemialis
2167 2005 2233 2045 eo
2264 1998 2504 2058 tempore
2543 1988 2811 2042 ferebatur
2855 1996 3125 2041 mortuum
3172 1984 3350 2038 susci-

1776 2093 1943 2146 tasse;
1984 2081 2253 2149 Longinus
2282 2088 2461 2133 autem
2495 2078 2677 2131 multis
2721 2075 2948 2130 inﬁrmis
2990 2075 3219 2129 salutem
3258 2073 3350 2129 tri-

1776 2175 1910 2229 buit.
1946 2173 2210 2242 Eugenius
2240 2184 2449 2241 quoque
2480 2185 2583 2223 non
2622 2169 2798 2222 solum
2839 2166 3125 2222 visibilium
3164 2165 3352 2221 oculo-

1776 2281 1891 2321 rum
1919 2266 2236 2329 caecitatem,
2259 2262 2352 2318 sed
2379 2262 2539 2317 etiam
2566 2262 2819 2315 mentium
2850 2259 3169 2327 depellebat.
3202 2258 3354 2325 Quod

1775 2373 2001 2414 cernens
2043 2358 2134 2412 ille
2173 2370 2399 2425 nequam
2428 2355 2745 2409 Arianorum
2785 2356 3075 2423 epicopus,
3105 2362 3355 2405 vocatum

1778 2448 1843 2501 ad
1887 2462 1946 2502 se
1983 2447 2264 2514 quemdam
2307 2444 2599 2510 hominem,
2639 2445 2707 2498 ab
2745 2444 2836 2499 illo
2868 2459 2973 2514 quo
3007 2444 3123 2512 ipse
3147 2442 3358 2498 vivebat

1779 2557 1959 2597 errore
1978 2540 2087 2612 48
2106 2542 2404 2608 deceptum,
2425 2538 2525 2592 ait:
2550 2537 2663 2591 Non
2684 2538 2875 2605 patior,
2899 2536 3040 2605 quod
3070 2536 3122 2590 hi
3149 2535 3359 2604 episco-

1780 2637 1831 2706 pi
1863 2636 2024 2689 multa
2058 2635 2109 2687 iu
2143 2634 2335 2701 populo
2377 2633 2524 2700 signa
2551 2631 2893 2695 depromunt,
2921 2629 3148 2699 illosque
3178 2630 3359 2682 cuncti

1783 2741 1869 2780 me
1917 2726 2159 2793 neglecm
2205 2733 2520 2790 sequuntur.
2572 2720 2866 2789 Acquiesce
2918 2735 3059 2773 nunc
3106 2718 3190 2771 bis
3235 2733 3358 2787 quae

1786 2820 2057 2890 prtecipio,
2104 2826 2159 2871 et
2204 2814 2436 2880 acceptis
2473 2813 2849 2883 quinquaginta
2892 2814 3092 2875 aureis,
3138 2811 3266 2866 sede
3305 2813 3358 2865 in

1786 2912 1982 2981 platea,
2003 2923 2263 2978 perquam
2286 2904 2442 2960 nobis
2467 2916 2548 2960 est
2578 2905 2853 2968 transitus,
2885 2912 2940 2958 et
2955 2918 3168 2957 manum
3196 2918 3361 2972 super

1787 3004 1999 3060 clausos
2024 3001 2206 3056 oculos
2226 3013 2453 3069 ponens,
2486 3012 2571 3051 me
2591 3005 2945 3067 prmlereunte
2966 3010 3086 3050 cum
3115 2994 3360 3063 reliquis,

105 3092 228 3147 Nutu
252 3094 397 3145 enim
424 3091 516 3144 Dei
544 3090 624 3143 sal
649 3104 711 3143 ex
737 3103 871 3157 aqua
896 3085 1204 3149 conficitur;
1235 3085 1329 3139 sed
1354 3086 1396 3137 si
1423 3087 1475 3139 in
1497 3100 1679 3155 aquam

1789 3097 2025 3151 exclama
2070 3094 2121 3146 in
2165 3106 2352 3161 magna
2395 3091 2611 3157 virtute,
2654 3088 2882 3143 dicens:
2927 3087 3023 3155 Te,
3056 3085 3364 3143 beatissime

107 3187 368 3238 redactum
409 3183 593 3245 fuerit,
633 3180 808 3235 omnis
850 3181 1054 3248 species
1093 3179 1210 3247 ejus
1247 3174 1533 3232 confestim
1564 3192 1687 3231 eva-

106 3287 301 3332 cuatur.
349 3275 505 3330 Unde
542 3290 647 3325 non
696 3272 961 3325 immerito
1003 3269 1257 3323 Dominus
1305 3268 1357 3320 in
1400 3267 1687 3333 Evangelia

116 3368 182 3420 ait
211 3385 225 3419 :
258 3365 321 3421 Si
348 3367 429 3418 sal
453 3366 769 3431 infamatum
803 3362 975 3429 fuerit,
1006 3360 1057 3412 in
1085 3376 1183 3429 quo
1222 3359 1433 3411 salietur
1471 3357 1686 3427 (Matth.

107 3460 300 3530 v,15)?
362 3459 428 3512 Et
477 3458 659 3525 utique
702 3454 803 3506 hoc
826 3463 908 3507 est
953 3451 1225 3515 infatuari,
1270 3451 1405 3504 velle
1453 3451 1690 3505 secundo

109 3553 321 3615 condiri,
371 3566 495 3605 cum
531 3548 701 3603 semel
741 3547 933 3600 factum
977 3544 1223 3599 sufﬁciat.
1298 3542 1412 3596 Non
1462 3541 1687 3598 audistis

110 3646 372 3697 Christum
418 3642 727 3695 dicentem:
762 3638 861 3703 Qui
899 3638 1051 3690 semel
1091 3636 1222 3688 lotus
1261 3642 1355 3700 est,
1404 3651 1502 3686 non
1543 3633 1691 3688 habet

111 3737 451 3787 necessitatem
504 3731 608 3802 47
659 3732 844 3783 iterant
900 3727 1105 3781 lavandi
1151 3725 1335 3795 (Joan.
1389 3740 1507 3789 xm,
1556 3725 1692 3794 10)?

112 3827 367 3893 ldeoque,
400 3824 595 3878 fratres
615 3864 630 3888 ,
661 3832 713 3875 et
745 3820 877 3884 ﬁlii,
912 3819 1157 3886 ﬁliaequze
1186 3832 1319 3871 meae
1364 3815 1416 3869 iit
1443 3816 1691 3882 Dotnino,

114 3930 210 3967 nun
242 3930 336 3967 vos
378 3914 665 3967 contristet
707 3910 947 3965 absentia
988 3922 1131 3974 mea,
1171 3908 1289 3977 quia
1333 3907 1377 3962 si
1414 3906 1692 3962 catholica:

110 4008 403 4073 disciplina:
471 4005 831 4064 adhmreatis,
877 4017 974 4072 ego
1022 4018 1117 4055 vos
1162 4016 1262 4054 nec
1309 4000 1696 4068 longinquitate

112 4099 280 4166 aliqua
305 4099 611 4161 obliviscar,
638 4110 735 4149 nec
763 4104 930 4148 morte
956 4109 985 4147 a
1010 4094 1159 4147 vobis
1183 4093 1406 4148 divellar
1424 4101 1471 4145 8.
1496 4092 1696 4147 Scitote

114 4190 229 4256 quia
273 4204 614 4257 quocumque
656 4205 742 4241 mc.
772 4186 993 4239 fecerint
1021 4185 1181 4238 dividi
1225 4200 1446 4255 agones,
1484 4200 1690 4237 mecum

115 4289 188 4331 est
240 4283 415 4346 palma
470 4320 483 4331 .
530 4293 572 4330 sr
620 4277 685 4329 ad
729 4277 973 4329 exsilium
1011 4274 1227 4337 abiero,
1291 4274 1428 4328 beati
1481 4274 1698 4329 Joannis

117 4371 453 4437 evangelista:
480 4369 780 4436 exemplum
814 4367 1014 4428 habeo;
1045 4367 1087 4418 si
1130 4368 1194 4419 ad
1230 4367 1417 4418 mortis
1454 4366 1695 4429 exitium,

1792 3185 2007 3257 Cyrola,
2042 3190 2237 3236 nostrae
2280 3178 2556 3251 religionis
2595 3179 2845 3239 antistes,
2881 3177 3162 3246 deprecor,
3194 3186 3251 3231 ut
3281 3191 3365 3230 re-

1790 3276 2021 3345 spiciens
2064 3272 2374 3328 manifestes
2419 3271 2638 3341 gloriam
2687 3285 2750 3324 ac
2799 3271 3048 3324 virtutem
3094 3280 3262 3332 tuam,
3310 3277 3367 3320 ut

1791 3367 1974 3422 oeulos
2021 3379 2171 3419 meos
2216 3364 2460 3432 aperiens
2509 3375 2716 3417 merear
2764 3361 2932 3415 lucem
2976 3360 3163 3415 videre
3206 3373 3364 3428 quam

1796 3457 2023 3529 perdidi.
2066 3457 2168 3522 Qui
2206 3455 2345 3523 iussa
2382 3453 2677 3522 complens,
2711 3452 3057 3521 residensque
3092 3452 3142 3505 in
3170 3448 3365 3520 platea,

1791 3556 2102 3604 transeunte
2134 3548 2386 3601 haeretico
2414 3561 2535 3601 cum
2575 3544 2777 3599 sanctis
2808 3543 2921 3608 Dei,
2956 3544 3055 3597 iste
3082 3543 3170 3612 qui
3200 3542 3365 3594 Deum

1793 3641 2018 3696 irridere
2066 3638 2351 3708 cogitabat,
2401 3636 2672 3691 exclamat
2723 3634 2775 3689 in
2816 3648 3004 3702 magna
3036 3634 3252 3697 virtute,
3284 3632 3371 3683 di-

1792 3745 1920 3785 cens
1947 3747 1961 3783 :
2007 3728 2146 3783 Audi
2173 3742 2281 3792 me,
2308 3725 2617 3782 beatissime
2643 3724 2867 3794 Cyrola;
2898 3723 3021 3776 audi
3049 3738 3156 3783 me.
3186 3733 3372 3778 sancte

1796 3821 2046 3877 sacerdos
2076 3821 2167 3875 Dei
2207 3836 2221 3873 :
2272 3819 2476 3887 respice
2521 3817 2816 3871 caecitatem
2864 3830 3061 3870 meam.
3115 3814 3372 3884 Experiar

1796 3931 1893 3985 ego
1932 3914 2313 3970 medicamenta
2354 3927 2472 3981 qua:
2510 3924 2652 3977 saepe
2674 3910 2801 3963 caeci
2843 3909 3035 3978 reliqui
3079 3924 3110 3963 a
3153 3916 3205 3963 te
3254 3923 3371 3964 me-

1796 4017 2033 4071 ruerunt,
2066 4021 2182 4074 qua:
2212 4004 2406 4070 leprosi
2464 4001 2670 4070 experti
2708 4009 2861 4067 sunt,
2914 4016 3031 4068 quae
3072 4001 3172 4070 ipsi
3210 4002 3369 4055 etiam

1798 4098 1990 4153 mortui
2021 4102 2435 4165 praesenserant.
2489 4091 2692 4160 Adiuro
2725 4101 2775 4145 te
2805 4108 2897 4160 per
2926 4092 3092 4160 ipsam
3124 4094 3371 4149 virtutem

1798 4205 1954 4259 quam
1994 4187 2175 4251 habes,
2222 4200 2277 4240 ut
2319 4184 2447 4239 mihi
2478 4183 2833 4238 desideratam
2873 4185 3123 4239 restituas
3172 4186 3372 4255 lucem,

1799 4282 1919 4351 quia
1961 4281 2109 4349 gravi
2150 4293 2266 4331 sum
2306 4275 2549 4330 caecitate
2588 4288 2891 4343 percussus.
2916 4274 3206 4329 Veritatem
3230 4279 3372 4331 enim

1800 4372 2072 4437 nesciens,
2100 4384 2282 4424 verum
2312 4368 2520 4421 dicebat
2549 4387 2565 4423 :
2595 4366 2717 4435 quia
2747 4378 3042 4421 caecavetat
3072 4382 3192 4421 eum
3224 4370 3374 4438 cupi-

128 4462 297 4515 Vit'ere
326 4463 454 4514 mihi
483 4460 714 4515 Christus
767 4470 859 4523 est,
895 4468 941 4511 et
971 4461 1097 4511 mori
1141 4457 1337 4510 lucrum
1359 4456 1618 4526 (Philipp.
1653 4472 1688 4519 t,
1725 4474 1774 4533 D
1799 4464 1954 4528 ditas,
1997 4474 2049 4519 et
2081 4462 2328 4517 virtutem
2363 4461 2451 4516 Dei
2479 4460 2861 4528 omnipotentis
2901 4459 3124 4515 irridere
3156 4475 3248 4529 per
3277 4477 3373 4530 pe-

118 4551 229 4621 21).
272 4555 331 4608 Si
375 4554 618 4615 redierit,
658 4551 880 4616 fratres,
913 4551 1155 4617 implebit
1194 4549 1333 4603 Deus
1371 4550 1692 4603 desiderium

120 4657 377 4698 vestrum.
410 4646 657 4698 Attamen
685 4642 880 4696 sullicit
910 4641 1095 4706 modo,
1125 4642 1263 4710 quod
1294 4642 1448 4695 vobis
1480 4658 1582 4695 non
1618 4651 1695 4695 ta—

119 4736 196 4786 cui
212 4753 227 4790 :
244 4737 448 4799 monui,
466 4736 709 4799 instruxi,
724 4733 991 4801 quomodo
1012 4734 1185 4801 potui;
1215 4732 1437 4801 ideoque
1454 4734 1698 4787 immunis

119 4839 231 4879 sum
249 4843 279 4880 a
297 4828 559 4896 sanguine
578 4826 815 4879 omnium
836 4824 1168 4892 pereuntium
1198 4840 1211 4887 ;
1244 4832 1300 4880 et
1320 4825 1433 4878 scio
1458 4824 1578 4892 quia
1600 4824 1697 4878 ad-

121 4932 303 4974 versus
329 4934 427 4974 eos
456 4919 697 4986 legentur
722 4918 913 4970 litterae
941 4918 1054 4969 ista:
1080 4926 1202 4986 ante
1230 4916 1457 4969 tribunal
1475 4915 1695 4983 Christi,

122 5024 233 5062 cum
262 5011 475 5065 venerit
505 5009 730 5065 reddere
760 5008 1048 5075 unicuique
1075 5007 1363 5061 secundum
1393 5022 1553 5075 Opera
1578 5023 1695 5064 sua.

121 5098 173 5152 Si
200 5117 449 5155 reversus
484 5102 655 5168 luero,
688 5098 904 5163 fratres,
944 5098 1135 5152 videbo
1158 5112 1253 5152 vos
1280 5099 1333 5152 in
1364 5098 1463 5153 hac
1489 5099 1591 5152 vita
1617 5114 1631 5151 :
1657 5099 1699 5152 si

187 5222 210 5248 ³
243 5214 331 5267 Sic
361 5230 519 5277 mss.,
543 5223 599 5267 at
627 5213 754 5267 editi
782 5227 902 5266 cum
933 5211 1054 5265 Bec.
1080 5211 1277 5266 habent
1301 5212 1487 5265 Christi
1510 5212 1694 5265 ullum.

189 5284 215 5320 δ
248 5284 411 5340 Deest
449 5287 673 5355 epistola
710 5284 915 5353 integra
940 5283 1210 5355 _inACorb.,
1252 5284 1342 5337 sed
1372 5299 1487 5349 QILP.
1520 5293 1693 5355 tamen

116 5366 311 5417 Sponte
352 5351 546 5411 omissa
595 5355 728 5421 fuit,
771 5351 893 5409 cuin
939 5352 1161 5420 habeat,
1210 5355 1564 5425 epistolam....
1607 5351 1702 5406 hoc

114 5426 271 5479 Modo
297 5430 599 5482 transmisit.

188 5506 215 5533 ‘
252 5498 348 5553 Ns.
378 5500 406 5553 1
425 5541 439 5561 ,
468 5495 775 5551 commissis.

115 5632 167 5686 d_
187 5562 214 5600 δ
250 5568 460 5686 licem“
489 5568 892 5635 Carthaginem,
925 5574 975 5617 et
1003 5562 1135 5617 infra
1155 5606 1168 5628 ,
1201 5575 1319 5634 post
1346 5565 1584 5628 ricarias,
1616 5564 1709 5617 ad-

156 5645 193 5685 t!
217 5680 232 5686 -
284 5641 479 5686 illum-

156 5641 193 5685 εἰ
216 5680 232 5695 .
268 5641 479 5693 litteras.

192 5718 217 5743 ε
253 5711 389 5765 Idem
419 5728 466 5767 et
504 5711 653 5773 Bcc.,
685 5715 967 5763 asserentes
1006 5703 1209 5759 Patrem
1236 5716 1282 5760 et
1314 5705 1557 5773 Spiritum
1590 5723 1706 5758 san-

1799 4557 2009 4611 cuniam
2062 4555 2377 4610 aestimabat.
2464 4554 2612 4608 Tuae
2668 4553 3037 4609 haereticorum
3090 4555 3378 4625 episc0pns

1804 4646 2073 4716 paululum
2103 4661 2160 4699 se
2186 4645 2421 4707 divertit,
2444 4643 2596 4712 quasi
2630 4643 2680 4697 itt
2709 4638 2902 4699 virtute
2930 4646 3375 4715 triumphaturus,

1801 4738 1972 4791 elatus
2005 4735 2233 4789 vanitate
2269 4748 2428 4802 atque
2464 4735 2731 4800 superbia,
2762 4735 2936 4803 posuit
2977 4752 3187 4789 manum
3224 4753 3375 4791 suam

1804 4841 1963 4892 super
1980 4824 2168 4877 oculos
2194 4824 2331 4891 eius,
2355 4823 2538 4876 dicens
2562 4839 2576 4877 :
2598 4824 2900 4877 Secundum
2927 4825 3079 4877 fidem
3118 4837 3375 4890 nostram,

1804 4928 1905 4986 qua
1939 4925 2082 4968 recte
2117 4916 2278 4968 licunt
2318 4914 2608 4980 credimus,
2648 4918 2956 4981 aperiantur
2996 4916 3132 4969 oculi
3174 4917 3269 4970 tui.
3312 4918 3378 4970 Et

1807 5025 1927 5063 mox
1956 5016 2012 5061 ut
2040 5007 2140 5059 hoc
2177 5004 2327 5059 nefas
2358 5007 2551 5075 erupit,
2583 5009 2717 5061 risus
2745 5018 2976 5061 mutatur
3006 5007 3057 5059 in
3084 5007 3373 5073 planctum,

1807 5112 1862 5158 et
1907 5102 2059 5156 dolus
2094 5100 2333 5170 episcoid
2380 5111 2463 5154 est
2503 5099 2794 5169 patefactus
2842 5102 2893 5153 in
2942 5099 3153 5168 publico
3192 5113 3207 5151 :
3255 5115 3375 5155 nam

1808 5231 1939 5273 ctum
1963 5218 2189 5272 eamdem
2220 5216 2399 5268 habere
2420 5233 2531 5269 cum
2560 5214 2692 5268 Filio
2713 5216 2969 5269 deitatem.

1887 5288 1905 5327 ί
1953 5288 2204 5354 Baptismi
2247 5288 2504 5353 gratiam,
2548 5287 2848 5340 chrismatis
2889 5296 3190 5340 uncttonem
3238 5286 3380 5343 inter

1809 5359 1945 5413 bona
1976 5358 2289 5412 Christianis
2335 5373 2363 5409 a
2410 5358 2518 5411 Deo
2548 5356 2735 5409 collata
2784 5367 3027 5412 recenset
3072 5357 3375 5426 Salvianus,

1808 5430 2045 5499 ejusdem
2066 5430 2160 5481 aevi
2179 5439 2383 5489 auctor,
2408 5427 2496 5480 lib.
2526 5442 2585 5480 tit
2611 5428 2676 5479 de
2702 5426 3093 5499 Gubernatione
3119 5428 3233 5483 Dei.

1882 5511 1907 5548 ε
1937 5501 2024 5555 Sic
2048 5514 2178 5554 mss.
2196 5500 2260 5572 (εἰς
2288 5499 2592 5572 aiii,quinsi
2633 5498 2891 5572 catholica:
2914 5500 3195 5572 disciplina:
3214 5501 3381 5557 adhaa

1812 5574 1958 5627 reatis
1981 5587 2135 5640 ego...
2160 5571 2486 5625 obliviscor...
2511 5568 2742 5640 divellor.

1882 5640 1910 5678 δ
1940 5638 2098 5698 ου’τι).
2127 5642 2285 5697 habet
2310 5641 2502 5712 ubique
2536 5638 2880 5695 Viudimialis.
