3994 6194
636 262 734 317 1‘35

1617 255 1675 312 s.
1721 228 2050 311 GREGORII
2104 252 2403 313 EPISCOPI
2455 253 2890 315 TURONENSIS

3786 257 3897 314 ἰθὺ

629 388 658 418 ι
680 389 857 433 tantus
885 374 1039 431 dolor
1065 374 1247 429 oculos
1276 373 1454 429 miseri
1489 372 1630 426 illius
1658 373 1869 436 invasit,
1902 384 1959 427 ut
1995 388 2089 427 eos
2119 373 2203 427 di-
2230 379 2279 433 Α
2312 374 2577 439 pontificis
2598 374 2679 427 sui
2701 374 2757 427 in
2780 373 2880 427 hoc
2903 370 3111 425 scelere
3141 365 3307 423 fuisse
3344 365 3633 434 detectam,
3673 380 3895 429 satth

628 470 751 539 gitis
782 469 867 523 vix
904 467 930 506 δ
962 467 1360 536 comprimeret,
1394 481 1459 517 ne
1490 474 1791 533 creparent.
1836 465 2070 534 Denique
2098 467 2207 520 cla-

632 576 779 615 mare
804 561 966 627 coepit
993 560 1172 626 miser,
1204 573 1265 611 ac
1290 558 1471 611 dicere
1502 574 1513 608 :
1551 556 1638 610 Vae
1667 557 1794 611 mihi
1839 558 2055 622 misero,
2084 558 2206 626 quia

631 653 880 708 seductus
908 666 1025 705 sum
1054 650 1121 703 ab
1150 650 1362 704 inimico
1389 648 1520 719 legis
1542 647 1757 702 divinae.
1791 648 1882 702 Vas
1905 648 2055 711 mihi,
2085 651 2206 718 quia

631 743 798 798 Deum
842 758 936 811 per
973 741 1250 811 pecuniam
1293 740 1519 794 irridere
1552 739 1717 800 volui.
1747 749 1801 794 et
1827 741 2206 810 quinquaginta

633 848 826 888 aureos
849 834 1052 901 accepi,
1072 840 1129 886 ut
1152 832 1251 885 hoc
1269 829 1476 885 facinus
1497 840 1874 901 perpetrarem.
1898 831 1976 885 Ad
1998 834 2206 900 episco-

633 940 759 994 pum
794 934 971 978 autem
1007 924 1218 977 aiebat:
1242 922 1382 976 Ecce
1409 938 1595 976 aurum
1630 933 1799 988 tuum,
1834 923 1996 977 redde
2030 924 2207 978 lumen

634 1030 835 1087 meum,
867 1015 1005 1084 quod
1033 1014 1156 1068 dolo
1188 1024 1277 1067 tuo
1315 1013 1544 1082 perdidi.
1581 1014 1793 1081 Vosque
1820 1028 1973 1084 rogo,
2015 1014 2212 1084 glorio-

635 1108 831 1161 sissimi
854 1104 1165 1173 Christiani,
1208 1120 1277 1160 ne
1306 1105 1612 1175 despiciatis
1638 1107 1912 1171 miserunt,
1945 1106 2037 1159 sed
2060 1106 2212 1160 velo-

636 1199 773 1253 citer
813 1199 1109 1253 succurrite
1155 1200 1419 1267 pereunti.
1450 1197 1588 1253 Vere
1630 1199 1772 1252 enim
1816 1199 2060 1267 cognovi,
2087 1198 2212 1267 quia

637 1288 774 1343 Deus
798 1288 904 1361 ω
934 1305 1035 1342 ηοη
1061 1290 1301 1342 irridetur
1344 1287 1487 1359 (Gal.
1512 1305 1589 1354 vr,
1621 1288 1699 1359 7).
1751 1287 1898 1342 Tunc
1924 1290 2089 1343 sancti
2120 1289 2214 1342 Dei

639 1379 997 1434 misericordia
1027 1379 1156 1433 moti
1179 1395 1194 1434 :
1248 1378 1332 1444 Si,
1359 1381 1619 1449 inquiunt,
1647 1381 2031 1445 credis,.omma
2054 1382 2214 1448 possi-

638 1468 761 1522 bilia
800 1479 916 1523 sunt
960 1470 1186 1524 credenti
1229 1470 1417 1540 (Marc.
1454 1486 1526 1534 Ix,
1558 1470 1672 1539 22).
1720 1475 1791 1525 At
1836 1472 1926 1525 ille
1954 1472 2215 1524 clamabat

639 1574 768 1614 voce
788 1574 976 1629 magna
1002 1576 1015 1615 :
1039 1560 1140 1628 Qui
1170 1576 1274 1614 non
1303 1562 1589 1616 crediderit
1609 1558 2096 1620 Christum.Filium
2119 1560 2213 1613 Dei

641 1659 697 1704 et
737 1651 992 1719 Spiritum
1041 1661 1283 1706 sanctum
1332 1653 1588 1722 aequalem
1629 1653 1824 1707 habere
1859 1653 2214 1707 substantiam

2312 463 2405 519 Dei
2436 474 2555 532 post
2584 465 2745 517 multa
2785 472 3078 523 tormenta,
3108 468 3232 529 post
3257 459 3542 529 equuleos,
3577 470 3697 529 post
3725 461 3895 516 ﬂam-

2310 573 2443 621 tnas,
2480 566 2597 625 post
2622 556 2866 626 ungulas,
2886 555 3046 624 jussit
3092 551 3344 608 interﬁci.
3381 553 3602 608 Beatum
3627 568 3757 609 vero
3785 553 3927 609 ΙΞιισιΔ

2309 652 2522 720 genium
2570 649 2822 704 decollari
2867 647 3059 716 jussit,
3087 646 3189 701 sub
3237 660 3301 701 ea
3350 647 3552 715 specie,
3584 657 3643 700 ut
3671 648 3716 700 si
3748 647 3797 701 in
3827 661 3893 701 ea

2313 744 2441 797 hora
2465 758 2565 812 qua
2593 742 2737 797 ensis
2759 756 2922 810 super
2946 741 3210 795 cervicem
3237 739 3354 809 ejus
3386 739 3758 809 incumbebat,
3787 755 3894 795 non

2310 842 2669 889 reverteretur
2695 832 2763 886 ad
2803 831 3174 886 haereticorum
3220 839 3416 885 sectam
3437 871 3454 895 ,
3485 846 3592 884 non
3626 832 3899 885 occidere-

2313 938 2414 991 tur,
2448 942 2516 980 ne
2540 940 2660 981 eum
2694 939 2790 994 pro
2839 932 3074 993 martyre
3104 922 3413 976 exeolerent
3444 920 3769 986 Christiani,
3798 922 3896 974 sed

2312 1018 2500 1075 exsilio
2520 1017 2864 1071 damnaretur
2888 1033 2899 1066 :
2930 1013 3071 1083 quod
3099 1015 3167 1066 ita
3194 1013 3389 1067 factum
3412 1027 3533 1067 esse
3556 1009 3897 1067 manifestum

2314 1118 2415 1163 est.
2444 1109 2575 1162 Nam
2600 1124 2723 1162 cum
2755 1106 3052 1160 imminenti
3082 1116 3271 1167 morte,
3298 1105 3657 1172 interrogatus
3685 1104 3893 1162 fuisset,

2314 1201 2358 1253 si
2388 1200 2519 1253 mori
2549 1214 2643 1267 pro
2663 1200 2768 1253 ﬁde
2792 1197 3053 1252 catholica
3077 1197 3402 1258 destinaret,
3435 1194 3711 1263 respondit
3736 1212 3751 1248 :
3775 1194 3898 1250 Hzec

2315 1292 2455 1345 enim
2485 1298 2567 1344 est
2612 1290 2940 1358 sempiterna
2989 1289 3129 1356 vita,
3171 1302 3269 1357 pro
3304 1285 3512 1356 jttstitia
3560 1286 3720 1341 mori.
3753 1287 3898 1341 Tunc

2316 1395 2575 1448 suspenso
2606 1379 2800 1451 gladio,
2835 1378 2973 1448 apud
3007 1380 3351 1445 Albigensem
3385 1376 3683 1431 Galliarum
3710 1378 3896 1432 urbem

2316 1471 2501 1525 exsilio
2528 1471 2817 1539 deputatus
2855 1478 2977 1525 est:
3010 1469 3100 1523 ubi
3140 1476 3197 1523 et
3244 1468 3403 1522 ﬁnem
3445 1469 3571 1523 vita:
3619 1467 3900 1537 prmsentis

2318 1561 2440 1617 fecit
2461 1560 2513 1615 ά.
2544 1562 2624 1617 Ad
2650 1561 2802 1632 cujus
2832 1576 2972 1615 nunc
2998 1560 3300 1628 sepulcrum
3330 1559 3514 1613 multae
3541 1559 3765 1614 virtutes
3785 1574 3900 1615 cre-

2321 1655 2549 1708 berrime
2595 1654 2970 1708 ostenduntur.
3021 1650 3276 1707 Sanctum
3326 1665 3458 1706 vero
3503 1650 3891 1706 Vindemialem

651 1756 810 1811 atque
842 1743 1095 1798 deitatem
1143 1760 1261 1798 cum
1288 1744 1395 1800 Deo
1421 1745 1595 1810 Patre,
1641 1746 1799 1799 hodie
1825 1761 1943 1814 qua:
1972 1760 2071 1814 ego
2098 1760 2215 1814 per-
2247 1752 2290 1813 Β
2318 1746 2496 1817 gladio
2518 1746 2722 1816 percuti
2744 1746 3017 1817 praeepit.
3037 1745 3188 1813 Quod
3212 1746 3281 1798 ita
3308 1744 3586 1813 impletum
3610 1754 3696 1799 est
3718 1744 3772 1798 in
3800 1743 3902 1798 hoc

641 1834 757 1889 fero
787 1835 1033 1899 patiatur.
1083 1835 1147 1888 Et
1169 1834 1364 1905 adjecit
1389 1854 1401 1888 :
1432 1837 1603 1889 Credo
1624 1836 1789 1890 Deum
1808 1836 2017 1890 Patrem
2045 1836 2218 1890 omni-

642 1934 934 1993 potentem,
958 1925 1117 1979 credo
1139 1925 1328 1980 Filium
1352 1927 1442 1981 Dei
1464 1926 1736 1982 Christum
1757 1925 1937 1982 Jesunt
1957 1928 2215 1997 aequalem

644 2014 809 2077 Patri,
842 2017 1002 2071 credo
1033 2016 1285 2087 Spiritum
1316 2027 1555 2073 sanctum
1589 2020 1729 2074 Patri
1759 2029 1814 2073 et
1833 2019 1968 2074 Filio
1996 2021 2220 2075 consub-

643 2108 943 2163 stautialem
986 2118 1146 2178 atque
1187 2120 1529 2164 coaeternum.
1568 2110 1690 2165 [lare
1734 2110 1807 2165 illi
1835 2112 2134 2180 audientes,
2166 2121 2220 2166 et

642 2213 703 2252 se
733 2198 959 2253 invicem
992 2199 1195 2255 honore
1230 2210 1413 2255 mutuo
1445 2206 1851 2271 prazvenientes,
1878 2206 2049 2258 oritur
2076 2206 2220 2260 inter

642 2305 737 2344 eos
766 2304 948 2345 saneta
979 2293 1283 2361 contentio,
1322 2293 1439 2362 quis
1470 2284 1787 2364 oculis'ejus
1814 2296 2021 2365 signum
2048 2297 2218 2353 beatae

642 2385 815 2436 crucis
846 2383 1164 2451 imponeret.
1197 2382 1546 2438 Vindemialis
1576 2401 1704 2441 vero
1733 2403 1794 2440 ac
1819 2386 2087 2457 Longinus
2117 2390 2219 2444 Eu-

641 2473 879 2542 genium,
908 2476 996 2529 ille
1022 2486 1199 2530 autem
1231 2486 1447 2531 econtra
1479 2492 1572 2533 eos
1596 2490 1787 2533 exorat
1826 2492 1879 2533 ut
1905 2495 2092 2534 manus
2124 2482 2223 2535 im-

645 2575 908 2633 ponerent
936 2580 1099 2621 ca'co.
1148 2568 1298 2634 Quod
1329 2584 1449 2623 cum
1492 2569 1764 2639 fecissent,
1796 2581 1851 2625 et
1880 2588 2068 2627 manus
2098 2589 2222 2629 suas

649 2670 811 2725 super
840 2667 997 2728 caput
1022 2660 1139 2727 ejus
1176 2672 1442 2727 tenerent,
1474 2673 1693 2718 sanctus
1723 2663 1985 2733 Eugenius
2010 2679 2221 2720 crucem

641 2763 804 2815 super
841 2749 1025 2804 oculos
1062 2750 1190 2806 caici
1236 2752 1457 2815 faciens,
1487 2754 1599 2807 ait:
1628 2753 1684 2807 ln
1715 2754 1929 2807 nomine
1960 2754 2129 2810 Patris
2171 2766 2225 2811 et

644 2840 763 2895 Filii
791 2851 845 2896 et
869 2843 1097 2910 Spiritus
1126 2845 1294 2898 sancti
1330 2843 1443 2899 veri
1478 2843 1589 2909 Dei,
1615 2860 1776 2914 quem
1810 2847 2005 2899 trinum
2036 2846 2085 2901 iu
2119 2864 2222 2901 una

640 2933 942 3002 mqualitate
970 2944 1127 3002 atque
1149 2936 1529 3005 omnipotentia
1560 2939 1895 3003 confitemur,
1922 2940 2226 3007 aperiantur

641 3027 779 3081 oculi
813 3028 907 3081 tui.
939 3029 1001 3082 Et
1024 3031 1203 3083 statim
1230 3030 1411 3085 ablato
1440 3031 1647 3098 dolore,
1670 3032 1734 3085 ad
1758 3032 2035 3101 pristinam
2068 3033 2226 3088 rediit

2319 1841 2631 1894 certamine.
2663 1839 2984 1893 Octavianus
3012 1852 3139 1893 vero
3183 1837 3609 1904 archidiaconus,
3643 1846 3699 1892 et
3729 1838 3900 1890 multa

2319 1932 2485 1989 millia
2515 1931 2748 1985 virorum
2770 1945 2834 1984 ac
2860 1930 3139 1984 mulierum
3165 1927 3305 1983 hanc
3328 1927 3486 1982 ﬁdem
3506 1926 3867 1983 asserentium
3885 1968 3903 1992 ,

2321 2030 2638 2091 interempta
2666 2032 2823 2090 atque
2851 2020 3123 2076 debilitata
3151 2028 3296 2075 sunt.
3321 2018 3428 2075 Sed
3456 2034 3550 2088 pro
3574 2032 3763 2074 amore
3791 2020 3901 2088 glo-

2321 2115 2438 2179 ria},
2478 2114 2608 2168 nihil
2638 2122 2791 2169 erant
2819 2112 2934 2167 bzec
2962 2111 3220 2182 supplicia
3250 2111 3651 2167 confessoribus
3674 2112 3899 2176 sanctis.

2320 2206 2409 2277 qui
2435 2207 2487 2260 in
2520 2206 2701 2273 paucis
2731 2205 2938 2269 vexati,
2963 2204 3015 2257 in
3047 2204 3230 2259 multis
3258 2204 3396 2259 bene
3418 2217 3477 2258 se
3510 2214 3772 2259 noverant
3793 2204 3900 2258 dis-

2322 2301 2593 2371 ponendos
2625 2300 2795 2367 (Sap.
2830 2313 2924 2362 tu,
2952 2297 3043 2367 5),
3086 2297 3239 2365 juxta
3283 2297 3412 2351 illud
3452 2298 3734 2366 Apostoli:
3770 2299 3899 2364 Quia

2322 2411 2422 2447 non
2448 2401 2565 2446 sunt
2608 2391 2873 2461 condignae
2903 2389 3159 2457 passiones
3200 2388 3353 2458 ltusz
3384 2388 3623 2455 temporis
3648 2388 3716 2440 ad
3756 2390 3898 2457 {utu-

2320 2500 2431 2536 ram
2459 2482 2704 2553 gloriam,
2727 2496 2839 2547 qua:
2859 2480 3108 2534 revelatur
3133 2480 3187 2533 in
3214 2478 3404 2532 sanctis
3433 2478 3610 2547 (Rom.
3636 2493 3758 2545 vui,
3786 2477 3893 2547 18).

2323 2572 2470 2626 Multi
2511 2583 2634 2626 tunc
2682 2581 2926 2626 errantes
2970 2585 2999 2624 a
3035 2569 3159 2635 ﬁde,
3189 2570 3514 2637 accipientes
3555 2569 3790 2635 divitias,
3822 2570 3897 2624 in-

2322 2672 2606 2718 seruerunt
2634 2677 2693 2717 se
2724 2660 2997 2716 doloribus
3028 2660 3208 2716 multis
3234 2676 3247 2714 :
3279 2661 3417 2715 sicut
3457 2660 3637 2715 infelix
3668 2660 3758 2715 ille
3784 2661 3897 2730 epi-

2325 2771 2538 2824 scopus,
2566 2754 2781 2809 nomine
2809 2754 3128 2817 Revocatus,
3156 2766 3222 2807 eo
3248 2761 3490 2820 tempore
3515 2760 3599 2806 est
3622 2763 3898 2807 revocatus

2323 2864 2351 2900 a
2382 2848 2485 2901 ﬁde
2515 2847 2797 2903 catholica.
2828 2846 2979 2900 Tunc
3005 2854 3027 2880 θ
3057 2854 3111 2900 ει
3138 2845 3219 2900 sol
3260 2855 3396 2899 teter
3436 2845 3715 2914 apparuit,
3746 2845 3815 2899 ita
3845 2853 3898 2898 ut

2323 2940 2409 2993 vix
2437 2942 2505 2991 ab
2535 2954 2599 2992 eo
2632 2952 2753 3007 pars
2782 2939 2865 2993 vel
2897 2937 3051 2992 tertia
3089 2937 3323 2991 eluceret
3349 2952 3364 2989 :
3394 2936 3579 3002 credo,
3614 2952 3711 3005 pro
3743 2938 3899 2991 tantis

2328 3030 2619 3086 sceleribus
2646 3038 2701 3084 et
2727 3029 2988 3085 eﬁ'usione
3017 3029 3289 3099 sanguinis
3316 3029 3641 3085 innocentis.
3676 3030 3899 3085 Honori-

640 3118 938 3172 sanitatem.
960 3118 1385 3175 Manifestissime
1405 3132 1581 3176 autem
1611 3124 1779 3191 patuit
1806 3137 1899 3191 per
1927 3122 2083 3190 huius
2113 3139 2218 3175 (τίιι-
2251 3125 2296 3187 C
2326 3138 2421 3177 cus
2469 3136 2595 3176 vero
2623 3131 2743 3191 post
2775 3132 2979 3175 tantum
3012 3121 3237 3185 facinus,
3269 3130 3515 3189 arreptus
3560 3136 3589 3176 a
3635 3122 3897 3189 daemone,

639 3210 884 3275 citatem,
913 3212 1139 3279 qualiter
1172 3214 1544 3268 luereticorum
1586 3216 1868 3285 episcopus
1896 3217 2079 3270 oculos
2101 3230 2222 3270 cor—

641 3301 787 3356 dium
815 3303 1012 3359 misero
1038 3307 1351 3362 assertionis
1393 3324 1505 3363 suae
1532 3309 1743 3365 velabat
1785 3311 2004 3375 amictu,
2035 3326 2103 3366 ne
2126 3325 2216 3365 ve-

640 3411 753 3451 ram
781 3395 951 3452 lucem
981 3397 1069 3453 ulli
1103 3398 1285 3455 liceret
1304 3398 1425 3456 ﬁdei
1453 3401 1622 3457 oculis
1647 3402 2013 3473 contemplari.
2045 3403 2089 3456 0
2116 3403 2218 3457 mi-

642 3505 843 3555 serum,
893 3491 983 3561 qui
1029 3508 1134 3546 non
1181 3492 1453 3562 ingressus
1502 3512 1595 3565 per
1636 3498 1872 3565 januam,
1928 3499 1981 3553 id
2026 3509 2108 3554 est
2129 3513 2221 3568 per

642 3578 935 3645 Christum,
954 3584 1040 3653 qui
1062 3593 1146 3639 est
1166 3584 1327 3655 janua
1355 3600 1500 3650 vera,
1524 3584 1678 3654 lupus
1698 3587 1868 3657 magis
1895 3588 2042 3658 gregi
2062 3603 2217 3656 quam

643 3685 825 3728 custos
852 3674 1071 3730 effectus
1092 3689 1204 3744 est;
1237 3687 1293 3732 et
1317 3692 1502 3748 pacem
1535 3688 1557 3715 ο
1591 3678 1711 3733 ﬁdei
1735 3696 1891 3749 quam
1920 3682 1969 3734 in
1996 3681 2219 3735 creden-

642 3763 772 3818 tium
805 3765 1051 3821 cordibus
1084 3766 1342 3837 debuerat
1390 3769 1707 3833 acccndere.
1740 3772 1999 3839 pravitate
2038 3771 2219 3825 cordis

642 3860 723 3910 sui
750 3857 1043 3913 eonabatur
1072 3861 1435 3931 exstinguere.
1460 3861 1642 3917 Sancti
1673 3878 1799 3917 vero
1822 3864 1911 3917 Dei
1942 3865 2042 3918 alia
2070 3866 2214 3933 signa

642 3950 695 4002 in
727 3950 932 4019 populis
959 3952 1122 4006 multa
1154 3952 1416 4033 fecerunt,
1446 3965 1499 4008 et
1525 3964 1639 4009 erat
1667 3970 1769 4008 vox
1796 3970 1898 4008 una
1928 3955 2105 4024 populi
2134 3955 2219 4009 di-

642 4046 815 4098 centis
842 4063 856 4099 :
892 4046 1058 4100 \‘erus
1089 4046 1227 4100 Deus
1256 4046 1434 4112 Pater,
1474 4060 1633 4101 verus
1662 4046 1798 4101 Deus
1828 4046 2010 4115 Filius,
2062 4063 2217 4103 verus

642 4133 783 4189 Deus
806 4137 1033 4205 Spiritus
1058 4149 1294 4202 sanctus,
1324 4153 1428 4192 una
1460 4137 1563 4192 ﬁde
1591 4138 1867 4203 colendus,
1895 4153 2001 4192 uno
2029 4139 2217 4194 timore

643 4230 979 4295 metuendus,
1008 4230 1302 4302 eodemque
1333 4232 1535 4286 honore
1562 4233 1913 4286 venerandus.
1946 4231 2076 4285 Nam
2098 4247 2216 4301 quae

643 4321 833 4390 Cyrola
871 4304 1083 4387 asserit,
1113 4322 1245 4377 falsa
1274 4339 1395 4379 esse
1423 4323 1633 4379 cunctis
1662 4332 1748 4378 est
1773 4322 2136 4377 manifestum.

2327 3219 2418 3285 qui
2450 3215 2540 3270 diu
2572 3216 2639 3270 de
2669 3224 2978 3268 sanctorum
3027 3214 3282 3283 sanguine
3313 3223 3492 3281 pastus
3541 3214 3743 3282 fuerat,
3776 3232 3897 3284 pro-

2327 3307 2453 3375 priis
2494 3321 2553 3360 se
2597 3306 2862 3358 morsibus
2911 3303 3183 3358 laniabat:
3217 3303 3267 3356 in
3315 3317 3422 3372 quo
3459 3303 3619 3357 etiam
3664 3306 3899 3358 cruciatu

2326 3398 2483 3451 vitam
2514 3396 2781 3467 indignam
2805 3394 2948 3464 justa
2980 3405 3154 3450 morte
3196 3394 3387 3448 ﬁnivit.
3413 3394 3546 3449 Huic
3572 3393 3899 3450 Childericus

2330 3488 2350 3528 ί
2380 3492 2666 3553 successit.
2700 3504 2805 3558 quo
2844 3489 3116 3553 defuncto,
3149 3486 3479 3542 Gelesimiris
3522 3502 3744 3558 regnum
3783 3504 3899 3543 sus-

2324 3584 2472 3643 cipit.
2519 3584 2636 3650 Ipse
2677 3596 2886 3652 quoque
2932 3596 2963 3635 a
3012 3578 3278 3650 republica
3309 3588 3334 3626 κ
3378 3591 3691 3650 superatus,
3736 3581 3899 3635 vitam

2328 3675 2789 3743 principatumque
2820 3672 2991 3727 ﬁnivit
3017 3690 3031 3727 :
3062 3680 3117 3726 et
3145 3672 3223 3726 sic
3268 3686 3486 3741 regnum
3535 3671 3732 3727 decidit
3762 3672 3901 3726 Van-

2324 3768 2591 3820 dalorum.

2397 3861 2498 3930 51
2534 3857 2619 3911 IV.
2651 3857 2823 3911 Multae
2853 3856 2995 3911 enim
3028 3857 3262 3911 hzcreses
3287 3870 3353 3910 eo
3393 3864 3632 3925 tempore
3662 3856 3755 3910 Dei
3802 3856 3901 3911 Ec-

2323 3953 2512 4006 clesias
2541 3948 2948 4020 impugnabant,
2976 3949 3043 4002 de
3084 3949 3277 4017 quibus
3304 3950 3618 4017 plerumque
3659 3948 3790 4002 ultio
3819 3951 3898 4002 di-

2323 4046 2442 4097 vina
2474 4043 2599 4098 data
2628 4053 2728 4097 est.
2770 4042 2901 4096 Nam
2947 4050 3004 4096 et
3042 4040 3393 4095 Athanaricus
3444 4038 3763 4093 Gotthorum
3807 4054 3900 4095 rex

2322 4152 2567 4206 magnam
2620 4134 2872 4190 excitavit
2900 4132 3320 4201 persecutionem
3353 4150 3367 4185 :
3400 4130 3490 4201 qui
3520 4132 3715 4187 multos
3742 4131 3899 4187 Citri-

2322 4231 2645 4291 stiaoorum,
2673 4226 2905 4280 diversis
2936 4229 3108 4293 pmnis
3134 4225 3374 4287 alfectos,
3407 4224 3586 4296 gladio
3613 4223 3899 4279 detrunca-

2323 4323 2443 4387 hat;
2473 4321 2566 4375 sed
2598 4318 2622 4356 δ
2651 4327 2708 4374 ει
2735 4319 3021 4373 nonnullos
3050 4318 3239 4372 exsilio
3262 4317 3434 4384 datos,
3466 4320 3601 4371 fame
3632 4318 3900 4388 variisque

2321 4412 2641 4467 cruciatibus
2664 4411 2942 4466 enecabat.
2969 4410 3121 4467 Unde
3146 4411 3341 4465 factum
3367 4418 3478 4476 est,
3504 4421 3560 4464 ut
3587 4411 3899 4467 imminente

714 4473 911 4530 “dens
935 4486 1112 4583 “Et?”
1144 4477 1441 4583 “Pnf’ricus
1467 4494 1592 4583 "ff,
1623 4478 1944 4583 θξδθτίίΫηῗδ
1969 4493 2091 4534 suas
2240 4512 2292 4572 Β
2313 4504 2513 4573 judicio
2563 4504 2689 4568 Dei,
2732 4518 2830 4573 pro
2869 4503 3128 4557 effusione
3170 4502 3445 4571 sanguinis
3480 4501 3611 4572 justi
3659 4518 3689 4556 a
3734 4519 3898 4574 regno

642 4583 668 4622 s
687 4581 945 4624 unctorum
969 4572 1126 4626 ﬁdem
1151 4572 1434 4641 gloriosam
1457 4572 1629 4627 taliter
1649 4570 1935 4637 denudari,
1960 4586 2056 4625 nec
2080 4571 2208 4642 erigi

642 4674 840 4719 sectam
871 4665 1090 4733 erroris,
1124 4665 1219 4721 sed
1247 4668 1419 4735 potius
1459 4667 1691 4735 destrui,
1735 4665 2078 4736 fraudemque
2104 4665 2211 4737 50

715 4829 740 4857 ⁸
771 4818 903 4874 Cod.
928 4820 1128 4875 Bellov.
1153 4822 1359 4875 caeteris
1385 4821 1585 4876 avulsis
1613 4820 1796 4890 incipit
1815 4822 1883 4877 ab
1907 4824 1986 4877 his
2009 4821 2206 4886 verbis,

641 4894 925 4961 patefactus
954 4894 1007 4945 in
1033 4892 1253 4962 publica.
1285 4894 1415 4946 'l‘um
1447 4909 1565 4962 qua:
1593 4908 1886 4962 sequuntur
1932 4909 2099 4961 usque
2142 4896 2208 4946 ad

646 4969 759 5019 haec
787 4964 973 5027 verba,
1006 4962 1145 5016 Tunc
1175 4964 1335 5016 sancti
1372 4962 1492 5027 Dei,
1522 4963 1716 5017 desunt
1757 4966 1809 5017 in
1851 4964 2037 5018 eodem
2083 4966 2205 5017 cod.

644 5036 810 5090 Porro
832 5034 1020 5088 similis
1058 5035 1178 5087 huic
1207 5034 1433 5087 Historia
1468 5035 1755 5100 Leovigildi
1799 5035 2126 5103 temporibus
2160 5040 2209 5087 in

648 5107 894 5176 llispania
917 5107 1169 5174 contigit,
1192 5120 1348 5176 quam
1376 5115 1554 5160 narrat
1579 5122 1691 5176 ipse
1712 5105 1995 5175 Gregorius
2019 5106 2113 5159 lib.
2146 5106 2213 5159 de

646 5178 821 5231 Gloria
848 5178 1024 5241 (Ionii,
1055 5193 1174 5245 cap.
1202 5175 1289 5230 15.

714 5249 741 5328 ξι
772 5249 980 5318 Regtn.,
1012 5251 1060 5303 vi
1098 5249 1464 5319 comprimeret.
1494 5245 1699 5313 Casin.,
1730 5246 1901 5319 digitis
1928 5247 2034 5300 suis
2075 5262 2213 5300 com-

683 5331 897 5372 rtmeret.

683 5335 897 5372 "meret.

645 5335 677 5383 Ρ
720 5398 740 5459 ἐ
777 5388 929 5459 Del|.,
956 5392 1164 5459 faciem,
1188 5405 1284 5457 pro
1314 5391 1504 5457 farm,
1524 5390 1633 5445 nisi
1664 5390 1837 5444 fallor.

716 5456 742 5492 ά
776 5457 847 5530 De
876 5456 1130 5530 httgeniti,
1157 5456 1469 5528 casterisque
1492 5461 1581 5517 hic
1603 5477 1631 5513 a
1664 5460 1920 5529 Gregorio
1956 5459 2204 5522 laudatis,

646 5528 865 5581 rcusule
896 5528 1174 5583 Historiam
1224 5532 1607 5598 persecutionis
1654 5531 1952 5585 Vandalicas
1991 5546 2019 5581 a
2056 5531 2207 5583 nobis

646 5598 870 5661 editam,
900 5615 1017 5667 cap.
1043 5604 1096 5664 8,
1129 5600 1217 5654 ubi
1264 5602 1379 5653 fuse
1407 5603 1475 5653 de
1506 5604 1587 5656 his
1627 5605 1853 5670 egimus,
1884 5610 1936 5655 et
1978 5601 2044 5655 de
2092 5607 2207 5669 ejus

645 5671 889 5755 sepulcro
918 5671 1471 5755 propeAlbigensiunt
1502 5676 1711 5729 urbem.

718 5749 743 5774 ⁸
772 5740 923 5797 Anno
948 5739 1092 5809 430;"
1120 5740 1362 5810 sequenti
1393 5755 1517 5797 vero
1559 5752 1863 5803 Hunnorum
1914 5747 1967 5799 in
2011 5742 2205 5798 Gallias

2316 4594 2690 4663 expelleretur,
2719 4604 2773 4648 et
2799 4605 2943 4649 esset
2986 4593 3138 4652 exsul
3181 4608 3211 4647 a
3243 4593 3431 4661 patria,
3460 4594 3549 4662 qui
3583 4592 3679 4646 Dei
3709 4592 3897 4650 Eccle-

2316 4687 2425 4743 sias
2452 4687 2810 4756 impugnabat.
2837 4686 2985 4739 Nunc
3013 4699 3139 4739 vero
3160 4685 3227 4737 ad
3254 4682 3532 4753 superiora
3557 4682 3866 4738 redeamus.

2319 4823 2664 4891 irruptionem
2710 4824 3000 4892 contigisse
3055 4821 3240 4891 probat
3297 4819 3531 4888 Scaliger
3576 4817 3671 4873 lib.
3722 4833 3779 4872 vr
3827 4820 3894 4875 de

2321 4898 2542 4952 Ettiend.
2576 4908 2736 4959 temp.

2395 4965 2414 5004 τ
2450 4968 2603 5034 Reg.
2644 4966 2957 5029 llildcricus,
2982 4963 3122 5032 quod
3155 4963 3293 5016 idem
3322 4970 3431 5027 est;
3464 4974 3589 5034 nam
3613 4959 3730 5034 istis
3760 4970 3892 5034 tem-

2316 5031 2551 5107 poribus
2568 5037 2742 5090 littera
2768 5037 2807 5089 ll
2843 5034 3062 5107 perinde
3088 5034 3311 5107 sonabﬂat
3338 5047 3400 5087 ac
3424 5031 3747 5107 nostrisCh.
3777 5031 3895 5086 Ca:-

2320 5101 2488 5161 ierum
2517 5122 2621 5160 non
2652 5107 2751 5159 nisi
2783 5101 3139 5160 Guntabundo
3160 5113 3214 5158 et
3238 5101 3606 5157 Trasamundo
3637 5101 3896 5156 interme—

2317 5180 2419 5232 diis
2452 5179 2715 5232 Hunerieo
2744 5179 2876 5246 patri
2906 5192 3003 5229 suo
3031 5175 3291 5246 successit
3321 5173 3653 5235 Hildericus;
3698 5186 3801 5227 nec
3831 5189 3895 5246 eo

2317 5248 2588 5312 defuncto,
2628 5248 2719 5302 sed
2745 5244 2946 5315 ’ριιιειη
2988 5244 3272 5299 Gelisitner
3316 5244 3891 5315 regnumdoccupavit.

2318 5320 2515 5374 Eorum
2550 5312 2813 5371 fortunam
2847 5318 3135 5383 Procopius
3175 5325 3230 5367 et
3272 5315 3359 5368 alii
3390 5312 3721 5368 describunt.
3759 5312 3894 5369 Vide

2318 5390 2452 5445 llist.
2481 5399 2744 5457 persecut.
2774 5388 3070 5441 Vandalicze
3094 5400 3122 5436 a
3151 5385 3303 5457 nobis
3324 5385 3552 5457 editam,
3575 5398 3702 5457 cap.
3728 5385 3821 5457 ιε.

2390 5471 2414 5508 8
2450 5454 2503 5514 Id
2534 5470 2614 5515 est
2639 5476 2666 5513 a
2700 5460 2949 5514 Belisario
2989 5458 3193 5510 famoso
3219 5456 3353 5510 duce
3394 5454 3680 5510 Justiniaui
3724 5456 3895 5526 impe-

2311 5542 2525 5586 1⁸⁵8101⁸18.

2389 5600 2417 5638 h
2450 5606 2571 5655 Haec
2591 5615 2755 5670 usque
2776 5598 2839 5653 ad
2865 5598 2996 5670 unde
3015 5597 3208 5652 desunt
3230 5592 3287 5650 in
3305 5612 3433 5670 mss.
3454 5596 3509 5670 2.
3537 5595 3707 5670 Porro
3727 5596 3895 5650 Atha-

2313 5674 2476 5726 narici
2506 5666 2924 5738 persecutionem
2952 5669 3272 5735 descriptam
3305 5668 3469 5738 habes
3492 5668 3544 5718 iu
3571 5666 3728 5738 Actis
3749 5684 3895 5738 mare

2316 5754 2487 5806 tyrum
2509 5736 2756 5807 Sint-eris,
2784 5758 2900 5811 pag.
2926 5743 3049 5805 670,
3076 5741 3162 5792 ubi
3184 5742 3254 5794 de
3276 5739 3333 5793 S.
3360 5736 3494 5791 Saba
3517 5736 3583 5789 ad
3609 5752 3737 5793 ann.
3764 5737 3891 5801 572,
