3994 6194
170 229 250 284 \‘i‘i
1032 228 1345 286 HISTORIA
1383 230 1825 286 FBANCORUM.
1871 230 2074 285 LIBER
2110 229 2487 288 SECUNDUS.

3307 235 3408 291 198

232 329 294 386 V.
317 327 486 402 igitur
507 342 703 383 rumor
724 335 842 383 erat
866 324 1085 380 Chunos
1106 333 1134 363 ⁸
1166 326 1217 378 in
1241 324 1437 380 Gallias
1462 325 1603 379 velle
1631 340 1751 394 pro-
1774 333 1825 386 Α
1853 326 2135 391 accedens,
2169 326 2375 380 modica
2406 327 2640 393 pulsatus
2668 324 2813 381 febre
2842 328 3062 383 recessit
3086 343 3115 382 a
3143 342 3363 398 corpore
3388 347 3405 388 :

195 438 426 493 rumpere.
468 421 603 476 Erat
647 429 831 474 autem
873 426 999 472 tunc
1029 418 1283 486 temporis
1326 416 1465 485 apud
1496 417 1741 485 Tungros

195 515 409 583 oppidum
452 509 743 565 Aravatius
774 508 800 545 δ
843 507 1053 563 eximiae
1093 507 1392 561 sanctitatis
1435 506 1737 575 episcopus,

191 608 261 675 qui
287 604 471 674 vigiliis
513 617 577 656 ac
623 600 839 671 ieiuniis
886 613 1101 664 vacans,
1150 598 1339 652 crebro
1388 599 1737 669 lacrymarum

186 696 331 749 imbre
371 692 640 762 perfusus,
675 688 885 743 Domini
934 689 1351 743 misericordiam
1399 689 1732 758 precabatur,

180 803 235 841 ne
276 799 502 853 unquam
531 791 744 851 gentem
776 780 910 833 hanc
940 778 1299 845 incredulam,
1331 793 1498 848 seque
1525 793 1738 849 semper

173 875 448 946 indignam,
471 874 525 927 iu
551 872 755 927 Gallias
780 870 962 924 venire
990 869 1339 938 permitteret.
1371 869 1477 924 Sed
1500 871 1737 924 sentiens

169 984 257 1037 per
282 967 567 1035 spiritum,
602 978 697 1032 pro
718 962 925 1016 delicuis
956 959 1168 1029 populi,
1200 960 1300 1015 sibi
1329 959 1428 1014 hoc
1450 974 1556 1013 non
1578 959 1738 1015 fuisse

160 1072 473 1112 concessum
493 1099 507 1122 ,
536 1054 817 1108 consilium
847 1052 1030 1105 habuit
1057 1050 1340 1119 expetendi
1374 1060 1397 1089 ο
1423 1051 1606 1105 urbem
1633 1050 1739 1104 Ro-

156 1165 403 1212 manam;
436 1147 678 1210 scilicet,
705 1155 762 1198 ut
790 1143 1051 1211 atljunctis
1072 1142 1176 1197 sibi
1201 1143 1505 1210 apostolica:
1526 1143 1736 1197 virtutis

152 1239 489 1309 patrociniis,
520 1252 640 1304 quae
688 1235 957 1287 humiliter
1000 1233 1067 1286 ad
1112 1233 1394 1286 Dominum
1435 1231 1735 1302 ﬂagitabat,

152 1338 457 1382 mereretur
490 1327 698 1380 facilius
722 1325 984 1379 obtinere.
1018 1325 1293 1377 Accedens
1330 1338 1457 1394 ergo
1485 1324 1551 1376 ad
1596 1326 1735 1381 beati

148 1419 386 1486 apostoli
436 1416 729 1481 tumulum,
762 1415 1144 1482 deprecabatur
1177 1414 1430 1467 auxilium
1482 1414 1737 1469 bonitatis

140 1510 291 1578 ejus,
321 1510 381 1563 in
421 1510 587 1562 multa
618 1508 957 1569 abstinentia,
989 1503 1216 1556 maxima
1250 1504 1422 1557 inedia
1453 1518 1513 1557 se
1539 1518 1738 1557 consu-

140 1615 345 1664 mens;
378 1600 451 1653 ita
480 1607 534 1651 ut
562 1597 724 1651 biduo
771 1594 1050 1661 triduoque
1078 1593 1194 1648 sine
1224 1594 1333 1647 ullo
1358 1593 1477 1647 cibo
1502 1603 1739 1663 potuque

136 1699 440 1755 maneret,
470 1702 574 1742 nec
613 1694 757 1740 esset
796 1685 1126 1739 intervallum
1170 1683 1412 1750 aliquod,
1457 1683 1507 1736 in
1539 1700 1642 1752 quo
1670 1683 1737 1738 ab

134 1784 401 1836 aratione
427 1778 687 1835 cessaret.
719 1777 959 1845 Cumque
985 1776 1058 1851 ibi
1091 1789 1182 1843 per
1209 1774 1494 1828 multorum
1528 1775 1735 1828 dierum

135 1874 317 1944 spatia
344 1873 403 1927 in
434 1872 525 1925 tali
553 1870 843 1924 afﬂictione
871 1877 1189 1933 moraretur,
1222 1866 1388 1920 fertur
1409 1866 1509 1920 hoc
1528 1881 1557 1919 a
1584 1866 1739 1920 beato

135 1964 399 2033 apostolo
426 1961 703 2028 accepisse
732 1973 1045 2028 responsum
1070 1974 1084 2009 :
1116 1957 1249 2023 Quid
1283 1971 1386 2018 me.
1410 1957 1490 2010 vir
1515 1959 1741 2012 sanctis-

137 2062 301 2119 sime,
340 2055 452 2124 52
495 2050 797 2120 inquietas?
828 2052 964 2104 Ecce
999 2050 1140 2102 enim
1184 2048 1322 2115 apud
1368 2048 1574 2101 Domini
1605 2048 1739 2102 deli-

136 2148 490 2204 berationem
535 2156 755 2213 prorsus
797 2143 1056 2194 sancitum
1084 2148 1167 2193 est
1203 2140 1418 2193 Chunos
1450 2140 1499 2191 in
1541 2139 1738 2194 Gallias

144 2239 438 2302 advenire,
466 2248 669 2303 easque
710 2234 942 2287 maxima
990 2241 1305 2299 teinpeState
1335 2230 1531 2285 debere
1576 2231 1740 2299 depo-

144 2330 347 2399 pulari.
380 2329 496 2381 Non
531 2328 693 2395 igitur
735 2339 887 2381 sume
916 2324 1193 2377 consilium
1216 2364 1231 2388 ,
1263 2322 1502 2376 accelera
1541 2324 1740 2376 veloci-

149 2433 253 2484 ter,
285 2420 477 2473 ordina
508 2418 726 2471 domum
759 2428 900 2470 tuam
922 2455 937 2481 ,
971 2416 1291 2484 sepulturam
1324 2430 1620 2483 compone:
1655 2430 1735 2469 re-

152 2514 305 2579 quire
336 2509 655 2562 linteamina
687 2506 907 2562 munda.
938 2505 1074 2559 Ecce
1104 2505 1245 2559 enim
1278 2505 1530 2576 migrabis
1557 2522 1587 2559 a
1618 2522 1735 2561 cor-

156 2613 305 2662 pore,
335 2613 436 2653 nec
466 2596 723 2651 videbunt
763 2594 904 2649 oculi
946 2596 1019 2648 tui
1065 2596 1204 2648 mala
1234 2610 1351 2664 quae
1383 2595 1574 2649 facturi
1614 2605 1739 2652 sunt

158 2690 325 2743 Cbuni
358 2692 412 2744 in
442 2688 651 2757 Galliis,
681 2689 819 2743 sicut
848 2688 1054 2742 locutus
1079 2699 1159 2742 est
1189 2688 1441 2742 Dominus
1476 2689 1614 2742 Deus
1642 2704 1738 2741 no-

163 2792 291 2835 ster.
326 2782 437 2836 lloc
463 2798 491 2834 a
522 2790 711 2835 sancto
738 2781 979 2847 apostolo
1019 2782 1255 2850 pontifex
1307 2795 1566 2849 responso
1610 2796 1735 2837 sus-

166 2891 333 2942 cepto,
366 2877 468 2931 iter
517 2875 817 2939 accelerat,
855 2873 1157 2942 Galliasque
1201 2873 1456 2927 velociter
1488 2874 1684 2941 repetit
1715 2891 1730 2926 :

171 2969 486 3037 veniensque
513 2968 577 3021 ad
610 2968 792 3021 urbem
819 2966 1180 3036 Tungrorum,
1209 2982 1325 3034 qua:
1354 2975 1507 3019 erant
1547 2981 1737 3020 neces-

1843 416 2161 486 ablutusque
2202 432 2231 470 a
2276 416 2541 479 fidelibus,
2569 417 2713 486 juxta
2757 420 2926 485 ipsum
2963 434 3206 491 aggerem
3240 421 3410 489 pnbn-

1842 523 1962 561 cum
1991 518 2072 560 est
2096 508 2355 573 sepultus.
2384 506 2547 574 Cujus
2578 509 2788 564 beatum
2818 525 3010 578 corpus
3036 512 3260 580 qualiter
3290 523 3410 581 post

1842 601 2127 655 multorum
2154 610 2447 667 temporum
2478 602 2645 669 spatia
2676 602 2746 656 sit
2777 603 3114 671 translatum,
3138 602 3190 659 in
3220 604 3355 661 libro
3381 603 3406 647 ί

1841 694 2217 749 Miraculorum
2241 694 2569 762 scripsimus.

1911 786 1999 839 Vl.
2032 786 2194 855 Igitur
2222 786 2392 839 Cbuni
2438 800 2465 836 a
2502 785 2787 839 Pannoniis
2832 786 3066 856 egressi,
3111 795 3166 841 ut
3195 787 3408 856 quidam

1839 876 2045 945 ferunt,
2079 877 2130 930 in
2174 877 2286 948 ipsa
2317 876 2484 930 sancti
2517 876 2730 929 Pascha:
2756 877 2930 944 vigilia
2953 915 2969 940 ,
2998 876 3064 930 ad
3098 877 3405 931 Mettensem

1840 970 2023 1024 urbem
2043 1008 2059 1031 ,
2092 967 2292 1037 reliqua
2339 966 2729 1035 depopulando,
2761 967 3106 1035 perveniunt,
3135 969 3412 1020 tradentes

1839 1059 2021 1115 urbem
2067 1059 2333 1121 incendio,
2360 1068 2414 1112 et
2454 1059 2702 1126 populum
2745 1058 2796 1111 in
2827 1072 2920 1111 ore
2947 1057 3109 1127 gladii
3139 1058 3410 1113 trucidan-

1841 1162 1942 1216 tes,
1992 1152 2243 1220 ipsosque
2289 1150 2596 1212 sacerdotes
2643 1150 2853 1203 Domini
2902 1158 3025 1204 ante
3066 1159 3407 1205 sacrosancta

1840 1244 1944 1314 53
1971 1241 2159 1295 altaria
2207 1241 2553 1310 perimentes.
2596 1239 2706 1293 Nec
2748 1238 3003 1293 remansit
3049 1238 3101 1293 in
3148 1253 3210 1293 ea
3259 1238 3409 1293 locus

1838 1332 2065 1395 inustus,
2097 1339 2288 1401 prater
2314 1331 2604 1384 oratorium
2631 1328 2771 1383 beati
2794 1328 3048 1398 Stephani
3078 1329 3235 1398 primi
3265 1344 3409 1383 mar-

1840 1423 1971 1493 tyris
1999 1438 2062 1476 ac
2100 1422 2293 1476 levitas.
2330 1420 2405 1475 De
2449 1436 2555 1489 quo
2596 1422 2851 1485 oratorio,
2883 1435 3004 1488 quas
3031 1434 3062 1472 a
3092 1419 3404 1489 quibusdam

1838 1512 2041 1575 audivi,
2077 1525 2293 1565 narrare
2322 1524 2428 1563 non
2458 1508 2659 1562 distuli.
2691 1509 2854 1563 Aiunt
2893 1510 3071 1574 enim,
3104 1508 3408 1578 priusquam

1840 1603 1892 1657 hi
1926 1602 2106 1656 hostes
2137 1600 2408 1665 venirent,
2440 1599 2638 1653 vidisse
2662 1613 2724 1653 se
2747 1601 2915 1653 virum
2948 1599 3158 1654 fidelem
3184 1598 3235 1653 in
3258 1599 3406 1665 visu,

1766 1714 1812 1772 Β
1839 1694 1990 1761 quasi
2036 1690 2398 1746 conferentem
2444 1704 2563 1743 cum
2614 1691 2809 1744 sanctis
2853 1689 3111 1758 apostolis
3143 1689 3302 1744 Petro
3342 1703 3407 1744 ac

1840 1782 2026 1849 Paulo,
2058 1782 2268 1835 beatum
2317 1780 2538 1834 levitam
2560 1777 2886 1848 Stephanum
2927 1779 2993 1834 de
3037 1779 3137 1833 hoc
3175 1778 3404 1844 excidio,

1839 1888 1902 1927 ac
1927 1873 2227 1926 dicentem:
2261 1872 2389 1934 Uro,
2424 1868 2624 1923 domini
2670 1870 2804 1931 mei,
2837 1877 2895 1923 ut
2937 1884 3042 1923 non
3086 1870 3407 1937 permittatis

1838 1964 2056 2018 obtentu
2084 1970 2260 2016 vestro
2299 1961 2610 2014 Mettensem
2655 1960 2841 2013 urbem
2868 1959 2936 2014 ab
2965 1959 3193 2014 inimicis
3221 1960 3406 2024 exuri,

1837 2054 1958 2124 quia
1993 2053 2140 2107 locus
2169 2053 2219 2105 in
2246 2066 2307 2104 ea
2334 2062 2417 2106 est
2447 2052 2498 2105 in
2529 2065 2634 2119 quo
2667 2051 2940 2119 parvitatis
2968 2065 3100 2105 mete
3134 2051 3347 2120 pignora
3377 2058 3405 2097 8

1837 2143 2219 2197 continentur:
2250 2140 2345 2195 sed
2396 2140 2572 2208 potius
2602 2140 2834 2193 sentiant
2873 2154 2933 2195 se
2984 2141 3161 2209 populi
3207 2139 3407 2210 aliquid

1838 2250 1923 2288 me
1955 2248 2108 2303 posse
2135 2248 2254 2287 cum
2286 2232 2530 2285 Domino.
2577 2230 2729 2296 Quod
2767 2231 2815 2285 si
2847 2240 3047 2285 tantum
3080 2231 3280 2286 facinus
3307 2246 3405 2300 po-

1836 2327 1944 2396 puli
1971 2326 2332 2395 supercrevit,
2362 2335 2419 2379 ut
2455 2324 2595 2378 aliud
2631 2324 2744 2379 lieri
2775 2338 2879 2377 non
2913 2325 3111 2391 possit,
3140 2324 3243 2379 nisi
3276 2323 3409 2378 civi-

1839 2428 1917 2472 tas
1943 2416 2178 2471 tradatur
2206 2417 2481 2480 incendio;
2512 2415 2698 2469 saltem
2730 2415 2812 2469 vel
2844 2414 2945 2468 hoc
2972 2414 3263 2469 oratorium
3294 2428 3399 2469 non

1837 2517 2124 2562 cremetur.
2155 2507 2249 2562 Cui
2290 2507 2364 2560 illi
2395 2507 2578 2560 aiunt:
2617 2506 2759 2560 Vade
2805 2506 2855 2560 in
2889 2520 3035 2573 pace,
3062 2504 3407 2560 dilectissime

1836 2598 2019 2665 frater,
2048 2598 2333 2651 oratorium
2368 2606 2567 2649 tantum
2603 2606 2747 2650 tuum
2778 2596 2982 2651 carebit
3012 2595 3276 2650 incendio.
3304 2596 3410 2650 Pro

1839 2689 1968 2743 urbe
2004 2704 2129 2742 vero
2159 2704 2262 2742 non
2291 2687 2674 2754 obtinebimus,
2706 2690 2827 2756 quia
2860 2687 3149 2741 Dominicae
3176 2688 3410 2741 sanctio-

1838 2780 1917 2832 nis
1944 2794 2104 2844 super
2128 2794 2243 2833 eam
2271 2779 2531 2832 sententia
2557 2777 2664 2847 jain
2699 2778 2975 2845 processit.
3006 2776 3231 2831 lnvaluit
3259 2777 3404 2831 enim

1836 2881 2112 2941 peccatum
2146 2872 2353 2940 populi,
2388 2882 2439 2924 et
2467 2870 2668 2923 clamor
2698 2868 2911 2922 malitiae
2954 2882 3137 2921 eorum
3164 2866 3409 2935 ascendig

1836 2979 2015 3020 coram
2049 2964 2158 3017 Deo
2189 2981 2201 3015 :
2234 2962 2355 3016 ideo
2398 2960 2582 3015 civitas
2628 2960 2741 3013 hmo
2768 2957 3090 3013 cremabitur
3132 2958 3402 3014 incendio.

172 3063 307 3114 saria
353 3061 637 3131 sepultura:
684 3074 864 3113 secum
914 3060 1069 3112 citius
1119 3059 1300 3113 levat:
1333 3057 1732 3127 valedicensque
1760 3077 1805 3139 ρ
1838 3056 1986 3110 Unde
2026 3055 2211 3123 procul
2238 3054 2397 3107 dubio
2444 3060 2559 3116 est,
2603 3052 2743 3119 quod
2794 3053 2980 3106 borum
3020 3051 3241 3106 obtentu
3272 3051 3406 3106 urbe

175 3154 393 3217 clericis,
430 3167 491 3207 ac
537 3152 759 3220 reliquis
809 3151 1018 3205 civibus
1067 3151 1230 3211 urbis,
1285 3152 1560 3201 denuntiat
1606 3164 1726 3201 cum

180 3240 296 3295 ﬂetu
337 3254 387 3297 et
430 3242 833 3307 lamentatione,
868 3240 988 3310 quia
1024 3256 1128 3293 non
1178 3242 1340 3292 visuri
1390 3248 1570 3293 essent
1602 3239 1734 3292 ultra

181 3331 354 3387 faciem
383 3334 538 3387 illius.
566 3334 635 3385 At
664 3333 739 3387 illi
766 3347 885 3385 cum
916 3328 1157 3385 ululatud
1193 3346 1382 3399 magno
1406 3341 1460 3384 et
1492 3330 1739 3399 lacrymis

182 3435 292 3474 eum
335 3433 729 3492 prosequentes,
780 3422 1148 3490 supplicabant
1196 3420 1381 3473 humili
1430 3436 1606 3489 prece,
1650 3420 1737 3473 di-

184 3524 384 3569 centes:
417 3514 491 3569 Ne
530 3514 874 3581 derelinquas
908 3528 1022 3579 nos,
1055 3524 1203 3582 pater
1244 3521 1459 3577 sancte;
1506 3528 1572 3566 ne
1601 3514 1738 3565 obli-

183 3604 388 3659 visearis
418 3606 619 3669 nostri,
664 3615 847 3673 pastor
874 3606 1031 3657 bone.
1070 3602 1174 3657 Sed
1206 3618 1324 3657 cum
1366 3618 1485 3656 eum
1531 3602 1741 3656 ﬂetibus

184 3710 421 3751 revocare
458 3714 561 3751 non
594 3705 834 3764 possent,
865 3705 1078 3763 aecepta
1107 3694 1475 3749 benedictione
1505 3711 1624 3749 cum
1655 3712 1742 3749 os.

182 3788 308 3843 culis
335 3791 625 3846 redierunt.
670 3790 766 3843 Hic
797 3803 922 3843 vero
961 3789 1027 3842 ad
1067 3787 1463 3857 Trajectenscm
1501 3797 1524 3824 ⁶
1556 3790 1739 3844 urbem

256 3928 282 3954 ⁸
312 3922 522 3990 Aliquot
552 3936 681 3975 mss.
703 3930 757 3974 et
778 3919 935 3983 editi,
968 3918 1169 3985 Hunos,
1201 3934 1295 3973 seu
1325 3918 1563 3983 Hunnus,
1601 3920 1739 3987 quod

178 3994 395 4057 perinde
419 4004 521 4046 est.
554 3992 609 4045 ln
640 3991 806 4059 Regio
836 4000 1010 4045 autem
1042 3992 1141 4044 hoc
1165 4002 1324 4058 caput
1349 4005 1468 4044 cum
1496 3992 1739 4059 sequenti

174 4066 341 4113 tleesl.

242 4131 269 4168 δ
293 4132 427 4185 Ι·Ἀὶιί
452 4131 564 4184 fere
587 4146 771 4184 omnes
796 4145 911 4185 cum
934 4132 1053 4183 cod.
1087 4129 1230 4192 B:-c.,
1257 4129 1535 4184 Seruilius.
1554 4129 1736 4194 Corb.,

165 4202 454 4255 Asaratms.
482 4204 651 4266 Quem
679 4216 798 4252 cum
828 4202 1020 4268 vulgati
1052 4213 1299 4253 auctores
1345 4215 1463 4253 enni
1496 4210 1742 4269 putarent

165 4288 284 4325 esse
311 4277 610 4327 Servatiuui
642 4272 976 4339 Tungrorum
1022 4270 1351 4334 antistitem,
1393 4275 1460 4322 ab
1500 4278 1736 4324 Athana-

164 4343 266 4405 sio,
297 4342 503 4397 Severo
532 4342 788 4408 Sulpicio,
819 4341 1041 4409 aliisque
1085 4344 1391 4394 auctoribus
1426 4342 1694 4394 laudatum
1720 4384 1733 4405 ,

160 4415 250 4492 qui
280 4414 517 4494 Syriodis
538 4413 1446 4506 §DTdiC8nSi,IALl‘il'llillellSi,ifilli“)
1474 4422 1526 4465 et
1552 4413 1739 4492 Agrip-
1774 4450 1820 4506 υ

160 4482 414 4547 pineusi,
445 4483 490 4536 si
532 4484 734 4535 sincera
780 4492 902 4534 sunt
931 4482 1087 4549 hujus
1131 4482 1343 4535 concilii
1391 4495 1538 4546 acta,
1572 4484 1735 4534 inter-

158 4554 287 4616 fuit;
316 4558 526 4607 cladem
561 4552 845 4605 Galliarum
870 4594 883 4615 ,
917 4567 1070 4620 quam
1101 4552 1183 4605 hic
1216 4551 1503 4621 Gregorius
1537 4552 1738 4606 llunnis

159 4628 391 4687 tribuit,
425 4625 491 4676 ad
546 4623 897 4675 Vanllalorum
946 4624 1275 4677 incursiones
1320 4625 1515 4676 referre
1562 4625 1737 4675 conati

154 4705 313 4758 sunt;
345 4697 443 4749 sed
474 4709 593 4748 cum
627 4709 690 4746 ex
725 4692 968 4746 omnibus
1011 4706 1139 4744 mss.
1172 4706 1305 4761 quos
1337 4693 1515 4746 videre
1562 4693 1735 4756 liCuit,

159 4770 352 4820 aniens
405 4765 688 4818 Becrensis
721 4764 826 4824 hic,
853 4773 906 4816 ct
935 4764 1119 4814 unicus
1147 4765 1266 4815 cod.
1293 4762 1526 4815 Clarom.
1558 4763 1610 4815 ili
1643 4764 1734 4815 lib.

154 4838 222 4889 de
257 4839 415 4890 Glor.
454 4834 636 4896 Conf.,
681 4848 798 4898 cap.
839 4833 939 4894 72,
973 4834 1236 4885 Servatins
1284 4834 1542 4897 habeant;
1588 4834 1739 4886 facile

155 4924 343 4959 eorum
388 4907 671 4959 sententiae
718 4904 1017 4967 subscribo,
1043 4906 1131 4970 qui
1162 4903 1278 4955 illos
1305 4918 1334 4955 a
1364 4918 1481 4957 sese
1512 4904 1735 4956 invicem

156 4977 567 5045 distinguendos
608 4989 726 5028 esse
765 4982 1010 5033 censent,
1042 4989 1264 5040 quorum
1292 4974 1437 5040 prior
1478 4972 1738 5045 Servatius

158 5044 359 5102 saeculo
410 5057 602 5112 quarto
646 5046 867 5105 vixerit;
907 5047 1171 5108 posterior
1220 5058 1367 5099 vero.
1397 5044 1462 5095 de
1504 5058 1606 5111 quo
1655 5044 1737 5096 hic

161 5132 337 5174 noster
364 5117 678 5186 Gregorius,
705 5117 1004 5176 Amantius,
1041 5130 1132 5167 seu
1154 5116 1547 5186 qunvatiusLut
1580 5115 1736 5186 habet

161 5187 336 5255 Corb.,
369 5205 464 5243 seu
480 5184 759 5249 v.4rvatius,
801 5195 857 5237 ut
894 5187 943 5237 in
976 5185 1109 5255 libro
1133 5184 1199 5236 de
1239 5185 1414 5238 Gloria
1454 5184 1737 5255 Confessi)-

165 5275 301 5326 rum,
324 5254 452 5327 cap.
485 5259 585 5318 72,
615 5260 756 5309 sicut
800 5265 851 5306 et
890 5256 1025 5327 apud
1075 5254 1449 5327 Fredegarium
1480 5256 1640 5327 etiam
1669 5254 1734 5327 _in

171 5324 377 5385 vetustis
402 5324 534 5385 mss.
564 5328 783 5395 legitur,
815 5326 1129 5393 appellatus,
1157 5326 1353 5377 saeculo
1375 5326 1635 5395 sequenti.
1666 5324 1737 5378 De

176 5400 260 5455 hac
281 5418 335 5455 re
356 5403 603 5456 Valesius
624 5393 745 5451 inse
768 5396 875 5462 agit
899 5412 947 5446 in
974 5396 1125 5447 Praei.
1153 5396 1278 5447 toini
1307 5394 1343 5447 ll
1361 5396 1564 5452 llistor.
1585 5393 1738 5447 Fran-

174 5484 361 5539 corum,
396 5476 485 5525 ubi
523 5471 667 5525 duos
704 5466 951 5539 admittit.
990 5462 1211 5539 Unicum
1257 5479 1397 5539 vero
1432 5464 1594 5539 fuisse
1623 5467 1739 5539 plu:

176 5548 295 5599 ribus
322 5534 555 5613 probare
589 5534 1225 5613 conatur“lienschenius
1255 5536 1318 5587 ad
1338 5537 1490 5613 diem
1526 5534 1589 5587 lii
1618 5536 1735 5587 Maii

173 5606 373 5672 livillanii.
404 5618 543 5670 Cum
583 5611 717 5662 huic
744 5606 1036 5657 ilil‘licnltati
1071 5606 1397 5658 illustrandae
1440 5620 1612 5658 essent
1646 5620 1736 5657 oc-

172 5702 367 5758 tupaius,
390 5682 647 5744 occurrit
673 5675 813 5732 mihi
836 5676 967 5729 inter
982 5675 1112 5730 alios
1132 5677 1346 5730 codices
1363 5674 1503 5730 Corb
1524 5676 1711 5727 -ienses

1840 3159 2041 3201 vastata
2059 3189 2073 3211 ,
2098 3146 2387 3200 oratorium
2416 3144 2707 3213 permansit
2734 3144 2973 3197 ilhcsum.

1908 3237 2018 3291 Vll.
2060 3237 2219 3290 Attila
2250 3251 2380 3288 vero
2432 3234 2739 3288 Chunorum
2771 3249 2882 3297 rex,
2917 3248 2945 3286 a
2996 3233 3236 3288 Mettensi
3268 3234 3401 3289 urbe

1838 3328 2138 3398 egrediens,
2171 3344 2288 3382 cum
2315 3328 2508 3381 multas
2538 3326 2827 3382 Galliarum
2861 3328 3102 3381 civitates
3131 3329 3407 3397 opprime-

1839 3430 1943 3484 ret,
1974 3421 2277 3475 Aurelianis
2299 3421 2630 3490 aggreditur,
2664 3434 2887 3490 eamque
2916 3421 3148 3474 maximo
3182 3421 3409 3475 arietum

1839 3513 2066 3581 impulsu
2097 3512 2280 3565 nititur
2308 3527 2637 3581 expugnare.
2667 3512 2793 3565 Erat
2839 3521 3014 3566 autem
3058 3527 3123 3565 eo
3170 3522 3411 3579 tempore

1840 3603 2186 3657 beatissimus
2216 3604 2476 3667 Anianus,
2511 3605 2562 3657 in
2594 3603 2899 3671 supradicta
2946 3603 3079 3657 urbe
3108 3604 3411 3672 episcopus,

1840 3697 1924 3749 vir
1952 3697 2163 3749 eximia:
2194 3694 2508 3764 prudentiae,
2546 3710 2609 3748 ac
2655 3694 2931 3749 laudabilis
2969 3694 3285 3759 sanctitatis,
3315 3709 3412 3747 cu-

1838 3786 1927 3855 jus
1978 3786 2226 3839 virtutuin
2257 3796 2406 3855 gesta
2456 3785 2730 3840 nobiscum
2765 3785 2992 3839 fideliter
3038 3785 3331 3839 retinentur
3358 3780 3410 3840 δ.

1843 3921 1928 3990 qui
1956 3921 2009 3975 in
2041 3929 2273 3975 nostram
2302 3921 2469 3985 sancti
2503 3921 2751 3974 Germani
2794 3920 3168 3974 bibliothecam
3202 3919 3407 3975 advecti

1842 4000 1995 4056 sunt,
2020 4008 2155 4045 unus
2177 3991 2532 4056 Meravingico
2554 3991 2858 4045 charactere
2882 3993 3065 4058 partim
3088 4030 3102 4054 ,
3134 4000 3187 4043 et
3218 3993 3407 4057 partim

1844 4064 2083 4116 Romano
2107 4064 2172 4113 ab
2199 4061 2351 4114 annis
2372 4066 2556 4114 saltem
2579 4062 2683 4115 960
2705 4062 3058 4129 conscriptus,
3092 4062 3143 4115 in
3168 4077 3272 4128 quo
3299 4070 3410 4116 tota

1845 4134 1957 4186 11κέ
2002 4132 2240 4199 Gregorii
2290 4134 2540 4193 narratio,
2572 4141 2627 4185 et
2666 4132 2877 4200 quidem
2929 4134 3082 4197 paulo
3128 4131 3404 4197 prolixior,

1843 4204 2140 4256 continetur
2168 4205 2266 4255 sub
2295 4204 2461 4255 sancti
2494 4202 2710 4256 Servatii
2747 4202 2860 4253 vita:
2903 4202 3073 4255 titulo.
3106 4202 3157 4253 In
3186 4216 3291 4268 quo
3320 4215 3412 4254 co-

1844 4275 1960 4326 dice
1988 4289 2253 4341 nunquam
2281 4275 2456 4337 aliter,
2481 4275 2592 4325 sive
2618 4278 2666 4325 in
2698 4271 2810 4324 Vlia
2834 4273 2967 4338 ipsa,
2989 4274 3099 4325 sive
3122 4274 3171 4323 in
3198 4273 3406 4339 Hymtio

1846 4344 2083 4413 antiquo,
2106 4345 2192 4410 qui
2209 4346 2256 4396 ei
2281 4343 2633 4409 subjnngitur,
2658 4343 2743 4396 hic
2764 4351 2978 4396 sanctus
2996 4348 3072 4394 vir
3092 4347 3410 4413 appellatur,

1846 4411 2002 4480 quani
2036 4414 2315 4469 Servatius.
2348 4416 2496 4467 Unde
2521 4413 2850 4467 inferendum
2880 4422 2992 4476 est,
3028 4414 3107 4465 vel
3138 4416 3305 4479 ipsum
3334 4411 3413 4464 bi-

1845 4484 2109 4537 nomincm
2154 4483 2335 4545 fuisse,
2368 4494 2458 4536 aut
2502 4493 2649 4537 certe
2673 4481 2781 4551 jam
2827 4493 2952 4536 tunc
2993 4483 3249 4549 temporis
3279 4480 3415 4534 Ara-

1842 4555 1965 4607 vatii
1996 4570 2185 4607 nomen
2216 4558 2265 4608 in
2296 4556 2592 4609 Servatium
2628 4552 2790 4606 fuisse
2821 4554 3154 4606 translatum.
3185 4555 3238 4605 In
3275 4552 3415 4604 \ati-

1840 4638 1973 4676 cano
1998 4636 2048 4677 et
2084 4624 2455 4679 Vlndocinensi
2485 4625 2643 4679 codd.
2681 4639 2812 4679 mss.
2845 4623 2983 4678 idem
3016 4622 3279 4676 Amantius
3309 4637 3408 4689 ap-

1841 4697 2085 4761 pellatur.

1928 4797 1948 4823 ε
1982 4788 2195 4853 Aliquot
2221 4786 2403 4851 codd.,
2429 4786 2554 4855 cepit
2577 4795 2633 4838 ut
2654 4792 2922 4855 expeteret.

1916 4874 1941 4911 ἀ
1973 4878 2061 4928 Sic
2084 4874 2241 4929 Corb.
2272 4887 2326 4930 et
2356 4875 2522 4940 Bell.;
2550 4885 2603 4928 at
2630 4876 2807 4929 caeteri
2836 4890 2953 4928 cum
2981 4874 3155 4937 editis,
3184 4870 3402 4943 ejufatu.

1921 4982 1944 5008 ο
1974 4969 2272 5039 Trajectum
2306 4971 2506 5023 scilicet
2534 4970 2599 5022 ad
2633 4969 2829 5022 Mosam
2850 5008 2863 5026 ,
2909 4968 3124 5019 inferius
3166 4966 3397 5039 dictum,

1839 5043 1996 5111 vulgo
2026 5034 2322 5103 Mnstriclit,
2350 5056 2454 5107 quo
2492 5041 2647 5107 paulo
2688 5047 2807 5111 post
2849 5050 3031 5111 eversa
3066 5034 3399 5111 perAttilam

1840 5105 2071 5176 Adiiaca,
2105 5105 2434 5177 Tungrorum
2462 5105 2777 5176 episcopalis
2803 5108 2962 5161 sedes
3017 5105 3267 5177 translata
3292 5114 3405 5170 est,

1837 5161 2192 5252 quiertairidem
2207 5161 2210 5162 ν
2223 5161 2482 5233 Eeodium
2498 5161 2771 5245 rmigravit.
3056 5161 3095 5192 “’

1917 5272 1935 5310 τ
1971 5273 2184 5327 Scilicet
2210 5271 2263 5324 iu
2293 5271 2426 5323 libro
2448 5269 2514 5323 de
2540 5269 2722 5323 Gloria
2746 5267 3010 5331 Confess.,
3036 5280 3155 5333 cap.
3181 5264 3272 5319 72.

1913 5375 1937 5413 ε
1991 5366 2159 5418 Etiam
2193 5379 2334 5417 nunc
2375 5363 2427 5417 in
2466 5360 2650 5426 majori
2685 5358 2830 5413 urbis
2861 5358 3130 5421 Mettensis
3176 5356 3405 5413 ecclesia

1839 5447 2024 5491 sancto
2077 5438 2347 5503 Stephano
2395 5435 2569 5487 dicata
2599 5441 2881 5484 servantur
2922 5431 3122 5499 aliquot
3172 5430 3411 5498 reliquias

1841 5506 2008 5561 sancti
2035 5506 2468 5576 Protoinartyris.

1918 5601 1942 5639 ¹ι
1987 5604 2112 5668 Ejus
2150 5602 2341 5655 festum
2391 5600 2580 5653 colitur
2607 5595 2691 5668 die
2709 5595 2784 5668 _l7
2815 5593 3266 5668 Novembris.__De
3316 5593 3416 5647 hac

1844 5664 2119 5729 obsidione
2147 5672 2264 5727 vide
2290 5670 2608 5735 Apollinaris
2634 5665 2837 5723 Sidonii
2869 5667 3025 5737 epist.
3062 5664 3127 5718 ιδ
3152 5665 3268 5717 libri
3297 5677 3417 5727 vin,
