3994 6194
96 196 198 250 201

1041 192 1355 248 ΙΗΒΤΟΙὶΙΛ
1405 185 1848 244 ἙΒΑΜΞΟΙΗῘΜ.
1892 183 2091 238 LIBER
2125 181 2503 239 SECUNDUS.

3297 191 3405 244 271?.

113 312 180 368 de
207 318 375 366 nocte
400 325 537 365 vero
564 321 924 377 consurgens,
957 305 1318 360 relucentibus
1342 319 1432 371 per
1464 312 1569 355 tota
1593 300 1722 354 mdis
1755 305 1798 359 A
1830 314 2133 362 excessum,
2163 298 2583 354 Valentinianum
2615 301 2913 369 puerulum,
2948 318 3054 356 uuo
3084 313 3286 357 tantum
3315 307 3404 359 lu-

126 408 292 474 spatia
313 403 555 474 lychnis,
580 418 781 470 pavore
813 400 1158 467 perterritus.
1193 397 1385 465 quaerit
1413 394 1613 450 aditum
1649 393 1726 446 fo-

137 504 205 554 ris
231 507 289 552 ut
307 495 565 569 evaderet
598 504 648 546 ει.
683 493 875 546 Verum
907 491 993 545 ubi
1026 489 1178 558 primi
1205 500 1362 556 atque
1392 488 1612 540 alterius
1642 500 1728 538 os-

145 594 196 646 tii
218 591 444 645 claustra
475 590 678 652 pulsat,
715 596 769 638 et
795 584 1042 638 obserata
1074 591 1267 635 cuncta
1290 580 1582 649 cognoscit,
1611 582 1726 633 solo

147 680 405 740 decubuit,
435 678 681 746 trepidus
714 675 1026 743 prmstolatts
1069 674 1270 738 locum,
1308 684 1366 725 ut
1407 673 1728 726 convenien-

149 776 281 828 tibus
310 772 370 824 ad
404 772 701 824 matutinos
741 768 968 837 hymnos
996 765 1226 834 populis,
1261 766 1346 818 hic
1379 765 1510 818 liber
1539 768 1724 816 absce-

147 864 308 917 deret.
344 863 545 914 lnterea
578 859 712 911 vidit
736 859 866 909 duas
901 870 1160 923 personas
1185 869 1246 908 se
1296 855 1521 908 invicem
1565 870 1725 908 vene—

142 957 379 1009 rabiliter
405 957 723 1012 salutantes.
756 950 1125 1018 sollicitosque
1154 950 1220 1002 de
1243 949 1354 1002 suis
1368 963 1487 1002 esse
1507 961 1726 1015 prospe-

138 1049 404 1102 ritatibus.
437 1046 586 1100 Tunc
606 1044 696 1112 qui
727 1053 842 1096 erat
871 1042 1073 1104 senior,
1105 1041 1173 1093 ita
1189 1054 1412 1093 exorsus
1440 1051 1552 1092 est:
1584 1038 1726 1093 Uxo-

133 1140 210 1194 ris
244 1139 390 1193 Aetii
423 1140 684 1206 lacrytnas
733 1134 936 1187 diutius
966 1133 1228 1186 sustinere
1259 1147 1361 1185 non
1394 1131 1583 1200 patior.
1621 1131 1722 1186 Pe-

134 1233 198 1283 tit
225 1230 374 1284 enim
402 1227 617 1282 assidue
637 1267 652 1290 ,
687 1233 743 1278 ut
769 1227 938 1277 virum
968 1237 1124 1278 suum
1157 1222 1223 1276 de
1264 1223 1450 1276 Galliis
1474 1221 1722 1276 reducam

129 1320 485 1384 incolumem,
517 1333 639 1370 cum
681 1315 827 1368 aliud
856 1315 1058 1368 exinde
1102 1313 1291 1367 fuisset
1318 1313 1454 1382 apud
1485 1313 1722 1367 divinum

123 1414 390 1482 iudicium
437 1412 795 1482 praeﬁnitum:
829 1409 924 1466 sed
955 1418 1131 1462 tamen
1173 1407 1378 1462 obtinui
1409 1409 1722 1462 immensam

121 1507 390 1571 pietatem
417 1518 517 1572 pro
549 1503 656 1554 vita
691 1501 856 1553 illius.
892 1499 958 1554 Et
985 1514 1112 1558 ecce
1137 1514 1276 1552 nunc
1303 1498 1428 1551 illuc
1461 1512 1686 1565 propero
1708 1538 1722 1558 ,

117 1598 404 1652 viventem
433 1613 554 1650 eunt
585 1594 783 1649 exinde
828 1593 1164 1646 reducturus.
1216 1591 1591 1645 Verumtamen
1621 1589 1721 1643 ob-

1829 405 1943 446 Stro
1993 401 2230 461 peracto,
2265 395 2640 449 aconsobrino
2683 394 2983 450 Theodos'o
3032 397 3403 466 imperatorem

1831 485 1996 542 fuisse
2025 497 2289 553 creatum,
2342 496 2398 541 et
2453 488 2590 554 apud
2623 488 2807 542 urbem
2863 488 3084 544 Romam
3119 501 3404 562 tyranuum

1828 577 2088 634 Joannem
2120 580 2172 634 in
2204 579 2485 647 imperium
2536 581 2854 644 surrexisse,
2885 582 3190 653 legatosque
3218 585 3346 654 ejus.
3373 604 3402 641 a

1829 671 2047 726 Cmsare
2073 671 2215 729 dicat
2245 671 2412 726 fuisse
2455 671 2758 742 despectos,
2791 675 3014 744 adjecit:
3054 695 3072 730 ι
3110 678 3244 732 ltum
3290 679 3406 735 hcec

1830 761 1898 814 ita
1924 776 2256 830 gererentur,
2281 765 2436 834 legati
2467 765 2531 818 ad
2565 777 2844 836 tyrannum
2869 770 3068 824 reversi
3089 783 3234 838 sunt,
3260 788 3408 828 man-

1829 855 1952 908 data
1978 858 2242 913 atrociora
2275 871 2550 926 portantes
2586 858 2603 897 ῐ
2635 880 2645 912 :
2695 861 2888 929 quibus
2934 875 3204 932 permotus
3244 866 3406 919 Joan-

1829 965 1956 1010 nes,
2000 950 2213 1004 Aetium
2242 948 2293 1002 id
2327 950 2586 1018 temporis
2637 966 2816 1005 curam
2875 953 3053 1021 palatii
3107 967 3403 1023 gerentem.

1829 1057 1949 1098 cum
1980 1041 2180 1111 ingenti
2209 1042 2322 1095 auri
2356 1041 2590 1110 pondere
2617 1042 2682 1094 ad
2710 1041 2924 1095 Chunos
2949 1044 3278 1112 transmittit,
3312 1063 3407 1099 no-

1831 1141 1914 1186 tos
1947 1131 2049 1186 sibi
2092 1130 2389 1186 obsidiatus
2413 1129 2496 1184 sui
2527 1141 2788 1196 tempore,
2819 1142 2873 1186 et
2904 1134 3148 1188 familiari
3176 1137 3405 1190 amicitia

1827 1220 2124 1284 devinctos,
2157 1236 2278 1276 cum
2324 1221 2590 1277 mandatis
2634 1222 2973 1291 hnjustnodi:
3020 1225 3150 1278 Cum
3179 1230 3408 1295 primum

1831 1324 2010 1384 partes
2038 1314 2278 1374 adversa:
2327 1314 2528 1368 Italiam
2560 1314 2816 1384 ingressa:
2845 1315 3039 1380 forent,
3073 1317 3172 1383 ipsi
3199 1333 3228 1372 a
3259 1328 3408 1390 tergo

1829 1408 2171 1463 adorirentur
2196 1449 2210 1470 ,
2260 1421 2320 1462 se
2345 1422 2373 1461 a
2404 1407 2579 1461 fronte
2629 1419 2928 1462 venturum.
2967 1409 3032 1464 Et
3059 1410 3179 1478 quia
3206 1411 3274 1466 de
3304 1413 3408 1468 hoc

1828 1500 1942 1554 viro
1970 1487 2358 1570 consequenter
2382 1501 2530 1568 plura
2564 1501 2908 1555 memoranda
2937 1512 3082 1566 sunt,
3104 1503 3219 1573 ejus
3239 1518 3404 1574 genus

1829 1605 2114 1661 moresque
2142 1591 2308 1646 ordiri
2334 1591 2526 1659 placet.
2555 1591 2886 1646 Gaudentius
2917 1602 3086 1660 pater,
3113 1596 3346 1666 Scythiae
3376 1606 3402 1644 ε

127 1700 336 1752 testor,
374 1697 430 1739 ut
476 1687 564 1755 qui
614 1689 727 1736 haec
755 1684 983 1736 audierit
1011 1682 1194 1744 sileat,
1243 1695 1600 1748 arcanumque
1631 1680 1722 1736 Dei
1755 1685 1802 1745 Β
1834 1685 2123 1754 provincia:
2150 1685 2402 1755 primoris
2430 1685 2564 1748 loci,
2614 1701 2644 1738 a
2674 1686 3026 1741 domesticam
3053 1702 3276 1742 exorsus
3304 1690 3406 1743 mi-

117 1783 348 1848 vulgare
378 1797 482 1832 non
505 1779 730 1839 audeat,
763 1791 827 1830 ne
858 1784 1039 1842 pereat
1068 1774 1322 1829 velociter
1351 1788 1381 1826 a
1425 1781 1588 1827 terra.
1623 1772 1718 1827 Ille

116 1884 311 1927 autem
343 1874 461 1924 baac
491 1869 737 1931 audiens,
776 1866 933 1921 silere
957 1881 1061 1920 non
1093 1865 1298 1932 potuit:
1331 1863 1423 1918 sed
1450 1879 1568 1916 mox
1609 1864 1726 1925 illu-

115 1973 386 2020 cescente
417 1963 600 2024 ccelo,
659 1959 839 2012 omnia
885 1973 1004 2028 qua:
1059 1957 1300 2010 audierat
1357 1954 1726 2012 matrifamilia:

114 2058 341 2129 pandit:
377 2056 715 2124 expletisque
744 2052 1085 2107 sermonibus
1131 2050 1332 2105 lumine
1372 2051 1543 2104 caruit
1589 2063 1721 2104 ocu-

113 2151 324 2206 lorum.

191 2241 371 2308 Igitur
399 2239 593 2293 Aetius
615 2253 734 2290 eum
765 2236 976 2289 Gotthis
1007 2233 1329 2300 Francisque
1358 2234 1677 2297 coujuttctus
1706 2275 1720 2298 ,

118 2333 392 2386 adversus
446 2331 739 2384 Attilanem
773 2326 1030 2395 confligit.
1073 2324 1257 2379 Atille
1285 2323 1348 2376 ad
1397 2322 1725 2378 internecio-

126 2441 254 2478 nent
289 2422 494 2477 vastari
526 2437 682 2474 suum
713 2433 944 2473 cernens
963 2415 1279 2481 exercitum,
1307 2415 1421 2484 fuga
1449 2412 1721 2466 dilabitur.

127 2517 452 2574 Theodorus
483 2531 612 2569 vero
643 2512 962 2567 Gottborum
1012 2527 1104 2565 rex
1140 2510 1262 2564 huic
1292 2509 1569 2564 certamini
1599 2525 1722 2561 suc-

131 2609 329 2663 cubuit.
365 2607 501 2661 Nam
558 2605 736 2658 nullus
786 2604 1018 2671 ambigat
1070 2601 1384 2655 Chunorum
1429 2601 1722 2655 exercitum

140 2699 364 2752 obtentu
399 2697 680 2751 memorati
715 2691 972 2746 antistitis
994 2692 1152 2746 fuisse
1183 2693 1444 2760 fugatum.
1499 2688 1722 2744 Verum-

142 2800 319 2844 tamen
371 2790 560 2844 Aetius
591 2788 844 2854 patricius
872 2801 992 2839 cum
1037 2783 1393 2840 'I‘Iiorismodo
1448 2783 1722 2837 victoriam

147 2883 394 2945 obtinuit,
445 2882 737 2948 bostcstlue
782 2879 997 2933 delevit.
1051 2879 1377 2947 Expletoque
1422 2877 1603 2944 bello,
1653 2878 1728 2930 ait

151 2976 325 3030 Aetius
369 2973 761 3030 Thoristnodo:
818 2971 1024 3026 Festina
1058 2971 1314 3026 velociter
1342 2972 1518 3025 redire
1549 2971 1600 3024 iu
1633 2987 1725 3040 pa-

1830 1775 2018 1841 Iitiam,
2053 1791 2219 1846 usque
2261 1776 2325 1828 ad
2356 1777 2642 1846 magisterii
2686 1779 2919 1843 equitum
2950 1781 3158 1834 culmen
3182 1797 3405 1848 provec-

1831 1876 1914 1922 tus
1943 1877 2043 1924 est.
2077 1867 2245 1923 Mater
2273 1869 2422 1932 Itala,
2462 1867 2654 1923 nobilis
2683 1884 2744 1923 ac
2786 1871 3018 1938 locuples
3051 1871 3266 1928 femina.
3303 1878 3406 1930 Ae-

1831 1960 1934 2013 tius
1966 1960 2132 2026 filius,
2163 1975 2192 2013 a
2222 1976 2387 2028 puero
2421 1962 2789 2029 praetorianus,
2820 1963 2984 2017 ιτίὺιις
3026 1967 3180 2018 anuis
3206 1967 3403 2021 Alarici

1828 2051 2020 2117 obses,
2078 2052 2270 2105 dehinc
2295 2051 2636 2117 Cbunorum;
2672 2063 2788 2121 pOst
2819 2054 2932 2108 hac
2965 2053 3287 2124 Carpilionis
3307 2074 3404 2126 ge-

1831 2156 1944 2204 ner,
1978 2156 2040 2194 ex
2071 2144 2265 2195 comite
2293 2143 2708 2197 domesticorum
2731 2188 2744 2206 ,
2779 2154 2833 2199 et
2851 2146 3072 2199 Joannis
3095 2163 3275 2201 curam
3305 2164 3404 2216 pa-

1831 2230 1939 2284 latii
1975 2232 2077 2302 57
2105 2246 2291 2300 gerere
2317 2235 2502 2299 erepit.
2550 2233 2707 2288 Medii
2751 2236 3011 2302 corporis,
3050 2237 3222 2291 virilis
3257 2240 3404 2294 habi-

1833 2324 2032 2378 tudinis
2058 2326 2309 2380 decenter
2339 2325 2624 2392 formatus,
2657 2342 2764 2395 quo
2810 2342 2983 2396 neque
3032 2329 3404 2385 infirmitudini

1828 2425 1971 2470 esset
1997 2432 2170 2486 neque
2200 2418 2372 2487 oneri,
2406 2418 2586 2472 animo
2610 2419 2811 2484 alacer,
2863 2421 3118 2476 membris
3142 2434 3362 2492 vegetus
3386 2466 3402 2492 ,

1829 2522 1993 2578 eques
2056 2509 2518 2578 promptissimus,
2573 2513 2886 2581 sagittarum
2940 2513 3087 2582 jactu
3157 2521 3400 2582 peritus,

1829 2610 1987 2654 conto
2016 2598 2262 2668 impiger,
2305 2600 2458 2656 bellis
2487 2600 2815 2670 aptissimus,
2851 2606 2996 2671 pacis
3035 2605 3237 2660 artibus
3264 2610 3403 2662 cele-

1832 2693 1974 2757 bris;
2033 2693 2234 2748 nullius
2263 2695 2523 2760 avaritize,
2577 2696 2808 2751 minima:
2846 2698 3190 2766 cupiditatis,
3251 2701 3402 2755 bonis

1830 2784 1990 2838 animi
2025 2784 2292 2852 prxditus,
2329 2799 2426 2840 nec
2457 2785 2839 2854 impulsoribus
2879 2789 3093 2857 quidem
3127 2791 3304 2858 pravis
3332 2795 3401 2844 ab

1829 2877 2073 2931 instituto
2099 2893 2196 2932 suo
2218 2878 2456 2942 devians,
2488 2878 2799 2946 injuriarum
2833 2881 3252 2949 patientissimus
3275 2927 3288 2948 ,
3325 2886 3400 2938 la-

1831 2969 1975 3022 boris
1997 2970 2608 3045 appetenspimpavidus
2636 2971 2984 3038 periculorum
3015 3018 3029 3041 ,
3057 2974 3211 3029 famis
3254 2978 3400 3032 sitis-

154 3069 319 3135 triam,
354 3084 420 3123 ne
461 3068 742 3122 insistente
766 3079 1040 3134 germano,
1067 3065 1234 3132 patris
1274 3079 1436 3134 regno
1478 3065 1723 3134 priveris.
1755 3077 1800 3138 (ς
1835 3080 1939 3132 que
1978 3076 2137 3134 atque
2161 3065 2455 3137 vigiliarum
2487 3067 2947 3124 tolerantissimus.
2970 3070 3066 3126 Cui
3093 3073 3160 3126 ab
3189 3076 3401 3131 ineunte

158 3161 270 3216 Ilaec
293 3163 379 3217 ille
400 3163 649 3223 audiens,
679 3175 797 3215 cum
828 3161 1108 3213 velocitate
1132 3159 1397 3220 discessit,
1424 3159 1572 3226 quasi
1606 3159 1713 3228 56

162 3253 525 3321 anticipaturus
552 3253 789 3312 fratrem,
827 3262 874 3304 et
913 3251 1053 3315 prior
1078 3249 1242 3314 patris
1265 3248 1570 3302 cathedram
1596 3250 1720 3302 ade-

166 3353 349 3411 pturus.
402 3344 576 3400 Simili
603 3353 658 3395 et
685 3342 1010 3394 Francorum
1054 3355 1230 3408 regem
1272 3338 1298 3376 δ
1328 3341 1451 3392 dolo
1493 3338 1716 3410 fugavit.

167 3434 262 3488 Illis
279 3445 449 3489 autem
486 3433 877 3495 recedentibus,
907 3431 1091 3484 Aetius
1119 3430 1345 3498 spoliato
1373 3445 1584 3497 campo,
1613 3430 1720 3482 vic-

168 3536 238 3580 ter
260 3527 307 3581 in
341 3526 562 3596 patriam
591 3540 712 3578 cum
743 3524 927 3592 grandi
959 3532 1040 3576 est
1069 3536 1315 3577 reversus
1343 3521 1534 3588 spolio.
1561 3521 1720 3576 Attila

169 3634 275 3673 vero
297 3636 412 3674 cum
443 3619 626 3689 paucis
677 3631 918 3671 reversus
947 3625 1048 3678 est,
1095 3629 1193 3669 nec
1219 3617 1386 3668 multo
1414 3623 1529 3684 post
1562 3615 1724 3682 Aqui-

170 3710 253 3763 leia
276 3728 300 3762 a
327 3709 528 3765 Cliunis
554 3720 732 3778 capta,
764 3709 977 3762 incensa
1010 3717 1171 3774 atque
1200 3707 1396 3766 diruta,
1431 3709 1576 3761 Italia
1604 3722 1723 3777 per-

170 3811 329 3869 vagata
356 3811 518 3869 atque
544 3803 800 3855 subversa
823 3809 926 3858 est.
958 3799 1342 3852 Thuris-modus
1367 3839 1382 3864 ,
1416 3798 1482 3852 de
1511 3816 1617 3868 quo
1641 3815 1723 3853 su-

173 3907 250 3960 pra
275 3893 636 3953 meminimus.
670 3892 868 3946 Alanos
902 3902 924 3929 ο
960 3892 1098 3944 bello
1128 3890 1398 3944 edomuit:
1433 3891 1547 3960 ipse
1575 3891 1725 3946 dein-

168 4001 302 4056 ceps,
334 3997 453 4058 post
480 3987 675 4040 multas
699 3985 817 4039 lites
839 3992 892 4038 et
917 3984 1072 4047 bella,
1101 3998 1129 4035 a
1156 3980 1409 4036 fratribus
1429 3997 1720 4052 oppressus

165 4093 220 4133 ac
241 4079 501 4148 jugulatus
524 4077 727 4132 interiit
756 4075 803 4129 ἀ.

223 4172 348 4226 VIII.
390 4173 556 4241 Igitur
586 4173 667 4224 his
689 4171 759 4222 ita
784 4169 1002 4239 digestis
1027 4183 1090 4221 ac
1119 4183 1214 4236 per
1255 4169 1500 4220 ordinem
1543 4167 1720 4234 explev

159 4265 236 4328 tis,
265 4263 386 4330 quid
416 4263 485 4316 de
508 4263 664 4315 Aetio
689 4277 846 4328 supra
874 4268 1171 4312 memorato
1194 4257 1380 4313 Bettati
1409 4258 1663 4329 Frigeridi
1697 4267 1721 4298 θ

154 4371 320 4412 narrat
351 4358 581 4412 Historia
609 4367 785 4409 tacere
815 4355 962 4408 nefas
987 4354 1183 4423 putavi.
1209 4353 1339 4406 Nam
1361 4368 1480 4405 cum
1511 4354 1563 4406 in
1591 4353 1720 4407 duo-

153 4453 349 4507 decimo
377 4451 736 4504 Historiarum
771 4449 908 4501 libro
938 4447 1175 4512 referat,
1215 4455 1333 4514 post
1363 4447 1468 4500 divi
1502 4446 1716 4502 Honorii
1750 4468 1797 4527 ι)

213 4596 236 4623 ι
273 4587 361 4641 Sic
412 4583 572 4638 codd.
621 4581 962 4644 vetustiores,
1009 4580 1136 4644 alii,
1193 4581 1391 4632 alim-it
1440 4597 1528 4647 per
1571 4597 1717 4651 quem

150 4660 265 4726 foris
288 4657 527 4710 eraderet
548 4699 561 4716 ,
593 4655 794 4720 quarrit.

211 4730 234 4766 δ
276 4730 356 4783 An
389 4728 696 4780 Meroveum
730 4720 940 4792 regem?
975 4736 1133 4790 quem
1169 4731 1288 4791 post
1320 4724 1452 4776 Aetii
1485 4732 1713 4777 mortem

149 4799 448 4854 Germaniae
493 4796 678 4864 primm
723 4809 782 4846 ac
834 4792 1057 4860 Belgiczc
1082 4795 1327 4846 secundm
1355 4794 1709 4864 bellumintu-

147 4872 266 4926 lisse
290 4881 342 4924 ut
374 4862 528 4933 regni
557 4867 685 4917 fines
714 4874 1069 4933 protroeret,
1097 4866 1246 4917 testis
1274 4874 1356 4916 est
1381 4862 1632 4916 Sidonius
1662 4865 1713 4917 in

147 4940 506 5010 Panegyrico.
535 4951 691 5010 quem
734 4949 923 5010 socero
947 4950 1045 4986 suo
1073 4933 1233 4988 dixit.
1277 4935 1507 5010 Prosper
1545 4935 1715 4987 Mero-

146 5005 372 5066 veum'iu
407 5007 634 5062 Francia
663 5023 802 5058 anno
823 5005 923 5057 447
945 5019 1195 5072 regnasse
1220 5005 1424 5059 scribit.
1460 5005 1531 5058 De
1558 5019 1716 5059 causa

146 5084 264 5136 belli
295 5099 391 5150 per
425 5079 642 5150 Attilam
677 5076 806 5130 illati
846 5075 1049 5150 videsis
1074 5074 1239 5150 Prisci
1272 5076 1504 5150 rhetoris
1535 5076 1716 5129 Histo-

149 5145 371 5214 riamfet
394 5149 724 5204 .lornandem
750 5150 815 5200 de
846 5145 979 5200 Reb.
1011 5145 1228 5208 Geticis,
1255 5162 1372 5208 cap.
1398 5145 1466 5201 55
1487 5158 1533 5199 et
1561 5163 1710 5216 seqq.

213 5238 231 5264 ε
273 5227 360 5279 Sic
391 5237 525 5276 mss.
556 5219 716 5273 Corb.
741 5258 754 5277 ,
789 5217 920 5272 Bell.
942 5259 954 5278 ,
986 5216 1134 5270 Colb.
1167 5257 1180 5278 ,
1228 5217 1412 5285 Regni.
1440 5260 1455 5281 ,
1491 5218 1619 5284 Reg.
1662 5231 1715 5271 et

148 5295 429 5356 Palatinus,
463 5308 584 5346 cum
613 5290 773 5344 editis
799 5290 951 5350 Bad.,
985 5300 1092 5341 etc.
1123 5290 1434 5341 Alamannos
1464 5305 1592 5341 vero
1625 5292 1717 5340 Ita-

154 5367 267 5420 bent
294 5369 536 5436 plerique
563 5360 691 5436 editi
733 5375 853 5436 cum
897 5358 1202 5436 Bec._Certe
1244 5361 1404 5436 Alani
1428 5371 1550 5436 tunc
1584 5369 1714 5410 tern-

157 5429 460 5504 poris'trans'
483 5434 717 5504 Ligeritn
749 5431 931 5504 sedem
959 5429 1242 5504 habebant.
1285 5431 1358 5482 lle
1393 5429 1472 5483 his
1498 5439 1715 5483 ennsuze

157 5500 409 5564 Valesium
453 5500 626 5560 Ιὶὺξιιο
659 5503 852 5553 Rerum
891 5500 1282 5553 Francicatmn.

218 5581 242 5617 ⁴
277 5581 332 5633 Οι
353 5581 498 5632 ci5us
526 5588 604 5630 est
639 5588 783 5625 anno
810 5569 936 5630 455,
966 5584 1019 5621 ut
1051 5571 1189 5624 idem
1231 5571 1470 5622 Valesius
1502 5570 1709 5638 probat,

161 5651 523 5706 ITIteodorico
561 5658 612 5700 ct
664 5641 937 5696 Friderico
975 5643 1224 5696 fratribus
1251 5683 1265 5705 ,
1318 5656 1543 5695 auorum
1574 5641 1717 5698 orior

413 5770 691 5828 PA'I'BOL.
748 5759 969 5819 LXXI.

1832 3166 1986 3210 actate
2011 3156 2320 3222 praedictum
2348 3158 2534 3227 liquet,
2558 3169 2774 3229 quantm
2807 3165 3057 3231 potentiae
3091 3165 3210 3220 fatis
3237 3167 3400 3221 desti-

1829 3259 2066 3310 naretur,
2128 3251 2454 3317 temporibus
2501 3253 2612 3306 suis
2667 3253 2901 3324 locisque
2954 3257 3326 3314 celebrandus.
3375 3279 3394 3312 ›

1829 3341 1955 3396 Il:cc
2009 3342 2345 3409 supradictus
2395 3343 2852 3414 bistoriograpbus
2879 3349 2945 3405 de
2993 3353 3148 3407 Aetio
3195 3365 3398 3409 narrat.

1829 3433 2055 3488 Adultus
2082 3445 2258 3487 autem
2288 3433 2692 3492 Valentinianus
2717 3439 3029 3508 imperator.
3056 3455 3303 3500 metuens
3333 3465 3401 3503 ne

1829 3541 1886 3578 se
1934 3540 2029 3594 per
2083 3526 2414 3595 tyrannidem
2455 3528 2645 3583 Aetius
2690 3532 3048 3598 opprimeret,
3093 3552 3211 3588 eum
3245 3539 3401 3592 nullis

1827 3616 2003 3669 causis
2047 3618 2382 3688 exstantibus
2432 3618 2726 3676 interemit.
2763 3623 2878 3691 Ipse
2927 3627 3260 3690 postmodum
3293 3630 3401 3682 Au-

1826 3720 2032 3778 gustus,
2061 3710 2186 3763 dum
2213 3711 2263 3765 in
2286 3710 2486 3780 Campo
2516 3712 2704 3768 Martio
2732 3730 2827 3782 pro
2859 3716 3111 3771 tribunali
3137 3720 3397 3784 residens,

1827 3801 2236 3857 concinnarctur
2265 3805 2328 3857 ad
2351 3806 2621 3874 p0pulum,
2643 3806 2861 3878 Occylla
2889 3808 3237 3864 buccellarius
3262 3811 3398 3868 Aetii

1829 3909 1892 3947 ett
1921 3893 2148 3956 adverso
2171 3895 2412 3962 veniens,
2444 3913 2564 3950 eum
2593 3898 2768 3963 gladio
2793 3899 3041 3967 perfodit.
3069 3900 3214 3955 Talis
3242 3905 3399 3960 utris-

1825 3998 1930 4053 que
1955 3983 2163 4039 eXSIitit
2193 3985 2310 4039 finis
2332 3982 2379 4038 b.

1900 4075 1988 4130 IX.
2031 4075 2106 4129 De
2132 4073 2460 4129 Francorum
2487 4093 2616 4130 vero
2645 4077 2889 4147 regibus,
2921 4081 3040 4148 quis
3083 4081 3242 4138 fuerit
3290 4087 3399 4150 pri-

1827 4182 1947 4222 mus
1977 4181 2008 4220 a
2036 4166 2215 4219 multis
2242 4168 2532 4234 ignoratur.
2565 4167 2694 4222 Nam
2719 4184 2840 4224 cum
2886 4171 3048 4224 multa
3077 4172 3145 4226 de
3173 4175 3252 4229 eis
3276 4178 3398 4230 Sul-

1825 4257 1951 4328 picii
1976 4258 2261 4314 Alexandri
2296 4257 2311 4294 ί
2347 4269 2528 4312 narret
2571 4260 2797 4317 Historia
2824 4302 2839 4326 ,
2870 4276 2974 4316 non
3010 4273 3182 4318 tamen
3215 4282 3394 4337 regem

1826 4353 2054 4422 primum
2106 4366 2291 4406 eorum
2333 4351 2596 4406 ullatenus
2629 4354 2912 4417 nominat,
2965 4357 3054 4408 sed
3095 4359 3255 4413 duces
3302 4375 3399 4415 eos

1827 4446 2074 4502 habuisse
2091 4446 2251 4501 dicit:
2283 4461 2401 4514 quae
2433 4456 2608 4500 tamen
2634 4446 2701 4501 de
2727 4446 2927 4502 eisdem
2958 4448 3171 4516 referat,
3198 4469 3399 4510 memo-

1821 4597 2044 4650 regnum
2076 4580 2348 4648 occupavit
2379 4595 2442 4634 ex
2477 4580 2665 4643 Idatio,
2695 4591 2797 4636 etc.

1895 4662 1918 4690 ο
1959 4653 2057 4708 Hic
2081 4666 2267 4706 auctor
2287 4667 2350 4705 ex
2379 4652 2494 4704 solo
2519 4650 2781 4722 Gregorio
2811 4654 2965 4710 nobis
2995 4667 3075 4710 est
3114 4667 3270 4712 notus

1898 4722 1916 4759 ἲ
1957 4725 2060 4796 _Sic
2086 4722 2525 4796 ms_s.‘p|erique;
2558 4727 2668 4796 alii,
2705 4727 2899 4780 atrocia
2923 4740 3256 4796 reportantes.

1890 4802 1916 4837 κ
1956 4794 2110 4857 Bell.,
2143 4793 2365 4853 Sciciw;
2398 4793 2545 4855 Bec.,
2571 4793 2791 4860 Scycz‘re.

1892 4861 1920 4899 ιι
1960 4865 2035 4939 De
2077 4865 2214 4939 Aetii
2240 4873 2294 4916 et
2319 4864 2670 4939 Valentiniani
2700 4869 2865 4933 cattle,
2897 4871 3120 4939 aliisque
3171 4869 3398 4924 labentis

1823 4933 2034 5006 imperii
2060 4936 2240 4998 rebus,
2269 4949 2389 5006 quia»
2415 4936 2501 4988 hic
2531 4948 2583 4990 et
2607 4939 2656 4988 in
2685 4952 2745 4990 se
2765 4933 3048 5001 tuentibus
3066 4939 3392 5006 referuntur,

1825 5005 2032 5057 videndi
2061 5006 2281 5056 Orosius
2315 5005 2406 5059 lib.
2443 5022 2515 5059 vn
2545 5049 2555 5061 .
2591 5007 2881 5074 Procopius
2916 5013 3004 5062 lib.
3041 5027 3054 5062 ι
3089 5011 3223 5062 Hist.
3262 5005 3394 5062 Van-

1823 5076 2006 5138 dalie.,
2038 5075 2374 5128 Marcellinus
2396 5091 2605 5138 comes,
2640 5077 2867 5144 Prosper
2888 5121 2902 5142 ,
2934 5092 3038 5133 etc.
3061 5121 3075 5145 ,
3107 5079 3175 5132 de
3203 5080 3397 5145 quibus

1825 5147 1991 5200 fusius
2015 5147 2064 5197 in
2099 5145 2236 5196 notis
2267 5161 2422 5208 agere
2453 5147 2776 5213 Superfluum
2810 5149 3035 5202 videtur.
3072 5149 3194 5202 Haec
3216 5157 3394 5204 tamen

1825 5219 1875 5270 in
1910 5216 2083 5268 Indice
2103 5215 2508 5281 chronologicii,
2550 5233 2705 5282 quem
2730 5216 2968 5275 Gremrit
2993 5219 3242 5282 operibus
3261 5237 3389 5284 pra--

1825 5288 2093 5346 misimus,
2148 5300 2258 5338 SlIIS
2314 5285 2440 5339 locis
2471 5288 2772 5353 posuimus,
2821 5299 2877 5342 ut
2914 5289 3281 5344 Francicarunt
3315 5308 3389 5344 re-

1824 5374 1971 5421 rum,
2003 5357 2315 5425 quibuscum
2349 5362 2598 5424 permista
2631 5368 2752 5411 sunt
2776 5401 2790 5425 ,
2830 5361 2998 5416 series
3029 5359 3204 5416 notior
3234 5361 3377 5417 habe-

1823 5439 1992 5483 retur.

1901 5519 1918 5557 ³
1964 5519 2071 5574 Nec
2100 5519 2314 5593 aliunde
2342 5535 2496 5588 quam
2528 5537 2594 5575 ex
2638 5521 2897 5593 Gregorio
2929 5523 3070 5580 bttnc
3100 5540 3396 5588 auctorem.

1822 5603 1913 5648 aut
1941 5594 2058 5656 ejus
2095 5592 2386 5650 Historiam
2416 5593 2678 5648 novimus.

3086 5758 3128 5814 '1
