3994 6194
573 189 681 244 205

1622 192 1681 251 S.
1721 191 2048 249 GREGORII
2088 192 2389 249 EPISCOPI
2430 192 2854 249 'l'URONENSIS

3719 202 3835 249 20$

576 316 694 357 rare
726 302 951 357 videtur.
980 302 1111 357 Natu
1141 316 1258 356 cum
1287 301 1418 356 dicit
1466 301 1750 357 Maximum
1800 303 1935 356 intra
1985 304 2145 371 Aqui-
2176 315 2220 368 Α
2252 292 2597 371 corporibus,
2652 305 2801 359 ruina
2850 303 3075 358 invicem
3109 320 3325 360 suorum
3384 314 3630 378 oppressi
3680 322 3831 365 sunt.

577 395 754 457 leiam,
780 396 974 449 amissa
998 395 1141 448 omni
1167 408 1261 463 spe
1292 394 1536 464 imperii,
1567 395 1721 464 quasi
1766 407 2032 449 amentem
2064 413 2149 450 re-

576 486 786 551 sidere,
814 486 1078 555 adjungit:
1118 506 1137 536 ι
1175 486 1251 539 Eo
1283 495 1521 553 tempore
1566 486 1891 541 Genobaude
1922 494 1946 521 ⁸
1969 527 1984 551 ,
2014 488 2149 541 Mar-

576 596 813 647 comere,
850 589 906 635 et
930 579 1184 635 Sunnone
1213 579 1457 641 ducibus,
1490 578 1682 634 Franci
1712 579 1764 633 in
1807 580 2150 634 Germaniam

579 686 903 742 prorupere,
958 688 1021 727 ac
1069 672 1308 741 pluribus
1357 672 1669 727 mortalium
1724 672 1893 727 limite
1946 672 2151 741 irrupto

577 764 754 830 cwsis,
786 764 988 821 fertiles
1028 765 1260 819 maxime
1310 779 1474 834 pagos
1500 764 1853 835 depopulati,
1913 766 2153 838 Agrippi-

579 856 729 909 nensi
775 853 936 910 etiam
984 853 1220 910 Coloniae
1259 864 1462 910 metum
1508 859 1803 911 incussere.
1857 856 2013 924 Quod
2063 858 2151 913 ubi

579 946 828 1001 Treveris
881 947 1142 1017 perlatum
1197 954 1313 1014 est,
1364 946 1649 1002 Nannenus
1695 946 1723 986 δ
1765 957 1819 1003 et
1870 948 2153 1014 Quintinus

577 1036 778 1093 militiae
820 1038 1094 1109 magistri,
1126 1037 1317 1107 quibus
1366 1038 1640 1093 infantiam
1685 1038 1778 1093 lilii
1808 1048 1860 1095 et
1888 1037 2153 1095 defensio-

578 1144 700 1183 nem
727 1128 1018 1185 Galliarum
1049 1128 1308 1185 Maximus
1335 1130 1713 1195 commiserat,
1744 1132 1972 1188 collecto
2000 1147 2154 1187 exer-

577 1219 687 1273 citu
713 1220 849 1287 apud
880 1220 1228 1291 Agrippinam
1259 1236 1581 1277 convenere.
1621 1223 1727 1281 Sed
1763 1225 1938 1278 onusti
1976 1225 2156 1294 prada

580 1309 797 1377 hostes,
856 1312 1247 1379 provinciarum
1291 1315 1465 1380 Opima
1514 1314 1853 1384 depopulati,
1910 1316 2155 1371 Rhenum

582 1403 863 1467 transiere,
897 1404 1136 1472 pluribus
1164 1418 1385 1459 suorum
1436 1407 1487 1459 in
1548 1406 1656 1478 58
1688 1408 1926 1461 Romano
1958 1409 2157 1462 relictis

581 1497 696 1549 solo
717 1536 732 1560 ,
764 1497 830 1549 ad
857 1497 1203 1565 repetendam
1234 1498 1706 1565 depopulationem
1745 1501 1983 1569 paratis,
2032 1515 2155 1554 cum

577 1590 774 1657 quibus
797 1604 1117 1661 congressus
1151 1592 1404 1646 Romanis
1444 1594 1820 1647 accommodus
1843 1593 1942 1647 fuit
1965 1635 1980 1659 ,
2018 1594 2155 1647 mul-

2257 394 2466 449 Pedites
2492 397 2654 450 etiam
2676 436 2692 460 ,
2721 410 2854 464 quos
2897 394 3040 448 nulla
3090 409 3254 450 onera
3286 414 3547 466 equorum
3588 405 3839 458 calcave-

2254 495 2396 551 raut,
2424 487 2675 555 implicati
2702 487 2827 540 limo
2846 529 2860 549 ,
2894 501 3036 556 aegre
3064 488 3399 556 explicantes
3417 507 3695 560 gressum.
3716 509 3839 549 nr-

2254 590 2345 631 sus
2371 592 2450 640 se,
2471 578 2559 645 qui
2575 577 2732 645 paulo
2757 588 2880 632 ante
2902 578 2987 631 vix
3011 590 3366 646 emerseram,
3390 583 3544 637 silvis
3571 585 3841 653 trepidan-

2256 680 2334 724 tes
2364 672 2698 725 occulebant.
2732 671 3066 726 Perturbatis
3092 688 3219 743 ergo
3242 674 3542 741 ordinibus,
3578 692 3735 734 causa
3762 680 3844 734 le-

2254 764 2460 832 giones,
2517 763 2764 817 Heraclio
2816 762 3221 820 Joviuianorum
3255 763 3275 803 ί
3308 766 3415 838 59
3463 768 3721 836 tribuno,
3774 786 3843 828 ac

2254 870 2390 925 pene
2439 857 2686 909 omnibus
2732 856 2821 925 qui
2871 856 3130 912 militibus
3179 873 3471 924 praeerant,
3500 864 3790 919 exstinctis
3818 907 3840 930 ,

2255 949 2437 1017 paucis
2462 948 2713 1019 effugium
2748 960 2915 1003 tutum
2945 965 3051 1004 nox
3077 961 3129 1004 et
3161 952 3377 1007 latibula
3417 953 3675 1010 silvarum
3701 974 3841 1025 prte-

2256 1045 2463 1099 stitere.
2503 1063 2521 1095 ι
2570 1044 2695 1099 Hac
2739 1044 2792 1097 in
2827 1046 2982 1098 tertio
3014 1044 3258 1099 Historiae
3290 1046 3426 1099 libro
3457 1050 3722 1104 narravit.

2327 1134 2382 1188 In
2402 1143 2591 1203 quarto
2618 1150 2745 1188 vero
2775 1134 2933 1202 libro,
2960 1151 3080 1189 cum
3113 1137 3178 1191 de
3203 1136 3579 1194 interfectione
3604 1141 3842 1196 Victoris

2258 1223 2351 1276 filii
2386 1222 2602 1277 Maximi
2632 1227 2840 1292 tyranni
2874 1232 3132 1288 narraret,
3160 1227 3261 1278 ait:
3302 1244 3319 1276 ι
3361 1226 3436 1280 Eo
3467 1237 3711 1298 tempore
3736 1230 3842 1285 Ca-

2259 1312 2413 1368 rietto
2434 1324 2489 1368 et
2512 1314 2677 1384 Syrus
2705 1315 2758 1368 in
2788 1315 2960 1367 locum
2990 1314 3227 1367 Nauncni
3261 1316 3557 1385 subrogati,
3612 1322 3665 1373 iu
3709 1319 3842 1376 Ger-

2261 1406 2434 1459 mania
2465 1422 2584 1460 cum
2632 1407 2871 1461 exercitu
2925 1407 3173 1475 Opposito
3217 1408 3440 1464 Francis
3487 1412 3841 1469 diversaban-

2261 1506 2366 1551 tur.
2408 1517 2426 1549 ι
2466 1498 2531 1551 Et
2559 1508 2677 1567 post
2710 1513 2897 1568 pauca,
2929 1513 3048 1552 cum
3080 1498 3268 1553 Franci
3294 1501 3360 1553 de
3389 1501 3677 1557 Germania
3704 1522 3837 1574 prm-

2261 1588 2355 1643 das
2407 1592 2680 1654 tulissent,
2734 1589 2961 1659 adjecit:
3001 1609 3019 1639 ι
3060 1589 3198 1643 Nihil
3246 1594 3573 1660 Arbogastes
3620 1595 3842 1651 differre

585 1681 653 1733 tis
676 1680 999 1735 Francorum
1040 1683 1179 1750 apud
1211 1683 1588 1738 Carbouariam
1626 1695 1648 1722 ι·
1682 1686 1824 1739 ferro
1847 1687 2154 1754 peremptis.
2195 1692 2235 1750 Β
2262 1680 2470 1739 volens.
2491 1689 2795 1734 commonet
2820 1680 3084 1733 Caesarem
3110 1694 3293 1748 poenas
3320 1682 3526 1736 debitas
3553 1700 3583 1737 a
3618 1684 3845 1741 Francis

585 1772 824 1842 Gmnque
854 1775 1242 1829 consultaretur
1270 1775 1337 1830 de
1358 1791 1639 1843 successu,
1685 1794 1752 1830 an
1784 1779 1834 1831 in
1879 1777 2157 1832 Franciam

588 1870 820 1922 transire
847 1868 1131 1934 deberent,
1186 1872 1473 1927 Nannenus
1523 1874 1741 1940 abnuit,
1773 1875 1893 1941 quia
1927 1891 2031 1930 non
2064 1878 2164 1931 itu-

586 1969 797 2025 paratos
821 1970 875 2014 et
901 1962 954 2014 in
981 1962 1108 2017 locis
1133 1965 1246 2018 suis
1273 1964 1488 2021 indubie
1515 1968 1767 2022 [artiores
1795 1971 2163 2024 lutnrossrie-

585 2052 696 2105 hat.
724 2053 874 2120 Quod
899 2070 1018 2107 cum
1052 2056 1303 2122 Quintino
1328 2070 1382 2112 et
1405 2060 1623 2128 reliquis
1669 2060 1797 2113 viris
1840 2062 2162 2116 militaribus

586 2143 977 2212 displicuisset,
1008 2146 1264 2201 Nanneno
1296 2149 1688 2218 Mogontiacum
1722 2168 1967 2216 reverso,
1999 2153 2162 2217 Quiu-

588 2234 731 2291 tinus
750 2249 871 2290 cum
896 2238 1137 2292 exercitu
1170 2240 1311 2292 circa
1358 2241 1617 2295 Nivisium
1649 2239 1673 2278 ιι
1705 2244 1983 2297 castellum
2016 2246 2161 2300 libe-

587 2345 716 2385 num
745 2341 1111 2399 transgressus
1134 2375 1148 2396 ,
1204 2336 1452 2388 secundis
1483 2350 1512 2387 a
1541 2335 1702 2389 ﬂuvio
1750 2340 1941 2391 castris
1964 2383 1977 2405 ,
2010 2356 2164 2397 casas

595 2424 983 2479 habitatoribus
1014 2438 1204 2479 vacuas
1225 2436 1383 2495 atque
1412 2427 1656 2498 ingentes
1688 2429 1834 2484 vicos
1876 2430 2163 2483 deSIitntos

589 2514 828 2572 oﬂ'endit.
856 2516 1043 2569 Franci
1067 2517 1245 2579 enim,
1272 2518 1518 2572 simulato
1546 2529 1709 2583 metu,
1744 2536 1802 2573 se
1833 2520 1883 2573 in
1914 2520 2166 2574 remotio-

589 2621 677 2662 res
697 2608 863 2662 saltos
902 2616 1238 2676 receperant,
1271 2609 1581 2664 concidibus
1612 2625 1714 2679 per
1742 2622 1982 2664 extrema
2008 2612 2167 2665 silva-

590 2711 708 2752 rum
741 2700 1061 2764 procuratis.
1118 2699 1300 2769 Itaque
1331 2699 1594 2755 uuiversis
1625 2701 1871 2755 domibus
1918 2704 2121 2757 exustis
2146 2743 2162 2769 ,

590 2787 644 2842 in
674 2803 806 2858 quas
831 2792 1017 2844 saevire
1046 2791 1308 2845 stoliditas
1338 2792 1527 2862 ignava
1556 2794 1793 2848 victoria
1820 2810 2162 2849 consumma-

590 2879 785 2935 tionem
840 2883 1153 2949 reponebat,
1210 2894 1428 2939 noctem
1478 2887 1761 2941 sollicitam
1822 2888 2018 2943 milites
2067 2890 2167 2943 sub

591 2986 860 3027 armorum
892 2989 1055 3027 onere
1080 2974 1366 3030 duxerant.
1399 2977 1476 3031 Ac
1506 2978 1677 3046 primo
1703 2979 1970 3044 diluculo,
2000 2980 2163 3045 Quin-

2263 1772 2583 1842 exigendas,
2630 1772 2732 1826 nisi
2782 1772 3027 1826 universa
3057 1787 3178 1839 qua:
3220 1774 3481 1841 superiori
3511 1790 3653 1829 anno
3683 1779 3844 1831 casis

2265 1863 2561 1933 legionibus
2601 1863 2957 1930 diripuerant,
2985 1863 3266 1919 confestim
3293 1867 3669 1932 restituerent,
3705 1883 3843 1923 auc-

2264 1964 2516 2026 toresque
2547 1957 2667 2012 belli
2702 1956 2992 2022 traderent,
3018 1956 3069 2010 in
3108 1972 3241 2025 quos
3268 1958 3478 2013 violata:
3509 1962 3647 2028 pacis
3675 1964 3845 2030 perfi-

2264 2050 2348 2103 dia
2380 2053 2677 2119 puniretur.
2718 2069 2735 2100 ι
2768 2051 2890 2103 llzcc
2906 2063 3046 2117 acta,
3074 2067 3192 2103 cum
3221 2054 3384 2107 duces
3408 2064 3607 2116 essent,
3631 2056 3842 2120 retulit,

2264 2148 2317 2206 c1.
2346 2140 2597 2209 deinceps
2620 2141 2722 2193 ait:
2761 2158 2777 2191 t
2818 2141 2945 2194 Post
2971 2140 3087 2193 dies
3117 2143 3392 2210 pauculos,
3428 2144 3760 2199 Marcomere
3788 2155 3843 2201 et

2262 2234 2517 2287 Sunuoue
2565 2233 2888 2287 Francorum
2951 2234 3253 2302 regalibus,
3316 2242 3589 2289 transacto
3639 2237 3839 2291 cursim

2264 2324 2574 2391 colloquio,
2628 2324 3029 2392 impetratisque
3071 2332 3095 2371 ε
3136 2338 3217 2377 .ex
3270 2339 3419 2379 more
3444 2324 3748 2393 obsidibus,
3773 2327 3839 2380 ad

2267 2418 2606 2474 hiemaudum
2656 2419 2901 2471 'l'reveris
2949 2419 3235 2471 concessit.
3298 2437 3316 2469 ι
3373 2418 3503 2471 Cum
3532 2428 3709 2473 autem
3748 2436 3841 2474 eos

2268 2513 2471 2580 regale;
2498 2520 2680 2577 vocet,
2706 2510 2973 2563 nescimus
3003 2520 3177 2563 utrum
3209 2524 3361 2580 rcges
3391 2510 3625 2575 fuerint,
3655 2527 3723 2564 an
3755 2514 3836 2565 vi-

2265 2618 2354 2657 ces
2391 2603 2657 2656 tenuerint
2708 2618 2916 2671 regum.
2976 2601 3117 2655 Idem
3178 2612 3353 2653 tamen
3408 2604 3674 2670 scriptor,
3720 2618 3840 2658 cum

2267 2694 2613 2749 necessitates
2641 2693 2990 2746 Valentiniani
3026 2693 3248 2761 Augusti
3274 2703 3696 2759 commemorat,
3732 2695 3844 2749 hac

2265 2788 2531 2857 adjungit:
2589 2806 2607 2838 ‹
2657 2786 2786 2841 Dum
2815 2787 3024 2842 diversa
3065 2788 3115 2840 in
3146 2787 3363 2841 Oriente
3408 2803 3501 2856 per
3529 2788 3787 2842 Thracias
3814 2784 3844 2829 δ

2265 2892 2562 2953 geruntur,
2619 2881 2673 2935 in
2729 2880 2895 2936 Gallia
2959 2890 3130 2934 status
3185 2880 3423 2949 publicus
3467 2882 3835 2949 perturbatur.

2269 2976 2466 3030 Clauso
2499 2975 2637 3043 apud
2687 2974 2945 3028 Viennam
2992 2973 3172 3041 palatii
3222 2972 3427 3026 aedibus
3456 2974 3695 3042 principe
3748 2975 3845 3027 γε.

594 3065 703 3120 tino
734 3067 899 3135 pnrlii
922 3068 1058 3122 duce
1087 3068 1311 3138 ingressi
1336 3069 1525 3133 saltus,
1551 3070 1602 3123 iu
1630 3071 1859 3124 medium
1895 3072 2003 3125 fere
2020 3073 2158 3126 diem
2190 3080 2234 3139 [ζ
2270 3067 2585 3132 leutiniano,
2634 3076 2687 3121 et
2739 3080 2872 3133 pene
2902 3064 3035 3117 infra
3094 3065 3280 3131 privati
3334 3064 3549 3118 modum
3582 3066 3801 3119 redacto
3825 3107 3843 3131 ,

594 3159 929 3228 implicantes
982 3174 1041 3213 se
1094 3160 1370 3214 erroribus
1423 3160 1676 3226 viarum,
1731 3172 1843 3215 toto
1899 3162 2167 3229 pervagati

593 3260 747 3303 sunt:
783 3250 996 3303 tandem
1041 3264 1159 3304 cum
1208 3251 1512 3320 ingentibus
1538 3253 1707 3320 septis
1730 3254 1905 3305 omnia
1934 3267 1962 3304 a
1997 3252 2167 3306 solido

596 3340 775 3395 clausa
798 3340 1165 3407 offendissent,
1211 3342 1263 3394 in
1312 3343 1579 3411 palustres
1621 3357 1856 3411 campos,
1886 3343 1973 3411 qui
2020 3343 2168 3395 silvis

596 3434 971 3507 jungebautur,
998 3451 1318 3505 prorupere:
1352 3437 1695 3490 molientibus
1727 3447 1773 3501 ο,
1801 3436 2029 3489 hostium
2062 3436 2166 3489 rari

605 3546 929 3600 apparuere:
958 3531 1046 3600 qui
1076 3529 1376 3600 conjunctis
1406 3531 1655 3582 arborum
1687 3530 1910 3593 truncis,
1934 3529 2019 3582 vcl
2041 3543 2169 3582 cou-

597 3624 807 3678 cidibus
838 3633 1234 3691 superstantes,
1266 3623 1413 3677 Velut
1439 3638 1468 3675 e
1512 3621 1735 3690 fastigiis
1784 3622 2007 3674 turrium
2034 3663 2046 3686 ,
2084 3635 2169 3674 sa-

598 3717 757 3786 gittas
786 3722 1174 3769 tormentorum
1226 3715 1333 3768 ritu
1380 3714 1617 3767 effudere
1672 3714 1831 3766 illitas
1883 3713 2167 3768 herbarum

599 3808 840 3873 venenis,
892 3816 951 3861 ut
992 3823 1214 3861 summa:
1242 3808 1385 3871 cuti,
1435 3807 1925 3875 nequeletbalibus
1974 3806 2168 3860 inﬂicta

601 3901 736 3954 locis
760 3901 997 3963 vulnera,
1031 3898 1170 3953 haud
1217 3899 1390 3953 dubia:
1440 3909 1637 3954 mortes
1664 3910 2035 3967 sequerentur.
2070 3898 2172 3951 De-

601 3992 727 4046 hinc
756 3991 947 4060 majori
992 3990 1335 4044 multitudine
1368 3991 1600 4043 hostium
1629 3989 1984 4047 circumfusus
2011 4002 2173 4043 exer-

600 4084 761 4149 citus,
805 4086 858 4137 in
886 4094 1069 4150 aperta
1099 4099 1411 4153 camporum
1431 4125 1444 4148 ,
1477 4101 1595 4153 qua!
1625 4085 1785 4139 libera
1829 4082 2017 4138 Franci
2047 4084 2173 4138 reli-

599 4186 843 4246 querant,
870 4178 1023 4232 avide
1059 4177 1258 4233 effusus
1288 4188 1406 4232 est:
1437 4193 1499 4231 ac
1543 4178 1697 4244 primi
1727 4179 1935 4246 equites
1963 4176 2172 4243 voragi-

602 4271 758 4326 nibus
787 4270 1027 4326 immersi
1054 4310 1070 4336 ,
1105 4269 1385 4339 permixtis
1408 4269 1683 4323 hominum
1703 4267 2173 4337 jumentorumque

680 4415 707 4445 ι
748 4405 991 4473 Plerique
1046 4404 1173 4457 edit.
1197 4448 1210 4470 ,
1251 4402 1583 4473 Geuobaldo;
1637 4401 1783 4473 Bec.;
1823 4395 2171 4473 Genebaudo;

2270 3160 2517 3213 militaris
2541 3159 2618 3212 rei
2650 3171 2777 3211 cura
2806 3155 3028 3210 Francis
3061 3155 3381 3210 satellitibus
3410 3156 3599 3210 tradita
3619 3199 3633 3217 ,
3666 3156 3844 3210 civilia

2266 3250 2376 3321 ϐο
2422 3263 2631 3316 quoque
2658 3246 2830 3301 officia
2870 3242 2889 3283 ἱ
2925 3256 3256 3315 transgressa
3316 3248 3369 3299 in
3415 3245 3844 3314 conjurationeu.

2269 3340 2611 3412 Arbogastis:
2665 3340 2951 3400 nullusque
2979 3353 3042 3392 ex
3073 3338 3321 3391 omnibus
3360 3339 3717 3392 sacramentis
3745 3339 3847 3392 tui-

2268 3433 2396 3488 litiaa
2441 3432 2714 3486 obstrictis
2742 3431 3114 3498 reperiebatur
3135 3471 3150 3493 ,
3186 3433 3271 3499 qui
3310 3429 3556 3483 familiari
3586 3430 3847 3498 principis

2269 3525 2502 3580 sermoni
2527 3522 2805 3592 autjussis
2834 3523 3055 3591 obsequi
3086 3522 3326 3574 auderet.
3377 3520 3580 3575 Dehinc
3629 3521 3846 3587 refert,

2271 3619 2408 3688 quod
2431 3618 2618 3673 eodem
2651 3631 2793 3669 anno
2823 3616 3148 3685 Arbogastes
3180 3616 3487 3670 Suunonetn
3539 3625 3592 3668 ct
3639 3614 3844 3669 Marco-

2272 3728 2470 3767 merein
2551 3709 2868 3780 subregulos
2924 3708 3247 3763 Francorum
3313 3707 3599 3778 gentilibus
3642 3707 3847 3763 odiis}

2271 3806 2575 3867 insectans,
2631 3802 2975 3872 Agrippinam
3032 3801 3240 3869 rigente
3271 3800 3501 3855 maxime
3551 3800 3729 3857 hieme
3759 3816 3851 3871 pe-

2273 3899 2383 3952 tiit:
2422 3906 2565 3949 ratus
2597 3904 2709 3948 tuto
2733 3909 2920 3947 onmes
2952 3891 3192 3946 Francia:
3223 3906 3468 3947 recessus
3492 3893 3852 3960 penetrandos

2274 3991 2635 4057 urendosque,
2668 4002 2787 4042 cum
2830 3986 3067 4040 decussis
3098 3984 3236 4038 foliis
3266 3984 3420 4037 nudae
3450 3994 3607 4052 atque
3638 3994 3852 4039 arentes

2274 4086 2420 4140 silvae
2441 4083 2751 4136 insidiantes
2780 4082 3029 4132 occulere
3059 4091 3162 4130 non
3192 4085 3431 4146 possent.
3460 4073 3703 4129 Collecto
3724 4092 3853 4145 ergo

2274 4177 2530 4238 exercitu,
2557 4184 2920 4241 transgressus
2938 4169 3179 4223 Rhenum
3204 4167 3253 4232 ι,
3285 4167 3552 4222 Brictrros
3577 4168 3707 4236 ripae
3732 4184 3855 4236 pro-

2274 4268 2481 4325 ximos,
2518 4280 2705 4333 pagum
2740 4260 2755 4297 ι
2788 4264 2946 4313 etiattt
2978 4276 3135 4329 quem
3164 4259 3423 4313 Chamani
3459 4260 3698 4313 incolunt
3720 4302 3733 4322 ,
3756 4262 3851 4314 dc-

2274 4397 2441 4453 Codd.
2502 4411 2654 4461 mss.,
2690 4396 2973 4455 Bellov:tc..
3011 4396 3288 4447 [let-censis
3318 4406 3370 4446 et
3418 4395 3621 4447 Tur0u.
3652 4394 3855 4450 habent

602 4458 761 4529 Bada
785 4490 878 4543 pro
907 4458 1173 4530 'Sunnone
1200 4458 1377 4527 'habet
1418 4458 1682 4536 Sansone;
1740 4458 1928 4538 Regm.
1947 4510 1960 4532 ,
2014 4458 2172 4523 Sum;
2200 4458 2252 4517 Ι)
2276 4458 2691 4543 imperatorisque
2726 4483 2787 4518 ea:
2824 4482 2963 4543 more
2994 4467 3250 4543 obsidibus
3272 4466 3459 4543 ._quod
3498 4465 3578 4519 sic
3605 4469 3856 4543 Mori-lius

600 4562 719 4599 εοηε
726 4584 739 4598 .

676 4614 702 4654 δ
741 4612 832 4669 Sic
879 4614 1146 4682 appellant
1175 4623 1386 4669 veteres
1418 4628 1550 4667 mss.
1600 4612 1667 4666 At
1695 4610 1849 4666 Colb.
1900 4619 1955 4665 et
2002 4608 2170 4679 Reg.,

605 4683 916 4739 Namninus.
948 4683 1191 4752 Plerique
1220 4685 1371 4749 editi,
1404 4683 1661 4737 Nannius.

677 4767 699 4795 ο
740 4754 1062 4809 Carbonaria
1094 4751 1225 4807 silva
1258 4754 1397 4808 inter
1419 4755 1664 4808 Rhenum
1692 4763 1745 4807 et
1774 4751 2004 4806 Scalditn
2038 4752 2170 4820 sita,

601 4842 719 4897 quae
745 4840 867 4895 pars
895 4832 1013 4879 erat
1041 4825 1361 4877 Arduennae.

672 4896 699 4935 ά
742 4896 843 4950 Alii
888 4894 1085 4948 habent
1140 4892 1434 4947 Novesium.
1485 4893 1615 4958 Quae
1656 4894 1900 4950 lectionis
1948 4896 2179 4948 varietas

601 4969 765 5024 etiam
813 4967 949 5031 apud
982 4965 1112 5019 alios
1158 4976 1405 5019 auctores
1456 4966 1720 5035 occurrit,
1775 4965 1932 5035 vulgo
1988 4965 2181 5035 dicitur

608 5039 773 5100 Nuiz,
806 5036 1056 5106 oppidum
1091 5035 1229 5089 haud
1271 5035 1506 5103 procula
1539 5033 1760 5089 Colonia
1795 5033 2103 5104 Agrippina.

679 5120 702 5147 ο
744 5109 869 5162 Mss.
906 5108 959 5171 2,
986 5122 1314 5176 prorumpere
1340 5107 1681 5160 molientibus.

680 5179 700 5217 ί
742 5175 993 5249 Valesius
1038 5178 1162 5249 legit
1201 5176 1553 5232 Iovianorum.
1614 5178 1681 5232 Et
1706 5175 1918 5249 quidem
1949 5176 2187 5249 celebres

607 5261 760 5303 erant
807 5248 1011 5303 Joviaui
1062 5247 1266 5310 milites,
1298 5249 1364 5303 de
1392 5249 1585 5317 quibus
1626 5247 1925 5301 'l'oiuardus
1956 5248 2005 5299 in
2050 5249 2189 5303 notis

611 5322 675 5372 ad
693 5319 1043 5374 Lactantium.
1068 5320 1201 5374 Vide
1221 5331 1273 5374 et
1290 5319 1453 5374 Notas
1474 5319 1525 5373 in
1551 5319 1681 5375 Acta
1702 5329 1991 5388 martyrum
2017 5356 2033 5380 ,
2066 5334 2183 5384 pag.

612 5389 736 5444 665.
770 5391 871 5443 Alii
905 5391 1045 5446 forte
1085 5390 1172 5446 hic
1201 5400 1596 5456 memorantur,
1627 5390 1706 5446 sic
1734 5389 1865 5445 dicti
1894 5403 1923 5442 a
1952 5389 2144 5443 Jovino
2170 5428 2185 5456 ,

611 5460 680 5513 de
706 5472 811 5513 ouo
832 5458 989 5513 infra.

649 5475 680 5514 e
706 5472 811 5526 quo
832 5472 989 5513 intra.

686 5537 712 5577 ι
752 5528 939 5598 Regni.
967 5568 983 5592 ,
1030 5529 1307 5597 imperator
1354 5531 1418 5583 ab
1445 5532 1518 5585 eis
1571 5530 1795 5595 acceptis
1822 5530 2081 5583 obsidibus
2128 5545 2192 5583 ea:

610 5615 748 5652 more
783 5605 849 5652 att
878 5598 1204 5669 hiemandum
1238 5601 1465 5654 Treueris
1494 5602 1775 5665 concessit;
1804 5612 1855 5654 et
1892 5615 1987 5669 pro
2013 5617 2080 5653 an
2107 5600 2187 5652 vi-

609 5688 712 5739 ces,
752 5679 878 5737 ctc.,
928 5668 1068 5725 idem
1118 5672 1239 5727 cod.
1265 5688 1331 5725 an
1359 5686 1448 5740 per
1473 5671 1603 5727 vices
1653 5668 1903 5727 tenuerint
1954 5686 2188 5741 regnum.

2276 4537 2655 4592 restituendum
2697 4537 3031 4604 suspicatur,
3067 4537 3420 4604 iutpcratisque
3450 4554 3511 4588 ex
3558 4552 3701 4589 more
3725 4538 3856 4591 obsi-

2273 4609 2438 4662 dibus.

2348 4676 2377 4714 ιι
2418 4680 2509 4732 Sic
2530 4677 2686 4741 Bec.;
2719 4677 2804 4729 alii
2836 4677 3084 4729 Thracas.

2292 4794 2293 4797 η
2358 4748 2369 4786 ἲ
2418 4747 2474 4802 Id
2531 4759 2611 4801 est
2642 4748 2835 4813 publici
2883 4749 3137 4811 ministri,
3169 4746 3257 4815 qui
3289 4748 3604 4814 praesidibus
3631 4749 3858 4817 provin-

2286 4820 2489 4873 ciarum
2539 4828 2631 4871 aut
2678 4818 3071 4887 magistratibus
3123 4818 3481 4871 inserviebam
3535 4820 3586 4870 in
3639 4820 3861 4885 publicis

2288 4891 2502 4944 muniis.
2553 4890 2688 4942 llinc
2736 4889 3001 4943 Officiales
3051 4888 3175 4943 dicti
3222 4896 3364 4941 sunt.
3403 4889 3530 4942 Vide
3582 4891 3772 4943 liaron.
3811 4897 3860 4942 iu

2289 4961 2438 5015 Notis
2468 4959 2531 5013 ad
2564 4961 2831 5028 Martyrol.
2868 4959 3127 5012 Roundte
3152 4958 3219 5011 27
3252 4959 3392 5012 Maii.

2364 5033 2378 5081 i
2430 5032 2547 5096 Ipse
2572 5027 2711 5083 enim
2743 5030 3062 5092 Arbogastes
3093 5044 3287 5100 genere
3324 5038 3441 5083 erat
3470 5027 3704 5084 Francus
3728 5073 3743 5094 ,
3786 5044 3860 5083 ull

2291 5103 2477 5157 scribit
2506 5100 2757 5154 Paulinus
2788 5102 2838 5154 iu
2876 5102 2987 5154 \‘ita
3017 5101 3183 5155 sancti
3217 5100 3509 5166 Ambrosii,
3536 5111 3593 5156 et
3618 5102 3707 5155 alii
3732 5118 3860 5171 quo:

2334 5189 2397 5226 ue
2426 5171 2543 5239 eius
2572 5173 2671 5224 τιτνὶ
2700 5174 2989 5239 scriptores
3022 5174 3272 5224 innuuut.

2293 5192 2397 5242 que
2426 5192 2543 5239 e||lS
2572 5192 2671 5224 ειτγι
2700 5192 2989 5239 δρῐιριοῐθδ
3022 5192 3272 5224 ιηηυιιιιι.

2364 5244 2391 5281 ιι
2440 5245 2534 5296 Hic
2562 5242 2613 5296 in
2635 5243 2756 5295 cod.
2784 5245 2980 5298 Bellov.
3002 5282 3017 5303 ,
3050 5241 3306 5296 detractis
3328 5242 3535 5296 duobus
3565 5241 3730 5310 foliis,
3744 5257 3867 5314 qua:

2292 5326 2585 5425 sequuntur
2611 5314 2674 5367 ad
2704 5328 2821 5381 cap.
2856 5315 2922 5368 η
2952 5316 3163 5367 desunt.

2436 5383 2577 5425 I‘nrh
2652 5383 2890 5425 Rrirlnrix
2919 5385 3044 5425 rium
3081 5401 3163 5425 nrt

2436 5383 2620 5446 Cot‘b.,
2646 5383 2890 5438 Brictoris
2919 5385 3044 5454 ripae
3070 5386 3369 5454 proximum
3400 5400 3609 5454 pagum.
3636 5384 3675 5439 li
3711 5395 3866 5448 sunt.

2297 5459 2350 5512 ni
2371 5458 2546 5522 fallor,
2581 5457 2856 5518 Bructeri,
2886 5452 3170 5520 (le'quibus
3202 5452 3535 5520 Paterculus,
3569 5456 3791 5511 Tacitus
3821 5466 3870 5511 et

2297 5528 2385 5583 alii
2406 5570 2422 5589 ,
2471 5542 2604 5595 quos
2635 5527 2880 5596 Tmingis
2900 5567 2916 5591 ,
2951 5525 3169 5579 Francis
3192 5564 3206 5588 ,
3248 5537 3351 5596 etc.
3373 5565 3389 5590 ,
3416 5525 3594 5595 jungit
3621 5527 3871 5582 Sidonius

2296 5614 2463 5653 carui.
2490 5599 2542 5652 7.
2575 5595 2911 5657 Habitabant,
2937 5605 2994 5649 ut
3016 5605 3165 5663 putat
3199 5597 3259 5648 Il.
3292 5595 3505 5661 Junius,
3535 5600 3587 5650 in
3617 5596 3871 5653 hodierna

2299 5668 2644 5738 Wcstphalia.
2697 5668 2837 5723 Editi
2894 5668 3001 5722 duo
3047 5682 3143 5736 pro
3188 5667 3340 5719 etiam
3394 5666 3595 5722 habent
3652 5667 3869 5733 «Etiam,
