3994 6194
146 199 234 259 illis

1042 211 1361 269 HISTORIA
1401 213 1844 270 FRANGORUM.
1887 215 2087 271 LIBER
2129 216 2503 274 SECUNDUS.

3293 216 3398 278 206

169 323 412 399 populatus
445 335 571 390 est,
623 327 781 381 nullo
827 341 1052 394 unquam
1082 337 1424 393 occursante,
1457 326 1560 380 nisi
1587 327 1726 397 quod
1759 334 1803 388 Α
1834 328 1969 394 suis,
2020 329 2246 400 imperio
2287 329 2591 400 praeditum.
2624 339 2781 400 atque
2810 331 2862 386 iii
2892 348 2950 387 se
2986 335 3238 391 comitatu
3268 349 3402 408 gni-
3435 371 3442 380 -

181 419 378 490 pauciex
421 421 782 488 Ampsuariis
811 430 860 472 et
888 420 1093 472 Chattis
1141 420 1468 474 Marcomere
1512 420 1646 476 duce
1676 423 1729 476 in

184 513 489 568 ulterioribus
532 512 758 567 collium
802 513 941 582 jugis
987 526 1305 584 apparuere.
1347 530 1366 564 ι
1399 512 1594 567 lterum
1647 512 1732 568 hic

185 605 347 663 relictis
375 612 485 658 tam
514 603 747 659 ducibus
775 619 928 674 quam
957 605 1257 674 regalibus,
1289 615 1472 674 aperte
1501 605 1732 660 Francos

178 711 324 766 regem
355 705 380 734 ³
434 697 640 752 habere
679 697 942 766 designat.
982 695 1245 766 hujusque
1294 712 1484 752 nomen
1517 707 1733 765 praeter-

170 791 359 844 mittens
383 831 401 856 ,
435 791 548 844 ait:
597 809 615 842 ι
659 790 860 846 Dehinc
898 791 1165 860 Eugenitts
1196 801 1453 862 tyrannus
1483 799 1731 860 suscepto

169 884 545 954 expeditiomili
577 885 874 954 procinctu,
912 883 1085 939 Rheni
1115 885 1332 939 limitem
1365 883 1514 952 petit,
1535 894 1732 938 uicum

160 978 575 1032 Alamannorum
603 988 657 1031 et
689 977 1013 1031 Francorum
1066 977 1313 1044 regibus,
1346 977 1569 1031 vetustis
1627 976 1728 1030 fte-

155 1071 358 1125 deribus
409 1086 482 1124 ex
519 1084 670 1123 more
720 1068 900 1135 initis,
933 1069 1251 1122 immensum
1299 1083 1360 1122 ea
1417 1075 1732 1136 tempestate

152 1167 446 1219 exercitum
504 1161 758 1231 gentibus
805 1160 932 1215 feris
981 1168 1295 1215 ostentaret.
1337 1177 1355 1210 i
1395 1159 1518 1213 Haec
1547 1173 1732 1227 supra-

148 1255 381 1322 scriptus
413 1253 880 1322 historiographus
902 1253 970 1307 de
1001 1251 1221 1306 Francis
1243 1251 1516 1306 disseruit.

216 1345 462 1399 Renatus
492 1343 806 1397 Profuturus
861 1341 1187 1414 Frigeridus,
1235 1340 1390 1410 cujus
1436 1343 1542 1408 jam
1573 1354 1730 1408 supra

143 1436 514 1498 meminimus,
547 1449 667 1488 cum
719 1433 941 1486 Romam
974 1432 1134 1488 refert
1181 1448 1210 1486 a
1256 1431 1465 1486 Gotthis
1510 1438 1720 1500 captam

140 1537 298 1594 atque
331 1526 677 1590 subversam,
718 1526 824 1595 61
846 1525 956 1577 ait:
995 1543 1012 1574 ι
1046 1525 1251 1578 Interea
1282 1523 1603 1590 ReSpendial
1637 1537 1729 1576 rex

139 1619 578 1671 Alamannorum
603 1615 652 1677 δ,
677 1615 852 1668 Goare
882 1615 946 1667 ad
980 1614 1247 1667 Romanos
1272 1623 1630 1682 transgresso,
1663 1612 1729 1668 de

1838 421 1969 476 tium
1998 422 2342 475 barbararum
2379 423 2677 476 accinctum
2707 425 2900 493 parari.
2951 427 3068 502 Quo
3117 431 3394 508 extqrniti,

1838 512 2116 568 Edobeceo
2141 524 2163 551 ο
2185 515 2250 567 ad
2277 515 2567 575 Germanas
2593 529 2776 584 gentes
2799 519 3091 586 praemisso,
3110 509 3394 586 Constans,

1836 613 1889 657 et
1919 603 2196 672 prazfectus
2220 606 2329 675 jam
2382 605 2947 666 Decimusdltusticus
2993 627 3057 668 ex
3106 614 3402 674 ciliciorum

1836 695 2091 764 magistro
2123 706 2309 766 petunt
2355 695 2557 753 Gallias
2585 714 2704 754 cum
2733 700 2952 757 Francis
2973 711 3029 758 et
3056 705 3362 762 Alamannis
3381 748 3396 774 ,

1833 788 2083 858 omnique
2105 790 2330 842 militum
2361 805 2539 854 manu,
2565 790 2628 843 ad
2653 791 3058 848 Constantinum
3076 795 3401 866 iamiamque

1835 880 2074 934 redituri.
2111 881 2239 935 Item
2283 897 2406 936 cum
2445 881 2850 938 Constantinum
2897 884 3130 941 obsideri
3183 890 3400 954 scribit,

1835 971 1906 1024 ita
1947 971 2115 1026 dicit:
2154 973 2248 1027 Vix
2293 973 2415 1026 dum
2465 984 2684 1035 quartus
2732 975 3026 1031 obsidionis
3071 978 3401 1034 Constantini

1834 1065 2031 1116 mensis
2081 1064 2364 1131 agebatur,
2412 1078 2533 1118 cum
2587 1077 2804 1134 repente
2832 1083 2896 1121 ex
2948 1069 3184 1123 ulteriori
3233 1068 3402 1124 Gallia

1837 1154 2007 1206 nuntii
2040 1156 2277 1218 veniunt,
2307 1155 2551 1209 Jovinum
2582 1160 2939 1228 assumpsisse
2958 1172 3174 1214 ornatus
3206 1164 3401 1229 regios,

1836 1254 1889 1299 et
1915 1260 2032 1300 cum
2083 1247 2578 1314 Burgundionibus,
2611 1249 2718 1320 62
2751 1252 3088 1320 Alamannis,
3143 1254 3362 1310 Francis
3383 1295 3400 1320 ,

1835 1336 2038 1400 Alanis,
2095 1339 2348 1408 omnique
2397 1343 2634 1394 exercitu
2686 1342 2964 1398 imminere
3015 1345 3399 1402 obsidentibus.

1834 1423 1905 1478 lta
1929 1426 2240 1480 acceleratis
2259 1429 2442 1493 moris,
2475 1441 2710 1485 reserata
2737 1435 2870 1489 urbe
2896 1434 3274 1494 Constantinus
3310 1440 3404 1492 dc-

1833 1518 1994 1572 tlitur.
2043 1517 2437 1591 Confestimque
2483 1524 2548 1576 ad
2601 1523 2802 1580 Italiam
2851 1528 3113 1597 directus,
3169 1531 3403 1586 missisa

1837 1611 2074 1678 principe
2116 1611 2328 1664 obviam
2369 1617 2802 1682 percussoribus,
2835 1634 2994 1687 supra
3029 1621 3276 1675 Mincium
3308 1623 3404 1676 ίιιιη

137 1708 335 1762 Rheno
366 1723 564 1776 agmen
611 1721 830 1759 suorum
885 1706 1165 1768 convertit,
1202 1704 1455 1759 Vandalis
1495 1704 1729 1759 Franco-
1763 1697 1805 1755 Β
1835 1715 1958 1755 men
1985 1689 2158 1767 capite
2203 1710 2476 1758 truncatus
2511 1715 2613 1759 est.
2667 1707 2731 1760 Et
2777 1719 2892 1795 post
2937 1726 3099 1779 pauca
3148 1713 3286 1768 idem
3319 1731 3404 1767 re-

141 1824 256 1861 rum
293 1808 444 1860 bello
483 1805 850 1859 laborantibus
869 1845 883 1868 ,
926 1801 1235 1872 Godegisilo
1265 1816 1391 1871 rege
1415 1802 1696 1869 absumpto
1717 1843 1733 1868 ,

141 1901 262 1953 acie
307 1897 506 1968 viginti
553 1896 721 1951 ferme
750 1895 988 1949 millibus
1018 1897 1160 1949 ferro
1193 1895 1508 1962 peremptis,
1533 1893 1738 1948 cunctis

143 1989 521 2043 Vandaiornm
543 1987 607 2041 ad
635 1985 1056 2041 internecionem
1087 1983 1346 2049 delendis,
1376 1983 1429 2038 ni
1451 1982 1736 2038 Alanorum

145 2085 229 2138 vis
259 2083 316 2136 in
347 2096 596 2149 tempore
623 2078 983 2134 subvenisset.
1031 2097 1049 2130 ι
1087 2078 1260 2132 Movet
1291 2093 1388 2132 nos
1421 2079 1535 2131 haec
1555 2093 1735 2141 causa,

147 2176 291 2244 quod
320 2191 447 2228 cum
479 2174 706 2226 aliarum
758 2172 998 2240 gentium
1030 2186 1182 2241 reges
1211 2171 1470 2234 nominat,
1510 2184 1606 2223 cur
1634 2184 1738 2222 non

151 2269 396 2323 nominet
425 2277 482 2321 et
515 2266 864 2320 Francorum.
899 2262 1098 2317 Tamen
1130 2278 1247 2316 cum
1277 2264 1385 2329 ait,
1414 2263 1554 2332 quod
1600 2263 1739 2316 Cun-

155 2361 461 2422 stantinns,
507 2365 778 2424 assumpta
835 2355 1135 2424 tyrannide,
1167 2356 1537 2409 Constantium
1575 2354 1738 2408 lilium

163 2449 224 2501 ad
263 2463 323 2503 se
365 2449 433 2503 de
482 2447 752 2516 Hispaniis
784 2445 966 2499 venire
991 2445 1258 2514 jussisset.
1319 2445 1384 2498 ita
1437 2444 1730 2499 disseruit:

170 2556 189 2589 ι
226 2538 406 2592 Accito
457 2537 842 2592 Constantinus
896 2543 1149 2604 tyrannus
1180 2534 1244 2588 de
1278 2533 1544 2603 Hispaniis
1595 2532 1738 2587 Gon-

167 2638 332 2683 SIante
371 2628 502 2690 ﬁlio,
529 2630 765 2695 itemque
810 2637 1069 2696 tyranno,
1103 2642 1207 2693 quo
1235 2626 1299 2678 de
1328 2641 1532 2680 summa
1565 2642 1739 2681 rerum

172 2723 529 2775 consultarent
555 2730 867 2787 praesentis,
903 2721 1093 2773 iactum
1124 2728 1204 2772 est
1234 2727 1287 2770 ut
1327 2718 1610 2784 Constans,
1654 2722 1741 2773 in-

174 2821 462 2866 strumento
493 2813 627 2864 aula:
671 2820 725 2864 et
777 2811 1002 2877 conjuge
1041 2824 1133 2861 sua
1187 2809 1628 2878 Gaesar-angusta:
1658 2809 1740 2864 (li-

176 2907 380 2974 missis,
413 2905 667 2960 Gerontio
694 2906 827 2982 iiitra
874 2903 1149 2969 Hispanias
1190 2902 1438 2956 omnibus
1485 2903 1698 2957 creditis
1725 2947 1738 2970 ,

179 2999 240 3052 ad
268 3011 465 3068 patrem
494 2999 803 3053 continuato
832 2997 1022 3049 itinere
1062 2995 1394 3050 decurreret.
1428 2997 1529 3062 Qui
1568 2996 1655 3052 ubi
1688 2998 1740 3050 in

1840 1793 1974 1847 l'ert:
2006 1793 2219 1847 llisdein
2249 1793 2436 1850 diebus
2465 1802 2748 1866 praefectus
2777 1793 3121 1871 tyrannorum
3156 1805 3404 1868 Decimus

1840 1883 2090 1936 Rusticus
2114 1925 2128 1944 ,
2186 1886 2470 1955 Agroetius
2501 1903 2566 1942 ex
2610 1891 2917 1958 primicerio
2947 1896 3270 1951 notariorum
3309 1899 3404 1952 Jo-

1840 1977 1947 2030 vini
1975 1986 2030 2041 ο,
2065 1973 2325 2048 multique
2370 1978 2577 2035 nobiles
2605 1983 2740 2048 apud
2773 1986 3039 2039 Arvernos
3069 1991 3205 2055 rapti
3246 2005 3275 2042 a
3304 1990 3401 2042 dii-

1839 2068 1988 2123 cibus
2042 2070 2422 2136 llonorianis,,
2456 2083 2510 2125 et
2569 2073 2856 2130 crudeliter
2907 2077 3208 2145 interempti
3261 2091 3408 2136 stitit.

1841 2162 2193 2216 Treverorum
2243 2165 2431 2218 civitas
2480 2181 2508 2218 a
2555 2166 2772 2222 Francis
2804 2169 3043 2239 direpta,
3087 2172 3409 2244 incensaque

1839 2266 1922 2309 est
1967 2256 2200 2309 secunda
2249 2257 2565 2325 irruptione.
2604 2277 2622 2309 ι
2656 2260 2789 2313 Cum
2821 2272 2996 2317 autem
3029 2266 3272 2320 Asterius
3317 2282 3404 2322 (ξος

1839 2346 2032 2400 dicillis
2057 2349 2422 2418 imperialibus
2451 2351 2780 2418 patriciatum
2805 2356 3024 2410 sortitus
3057 2356 3262 2428 luisset,
3290 2361 3402 2417 haec

1841 2438 2121 2510 adjutigit:
2162 2458 2180 2490 t
2223 2440 2421 2495 Eodem
2446 2453 2684 2511 tempore
2711 2443 2960 2502 Castinus
2988 2450 3403 2509 domesticorum

1841 2546 2042 2597 comes,
2089 2533 2428 2602 expeditione
2471 2536 2520 2588 iu
2567 2536 2799 2592 Francos
2825 2551 3092 2608 suscepta,
3119 2541 3184 2596 ad
3210 2543 3408 2600 Gallias

1844 2623 2092 2676 mittitur.
2132 2644 2150 2674 ι
2187 2623 2311 2678 Haec
2335 2625 2385 2678 lii
2413 2626 2479 2680 de
2508 2625 2728 2681 Francis
2748 2628 2951 2684 dixere.
2983 2631 3204 2686 Orosius
3231 2645 3408 2690 autem

1843 2714 2027 2782 etipse
2060 2714 2518 2785 historiographus
2541 2716 2591 2769 in
2623 2719 2850 2785 septimo
2876 2719 3054 2787 operis
3083 2722 3162 2774 sui
3193 2721 3328 2778 libro
3359 2721 3404 2789 ί,

1844 2803 1916 2858 ita
1970 2815 2386 2860 commemorat:
2445 2824 2463 2856 t
2524 2806 2710 2862 Stilico
2771 2811 3102 2880 congregatis
3165 2814 3404 2880 gentibus

1846 2895 2082 2950 Francos
2115 2898 2358 2963 proterit,
2389 2896 2634 2952 Rhenum
2678 2899 2888 2966 transit,
2929 2901 3127 2955 Gallias
3160 2919 3404 2972 pervaga-

1850 2997 1964 3054 tur,
1988 2995 2042 3041 et
2065 2990 2130 3039 ad
2165 2988 2449 3056 Pyrenaeos
2482 3003 2646 3056 uSque
2677 2991 2982 3058 perlabitur.
3019 3011 3038 3043 ι
3085 2990 3234 3047 Hanc
3255 2995 3406 3051 nobis

183 3064 335 3144 unum
371 3105 597 3152 venere,
652 3087 947 3154 interjecvis
989 3085 1175 3140 diebus
1209 3088 1470 3153 plurimis,
1507 3088 1648 3142 nullo
1676 3105 1740 3143 ex
1769 3064 1815 3126 (ἶ
1847 3078 2092 3134 notitiam
2121 3079 2190 3135 de
2220 3080 2438 3135 Francis
2481 3085 2760 3136 memorati
2819 3085 3055 3140 historici
3101 3087 3366 3155 reliquere
3390 3128 3409 3158 ,

184 3181 319 3235 Italia
343 3193 506 3248 metu,
535 3180 919 3234 Constantinus
947 3180 1082 3246 gulae
1113 3189 1161 3232 et
1199 3180 1367 3231 ventri
1397 3179 1632 3246 deditus,
1660 3197 1742 3233 re-

185 3273 292 3326 dire
315 3274 377 3326 ad
401 3273 680 3339 lliSpanias
708 3271 869 3322 lilium
903 3276 1101 3321 monet.
1131 3267 1231 3334 Qui
1257 3269 1548 3337 prretnissis
1577 3271 1742 3339 agmi—

187 3365 348 3430 nibus,
378 3366 499 3418 dtiiii
529 3381 649 3417 cum
685 3372 833 3429 patre
864 3362 1142 3418 resideret.
1175 3364 1242 3414 ab
1278 3362 1523 3430 Hispania
1574 3365 1740 3416 nuntii

187 3466 502 3516 commeant.
528 3471 556 3508 a
580 3454 840 3510 Gerontio
876 3454 1184 3518 Maximum,
1216 3471 1375 3506 unum
1407 3471 1437 3506 e
1463 3457 1743 3512 clientibus

187 3585 283 3634 quo
309 3583 515 3622 nomine
545 3565 782 3621 Orteliiis
811 3565 1014 3633 putavit
1045 3565 1309 3634 designari
1344 3580 1553 3635 pagum,
1583 3585 1739 3636 quem

188 3639 424 3690 tihamani
446 3679 461 3700 ,
491 3641 604 3691 sive
629 3636 914 3702 Chamavi,
948 3644 1004 3688 nt
1039 3637 1129 3689 alii
1159 3637 1370 3690 codices
1402 3639 1624 3699 habent,
1659 3641 1742 3692 iu-

188 3710 437 3761 cnlebant.
469 3708 606 3761 lnl‘ra
644 3723 742 3776 pro
772 3707 1122 3774 Ampsuariis,
1155 3707 1445 3768 (ibesnius,
1476 3719 1615 3776 etc.,
1648 3712 1740 3760 ha-

191 3776 308 3831 bent
327 3778 688 3850 Ampsivariis;
715 3777 792 3830 sic
808 3792 910 3850 pro
937 3778 1129 3850 (.‘Iiatlt's
1157 3777 1316 3829 Cori).
1362 3777 1522 3832 habet
1549 3781 1740 3832 Gnatis.

193 3850 354 3901 ltsunt
379 3847 509 3902 cum
535 3849 775 3902 celebres
797 3847 1092 3900 Germania:
1119 3849 1314 3912 poptili.

259 3929 281 3956 ⁸
321 3925 400 3974 An
429 3921 473 3973 is
496 3935 653 3988 qneni
688 3921 936 3971 nostratis
968 3920 1197 3971 historia!
1227 3921 1512 3988 scriptores
1550 3921 1735 3972 Phara-

192 3994 432 4043 rnnndutn
464 4005 558 4044 seu
592 3987 978 4042 Faratntmduni
1035 3990 1321 4056 appellant,
1377 4007 1531 4056 quem
1588 3990 1740 4042 Chlo-

190 4060 356 4114 dionis
413 4071 658 4125 patrem,
693 4068 746 4111 et
806 4058 1066 4112 Francicze
1123 4059 1443 4114 monarchia:
1475 4073 1741 4128 parentem

186 4146 296 4183 esse
343 4133 559 4183 volunt?
584 4131 927 4182 Clilodioneni
960 4129 1272 4183 Faranitindi
1308 4131 1469 4184 litium
1515 4131 1745 4198 appellat

183 4217 390 4265 auctor,
422 4205 512 4269 qui
559 4199 716 4254 Gesta
767 4200 1085 4253 Francorum
1125 4203 1334 4268 scripsit
1371 4202 1470 4255 sub
1499 4200 1742 4254 Theode-

182 4273 291 4325 rico
322 4274 360 4325 II
403 4286 551 4338 rege,
584 4285 740 4338 quem
790 4271 957 4323 secuti
987 4278 1110 4322 sunt
1149 4269 1363 4336 liorico,
1393 4283 1496 4326 etc.
1532 4274 1586 4322 In
1619 4271 1744 4324 Pro-

178 4345 313 4400 speri
343 4343 615 4394 Chronico
650 4349 715 4392 ad
754 4355 946 4393 annum
986 4339 1055 4394 9.6
1087 4340 1323 4402 Honorii,
1359 4342 1406 4394 id
1439 4353 1518 4396 est
1549 4341 1740 4392 Christi

175 4412 312 4476 $20,
347 4412 720 4502 Farainutithts
752 4425 1000 4502 regnasse
1021 4411 1259 4502 IdiciturI
1281 4412 1334 4464 iii
1386 4412 1746 4502 Franciitjuet
1778 4443 1828 4502 Ι)

174 4497 424 4552 superius
455 4481 542 4552 ad
573 4496 768 4534 annum
799 4480 833 4532 4
854 4479 1138 4552 Theodosii
1165 4526 1178 4547 ,
1213 4482 1260 4532 id
1289 4493 1368 4534 est
1390 4483 1581 4536 Christi
1612 4482 1745 4542 .382,

172 4549 367 4624 legitur
390 4593 406 4616 ,
435 4551 682 4624 Priamus
711 4560 884 4624 regnat
911 4552 960 4602 in
987 4549 1226 4604 Francia.
1252 4552 1612 4624 Ait/Eugenius
1639 4595 1653 4616 ,
1683 4553 1750 4605 de

170 4622 274 4687 quo
308 4626 398 4677 hic
419 4622 736 4690 Gregorius,
769 4623 973 4674 occisus
1004 4632 1087 4674 est
1117 4636 1256 4674 anno
1287 4622 1407 4674 39L
1437 4622 1629 4675 Mirum
1655 4638 1748 4674 an-

171 4705 276 4748 tem
303 4706 390 4748 est
423 4693 553 4746 nihil
579 4693 644 4744 de
675 4691 1007 4744 Faramundo
1029 4694 1164 4756 apud
1189 4693 1498 4760 Gregorium
1528 4701 1580 4744 et
1619 4692 1749 4744 Fre-

170 4766 454 4834 ilcgarioni
492 4763 696 4815 haberi.
728 4761 988 4834 (Steterunt
1042 4763 1283 4834 Yalesius
1327 4761 1420 4816 lib.
1477 4762 1748 4834 lliliei’litii

170 4831 422 4891 Francic.
446 4876 462 4896 ,
499 4849 615 4902 pag.
648 4834 738 4898 87,
773 4833 991 4885 inscitia:
1029 4832 1343 4902 Gregorium
1397 4833 1570 4901 arguit
1614 4831 1753 4899 quod

171 4905 421 4961 ca‘verba
457 4900 677 4970 Sulpicii
716 4903 999 4957 Alexandri
1020 4945 1033 4961 ,
1067 4900 1163 4954 Ger
1194 4905 1402 4968 iliaude,
1433 4900 1534 4957 etc.
1565 4946 1578 4969 ,
1610 4905 1755 4953 duci-

172 4979 263 5030 bus
284 4987 344 5031 et
369 4975 694 5029 Marcomere
721 4975 884 5040 duce,
919 4973 1296 5034 interpretatos
1323 4975 1391 5026 sit
1419 4974 1485 5027 de
1506 4972 1654 5024 ducis
1677 4973 1757 5024 di-

169 5055 410 5115 gnitate,
457 5044 610 5114 quasi
650 5055 779 5095 tunc
818 5051 1070 5110 temporis
1115 5042 1299 5096 Franci
1345 5044 1510 5098 doces
1555 5044 1756 5096 soloin-

171 5120 333 5170 modo
385 5116 712 5178 habuerint,
745 5128 851 5167 non
903 5129 1087 5178 reges,
1119 5120 1257 5180 quod
1283 5155 1296 5177 ,
1332 5117 1536 5183 inquit,
1571 5124 1752 5183 postea

170 5199 382 5242 veteres
405 5200 472 5238 ac
501 5186 832 5239 recentiores
859 5183 1096 5249 plerique
1128 5185 1341 5237 incaute
1363 5181 1529 5239 set-nti
1557 5181 1754 5250 Grego-

169 5263 328 5320 rium,
375 5256 582 5326 pariter
630 5256 980 5323 scripserunt.
1025 5259 1156 5307 tum
1206 5268 1380 5308 tamen
1411 5266 1612 5326 certum
1642 5262 1708 5326 sit
1735 5295 1751 5326 ,

168 5339 225 5380 ut
253 5330 344 5382 ille
377 5325 687 5386 existimat,
716 5326 861 5377 ducis
889 5339 1104 5378 iititii'iie
1153 5340 1217 5377 et)
1270 5327 1386 5378 loco
1429 5325 1560 5378 nihil
1603 5325 1748 5376 aliud

169 5398 468 5466 Sulpicium
499 5395 764 5460 volui~se,
814 5409 972 5464 quam
1012 5393 1078 5446 iis
1108 5397 1534 5466 auctoribussen
1563 5394 1750 5446 dueto-

172 5465 344 5534 ribus,
396 5466 560 5534 bella,
609 5483 728 5537 qua:
752 5467 838 5521 hic
879 5478 1258 5537 memorantur,
1291 5482 1318 5518 a
1351 5465 1566 5537 Fra_ncis
1593 5466 1754 5517 luisse

173 5544 434 5599 coniecta,
465 5534 788 5607 abundeque
819 5538 966 5591 istos
984 5536 1251 5604 principes
1274 5552 1396 5588 vere
1428 5534 1750 5607 Francorum

178 5626 325 5679 reges
378 5613 544 5663 fuisse
588 5603 803 5663 constet
829 5623 897 5662 ex
927 5603 1224 5679 Claudiano
1248 5647 1274 5679 ,_
1296 5607 1518 5679 Paulino
1549 5605 1600 5656 in
1641 5603 1752 5657 Vita

181 5677 340 5734 saucii
392 5681 686 5740 Ambrosii.
717 5689 770 5734 et
803 5681 1030 5741 ipsemet
1076 5677 1343 5744 Sulpicio,
1379 5677 1467 5743 qui
1511 5689 1604 5731 eos
1648 5690 1753 5729 non

1848 3173 2062 3242 regibus
2095 3188 2198 3228 non
2228 3175 2533 3229 nominatis.
2577 3176 2814 3231 Tradunt
2840 3179 2984 3231 enim
3014 3179 3165 3233 multi
3193 3181 3410 3236 eosdem

1845 3263 1912 3318 de
1961 3264 2234 3319 Pannonia
2285 3267 2450 3322 fuisse
2497 3267 2788 3336 digressos.
2828 3267 2894 3323 Et
2940 3271 3167 3339 primum
3195 3272 3409 3342 quidem

1848 3359 2025 3412 littora
2054 3357 2225 3414 Rheni
2266 3360 2438 3415 amnis
2481 3363 2763 3419 incoluisse
2809 3373 2876 3419 ετ
2927 3365 3119 3421 dehinc
3148 3377 3412 3424 transacto

1851 3450 2059 3509 Rheno.
2099 3451 2440 3520 Thoringiam
2476 3451 2501 3490 ¹ι
2525 3462 2907 3510 transmeasse:
2939 3455 3113 3525 ibique
3141 3457 3288 3527 juxta
3320 3474 3412 3529 pa-

1850 3567 2020 3640 solum
2051 3568 2244 3640 regales
2265 3609 2280 3631 ,
2309 3569 2402 3622 sed
2451 3579 2505 3623 et
2549 3571 2842 3639 subregulos
2868 3571 3131 3640 appellat,
3167 3587 3270 3640 quo
3310 3591 3410 3626 no-

1855 3637 1994 3710 mine
2015 3639 2082 3710 ab
2104 3655 2168 3691 eo
2187 3649 2406 3693 auctore
2433 3655 2583 3706 reges
2608 3637 2770 3695 luisse
2793 3637 3094 3710 designatos
3115 3637 3410 3700 contendit.

1851 3705 1990 3759 ldetn
2027 3709 2264 3763 Valesius
2292 3711 2343 3764 iti
2389 3705 2643 3763 addendis
2673 3713 2734 3763 ad
2768 3705 2966 3764 tomuin
2999 3714 3014 3765 l
3041 3715 3286 3767 observat
3313 3716 3408 3768 At-

1851 3777 1994 3829 iilam
2020 3787 2074 3831 et
2097 3779 2332 3844 Bledam,
2362 3781 2668 3834 Hunnorum
2694 3795 2845 3850 reges
2863 3820 2877 3844 ,
2902 3795 2930 3833 a
2959 3782 3139 3836 Prisco
3162 3798 3408 3837 nonnun-

1849 3863 2004 3918 quam
2029 3850 2232 3917 regales
2258 3851 2529 3918 appellari.

1923 3916 1947 3953 δ
1993 3918 2232 3971 Valesius
2268 3916 2318 3971 et
2335 3919 2572 3972 tlointius
2595 3920 2770 3987 legunt
2795 3922 3092 3975 Alanorum.

1933 3997 1953 4024 ε
1998 3991 2118 4043 κερ.
2141 4029 2156 4051 ,
2189 3990 2469 4042 Udobecco.

1922 4061 1945 4098 ἀ
1987 4060 2073 4114 Sic
2100 4058 2284 4124 Corin,
2321 4060 2473 4123 Bad.,
2499 4067 2600 4112 etc.
2625 4103 2637 4120 ,
2670 4059 2801 4112 sicut
2841 4069 2895 4112 et
2926 4059 3088 4123 infra;
3120 4062 3230 4126 alii,
3265 4063 3412 4118 Deci.

1852 4136 2074 4204 mius._ts
2092 4139 2175 4184 est
2208 4132 2472 4204 Rusticus,
2507 4144 2563 4204 ut
2592 4132 2838 4204 observat
2863 4129 3179 4204 Sirtiititidus
3202 4175 3217 4198 ,
3247 4151 3408 4204 quem

1849 4201 2168 4273 Apollinaris
2186 4201 2380 4273 _Sidon.
2414 4201 2594 4273 laudat
2618 4201 2707 4252 lib.
2733 4214 2786 4265 ν,
2818 4203 2976 4273 epist.
2999 4201 3055 4256 9.

1926 4287 1947 4312 e
1988 4271 2140 4338 Reg.,
2166 4270 2411 4341 Javinus,
2451 4269 2723 4338 multique,
2756 4280 2862 4324 etc.
2890 4269 3079 4338 Corb.,
3101 4288 3164 4326 ea:
3193 4274 3414 4341 primiti-

1849 4359 2022 4398 vorum
2054 4343 2363 4393 notariorum
2381 4339 2570 4400 Jovim’,
2594 4351 2694 4396 etc.

1929 4415 1948 4451 τ
1993 4413 2206 4466 Scilicet
2230 4428 2344 4475 cap.
2386 4410 2474 4474 ‘28,
2507 4426 2600 4464 seu
2634 4418 2793 4469 totius
2819 4411 2994 4479 operis
3026 4414 3334 4481 penultimo.

1925 4495 1948 4531 ε
1994 4483 2142 4535 Golb.
2165 4523 2178 4542 ,
2210 4494 2340 4546 etc.,
2373 4481 2676 4537 incubuisse.

1924 4555 1952 4592 ιι
1997 4554 2086 4606 Sic
2131 4553 2326 4606 habent
2356 4568 2541 4606 omnes
2582 4569 2708 4607 mss.
2755 4568 2888 4623 quos
2932 4555 3080 4608 licuit
3108 4557 3323 4622 videre,
3357 4567 3415 4612 et

1856 4627 2014 4691 infra,
2046 4623 2439 4694 Thoriugorum,
2486 4636 2672 4688 praeter
2701 4626 2887 4694 [tegm.
2911 4641 2997 4693 qui
3043 4627 3142 4680 hac
3180 4631 3413 4683 secunda

1857 4698 1966 4750 vice
1994 4694 2150 4747 habet
2174 4692 2484 4764 'l’ungorum,
2509 4703 2562 4764 et
2589 4694 2740 4764 Bad.,
2763 4692 3098 4764 Tongrorum.
3121 4696 3271 4751 Unde
3290 4713 3414 4753 cuni

1855 4764 2143 4831 Thuringia
2171 4773 2318 4815 trans
2351 4763 2587 4816 Rhenum
2615 4763 2900 4820 Galliarum
2928 4780 3172 4833 reSpectu
3196 4767 3296 4822 sita
3320 4775 3413 4833 sit,

1859 4837 2096 4890 Valesius
2119 4833 2399 4901 legendum
2435 4845 2578 4896 putat
2605 4844 2862 4889 transacto
2891 4835 3082 4898 Martio,
3109 4839 3198 4902 qui
3222 4839 3416 4892 ﬂuvius

1859 4923 1889 4960 e
1917 4906 2185 4959 Pannonia
2209 4905 2257 4974 in
2281 4902 2623 4974 'l‘huringiam
2655 4906 3055 4972 properantibus
3081 4915 3411 4960 transmean-

1858 4977 1956 5028 dtis
1995 4972 2310 5047 est._Aliam
2342 4973 2474 5047 viam
2495 4972 2714 5047 'i_niit_li.
2748 4977 2806 5047 Ρ.
2843 4977 3022 5047 Daniel
3053 4975 3329 5047 _SOt_:._Jesu
3362 4982 3416 5029 in

1863 5044 2090 5100 llistoria
2111 5042 2349 5096 Francite
2364 5042 2402 5094 'a
2426 5057 2485 5097 se
2505 5043 2706 5098 Gallice
2728 5046 2888 5106 edita,
2914 5046 3002 5096 tibi
3022 5045 3094 5096 ait
3120 5043 3296 5098 Rheno
3320 5063 3420 5097 vo-

1859 5131 1974 5170 rem
2020 5127 2136 5168 esse
2166 5113 2492 5166 retinendam
2522 5127 2587 5166 eo
2627 5114 2764 5181 quod
2795 5114 2880 5166 hic
2905 5111 3148 5181 Gregorii
3173 5115 3320 5167 locus
3350 5117 3420 5168 de

1861 5185 2080 5239 rrancis
2108 5182 2473 5250 intelligendus
2503 5183 2593 5246 sit,
2623 5185 2714 5252 qui
2743 5191 2860 5251 post
2909 5193 3154 5252 acceptas
3181 5199 3212 5238 a
3243 5183 3420 5239 Probo

1811 5306 1831 5320 ,
1861 5264 2179 5320 imperatore
2209 5253 2349 5323 circa
2401 5253 2621 5305 l’untem
2645 5251 2653 5252 “
2673 5255 2942 5323 Euxinum
2970 5251 3124 5306 sedes
3145 5295 3160 5315 ,
3195 5269 3289 5323 per
3324 5272 3414 5308 \a-

1863 5340 1968 5378 rias
2003 5321 2298 5390 provincias
2352 5323 2610 5390 divagati,
2669 5321 2880 5376 tandem
2923 5324 2976 5377 in
3017 5321 3236 5391 patriam
3267 5339 3419 5380 suam

1861 5411 1954 5463 per
1977 5393 2175 5450 Gallias
2202 5393 2525 5462 repedarint,
2550 5408 2655 5461 quo
2678 5403 2830 5463 pacto
2861 5391 3103 5448 Rhenum
3136 5401 3418 5463 transiere,

1859 5462 2012 5535 Quem
2035 5479 2215 5518 revera
2247 5464 2460 5518 obvium
2483 5466 2678 5518 habere
2703 5462 3032 5535 debuissent.
3060 5464 3162 5519 Sed
3181 5467 3294 5519 haec
3320 5462 3418 5519 ex;

1860 5534 2050 5603 positio
2088 5535 2261 5591 verbis
2294 5535 2532 5604 Gregorii
2560 5534 2827 5588 contraria
2858 5537 3084 5589 videtur.
3109 5535 3422 5590 Guillelmus

1862 5607 2112 5662 Morelius
2150 5623 2208 5659 se
2233 5606 2426 5660 vidisse
2455 5605 2526 5658 ait
2548 5619 2777 5674 veterem
2803 5606 3064 5666 codicem,
3097 5606 3148 5658 in
3185 5622 3291 5674 quo
3326 5623 3420 5658 ea-

1866 5681 1984 5732 detn
2016 5694 2171 5731 manu
2202 5679 2454 5735 scriptum
2495 5686 2638 5732 erat.
2677 5673 3051 5728 Thurinum-uni
3084 5677 3163 5722 vel
3190 5673 3428 5739 Tungra-
