3994 6194
592 254 697 307 207

1628 248 1683 300 S.
1726 244 2054 301 GREGORH
2097 241 2397 298 EPISCOPI
2440 239 2870 297 TUliUNENSlS

3754 235 3860 291 208

588 386 688 443 gos
718 370 800 425 vel
828 368 1100 433 civitates,
1131 378 1287 434 rcges
1315 363 1536 418 crinitos
1572 377 1734 432 super
1760 378 1821 416 se
1846 362 2120 416 creavisse
2144 400 2160 426 ,
2194 370 2242 425 Α
2270 365 2430 425 atque
2472 355 2778 410 saltationes
2798 394 2816 419 ,
2841 370 2960 409 cum
2990 367 3084 406 ore
3131 351 3404 413 immundo
3436 350 3755 443 proferrent
3798 352 3863 408 de

594 466 665 520 de
688 462 878 533 prima.
922 470 977 514 et
1015 469 1072 513 ut
1096 460 1169 512 ita
1192 459 1391 520 dicam,
1423 455 1673 510 nobiliori
1695 468 1913 508 suorum
1950 451 2168 506 familia.

596 560 751 626 Quod
800 566 980 628 postea
1017 555 1294 623 probatum
1342 549 1707 605 Chlodovechi
1734 558 1759 585 ι
1790 548 2031 603 victoria:
2063 557 2172 600 tra-

598 652 805 715 didere,
839 649 996 718 idque
1022 646 1072 699 in
1104 645 1349 713 sequenti
1381 644 1693 713 digerimus.
1726 642 1857 695 Nam
1883 655 1936 695 et
1962 640 2014 695 in
2046 654 2173 694 eon-

597 744 864 802 sularibus
901 741 1132 810 legimus
1154 738 1579 794 Theodomerem
1602 750 1782 807 regem
1816 734 2167 797 Francorum,

598 839 765 894 ﬁlium
801 830 1120 888 llirhimeris
1147 829 1413 899 quondam
1443 827 1470 866 ι)
1492 867 1506 892 ,
1536 838 1590 881 et
1634 827 1903 881 Ascltilam
1949 833 2173 879 matrem

598 931 749 998 ejus,
781 926 956 995 gladio
985 922 1315 977 interiectos.
1358 919 1398 973 F
1403 928 1561 974 erunt
1590 919 1750 971 etiam
1774 926 1899 971 tunc
1927 914 2177 983 Cblogio—

598 1038 722 1077 nem
748 1020 930 1074 utilem
959 1032 1021 1070 ac
1044 1014 1431 1068 nobilissimum
1452 1011 1505 1065 in
1528 1020 1688 1081 gente
1714 1025 1832 1075 sua,
1866 1024 2045 1078 regem
2069 1008 2175 1078 63

600 1114 930 1169 Francorum
963 1110 1155 1172 luisse,
1210 1107 1300 1175 qui
1337 1106 1475 1174 apud
1522 1105 1831 1172 Disitargum
1881 1112 1903 1139 ο
1944 1109 2175 1154 castrum

609 1205 903 1267 habitabat,
937 1201 1074 1268 quod
1109 1212 1190 1252 est
1237 1200 1289 1251 iu
1318 1197 1544 1250 termino
1574 1195 1983 1262 Thoringorum.
2020 1192 2072 1244 In
2098 1191 2179 1243 bis

601 1306 785 1351 autem
807 1292 1069 1364 partibus,
1098 1290 1148 1343 id
1179 1299 1261 1342 est
1291 1289 1355 1339 ad
1389 1284 1795 1339 meridionalem
1822 1284 2053 1351 plagam,
2080 1282 2178 1333 lia-

604 1386 850 1441 bitabant
874 1382 1099 1438 Romani
1130 1395 1300 1450 usque
1353 1377 1583 1449 Ligerim
1614 1375 1855 1429 ﬂuvium.
1891 1375 2039 1430 Ultra
2089 1374 2178 1427 Li-

603 1479 774 1551 gerim
804 1490 935 1531 vero
958 1474 1138 1530 Gotthi
1166 1472 1601 1527 dominabantur.
1629 1467 2031 1534 Burgundiones
2051 1481 2181 1536 quo-

604 1583 713 1635 que
748 1567 1067 1622 Arianorum
1111 1572 1313 1618 sectam
1344 1571 1659 1631 sequentes,
1698 1559 2008 1613 habitabant
2038 1566 2183 1612 trans

605 1659 946 1723 Rhodanum,
975 1657 1064 1727 qui
1092 1655 1301 1725 adjacet
1340 1654 1541 1707 civitati
1576 1650 1935 1717 Lugdunensi.
1961 1651 2182 1713 Chlogio

2273 445 2461 500 eodem
2489 444 2720 514 sculptili
2750 461 2764 497 :
2794 443 2868 498 Ili
2894 442 3008 509 δή
3030 452 3149 497 sunt
3177 442 3251 496 dii
3280 443 3372 505 tui,
3426 439 3620 504 Israel,
3679 442 3765 509 qui
3818 454 3862 497 te

2274 535 2558 590 eduxerunt
2588 536 2649 589 de
2679 545 2816 589 terra
2843 534 3066 605 ngypti
3104 532 3304 605 (Exod.
3330 548 3460 597 xxtr,
3486 532 3584 601 4):
3615 535 3862 589 cecidere

2275 643 2341 684 ex
2369 631 2448 682 eis
2480 628 2664 697 viginti
2686 638 2917 697 quatuor
2961 628 3128 681 millia
3175 626 3471 681 hominum.
3500 626 3638 692 Quid
3671 628 3743 682 de
3784 627 3863 681 his

2276 722 2365 792 qui
2390 722 2578 775 initiati
2602 720 2932 791 Beelpltegor
2952 736 3072 774 cum
3101 720 3479 775 Moabitidibns
3502 718 3700 774 scortis
3720 734 3866 774 com-

2277 816 2461 881 mixti,
2522 830 2551 867 a
2611 816 2866 883 proximis
2910 815 3071 878 caesi,
3122 813 3375 883 prostrati
3419 812 3594 866 sunt?
3653 813 3706 865 In
3762 829 3866 881 qua

2280 909 2433 976 plaga
2463 906 2693 961 Phinees
2734 904 3009 972 sacerdos,
3044 904 3377 976 interemptis
3401 905 3680 970 adulteris,
3716 909 3866 959 seda-

2278 998 2356 1051 vit
2384 998 2615 1052 lurorem
2645 996 2737 1052 Dei
2768 996 2958 1067 (Num.
2989 1013 3114 1062 xxv,
3148 998 3172 1050 l
3212 1008 3258 1050 et
3288 997 3380 1067 5),
3409 1006 3455 1049 et
3482 1007 3777 1068 reputatum
3799 1005 3868 1048 est

2276 1088 2358 1142 illi
2378 1089 2714 1160 adjustitiam
2748 1087 2922 1155 (Psal.
2954 1104 3040 1148 ev.
3073 1086 3184 1159 51).
3212 1088 3345 1153 Quid
3378 1088 3421 1141 si
3454 1097 3509 1139 et
3555 1088 3639 1140 illa
3682 1102 3865 1141 eorum

2280 1180 2505 1235 auribus
2534 1181 2675 1233 illata
2705 1179 2946 1243 fuissent,
2976 1196 3093 1249 quin
3120 1181 3369 1233 Duminm
3404 1194 3497 1246 per
3529 1177 3696 1233 David
3728 1182 3860 1233 intu-

2280 1282 2391 1337 nat,
2420 1270 2606 1325 dicens
2631 1288 2644 1323 :
2675 1270 2808 1337 Quia
2831 1287 3001 1324 omnes
3026 1270 3098 1323 dii
3120 1272 3345 1341 gentium
3368 1271 3645 1331 daemonia,
3698 1271 3870 1323 Domi-

2282 1380 2377 1420 uus
2403 1376 2571 1418 autem
2619 1364 2772 1419 caelos
2809 1365 2924 1434 fecit
2958 1362 3128 1435 (Psal.
3158 1379 3282 1429 xcv,
3332 1362 3408 1434 5).
3444 1364 3526 1426 Et,
3580 1363 3871 1418 Simulacra

2282 1457 2504 1527 gentium
2529 1466 2795 1525 argentum
2823 1466 2868 1508 et
2894 1471 3099 1519 aurum,
3126 1472 3277 1524 opera
3301 1471 3543 1507 manuum
3566 1455 3826 1508 hominum
3852 1472 3871 1508 :

2284 1549 2477 1601 similes
2507 1546 2614 1600 illis
2639 1547 2767 1617 ﬁant
2791 1548 2878 1616 qui
2899 1548 3095 1617 faciunt
3124 1562 3209 1613 ea,
3238 1555 3282 1600 et
3307 1562 3479 1598 omnes
3504 1546 3590 1614 qui
3611 1546 3875 1612 conﬁdunt

2284 1640 2341 1693 in
2367 1642 2437 1694 eis
2457 1638 2627 1712 (Psal.
2656 1655 2811 1707 cxnt,
2833 1640 2890 1705 4,
2918 1643 2969 1706 8,
3002 1652 3051 1694 et
3081 1639 3226 1694 Psal.
3252 1654 3463 1702 cxxxw,
3497 1640 3583 1705 15,
3637 1639 3750 1709 l8).
3786 1640 3875 1692 Vri

606 1761 784 1807 autem
816 1750 993 1804 missis
1018 1745 1449 1817 exploratoribus
1477 1744 1541 1795 ad
1567 1744 1749 1797 urbem
1782 1742 2132 1796 Camaracnm
2163 1782 2178 1805 ,
2216 1736 2259 1795 Β
2288 1734 2420 1789 illud
2446 1752 2458 1788 :
2492 1734 2885 1804 Confundantur
2914 1750 3087 1786 omnes
3133 1734 3220 1803 qui
3264 1733 3479 1785 adorant
3522 1734 3780 1802 sculptile,
3830 1744 3879 1787 et

605 1846 922 1916 perlustrata
948 1843 1124 1896 omnia
1154 1841 1269 1911 ipse
1294 1850 1508 1896 secutus
1538 1880 1552 1905 ,
1602 1838 1872 1893 Romanos
1917 1838 2180 1906 proterit,

606 1936 878 1993 civitatem
908 1933 1293 2004 apprehendit:
1328 1933 1380 1987 in
1411 1948 1514 2004 qua
1547 1944 1771 2002 paucum
1803 1941 2011 1999 tempus
2052 1930 2185 1984 resi-

608 2032 738 2086 dens
757 2073 772 2097 ,
805 2043 974 2097 usque
1000 2026 1275 2083 Suminam
1304 2025 1522 2079 ﬂuvium
1551 2022 1833 2092 occupavit
1859 2018 1908 2075 ἀ.
1933 2020 2006 2076 De
2028 2020 2187 2090 hujus

607 2122 771 2190 stirpe
798 2119 1016 2191 quidam
1067 2115 1441 2173 Merovecbum
1477 2131 1669 2185 regem,
1709 2115 1874 2169 fuisse
1901 2123 2187 2178 asserunt,

613 2213 767 2284 cujus
798 2213 892 2267 fuit
924 2212 1062 2265 lilius
1083 2209 1438 2264 Childericus.

678 2304 752 2359 Χ.
782 2303 887 2357 Sed
931 2302 1045 2356 haec
1086 2300 1359 2369 generatio
1407 2300 1649 2356 fanaticis
1698 2314 1915 2369 semper
1952 2298 2191 2352 cultibus

610 2396 722 2449 visa
748 2404 829 2450 est
857 2394 1167 2458 obsequium
1201 2393 1520 2459 praebuisse,
1554 2408 1653 2447 nec
1680 2406 1896 2462 prorsus
1924 2406 2192 2461 agnovere

612 2489 778 2544 Deum
814 2504 827 2538 :
854 2486 1063 2554 sibique
1086 2484 1341 2538 silvarum
1366 2494 1528 2554 atque
1555 2499 1835 2553 aquarum,
1869 2483 2067 2547 avium,
2097 2482 2190 2535 be-

610 2578 963 2645 stiarumque,
996 2585 1044 2631 et
1076 2576 1303 2629 aliorum
1334 2590 1545 2643 quoque
1571 2576 1958 2629 elementorum
1993 2575 2205 2627 tinxere

612 2668 849 2734 formas,
882 2669 1127 2735 ipsasque
1157 2676 1212 2720 ut
1265 2666 1428 2721 Deum
1471 2671 1667 2728 colere,
1710 2664 1892 2733 eisque
1934 2663 2195 2718 sacriﬁcia

614 2759 855 2816 delibare
883 2758 1148 2811 consueti.
1179 2758 1222 2811 υ
1251 2758 1294 2810 si
1316 2772 1499 2810 eorum
1523 2754 1684 2809 ﬁbras
1706 2763 1947 2811 corai‘um
1977 2768 2080 2808 vox
2105 2754 2195 2807 illa

618 2849 871 2906 terribilis
900 2847 1185 2917 attigisset,
1212 2862 1330 2915 qua!
1361 2862 1457 2915 per
1498 2847 1732 2916 Moysem
1776 2848 1970 2915 popqu
2018 2847 2196 2899 locuta

615 2951 717 3010 est,
745 2940 929 2995 dicens
962 2956 976 2992 :
1010 2936 1133 2992 Non
1162 2939 1263 2992 sint
1285 2939 1370 2991 tibi
1402 2939 1475 2991 dii
1494 2938 1586 2991 alii
1617 2949 1800 3008 praeter
1824 2954 1921 2991 me.
1964 2937 2085 2991 Non
2114 2940 2197 3009 [a-

616 3032 716 3085 cies
736 3029 823 3084 tibi
842 3029 1099 3098 sculptile,
1131 3045 1288 3098 neque
1312 3028 1551 3082 adorabis
1590 3044 1790 3082 onmem
1817 3028 2199 3082 similitudinem

2284 1827 2373 1898 qui
2396 1827 2688 1898 gloriantur
2718 1827 2771 1879 in
2799 1826 3087 1879 simulacris
3108 1825 3213 1878 suis
3241 1826 3393 1889 (l’sal
3418 1841 3552 1888 seri,
3576 1827 3650 1892 7).
3685 1826 3749 1878 Et
3779 1825 3881 1880 ite-

2288 1934 2404 1972 rum
2444 1917 2587 1987 quod
2623 1917 2871 1971 Habacuc
2899 1918 3152 1986 prepheta
3200 1927 3438 1981 testatur,
3471 1919 3650 1971 niceus
3682 1933 3698 1971 :
3736 1917 3883 1983 Quid

2287 2011 2493 2082 prodest
2515 2012 2753 2078 sculptile
2780 2010 2916 2077 quod
2941 2012 3284 2078 sculpserunt.
3312 2009 3456 2063 Illud
3479 2010 3775 2078 finxerunt;
3804 2009 3875 2062 il-

2289 2102 2380 2158 lud
2410 2104 2672 2174 sonﬂatile
2701 2104 2956 2172 (antasma
2992 2101 3009 2139 ί
3037 2104 3278 2156 mentium
3303 2119 3393 2156 est.
3432 2101 3545 2156 Hoc
3565 2116 3737 2154 autem
3762 2117 3883 2169 pro-

2291 2196 2464 2250 ductio
2490 2197 2627 2256 uuri.
2658 2206 2704 2247 et
2733 2196 2952 2266 argenti,
2977 2204 3022 2247 et
3040 2194 3202 2248 omnis
3224 2195 3437 2260 spiritus
3463 2209 3563 2246 non
3586 2205 3659 2246 est
3682 2196 3737 2245 in
3764 2193 3831 2245 eis
3858 2206 3881 2245 :

2295 2288 2549 2340 Dominus
2578 2299 2744 2341 autem
2771 2288 2823 2339 in
2856 2289 3039 2356 templo
3069 2298 3241 2338 sancto
3270 2301 3364 2339 suo
3396 2301 3414 2338 :
3443 2285 3589 2338 sileat
3630 2301 3662 2338 a
3685 2294 3711 2331 ε
3750 2285 3881 2353 [acie

2292 2383 2404 2451 ejus
2434 2380 2660 2432 uniuersa
2691 2388 2827 2432 terra
2856 2377 3084 2447 (Habac.
3128 2394 3164 2431 ιι
3186 2420 3200 2442 ,
3232 2377 3445 2449 lii-21!).
3485 2377 3589 2432 Sed
3641 2387 3694 2431 et
3745 2377 3881 2431 alius

2296 2469 2556 2538 propheta
2588 2468 2721 2523 dicit
2754 2488 2766 2521 :
2801 2467 2891 2523 Dii
2919 2471 3006 2539 qui
3034 2470 3216 2523 caelum
3254 2479 3301 2523 et
3326 2480 3515 2523 terram
3556 2486 3657 2522 non
3699 2470 3881 2536 ferere,

2298 2571 2504 2629 pereant
2525 2577 2556 2612 a
2588 2569 2721 2613 terra
2746 2570 2795 2614 et
2814 2562 2877 2614 de
2897 2559 2978 2615 liis
3003 2576 3118 2631 qua:
3132 2561 3225 2614 sub
3250 2562 3386 2614 caelis
3408 2578 3525 2614 sunt
3541 2557 3569 2597 ιι
3592 2560 3807 2631 (Jerem.
3830 2575 3879 2614 ι.

2299 2657 2413 2723 Η).
2458 2655 2590 2709 Item
2622 2654 2774 2709 illic:
2806 2654 2934 2709 Ηωε
2963 2656 3087 2709 dicit
3136 2654 3416 2719 Dominus,
3472 2672 3652 2708 creans
3698 2658 3881 2721 cwlos,

2295 2752 2404 2816 ipse
2426 2748 2562 2802 Deus
2593 2747 2824 2817 formans
2856 2759 3065 2815 terram,
3090 2759 3138 2803 et
3158 2765 3269 2815 quae
3296 2751 3348 2801 in
3368 2766 3428 2802 ea
3452 2758 3571 2802 sunt
3597 2764 3615 2801 :
3644 2750 3751 2819 ipse
3775 2754 3883 2816 pla-

2298 2851 2396 2892 stes
2425 2841 2537 2908 ejus
2556 2881 2569 2902 ,
2600 2854 2703 2893 non
2733 2840 2787 2892 in
2831 2855 3017 2893 vanum
3040 2840 3275 2908 fundavit
3306 2857 3436 2907 eam,
3468 2849 3522 2893 ut
3573 2841 3886 2893 habitaretur

2298 2932 2487 2983 creavit
2512 2947 2622 2984 eam
2652 2928 2807 3002 (Isai.
2839 2932 3093 3002 xcv,18).
3135 2930 3244 3001 Εθο
3289 2929 3573 2996 Dominus,
3623 2932 3720 2985 hoc
3761 2931 3886 2983 milii

2300 3047 2483 3085 nomen
2506 3040 2600 3095 est,
2633 3031 2851 3101 gloriam
2873 3048 3035 3084 meam
3064 3032 3210 3085 alteri
3232 3047 3336 3085 non
3364 3032 3516 3097 dabo,
3545 3048 3707 3102 neque
3729 3033 3886 3084 virtu-

617 3120 805 3191 σπεεξη
831 3119 957 3174 calo
986 3129 1079 3185 est,
1102 3129 1148 3173 et
1167 3135 1281 3187 qua:
1308 3121 1360 3173 in
1391 3130 1545 3185 terra,
1592 3130 1640 3173 et
1693 3135 1806 3189 qua:
1841 3131 2103 3175 versantur
2144 3122 2198 3174 in
2226 3106 2273 3169 (ἶ
2303 3132 2400 3176 tem
2421 3138 2583 3174 meam
2611 3121 2957 3191 sculptilibus,
2984 3138 3099 3187 qua!
3147 3123 3209 3174 ab
3259 3123 3404 3176 initio
3446 3126 3690 3177 transiere
3735 3121 3888 3195 (lsai.

617 3212 800 3281 aquis:
826 3226 928 3265 non
955 3210 1111 3279 facies
1133 3226 1212 3277 ea,
1236 3220 1283 3263 et
1306 3227 1407 3264 non
1436 3213 1568 3265 coles
1591 3228 1650 3265 ea
1674 3221 1697 3249 ο
1718 3211 1914 3283 (Exod.
1943 3229 2032 3278 xx,
2059 3212 2196 3281 5-").

621 3304 687 3358 Et
716 3301 842 3357 illud
870 3300 1190 3358 :Dominum
1217 3300 1385 3356 Deum
1416 3316 1557 3356 tuum
1597 3305 1855 3372 adorabis,
1897 3317 1944 3359 et
1984 3305 2063 3359 illi
2105 3306 2200 3358 soli

621 3398 828 3459 servies.
854 3411 917 3451 ac
944 3410 1033 3465 per
1057 3410 1237 3450 nomen
1265 3398 1374 3467 ejus
1391 3397 1596 3468 jurabis
1625 3398 1799 3466 (Deut.
1826 3413 1895 3462 γι,
1924 3397 2033 3467 15).
2062 3398 2201 3465 Quid

620 3488 667 3544 si
690 3486 988 3559 intelligam
1016 3486 1312 3555 potuissent
1331 3502 1450 3556 qua:
1482 3503 1578 3557 pro
1609 3489 1762 3543 vituli
1793 3488 2078 3544 conﬂatilis
2108 3506 2202 3544 ve-

623 3579 899 3635 neratione
928 3578 1273 3634 lsracliticum
1305 3579 1557 3648 populum
1582 3579 1713 3633 ultio
1741 3581 2025 3635 subsecuta
2056 3596 2202 3634 com-

622 3668 902 3740 presserit,
930 3683 1052 3725 cum
1084 3676 1205 3738 post
1229 3669 1440 3739 epulum
1471 3680 1527 3723 et
1565 3672 1792 3732 cantica,
1816 3681 1937 3739 post
1966 3670 2203 3726 luxurias

622 3840 758 3878 runt.
783 3822 934 3879 Unde
953 3823 1116 3892 aliqui
1139 3824 1462 3879 recentiores
1485 3824 1719 3879 Francos
1744 3838 1866 3880 tunc
1891 3827 2202 3881 transmisso

626 3895 816 3965 Rheno
845 3894 1179 3965 Tungrorum
1213 3893 1484 3965 regionem
1517 3896 1846 3951 inhabitasse
1870 3907 2073 3964 putant.
2097 3899 2201 3954 Sed

622 3965 751 4022 huic
776 3963 994 4019 lectioni
1025 3980 1128 4019 non
1155 3963 1325 4018 solum
1351 3965 1479 4019 editi
1506 3978 1559 4019 et
1590 3982 1719 4021 mss.
1753 3963 1989 4034 codices,
2021 3969 2114 4023 sed
2146 3978 2203 4024 et

623 4036 1008 4105 Fredegarius,
1055 4046 1242 4091 auctor
1287 4034 1566 4091 Gestorum
1610 4037 1835 4104 Franc.,
1866 4049 1995 4109 etc.,
2031 4038 2200 4094 retra-

661 4119 835 4161 antur.

625 4121 895 4249 gaglliiég.
918 4215 933 4237 ,
967 4174 1343 4249 Illudouviclti.
1374 4177 1469 4232 Hic
1510 4179 1682 4233 innuit
1721 4178 2007 4249 Gregorius
2036 4177 2202 4235 Chlo-

628 4246 784 4303 dovei
833 4244 1065 4301 victoriae
1095 4249 1274 4300 datum
1321 4246 1487 4303 fuisse
1508 4288 1521 4312 ,
1555 4258 1613 4302 nt
1634 4252 1766 4316 'ipse
1797 4244 1889 4303 rex
1921 4260 2097 4314 esset,
2139 4267 2201 4306 ac

626 4332 794 4388 penes
818 4317 987 4385 ipsius
1016 4328 1256 4388 posteros
1283 4322 1427 4387 regia
1454 4320 1681 4387 dignitas
1710 4334 1923 4388 semper
1952 4335 2201 4376 remane-

627 4386 731 4442 ret.
767 4388 931 4442 Porro
960 4402 1025 4456 ex
1052 4386 1423 4443 Claudiano’et
1456 4386 1714 4443 Eumenio
1743 4386 1927 4456 probat
1955 4390 2199 4445 Valesius

626 4458 783 4582 lfonge
827 4467 952 4512 ante
991 4455 1341 4511 Chlodionem
1395 4458 1719 4513 Francorum
1747 4455 1915 4528 reges
1957 4472 2197 4516 comatos

655 4542 814 4582 uisse.

655 4542 814 4583 111880.

698 4596 729 4637 δ
767 4596 1010 4654 Valesius
1024 4612 1123 4675 pro
1135 4603 1391 4668 quondam
1410 4608 1559 4670 putat
1579 4614 1699 4675 esse
1725 4599 2009 4675 legendum
2030 4616 2195 4675 cana,

623 4668 681 4725 id
712 4678 810 4743 eet
854 4670 1114 4743 consulis;
1143 4685 1300 4743 quam
1328 4668 1512 4726 vocem
1542 4686 1647 4743 non
1686 4668 1848 4727 habet
1877 4674 1997 4725 cod.
2037 4668 2195 4743 Reg.,

624 4747 683 4795 et
711 4740 826 4807 ipse
854 4738 1091 4793 Valesius
1130 4742 1374 4796 eumdem
1403 4742 1575 4796 locum
1617 4742 1837 4795 laudans
1866 4744 1917 4796 in
1939 4738 2198 4800 addendis

626 4810 694 4866 ad
722 4822 851 4865 tom.
877 4809 897 4863 l
937 4809 1073 4863 Hist.
1098 4812 1234 4865 hanc
1263 4812 1432 4881 ipsam
1461 4827 1643 4867 vocem
1666 4813 1880 4866 omittit.
1920 4814 2192 4871 Aschilam

626 4882 717 4954 hic
746 4891 1092 4954 memoratam
1125 4882 1289 4954 aliqui
1312 4891 1590 4954 putarunt
1618 4896 1737 4938 esse
1765 4885 2033 4939 Anthemii
2064 4885 2192 4954 imp.

628 4953 793 5008 ﬁliam
809 4992 827 5020 ,
857 4950 997 5024 quod
1021 4950 1255 5024 Ricimer
1275 4950 1513 5023 ejusdem
1537 4955 1804 5008 Anthemii
1828 4970 1995 5024 gener
2011 4950 2191 5012 fuerit.

627 5025 735 5080 Sed
764 5024 837 5078 illi
869 5023 1323 5094 Ricimeresduos
1368 5034 1605 5092 tempore
1631 5033 1683 5078 et
1714 5023 1878 5094 patria
1924 5027 2188 5094 diversos,

628 5104 689 5147 ut
722 5104 902 5149 monet
929 5093 1245 5149 Sirmondus
1274 5095 1329 5150 in
1375 5095 1513 5150 notis
1543 5097 1608 5150 ad
1643 5093 1846 5150 Ennod.
1886 5097 1937 5151 in
1991 5097 2093 5151 Vit.
2130 5098 2189 5152 Β.

629 5164 944 5234 Epiphanii,
976 5165 1029 5219 in
1061 5180 1222 5219 unum
1269 5166 1591 5222 conﬂarunt.
1628 5167 1825 5234 Porro,
1859 5178 1915 5221 ut
1942 5167 2194 5224 observat

631 5232 866 5303 scaliger
892 5236 983 5290 lib.
1000 5252 1049 5290 vt
1079 5236 1146 5290 de
1178 5236 1403 5292 Emend.
1438 5248 1626 5305 temp.,
1658 5232 1907 5293 chronica
1937 5240 2075 5303 apud
2099 5254 2196 5292 an-

633 5305 810 5377 tiquos
837 5305 1043 5377 duobus
1073 5307 1242 5360 modis
1270 5311 1569 5377 conscripta
1598 5322 1778 5363 erant:
1811 5309 1909 5363 alia
1944 5323 2038 5376 per
2065 5324 2195 5364 con-

634 5375 809 5451 sulum
836 5376 1051 5451 sericum,
1080 5392 1198 5451 qua:
1217 5375 1520 5433 Consularia
1546 5375 1978 5449 appellabantur,
2020 5381 2192 5449 qualia

750 5443 926 5522 laudat
953 5442 1278 5522 Gregorius;
1307 5452 1407 5502 alia
1439 5442 1645 5522 veroin
1676 5452 1870 5518 quibus
1900 5442 2005 5506 non
2036 5442 2193 5506 erant

636 5513 824 5582 digesti
852 5513 1117 5582 consules,
1145 5516 1458 5572 dicebantur
1481 5513 1763 5576 Chronica.

710 5592 734 5620 ο
761 5581 891 5663 Cum
913 5584 980 5637 de
1003 5584 1327 5663 :l‘liuringiag,
1358 5604 1512 5663 quam
1547 5594 1720 5644 laudat
1752 5590 2059 5660 Gregorius,
2091 5594 2197 5648 situ

636 5666 742 5705 non
764 5654 951 5707 eadem
978 5654 1046 5707 sit
1074 5654 1546 5721 sententiafvarie
1585 5663 1744 5714 etiam
1785 5654 1915 5716 varii
1962 5665 2200 5718 sentiunt

636 5729 701 5778 de
731 5724 983 5795 Dispargo
1021 5735 1196 5781 castro
1225 5727 1309 5784 hic
1338 5740 1658 5799 memorato,
1690 5739 1841 5802 quot
1873 5734 1962 5788 alii
2016 5744 2201 5803 putant

2228 4501 2275 4560 Ι)

2303 3230 2430 3282 xui,
2462 3214 2540 3283 8).
2570 3215 2633 3267 Et
2662 3214 2789 3267 alibi
2819 3230 2831 3267 :
2864 3213 3114 3283 Nunquid
3142 3212 3158 3251 ί
3193 3226 3309 3269 sunt
3334 3217 3384 3268 in
3408 3215 3731 3285 sculptilibus
3765 3233 3889 3289 geu-

2303 3309 2425 3359 tium
2452 3306 2538 3375 qui
2568 3305 2747 3375 pluunt
2772 3304 2986 3377 (Jerem.
3022 3321 3107 3360 xiv
3130 3348 3145 3372 ,
3175 3306 3303 3374 22)?
3336 3308 3399 3360 Et
3428 3321 3522 3376 per
3567 3308 3759 3361 Isaiam
3788 3308 3887 3361 ite-

2303 3413 2419 3451 rum
2445 3396 2572 3451 dicit
2604 3413 2619 3451 :
2650 3395 2763 3470 Ego
2792 3398 2987 3467 primus
3010 3407 3056 3451 et
3084 3399 3384 3451 novissimus
3411 3400 3425 3447 ι
3442 3438 3457 3463 ,
3488 3407 3536 3451 et
3584 3401 3774 3467 absque
3816 3416 3890 3453 md

2302 3504 2402 3541 non
2432 3499 2507 3542 est
2538 3489 2701 3552 Deus,
2725 3498 2772 3541 et
2794 3489 3065 3558 formator,
3089 3506 3231 3558 quem
3250 3506 3340 3560 ego
3364 3506 3464 3543 non
3486 3491 3735 3544 noverim.
3760 3489 3890 3544 Pla—

2302 3589 2394 3632 stat
2422 3578 2549 3632 idoli
2578 3594 2751 3633 omnes
2781 3579 2911 3633 nihil
2933 3590 3070 3647 sunt,
3100 3590 3147 3632 et
3176 3581 3533 3634 amantissima
3571 3596 3752 3634 eorum
3788 3598 3890 3635 non

2303 3672 2579 3739 proderunt
2600 3672 2688 3725 eis.
2715 3668 2829 3739 Ipsi
2849 3681 2968 3723 sunt
2992 3679 3143 3723 testes
3171 3685 3368 3738 eorum,
3392 3673 3513 3741 quia
3536 3672 3646 3743 65
3675 3690 3777 3726 non
3814 3676 3891 3727 ci-

2305 3842 2423 3882 esse
2451 3826 2725 3897 Duysburg
2756 3827 2819 3879 ad
2857 3827 3097 3881 Rhenum
3125 3828 3173 3880 in
3223 3828 3416 3882 ducatu
3457 3827 3755 3893 Mouteusi;
3803 3831 3889 3883 alii

2305 3912 2425 3970 cum
2454 3898 2655 3952 Ortelio
2677 3898 3065 3967 Asciburginm.
3094 3900 3251 3965 vulgo
3274 3900 3527 3970 Asbourg,
3554 3903 3603 3951 in
3632 3902 3887 3955 comitatu

2307 3967 2631 4034 Moerseusi;
2667 3970 2756 4021 alii
2798 3970 2991 4034 quibus
3017 3971 3225 4022 accedit
3274 3967 3529 4031 Lointiu's,
3568 3970 3889 4040 Duysborcli,

2305 4042 2445 4106 quod
2476 4042 2636 4091 etiam
2663 4054 2803 4092 nunc
2830 4041 3083 4107 oppidum
3125 4049 3210 4093 cst
3237 4042 3373 4093 inter
3404 4041 3681 4095 Bruxeltas
3707 4056 3761 4096 et
3789 4044 3891 4096 Lu-

2304 4111 2541 4162 vauium.
2567 4109 2915 4164 Wendelinus
2945 4122 2992 4162 et
3024 4112 3227 4174 caeteri,
3251 4113 3433 4164 volunt
3452 4128 3570 4166 esse
3597 4114 3850 4167 Diestam.

2374 4179 2398 4215 ά
2437 4181 2808 4253 Uscimusex
2864 4182 3170 4253 Apollinari
3195 4181 3417 4234 Sidonio
3463 4183 3511 4235 itt
3562 4181 3891 4253 Panegyrico

2303 4249 2597 4322 idajortani,
2625 4250 2995 4322 Chlodionem,
3027 4267 3114 4318 qui
3146 4251 3429 4305 Atrebites
3478 4249 3826 4322 pervaserat,
3859 4271 3889 4307 a

2305 4319 2599 4390 Majoriano
2629 4322 2866 4390 fugatum
2909 4321 3090 4376 fuisse.

2744 4436 2755 4447 .
2782 4436 2795 4449 .
2824 4434 2837 4449 .
2868 4440 2876 4447 .
2908 4400 3022 4449 Post
3046 4408 3268 4462 tempore
3292 4414 3440 4462 parvo

2436 4460 2695 4525 Puguastls
2720 4464 2903 4522 pariter
2925 4460 3253 4523 Francts,'qua
3281 4460 3413 4511 Cloio
3450 4469 3675 4525 patentes

2427 4522 2717 4572 Atrebatum
2744 4532 2899 4574 terras
2924 4522 3228 4586 pervaserat,
3253 4530 3351 4574 etc.

2301 4604 2617 4679 Sit-mundus
2659 4606 2835 4679 legit,
2894 4604 3134 4679 Francus
3180 4623 3317 4674 qua,
3375 4618 3482 4662 etc.
3548 4608 3781 4679 Prosper
3836 4612 3889 4666 in

2303 4676 2573 4730 Chronico
2604 4677 2668 4728 ad
2698 4692 2787 4729 au.
2820 4678 2854 4731 5
2888 4687 3006 4744 post
3040 4678 3256 4730 Honorii
3291 4692 3549 4740 mortem,
3595 4682 3646 4734 id
3677 4676 3765 4736 est
3796 4699 3886 4737 au.

2298 4746 2423 4809 427,
2457 4745 2665 4799 Clodius
2689 4757 2882 4819 regnat
2906 4748 2958 4801 in
3003 4744 3247 4801 Francia.
3281 4748 3347 4800 Et
3374 4764 3513 4819 att_no
3543 4753 3781 4819 posthaec
3812 4770 3885 4808 νι-

2297 4818 2521 4887 gesimo.
2550 4833 2643 4870 seu
2676 4815 2799 4882 447,
2826 4815 3091 4871 Meroveus
3119 4830 3297 4886 regnat
3326 4820 3378 4871 in
3417 4815 3670 4874 Francia.

2374 4896 2396 4957 εξ
2423 4888 2603 4957 βοῶ..
2625 4904 2726 4940 ηοη
2753 4887 2916 4957 facias
2942 4904 3022 4955 ea,
3054 4905 3155 4941 non
3180 4890 3319 4943 colas
3344 4906 3425 4946 ea.

2374 4955 2393 4994 ί
2426 4956 2548 5011 Ben.
2581 4966 2635 5011 et
2652 4955 2833 5023 Colb.,
2865 4972 2987 5012 cum
3027 4958 3161 5029 Mor.
3216 4975 3288 5026 s.,
3339 4959 3537 5022 Chesn,
3591 4971 3648 5017 et
3697 4962 3883 5029 Freh.,

2299 5026 2603 5090 Fantasma,
2636 5029 2958 5081 mendacium
2985 5039 3078 5083 est.
3116 5028 3245 5083 Htec
3286 5043 3473 5098 autem,
3517 5040 3622 5086 etc.
3673 5038 3743 5087 At
3792 5026 3883 5088 alii

2296 5099 2422 5173 editi
2452 5098 2672 5173 omnino
2699 5100 2854 5173 aliter
2895 5103 3263 5173 hunctextnin
3296 5102 3556 5156 referunt.
3593 5102 3737 5168 Quid
3764 5122 3883 5173 pro—

2296 5171 2405 5247 dest
2435 5168 2670 5247 sculptile
2692 5167 2796 5235 his,
2811 5184 2925 5247 Aqua
2944 5171 3156 5237 sculpsit
3179 5170 3312 5247 illud
3332 5173 3479 5247 ﬁctor
3506 5167 3631 5228 suus
3649 5190 3667 5227 :
3687 5167 3888 5247 conﬂa-

2298 5240 2385 5292 ttle
2412 5249 2457 5293 et
2499 5240 2769 5310 imaginem
2801 5238 3009 5309 falsam.
3042 5251 3146 5296 etc.
3191 5238 3340 5295 Ecce
3360 5245 3453 5296 iste
3494 5256 3767 5312 coapertus
3788 5238 3886 5302 ἀι

2295 5326 2424 5385 auro
2451 5321 2497 5362 et
2527 5319 2756 5385 argento,
2790 5319 2835 5364 et
2864 5312 3071 5385 omnis,
3097 5322 3228 5385 etc.;
3259 5328 3377 5381 quae
3411 5315 3566 5369 lectio
3606 5321 3779 5385 magis
3808 5325 3888 5373 est

2299 5379 2598 5458 conformis
2618 5390 2811 5458 nostra:
2844 5381 3094 5435 versioni.
3139 5379 3488 5458 Alter:t_vet-o
3518 5379 3734 5458 videtur
3794 5405 3882 5458 po.

2297 5453 2401 5507 tius
2430 5468 2642 5506 sensum
2674 5448 2870 5505 referre
2898 5467 3055 5521 quam
3084 5454 3223 5521 sacri
3252 5453 3453 5509 codicis
3484 5455 3670 5511 verba.

2369 5532 2394 5595 ᾳ
2417 5523 2605 5584 tiorb.,
2631 5523 2776 5595 Bee.
2806 5520 2939 5574 Mor.
2964 5536 3009 5574 s.
3037 5533 3092 5576 et
3116 5520 3328 5592 Regm.,
3355 5526 3530 5579 timeat
3559 5544 3591 5579 ιι
3617 5529 3782 5595 locis.

2374 5592 2401 5629 ιι
2429 5595 2610 5659 Iidem,
2644 5592 2737 5643 sub
2760 5595 2881 5643 uelo
2904 5604 3043 5645 sunt.

2382 5662 2397 5699 ί
2434 5664 2580 5735 Bec.,
2618 5661 2866 5728 Nunquid
2899 5662 3098 5735 Deus...
3132 5665 3217 5731 qui
3246 5665 3411 5735 pluat.

2381 5734 2396 5782 l
2432 5734 2638 5803 liegtn.,
2670 5742 2715 5785 et
2745 5748 2833 5801 ego
2855 5733 3174 5787 novissimus.
