3994 6194
101 233 181 290 ῗίθ
1005 246 1323 305 HISTORIA
1364 243 1811 303 FRANGORIJM.
1851 244 2056 303 LIBER
2094 247 2469 306 SECUNDUS.
3272 247 3378 303 2ιῦ

118 363 208 414 dent
230 378 382 426 neque
430 364 786 436 intelligunt,
814 378 858 423 et
889 367 1269 438 confundantur
1295 378 1321 406 ιι
1348 368 1404 422 in
1427 367 1498 421 eis
1530 381 1550 421 :
1583 381 1694 419 ecce
1720 367 1769 424 A
1796 365 1985 433 possit,
2038 365 2172 420 dans
2218 366 2376 420 etiam
2419 367 2626 435 signum
2672 363 2882 436 quando
2913 363 3085 421 redire
3117 366 3284 433 possit
3326 365 3381 420 iu

128 473 264 511 omnes
287 458 579 527 participes
606 462 728 527 eius
754 460 1163 530 confundantur;
1192 461 1327 530 fabri
1345 462 1479 516 enim
1498 470 1615 515 sunt
1635 475 1697 513 ea:
1802 458 2022 525 patriam
2055 475 2068 511 :
2100 459 2150 513 id
2178 468 2290 523 est,
2323 459 2617 513 diviserunt
2655 459 2810 512 simul
2858 474 3019 512 unum
3050 473 3294 523 aureum,
3324 467 3382 513 et

138 550 404 603 liminibus.
436 548 465 589 δ
497 551 636 617 Quis
664 554 900 623 formavit
926 556 1098 619 deum,
1127 565 1175 608 et
1198 555 1435 625 sculptile
1460 558 1698 626 conﬂavit

141 647 192 696 ad
214 644 331 696 nihil
355 643 525 696 utile?
567 648 621 698 in
656 648 837 713 prunis
862 658 908 701 et
939 646 1138 703 malleis
1166 649 1406 719 formavit
1447 648 1603 716 illud,
1648 660 1695 703 et

141 747 342 805 aperatus
370 746 446 790 est
472 738 527 791 in
557 739 773 792 brachio
818 741 1128 809 fortitudinis
1176 758 1302 796 sum.
1358 742 1607 799 Similiter
1649 752 1694 796 et

138 830 301 899 artifex
320 831 576 900 lignarius
602 832 657 884 in
687 833 876 886 circino
905 834 1125 887 tornavit
1152 835 1304 900 illud,
1349 844 1395 887 et
1421 836 1543 903 fecit
1564 836 1693 888 ima-

135 924 279 992 ginem
301 925 419 989 v'ri,
442 927 593 990 quasi
633 927 848 991 speciosi
875 928 1099 979 hominis
1120 928 1392 981 habitantis
1422 929 1476 982 in
1520 929 1693 982 domo.

132 1015 346 1068 Saccidit
367 1016 587 1086 lignum,
615 1027 857 1083 operatus
887 1028 980 1085 est,
1008 1020 1126 1088 fecit
1154 1019 1411 1089 sculptile,
1433 1028 1481 1072 et
1505 1018 1694 1071 adora-

128 1105 183 1157 rit
209 1118 267 1159 ut
294 1109 442 1159 deum
466 1124 485 1160 :
514 1108 671 1161 clavis
716 1118 765 1161 et
812 1110 1006 1162 malleis
1055 1110 1446 1178 compaginavit,
1495 1118 1550 1163 ut
1591 1126 1695 1164 non

124 1199 439 1251 dissolvatur.
478 1198 697 1253 I’ortata
727 1201 975 1253 tolluntur
997 1211 1046 1267 ι,
1078 1202 1196 1270 quia
1236 1202 1467 1254 incedere
1488 1216 1589 1253 non
1609 1218 1691 1254 va-

119 1289 216 1340 lent
242 1305 261 1342 .'
292 1288 540 1354 reliquum
572 1307 689 1343 vero
715 1292 860 1360 ligni,
895 1294 1089 1359 factum
1118 1301 1189 1346 est
1212 1291 1502 1346 Itaminibus
1522 1292 1573 1345 in
1614 1297 1693 1363 fo-

118 1395 249 1441 cum,
276 1391 320 1432 et
346 1380 582 1448 calefacti
610 1390 749 1433 sunt.
778 1380 862 1435 Ea:
890 1382 994 1434 alio
1017 1398 1131 1435 vero
1153 1383 1302 1436 deum
1327 1382 1465 1450 fecit,
1491 1394 1537 1435 et
1556 1384 1692 1437 scul-

113 1475 232 1540 ptile
262 1474 358 1525 sibi
382 1490 400 1526 :
430 1485 669 1527 curvatur
694 1486 813 1526 ante
840 1475 989 1534 illud,
1037 1484 1082 1528 et
1112 1476 1341 1527 adoravit
1380 1475 1514 1529 illud
1559 1475 1609 1537 ά,
1645 1485 1692 1529 et

112 1564 339 1615 obsecrat
365 1564 532 1616 dicens
556 1579 578 1618 :
610 1563 793 1616 Libera
818 1581 912 1627 me,
943 1566 1063 1633 quia
1093 1566 1217 1618 deus
1245 1564 1382 1618 meus
1398 1582 1448 1619 es
1476 1576 1547 1620 tu.
1581 1565 1691 1619 Me-

109 1656 352 1709 dietutem
382 1658 489 1725 ejus
516 1657 624 1725 igni
672 1657 959 1720 combussi,
1004 1668 1050 1709 et
1094 1657 1208 1710 coxi
1252 1674 1404 1723 super
1449 1658 1690 1711 carbones

1800 565 1954 603 unam
1979 551 2192 620 quidem
2210 561 2409 619 partem
2435 565 2615 606 secum
2637 549 3197 618 detulitChildericus,
3220 550 3378 604 aliattt

1798 654 1928 695 vero
1978 642 2182 697 anticus
2232 643 2351 712 ejus
2403 643 2640 707 retinuit,
2685 643 2907 697 dicens:
2940 642 3377 712 Quandoquidem

1799 732 1935 788 hanc
1962 745 2164 804 partem
2198 736 2290 790 tibi
2322 737 2538 800 misero,
2578 745 2859 804 parte5que
2879 720 3177 804 conjuncta;
3211 752 3374 789 unum

1797 826 2075 881 effecerint
2121 828 2374 892 solidum,
2404 835 2530 880 tunc
2559 835 2612 879 tu
2640 841 2830 880 securo
2864 826 3041 879 animo
3071 826 3120 879 in
3154 826 3378 893 patriam

1798 919 2100 986 repedabis.
2142 918 2339 972 Abiens
2379 931 2506 986 ergo
2547 917 2598 970 in
2637 916 3000 985 Tburingiam,
3027 916 3163 985 apud
3197 930 3376 986 regem

1800 1011 2064 1066 Bisinumi
2116 1027 2445 1081 uxoremque
2492 1011 2611 1081 ejus
2641 1012 2885 1065 Basinam
2917 1012 3072 1066 latuit
3104 1030 3116 1064 :
3149 1010 3380 1079 denique

1798 1102 2007 1165 Franci,
2030 1103 2130 1157 hoc
2152 1103 2345 1173 ejecto,
2369 1102 2636 1172 Egidium
2664 1105 2786 1169 sibi,
2810 1119 2964 1171 quem
2994 1104 3237 1172 superius
3266 1117 3379 1156 ma-

1792 1195 2014 1263 gistrum
2047 1197 2273 1250 militum
2302 1212 2331 1249 a
2364 1196 2633 1265 republica
2663 1198 2882 1250 mis§uni
2910 1195 3164 1255 diximus.
3191 1195 3379 1249 unani-

1794 1289 1951 1342 miter
2002 1303 2182 1357 regem
2230 1288 2518 1342 asciscunl.
2550 1286 2650 1353 Qui
2681 1302 2799 1342 cum
2831 1298 3018 1339 Ot'laVO
3049 1301 3187 1339 anno
3215 1300 3378 1353 super

1792 1397 1886 1435 eos
1906 1392 2173 1452 regnaret,
2202 1383 2406 1438 amicus
2424 1383 2511 1437 ille
2539 1383 2733 1448 lidelis,
2763 1384 2963 1451 pacatis
2992 1382 3194 1435 occulte
3217 1381 3379 1434 Fran-

1791 1472 1889 1537 cis,
1921 1473 2135 1527 nuntios
2177 1473 2243 1527 ad
2290 1473 2644 1529 Childericum
2674 1519 2689 1540 ,
2724 1490 2844 1527 cum
2888 1483 3039 1542 parte
3081 1472 3168 1525 illa
3219 1470 3378 1525 divisi

1790 1562 1945 1616 solidi
1975 1578 2132 1630 quam
2166 1565 2483 1632 retinuerat,
2520 1565 2701 1618 mittit.
2732 1565 2827 1618 Ille
2856 1580 2983 1617 vero
3012 1572 3157 1617 certa
3183 1577 3379 1632 cogno-

1791 1668 1946 1707 scens
1997 1653 2212 1717 indicia,
2263 1654 2402 1724 quod
2454 1671 2482 1706 a
2532 1654 2749 1709 Francis
2794 1654 3212 1718 desideraretur,
3251 1653 3380 1720 ipsis

109 1750 217 1816 ejus
254 1764 444 1811 panes;
471 1749 589 1800 cori
613 1765 811 1815 carnes,
837 1760 881 1799 et
907 1750 1123 1812 comedi,
1155 1758 1202 1801 et
1245 1749 1308 1802 de
1353 1748 1544 1817 reliquo
1581 1752 1691 1820 ejus
1722 1742 1769 1801 B
1797 1745 1956 1798 etiam
2003 1746 2342 1815 rogantibus,
2387 1762 2414 1797 a
2456 1747 2741 1815 Thoringia
2788 1761 3085 1816 regressus,
3130 1748 3182 1801 in
3213 1760 3379 1815 regno

110 1838 303 1890 idolum
337 1839 543 1906 faciam.
574 1840 698 1891 Ante
727 1849 958 1891 truncum
1006 1840 1147 1909 ligni
1172 1839 1435 1906 procidant
1468 1849 1491 1876 ο
1518 1855 1537 1894 :
1569 1856 1689 1908 pars

111 1931 217 1999 ejus
248 1932 376 1983 cinis
404 1939 498 1986 est.
525 1928 627 1983 Cor
652 1930 895 1999 insipiens
921 1931 1153 1984 adoravit
1175 1930 1327 1996 illud,
1369 1940 1414 1984 et
1442 1946 1542 1983 non
1566 1932 1690 1984 libe-

112 2022 235 2071 rasit
264 2023 491 2073 animum
508 2038 657 2074 suam
688 2019 706 2058 ί
735 2037 753 2076 :
778 2038 936 2087 neque
956 2023 1095 2086 dicit,
1131 2024 1262 2093 forte
1280 2023 1596 2075 mendacium
1615 2030 1691 2077 est

113 2113 164 2164 in
194 2114 374 2167 dextra
402 2132 513 2167 mea
539 2113 694 2184 (leni.
722 2132 869 2180 XLIV,
894 2114 1069 2186 6-20).
1104 2117 1229 2170 Hmc
1256 2124 1432 2169 autem
1462 2117 1689 2169 Franco-

114 2220 227 2257 rum
255 2207 532 2276 generatio
569 2221 675 2260 non
708 2206 970 2262 intellexit
1020 2207 1272 2276 primum,
1306 2207 1691 2261 intellexerunt

118 2306 287 2351 autem
310 2308 512 2366 postea,
534 2299 675 2353 sicut
699 2314 929 2368 sequens
956 2298 1171 2353 historia
1200 2309 1405 2355 narrat.

187 2388 273 2441 XI.
314 2390 500 2443 Avitus
527 2392 671 2443 enim
702 2407 840 2444 unus
864 2408 929 2446 ex
964 2392 1323 2461 senatoribus,
1350 2402 1425 2460 et,
1457 2402 1513 2447 ut
1536 2393 1691 2447 valde

125 2481 443 2533 manifestum
474 2491 578 2545 eSt,
621 2482 752 2534 civis
780 2485 1068 2547 Arvernus,
1100 2497 1219 2537 cum
1252 2482 1549 2538 Romanum
1579 2498 1693 2537 am-

126 2572 275 2625 bisset
299 2572 605 2640 imperium,
637 2573 907 2628 luxuriose
938 2590 1097 2642 agere
1126 2576 1330 2641 volens,
1360 2590 1391 2629 a
1433 2575 1694 2630 senatori-

127 2662 213 2716 bus
256 2665 521 2732 projectus
538 2674 586 2730 ε,
628 2664 768 2733 apud
812 2666 1131 2720 Placentiam
1181 2669 1365 2722 urbem
1411 2667 1693 2737 episcopus

130 2756 404 2810 ordinatur.
436 2755 726 2825 Comperto
761 2767 966 2823 autem,
1002 2759 1142 2828 quod
1191 2760 1363 2815 adhuc
1410 2761 1692 2834 indignans

135 2859 323 2901 senatus
355 2849 457 2901 vita
496 2863 619 2903 eum
649 2852 855 2916 privare
884 2851 1062 2913 vellet,
1095 2851 1366 2906 basilicam
1396 2853 1566 2907 sancti
1594 2852 1688 2908 Ju-

140 2936 243 2990 ῑίηιὶ
264 2939 487 2993 Arverni
514 2940 767 3009 martyris
794 2955 912 2995 cum
943 2942 1125 2995 multis
1153 2942 1463 2998 muneribus
1492 2945 1695 3012 expeti-

143 3028 225 3080 vit:
243 3032 327 3082 sed
350 3030 566 3099 impleto
581 3031 633 3085 in
657 3032 849 3087 itinere
864 3032 989 3087 vitae
1006 3047 1187 3099 cursu,
1199 3032 1353 3097 obiit,
1377 3033 1692 3104 delatosque

1795 1852 1893 1892 suo
1914 1847 1995 1893 est
2017 1841 2312 1895 restitutus.
2347 1839 2437 1893 llis
2459 1854 2586 1909 ergo
2610 1841 2955 1909 regnantibus
2972 1840 3155 1903 simul,
3184 1838 3376 1891 Basina

1794 1930 1907 1995 illa,
1939 1947 2097 2001 quam
2128 1947 2289 2000 supra
2322 1932 2754 1995 memoravimus,
2787 1930 2971 1984 relicto
3001 1930 3115 1982 viro
3144 1943 3263 1994 suo,
3308 1928 3375 1982 ad

1793 2023 2155 2078 Childericum
2179 2024 2343 2078 venit.
2366 2023 2465 2090 Qui
2488 2040 2607 2076 cum
2631 2022 2857 2076 sollicite
2880 2023 3249 2089 interrogaret,
3269 2034 3375 2088 qua

1793 2118 1860 2173 de
1887 2132 2045 2172 causa
2075 2118 2141 2171 ad
2182 2132 2301 2172 eum
2332 2117 2401 2172 de
2438 2126 2580 2171 tanta
2614 2116 2831 2187 regione
2858 2115 3123 2181 venisset,
3152 2127 3375 2183 respon-

1796 2209 1943 2265 disse
1973 2208 2140 2263 fertur
2169 2226 2182 2261 :
2215 2207 2374 2271 Novi,
2407 2208 2595 2277 inquit,
2630 2208 2903 2262 utilitatem
2935 2217 3101 2272 tuam,
3134 2205 3273 2276 quod
3299 2204 3376 2259 eis

1794 2301 1948 2354 valde
1992 2310 2239 2354 strenuus
2287 2319 2300 2354 :
2357 2300 2580 2366 ideouue
2623 2300 2743 2352 veni
2775 2308 2830 2351 ut
2878 2298 3104 2351 habitem
3159 2307 3373 2362 tecum;

1796 2407 1917 2445 nam
1948 2392 2184 2455 noveris,
2214 2393 2332 2445 siin
2360 2389 2738 2446 transmarinis
2760 2388 2998 2458 partibus
3022 2388 3252 2459 aliquem
3281 2402 3373 2442 co-

1794 2483 2095 2552 guovissem
2140 2482 2410 2537 utiliorem
2442 2492 2512 2547 te,
2547 2482 2865 2549 expetissem
2889 2482 3068 2549 utique
3095 2479 3372 2534 cohabita-

1796 2576 1995 2631 tionem
2026 2575 2162 2645 ejus.
2215 2579 2285 2629 At
2313 2575 2400 2630 ille
2437 2575 2705 2644 gaudens,
2738 2590 2854 2629 eam
2884 2574 2986 2627 sibi
3030 2574 3081 2627 in
3126 2571 3375 2644 conjugio

1797 2668 2065 2737 copulavit
2091 2685 2104 2721 :
2135 2684 2252 2737 qua:
2275 2668 2583 2737 concipiens
2610 2668 2811 2736 peperit
2843 2667 3031 2730 filium,
3064 2667 3375 2735 vocavitun

1797 2774 1995 2814 nomen
2024 2759 2140 2828 ejus
2167 2759 2617 2814 Cblodovechum.
2656 2759 2749 2813 llic
2776 2758 2875 2813 fuit
2914 2773 3155 2828 magnus,
3186 2769 3239 2813 et
3276 2773 3374 2827 pu-

1798 2861 1989 2922 gnator
2017 2853 2282 2922 egregius.

1867 2941 2005 2998 XIII.
2037 2944 2193 3011 Apud
2234 2946 2530 2997 Arvernum
2571 2957 2698 2996 vero
2738 2951 2856 3011 post
2896 2942 3173 2996 transitum
3204 2942 3373 2997 sancti

1797 3036 2044 3102 Artemii,
2070 3035 2416 3090 Venerandus
2444 3050 2474 3088 e
2501 3035 2839 3090 senatoribus
2859 3035 3139 3105 episcopus
3159 3035 3376 3091 ordine.

145 3122 193 3173 ad
213 3122 563 3178 Brivatensem
590 3126 789 3192 vicum,
812 3126 879 3179 ad
899 3125 1059 3193 pedes
1079 3125 1327 3181 antedicti
1346 3127 1596 3197 martyris
1617 3138 1699 3182 cst
1725 3118 1769 3179 C
1804 3135 1909 3183 tur:
1936 3126 2120 3194 Qualis
2146 3138 2323 3181 autem
2353 3126 2511 3181 fuerit
2538 3127 2623 3182 hic
2652 3126 2909 3196 pontifex,
2942 3136 3165 3183 testatur
3193 3127 3374 3182 Pauli-

147 3218 350 3284 sepultus
374 3238 386 3271 :
409 3218 496 3273 cui
520 3219 810 3272 Mat-uanus
830 3216 1011 3290 [Forte
1039 3216 1381 3287 Majorianus]
1408 3221 1690 3275 successit.

149 3304 193 3359 In
215 3307 381 3363 Galliis
407 3320 587 3364 autem
626 3308 871 3380 Aigidius
899 3324 965 3363 ex
995 3308 1249 3365 Romanis
1274 3310 1527 3381 magister
1551 3311 1691 3365 mili-

150 3407 236 3452 tum
262 3401 404 3454 datus
422 3398 451 3437 ιι
484 3412 587 3455 est.

206 3490 301 3547 XII.
348 3493 679 3548 Gliildericus
707 3507 837 3547 vero
864 3508 983 3548 cum
1015 3502 1159 3548 esset
1199 3494 1360 3548 nimia
1400 3495 1451 3548 in
1484 3495 1695 3551 luxuria

154 3581 433 3651 dissolutus,
466 3594 525 3638 et
573 3592 820 3653 regnaret
866 3599 1027 3653 super
1068 3585 1395 3639 Francorum
1436 3596 1647 3656 gentem
1674 3629 1691 3654 ,

156 3673 279 3739 impii
305 3675 431 3727 tilias
451 3688 637 3728 eorum
658 3682 906 3742 stttprose
932 3674 1235 3730 detrahere.
1256 3676 1367 3747 66
1387 3676 1461 3729 Illi
1484 3691 1697 3748 quoque

156 3762 208 3814 ob
232 3767 316 3818 hoc
336 3766 691 3834 indignantes,
720 3763 786 3817 de
807 3778 972 3828 regno
992 3780 1111 3818 eum
1143 3765 1384 3833 cjiciunt.
1408 3765 1695 3835 Comperto

156 3867 296 3909 autem
321 3857 457 3927 quod
487 3871 612 3911 cum
644 3855 807 3909 etiam
844 3855 1145 3910 interﬁcere
1185 3856 1414 3921 vellent,
1459 3856 1691 3912 Thoriu-

156 3950 264 4013 μυξη
308 3951 474 4018 petiit,
519 3949 832 4017 relinquens
878 3948 947 4001 ibi
984 3949 1250 4005 hominem
1290 3951 1389 4005 sibi
1432 3966 1613 4006 carum
1650 3949 1694 4016 ί,

159 4040 227 4105 qui
254 4040 474 4095 virorum
502 4039 791 4095 furentium
820 4039 1028 4093 animos
1049 4041 1228 4095 verbis
1255 4041 1460 4096 lenibus
1489 4041 1698 4096 mollire

208 4185 228 4245 ἑ
264 4175 393 4231 Idem
419 4188 475 4231 et
500 4178 649 4239 Bec.,
679 4176 1079 4245 confundentur.

208 4244 231 4317 ἕ
266 4248 382 4311 Quis
413 4248 673 4313 format-it,
706 4244 838 4309 etc.,
881 4262 1045 4315 usque
1084 4246 1151 4301 ad
1188 4247 1240 4300 in
1278 4248 1478 4317 prunis,
1506 4248 1700 4305 desunt

153 4315 193 4368 in
208 4316 374 4385 Cum,
410 4320 602 4384 Regm.
635 4328 688 4370 et
720 4318 843 4370 Bec.

207 4398 224 4425 ε
260 4387 441 4457 Regm.
469 4398 524 4442 et
545 4390 694 4449 Bec.,
727 4387 990 4439 tollentur.

202 4456 224 4495 ⁴
262 4456 464 4527 Regm.,
494 4470 543 4512 et
573 4459 759 4511 adorat
787 4468 835 4510 et
864 4459 1109 4511 obsecrat.

207 4540 226 4566 ε
260 4532 441 4593 Gnrb.,
473 4531 598 4583 Bec.
624 4540 679 4583 et
712 4530 922 4599 Regm.,
946 4539 1001 4583 et
1031 4529 1167 4583 Mor.
1199 4543 1272 4596 8.,
1306 4530 1551 4585 adorabo.

203 4599 222 4639 ι
259 4600 463 4671 Ilegm.,
494 4602 722 4671 liberavit
747 4616 883 4653 eum.

198 4682 221 4717 ε
257 4669 522 4725 δίδωτι).
544 4682 599 4724 et
621 4670 798 4733 Golb.;
830 4679 885 4741 at
909 4669 1021 4741 alii,
1040 4672 1251 4741 ejectus.
1278 4670 1540 4726 Placentia
1567 4674 1693 4729 urbs

145 4752 212 4796 est
238 4743 385 4797 Italiae
415 4742 721 4796 notissima.
759 4742 831 4794 De
865 4740 924 4794 S.
958 4740 1189 4804 Juliano,
1222 4743 1310 4811 qui
1339 4744 1475 4809 apud
1512 4744 1694 4797 Briva-

146 4822 252 4873 ιω,
277 4811 521 4877 Brioude,
556 4814 611 4865 in
643 4814 899 4864 Arvernia
944 4813 1203 4878 quiescit,
1254 4822 1395 4867 tutus
1438 4823 1522 4867 est
1560 4814 1693 4868 liber

145 4884 375 4937 secundus
400 4884 643 4951 Gregorii
671 4883 739 4936 de
768 4882 949 4935 Gloria
976 4882 1284 4950 Martyrum.

199 4954 222 4989 ³⁵
256 4960 465 5023 Aliquot
502 4969 633 5008 mss.
666 4963 719 5006 et
746 4954 860 5019 ed.,
890 4952 1056 5005 dictus
1085 4962 1177 5007 est.
1207 4952 1353 5005 Hanc
1380 4951 1688 5023 dignitatem

145 5025 196 5077 ab
210 5026 351 5078 Avito
371 5024 655 5078 habuerat.
679 5024 873 5078 Comes
902 5025 1177 5093 utriusque
1208 5025 1408 5078 militia:
1437 5026 1502 5079 ab
1525 5025 1693 5080 Idatto

143 5097 489 5245 infamias.
529 5166 705 5245 addita
734 5172 859 5245 sunt
884 5166 1074 5245 {quali
1116 5165 1229 5245 fere
1248 5179 1417 5245 manu
1446 5166 1557 5220 lucc
1584 5166 1690 5245 duo

140 5240 293 5301 verba,
318 5243 524 5292 nomine
555 5236 879 5289 Viomadum.
908 5235 996 5289 Sic
1019 5236 1107 5290 ille
1135 5236 1204 5289 ab
1234 5237 1694 5305 Aimoino‘appel-

140 5308 253 5361 Iatur
284 5310 370 5361 lib.
400 5326 457 5375 tt,
481 5324 603 5375 cap.
641 5307 694 5361 7.

165 5382 211 5458 _i
259 5381 375 5449 Reg.
418 5391 475 5435 et
521 5379 688 5446 Bad.,
739 5375 997 5431 Basinum.
1046 5377 1232 5446 llegm.
1278 5386 1333 5431 et
1379 5379 1537 5442 Bec.,
1579 5377 1693 5430 Bis-

142 5465 297 5503 unum.

200 5524 221 5557 ι
257 5522 391 5576 Editi
421 5536 541 5575 cum
575 5520 779 5588 aliquot
820 5535 947 5574 mss.
981 5518 1180 5573 habent
1224 5530 1479 5588 presbyter
1505 5517 1692 5572 Pauli-

144 5606 239 5644 tm.
265 5594 405 5646 Iluuc
430 5594 700 5647 celebrem
747 5590 1019 5644 Paulinum
1049 5588 1199 5644 Nola:
1232 5593 1538 5658 episc0pum
1570 5604 1691 5643 esse

145 5664 382 5717 contendit
410 5678 561 5717 novae
594 5664 763 5729 ipsius
807 5675 1024 5727 aperitin
1056 5662 1311 5715 editionis
1336 5670 1540 5721 auctor,
1572 5661 1689 5724 ejus

148 5730 255 5787 Vite
279 5750 390 5804 cap.
434 5734 527 5800 49,
560 5743 752 5788 contra
792 5731 1115 5787 Ghil'ﬂetium
1159 5731 1250 5798 qui
1305 5731 1355 5786 id
1402 5732 1665 5786 inﬁciatur

1726 4505 1774 4562 D

1797 3216 1940 3273 nosIK
1971 3220 2194 3275 dicens:
2240 3237 2260 3271 ‹
2312 3218 2367 3273 Si
2397 3219 2540 3273 enim
2584 3219 2681 3273 bos
2710 3219 2892 3273 videas
2919 3219 3107 3289 dignos
3152 3219 3376 3277 Domino

1793 3310 2119 3376 sacerdotes,
2153 3311 2237 3365 vel
2283 3309 2677 3379 Exsuperiuml
2717 3312 2821 3383 67
2850 3311 3079 3376 Tolosae,
3126 3312 3210 3368 vel
3238 3312 3374 3367 Sim-

1796 3402 2020 3469 plicium
2040 3401 2280 3471 Viennte,
2300 3402 2382 3457 vel
2404 3403 2700 3456 Amandum
2724 3402 3051 3481 Burdegalaz,
3076 3404 3157 3459 vel
3186 3404 3376 3474 Dioge-

1797 3495 2015 3550 nianum
2043 3495 2265 3562 Albigaa,
2298 3496 2379 3550 vel
2403 3495 2721 3562 Dynamium
2754 3496 3054 3562 Ecolismm,
3084 3498 3167 3551 vel
3200 3496 3376 3551 Vene-

1797 3585 2027 3639 randum
2057 3586 2312 3640 Arvernis
2339 3628 2353 3652 ,
2383 3586 2468 3640 vel
2511 3587 2765 3641 Alithium
2809 3587 3063 3642 Cadurcis
3082 3629 3098 3649 .
3126 3588 3209 3643 vel
3236 3603 3377 3644 nunc

1797 3676 2078 3744 Pegasium
2120 3677 2468 3743 Petrocoriis,
2514 3685 2802 3748 utcumque
2845 3692 2902 3732 se
2956 3678 3152 3734 habent
3196 3679 3375 3735 saeculi

1797 3766 1957 3834 mala,
1985 3766 2195 3821 videbis
2242 3767 2481 3836 profecto
2509 3769 2849 3839 dignissimos
2895 3769 3051 3824 totius
3081 3769 3377 3825 sanctitatis

1797 3875 1859 3913 ac
1885 3859 2031 3923 ﬁdei,
2075 3861 2453 3930 religionisque
2484 3863 2752 3918 custodes.
2795 3882 2812 3915 ι
2842 3864 2935 3918 llic
2964 3865 3014 3918 in
3046 3865 3156 3933 ipsa
3202 3863 3378 3919 domi-

1799 3950 1904 4004 nici
1933 3950 2134 4003 Natalis
2173 3951 2344 4020 vigilia
2376 3955 2632 4008 transisse
2669 3955 2897 4009 refertur
2914 3964 2974 4009 ω.
3012 3956 3166 4010 Mane
3194 3965 3376 4012 autem

1798 4045 1957 4109 facto,
1992 4044 2259 4113 processio
2282 4045 2635 4101 solemnitatis
2674 4046 2874 4101 funeris
2908 4048 3023 4116 ejus
3053 4048 3371 4118 obsequium

1799 4180 1930 4235 Rem
1954 4180 2004 4233 in
2031 4178 2206 4233 medio
2228 4179 2476 4249 relinquit
2505 4179 2855 4249 Rosweydus.
2880 4180 3035 4235 Certe
3065 4183 3163 4236 etsi
3186 4198 3215 4235 a
3240 4182 3375 4239 Gre-

1797 4252 1948 4321 gorio
1979 4250 2227 4304 Paulinus
2258 4253 2343 4321 hic
2365 4252 2643 4319 presbyter
2664 4253 2960 4319 appellatus
2987 4251 3168 4317 fuerit,
3199 4264 3256 4309 ut
3278 4253 3375 4309 ba.

1798 4320 1925 4375 bent
1952 4322 2157 4391 aliquot
2184 4320 2414 4384 codices.
2440 4322 2516 4375 nil
2544 4322 2668 4375 inde
2684 4322 2874 4375 confici
2897 4329 3090 4391 potest,
3114 4338 3235 4378 cum
3260 4325 3377 4381 haec

1796 4393 2020 4458 epistola
2049 4407 2075 4444 a
2108 4390 2332 4447 Paulino
2365 4401 2491 4446 tunc
2520 4392 2833 4462 presbytero
2877 4390 3036 4446 scribi
3068 4394 3329 4463 potuisset
3356 4414 3373 4462 ;

1800 4472 1959 4530 atque
1986 4464 2052 4516 ita
2085 4464 2200 4527 eius
2226 4463 2433 4515 titulum
2457 4463 2673 4532 legisset
2693 4464 3001 4530 Gregorius,
3042 4473 3099 4519 ut
3121 4465 3217 4533 ipsi
3250 4475 3379 4523 tunc

1799 4545 1913 4586 erat
1941 4533 2205 4602 praeﬁxos.
2245 4533 2349 4587 Sed
2390 4532 2754 4601 cujuscunque
2780 4533 2980 4587 Paulini
3022 4532 3205 4602 fuerit,
3245 4537 3380 4592 nihil

1794 4603 1861 4727 ge
1890 4620 1952 4659 ea
1978 4613 2153 4659 exstat
2188 4611 2381 4672 printer
2414 4606 2576 4658 verba
2604 4619 2725 4673 quae
2777 4605 2863 4659 hic
2892 4619 2920 4656 a
2960 4604 3220 4676 Gregorio
3263 4607 3380 4662 lau-

1831 4686 2008 4727 aIIIIII'.

1831 4686 2008 4727 aIIIIII'.

1871 4743 1889 4782 ι
1935 4745 2263 4812 Exsuperius
2282 4759 2310 4816 a
2336 4742 2392 4798 S.
2422 4744 2743 4816 Hieronymo
2769 4744 3012 4800 laudatur
3040 4746 3094 4801 in
3124 4749 3279 4816 epist.
3306 4747 3382 4803 ad

1798 4812 2071 4885 Rusticum
2099 4815 2440 4883 monachum,
2465 4827 2521 4869 et
2539 4812 2659 4867 aliis
2682 4818 2731 4869 in
2766 4816 2915 4870 locis.
2954 4817 3138 4871 Eidem
3159 4812 3385 4885 scripsit

1798 4884 2138 4939 Innocentius
2170 4885 2189 4937 Ι
2216 4900 2369 4953 papa.
2407 4888 2533 4953 Ejus
2578 4886 2768 4939 l'eStnm
2799 4889 3056 4943 reCUlitur
3085 4888 3172 4941 die
3197 4884 3374 4943 28780-

1800 4956 2073 5022 ptembris.
2122 4955 2198 5008 De
2246 4955 2524 5023 Simplicio
2554 4956 2799 5010 Zozimus
2844 4973 2978 5024 papa
3019 4961 3179 5025 epist.
3231 4958 3285 5008 7.
3318 4957 3376 5010 In

1796 5026 1947 5096 Golh.
1989 5036 2041 5096 et
2084 5025 2213 5078 Bad.
2241 5027 2451 5096 dicitur
2477 5027 2793 5096 Supplicius.
2852 5027 2925 5079 De
2969 5026 3209 5079 Amaudo
3254 5025 3376 5081 vide

1798 5097 1888 5149 lib.
1917 5095 1983 5149 de
2005 5094 2089 5149 Gl.
2119 5094 2267 5149 Coul’.
2288 5135 2303 5157 ,
2330 5112 2447 5163 cap.
2472 5094 2565 5150 45.
2591 5096 2950 5165 Dynauiiusiu
2975 5096 3157 5157 Corb.,
3183 5096 3371 5165 chm.

1798 5177 1851 5239 et
1883 5164 2011 5239 Bad.
2061 5164 2309 5218 scribitur
2340 5164 2645 5219 Damianus.
2674 5166 2821 5232 Bec.,
2863 5164 3162 5218 Dtnamium
3201 5164 3377 5239 Engo-

1798 5235 1994 5290 lesinw.

1870 5317 1909 5343 ιη
1952 5307 2024 5360 De
2053 5306 2108 5359 S.
2143 5305 2439 5359 Venerandi
2471 5305 2693 5360 ecclesia
2725 5304 2827 5372 agit
2858 5302 3144 5375 Gregorius
3172 5305 3266 5361 lib.
3305 5308 3379 5363 de

1801 5375 1980 5431 Gloria
2008 5376 2181 5438 Conf.,
2209 5390 2329 5443 cap.
2361 5377 2449 5440 35,
2480 5384 2536 5430 et
2558 5390 2733 5496 seqq;
2759 5386 3086 5429 memoratur
3110 5378 3162 5431 in
3189 5378 3376 5433 libello

1801 5450 1868 5496 de
1887 5447 2087 5496 sanctis
2114 5448 2467 5496 Glaromont.-
2493 5461 2607 5496 can.
2669 5444 2724 5496 0.
2756 5445 2844 5496 ubi
2869 5446 3139 5496 complura
3163 5458 3376 5496 sancto-

1801 5450 1868 5501 de
1887 5447 2087 5500 sanctis
2114 5448 2467 5511 GIaromonL,
2493 5461 2607 5514 cap.
2636 5444 2724 5508 10,
2756 5445 2844 5497 ubi
2869 5446 3140 5513 complura
3163 5458 3377 5503 sancto-

1798 5535 1913 5570 rum
1945 5528 2234 5588 martyrum
2265 5531 2489 5584 corpOi-a
2514 5517 2563 5569 in
2595 5531 2657 5570 ea
2682 5515 2896 5588 sepulta,
2914 5515 3076 5570 fuisse
3101 5520 3368 5573 dicuntur.

1798 5588 1966 5642 Ilodie
2000 5586 2173 5643 exstat
2199 5588 2249 5640 in
2287 5588 2453 5641 hortis
2480 5587 2788 5640 monasterii
2826 5586 3072 5641 Illitliani.
3109 5589 3239 5643 Vide
3272 5591 3373 5641 Sa-

1797 5660 2010 5712 varuuis
2042 5671 2213 5714 notas.
2245 5659 2301 5713 S.
2342 5658 2635 5714 Venerandi
2660 5657 2852 5713 festum
2875 5658 3066 5713 colitur
3087 5659 3171 5714 die
3198 5657 3260 5713 l8
3284 5657 3375 5713 Ja-

1798 5745 1988 5784 ηωιηι.
