3994 6194
129 227 213 283 9.ιό

1022 230 1340 290 HISTORIA
1385 233 1749 289 FRANCORU
1769 233 1836 286 Μ.
1878 232 2077 286 LIBER
2119 233 2494 290 SECUNDUS.

3271 243 3376 301 2M

139 345 319 400 civitate
366 362 568 418 passus
622 349 946 420 quingentos
989 349 1388 420 quinquaginta.
1440 350 1605 405 llabet
1651 350 1702 403 in
1735 353 1782 412 Α
1882 347 1994 402 XV.
2039 348 2114 402 Eo
2169 357 2408 413 tempore
2459 359 2513 404 et
2563 349 2776 405 basilica
2817 351 2956 431 beati
3008 353 3380 426 Symphoriani

145 438 326 508 longum
375 441 546 509 pedes
589 449 810 495 centum
858 443 1196 512 sexaginta“,
1247 443 1300 496 in
1346 444 1508 498 latum
1556 457 1710 496 sexa-

151 531 266 599 ginta
294 547 312 585 :
339 529 504 586 habet
531 532 586 586 in
613 533 782 586 altum
815 549 978 603 usque
1004 534 1068 587 ad
1099 549 1365 588 cameram
1395 535 1554 603 pedes
1580 548 1710 604 qua-

155 622 360 692 draginta
381 626 660 694 quinque;
688 626 948 680 fenestras
970 627 1020 680 in
1053 627 1245 680 altario
1266 626 1295 665 δ
1318 628 1527 697 triginta
1555 628 1706 694 duas,

157 717 199 772 in
221 731 372 788 capso
397 719 610 790 viginti,
630 721 912 774 columnas
930 721 1274 792 quadraginta
1301 738 1480 778 unam.
1514 723 1567 777 In
1598 734 1708 778 tuto

153 810 348 866 a-dificio
374 811 637 867 fenestras
665 815 1046 885 quinquaginta
1076 816 1227 883 duas,
1259 818 1534 872 columnas
1584 833 1709 873 cen-

151 915 243 955 tum
270 905 481 973 viginti;
512 907 653 960 ostia
695 917 847 972 octo,
891 909 987 960 tria
1032 908 1082 960 in
1121 909 1339 965 altario.
1380 909 1615 979 quinque
1654 909 1707 963 in

144 1008 309 1060 capso.
335 996 654 1051 Solemnitas
681 1000 820 1052 enim
853 1001 1017 1068 ipsius
1041 1000 1270 1054 basilica'
1297 1001 1486 1068 triplici
1514 985 1708 1056 virtute

143 1087 328 1155 pollet:
362 1089 410 1142 id
436 1098 520 1144 est
546 1090 884 1144 dedicatione
916 1093 1118 1161 templi,
1156 1093 1496 1149 translatione
1522 1109 1711 1162 corpo-

138 1178 206 1234 ris
251 1182 457 1246 sancti,
491 1183 576 1236 vel
625 1183 962 1238 ordinatione
1012 1185 1126 1251 eine
1174 1187 1527 1256 episcOpatus.
1563 1189 1709 1244 llanc

135 1271 271 1324 enim
314 1283 504 1341 quarto
544 1289 714 1328 nonas
742 1275 910 1331 Julias
937 1276 1248 1332 observabis
1278 1294 1291 1332 :
1324 1279 1708 1348 dep0sitioncm

133 1375 258 1415 vero
286 1362 402 1431 ejus
424 1366 580 1419 tertio
606 1365 725 1419 idus
740 1365 1053 1421 Novembris
1080 1383 1199 1424 esse
1225 1372 1534 1439 cognoscas.
1559 1372 1710 1438 Quod

129 1454 170 1506 si
205 1454 431 1509 fideliter
460 1457 839 1522 celebraveris,
884 1468 936 1512 et
965 1459 1015 1512 iu
1053 1463 1298 1524 praa~enti
1327 1463 1543 1528 smculo,
1575 1473 1629 1517 et
1658 1464 1709 1516 in

130 1541 345 1608 futuro,
396 1546 682 1610 patrocinia
728 1546 869 1600 beati
915 1547 1169 1603 antistitis
1201 1554 1610 1617 promcreheris.
1647 1552 1708 1605 Et

129 1637 386 1700 quoniam
415 1654 623 1692 camera
654 1640 860 1692 cellula:
891 1639 1034 1694 illius
1071 1642 1260 1705 prioris
1291 1643 1520 1712 eleganti
1551 1659 1711 1712 opere

1812 441 2308 512 Augustodunensis
2355 442 2599 511 martyris
2642 443 2707 497 ab
2764 442 3014 518 Eufronio
3069 447 3381 520 presbytero

1810 533 2068 588 mdiﬁcaIa
2091 544 2192 587 cst.
2222 535 2284 587 Et
2315 534 2427 601 ipse
2456 534 2754 601 Eufronius,
2780 535 2938 604 hujus
2961 539 3211 606 deinceps
3234 543 3380 597 urbis

1810 627 2174 694 episcopatum
2200 628 2422 681 sortitus
2449 638 2531 681 est
2552 637 2594 680 ο.
2645 628 2740 682 llic
2785 629 2924 684 enim
2972 647 3207 688 marmor-
3239 638 3392 705 quod

1809 731 1970 785 super
1995 728 2233 773 sanctum
2264 721 2563 786 sepulcrum
2595 721 2730 774 beati
2760 722 2964 778 Martini
2991 726 3230 794 habetur,
3259 745 3379 788 cum

1809 810 1994 877 grandi
2026 809 2308 864 devotione
2340 810 2651 866 transmisit.

1883 900 2020 954 XVI.
2050 900 2320 957 Sanctus‘l
2352 917 2481 956 vero
2503 903 2796 970 Namatius,
2817 918 2934 976 post
2955 909 3154 965 obitum
3180 911 3381 970 Rustici

1813 993 2072 1062 episcopi,
2103 995 2240 1062 apud
2287 995 2554 1048 Arvernos
2596 997 2646 1048 in
2673 996 2860 1050 diebus
2889 997 2993 1054 illis
3020 1009 3239 1057 octavus
3267 1015 3382 1060 erat

1815 1085 2113 1152 episcopus.
2147 1085 2246 1138 llic
2275 1085 2556 1140 ecclesiam
2589 1101 2706 1154 quae
2735 1102 2873 1142 nunc
2900 1100 3176 1159 constat°,
3215 1104 3270 1148 et
3295 1110 3382 1149 se-

1816 1178 1933 1228 nior
1961 1176 2094 1229 infra
2127 1193 2307 1231 muros
2345 1178 2579 1231 civitatis
2609 1178 2855 1243 habetur,
2895 1195 2995 1236 suo
3021 1184 3199 1238 studio
3219 1184 3383 1241 fabri-

1815 1271 1972 1334 cavit,
2005 1270 2286 1325 habentem
2332 1273 2384 1324 in
2431 1273 2645 1342 longum
2679 1274 2839 1341 pedes
2867 1284 3080 1330 centum
3124 1279 3384 1350 quinqua-

1813 1359 1975 1430 ginta,
2012 1361 2252 1414 inlatum
2295 1362 2452 1430 pedes
2496 1365 2766 1433 sexaginta
2793 1407 2806 1427 ,
2850 1367 2899 1419 in
2929 1368 3092 1424 altum
3135 1371 3264 1425 infra
3295 1389 3385 1430 ca-

1815 1465 1965 1519 psum
2012 1466 2176 1518 usque
2213 1466 2501 1517 cameram,
2544 1455 2703 1520 pedes
2753 1456 3164 1528 quinquaginta:
3207 1464 3385 1519 inante

1815 1541 2054 1596 absidem
2092 1545 2375 1598 rotundam
2410 1544 2631 1608 habens,
2673 1548 2740 1600 ab
2771 1560 2992 1616 utroque
3023 1553 3187 1609 latere
3213 1559 3385 1611 ascet-

1817 1633 1893 1688 Ias
1923 1634 2146 1704 eleganti
2193 1644 2522 1691 constructas
2553 1652 2732 1706 opere,
2789 1650 3059 1712 totumque
3099 1631 3416 1705 :edilicium'

131 1726 310 1780 fuerat
339 1727 589 1781 fabricata
610 1768 626 1791 ,
658 1729 933 1799 indignum
972 1729 1119 1782 duxit
1149 1732 1398 1786 sacerdos
1418 1776 1433 1795 ,
1464 1743 1519 1787 ιιι
1547 1749 1707 1802 opera
1741 1735 1782 1793 Β
1812 1723 1864 1780 in
1897 1727 2108 1779 modum
2137 1729 2309 1782 crucis
2339 1728 2562 1782 habetur
2581 1734 2900 1796 expositum.
2934 1733 3102 1788 llabet
3123 1737 3392 1794 fenestras.

130 1819 244 1888 ejus
291 1820 636 1889 deperirent:
677 1822 769 1878 sed
810 1823 860 1875 in
902 1823 1104 1876 honore
1136 1824 1406 1878 beatorum
1438 1826 1706 1894 apostolo-

133 1928 248 1964 rum
282 1913 422 1968 Petri
445 1923 499 1968 et
529 1915 675 1969 Paull
700 1917 856 1969 aliam
887 1918 1184 1971 construxit
1210 1919 1502 1983 basilicam,
1528 1921 1578 1973 in
1607 1935 1707 1989 qua

132 2019 395 2058 camerari]
423 2008 568 2061 illam
600 2007 796 2061 aflixit.
827 2010 1013 2064 Multas
1041 2020 1097 2065 et
1123 2011 1254 2064 alias
1277 2010 1519 2066 basilicas
1540 2011 1708 2066 aediﬁ-

135 2097 293 2162 cavit,
323 2115 442 2164 qua;
466 2100 756 2170 usquc69
769 2100 922 2155 hodie
938 2101 990 2155 in
1005 2101 1198 2156 Christi
1217 2105 1427 2157 nomine
1440 2113 1704 2158 constant.

136 2320 202 2394 S._
215 2321 415 2394 Martini
436 2338 466 2376 a
498 2324 733 2378 Roberto
756 2325 1004 2392 episcopo
1024 2324 1358 2388 Carnotensi,
1382 2338 1564 2394 aperto
1586 2343 1709 2382 san-

138 2391 204 2448 αἱ
239 2393 442 2447 Martini
472 2396 740 2459 sopulcrn.

209 2482 226 2512 ι
258 2463 310 2516 ln
331 2481 435 2531 quo
454 2466 672 2534 quidem
698 2465 942 2531 sepulcro
969 2466 1285 2520 invenerunt
1311 2481 1522 2535 capsam
1547 2484 1704 2522 unam

141 2545 452 2600 argenteam,
488 2547 540 2587 et
571 2537 622 2587 in
653 2535 838 2588 eadem
868 2536 1124 2590 cistellam
1161 2537 1427 2590 salliceam
1459 2537 1710 2592 mirabili-

142 2615 216 2676 ter
235 2603 406 2676 albam
437 2615 494 2676 et
523 2615 819 2663 recentem.
857 2607 906 2658 in
953 2623 1050 2672 qua
1090 2623 1283 2672 corpus
1311 2606 1550 2676 ejusdem
1585 2609 1707 2662 bea-

143 2673 321 2727 tissimi
349 2674 677 2730 confesspris
707 2677 998 2731 honorifice
1029 2673 1550 2743 reposueratbeatus
1583 2680 1706 2733 Per-

145 2756 340 2816 petuus,
382 2750 468 2814 qui
499 2761 641 2798 anno
689 2748 1020 2814 sexagesimo
1048 2759 1238 2816 quarto
1280 2759 1394 2816 post
1429 2751 1704 2804 transitum

145 2815 495 2878 gloriosissimi
521 2817 731 2870 Martini
756 2819 896 2871 ~edis
918 2815 1190 2872 Turonica:
1213 2820 1570 2872 cathedralem
1591 2835 1708 2874 sor-

147 2895 258 2938 ttlus
288 2886 458 2941 fuerat
497 2890 833 2952 dignitatem.
868 2891 1130 2954 Aperiens
1177 2901 1352 2943 autem
1397 2905 1516 2943 cum
1546 2891 1707 2944 devo-

148 2956 278 3011 tione
314 2967 368 3011 et
413 2969 646 3013 tremore
687 2960 778 3012 ille
821 2959 1134 3013 venerabilis
1181 2961 1460 3029 epistmpus
1503 2959 1706 3015 Carno-

150 3029 300 3081 tensis
325 3031 586 3083 cistellam
620 3031 670 3082 in
700 3044 801 3098 qua
833 3045 1024 3096 corpus
1048 3030 1410 3085 beatissimum
1439 3031 1701 3098 latitaliat,

1812 1821 2156 1890 quadraginta
2186 1822 2339 1886 duas,
2371 1823 2642 1876 columnas
2683 1826 3034 1895 septuaginta,
3067 1830 3198 1884 ostia
3239 1844 3381 1889 octo.

1813 1911 2008 1965 Terror
2038 1927 2265 1980 namque
2301 1911 2493 1966 ibidem
2536 1913 2653 1977 Dei,
2687 1925 2740 1966 et
2778 1917 2993 1969 claritas
3023 1935 3210 1989 magna
3255 1938 3383 1977 con-

1811 2003 2070 2069 spicitur;
2103 2013 2156 2056 et
2184 2018 2306 2057 vere
2337 2003 2651 2072 plerumque
2683 2005 2808 2059 inibi
2837 2009 2971 2062 odor
2999 2013 3146 2079 quasi
3172 2029 3382 2068 aroma-

1813 2109 1920 2152 tum
1952 2098 2295 2152 sum'issimus
2325 2097 2576 2152 advenire
2615 2115 2642 2150 a
2685 2099 2941 2168 religiosis
2983 2104 3227 2160 sentitur.
3275 2106 3378 2161 Pa-

1809 2326 2151 2396 quentifacta
2180 2324 2342 2396 fuisse
2364 2324 2722 2396 indicatidem
2766 2326 3068 2394 registrum.
3105 2331 3258 2382 Auno
3285 2346 3380 2384 an-

1811 2394 1914 2452 tem
1939 2394 2096 2457 1564,
2119 2397 2205 2450 die
2232 2397 2264 2451 5
2289 2395 2661 2468 Julii,ea2dem
2695 2396 2923 2463 reliquia:
2948 2400 3000 2450 in
3027 2415 3179 2459 CdpS't
3206 2404 3383 2468 posita:

1807 2468 2040 2540 reposita:
2059 2475 2175 2520 sunt
2213 2482 2364 2535 super
2396 2466 2560 2519 altare
2585 2466 2803 2540 cristatis
2831 2480 2963 2520 retro
2985 2470 3152 2540 majus
3182 2466 3342 2526 altare
3365 2514 3379 2534 ,

1811 2539 1894 2592 ubi
1919 2539 2111 2592 solebat
2139 2553 2242 2590 esse
2269 2552 2422 2602 capso
2463 2539 2624 2589 sancti
2654 2536 2883 2590 Martini.
2910 2540 3037 2605 Quae
3060 2536 3198 2593 anno
3223 2543 3381 2605 loSti,

1809 2611 1898 2665 die
1928 2607 2206 2664 undecima
2254 2608 2582 2672 Septembris
2608 2607 2914 2662 solemuiter
2942 2619 3064 2663 sunt
3086 2611 3308 2666 visitata!
3347 2628 3379 2668 a

1810 2691 1920 2735 toto
1963 2679 2215 2747 capitulo.
2251 2678 2449 2731 Visifur
2499 2677 2759 2746 hodieque
2808 2679 2944 2732 istud
2988 2680 3152 2734 altare
3200 2683 3381 2737 multis

1809 2753 2062 2823 gradibus
2082 2748 2493 2823 elevatum,_sub
2519 2749 2855 2823 q_uo__posit_us
2880 2761 2958 2823 e~t
2991 2751 3121 2823 lapis
3151 2753 3378 2817 sepulcri

1813 2819 1951 2879 beati
1991 2822 2224 2882 Martini,
2259 2821 2341 2870 ubi
2375 2820 2424 2870 in
2460 2819 2746 2882 majoribus
2787 2819 3157 2873 festivitatibus
3201 2837 3381 2876 sacer-

1809 2895 1904 2951 dos
1951 2893 2228 2948 celebrans
2275 2889 2488 2941 missam
2538 2889 2767 2952 inchoat,
2810 2897 2964 2956 atque
2994 2891 3058 2942 ad
3105 2891 3188 2944 illa
3221 2895 3380 2947 verba

1809 2975 1931 3032 post.
1954 2961 2340 3019 confessionem
2362 2999 2376 3020 ,
2412 2960 2740 3032 Uramusjte,
2786 2958 2998 3032 Domine
3023 3001 3038 3032 ,
3078 2979 3166 3029 per
3207 2965 3388 3020 merita

1809 3029 2100 3089 sanctorum
2129 3040 2351 3092 tuorum,
2387 3045 2604 3098 quorum
2638 3030 2721 3081 hic
2748 3029 2974 3098 reliquie:
3011 3031 3278 3096 habentur,
3320 3033 3382 3087 il.

148 3111 289 3165 caput
328 3114 446 3152 cum
473 3101 678 3168 reliquo
708 3114 931 3172 corpore
951 3100 1021 3172 ad
1051 3103 1218 3154 instar
1244 3101 1480 3155 infantuli
1505 3103 1706 3156 involu-
1737 3109 1782 3172 (ζ
1816 3107 1922 3160 lum
1955 3103 2181 3170 lapidem
2213 3101 2504 3172 osculatur,
2533 3111 2641 3172 tum
2672 3101 2736 3150 ad
2765 3101 2930 3152 altare
2957 3101 3126 3169 majus
3156 3103 3383 3168 accedit,

148 3176 248 3241 tum
287 3180 338 3223 et
373 3173 614 3240 ligatum,
659 3171 902 3225 cedulam
939 3171 1204 3241 alligatam
1255 3173 1482 3237 invenit,
1516 3173 1566 3225 in
1606 3191 1708 3240 qua

151 3240 384 3304 scriptum
423 3253 538 3295 erat
584 3259 597 3293 :
640 3256 728 3296 ulc
771 3256 868 3294 esr
903 3240 1097 3296 cont-Us
1137 3257 1290 3296 anan
1330 3243 1561 3297 Maurum
1603 3260 1715 3297 EPI-

152 3322 280 3381 scurt
307 3310 656 3366 Tunonrznsrs.
685 3313 803 3378 Quo
829 3313 963 3374 viso,
991 3315 1386 3381 congaudentes
1412 3314 1462 3366 in
1490 3314 1713 3368 Domino

152 3380 208 3452 tie
229 3389 327 3432 tam
354 3383 590 3448 pretioso
615 3384 867 3438 thesauro
887 3382 968 3435 hic
997 3380 1229 3452 reperto,
1259 3383 1397 3437 idem
1427 3384 1712 3452 epiSCOpus

155 3447 473 3506 Carnutensis
499 3455 715 3521 incepit
746 3453 964 3507 solvere
985 3447 1224 3508 sanctum
1247 3447 1626 3520 corpus,'quod
1647 3471 1709 3509 ex

157 3524 356 3592 quadam
381 3540 509 3576 zona
535 3525 760 3578 candida
781 3540 808 3576 a
831 3523 983 3577 beato
1009 3527 1266 3592 Perpetuo
1290 3533 1524 3592 tetnpore
1550 3536 1713 3579 trans-

158 3589 348 3644 lalionis
395 3593 636 3662 ejusdem
685 3594 924 3661 c0rp0ris
966 3589 1135 3649 fuerat
1176 3598 1252 3647 sic
1295 3589 1532 3661 ligatum,
1564 3597 1711 3663 ejus-

156 3675 245 3734 t_|tl_e
284 3667 500 3729 pmprio
546 3667 722 3732 sigillo
772 3665 1077 3734 sigillatum.
1136 3666 1283 3732 Quo-l
1326 3681 1446 3718 cum
1484 3667 1711 3720 solutum

156 3727 325 3807 fuisset
355 3727 409 3788 et
447 3727 715 3790 delecium
738 3778 751 3797 ,
785 3727 922 3789 id'em
953 3727 1235 3804 episcopus
1263 3735 1546 3790 insinuavit
1567 3741 1674 3807 regi
1695 3777 1712 3803 ,

157 3803 278 3868 quod
293 3815 449 3872 caput
475 3807 768 3859 beatissimi
795 3807 1116 3860 confessoris
1138 3803 1422 3872 acciperet,
1441 3816 1494 3861 et
1517 3811 1565 3859 in
1590 3803 1715 3862 vase

158 3886 303 3926 aureo
329 3877 653 3943 deponeret,
684 3877 824 3946 quod
864 3887 978 3930 erat
1005 3878 1146 3930 illico
1188 3887 1558 3946 prteparatum.
1607 3880 1715 3934 Sed

159 3956 239 4017 rex
276 3947 482 4017 uolens
505 3964 604 4000 nec
641 3963 965 4006 pra-sumens
1008 3959 1167 4017 caput
1214 3948 1605 4001 sanctissimum
1638 3960 1717 4003 at-

159 4014 361 4077 tingere.
393 4013 529 4071 dixit
577 4019 832 4088 cpiSCOpO
862 4019 1000 4087 quod
1040 4013 1264 4087 ipsemet
1295 4019 1417 4072 illud
1450 4021 1718 4088 acciperet

158 4093 203 4135 et
232 4088 555 4142 transferret.
599 4109 617 4141 ι

219 4155 315 4228 llic,
341 4157 436 4210 fuit
477 4159 720 4214 ecclesiae
763 4159 1087 4213 Martiniante
1125 4169 1291 4213 status
1329 4175 1494 4228 usque
1532 4161 1595 4212 ad
1628 4178 1720 4214 an-

159 4239 268 4278 Imm
303 4227 468 4295 1562,
519 4246 625 4299 quo
671 4230 961 4286 Calviniani
1010 4231 1242 4284 lueretici
1289 4227 1558 4284 Turonum
1593 4234 1720 4286 urbe

160 4298 317 4361 potiti,
364 4298 553 4355 omnes
605 4305 753 4355 urbis
799 4319 860 4354 ac
900 4301 1184 4367 provinciae
1221 4303 1476 4355 eccleSIas
1515 4304 1722 4368 penitus

156 4370 526 4436 spoliaverunt,
550 4373 844 4425 combustis
868 4373 1080 4423 immani
1108 4372 1390 4438 sacrilegio
1416 4382 1718 4427 sanctorum

156 4438 403 4508 reliquiis.
438 4441 642 4496 Visitur
675 4445 933 4508 hodieque
966 4442 1112 4495 locus
1139 4445 1202 4494 ad
1235 4444 1523 4496 australem
1555 4445 1724 4498 eccle-

155 4507 241 4562 sia:
263 4501 504 4579 januam,
547 4515 600 4567 in
629 4528 736 4586 quo
767 4501 933 4586 sancti
968 4512 1176 4565 Martini
1207 4527 1721 4586 corpuscrematutn
1755 4501 1804 4560 Ι)

158 4589 248 4631 εει.
283 4586 436 4636 Anno
459 4585 728 4652 sequenti,
764 4583 930 4636 turbis
962 4597 1226 4652 utcunque
1257 4583 1474 4644 sedatis,
1501 4586 1721 4651 paucula

161 4665 266 4711 qua:
293 4651 668 4710 haereticorum
710 4656 870 4708 furori
910 4654 1167 4707 subducta
1191 4651 1422 4718 fuerant,
1444 4654 1725 4709 ordinante

159 4724 433 4779 venerabili
484 4726 739 4794 capitulo,
793 4725 1085 4794 recognita,
1141 4725 1192 4777 in
1247 4724 1401 4778 theca
1455 4725 1723 4779 recondita

157 4804 287 4846 situt.
317 4793 639 4863 Capituli’ea
669 4796 734 4849 de
763 4811 823 4866 re
841 4793 1116 4851 decretum
1137 4809 1202 4849 ex
1228 4793 1345 4864 ejus
1365 4795 1601 4866 registris
1628 4797 1725 4852 de-

159 4865 482 4928 scripsimus.
508 4869 646 4928 quod
679 4867 753 4920 sic
785 4865 941 4920 habet
972 4883 985 4918 :

225 4951 244 4983 σ
274 4940 430 4990 Anno
465 4937 623 5002 1565,
654 4938 741 4991 die
771 4942 793 4988 1
825 4936 970 5000 Julii,
1003 4935 1203 4991 domini
1234 4936 1340 4991 mei
1378 4936 1727 5004 ordinarunt,

161 5008 298 5078 good
334 5022 503 5060 unum
554 5023 619 5061 ex
670 5008 877 5078 magnis
923 5009 1133 5078 ossibus
1184 5007 1386 5062 brachii
1437 5007 1728 5062 beatissimi

163 5073 386 5148 Ilartiui,
415 5087 475 5132 et
501 5079 645 5133 aliud
675 5094 737 5132 ex
761 5073 942 5148 'capite
967 5077 1234 5148 ejusdem,
1265 5093 1364 5132 nec
1393 5093 1495 5132 non
1527 5092 1730 5148 pannus

161 5146 416 5214 tericeus,
447 5151 632 5218 inquo
677 5146 872 5217 corpus
915 5146 1152 5214 ejusdem
1195 5149 1484 5203 beatissimi
1523 5147 1732 5202 Martini

163 5220 438 5284 repositum
475 5223 668 5283 luerat,
699 5229 750 5274 et
783 5221 879 5272 alia
906 5220 1210 5287 reliquiaria
1233 5235 1295 5274 ex
1320 5219 1578 5286 capitibus
1605 5219 1731 5274 bea-

164 5295 324 5360 torum
349 5291 537 5346 Briccii
567 5305 620 5346 et
641 5292 920 5360 Gregorii,
939 5305 1058 5360 quae
1085 5299 1480 5353 remanserunt,
1508 5301 1562 5344 et
1585 5305 1734 5342 com-

169 5358 306 5415 busta
354 5379 459 5416 non
505 5363 719 5417 fuerunt
763 5358 862 5429 per
918 5358 1200 5415 ln‘creticos
1239 5375 1379 5414 anno
1424 5360 1734 5423 novissimo,

169 5443 477 5495 reponantur
517 5433 570 5488 in
621 5447 984 5504 parvadcapsa
1034 5433 1202 5500 lignea
1247 5443 1523 5504 pr0pterea
1565 5430 1734 5493 facta.

172 5515 276 5566 qna:
292 5501 633 5572 cuoperietur‘
654 5519 720 5558 ex
754 5502 934 5571 aliquo
967 5507 1187 5572 pulchro
1218 5518 1392 5568 panno
1420 5501 1660 5565 sericeo;
1687 5515 1743 5555 et

178 5519 276 5566 uuze
292 5519 626 5572 conponetur
654 5519 720 5558 ex
754 5519 934 5571 aliquo
963 5519 1187 5625 ﬂorento
1218 5519 1392 5568 panno
1420 5519 1660 5565 sericeo;
1687 5519 1742 5555 et

178 5584 318 5656 φρει
335 5577 574 5656 quolibet
607 5574 922 5656 reliquiario
1001 5572 1264 5648 ujusmodi
1297 5572 1742 5656 ponaturinscri-l

181 5644 276 5708 vtio
295 5641 558 5718 cujusnam
591 5649 688 5709 sit,
733 5653 791 5722 ct
833 5641 1069 5722 signetur
1117 5659 1208 5710 per
1256 5644 1632 5722 me__not_ar_iupi
1677 5641 1746 5695 ad

180 5713 438 5780 Wmiam
462 5722 546 5782 rei,
565 5716 891 5775 meritoriam.
931 5734 948 5764 ι
974 5716 1100 5784 Qute
1131 5717 1308 5770 omnia
1335 5714 1423 5771 die
1453 5715 1485 5767 3
1509 5713 1634 5773 Julii
1660 5727 1746 5770 se-

1813 3177 2027 3230 Missam
2061 3173 2217 3227 solito
2243 3187 2391 3224 more
2419 3171 2807 3242 celebraturus.
2838 3171 3110 3224 Columna:
3141 3173 3392 3242 sepulcro

1816 3249 2008 3302 vicina:
2031 3261 2093 3297 ex
2121 3242 2368 3297 mandato
2389 3242 2601 3308 capituli
2631 3241 2784 3293 allisa
2814 3251 2892 3292 cst
2924 3243 3110 3296 tabella
3143 3241 3259 3297 cum
3289 3245 3388 3299 hac

1814 3320 2146 3386 epigraplte:
2183 3312 2403 3386 Nomina
2431 3327 2698 3386 corporum
2723 3323 3012 3386 sanctorum
3041 3316 3195 3386 Itujns
3232 3316 3389 3368 eccle-

1812 3381 1928 3451 siae,
1955 3381 2067 3455 qua:
2093 3385 2176 3438 hic
2203 3382 2402 3455 sepulta
2431 3392 2573 3436 erant
2597 3397 2615 3435 :
2735 3381 3010 3455 Martinus,
3043 3381 3115 3455 δέ
3134 3383 3385 3452 Briccins,

1818 3459 1880 3513 S.
1911 3451 2135 3521 Spanns,
2185 3455 2246 3509 S.
2300 3453 2603 3523 Perpetuus,
2640 3452 2698 3506 S.
2752 3451 3027 3522 Gregorius
3065 3451 3388 3523 Turonensis,

1819 3528 1880 3582 S.
1916 3527 2238 3582 Eustocltius.
2293 3525 2349 3577 S.
2399 3522 2699 3592 Eufronius.
2755 3524 2850 3575 Hic
2894 3526 2945 3574 in
2989 3525 3156 3577 medio
3184 3522 3392 3578 illorum

1818 3608 1923 3651 erat
1966 3614 2150 3664 corpus
2180 3607 2226 3648 et
2262 3596 2549 3662 sepulcrum
2579 3594 2849 3646 beatissimi
2899 3595 3130 3657 Martini,
3174 3611 3394 3664 quorum

1817 3669 2122 3722 venerabiles
2144 3667 2373 3736 reliquid:
2397 3666 2448 3718 in
2473 3665 2639 3736 capsis
2677 3665 2972 3736 existebant.
3008 3671 3175 3736 Atque
3203 3667 3286 3718 hic
3310 3674 3395 3720 est

1819 3740 2104 3794 hodiernus
2130 3734 2370 3792 ecclesia:
2393 3735 2793 3790 sancti‘Martini
2815 3745 3004 3787 status.
3040 3735 3111 3788 De
3129 3734 3243 3804 ejus
3265 3750 3396 3790 vero

1821 3809 2183 3877 praerogativis
2211 3806 2666 3877 acjurisdictioue
2714 3821 2869 3877 quam
2904 3806 2952 3856 in
2981 3806 3112 3858 alias
3153 3810 3394 3872 complu-

1821 3873 1905 3934 res
1926 3873 2179 3934 ecclesias
2207 3873 2366 3931 etiam
2391 3891 2530 3930 nunc
2559 3875 2738 3937 habet,
2761 3876 3026 3928 disserere
3048 3877 3148 3928 mei
3182 3892 3284 3928 non
3311 3885 3396 3930 est

1821 3951 2068 4005 instituti.
2101 3949 2227 4016 Quae
2257 3964 2380 4000 vero
2412 3949 2494 3999 hic
2527 3945 2953 4016 protulimus,_ut
2986 3944 3266 4016 plurimum
3301 3945 3396 3998 de-

1822 4023 2005 4075 bemus
2037 4020 2096 4074 V.
2119 4014 2198 4073 Cl.
2229 4016 2452 4071 Citiano
2473 4015 2797 4076 Galiczonio,
2850 4014 3053 4067 doctori
3077 4014 3392 4080 Sorbonico,

1821 4091 2060 4162 ejusdem
2091 4089 2332 4145 ecclesias
2368 4087 2627 4162 Canonico
2653 4094 2706 4162 et
2734 4085 2962 4162 cantori,
2993 4088 3082 4162 qui
3110 4101 3230 4138 cum
3256 4085 3396 4162 apud

1824 4155 2066 4218 Turones
2088 4175 2326 4216 essemus
2351 4200 2365 4223 ,
2397 4159 2576 4211 omnia
2600 4155 2900 4208 minutatim
2927 4155 3080 4207 nobis
3106 4156 3362 4210 ostendit.

1897 4266 1922 4292 α
1955 4255 2110 4332 Reg.,
2138 4253 2290 4332 Colb.
2315 4263 2370 4307 et
2394 4251 2593 4332 Chesn.
2625 4248 2848 4312 habent,
2877 4247 3086 4319 longum
3113 4249 3260 4320 pedes
3284 4265 3401 4310 cen-

1827 4340 1932 4382 tum
1961 4329 2329 4396 quinquaginta
2359 4329 2600 4390 quinque.

1902 4418 1929 4457 b
1963 4420 2059 4473 llic
2101 4417 2272 4472 altarii
2319 4413 2535 4469 nomine
2579 4409 3000 4483 presbyterium,
3042 4425 3144 4483 per,
3183 4423 3403 4483 capsum

1833 4505 1961 4543 vero
2001 4503 2186 4543 navem
2220 4485 2439 4554 intelligi
2486 4479 2920 4554 verisimileest.
2953 4481 3199 4554 Consule;
3222 4479 3398 4537 Litur-

1828 4562 1968 4627 giam
1991 4559 2313 4614 Gallicanam
2339 4549 2504 4611 nostri
2529 4553 2816 4627 Mabillonii
2843 4553 2931 4627 tib.
2953 4567 2970 4605 ι
2989 4567 3146 4627 ,__cap.
3171 4549 3225 4627 8_,
3255 4567 3404 4627 num.

1831 4623 1854 4686 ἰ
1888 4642 1942 4684 et
1971 4647 2123 4700 seqq.
2151 4630 2225 4701 De
2254 4629 2352 4701 hac
2374 4624 2600 4701 ecclesia
2629 4624 2820 4701 iterum
2850 4625 2975 4701 agit_
2989 4623 3276 4701 Gregorius

1830 4719 1845 4756 ι
1869 4703 1938 4755 de
1962 4693 2143 4756 Mil-ac.
2167 4700 2225 4754 S.
2255 4697 2461 4753 Martini
2481 4737 2495 4761 ,
2523 4707 2628 4751 etc.
2661 4694 2794 4750 Vide
2816 4706 2869 4748 et
2893 4694 3171 4762 epistolam
3200 4693 3285 4755 18.
3311 4693 3405 4747 lib.

1838 4788 1912 4837 tv,
1956 4771 2279 4839 Apollinaris
2331 4767 2580 4831 Sidonii;
2624 4765 2725 4839 cui
2763 4766 3152 4839 intersernntur
3199 4777 3407 4839 versus,

1831 4834 1964 4913 quos
1992 4834 2164 4895 eidem
2191 4841 2433 4894 ecclesiae
2455 4835 2777 4892 adornanda
2805 4834 2918 4903 ipse
2945 4834 3264 4898 composuit.

1909 4943 1932 4972 ο
1966 4932 2223 4988 ΔΕόυθηςὶ
2257 4931 2508 5003 Ecclesiae
2538 4926 2989 5003 prmjuit__l_abente
3018 4926 3215 5002 san;qu
3245 4937 3296 5002 v.
3329 4921 3413 5003 In:

1837 5004 2020 5058 terfuit
2040 4994 3310 5073 οιιιιὶηειιίοιιὶ,Ιοειυνιὶἰδ-(ΣειιῄμΙοηεξηερίςιοεψίφριιίἴ
3334 4994 3410 5073 uti

1839 5083 2060 5130 testatur
2090 5072 2407 5138 Apollinaris
2438 5069 2690 5143 Sidonius
2719 5069 2820 5143 lib:
2847 5080 2919 5143 tv,
2952 5063 3112 5143 epist.
3140 5059 3245 5143 25,
3263 5063 3412 5143 e_t__ad

1839 5161 1960 5200 eum
1989 5130 2200 5210 scripsit
2230 5143 2367 5194 idem
2398 5152 2584 5214 auctor
2599 5137 2760 5214 epist.
2855 5135 2976 5214 libri
3001 5146 3104 5214 vn,
3134 5143 3187 5213 e_t
3211 5131 3247 5184 2
3293 5130 3416 5213 libri

1841 5232 1916 5271 lx.
1954 5205 2137 5269 Exstat
2164 5213 2282 5282 ejus
2326 5221 2379 5282 et
2411 5209 2559 5282 Lupi
2598 5205 2887 5282 Tricassini
2933 5205 3418 5282 episcopiegregia

1841 5287 2067 5353 epistola
2103 5285 2170 5338 de
2193 5272 2490 5349 'disciplinn
2510 5272 2931 5353 "ecclesiastica,
2961 5272 3099 5353 apud
3141 5273 3391 5353 $irmond

1845 5344 1973 5409 tom.
2007 5357 2025 5410 l
2052 5353 2293 5417 Coucil.;
2325 5344 2544 5404 alteram
2586 5346 2826 5418 ejusdem
2855 5345 2920 5398 ad
2948 5344 3298 5412 Agrippinum
3329 5359 3394 5398 co

1847 5428 2028 5481 Initum
2056 5427 2234 5480 laudat
2261 5418 2459 5478 Idatius
2491 5425 2540 5474 in
2571 5417 2885 5496 Chronico.-
3060 5485 3072 5496 _
3097 5485 3110 5496 _
3172 5489 3205 5496 __
3286 5486 3296 5496 ,

1919 5495 1944 5534 ι¹
1981 5499 2089 5550 lloc
2124 5505 2283 5565 caput
2316 5505 2371 5548 et
2399 5506 2627 5562 sequens
2653 5490 2847 5543 desunt
2874 5487 2925 5540 in
2973 5485 3133 5540 codd.
3172 5486 3334 5554 Regio
3365 5493 3420 5540 et

1849 5569 2001 5624 Colb.

1925 5649 1947 5676 ε
1974 5639 2096 5692 llaec
2116 5649 2196 5692 est
2217 5635 2449 5708 ecclesia
2463 5629 2802 5708 cathedralis3
2827 5628 2896 5708 de
2917 5644 3017 5699 qua
3040 5624 3424 5708 $avarolrnulta

1851 5710 2105 5771 observat
2138 5710 2188 5764 iu
2220 5707 2359 5767 notis
2387 5705 2454 5762 ad
2482 5719 2602 5780 cap.
2632 5703 2656 5756 t
2685 5693 2804 5760 libri
2843 5703 2912 5757 de
2936 5693 3198 5756 ecclesiis
3242 5693 3400 5748 Claro
