3994 6194
631 288 738 345 215

1596 294 1652 341 S.
1697 286 2023 341 GREGOlill
2066 285 2363 341 EPiSCOPl
2404 284 2828 341 TURONENSIS

631 401 791 456 rietes
827 397 893 452 ad
945 398 1211 462 altarium,
1243 414 1403 467 opere
1442 399 1675 452 sarsurio
1697 397 1737 461 ⁸,
1768 412 1832 450 ex
1865 399 2032 451 multo
2069 412 2210 452 t‘nar-
2239 408 2285 461 Α
2315 397 2614 452 Adouacrio
2653 396 2973 467 Andegavis,
3021 392 3352 449 Cbildericns
3395 410 3486 450 rex
3521 396 3762 464 sequenti
3792 394 3879 450 die

632 506 839 548 morum
868 507 1063 561 genere
1089 502 1377 545 exornatus
1410 490 1588 546 habet.
1624 490 1823 544 Exacto
1850 504 1978 559 ergo
1998 490 2051 544 in
2072 489 2204 545 duo-

630 580 838 641 decimo
886 600 1027 639 anno
1087 584 1271 639 beatus
1321 584 1555 652 pontifex
1611 582 1856 649 aediﬁcio,
1912 583 2201 639 Bononiam

630 679 897 734 civitatem
951 678 1111 732 Italia:
1149 677 1455 732 sacerdotes
1499 676 1698 746 dirigit,
1749 689 1801 731 ut
1855 677 1906 733 ei
1957 677 2205 746 reliquias

630 785 933 829 sanctorum
965 773 1157 827 Vitalis
1203 781 1258 827 et
1289 773 1546 839 Agricola:
1576 772 1894 841 exhibeant,
1938 789 2072 843 quos
2110 788 2206 841 pro

632 867 846 920 nomine
883 863 1079 919 Christi
1126 867 1213 918 Dei
1245 866 1432 927 nostri,
1464 863 1894 920 manifestissime
1922 865 2206 920 cruciﬁxos

628 974 746 1013 esse
771 958 1112 1028 cognovimus
1132 956 1181 1013 δ.

697 1099 806 1166 7o
847 1095 1008 1151 XVII.
1032 1094 1194 1163 Cujus
1213 1096 1401 1165 roujux
1423 1096 1693 1150 basilicam
1716 1098 1882 1151 sancti
1908 1095 2161 1163 Stephani
2179 1105 2202 1133 ε

628 1187 937 1242 suburbano
959 1198 1233 1241 murorum
1263 1186 1565 1241 aediﬁcavit.
1606 1188 1774 1254 Quam
1804 1202 1924 1241 cum
1958 1187 2091 1241 fucis
2115 1202 2209 1241 coo

628 1280 801 1334 lorum
835 1278 1098 1332 adornare
1136 1277 1319 1340 vellet,
1368 1279 1582 1333 tenebat
1610 1279 1799 1333 librum
1827 1279 1880 1331 in
1911 1279 2030 1332 sinu
2068 1292 2165 1334 suo
2185 1320 2201 1343 ,

628 1369 809 1441 legens
861 1370 1108 1426 historias
1138 1372 1405 1424 actionum
1451 1372 1786 1441 antiquorum
1827 1368 1881 1435 σί,
1914 1371 2204 1440 pictoribus

627 1462 870 1516 indicans
900 1476 1020 1531 qua:
1050 1462 1103 1514 in
1130 1461 1418 1529 parietibus
1448 1463 1647 1530 ﬁngere
1681 1463 1954 1517 deberent.
1986 1462 2201 1517 Factum

626 1562 711 1607 est
735 1563 910 1606 autem
944 1553 1172 1622 quadam
1204 1553 1314 1618 die,
1340 1562 1399 1606 ut
1424 1554 1647 1607 sedente
1674 1553 1762 1606 illa
1793 1555 1844 1606 in
1876 1553 2112 1616 basilica,
2141 1568 2203 1606 ac

627 1644 857 1712 legente,
898 1645 1176 1698 adveniret
1216 1646 1430 1714 quidam
1475 1660 1673 1715 panper
1708 1648 1774 1698 ad
1813 1646 2109 1701 orationem
2150 1646 2205 1700 et

626 1738 890 1799 aspiciens
916 1752 1033 1791 eam
1066 1738 1116 1789 in
1151 1750 1297 1792 veste
1327 1739 1496 1806 nigra,
1526 1738 1677 1794 senio
1702 1739 1811 1807 jam
1854 1747 2160 1807 provectam
2182 1779 2197 1803 ,

627 1831 829 1893 putavit
854 1844 973 1886 esse
1004 1845 1160 1883 unam
1182 1831 1247 1884 de
1277 1831 1575 1899 egentibus,
1604 1832 1923 1898 protulitque
1945 1830 2200 1900 quadram

625 1923 798 1989 panis,
827 1934 878 1979 et
920 1922 1096 1992 posuit
1133 1924 1185 1978 in
1218 1925 1335 1978 sinu
1366 1925 1501 1992 ejus,
1533 1934 1589 1979 et
1617 1924 1892 1978 abSt‘essit.
1941 1924 2029 1977 llla
2073 1938 2201 1979 vero

627 2032 730 2068 non
772 2014 1065 2084 dedignans
1096 2030 1290 2069 munus
1320 2017 1587 2085 pauperis,
1635 2015 1724 2085 qui
1774 2029 2054 2084 personam
2084 2018 2201 2084 ejus

624 2122 728 2159 nnn
760 2105 1053 2168 intellexit,
1087 2105 1292 2174 accepit
1318 2116 1374 2160 et
1400 2108 1600 2174 gratias
1627 2108 1768 2176 egit,
1819 2107 2194 2176 reposuitque.

626 2204 763 2255 hanc
789 2200 900 2254 suis
922 2199 1091 2258 epulis
1120 2210 1468 2268 anteponens,
1500 2208 1555 2255 et
1579 2199 2004 2255 benedictionem
2037 2215 2099 2256 ex
2134 2215 2196 2254 ea

624 2291 845 2361 singulis
870 2290 1058 2346 diebus
1083 2304 1319 2353 sumens,
1348 2291 1521 2345 donec
1558 2306 1789 2360 expensa
1820 2302 1921 2346 est.

693 2422 874 2479 XVIII.
920 2427 1079 2493 Igitur
1107 2420 1438 2478 Cbildericus
1478 2424 1781 2480 Aurelianis
1820 2440 2022 2495 pugnas
2055 2427 2194 2495 egit;

621 2514 951 2575 Adonacrius
976 2529 999 2557 ε
1032 2534 1159 2575 vero
1196 2535 1317 2573 cum
1362 2519 1658 2573 Saxonibus
1688 2518 2005 2589 Andegavos
2030 2520 2195 2575 venit.

620 2612 801 2682 Magna
828 2619 951 2666 tunc
974 2613 1087 2666 lues
1117 2612 1366 2680 populum
1395 2611 1709 2665 devastavit.
1735 2611 1971 2666 Mortuus
1997 2622 2077 2665 est
2098 2626 2195 2665 au-

621 2718 726 2758 tem
758 2702 1001 2771 )Egidius
1021 2746 1033 2764 ,
1067 2713 1118 2757 et
1149 2703 1363 2771 reliquit
1412 2702 1576 2755 lilium
1596 2742 1611 2767 ,
1655 2700 1931 2772 Syagrium
1959 2704 2193 2757 nomine.

620 2797 736 2863 Quo
764 2794 1034 2857 defuncto,
1058 2784 1389 2849 Adouacrins
1418 2796 1483 2848 de
1523 2794 1810 2860 Audegavo
1836 2805 1888 2848 et
1916 2793 2035 2848 aliis
2067 2794 2196 2848 locis

620 2890 836 2945 obsides
864 2890 1089 2959 accepit.
1124 2889 1360 2943 Britanni
1391 2888 1458 2943 de
1490 2887 1763 2943 Biturica‘
1798 2902 1829 2942 a
1858 2887 2071 2943 Gottbis
2097 2903 2192 2941 ex-

623 2986 755 3050 pulsi
780 2992 925 3047 sunt,
948 2982 1131 3035 multis
1160 2982 1298 3049 apud
1330 2981 1610 3035 Dolensem
1637 2981 1854 3035 vicums
1882 2993 2102 3049 peremp
2126 2980 2191 3033 is:

622 3076 813 3130 Paulus
845 3091 974 3130 vero
994 3089 1176 3129 comes
1203 3089 1325 3129 eum
1358 3071 1612 3128 Romanis
1635 3070 1664 3109 ιι
1695 3088 1758 3126 ac
1788 3071 2028 3137 Francie,
2065 3072 2194 3126 Got-

2306 489 2542 553 advenit,
2577 490 2997 558 iuteremptoqne
3030 489 3195 543 Paulo
3223 490 3439 549 comite,
3470 488 3741 542 civitatem
3777 486 3878 539 ob-

2308 581 2486 632 tinuit.
2522 579 2710 648 Magno
2731 596 2790 633 ea
2814 581 2898 634 die
2921 578 3163 633 incendio
3190 579 3378 631 domus
3399 579 3642 631 ecclesiae
3662 591 3877 631 cunere-

2306 682 2445 724 mata
2476 667 2614 723 esti.

2377 760 2516 815 XIX.
2563 760 2655 814 His
2709 761 2885 831 itaque
2912 762 3075 832 gestis
3100 804 3114 827 ,
3141 762 3279 816 inter
3306 761 3547 815 Saxones
3588 771 3747 829 atque
3779 756 3877 811 Ro-

2307 869 2493 907 manos
2533 854 2729 907 bellum
2782 860 2985 922 gestum
3016 852 3118 924 71
3153 862 3233 906 est
3270 869 3282 905 :
3324 851 3417 905 sed
3452 851 3697 904 Saxones
3739 857 3878 917 terga

2314 953 2599 1007 vertentes,
2636 943 2828 997 inultos
2874 943 2942 998 de
2972 946 3117 1007 suis,
3149 942 3402 997 Romanis
3447 939 3873 1010 insthtentibns,

2305 1038 2483 1104 gladio
2518 1037 2879 1106 reliquerunt;
2911 1036 3095 1091 insula:
3137 1052 3321 1089 eorum
3343 1051 3462 1089 cum
3491 1035 3665 1088 multo
3693 1033 3879 1101 popqu

2306 1129 2649 1198 intetetttpto,
2690 1146 2718 1182 a
2753 1129 2969 1184 Francis
2997 1140 3165 1199 captas
3193 1140 3352 1199 atque
3379 1131 3657 1183 subversa:
3686 1138 3806 1182 sunt
3826 1130 3869 1181 l.

2310 1219 2384 1273 En
2414 1235 2553 1274 anno
2581 1236 2763 1275 mense
2793 1238 2929 1275 nono
2957 1231 3093 1276 terra
3120 1222 3351 1276 tremuit.
3388 1221 3727 1275 Adonacrius
3758 1234 3871 1273 cuiu

2304 1310 2607 1367 Cbihlerico
2647 1312 2815 1367 l‘mdus
2856 1314 3001 1376 iniit,
3050 1316 3496 1384 Alamannosque,
3538 1317 3627 1385 qui
3676 1325 3873 1384 partem

2308 1403 2470 1457 Italia:
2500 1415 2878 1474 pervaserant,
2911 1407 3277 1475 subjugarunt.

2376 1494 2490 1550 XX.
2537 1497 2830 1551 Enricbus"
2863 1509 3039 1551 autem
3083 1498 3399 1553 Gotthornm
3432 1513 3554 1563 rex,
3587 1496 3877 1551 Victoriam

2304 1587 2489 1641 ducum
2522 1603 2682 1655 super
2702 1599 2905 1656 septem
2932 1590 3173 1643 civitates
3204 1592 3509 1659 pra-posuit,
3534 1606 3675 1643 anno
3696 1599 3879 1659 quarto

2305 1682 2515 1734 decimo
2544 1684 2687 1749 regni
2718 1682 2823 1735 sui.
2856 1683 2953 1749 Qui
2986 1686 3233 1751 protinus
3263 1682 3515 1737 Arvernis
3555 1682 3877 1747 adveniens,

2233 1788 2278 1847 Β
2305 1775 2575 1829 civitatem
2605 1776 2799 1831 addere
2823 1777 3023 1831 voluit:
3058 1779 3197 1832 unde
3229 1786 3284 1832 et
3309 1788 3507 1848 cryptae
3535 1774 3548 1812 ί
3584 1777 3689 1830 illa:
3714 1788 3880 1842 usque

2308 1865 2465 1919 hodie
2512 1875 2752 1935 perstant
2796 1867 2861 1921 ad
2906 1868 3180 1923 basilicam
3227 1873 3397 1925 sancti
3426 1870 3639 1934 Juliani,
3688 1879 3745 1923 et
3786 1881 3881 1921 co-

2303 1957 2531 2023 lumnas,
2569 1974 2689 2029 quae
2733 1969 2857 2013 sunt
2903 1962 2953 2013 in
3002 1960 3117 2016 :ede
3167 1961 3380 2030 positae,
3411 1961 3652 2016 exhiberi
3698 1963 3879 2024 jussit.

2304 2047 2579 2102 Basilicam
2611 2051 2779 2103 sancti
2808 2052 3075 2105 Laurentii
3111 2064 3163 2107 et
3189 2054 3358 2108 sancti
3390 2063 3429 2090 ιη
3451 2053 3699 2109 Germani
3725 2052 3877 2107 Lica-

2307 2142 2573 2195 niacensis
2602 2142 2700 2196 vici
2730 2143 2887 2211 jus~it
2916 2144 3188 2198 aediﬁcari.
3229 2144 3351 2199 Fuit
3398 2156 3575 2201 autem
3626 2145 3878 2199 Arvernis

2303 2236 2457 2288 annis
2510 2250 2720 2289 novem.
2775 2236 2942 2302 Super
2994 2238 3361 2293 Eucheriumn
3410 2255 3535 2293 vero
3580 2250 3877 2295 senatorem

2302 2330 2594 2382 calumnias
2622 2329 2857 2383 devolvit
2886 2349 2897 2382 :
2933 2346 3089 2398 quem
3133 2331 3185 2384 in
3212 2346 3428 2388 carcere
3455 2331 3691 2400 positum
3726 2341 3876 2385 nocte

2300 2418 2504 2470 extrahi
2534 2419 2713 2487 jussit,
2747 2419 3065 2488 ligatumquc
3090 2420 3247 2489 juxta
3288 2422 3545 2488 parietem
3576 2422 3875 2492 antiquum,

2300 2510 2472 2577 ipsum
2504 2513 2758 2580 parietem
2791 2528 2951 2581 super
2974 2529 3092 2569 eum
3118 2515 3239 2569 elidi
3261 2515 3440 2584 jussit.
3468 2516 3585 2584 lpse
3608 2532 3734 2571 vero
3755 2518 3875 2571 dum

2300 2600 2523 2654 nimium
2564 2613 2707 2657 esset
2736 2602 2789 2657 in
2816 2620 2996 2659 amore
3035 2608 3316 2661 mulierum
3350 2608 3685 2674 luxurioSns,
3717 2622 3771 2663 et
3811 2611 3877 2663 ab

2297 2695 2549 2750 Arvernis
2579 2711 2855 2753 vereretur
2883 2700 3135 2766 interlici,
3186 2702 3403 2756 Romam
3428 2707 3671 2775 aufugit:
3706 2708 3877 2776 ibique

2297 2791 2523 2845 similem
2565 2802 2775 2847 tentans
2827 2810 3078 2850 exercere
3133 2798 3426 2866 luxuriam,
3485 2800 3751 2869 lapidibus
3795 2809 3875 2855 est

2297 2883 2536 2938 obrutus.
2571 2883 2693 2940 P05t
2722 2887 2873 2955 cujus
2912 2903 3187 2943 excessum
3221 2894 3458 2960 regnavit
3488 2893 3751 2948 Eorichus
3783 2910 3874 2948 an-

2297 2995 2394 3034 nos
2417 2993 2645 3050 quatuor
2674 3001 2687 3035 :
2720 2983 2853 3036 obiit
2880 2994 3054 3039 autem
3086 3001 3227 3040 anno
3260 2988 3514 3056 vigesimo
3543 2991 3771 3057 septimo
3792 3006 3875 3044 re-

2295 3072 2382 3142 gni
2415 3072 2517 3126 sui.
2550 3072 2671 3127 Fuit
2697 3073 2856 3127 etiam
2893 3084 2945 3128 ct
2971 3084 3093 3130 tunc
3124 3087 3450 3132 terrzemotns
3473 3094 3718 3151 magnus.

618 3169 727 3222 this
782 3167 919 3222 bella
977 3167 1152 3220 intulit
1197 3174 1252 3220 et
1301 3168 1506 3234 praedas
1560 3164 1688 3232 egit.
1747 3162 2005 3218 Veniente
2064 3164 2266 3226 veroC
2368 3162 2507 3218 XXI.
2549 3163 2852 3219 Defunctoo
2900 3175 3077 3219 autem
3125 3168 3261 3236 apud
3311 3171 3582 3226 Arvernos
3637 3171 3873 3227 Namatio

619 3300 1009 3355 innatensibus.
1039 3300 1188 3353 Unde
1212 3301 1443 3354 seniorin
1464 3300 1594 3354 Mor.
1619 3316 1665 3354 s.
1691 3307 1746 3354 et
1770 3299 1953 3365 Regm.
1972 3299 2190 3365 dicitur,

618 3389 714 3442 pro
738 3387 839 3441 qua
872 3386 1025 3442 voce,
1045 3370 1171 3424 editi
1205 3371 1401 3426 habent
1427 3372 1709 3442 ueterrimo.
1745 3369 1876 3424 Vide
1905 3370 2190 3442 Liturgiant

621 3440 949 3496 Gallicanam
979 3441 1266 3495 Mabillonii
1295 3442 1386 3494 lib.
1414 3456 1463 3503 ι,
1492 3455 1610 3507 cap.
1637 3440 1690 3492 8.
1718 3500 1721 3503 _

686 3522 712 3549 ⁸
742 3516 885 3581 Opus
914 3514 1196 3564 sarstm'am
1236 3512 1375 3565 idem
1402 3526 1523 3566 esse
1548 3512 1798 3565 observat
1827 3512 2099 3566 Altaserra
2129 3528 2192 3568 ac

614 3598 751 3651 opus
794 3583 1104 3643 tectorium,
1146 3583 1286 3649 quod
1316 3584 1519 3635 varium
1550 3591 1633 3634 est
1660 3592 1713 3635 et
1756 3582 2071 3649 multiplex,
2116 3584 2192 3638 sic

613 3654 812 3709 dictum
845 3671 873 3708 a
911 3654 1076 3707 verbo
1122 3654 1334 3706 sarcire.
1368 3652 1604 3706 Parietes
1644 3662 1823 3705 autem
1873 3654 2189 3721 templorum

613 3734 668 3778 et
707 3726 1043 3794 publicorum
1074 3723 1421 3794 mdiﬁciorum
1455 3739 1722 3776 marmore
1751 3723 2066 3791 tegebantur
2094 3739 2189 3778 seu

614 3793 1069 3860 incrustabantur,
1098 3795 1325 3862 qualiter
1374 3793 1462 3849 hic
1501 3794 1826 3849 describitur
1874 3795 2127 3861 templum
2159 3811 2189 3849 a

613 3869 670 3922 S.
698 3866 939 3921 Namatio
968 3876 1353 3921 constructum.

686 3937 710 3975 ι’
744 3939 808 3993 Et
832 3938 1051 4008 quidem
1098 3937 1352 4004 rel;quias
1383 3935 1580 4008 borum
1593 3945 1898 4008 martyrum
1926 3936 2187 4008 obtinuit.

613 4018 669 4062 ut
697 4003 875 4063 narrat
897 4011 1010 4077 ipse
1034 4003 1261 4075 Gregor.
1288 4008 1377 4063 lib.
1404 4023 1419 4061 ι
1445 4005 1514 4061 de
1542 4003 1722 4059 Gloria
1746 4003 1928 4068 M:trl.,
1950 4021 2071 4075 cap.
2094 4004 2186 4061 44.

607 4081 936 4134 Eorumdem
981 4088 1272 4148 martyrum
1314 4081 1613 4148 passionem
1658 4077 1912 4130 describit
1960 4078 2020 4131 S.
2056 4080 2187 4130 Am-

610 4151 822 4205 brosius
850 4152 904 4203 in
936 4148 1028 4204 lib.
1055 4147 1531 4204 de’Exhortatione
1560 4147 1819 4216 virginit.,
1854 4162 1971 4214 cap.
2002 4149 2023 4200 l
2056 4158 2109 4200 et
2130 4149 2183 4201 2.

686 4232 707 4259 ο
736 4221 905 4275 Hodie
933 4220 1157 4275 ecclesia
1182 4229 1264 4273 est
1292 4217 1629 4285 parocltialis,
1662 4226 1863 4269 tttutati)
1887 4216 2099 4272 nomine
2120 4221 2187 4270 ab

607 4293 765 4347 annis
794 4292 1006 4346 circiter
1030 4289 1157 4352 200,
1182 4284 1358 4344 Sancti
1381 4288 1620 4354 Eutropii
1643 4284 1996 4340 Suburbicarii
2022 4288 2183 4341 dicta.

610 4366 666 4418 lu
727 4378 790 4417 ea
844 4362 1082 4430 sepultus
1139 4363 1234 4413 l‘uit
1286 4368 1504 4413 sanctus
1562 4357 2013 4430 Namatitts__cum
2067 4359 2184 4412 alus

602 4432 838 4496 sanctis,
871 4425 927 4484 ui
974 4431 1172 4484 indicat
1219 4430 1432 4484 libellus
1468 4430 1537 4483 de
1582 4428 1783 4480 sanctis
1827 4425 2180 4491 Clarnmont.,

606 4510 725 4573 Cap.
754 4504 841 4558 15.

679 4543 1045 4641 5.S-i‘c'Regtn.
1072 4570 1209 4624 Editi
1237 4584 1382 4631 vero,
1416 4570 1650 4641 historias
1678 4568 1889 4641 actionis
1916 4569 2184 4634 antiquas,-
2218 4543 2263 4601 ί)
2289 4576 2342 4620 et
2373 4543 2524 4641 83c:
2549 4543 2791 4641 ΔΕᾶιςξςιις,
2824 4584 2916 4641 seu
2944 4543 3181 4623 Euiicus.
3215 4544 3351 4624 Infrit
3381 4586 3497 4639 cap.
3524 4567 3597 4624 25
3623 4543 3763 4639 appe

608 4646 743 4701 Mor.
774 4661 844 4709 5.,
873 4640 1113 4710 antiquw.
1153 4643 1389 4695 l’icturas
1418 4644 1468 4693 iu
1495 4640 1736 4692 ecclesiis
1768 4652 2022 4692 memorat
2054 4656 2183 4706 pas-

600 4720 709 4772 ‘sim
760 4712 1070 4781 Gregorius,
1112 4722 1169 4765 ut
1213 4712 1301 4765 lib.
1354 4727 1458 4773 vn,
1506 4724 1625 4777 eap.
1673 4710 1772 4777 5t),
1822 4710 1912 4763 lib.
1951 4725 2015 4774 x,
2061 4725 2179 4778 cap.

605 4788 1021 4917 ¹¹¹¹ἰέεξξ⁰ἠειιη
1052 4853 1237 4916 Corb.,
1270 4853 1396 4922 Reg.
1444 4860 1499 4906 et
1543 4849 1762 4922 Regm.,
1812 4866 1933 4903 cum
1983 4850 2182 4915 aliquot

603 4929 782 4987 editis.
812 4929 948 4989 Alii,
980 4925 1332 4984 Odouacrius,
1359 4921 1425 4977 et
1462 4924 1638 4987 Culb.,
1679 4921 1986 4976 Odoacrias.
2030 4922 2177 4989 Bec.,

604 5003 917 5056 Adouacius.

680 5073 701 5110 τ
735 5072 896 5127 Cnrb.
919 5080 974 5125 et
1000 5069 1146 5130 Bcc.,
1171 5064 1451 5136 Biturigas.

677 5152 703 5190 α
740 5145 907 5196 Etiam
937 5155 1076 5195 nunc
1102 5148 1276 5193 exstat
1303 5135 1627 5191 monasterio
1652 5135 1869 5190 Ordinis
1905 5136 2071 5190 nostri
2102 5135 2183 5190 in-

605 5214 853 5279 signitus,
902 5212 1043 5282 quod
1092 5211 1454 5282 saecularibus
1485 5208 1756 5282 canonicis
1804 5208 1955 5282 bttjus
1987 5208 2178 5282 _s:cculi

606 5278 757 5337 initio
784 5278 965 5337 cessit.
1000 5283 1168 5350 Vulgo
1198 5284 1391 5334 dicitur
1418 5278 1589 5349 Bourg
1617 5280 1679 5331 de
1712 5279 1885 5342 θροις,
1910 5295 1938 5330 a
1967 5278 2179 5332 Cistrn-

606 5352 868 5417 Radnlpbi
892 5355 1087 5407 Andria
1114 5352 1275 5405 ﬂuvio
1301 5350 1649 5417 interjaceute
1673 5350 1894 5403 divisus.

678 5418 707 5458 λ
736 5422 1003 5477 Romanos
1048 5425 1131 5475 hic
1160 5424 1389 5488 appellat
1426 5418 1606 5474 Gallos
1652 5422 1790 5483 illos,
1820 5424 1906 5487 qui
1941 5420 2173 5473 nondum

603 5495 812 5549 exteris
838 5494 1047 5561 regibus
1075 5493 1301 5561 subjecti
1329 5499 1501 5544 erant.
1530 5491 1595 5544 Et
1625 5492 1837 5561 quidem
1856 5508 1973 5561 Anon
2003 5492 2175 5544 solutn

604 5566 658 5619 in
705 5563 871 5618 Gallia
891 5558 921 5625 ,⁷
938 5563 1032 5615 sed
1072 5573 1125 5614 et
1162 5558 1213 5616 in
1261 5562 1438 5624 Italia,
1490 5561 1769 5627 lliSpania,
1800 5558 2007 5622 Africa,
2038 5571 2171 5623 etc.,

601 5636 761 5691 etiam
789 5644 902 5701 post
922 5634 1170 5686 subactas
1189 5631 1405 5684 omnino
1421 5646 1450 5682 a
1475 5630 1714 5683 barbaris
1737 5633 1832 5683 has
1855 5631 2173 5701 provincias,

622 5700 858 5774 inpuliiu
887 5706 1017 5757 duas
1052 5703 1209 5754 veluti
1243 5711 1422 5767 partes
1464 5700 1837 5754 dividebantur
1867 5717 1879 5751 :
1913 5702 1998 5752 alii
2028 5700 2174 5755 dice~

600 5725 794 5833 ibatur
824 5776 1043 5831 Romani
1064 5814 1077 5833 ,
1108 5784 1310 5826 veteres
1336 5770 1541 5825 scilicet
1570 5772 1779 5833 incolae,
1808 5772 1944 5833 quod
1982 5772 2171 5825 Roma-

672 5770 794 5833 ntur
824 5776 1043 5831 Romani
1064 5814 1077 5834 ,
1108 5784 1310 5826 veteres
1336 5770 1541 5825 scilicet
1570 5772 1779 5836 ittcolaa,
1808 5772 1944 5839 quod
1982 5772 2171 5825 Roma-

2295 3298 2378 3353 nis
2405 3300 2731 3366 paruissent,
2756 3298 3065 3367 legibusque
3088 3309 3144 3351 ut
3175 3298 3459 3367 plurimum
3482 3342 3498 3364 ,
3527 3302 3689 3355 etiam
3721 3314 3868 3356 exte-

2297 3370 2729 3442 risprincipibus
2753 3370 2981 3442 subditi,
3014 3369 3266 3442 Romanis
3290 3380 3594 3436 uterentur,
3622 3375 3872 3442 quodque

2294 3441 2608 3495 catholicam
2641 3440 2796 3493 fidem
2826 3440 3090 3501 colerent;
3122 3440 3209 3494 alii
3239 3456 3365 3494 vero
3394 3440 3712 3496 dicebautur
3744 3442 3872 3497 Bar-

2294 3509 2432 3574 bari,
2465 3510 2602 3578 quod
2650 3511 2960 3563 vocabulum
3012 3510 3359 3564 honorificum
3404 3528 3528 3567 esse
3573 3514 3865 3568 ducebant.

2296 3580 2500 3635 Videsis
2532 3582 2675 3649 plura
2704 3581 2770 3634 de
2802 3582 2898 3635 hac
2924 3596 2981 3634 re
3007 3582 3144 3647 apud
3176 3581 3438 3637 Valesium
3469 3583 3564 3637 lib.
3602 3599 3655 3637 vt
3687 3600 3867 3639 rerum

2294 3650 2558 3713 Fraueic.,
2595 3667 2715 3721 pag.
2745 3650 2872 3706 289.

2370 3722 2385 3757 ί
2423 3720 2517 3775 Hic
2543 3722 2596 3776 in
2621 3723 2741 3775 cod.
2768 3724 2926 3787 liell.,
2952 3722 3157 3778 detritis
3185 3722 3388 3789 aliquot
3415 3724 3592 3785 lineis,
3620 3740 3741 3790 quae
3771 3724 3872 3780 sub

2293 3794 2493 3864 pagina:
2523 3794 2698 3864 linem
2732 3793 3080 3864 habebantur,
3112 3808 3342 3862 sequens
3390 3797 3581 3864 pagina
3623 3794 3870 3864 ejusdem

2292 3863 2397 3935 folii
2430 3863 2610 3931 incipit
2640 3864 2707 3917 ab
2742 3863 2823 3917 bis
2850 3864 3043 3928 verbis,
3074 3867 3346 3932 regionem.
3380 3863 3601 3918 Tantum
3630 3863 3685 3919 ut
3728 3867 3869 3935 quod

2291 3933 2411 3996 tibi,
2440 3944 2571 3994 etc.,
2599 3951 2714 4001 quae
2742 3946 2863 3987 sunt
2891 3937 2954 3988 de
2984 3950 3100 3999 cap.
3128 3935 3216 3991 3'2.

2366 4004 2379 4054 i
2422 4003 2609 4058 Insula:
2655 4007 2768 4058 istze
2798 4004 2861 4057 ad
2896 4006 3119 4073 Ligerim
3154 4007 3338 4075 posita:
3381 4018 3563 4072 erant,
3595 4014 3654 4059 ut
3683 4016 3871 4061 censet

2294 4074 2555 4140 Cointius,
2588 4090 2718 4143 quas
2747 4076 2957 4130 arcubus
2988 4078 3287 4131 munierant
3316 4078 3578 4141 Saxones,
3614 4091 3669 4127 ut
3700 4080 3743 4130 si
3778 4094 3868 4131 res

2288 4143 2416 4212 ipsis
2431 4145 2614 4217 _tninus
2661 4146 2880 4217 feliciter
2907 4152 3304 4217 contingerent,
3354 4147 3572 4201 liberam
3604 4148 3870 4202 baberent

2290 4230 2384 4282 per
2419 4215 2690 4269 Oceanum
2733 4216 2959 4270 abeundi
2993 4214 3316 4272 facultatem.
3348 4218 3489 4271 Idem
3521 4218 3767 4271 Cnintins
3794 4218 3870 4273 le-

2287 4286 2523 4357 gendum
2548 4293 2732 4357 censet
2760 4286 2973 4352 Alanos,
3010 4301 3103 4354 pro
3134 4289 3466 4353 Alamannos,
3497 4289 3588 4357 qui
3620 4304 3725 4340 non
3765 4286 3871 4341 Ita-

2288 4355 2392 4427 με,
2435 4355 2527 4409 sed
2570 4354 2754 4408 Galliae
2801 4370 3002 4421 partem
3048 4358 3368 4415 invaserant.
3412 4354 3867 4427 Cui’cnnjecturze

2288 4422 2462 4497 favent
2481 4442 2597 4494 quae
2613 4428 3008 4497 observavimus
3032 4445 3188 4497 supra
3212 4429 3277 4483 ad
3294 4440 3452 4497 caput
3472 4430 3501 4482 7
3534 4422 3692 4496 hujus
3723 4430 3869 4484 libri.

2360 4446 2462 4478 rent
2481 4446 2597 4494 quae
2613 4446 3008 4481 ouservavunus
3032 4446 3188 4497 supra
3212 4446 3277 4483 au
3294 4446 3354 4484 ca
3398 4446 3452 4483 ut
3480 4446 3496 4482 ι
3534 4446 3692 4496 nujus
3723 4446 3867 4484 non.

2360 4493 2385 4532 ι
2416 4497 2601 4566 Regni.
2620 4535 2636 4559 ,
2680 4496 3044 4562 Theodericus,
3079 4510 3130 4552 et
3169 4502 3298 4553 inira
3317 4544 3333 4567 ,
3360 4446 3666 4563 ιἰεάιίνὶειιςς,
3697 4500 3867 4555 Corb.

2373 4566 2520 4624 Bec..
2555 4565 2791 4624 Eoricus.
2824 4584 2916 4622 seu
2944 4568 3181 4623 Euricus.
3215 4570 3351 4624 Infra
3381 4586 3497 4624 cao.
3524 4567 3597 4624 25
3623 4572 3867 4624 appella-

3814 4591 3873 4621 31-

2292 4647 2376 4711 tur
2402 4636 2613 4711 Evarix.
2645 4637 2857 4691 Victorii
2874 4650 3109 4711 mouent
3136 4642 3299 4694 refert
3327 4636 3615 4711 Gregorius
3640 4636 3735 4693 lib.
3760 4655 3778 4694 ι
3802 4641 3872 4695 de

2293 4704 2473 4761 Gloria
2509 4710 2681 4771 Mart.,
2715 4723 2834 4775 cap.
2862 4708 2954 4774 45,
2981 4719 3037 4763 et
3066 4712 3115 4763 in
3154 4715 3262 4763 Vna
3292 4715 3349 4767 S.
3381 4704 3628 4765 Abrahae.
3666 4712 3740 4764 De
3771 4727 3872 4765 eo-

2290 4781 2408 4851 deni
2459 4780 2779 4851 Apollinaris
2815 4781 3064 4834 SidOnius
3111 4781 3201 4835 lib.
3238 4798 3340 4847 vn,
3383 4786 3540 4851 epist.
3574 4781 3662 4835 17.
3710 4782 3872 4839 lices!

2291 4849 2392 4901 hoc
2422 4858 2582 4916 caput
2611 4851 2662 4903 in
2697 4850 2825 4905 Bell.

2369 4918 2384 4956 ¹
2430 4923 2562 4974 'l‘res
2609 4937 2764 4983 IIlSS.,
2792 4927 3013 4990 scripta.
3060 4920 3229 4977 Porro
3272 4940 3374 4975 nnn
3428 4924 3511 4976 hic
3556 4921 3873 4991 designatur

2291 4989 2527 5064 basilica,
2552 4989 2977 5064 Brivatensis.:ut
3008 4992 3357 5064 Fredegarius
3387 4989 3738 5056 existimavit,
3771 4995 3872 5047 sed

2284 5078 2402 5129 quae
2434 5064 2486 5114 in
2519 5062 2774 5115 honorem
2807 5066 2864 5116 S.
2888 5063 3081 5118 Jniiani
3116 5062 3311 5129 iulpsa
3340 5066 3703 5118 Arvernorum
3735 5069 3874 5118 urbe

2283 5132 2383 5185 sita
2413 5144 2524 5197 est,
2560 5145 2616 5185 ut
2645 5135 2897 5202 observat
2926 5136 3123 5188 Savaro
3155 5138 3203 5187 in
3236 5137 3374 5189 notis
3401 5137 3465 5187 ad
3498 5151 3616 5202 cap.
3642 5132 3732 5198 δῖ,
3770 5136 3872 5187 lin.

2286 5220 2299 5255 ι
2324 5205 2391 5257 de
2419 5206 2612 5259 eccles.
2645 5200 2971 5259 Claromont.
3001 5206 3099 5258 Adi
3123 5205 3388 5260 Goiutium
3414 5206 3479 5259 ad
3508 5200 3704 5259 annum
3736 5201 3870 5269 554,

2281 5290 2429 5329 num.
2462 5276 2515 5327 4.

2352 5349 2537 5401 mGud.
2557 5345 2755 5408 ϐοείη..
2779 5344 2959 5399 Sancti
2982 5343 3196 5398 Martini
3218 5346 3627 5400 Lecaniacenst's.
3652 5348 3871 5414 liegm.,

2283 5417 2342 5472 S.
2368 5418 2611 5472 Germani
2632 5415 2971 5470 Liciniacensi
2993 5416 3121 5469 vico.
3146 5418 3403 5471 Observat
3429 5419 3700 5471 Mamilius
3724 5421 3871 5473 hunc

2283 5490 2454 5542 locum
2486 5489 2645 5542 bodie
2667 5490 2822 5557 vulgo
2849 5488 3139 5556 appellari,
3167 5486 3592 5543 Sainbb‘ermain
3618 5491 3683 5543 de
3709 5489 3849 5543 Lam

2279 5561 2425 5612 bron.

2351 5639 2376 5664 ἰ
2408 5631 2455 5685 ls
2485 5645 2604 5684 esse
2635 5638 2847 5697 putatur
2872 5629 2934 5682 ad
2966 5644 3120 5696 quem
3154 5629 3401 5684 Sidonius
3431 5632 3623 5687 scribit
3654 5631 3749 5686 lib.
3789 5648 3867 5699 tua

2278 5701 2434 5755 epist.
2461 5704 2514 5755 8.

2314 5720 2518 5826 “filiis
2548 5782 2703 5842 caput
2732 5770 2881 5826 deest
2904 5768 2954 5823 in
2985 5768 3171 5838 Corb.,
3207 5769 3363 5841 Beil.,
3394 5769 3527 5845 Reg.
3553 5783 3605 5830 et
3635 5773 3797 5833 Culb.

3766 276 3871 332 216
3952 272 3957 277 ⁷
