3994 6194
76 284 80 295 π
167 262 272 327 an

1075 260 1388 318 HISTORIA
1435 258 1875 316 FRANCURUM.
1916 256 2119 313 LIBER
2162 255 2543 313 SECUNDUS.

3326 251 3433 305 9.ῑὸ

179 390 447 457 episcopo,
473 381 773 453 Eparcbius
801 376 1076 445 successit,
1113 378 1194 432 vir
1212 375 1578 432 sanctissimus
1598 382 1758 444 atque
1783 382 1833 437 Α
1862 373 2103 441 nasterii,
2125 372 2280 443 cujus
2300 387 2459 440 supra
2482 369 2839 436 meminimus,
2862 369 3112 426 invitatus
3129 365 3430 431 accederet;

161 478 477 556 religiosus.
519 476 587 530 Et
605 472 729 542 quia
756 486 825 527 eo
846 480 1086 538 tempore
1108 469 1338 524 ecclesia
1371 481 1587 537 parvam
1622 469 1757 524 infra

183 584 360 625 mums
387 567 534 623 urbis
558 567 960 637 possessionem
985 562 1237 627 habebat,
1277 562 1377 628 ipsi
1407 553 1672 617 sacerdoti
1703 562 1769 616 iu‘

182 665 310 731 ipso,
346 660 451 732 72
489 659 632 728 quod
666 658 827 711 modo
854 654 1232 708 Salutatorium
1254 662 1281 690 ⁸
1310 653 1525 717 dicitur,
1550 654 1761 708 mansio

177 764 309 819 erat,
344 763 505 822 atque
527 750 597 805 ad
624 748 825 819 gratias
853 749 964 803 Deo
987 757 1225 816 tempore
1247 756 1507 801 nocturno
1533 746 1763 801 redden-

173 850 265 903 das
295 846 362 901 ad
404 845 655 899 altarium
701 843 943 898 ecclesia:
988 840 1363 906 consurgebat.
1406 839 1626 893 Factum
1675 846 1761 893 est

170 948 379 1002 autem,
412 944 470 990 ut
511 942 671 988 nocte
699 932 930 1001 quadam
975 930 1301 1001 ingrediens,
1336 930 1545 999 plenam
1577 929 1757 984 eccle-

170 1032 301 1085 siam
348 1027 690 1083 daemonibus
733 1023 1027 1093 reperiret,
1061 1024 1342 1092 ipsumque
1369 1021 1660 1091 principem
1702 1022 1756 1077 iu

166 1122 388 1178 modum
416 1129 623 1174 ornatae
650 1116 915 1181 mulieris,
958 1114 1012 1169 in
1054 1114 1229 1168 throni
1266 1113 1413 1168 illius
1449 1113 1757 1167 cathedram

166 1210 515 1270 residentem.
543 1208 642 1263 Cui
667 1208 740 1261 ait
762 1205 1002 1277 pontifex
1027 1222 1040 1256 :
1065 1203 1108 1258 Ο
1133 1204 1383 1257 meretrix
1405 1201 1754 1268 exsecranda,

164 1323 272 1362 non
295 1304 496 1361 sufficit
516 1302 612 1356 tibi
643 1301 760 1355 loca
798 1307 988 1353 cuncta
1020 1297 1183 1351 variis
1220 1295 1598 1364 pollntiouibus
1633 1292 1755 1347 inft-

160 1410 308 1461 cere,
340 1394 517 1448 adhuc
545 1400 604 1448 et
630 1390 939 1457 cathedram
962 1404 989 1440 a
1017 1388 1243 1442 Domino
1269 1398 1631 1440 consecratam
1659 1385 1757 1442 fte—

162 1488 269 1542 tida
302 1486 566 1543 sessionis
593 1492 701 1539 tute
741 1482 1052 1537 accessione
1080 1479 1426 1549 coinquinas?
1450 1479 1690 1534 Abscede
1725 1494 1755 1532 a

157 1582 331 1635 domo
368 1578 483 1645 Dei,
531 1591 602 1631 ne
640 1590 669 1628 a
719 1583 771 1628 te
806 1574 1036 1642 amplius
1080 1572 1368 1641 polluatur.
1421 1570 1513 1625 Cui
1542 1570 1618 1624 ait
1648 1588 1663 1625 :
1694 1571 1759 1625 Et

158 1672 293 1739 quia
324 1668 452 1721 mihi
482 1665 786 1721 meretricis
808 1677 1002 1716 nomen
1034 1661 1287 1731 imponis,
1312 1661 1506 1715 multas
1534 1661 1633 1714 tibi
1662 1676 1747 1729 pa-

1862 463 2143 533 ablatoqne
2164 462 2267 518 sibi
2294 464 2534 532 nequiter
2561 461 2760 526 libello,
2785 477 2878 531 per
2903 476 3060 530 quem
3090 468 3430 514 sacrosancta

1860 556 2116 611 solemnia
2160 570 2319 626 agere
2346 564 2740 621 consueverat,
2772 556 2843 609 ita
2882 564 3097 623 paratus
3134 567 3161 606 a
3192 562 3431 620 tempore

1861 661 2110 704 cunctum
2159 647 2462 703 festivitatis
2499 662 2634 714 Opus
2686 647 2973 716 explicuit,
3008 654 3068 698 ut
3095 644 3162 699 ab
3188 643 3435 698 omnibus

1862 743 2166 806 miraretur,
2215 754 2316 794 nec
2357 748 2630 808 putaretur
2671 738 2739 792 ab
2787 738 3082 792 astantibus
3114 737 3308 791 ibidem
3338 734 3437 788 bo-

1862 834 2057 888 minem
2084 834 2316 887 Iocutum
2340 828 2523 895 fuisse,
2556 830 2648 885 sed
2678 832 2944 899 angelum.
2983 829 3133 895 Quod
3165 829 3216 881 in
3249 826 3436 896 pratia-

1862 926 2005 981 tione
2062 926 2213 990 libri,
2260 940 2417 993 quem
2447 924 2516 978 de
2547 924 2719 978 Missis
2766 923 2833 977 ab
2861 938 2926 977 eo
2952 920 3256 989 compositis
3302 935 3437 974 con-

1856 1019 2166 1087 juuximns,
2201 1016 2408 1086 plenius
2448 1014 2863 1070 declaravimus.
2909 1013 3040 1068 Cum
3088 1024 3264 1068 autem
3295 1016 3436 1066 esset

1861 1111 2155 1180 magniﬁcae
2182 1108 2480 1164 sanctitatis
2498 1148 2514 1175 ,
2539 1118 2699 1179 atque
2717 1150 2732 1176 ,
2761 1119 2820 1163 ut
2844 1108 3105 1168 diximus,
3129 1122 3193 1161 ex
3226 1115 3437 1160 senato-

1862 1204 2011 1259 ribus
2064 1203 2270 1272 primis,
2322 1202 2656 1271 plerumque,
2704 1201 2975 1255 nesciente
3004 1200 3260 1270 conjuge,
3313 1211 3438 1253 vasa

1860 1308 2110 1366 argentea
2137 1297 2410 1351 auferebat
2442 1310 2470 1347 a
2501 1295 2661 1349 domo
2685 1336 2698 1358 ,
2728 1302 2784 1349 et
2816 1295 3134 1362 pauperibus
3164 1291 3436 1361 erogabat.

1860 1389 2012 1456 Quod
2041 1390 2130 1443 illa
2156 1403 2279 1443 cum
2306 1396 2683 1457 cognosceret,
2713 1385 3174 1442 scandalizabatur
3198 1386 3249 1439 in
3275 1399 3395 1439 eum
3420 1397 3435 1433 :

1860 1485 1952 1538 sed
1985 1495 2163 1537 tamen
2192 1482 2317 1537 dato
2345 1479 2530 1550 egenis
2558 1479 2729 1548 pretio
2747 1519 2763 1546 ,
2816 1478 3025 1547 Species
3053 1477 3233 1531 domui
3285 1472 3439 1530 resti-

1862 1576 2065 1632 tuebaL

1944 1670 2129 1725 XXIII.
2180 1668 2418 1735 Cumque
2446 1664 2468 1704 ί
2500 1664 2568 1719 ad
2607 1663 2841 1719 officium
2887 1661 3210 1716 dominicum
3253 1657 3439 1713 fuisset

158 1764 294 1817 rabo
316 1761 539 1815 insidias
581 1760 651 1813 ob
678 1757 940 1810 desideria
970 1755 1273 1809 mulierum.
1306 1755 1370 1808 Et
1396 1755 1515 1809 haec
1543 1755 1757 1819 dicens,
1799 1766 1837 1822 Β
1870 1768 2220 1832 mancipatus,
2246 1770 2301 1814 et
2325 1767 2563 1814 sanctam
2595 1766 2778 1827 ageret
2798 1757 2851 1811 in
2881 1754 3080 1810 saeculo
3105 1756 3284 1818 vitam,
3315 1766 3438 1807 sur-

159 1854 306 1908 sicut
334 1853 511 1906 fumus
542 1852 780 1904 evanuit.
814 1847 1192 1902 Verumtamen
1224 1849 1481 1900 sacerdos
1522 1855 1757 1901 tentatus

158 1958 237 2003 est
264 1960 361 2014 per
386 1946 807 2000 commotionem
835 1944 1077 2011 corporis
1104 1941 1170 1996 ad
1192 1944 1678 2010 concupiscentiam
1694 1942 1756 1998 δε

160 2041 250 2094 sed
278 2038 440 2108 signo
480 2038 659 2092 crucis
705 2050 902 2090 δεηθείη·
944 2036 1200 2099 munitus,
1233 2035 1366 2088 nihil
1415 2037 1462 2087 ei
1512 2036 1758 2090 inimicus

161 2148 354 2188 nocere
383 2133 583 2202 potuit.
611 2129 812 2185 Ferunt
842 2132 999 2184 etiam
1029 2130 1201 2197 ipsum
1222 2127 1273 2180 in
1307 2144 1432 2183 arce
1453 2129 1759 2183 Cantobcu-

166 2226 267 2279 uici
290 2226 495 2279 montis
526 2224 912 2277 monasterium
931 2231 954 2259 θ
985 2222 1302 2285 collocasse,
1348 2222 1434 2273 ubi
1465 2238 1603 2274 nunc
1633 2235 1757 2275 ora-

168 2319 359 2371 torium
390 2326 495 2379 est,
536 2324 591 2368 et
634 2312 706 2367 ibi
757 2326 817 2366 se
861 2313 1050 2366 diebus
1099 2311 1533 2379 Quadragcstmze
1560 2319 1759 2364 sanctas

170 2410 473 2465 recludebat
496 2426 510 2460 :
537 2408 627 2462 die
656 2417 838 2461 autem
863 2404 1043 2460 C(Bntl!
1073 2403 1355 2459 dominica:
1374 2443 1390 2467 ,
1422 2420 1541 2456 cum
1569 2417 1760 2464 magno

172 2503 473 2571 psallentio,
494 2500 883 2555 comitantibus
903 2500 1118 2553 clericis
1137 2498 1469 2566 civibusque,
1496 2498 1561 2549 ad
1585 2498 1761 2550 eccle-

175 2597 299 2649 siam
328 2609 480 2650 suatn
508 2596 903 2650 revertebatur.
930 2594 1049 2661 Quo
1079 2592 1363 2662 migrante,
1407 2591 1663 2646 Sidonius
1690 2605 1757 2645 ex

178 2690 421 2759 pmfecto
439 2690 804 2751 substituitur,
829 2688 911 2741 vir
927 2686 1221 2742 secundum
1244 2686 1423 2740 saeculi
1447 2687 1757 2756 dignitatem

180 2783 561 2848 nobilissimus,
594 2791 650 2835 et
696 2782 763 2834 de
814 2780 998 2848 primis
1042 2779 1334 2834 Galliarum
1382 2778 1757 2833 senatoribus:

182 2874 245 2926 ita
275 2887 330 2928 nt
355 2877 513 2929 filiam
546 2874 649 2928 sibi
681 2873 822 2927 Aviti
846 2874 1185 2940 imperatoris
1212 2872 1263 2924 itt
1296 2870 1638 2922 matrimonio
1665 2884 1759 2920 so-

183 2967 359 3020 ciarat.
393 2968 557 3034 Hujus
607 2977 875 3034 tempore,
906 2980 1026 3018 cum
1062 2964 1238 3017 adhuc
1279 2963 1415 3030 apud
1445 2962 1629 3015 urbem
1661 2963 1761 3013 Ar-

186 3077 388 3115 vernam
421 3062 717 3125 Victorius,
751 3062 904 3127 cujus
933 3074 1090 3128 supra
1127 3059 1488 3115 meminimus.
1516 3072 1759 3111 morare-

1863 1871 2050 1908 rexere
2078 1862 2266 1907 contra
2294 1867 2416 1906 eum
2446 1851 2554 1904 duo
2586 1847 2909 1919 presbyteri,
2937 1856 2991 1901 et
3013 1846 3187 1901 ablata
3215 1844 3265 1898 ei
3293 1843 3440 1901 omni

1863 1952 2127 2015 potestate
2181 1959 2210 1997 a
2260 1944 2420 1999 rebus
2467 1942 2755 2005 Ecclesiae,
2803 1946 3008 1993 arctum
3040 1937 3088 1992 ei
3143 1938 3335 1991 victum
3380 1944 3436 1990 et

1863 2050 2078 2095 tenuem
2131 2039 2531 2108 relinquentes,
2576 2035 2642 2090 ad
2685 2049 2947 2089 summam
2992 2048 3113 2087 eum
3166 2040 3440 2087 contume-

1862 2137 1987 2191 liam
2016 2133 2291 2205 redegere.
2321 2131 2426 2187 Sed
2477 2145 2582 2185 non
2632 2130 2773 2196 longi
2803 2129 3058 2195 temporis
3096 2128 3268 2193 spatio
3297 2124 3440 2176 innl-

1863 2241 1969 2285 tam
2000 2229 2113 2298 ejus
2139 2226 2385 2297 injuriam
2409 2224 2589 2279 divina
2626 2220 2796 2276 voluit
2824 2222 3091 2274 sustinere
3130 2215 3439 2273 clementia.

1861 2322 1992 2377 Nam
2022 2335 2154 2375 unus
2207 2334 2273 2374 ex
2306 2318 2388 2372 his
2430 2316 2769 2385 nequissitnis
2799 2324 2853 2368 et
2895 2311 3126 2381 indignis
3157 2309 3263 2364 dici
3296 2323 3441 2377 pres-

1864 2418 2085 2489 byteris,
2117 2430 2238 2469 cum
2268 2424 2394 2468 ante
2443 2420 2653 2466 noctem
2702 2410 2933 2463 minatus
2983 2408 3170 2462 fuisset
3215 2422 3337 2461 eum
3375 2405 3441 2459 de

1861 2508 2087 2564 ecclesia
2102 2506 2239 2560 velle
2255 2503 2541 2558 extrahere
2555 2510 2603 2566 8,
2622 2502 2828 2572 signum
2846 2499 2911 2553 ad
2927 2497 3209 2553 matutinas
3221 2497 3443 2551 audiens

1863 2601 2029 2655 fuiSse
2058 2606 2408 2661 commotum,
2440 2594 2653 2649 fervens
2691 2591 2821 2648 l‘elle
2843 2601 3027 2646 contra
3058 2600 3297 2645 sanctum
3322 2590 3442 2655 Dei,

1862 2694 2116 2758 surrexit,
2143 2693 2245 2746 hoc
2267 2689 2445 2756 iniquo
2465 2692 2630 2742 corde
2657 2687 2872 2752 explere
2901 2686 3163 2755 cogitans,
3188 2685 3330 2753 quod
3354 2684 3443 2740 die

1862 2787 2196 2857 praecedente
2224 2790 2569 2837 tractaverat.
2618 2779 2895 2848 Ingressus
2942 2788 3119 2830 autem
3161 2774 3214 2828 in
3267 2789 3442 2829 seces-

1861 2893 1977 2931 sum
2002 2893 2180 2938 suum,
2228 2876 2352 2927 dum
2403 2883 2641 2925 tit-utrem
2673 2884 2898 2939 purgare
2941 2867 3125 2921 nititur
3150 2910 3165 2931 ,
3192 2866 3441 2933 spiritum

1861 2972 2144 3025 exhalavit.
2208 2967 2564 3035 Exspectabat
2593 2966 2733 3018 enim
2767 2978 2897 3032 puer
2938 2961 3101 3016 aforis
3129 2975 3251 3015 cum
3281 2974 3443 3014 cerco

1863 3067 2134 3120 dominum
2174 3076 2533 3131 egressurum.
2565 3057 2674 3128 74
2721 3055 2947 3125 Jamque
2986 3055 3279 3109 advenerat
3322 3052 3444 3119 lux,

188 3162 280 3215 tur,
309 3152 396 3207 fuit
432 3154 483 3207 in
516 3152 844 3206 monasterio
876 3152 1009 3205 beati
1040 3149 1212 3221 Cyrici
1232 3148 1257 3186 ἀ
1290 3152 1434 3203 uritis
1466 3150 1631 3218 ipsius
1664 3149 1756 3202 ab-
1787 3140 1831 3202 C
1864 3172 1917 3216 ει
1940 3156 2305 3225 δηιεηθςρξιιε,
2331 3155 2382 3210 id
2405 3163 2485 3208 est
2509 3153 2643 3206 alius
2664 3152 2965 3221 presbyter,
2992 3149 3154 3204 mittit
3177 3147 3444 3215 nuntium,

195 3247 297 3306 has,
328 3247 592 3299 Abraham
624 3245 842 3297 nomine
866 3259 879 3296 :
907 3244 993 3311 qui
1027 3243 1129 3295 fide
1164 3240 1269 3312 73
1299 3248 1455 3310 atque
1502 3241 1754 3309 operibus

191 3338 397 3390 Abrahae
424 3337 567 3391 illius
596 3336 794 3405 prioris
824 3332 1148 3401 refulgebat,
1197 3334 1332 3385 sicut
1373 3332 1425 3384 in
1457 3331 1592 3384 libro
1627 3330 1755 3384 Vitae

190 3435 291 3495 ejus
315 3431 643 3498 scripsimus.

252 3521 405 3576 XXII.
434 3522 667 3575 Sanctus
684 3528 708 3556 ο
736 3532 860 3573 vero
880 3517 1130 3573 Sidonius
1154 3526 1312 3571 tantae
1328 3515 1589 3572 facundia:
1607 3524 1752 3583 erat,

191 3626 234 3668 ut
264 3618 575 3685 plerumque
620 3628 689 3668 ex
732 3612 1022 3681 improviso
1049 3611 1468 3666 luculentissima
1508 3627 1626 3681 qua:
1664 3627 1756 3663 vo-

194 3712 383 3774 lilSscl,
440 3708 585 3761 nulla
630 3704 927 3761 obsistente
956 3717 1104 3758 mora
1133 3712 1500 3771 componeret.
1525 3702 1759 3772 Contigit

192 3816 351 3857 autem
379 3801 612 3871 quadam
659 3798 770 3864 die,
804 3806 861 3853 ut
882 3798 948 3851 ad
999 3794 1344 3851 festivitatem
1382 3795 1614 3849 basilicae
1643 3810 1757 3849 mo-

250 3971 273 3999 ⁸
301 3960 684 4016 Salutatorium
703 4001 717 4024 ,
750 3958 889 4027 quod
922 3956 1054 4011 alias
1083 3955 1439 4027 secretarium,
1482 3952 1639 4007 hodie
1669 3970 1754 4027 se:

192 4034 347 4085 tristia
374 4033 699 4100 appellatur,
729 4023 804 4082 υἱί
836 4037 976 4093 patet
1001 4043 1065 4081 ex
1085 4026 1346 4100 _Gregorii
1380 4026 1446 4079 Μ.
1479 4027 1637 4093 epist.
1692 4023 1760 4078 54

192 4107 294 4159 libri
321 4119 370 4156 tv
398 4098 466 4157 ad
498 4102 850 4156 Mariuianum
881 4100 1048 4165 episc.
1084 4098 1407 4161 Ravennat.,
1438 4107 1491 4149 et
1518 4112 1579 4149 ex
1628 4110 1760 4147 cou-

190 4176 296 4229 Cilio
321 4175 529 4228 Matisc.
561 4188 608 4237 t,
636 4187 755 4223 can.
779 4169 843 4231 2,
876 4171 952 4222 sic
979 4170 1177 4221 dielutu
1209 4178 1321 4229 est,
1349 4167 1487 4234 quod
1537 4167 1607 4218 ibi
1651 4166 1762 4232 epi-

190 4249 317 4316 scopi
357 4253 487 4298 ante
528 4244 807 4316 Mtssarum
850 4240 1263 4316 celebrationem
1292 4238 1485 4316 sedere
1526 4240 1761 4291 solerent
1802 4278 1805 4281 .

190 4319 242 4372 ad
267 4309 610 4384 excipiendas
643 4312 872 4384 ﬁdelium
909 4311 1272 4384 salutationes,
1304 4309 1389 4384 qui
1420 4323 1612 4384 contui
1634 4322 1757 4359 ora-

188 4378 409 4444 tionibus
430 4401 511 4450 se,
536 4385 621 4438 vel
651 4383 822 4451 aliqua
850 4382 1057 4451 negotia
1080 4379 1455 4433 commendare
1480 4378 1752 4451 volebant.

190 4461 236 4515 ld
280 4449 609 4530 presbyteris
640 4449 942 4530 reliquisse
969 4452 1192 4530 “imbitur
1239 4459 1454 4530 sanctus
1501 4449 1757 4529 Martinus

189 4520 309 4600 apud
340 4520 531 4585 Sev'er.
559 4520 789 4592 Sulpic.,
812 4522 942 4576 dial.
968 4522 1033 4588 2,
1058 4521 1290 4600 ubi_ipse
1311 4520 1505 4600 dicitur
1530 4520 1751 4572 orationi
1786 4530 1834 4588 ο

189 4590 502 4663 incubuisse,
531 4612 597 4652 eo
624 4590 867 4661 tempore
896 4607 1003 4661 quo
1034 4593 1324 4663 presbyteri
1358 4591 1409 4663 in
1439 4590 1543 4642 alio
1568 4604 1748 4642 secre-

190 4676 309 4728 tario
337 4660 591 4727 sedentes
620 4660 750 4734 ejus
767 4660 1029 4733 permissu
1075 4660 1503 4727 salutationibus,
1546 4668 1637 4714 aut
1662 4676 1757 4714 au-

191 4745 382 4799 diendis
415 4738 646 4810 negotiis
672 4734 1090 4810 occupabantur.

250 4816 274 4855 δ
302 4819 437 4872 Mor.
462 4806 539 4877 σῖ,
564 4826 597 4863 a
618 4806 1046 4876 concupiscentia.

254 4900 275 4926 ς
303 4869 386 4943 ὗε
436 4869 539 4937 hoc
581 4869 908 4933 monasterio
954 4877 1073 4928 vide
1120 4887 1278 4940 supra
1320 4871 1409 4926 lib.
1437 4886 1481 4935 I,
1516 4885 1635 4940 cap.
1661 4869 1753 4926 39.

193 4960 628 5014 Cantobenuense
658 4947 1040 5003 monasterium
1071 4946 1199 4998 illud
1231 4946 1401 5010 ipsum
1430 4958 1549 4995 esse
1573 4952 1759 4996 censet

196 5013 400 5095 Savaro,
442 5024 587 5096 quod
619 5034 727 5075 non
767 5017 1062 5096 proculnab
1094 5016 1223 5096 urbe
1264 5013 1757 5096 sanctimonialilnis

198 5083 677 5173 paravisse'dicit_ur
700 5083 918 5173 sanctus
935 5086 1209 5173 _G_ettesins
1254 5084 1621 5173 ᾼϊγεηιεεηεὶξ¹
1643 5083 1758 5173 epi-

198 5153 469 5242 ἒέιὶιῖηέῖὶι
511 5167 685 5242 ipsius
720 5162 854 5214 Vita.
887 5160 989 5212 Alii
1034 5160 1100 5239 ab
1131 5171 1196 5211 eo
1234 5157 1394 5242 etiam.
1430 5171 1539 5242 non
1570 5153 1760 5233 distiu-

200 5224 797 5316 gnurnfcandidinense
818 5231 1225 5311 monasterium,
1255 5226 1399 5316 quod
1430 5224 1574 5277 Felix
1618 5224 1759 5305 ejus-

202 5295 474 5372 ilet—n'urbis
502 5307 747 5367 antistes,
785 5301 1040 5369 l’rmjccto
1067 5310 1191 5351 tunc
1222 5296 1434 5372 abbati,
1466 5303 1648 5372 postea
1676 5295 1757 5360 ip-

204 5365 613 5442 stiis'siicwcessori
638 5389 694 5430 et
726 5365 940 5441 martyri
960 5413 974 5433 ,
1002 5365 1675 5442 gttberttandunrtradidit,
1704 5372 1763 5418 ut

206 5435 494 5513 [Recita];
540 5449 710 5520 ipsius
742 5435 980 5512 l’raaj'ecti
1007 5435 1133 5520 milita
1168 5439 1377 5520 legitur.
1409 5437 1560 5520 μυξη
1587 5435 1760 5516 locum

209 5506 603 5599 pstea—vdestr'u
611 5531 754 5573 ctum
792 5506 1062 5599 reparavit
1075 5593 1086 5599 Δ
1099 5506 1314 5599 εεικεξὶίο)Δ
1325 5508 1604 5599 tltndecimo
1631 5506 1763 5586 .qui-

211 5575 678 5655 aaniViilde'fretlus,
706 5575 871 5654 quem
891 5585 1159 5638 Robertns
1187 5581 1256 5636 de
1281 5580 1532 5655 §lveruia
1562 5575 1767 5655 episco-

216 5648 501 5738 t-t'tis'ul-tiino
536 5648 823 5738 sequentis
862 5656 1043 5738 saeculi
1089 5668 1231 5738 anno
1277 5648 1769 5738 Pipera-ceusincm-

215 5718 637 5801 stibio-subiecit;
666 5729 763 5787 sed
792 5730 1001 5785 tandem
1030 5734 1154 5792 post
1177 5718 1355 5785 varias
1379 5722 1616 5775 fortunas
1638 5718 1769 5775 Car-

1860 3255 2042 3308 diceus
2070 3268 2084 3305 :
2114 3249 2264 3316 Veni,
2284 3262 2352 3303 ne
2379 3245 2694 3310 tardaveris,
2719 3257 2773 3297 ttt
2795 3260 2915 3313 quae
2957 3242 3111 3297 uoltis
3131 3241 3220 3296 die
3239 3241 3444 3296 hester-

1861 3362 1925 3401 na
1956 3349 2340 3406 convenerant,
2392 3341 2592 3407 pariter
2647 3339 2979 3405 cxpleamus.
3033 3336 3137 3391 Sed
3179 3352 3300 3390 cum
3331 3350 3445 3391 res-

1864 3454 2026 3509 ponsa
2070 3437 2200 3490 dare
2242 3433 2479 3489 differret
2531 3432 2832 3495 exanimis,
2887 3429 3095 3483 elevato
3147 3443 3278 3493 puer
3318 3428 3439 3481 velo

1860 3533 2005 3597 ostii,
2041 3532 2241 3601 reperit
2268 3529 2543 3583 dominum
2589 3540 2750 3593 super
2779 3524 3024 3579 sellulam
3065 3537 3310 3577 secessus
3345 3521 3445 3575 de-

1863 3625 2123 3678 functum.
2158 3621 2310 3677 Unde
2333 3619 2690 3676 indubitatum
2720 3626 2929 3672 estnon
2954 3614 3174 3668 minoris
3203 3609 3445 3668 criminis

1861 3718 2003 3771 hunc
2034 3730 2183 3770 reum
2215 3728 2354 3779 esse,
2383 3727 2541 3782 quam
2583 3711 2764 3763 Arium
2809 3708 2980 3774 illum,
3011 3706 3094 3759 cui
3120 3706 3365 3759 similiter
3392 3704 3445 3759 in

1861 3824 2073 3865 secessu
2122 3806 2271 3861 fuere
2318 3806 2523 3860 interna
2554 3800 2794 3870 deposita
2834 3814 2930 3868 per
2957 3808 3131 3867 partes
3161 3795 3445 3851 inferiores

1866 3945 2061 4000 melitis
2090 3941 2412 3998 excalceatis
2444 3948 2627 3993 nostro
2658 3950 2774 3990 :evo
2800 3934 3025 3989 donatus
3053 3940 3155 3987 est.
3191 3930 3318 3985 Vide
3350 3944 3444 3984 uo-

1864 4030 1942 4073 tas
1975 4024 2024 4069 in
2056 4024 2214 4083 caput
2235 4015 2302 4067 39
2346 4012 2466 4064 libri
2495 4026 2532 4061 ι.

1935 4106 1958 4144 ἀ
1994 4108 2080 4159 Sic
2107 4106 2291 4173 Regm.
2312 4115 2433 4155 cum
2463 4098 2625 4162 Bad.;
2649 4093 2936 4173 czeteried.
2961 4101 3015 4147 et
3045 4092 3190 4172 Bec..
3218 4092 3444 4173 Cyr-iaci.

1864 4181 1929 4234 At
1960 4187 2139 4230 nostra
2180 4163 2339 4229 lectio
2376 4173 2581 4226 sincera
2631 4176 2733 4221 est.
2778 4165 2875 4219 llic
2905 4175 2988 4220 est
3031 4165 3173 4217 enim
3219 4163 3445 4234 Cyricus

1868 4233 2017 4319 puer.
2048 4250 2134 4315 qui
2163 4261 2282 4300 cum
2315 4243 2501 4319 Julitta
2544 4249 2743 4319 matre“
2764 4246 2966 4319 martyr
2991 4233 3445 4319 occubuit.m\lide

1862 4304 2187 4378 Savaroitem
2236 4319 2289 4370 in
2335 4314 2475 4368 notis
2504 4312 2567 4363 ad
2601 4308 2837 4362 libellum
2869 4304 2933 4359 de
2969 4305 3213 4378 ecclesiis
3246 4304 3444 4378 Ciano-

1865 4374 2032 4446 tiitittt.
2064 4403 2208 4441 num.
2239 4385 2336 4449 M,
2364 4387 2451 4452 qui
2482 4392 2562 4434 est
2592 4382 2656 4452 tle
2687 4378 2910 4452 ecclesia
2940 4374 3441 4452 saneti__Cyrici_.__D_e

1864 4445 1966 4531 qua
1988 4445 2041 4516 et
2069 4445 2360 4531 Gregorius
2383 4445 2497 4524 'agit
2521 4454 2570 4506 iii
2595 4451 2710 4505 vna
2738 4450 2795 4503 s.
2822 4449 3069 4511 amatis,
3102 4445 3197 4501 lib.
3215 4448 3283 4500 de
3308 4445 3445 4502 Vitis

1864 4527 2078 4593 Patrum
2094 4574 2109 4599 ,
2140 4527 2257 4598 cap.
2288 4527 2339 4580 5.

1936 4637 1959 4664 °
1992 4627 2150 4680 Deest
2190 4623 2291 4675 hoc
2319 4626 2477 4684 caput
2499 4617 2549 4667 in
2582 4611 2766 4675 (ΞΜ-ὴ..
2801 4610 2960 4673 Rell.,
2987 4607 3142 4663 Colb.
3175 4616 3231 4684 et
3253 4607 3443 4684 Regio.

1866 4702 2031 4754 Porro
2077 4694 2332 4749 Sidonius
2360 4680 2446 4742 ille
2472 4684 2733 4741 illuStrior
2756 4692 2837 4754 est
2854 4720 2870 4746 ,
2896 4694 3054 4749 quam
3097 4690 3152 4733 ut
3175 4680 3261 4754 hic
3291 4682 3359 4732 de
3377 4694 3445 4733 eo

1867 4751 2015 4839 plura
2054 4766 2440 4839 observemus:
2478 4758 2705 4839 Erastant
2743 4752 2863 4839 ejus
2888 4766 3144 4839 'opera‘f
3173 4751 3445 4839 bellumne

1866 4819 2150 4910 firmatis,
2178 4845 2300 4910 una
2329 4828 2463 4910 ad.
2514 4819 2800 4910 Stringitur}
2837 4823 2997 4903 edita.
3042 4819 3445 4910 Cai.l‘ls#Soll.l.ul

1868 4890 2183 4973 ancilium-is
2211 4902 2460 4957 Sidonius
2497 4893 3066 4973 appellalntur,_cujus
3094 4893 3259 4973 vitam
3276 4890 3443 4973 co_|_le-

1867 4958 2213 5051 Qiéi’viiio,
2260 4986 2485 5051 eamque
2516 4958 2691 5051 ipsius
2741 4958 2992 5051 operibus
3043 4960 3319 5051 prsel‘iAx'iAt;
3340 4958 3441 5051 Pii;

1870 5029 2095 5117 iiiiittilla:
2124 5029 2275 5117 usuri
2324 5029 2435 5117 sua:
2463 5029 2798 5117 ,_lili:e_Aviti
2844 5036 2997 5100 imp.,
3045 5030 3341 5117 epistolam.
3374 5029 3443 5084 16

1867 5109 1987 5177 iibri
2033 5134 2065 5169 ν
2092 5115 2302 5181 scripsit
2331 5115 2441 5181 ipse
2472 5109 2722 5181 Sidonius
2740 5147 2763 5181 ,_
2804 5120 2962 5173 quam
2995 5110 3111 5181 post
3126 5109 3441 5181 stisceptnm

1866 5168 2219 5248 sacerdotium
2245 5187 2317 5238 uti
2348 5168 2587 5236 sororem
2612 5168 2889 5237 habnitfut
2914 5172 3102 5248 probat
3125 5168 3442 5248 S_irm_oudu~t

1863 5241 2085 5318 iunctis
2103 5258 2172 5311 ad
2198 5256 2442 5310 eamdem
2463 5253 2622 5317 epist.
2644 5291 2655 5305 .
2681 5248 2768 5318 ubi
2798 5256 2853 5301 et
2890 5242 3228 5318 plura‘ltabet
3248 5241 3313 5293 de
3338 5258 3443 5318 tua.

1859 5310 2798 5406 j'iiriiinwclericorumcaelibatu.AV.
2818 5310 2977 5406 supra
3004 5312 3098 5368 lib.
3126 5327 3178 5380 ι,
3207 5326 3326 5381 cap.
3350 5310 3442 5381 59,

1863 5387 2254 5469 etillieronymi
2283 5397 2439 5464 epist.
2488 5392 2553 5445 ad
2594 5387 3014 5444 Pammachium.

1943 5497 1960 5537 ί
1997 5497 2109 5553 iioc
2156 5498 2313 5560 caput
2356 5487 2510 5544 deest
2553 5484 2606 5539 iu
2649 5480 2835 5547 Corb.,
2867 5480 3037 5546 Bell.,
3068 5475 3222 5533 Colb.
3248 5485 3310 5530 et
3339 5473 3429 5530 Re

1868 5586 1974 5689 sui;
1997 5614 2208 5712 liegtn”
2250 5632 2376 5689 velle
2405 5628 2622 5695 extrahi,
2650 5625 2850 5684 Chestt.
2881 5633 2934 5680 et
2970 5620 3150 5689 Freb.,
3177 5618 3254 5675 cel
3272 5626 3438 5674 exirm

1871 5716 2009 5772 here.
